1944 3067
203 127 273 159 1M7

655 127 688 158 Ρ.
708 126 859 157 POSSINI
880 126 1203 159 OBSERVATIONUM
1234 127 1309 159 LIB.
1332 129 1357 158 Ι.

1749 127 1818 158 ιιιιξ

201 187 235 212 ab
250 183 420 210 ἀνταλὶὰττω
434 203 440 212 ,
457 185 522 208 nolo
533 181 587 216 jam
610 182 760 215 vocabulo;
776 182 848 216 quod
875 182 990 210 fortasse
1005 186 1026 212 Α
1042 190 1088 210 cos
1103 183 1215 218 aliquid,
1228 188 1255 211 et
1267 183 1342 210 allini
1357 183 1407 210 sibi
1419 182 1576 210 Latinorum
1589 190 1639 210 usu
1651 191 1746 218 passos
1760 192 1820 212 esse

200 234 292 256 noster
322 228 486 262 expresserit
509 235 584 254 more
608 227 745 262 populari.
763 227 791 254 Si
817 229 906 255 minus
934 228 985 255 hoc

200 276 297 310 placet.
315 274 408 308 reponi
431 279 526 308 posset
546 274 763 306 ἀνταλαξάντων
781 274 816 301 ab
832 274 986 305 ἀντικ).ἀζω

197 321 276 356 quasi
298 320 480 354 ἑντικ).ἁγγω.

241 367 483 399 Ἀντιστατινῶς,
505 374 532 401 p.
551 367 614 394 480.
627 366 761 397 Habebat.
777 370 807 393 ut
821 370 941 401 apparet,
958 366 985 393 in

198 414 289 440 animo
306 414 362 440 haec
374 413 498 440 scribi-ns
509 413 690 447 Par-hymeres
705 413 792 439 locum
809 411 987 448 Hermogenis

199 458 264 492 περὶ
277 458 408 489 στάςεων,
420 457 465 484 ubi
482 457 621 491 explicans
636 457 708 491 quod
726 456 761 483 sit
771 457 926 488 ἀντίστασις
948 456 988 484 sic

199 504 310 530 scribit:
321 503 428 529 Γίνεται
446 503 603 530 ἀντίστασις
617 503 682 530 ὅταν
697 502 834 536 ὁμολογῶν
844 502 858 528 ὀ
878 502 987 536 φεύγων

200 549 378 584 πεποιηκέναι
386 548 456 580 mh;
468 549 597 582 ἀδίκημα,
610 548 723 583 ἀνθιστᾷ
735 548 829 583 ἕτερόν
837 556 864 574 τι
873 548 986 582 εὐεργέ-

199 603 276 630 τημα
292 595 382 630 μεῖζον
397 595 430 620 δι’
446 594 528 620 αὐτοῦ
539 593 586 620 τοῦ
600 593 767 628 ἀδικήματος
782 595 985 628 πεπραγμένον.

202 641 258 668 Hoc
280 646 344 668 est:
366 640 408 667 Fit
432 641 590 670 ἀντίστασις
617 640 669 666 sive
693 640 866 674 comparalio,
883 640 986 674 quando

201 694 260 712 reus
275 685 399 719 confitens
422 693 449 712 re
463 685 556 720 fecisse
572 684 671 718 aliquid
687 685 756 719 quod
771 684 927 718 mule/icium
942 693 987 711 va-

201 736 282 763 catur,
308 731 412 766 opponit
433 739 464 757 ea:
479 731 588 757 adverso
602 730 688 764 majus
703 730 810 763 aliquod
833 730 986 763 beneﬁcium

201 778 278 810 utjus
295 781 387 803 auctor
410 776 488 810 fuerit
516 776 675 810 male/icium
699 775 766 802 illud
790 775 986 802 committenda.

201 821 292 849 Veluti
307 829 368 848 cum
387 821 545 856 peregrinus
558 825 702 848 accusatus
716 819 789 854 quod
803 823 898 846 contra
914 820 987 854 leges

201 875 308 894 murum
325 867 398 894 urbis
413 867 610 897 conscenderit,
627 866 727 893 fatetur
744 866 769 892 id
786 872 801 892 a
822 872 852 892 se
874 865 985 896 factum.

201 913 250 940 sed
266 913 341 940 addit
356 920 385 939 se
403 913 455 940 hoc
470 912 572 947 agendo
586 919 708 939 servasse
724 911 860 938 civitatem
872 931 879 943 ,
895 911 987 945 repul-

201 958 239 986 sis
256 958 391 991 hostibus,
408 958 453 993 qui
472 963 535 985 tunc
546 957 627 993 546
643 957 718 984 nullo
731 957 831 984 civium
851 956 988 984 sentiente

202 1012 311 1031 murum
338 1004 429 1031 infesti
454 1004 534 1031 scalis
558 1003 674 1030 admotis
693 1006 900 1037 superaverant-
917 1002 987 1029 Hinc

203 1054 280 1084 putei.
294 1050 359 1083 quid
377 1049 442 1077 velit
458 1050 508 1076 hoc
523 1049 583 1076 loco
598 1053 701 1080 noster,
714 1048 777 1075 dum
795 1047 832 1074 ait
849 1055 942 1082 pacem
954 1048 988 1074 ab

205 1097 345 1131 Ephesino
357 1101 385 1124 et
399 1097 458 1123 aliis
473 1095 668 1125 άντιστατικὼς
682 1095 814 1122 duntaxat
830 1094 986 1126 admissam,

198 1143 359 1169 conﬁtendo
374 1142 503 1169 nimirum
521 1149 580 1169 eam
596 1141 693 1168 tnalam
705 1148 774 1172 esse,
791 1140 838 1167 sed
854 1142 986 1174 majorum

203 1188 335 1214 malorum
356 1187 527 1215 vitandorum
550 1194 630 1214 causa
656 1191 730 1213 recte
752 1186 895 1213 toleratam
915 1187 987 1212 arbi-

199 1234 282 1260 utrari.
302 1233 330 1260 In
353 1241 408 1267 quo
424 1233 560 1268 detegitur
577 1233 688 1260 ultimus
714 1237 839 1266 recoptus
855 1232 988 1258 schisma-

198 1279 263 1306 tica:
278 1278 466 1311 contumacize,
479 1283 506 1305 et
522 1278 674 1305 declaratur
685 1285 765 1311 quam
777 1284 870 1311 parutn
882 1277 987 1304 sincera

201 1324 258 1350 fide
282 1324 403 1358 plerique
427 1328 491 1350 tunc
513 1323 671 1350 Grmcorunt
700 1322 779 1349 istaut
804 1329 867 1349 cum
891 1322 987 1350 Latina

199 1370 322 1396 Ecclesia
339 1370 511 1396 concordiam
527 1370 581 1396 sint
596 1369 723 1403 amplexi.

247 1415 417 1448 Ἂποστολή
434 1424 460 1450 p.
483 1416 544 1442 ﬁt.
565 1415 638 1442 luler
653 1424 751 1444 causas
772 1425 831 1452 quae
844 1417 987 1452 imperatu-

198 1469 259 1487 ~rem
277 1460 454 1496 Pali-ologum
477 1466 620 1488 moverunt
634 1463 666 1489 ad
691 1463 877 1490 absistendum
897 1466 989 1498 empta

199 1506 404 1540 oppugnatione
431 1506 532 1534 Galatae
567 1507 791 1543 obsidionemque
814 1508 985 1539 solvendam,

202 1556 344 1578 enumerat
363 1559 484 1586 sparsam
510 1552 609 1579 famam
632 1553 793 1580 auxiliorum
809 1561 824 1580 a
840 1553 905 1581 sede
920 1561 986 1588 apo—

201 1598 296 1624 stolica
311 1598 366 1631 jam
384 1597 580 1625 submissorurn
596 1598 716 1625 obsessis
728 1598 876 1627 validorunt
895 1599 987 1632 etjam

196 1642 235 1677 »μδ
255 1642 316 1677 572]
341 1643 546 1669 adventantium
564 1651 572 1676 ;
588 1644 724 1679 ἀποστολὴ
748 1644 830 1679 igitur
855 1644 907 1670 hoc
927 1643 987 1671 loco

203 1688 270 1714 nihil
302 1688 374 1715 aliud
401 1695 481 1723 quant
505 1687 595 1714 sedem
627 1688 803 1722 apostolicam
836 1687 986 1715 Romanam

196 1739 292 1760 sonat.

243 1779 403 1813 ‘Aadgamc
421 1786 447 1812 p.
462 1779 525 1806 268.
543 1779 742 1806 Denuuliarunl
763 1778 924 1814 patriarcha:
938 1778 987 1806 (la-

203 1826 369 1852 mnationem
393 1825 479 1859 ipsius
499 1829 526 1852 et
541 1825 739 1859 depositiouem
763 1825 868 1860 judicio
891 1825 986 1860 synodi

201 1870 218 1896 tl
231 1875 350 1896 wretam.
368 1869 444 1897 Unde
461 1869 618 1905 intelligitur
634 1869 660 1896 in
679 1869 756 1896 titulo
769 1877 828 1904 cap.
843 1870 923 1902 sexti,
939 1869 986 1904 qui

201 1916 242 1942 sie
260 1916 340 1942 habet
360 1923 366 1942 :
388 1916 481 1946 Ὅπως
505 1915 689 1949 συναχθέντων
710 1915 763 1941 τῶν
787 1915 937 1950 ἀρχιερέων
956 1915 986 1942 τὸ

201 1960 304 1987 τέλειον
325 1961 437 1995 μήνυμα
453 1961 498 1986 καὶ
521 1961 567 1986 ἐπὶ
589 1960 677 1996 τούτῳ
691 1961 708 1994 ὴ
727 1961 862 1994 ἀπόφασις
880 1961 985 1995 γέγονε,

203 2013 297 2033 vocem
318 2007 455 2040 ἀπόφασις
477 2006 680 2033 damnationem
709 2013 817 2034 sonare.
843 2006 905 2033 Seio
931 2015 985 2034 non

201 2060 261 2080 esse
280 2052 349 2080 hanc
363 2053 502 2087 vulgarent
518 2052 599 2086 hujus
616 2052 739 2079 vocabuli
758 2053 907 2080 notiottem.
933 2051 986 2079 Ta-

202 2105 264 2124 men
278 2097 379 2132 aliquid
401 2097 489 2124 simile
505 2097 656 2131 signiﬁcare
672 2097 825 2129 interdum,
839 2097 986 2126 ostendunt

200 2143 258 2169 loca
275 2142 451 2170 classicorum
470 2148 623 2174 auctorum,
641 2142 797 2177 Vulgaribus
821 2143 903 2169 etiam
917 2142 985 2169 lexi-

199 2188 239 2214 cis
256 2188 350 2215 relata.
367 2187 431 2214 Mihi
445 2187 541 2214 sufﬁcit
558 2187 718 2222 llesyebius,
729 2187 799 2222 apud
812 2195 892 2222 quem
906 2187 964 2222 lego
977 2195 984 2213 :
998 2180 1024 2209 Ῑ)

204 2233 365 2267 Ἀπόφασις,
376 2234 477 2268 κρίσις,
500 2233 599 2268 ψῆφος,
620 2233 692 2268 δίκη.
715 2232 748 2259 Et
775 2238 851 2260 vetus
877 2233 983 2259 lexicon

198 2279 326 2314 anonymi
340 2279 443 2306 editum
456 2286 470 2305 a
487 2279 615 2306 Vulcanio
633 2287 639 2305 :
662 2279 820 2312 Ἀπόφασις,
836 2278 982 2305 sententia.

241 2322 496 2357 Ἀπροσποιοῦμαι
512 2331 538 2358 p.
551 2323 613 2351 496.
631 2322 748 2349 Verbum
762 2322 833 2349 istud
849 2323 911 2349 alibi
929 2331 983 2350 non

198 2371 298 2404 reperi.
313 2370 345 2396 Et
358 2369 515 2402 Vaticanus,
533 2374 561 2396 ut
573 2369 642 2396 solet
658 2370 684 2395 in
701 2369 832 2400 obswris,
852 2373 880 2396 et
894 2368 945 2396 hoc
957 2373 984 2395 et

197 2424 304 2443 ceruina
318 2424 379 2442 eum
396 2423 429 2442 eo
443 2420 527 2442 totum
545 2416 646 2443 omisit.
659 2415 794 2442 Catterum
809 2414 890 2450 hujus
908 2415 983 2443 notio

199 2468 228 2489 ut
244 2461 379 2489 contraria
392 2461 429 2496 τῷ
443 2460 642 2496 προσποιοῦμαι
656 2461 748 2492 debet,
761 2461 868 2495 opinor.
884 2460 980 2495 accipi.

196 2509 297 2535 Notum
324 2513 415 2535 autem
441 2508 505 2542 quid
527 2507 734 2542 προσποιεῐτοαι
765 2507 809 2538 sit,
832 2514 980 2538 assumere,

199 2555 358 2590 adjungere,
381 2554 526 2581 admovere
542 2553 611 2585 sibi;
629 2558 658 2579 ut
677 2552 764 2580 solent
781 2553 915 2587 principes
934 2560 981 2579 eos

196 2608 265 2634 quos
283 2608 331 2626 sua
345 2600 428 2634 gratia
442 2599 537 2634 dignos
551 2603 657 2634 putant.
671 2597 742 2632 Ergo
756 2597 980 2633 dupoanotsiacat

196 2647 248 2672 erit
264 2645 410 2672 excludere
430 2653 462 2672 ae
477 2645 599 2679 rejicere.
612 2644 689 2676 Quod
707 2644 759 2671 huc
774 2644 844 2670 belle
855 2643 978 2678 quadrat,

195 2698 227 2720 ut
244 2693 395 2726 Aeropolita
410 2692 502 2720 favore
513 2700 546 2719 ac
560 2691 741 2718 familiaritate
753 2690 925 2725 imperatoris
943 2690 981 2717 si-

195 2736 338 2770 gnificetur
352 2736 495 2763 excidisse.

232 2781 372 2815 Ἃρματιι.
397 2782 426 2808 In
452 2782 563 2809 notione
585 2782 658 2809 rocis
683 2782 768 2816 ἅρμα,
790 2789 842 2815 qua
869 2787 978 2807 currum

183 2824 329 2860 designari
344 2827 432 2854 sciunt
448 2835 553 2860 omnes,
571 2828 713 2854 innovasse
727 2826 892 2854 recentiores
905 2826 979 2853 Grae-

1038 232 1066 252 ut
1082 231 1246 254 armaturam
1261 232 1287 253 et
1305 228 1484 254 instrumenta
1502 227 1636 254 inferendi
1651 233 1695 255 aut
1710 229 1820 263 propul-

1037 272 1114 299 sandi
1130 271 1184 299 vim
1197 280 1228 299 ea
1245 272 1444 307 sigmiicarent,
1464 273 1542 300 docet
1561 273 1679 301 Thomas
1694 274 1820 308 Magister

1036 315 1063 342 id
1078 315 1281 350 reprehendens
1301 317 1343 344 his
1358 318 1447 344 verbis
1464 325 1471 343 :
1488 317 1582 352 ’Ἄρμα
1602 319 1631 344 ἐν
1653 316 1674 352 ᾧ
1696 320 1720 345 οἱ
1741 319 1820 346 ἵπποι.

1037 360 1207 394 ζεύγνυνται.
1221 362 1253 388 Oi
1265 362 1293 388 δὲ
1313 362 1359 388 ἐπὶ
1379 363 1469 389 ὃπλων
1482 363 1666 398 λαμβάνοντες
1680 364 1712 390 οὐ
1731 366 1822 397 καλῶς

1036 406 1166 440 χρῶνται.
1191 406 1351 434 l'ercrcbuit
1372 408 1398 435 id
1420 413 1511 436 tamen
1536 409 1612 441 satis.
1639 414 1668 437 ut
1691 410 1823 438 adversus

1036 452 1171 486 ejusmodi
1203 460 1346 480 censuram
1376 454 1444 480 tueri
1471 462 1501 482 se
1530 455 1664 490 quispiam
1689 457 1823 491 exemplis

1036 502 1129 531 queat.
1146 498 1248 525 Omitto
1262 507 1321 533 quae
1341 500 1497 527 testimonia
1516 501 1577 535 ejus
1598 502 1716 529 notionis
1738 503 1824 530 refert

1037 543 1179 575 Meursius.
1192 553 1305 579 qnzeque
1319 545 1392 579 apud
1406 546 1553 580 scriptores
1564 548 1646 575 etiam
1656 556 1708 576 non
1722 557 1823 582 nsque—

1036 597 1144 623 quoque
1155 591 1285 618 barbaros
1301 591 1381 619 facile
1394 598 1550 621 occttrrettt.
1563 594 1702 622 Admoneo
1717 600 1822 623 tantum

1036 635 1229 671 Pachymerem
1241 657 1248 669 ,
1267 643 1404 673 utcunque
1427 639 1493 666 alias
1512 641 1714 674 antiquarium,
1739 642 1823 676 hujus

1036 681 1221 716 νεωτερισμοῦ
1248 684 1333 710 teneri
1359 685 1512 712 manifeste.
1538 685 1595 713 Duo
1616 687 1674 721 ejus
1692 689 1823 716 annotavi

1037 726 1094 753 loca
1111 727 1137 754 in
1155 728 1254 762 quibus
1275 737 1367 756 vocem
1383 730 1492 764 ἅρματι
1508 731 1529 756 si
1546 731 1606 765 quis
1620 739 1717 760 currus
1736 733 1824 761 inter-

1037 777 1199 806 pretaretur,
1225 773 1259 800 ab
1280 775 1339 808 ejus
1363 781 1452 802 mente
1473 776 1623 805 aberraret.
1648 777 1678 805 P.
1700 779 1764 811 154,
1783 780 1824 806 sic

1037 818 1131 845 scribit
1148 819 1181 846 de
1195 818 1300 846 Joanne
1319 819 1391 847 Duca
1411 821 1576 855 imperatore
1590 831 1598 849 τ
1613 824 1781 859 Κατωχύρου
1791 826 1825 852 τὰ

1038 863 1154 899 φρούρια
1165 865 1231 900 σίτῳ
1249 866 1295 891 καὶ
1312 866 1439 900 ἅρμασιν.
1548 867 1644 902 Specie
1662 869 1719 903 ipsa
1737 869 1824 903 prima

1037 916 1148 944 apparet
1160 911 1303 945 complecti
1319 919 1380 939 eum
1394 912 1448 940 duo
1458 914 1572 940 maxime
1585 915 1735 941 necessaria
1751 923 1824 949 pra:-

1037 954 1156 981 sidiariis
1171 955 1287 988 arcium,
1304 956 1431 983 alimenta
1446 962 1473 984 et
1494 965 1580 985 arma.
1600 958 1627 985 Si
1644 959 1704 993 quis
1730 964 1825 988 tamen

1037 1000 1232 1028 contentiosior
1245 1009 1342 1029 currus
1361 1002 1442 1029 etiam
1464 1003 1490 1029 in
1513 1009 1642 1038 apparatu
1658 1005 1825 1033 tuendarum

1038 1047 1141 1073 arrium
1158 1054 1213 1074 non
1233 1046 1343 1074 inutiles
1364 1047 1498 1075 interdum
1512 1055 1559 1075 aut
1573 1049 1654 1076 etiam
1669 1050 1702 1077 ad
1719 1058 1824 1078 conre-

1037 1092 1155 1119 ctionetn
1171 1097 1370 1120 commeatuum
1396 1094 1568 1121 necessarios
1592 1094 1636 1122 hic
1656 1102 1826 1123 memoratos

1038 1138 1114 1170 velit,
1130 1145 1170 1164 nze
1187 1137 1249 1164 huic
1260 1139 1432 1173 extorquebit
1445 1140 1619 1174 pertinaciam
1637 1142 1708 1175 quod
1723 1141 1824 1169 ibidem

1039 1191 1099 1210 tuo:
1115 1185 1177 1218 περὶ
1190 1185 1320 1219 ἁρμάτων
1341 1185 1452 1217 dieitur,
1475 1192 1507 1212 ea
1533 1193 1594 1213 esse
1613 1194 1647 1213 ex
1671 1193 1704 1214 eo
1722 1195 1825 1223 genere

1037 1236 1127 1255 rerum
1143 1230 1222 1263 cujus
1240 1237 1380 1266 nunquam
1397 1229 1501 1258 aﬂatitn
1518 1232 1657 1259 utentibus
1674 1233 1724 1267 sit;
1750 1234 1824 1261 unde

1039 1282 1100 1301 mox
1125 1275 1251 1307 additur,
1274 1276 1302 1303 id
1333 1280 1504 1311 reputantem
1529 1277 1603 1304 illum
1628 1278 1823 1312 imperatorem

1035 1320 1152 1354 jussisse
1176 1321 1237 1348 addi
1264 1321 1394 1357 catalogis
1413 1322 1497 1356 gratis
1519 1324 1782 1358 suppeditandarum
1807 1334 1824 1353 θ

1039 1367 1105 1394 lisco
1118 1368 1196 1394 militi
1210 1375 1300 1395 rerum
1313 1376 1388 1396 arma
1404 1369 1492 1397 omnis
1511 1369 1618 1406 generis
1633 1375 1659 1398 et
1675 1379 1759 1403 usus;
1776 1372 1823 1399 ubi

1039 1413 1065 1440 in
1085 1413 1180 1441 Graeco
1192 1417 1235 1440 est
1251 1422 1302 1442 vos
1316 1410 1389 1441 ὃπλαί
1406 1416 1549 1443 manifeste
1569 1421 1598 1444 ut
1615 1425 1762 1452 synonyma
1776 1418 1824 1444 τοῦ

1038 1458 1159 1492 ἅρματος
1177 1459 1252 1492 prius
1270 1460 1413 1487 memorati
1439 1461 1539 1494 posita.
1565 1461 1721 1490 Clarissime
1739 1463 1823 1490 etiam

999 1511 1022 1541 ρ
1039 1502 1133 1529 eadem
1150 1510 1199 1529 rox
1214 1503 1326 1538 ἅρματα
1344 1511 1392 1538 pro
1406 1503 1475 1530 ὅπλα
1491 1509 1621 1539 usurpata
1641 1505 1778 1540 reperitur
1792 1513 1822 1540 p.

1038 1548 1099 1579 419,
1116 1548 1159 1575 ubi
1172 1548 1352 1584 Pachymeres
1364 1550 1401 1577 ait
1415 1549 1533 1578 Venetos
1548 1550 1693 1586 aliquando
1710 1551 1823 1579 ditiores

1037 1594 1288 1629 splendidiOresque
1302 1594 1491 1623 Genuensibus
1506 1596 1600 1628 fuisse,
1613 1605 1627 1623 a
1641 1596 1750 1631 quibus,
1763 1598 1823 1624 vice

1035 1647 1129 1667 rerum
1144 1641 1333 1674 humanarum,
1343 1645 1436 1675 postea
1448 1641 1549 1669 divitiis
1560 1646 1587 1669 et
1599 1642 1687 1670 cultus
1698 1642 1824 1678 magniﬁ-

1037 1686 1125 1713 centia
1135 1686 1255 1721 superati
1267 1687 1331 1714 sint.
1345 1687 1412 1722 Ergo
1424 1688 1542 1722 priorem
1562 1688 1634 1715 illam
1656 1687 1822 1716 Venetorum

1036 1732 1262 1768 magnificentiam
1292 1741 1464 1767 memorans,
1490 1733 1527 1761 ait
1547 1741 1643 1762 eorum
1671 1735 1820 1769 συνέδριον,

1037 1778 1089 1805 hoc
1101 1783 1142 1805 est
1157 1786 1295 1813 proceres,
1308 1779 1446 1813 patricios,
1458 1787 1489 1806 ex
1514 1780 1613 1813 quibus
1644 1780 1671 1807 in
1697 1787 1731 1808 ea
1755 1781 1822 1808 urbe

1036 1827 1147 1850 senatus
1158 1828 1273 1856 constat,
1281 1823 1387 1859 πλούτῳ
1396 1824 1443 1851 καὶ
1456 1825 1560 1860 ἅρμασι
1572 1826 1618 1852 καὶ
1633 1827 1823 1860 παρασκευαῖς

1036 1868 1155 1900 ἁπάσαις
1189 1868 1378 1896 Genuensibus
1411 1870 1476 1897 olint
1511 1871 1678 1905 praestitisse.
1708 1871 1760 1899 Hic
1787 1879 1823 1899 ne

1036 1912 1146 1947 ἅρματα.
1164 1921 1260 1941 currus
1287 1914 1513 1949 interpretemur,
1539 1916 1683 1950 prohibet,
1705 1916 1729 1944 si
1752 1917 1823 1944 nihll

1035 1959 1118 1990 aliud.
1135 1965 1210 1987 certe
1232 1961 1300 1987 situs
1325 1960 1398 1987 urbis
1415 1960 1523 1988 Veneta:
1546 1961 1579 1988 ad
1599 1962 1682 1990 maris
1695 1963 1823 1990 aestuaria

1035 2005 1074 2031 sic
1087 2006 1182 2039 positae
1197 2009 1226 2032 ut
1239 2007 1341 2041 cymbis
1354 2014 1401 2041 per
1415 2014 1487 2039 eam,
1503 2014 1558 2034 non
1575 2007 1667 2034 rhedis
1683 2015 1825 2036 cmnmee-

1035 2055 1089 2077 tur.
1106 2050 1196 2083 Quare
1209 2051 1352 2078 ridiculum
1373 2052 1474 2079 faceret
1486 2052 1745 2088 Pachymerem,qui
1760 2062 1824 2082 ettm

1035 2096 1126 2123 dicere
1145 2097 1254 2131 juberet
1271 2103 1412 2125 senatores
1428 2098 1492 2125 olim
1512 2097 1629 2126 Venetos
1645 2099 1674 2127 in
1690 2108 1738 2127 sua
1756 2102 1825 2129 urbe

1035 2142 1126 2176 specie
1147 2143 1291 2169 rhedarutn
1308 2147 1335 2170 et
1352 2144 1552 2178 magniﬁcentia
1576 2152 1704 2172 curruum
1728 2148 1825 2182 copias

1038 2189 1243 2216 ostentasse.Ut
1257 2190 1378 2216 omittam
1392 2198 1424 2216 ex
1434 2190 1494 2217 aliis
1504 2189 1586 2224 hujus
1600 2191 1720 2219 historias
1744 2193 1825 2227 locis,

1040 2233 1072 2269 [P
1087 2233 1150 2269 575]
1170 2235 1242 2268 qttod
1258 2235 1321 2261 alibi
1337 2235 1467 2269 observo,
1486 2244 1629 2271 apparere,
1651 2246 1684 2264 ne
1703 2239 1728 2265 in
1748 2240 1825 2268 urbi-

1038 2278 1088 2306 bus
1104 2279 1211 2313 quidem
1226 2279 1253 2306 in
1268 2280 1348 2314 plano
1363 2286 1390 2308 et
1405 2281 1477 2308 sicco
1500 2281 1650 2312 azdilieatis.
1672 2283 1762 2318 iisque
1784 2294 1827 2312 re-

1038 2324 1274 2358 giis_frequentcm
1288 2333 1318 2352 ea
1340 2330 1500 2360 tempestate
1515 2335 1655 2362 curruum,
1674 2329 1826 2358 rhedarnm

1037 2375 1084 2396 aut
1102 2370 1272 2402 essedorum,
1297 2371 1439 2405 splendide
1465 2374 1615 2406 prtesertim
1641 2379 1824 2405 ornatorum.

1038 2423 1115 2442 nsunt
1133 2415 1226 2443 fuisse.
1243 2415 1312 2450 Ergo
1332 2417 1393 2444 sine
1414 2417 1498 2444 dubio
1522 2418 1630 2454 πλούτῳ
1651 2421 1696 2444 καὶ
1716 2420 1825 2453 ἅρμα-σι

1036 2461 1133 2487 divitiis
1141 2462 1254 2488 etarmis
1268 2463 1425 2489 vertendutn
1437 2463 1498 2490 fuit.
1509 2463 1642 2491 Nimirum
1662 2467 1745 2491 armis
1761 2475 1826 2500 pm-

1037 2507 1104 2533 tiose
1121 2508 1223 2534 ornatis
1239 2507 1362 2534 instructi
1384 2509 1535 2541 gaudebant
1559 2518 1699 2544 apparere,
1715 2519 1790 2538 more
1807 2520 1823 2539 a

1037 2551 1158 2586 Salyrico
1166 2553 1284 2586 laudato,
1293 2554 1356 2580 dum
1367 2554 1475 2581 adducit
1485 2562 1516 2582 ex
1527 2555 1644 2584 heroicis
1654 2558 1823 2592 temporibus

1036 2598 1189 2632 exemplum
1206 2599 1346 2633 cujusdam
1371 2601 1484 2634 gemmis
1504 2609 1557 2628 non
1573 2602 1606 2629 ad
1623 2604 1744 2630 ornanda
1770 2612 1819 2638 po.

1034 2642 1105 2673 cula,
1119 2648 1148 2670 ut
1161 2642 1241 2670 Virro
1251 2645 1359 2678 quidam
1374 2645 1500 2678 faciebat,
1516 2648 1553 2674 uti
1570 2648 1654 2680 soliti,
1671 2650 1718 2676 sed
1734 2657 1780 2676 eas
1793 2651 1821 2676 itt

1035 2689 1137 2722 vagina:
1153 2688 1245 2716 fronte
1257 2697 1370 2724 ponere,
1386 2691 1436 2718 hoc
1452 2697 1493 2719 est
1507 2693 1533 2719 itt
1550 2694 1655 2728 capulo,
1670 2695 1822 2728 conspicuo

1035 2735 1160 2761 videlicet
1172 2736 1243 2768 loco,
1256 2741 1393 2764 ostentare
1410 2738 1525 2765 :allmht
1540 2740 1611 2766 enim
1634 2741 1697 2766 illud
1712 2741 1817 2776 Virgilii

1033 2780 1165 2806 stellatum
1180 2782 1366 2816 jaspidejutva
1380 2790 1473 2810 ensem
1486 2784 1577 2811 {Enen}
1594 2786 1747 2812 tribuentis.
1767 2787 1823 2813 Sed

1035 2826 1092 2853 haec
1109 2828 1136 2853 ἐν
1154 2827 1293 2861 παρέργου
1315 2828 1401 2862 μέρει.
1417 2828 1531 2858 Summa
1545 2831 1588 2863 sit,
1610 2830 1716 2865 ἅρματα
1735 2831 1762 2858 in
1779 2831 1824 2858 his
