1944 3067
145 146 212 179 130')

821 153 1078 186 GLOSSARIUM.

1699 157 1776 188 1030-

141 204 252 232 duobus
265 203 440 240 Pachymeris
462 205 530 233 locis
556 214 606 241 pro
629 208 720 240 ὅπλοις
745 210 876 243 positum,
900 215 922 238 el

1014 211 1055 247 [Ρ.
1073 212 1137 248 574]
1165 212 1440 240 Αὑοεντοπουλεύειν.
1468 212 1539 240 Puer
1561 213 1691 248 princeps
1721 218 1768 240 aut

142 257 217 277 arma
232 250 327 277 Latina
343 252 454 279 notione
469 251 623 288 designare.
637 262 688 282 nec
705 255 738 282 ad
759 263 856 283 currus
868 257 929 289 nisi

142 296 261 323 absurde
276 297 371 324 referri
391 305 471 332 posse
484 299 533 334 (l).

184 342 335 375 Ἀρπεδὼν
352 351 378 377 p.
392 344 454 370 293.
471 345 555 376 Αὐτὸς
568 346 680 380 πέμψας
708 348 755 374 καὶ
783 348 930 382 ἁρπεδόσιν

142 387 277 413 ἐνδεῖσθαι
314 389 541 422 παρασκευάσας.
576 389 638 418 ll:rc
665 391 727 419 licet
754 392 781 419 in
799 398 929 421 contextu

142 433 278 465 disiuncta
301 433 342 460 sic
364 435 480 468 aptanda
499 441 572 463 sunt.
599 436 739 471 Signiﬁcat
762 439 928 467 Germanum

143 479 327 511 ptriarcham
352 480 439 507 valida
462 481 495 508 ad
512 482 600 516 ipsum
623 483 723 510 throno
744 485 928 519 dejiciendum

143 524 258 551 conflata
288 525 417 557 factione,
443 534 604 560 persuasum
637 529 735 563 supina
767 531 929 559 credulitate

143 570 254 597 studere
265 571 316 598 sibi
334 571 527 605 imperatorem
543 581 624 607 quam
642 575 768 608 maxime,
787 577 928 604 conﬁden-

145 621 185 642 ter
201 616 334 643 indicasse
353 617 403 651 ipsi
427 625 497 652 opus
513 619 564 646 sibi
587 627 649 647 esse
664 620 812 654 donativis,
829 623 929 657 quibus

143 662 305 696 spargendis
349 663 552 690 adversantium
591 667 780 694 reconciliaret
810 668 927 696 animos.

143 706 228 738 Quam
245 707 279 733 ad
299 715 356 734 rem
369 727 376 739 .
395 708 422 735 in
439 709 659 738 dissimulatione
684 712 833 746 persistens
847 713 928 750 548

144 753 255 780 Ell‘ichael
279 756 425 789 Augustus,
440 764 567 784 nummos
583 758 605 784 ei
620 765 707 786 aereos
729 764 927 796 argenteosque

142 797 226 830 misit,
239 806 307 831 quos
323 799 385 825 dum
398 800 528 827 solemnis
540 801 694 829 litaniarum
708 811 807 838 pompa
823 805 849 831 in
859 805 927 833 festo

141 843 294 871 mimarum
308 846 485 880 procederet,
504 848 658 881 patriarcha
677 849 793 883 jactarct
816 850 845 877 in
861 859 925 879 con-

140 889 236 916 fertam
255 890 372 924 plebem.
390 893 452 919 Hzec
469 892 540 920 dona
559 899 637 921 vocat
651 900 744 923 noster
759 896 923 931 ἁρπεδόνας,

140 942 200 968 qua:
215 944 265 962 vox
284 938 392 972 proprie
422 939 557 974 signiﬁcat
575 941 661 968 lineas
682 947 729 969 aut
743 942 821 972 funes
843 943 924 971 hamo

139 982 274 1015 pneﬁxos,
285 984 384 1018 quibus
399 985 487 1020 pisces
502 993 572 1014 esca:
588 987 726 1016 inhiantes
740 989 829 1017 inﬁxa:
844 990 923 1019 avide

140 1029 242 1055 \oratis
261 1030 332 1063 capti
350 1031 496 1058 trahuntur
512 1032 539 1058 in
553 1032 683 1067 piscantis
696 1042 816 1062 manum.
833 1036 922 1070 Atque

140 1073 211 1100 haud
229 1075 286 1102 scio
303 1083 336 1102 an
357 1083 411 1103 non
428 1082 571 1112 propterea
585 1079 684 1106 lineam
700 1080 812 1108 divitem
829 1082 924 1117 hujus-

139 1120 210 1145 niodi
224 1121 356 1154 gratuitas
375 1123 483 1156 rapinas
500 1124 524 1150 in
540 1124 645 1158 plebem
660 1126 803 1154 ambitiose
815 1135 923 1162 sparsas

139 1164 239 1190 alicubi
262 1166 399 1193 vocaverit
421 1167 560 1201 Martialis,
575 1170 646 1203 quod
679 1171 722 1198 his
746 1171 820 1200 velut
843 1173 924 1201 lineis

139 1210 303 1244 piscatoriis,
326 1212 372 1239 scd
391 1214 481 1241 aureis
497 1219 526 1241 et
549 1215 767 1248 amabilioribus.
782 1218 921 1246 hominum

140 1257 230 1283 studia
262 1262 289 1284 et
316 1259 470 1288 voluntates
502 1261 653 1296 capiantur.
682 1263 841 1299 Quanquam
871 1273 922 1294 nec

127 1298 235 1337 'ignoro
250 1311 302 1331 nec
320 1305 444 1340 improbo
458 1315 516 1342 quae
528 1308 580 1335 alia
596 1309 695 1336 eruditi
711 1298 872 1346 interpretes
893 1313 921 1339 in

139 1355 201 1374 cum
214 1348 301 1376 locum
316 1356 547 1380 commcntantur.

181 1393 266 1428 Ὰρχή
291 1402 319 1429 p.
348 1396 390 1423 1⁵1.
419 1396 562 1426 Sententia
592 1399 642 1427 Ieci
670 1400 751 1435 exigit
769 1402 859 1438 ἀρχήν
879 1403 924 1431 hic

139 1439 229 1465 vocari
252 1441 340 1468 aulam
367 1443 424 1470 sive
445 1445 602 1475 comitatum
623 1446 804 1482 imperatoris,
816 1453 864 1476 aut
879 1458 924 1477 ur-

140 1483 202 1510 bem
221 1484 328 1519 imperii
346 1487 450 1515 sedem.

982 258 1122 293 regnantis
1138 258 1210 286 ﬁlius
1226 267 1336 294 parvus,
1346 267 1408 286 cum
1428 259 1593 294 procedente
1610 259 1637 285 in
1651 260 1766 293 primam

982 304 1124 339 pueritiam
1142 304 1255 332 infantia
1271 305 1431 332 comitatum
1456 304 1594 331 natalibus
1614 312 1765 339 congruum

981 350 1080 384 accipit
1093 354 1121 377 et
1137 350 1289 378 ministerio
1304 358 1335 377 ac
1350 350 1479 378 satellitio
1502 350 1698 383 circumdatur,
1716 351 1766 377 αὖ-

981 395 1203 422 θεντοπουλεύειν
1226 397 1328 423 dicitur
1357 396 1467 423 Graecim
1486 396 1601 428 recenti,
1621 396 1700 431 cujus
1715 405 1765 424 usu

980 449 1033 468 vox
1062 441 1160 472 ποῦλος
1191 443 1388 477 ὑποκοριστική
1417 447 1470 469 est.
1491 441 1526 469 Ut
1540 450 1606 477 ergo
1630 443 1766 478 αὐθέντης

981 487 1139 517 dominum.
1170 487 1205 514 ita
1240 488 1453 519 αὑῢεντόπουλος
1482 495 1596 521 parvum
1623 489 1764 516 dominum

980 537 1070 560 sonat.
1087 533 1156 559 Hinc
1171 533 1329 566 intelligitur
1345 534 1417 567 quod
1434 533 1529 560 scribit
1550 533 1658 568 Noster,
1672 542 1699 568 p.
1714 535 1765 564 ‘24.

980 578 1013 605 de
1026 578 1213 605 Muzalonibus
1238 579 1325 606 tribus
1342 579 1472 606 fratribus
1490 578 1635 606 Theodoro
1648 580 1766 614 impera-

981 623 1030 650 tori
1050 623 1156 654 charis,
1173 624 1245 657 quod
1265 623 1300 654 ei,
1316 631 1377 650 cum
1400 623 1516 658 primum
1541 631 1609 657 puer
1635 624 1764 651 familiam

979 669 1157 704 principalem
1180 669 1280 696 habere
1306 670 1399 704 copit.
1418 670 1445 696 in
1466 669 1588 703 ephebos
1605 670 1768 697 honorarius

979 714 1032 740 dati
1049 714 1174 742 fuissent.
1185 716 1302 750 ’Ἅνδρας
1315 716 1364 742 οὐκ
1380 715 1523 749 εὐγενείας
1542 715 1591 749 μὲν
1601 715 1763 750 μετέχοντας

977 760 1007 786 et
1028 761 1169 795 παράπαν,
1192 762 1231 792 εἰς
1245 761 1443 792 παιδοπού).ους
1463 760 1492 787 δὲ
1515 760 1763 789 αὐθεντοπουλευο-

980 806 1052 840 μένῳ
1068 807 1253 841 τεταγμένους
1271 807 1356 842 αὐτῷ.

1012 852 1095 889 549
1117 853 1360 886 Αὑτοπρόσωπον
1391 853 1618 889 ἀντιφάρμακον
1642 863 1670 890 p.
1696 855 1767 882 212.,

977 895 1155 923 Proverbium
1180 897 1304 924 indicans
1319 898 1466 925 eﬁicaciatn
1487 900 1638 934 prazsentiae
1665 900 1692 926 in
1710 904 1763 927 tra-

977 942 1084 970 ctandis
1098 942 1224 977 negotiis,
1242 943 1391 977 praesertim
1407 945 1672 976 reconciliation-um,
1698 953 1759 979 qua:

978 987 1056 1022 longe
1062 986 1143 1014 citius
1152 991 1179 1014 et
1189 986 1295 1014 facilius
1304 995 1317 1014 a
1328 995 1418 1014 coram
1428 988 1529 1016 aﬁ'ante
1537 993 1564 1016 et
1574 997 1604 1016 os
1613 997 1645 1016 ac
1654 990 1758 1016 vultum

977 1037 1073 1060 notum
1086 1032 1231 1060 exhibente
1246 1033 1432 1069 transiguntur
1447 1032 1528 1069 qua'm
1540 1035 1573 1061 ab
1584 1035 1697 1062 absente
1712 1043 1761 1070 per

977 1079 1080 1106 litteras
1095 1084 1142 1106 aut
1164 1079 1360 1107 internuntios.
1378 1079 1436 1108 Hoc
1456 1080 1581 1116 adagium
1599 1081 1625 1107 in
1644 1081 1761 1116 vulgatis

976 1125 1183 1152 collectionibus
1199 1125 1320 1153 nondum
1338 1126 1438 1160 reperi.

1015 1170 1177 1205 Ἀψικορέω
1186 1179 1213 1206 p.
1224 1171 1288 1198 298.
1299 1169 1414 1199 Verbum
1425 1172 1477 1199 hoc
1486 1172 1520 1199 ab
1532 1172 1584 1199 alio
1600 1177 1758 1208 usurpatum

975 1217 1068 1244 videre
1095 1224 1150 1244 non
1182 1217 1305 1245 utemini.
1336 1217 1439 1244 Tamen
1462 1226 1494 1244 ex
1518 1218 1624 1253 vulgata
1647 1219 1759 1245 notione

975 1263 1168 1291 vocabulorum
1184 1263 1315 1298 ἁψίκορος
1330 1267 1358 1290 ct
1373 1263 1502 1299 ἁψικορέα
1519 1263 1635 1296 Platoni,
1652 1264 1758 1291 Plutar-

975 1309 1026 1336 cho
1040 1313 1068 1336 et
1081 1309 1200 1336 Luciauo
1214 1308 1350 1341 tt'itorum,
1368 1309 1447 1337 facile
1464 1310 1586 1346 intelligo
1605 1315 1679 1338 recta
1694 1319 1757 1338 ana-

975 1356 1044 1391 logia
1066 1356 1212 1384 formatum
1237 1357 1351 1384 verbum
1369 1357 1523 1393 ἁψικορεῐν,
1537 1358 1608 1393 quod
1635 1362 1713 1386 sonet
1729 1359 1761 1386 in

974 1401 1126 1429 satietatem
1151 1402 1205 1429 cito
1230 1402 1323 1429 venire
1341 1403 1381 1429 rei
1407 1407 1454 1429 aut
1481 1410 1606 1437 persona:
1631 1404 1757 1439 alicujus.

973 1447 1089 1482 Perapte
1109 1448 1141 1475 ad
1166 1449 1328 1476 sententiam
1345 1449 1406 1479 loci,
1435 1456 1489 1482 quo
1509 1449 1677 1484 significatur
1703 1451 1761 1478 cito

974 1499 1118 1528 pertaesum
1148 1494 1304 1528 imperatori
1331 1493 1460 1522 Germani
1484 1495 1654 1529 patriarchae,
1676 1504 1764 1530 quem.

176 1530 301 1565 Ἀτηρόν
315 1541 342 1568 p.
359 1533 420 1561 150.
435 1534 488 1563 Pro
504 1537 605 1572 ἀτηρόν
626 1538 678 1566 hoc
693 1539 753 1567 loco
776 1540 922 1570 Vaticanus

978 1538 1055 1573 paulo
1069 1543 1132 1565 ante
1147 1543 1223 1565 tanto
1236 1538 1327 1565 studio
1343 1542 1527 1572 promoverat.

139 1577 225 1604 codex
237 1579 331 1606 scribit
341 1579 481 1616 λυπηρόνε
494 1583 584 1610 notius
598 1583 626 1611 id
640 1585 724 1612 enim.
742 1584 839 1614 Noster
850 1589 924 1616 vidc-

140 1622 204 1649 licet
232 1628 353 1651 veterum
389 1627 549 1661 scriptorum
589 1629 757 1658 abstrusiora
792 1633 923 1662 vocabula

140 1668 270 1715 libentius
298 1676 421 1706 usurpat.
442 1673 591 1708 Hesychius
607 1675 709 1711 ἀτηρὸν
729 1679 842 1713 exponit
857 1679 923 1715 βλα-

140 1714 232 1748 ϐερόν.
258 1715 321 1742 lnde
351 1716 380 1744 ﬁt
404 1717 558 1754 ἀταρτηρὸς
585 1728 634 1754 per
659 1714 924 1756 epenthesimpvox

142 1759 259 1788 llomero
293 1761 466 1798 llesiodoque
498 1765 678 1800 frequentata.
703 1768 862 1798 Eustathius
888 1772 922 1799 ad

141 1806 218 1834 Iliad.
242 1817 260 1834 α
287 1809 420 1844 originem
451 1813 525 1839 vocis
557 1813 658 1848 ἀτηρὸν
671 1814 746 1843 ducit
769 1823 785 1842 a
813 1818 923 1846 nomine

141 1853 193 1888 ἄτη
211 1861 298 1887 noxa,
321 1855 471 1889 calamitas,
486 1858 628 1886 damnum.
650 1859 724 1888 Cave
752 1861 924 1897 obtemperes

139 1899 320 1928 Constantino
333 1901 359 1928 in
370 1901 467 1929 Lexico
479 1903 584 1937 jubenti
598 1912 647 1936 pro
660 1906 759 1941 ἀτηρός
771 1908 923 1936 rescribere

140 1945 264 1979 ἀτειρής,
275 1945 340 1978 Quae
356 1947 422 1974 mihi
434 1955 514 1976 causa
531 1948 583 1977 fuit
599 1950 656 1978 haec
672 1951 724 1979 hoc
747 1952 807 1980 loco
827 1954 923 1982 admo-

141 1991 241 2023 nendi,
258 1992 359 2027 alioqui
388 1994 504 2021 tacituro
530 1995 564 2022 de
595 2004 662 2024 voce
693 1998 812 2033 ἀτηρός,
833 2004 863 2026 ιιι
889 2008 923 2029 ex

141 2035 243 2070 vulgari
256 2037 354 2065 veteris
371 2038 529 2067 llellcnismi
543 2041 639 2068 notitia
652 2042 718 2070 satis
734 2050 884 2079 perspecta.

182 2081 352 2110 Ἀἴτιὶλλειν
382 2091 408 2116 p.
429 2084 545 2121 LLAgit
562 2086 599 2113 ibi
622 2087 736 2121 loqu-etas
756 2089 860 2119 Muzalo
887 2092 922 2119 de

141 2133 224 2158 puero
239 2126 343 2154 Joanne
355 2129 490 2164 Augusto;
508 2138 588 2165 quem
600 2139 635 2158 eo
650 2133 766 2162 subditis
779 2137 922 2164 amabilio-

141 2179 196 2197 l’t'lll
226 2173 308 2200 videri
335 2174 434 2202 debere
461 2175 507 2207 ait,
526 2177 597 2211 quod
619 2185 668 2212 per
696 2183 802 2207 :etatem
832 2182 921 2211 adhuc

138 2215 302 2249 simplicem,
318 2217 376 2245 sine
401 2218 474 2252 fuco,
491 2221 590 2254 puerili
606 2224 752 2251 securitate
779 2232 917 2260 operetur.
934 2218 960 2248 Ῐ)

140 2259 187 2286 ιςςι
202 2261 353 2296 ἀττάλλειν,
377 2263 466 2298 inquit
490 2265 648 2295 Eustathius
673 2269 706 2296 ad
735 2259 818 2297 Iliad.
840 2272 863 2304 δ,
888 2274 921 2300 ὲκ

138 2306 184 2332 m3
209 2306 300 2342 ᾅττειν
325 2308 373 2335 καὶ
390 2309 530 2337 amcam.
556 2311 633 2344 Quod
664 2313 735 2340 idem
765 2316 862 2350 repetit
885 2317 919 2344 ad

139 2351 222 2378 Iliad.
249 2361 272 2384 ε,
297 2353 400 2382 addens
423 2355 458 2382 ob
488 2357 653 2391 euphoniam
686 2357 797 2393 dempto
822 2368 877 2388 uno
904 2370 919 2388 τ

137 2398 221 2425 scribi
243 2399 384 2432 ἀτάλλειν,
402 2402 475 2436 quod
501 2407 592 2430 tamen
614 2402 712 2430 Noster
739 2405 784 2432 hic
808 2413 862 2434 non
878 2413 920 2435 est

136 2448 257 2471 scrutus.
278 2445 364 2473 Sonat
387 2451 478 2474 autem
495 2447 523 2475 id
537 2449 651 2476 verbum
675 2457 784 2477 movere
805 2459 836 2478 ac
856 2460 920 2487 pro-

138 2489 210 2516 ferre
229 2497 258 2517 se
277 2490 361 2518 libere
377 2492 403 2519 in
422 2500 530 2521 omnem
553 2500 669 2528 partem,
696 2500 801 2523 naturae
829 2496 919 2525 indul-

136 2534 237 2568 gendo.
255 2537 322 2562 citra
341 2542 441 2565 metum
467 2543 514 2566 aut
534 2546 705 2575 respectum;
724 2542 795 2576 quod
815 2546 843 2569 ct
869 2543 917 2570 bc-

137 2581 250 2608 stiarum
267 2588 308 2610 est
321 2589 347 2610 et
360 2591 518 2619 puerorum,
535 2594 604 2621 quos
617 2588 737 2615 nondum
755 2589 824 2616 ratio
842 2597 918 2617 com-

139 2626 236 2658 pescit.
254 2625 419 2656 Vocabulum
435 2631 516 2664 plane
534 2629 740 2667 Pacbymeriani
757 2633 841 2669 genii,
863 2635 918 2669 pri-

137 2678 225 2701 scum,
243 2673 410 2708 l-opulariter
427 2675 600 2710 loquentibus
616 2678 785 2710 inusitatum,
799 2686 814 2705 c
837 2679 918 2706 scho-

139 2717 225 2745 liastis
241 2724 382 2754 poetarum
406 2721 433 2749 in
459 2722 602 2751 historiam
626 2723 775 2752 intextum-
794 2726 919 2761 qualibus

140 2764 184 2790 hic
201 2770 296 2792 auctor
309 2766 472 2796 delectatur.

176 2856 214 2890 (l)
230 2857 268 2884 Cf.
286 2858 406 2887 Glossar.
427 2862 539 2888 alterum
558 2869 582 2889 v.
607 2861 867 2897 ’Λρμαιοφυὶάκιοιῄ

1009 1583 1146 1619 Βαρόἀρα
1154 1592 1181 1619 p.
1193 1585 1256 1611 ‘270.
1272 1583 1327 1611 ﬂes
1345 1584 1447 1611 indicat
1462 1584 1601 1619 regionem
1610 1585 1756 1619 quandam

974 1634 1021 1657 aut
1037 1634 1141 1665 partem
1163 1630 1476 1664 Constantinopolitanae
1499 1630 1574 1657 urbis
1588 1635 1632 1658 aut
1656 1632 1754 1658 subur-

974 1676 1080 1704 biorum
1110 1677 1170 1711 eius
1199 1676 1343 1703 Barbarum
1371 1676 1486 1708 dictam,
1515 1677 1586 1704 forte
1615 1685 1630 1703 a
1666 1677 1758 1704 vicino

975 1722 1076 1757 templo
1089 1723 1119 1749 S.
1137 1722 1261 1749 Barbam
1277 1723 1387 1757 martyri
1403 1722 1504 1749 dicato.
1517 1722 1589 1750 Sane
1602 1723 1757 1750 Constanti-

974 1768 1065 1803 nopoli
1084 1767 1169 1795 fuisse
1188 1767 1317 1802 templum
1332 1768 1442 1795 celebre
1455 1767 1484 1796 S.
1497 1768 1620 1795 Barbara:
1635 1769 1757 1800 nomine,

974 1814 1052 1841 docet
1074 1813 1170 1841 Petrus
1196 1813 1304 1845 Gillius,
1319 1814 1335 1840 l.
1351 1822 1386 1845 ιι,
1401 1822 1426 1842 c.
1441 1814 1459 1840 2
1475 1813 1671 1850 Topographize
1685 1815 1755 1842 Con.

974 1858 1165 1894 stantinopol.,
1185 1860 1256 1894 quod
1295 1859 1401 1886 videtur
1433 1859 1567 1887 collocare
1611 1859 1638 1887 in
1668 1860 1754 1894 prima

973 1905 1094 1941 regione.
1122 1905 1189 1938 Quia
1221 1914 1285 1933 vero
1309 1906 1361 1934 hoc
1386 1905 1554 1941 κελλύδριον,
1571 1906 1604 1933 de
1632 1913 1686 1940 quo
1712 1906 1755 1933 hic

973 1951 1071 1986 agitur,
1089 1951 1188 1978 dicitur
1212 1950 1297 1978 fuisse
1328 1950 1435 1978 miriﬁci
1462 1951 1582 1984 Nicolai,
1603 1951 1654 1978 hoc
1672 1955 1713 1977 est
1728 1951 1753 1977 ei

973 1997 1092 2025 dicatutn
1124 2001 1151 2024 et
1182 2004 1215 2023 ex
1237 2004 1271 2023 eo
1297 2002 1504 2031 nuncupatum,
1534 1996 1666 2031 suspicari
1694 1996 1756 2023 licet

972 2043 1095 2078 proxime
1105 2043 1171 2070 illud
1180 2043 1326 2069 adhmsisse
1341 2043 1441 2075 templo
1450 2043 1476 2068 in
1490 2042 1622 2070 honorem
1632 2042 1758 2077 ejusdem

974 2088 1003 2116 S.
1030 2089 1131 2116 Nieolai
1155 2097 1169 2116 a
1190 2089 1343 2116 Iustiniano
1373 2089 1437 2116 olim
1460 2092 1607 2120 exstructo,
1627 2093 1657 2115 ut
1672 2088 1755 2115 refert

972 2134 1130 2170 Procopius,
1151 2135 1170 2162 l.
1188 2143 1195 2162 l
1212 2135 1249 2162 De
1264 2135 1394 2169 (adiﬁciis,
1409 2143 1433 2162 c.
1448 2135 1476 2162 6.

1006 2179 1219 2214 Βαρὸίιρειῶται
1235 2188 1262 2215 p.
1279 2180 1341 2207 521.
1358 2180 1525 2215 Corrigenda
1541 2179 1610 2207 forte
1624 2179 1658 2206 sit
1671 2179 1766 2213 hujus.

974 2225 1047 2253 vocis
1071 2226 1216 2260 scriptura,
1235 2230 1340 2252 mutato
1365 2234 1390 2252 ει
1412 2226 1438 2252 in
1466 2235 1487 2258 ι,
1500 2233 1534 2252 ex
1552 2225 1666 2257 Codino.
1683 2233 1707 2252 c.
1725 2225 1752 2257 5,

974 2271 1019 2299 ubi
1041 2276 1182 2306 postquam
1205 2271 1424 2298 Bardariotarum
1441 2271 1570 2298 vestitum
1585 2275 1613 2298 et
1627 2271 1752 2298 ministe-

972 2317 1041 2344 rium
1058 2317 1196 2352 eXpIicnit,
1208 2318 1240 2343 de
1254 2317 1287 2344 iis
1301 2317 1358 2344 lucc
1370 2316 1649 2351 subjungit:Toorou;
1668 2315 1752 2341 πάλαι

973 2363 1080 2398 Πέρσας
1101 2364 1173 2389 κατὰ
1190 2364 1265 2397 γένος
1283 2363 1297 2388 ὁ
1315 2362 1444 2397 βασιλεὺς
1468 2361 1626 2395 μετοικίσας
1646 2362 1753 2388 ἐκεῖθεν

971 2411 1009 2441 εἰς
1035 2410 1080 2436 τὸν
1109 2409 1259 2444 Βχρόἀριον
1289 2409 1400 2436 ἐκάθισε
1415 2409 1549 2443 ποταμὸν,
1568 2407 1615 2442 ἀφ’
1645 2404 1676 2434 οὗ
1704 2408 1752 2433 καὶ

971 2454 1161 2489 Βαρδαριῶται
1185 2454 1341 2480 καλοῦνται.
1368 2453 1421 2480 llos
1438 2462 1531 2489 genere
1558 2454 1653 2480 Persas
1671 2453 1754 2487 impc-

972 2504 1046 2526 ναίον
1070 2499 1129 2526 inde
1156 2498 1299 2526 translatos
1326 2499 1461 2526 constituit
1487 2507 1568 2534 prope
1590 2499 1751 2526 Bardari‘um
1780 2526 1782 2535 ί

971 2553 1086 2576 amnem,
1111 2552 1143 2571 ea;
1168 2552 1218 2579 quo
1243 2544 1410 2572 Bardariotw
1437 2549 1573 2571 vocantur.
1604 2545 1750 2572 Bardarunt

971 2591 1044 2618 hunc
1068 2598 1175 2617 amnem
1193 2591 1310 2625 appellat
1325 2591 1401 2617 Anna
1424 2590 1574 2622 Comnena,
1590 2590 1608 2617 Ι.
1623 2599 1643 2619 ι.
1664 2598 1690 2625 p.
1706 2590 1751 2622 18,

972 2636 1016 2663 ubi
1033 2643 1095 2663 eum
1122 2636 1251 2663 describit
1275 2640 1303 2663 ct
1328 2636 1356 2663 in
1376 2636 1516 2663 Thessalia
1531 2636 1655 2667 collocat,
1671 2635 1708 2662 uti
1725 2640 1752 2661 ct

969 2686 1064 2709 noster
1089 2689 1150 2708 eum
1182 2689 1337 2709 memorans
1360 2682 1378 2708 1.
1398 2689 1420 2714 l,
1438 2690 1463 2709 e.
1485 2681 1528 2708 l0.
1551 2681 1618 2709 Eum
1643 2680 1751 2708 Nicctas

970 2727 1049 2754 initio
1070 2726 1088 2754 1.
1107 2734 1137 2754 Ill
1168 2727 1275 2755 videtur
1292 2726 1401 2760 ’Δξειον
1424 2728 1529 2755 Meum
1547 2735 1654 2754 vorare.
1673 2727 1750 2755 Veri-

971 2771 1058 2800 simile
1071 2777 1114 2800 est
1123 2772 1327 2808 Pachymcrcm,
1337 2781 1398 2801 cum
1408 2773 1614 2810 Βαρδαρειώτσς
1628 2773 1756 2810 εει-ἱρείη
