1944 3067
188 131 254 166 1011

645 138 677 168 P-
702 137 1200 174 POSSININOBSERVATIONUM
1223 143 1296 174 LIB.
1317 142 1343 173 Ι.

1740 139 1810 171 1012

181 187 208 234 id
227 187 328 222 gentile
345 196 446 217 nomen
474 198 530 218 non
547 199 579 220 cx
599 193 732 222 Bardario
750 195 860 230 Codini,
872 197 919 225 sed
935 205 966 225 ex

1021 198 1166 234 originatio
1195 198 1250 226 ἀπὸ
1268 198 1314 226 τοῦ
1333 198 1397 234 βοᾷν
1414 202 1440 226 et
1469 197 1682 234 ﬂodzezv,nnde
1705 198 1811 225 rectior

180 233 300 262 Bardaro
316 235 402 263 Annae
418 236 565 270 formasse;
581 239 653 266 unde
669 246 742 268 recta
755 242 878 278 analogia
895 242 967 278 Bap-

179 280 278 315 δαρεύς
298 286 324 308 et
352 282 516 318 Βαρδὰρειος
537 284 622 312 ﬂuere
645 291 769 320 possunt.
788 287 856 315 Utut
877 288 912 316 sit
935 289 968 316 de

182 327 326 360 vocabulo,
343 328 376 355 de
394 337 423 356 re
447 329 503 364 ipsa
524 335 642 364 constat,
655 336 762 366 gentem
779 333 849 360 hanc
864 333 968 368 origine

180 371 332 406 Persicam,
349 374 487 402 domicilio
512 375 680 407 Thessalam.
696 377 731 405 ab
757 377 967 413 imperatoribus

179 418 338 453 Byzantinis
360 425 405 447 aut
422 421 502 448 etiam
519 423 678 457 proceribus
690 423 786 451 horum
803 424 968 459 consangui~

180 465 240 492 neis
269 465 393 493 adhiberi
420 467 526 494 solitam
554 468 587 495 ad
617 474 720 496 certum
747 477 832 505 genus
848 469 966 496 satellitii

178 511 296 545 propriis
320 511 473 547 insignibus
498 513 630 546 distincti,
646 522 679 541 eo
707 515 792 542 ferme
816 516 897 543 modo
911 523 967 550 quo

177 557 316 591 principes
333 558 458 593 Europaei
473 559 552 586 hodie
568 560 699 588 Helvetiis
715 565 841 589 utuntur.

213 601 254 637 [P.
287 603 352 639 575]
379 605 640 640 Bao'tlorpagss't'or
667 614 695 642 p.
729 607 791 635 492.
820 608 858 635 lta
885 609 965 636 codd.

177 656 290 683 omnes,
325 651 406 677 etiam
440 650 598 680 Va'icanus.
635 652 714 680 Unde
760 654 966 689 intelligendum

176 696 280 722 crinten
310 696 394 724 libelli
416 703 510 725 contra
539 699 730 734 imperatorem
759 702 868 736 scripti,
892 702 967 735 lecti,

177 741 264 768 habiti
298 743 429 777 peculiari
463 745 596 772 vocabulo
632 745 862 781 βασιλογραφεῖον
882 747 967 776 fuisse

175 791 313 820 vocatum.
330 792 357 816 et
374 789 398 816 ei
416 790 513 818 mortis
533 799 640 826 pinnam
659 793 847 820 constitutam.

216 833 297 869 55o
321 835 483 870 Βεόράναις
505 845 535 872 p.
566 838 629 865 492.
657 838 696 865 lla
721 840 897 867 concorditer
911 844 968 868 tres

177 881 258 908 codd.
276 882 330 908 nisi
346 883 417 917 quod
431 883 491 911 Val.
510 883 543 911 ad
563 883 707 919 βιῦράναις
721 885 796 913 addit
809 885 963 922 συμπίσσῃ,
979 876 1002 906 Β

177 927 380 955 omissa~voce
407 925 478 955 οὖσι.
503 928 606 962 Voluit,
637 930 746 965 opinor,
778 939 881 966 ponere
915 931 963 958 σὺν

177 971 275 1007 πίσσῃ,
291 977 322 1000 ut
347 973 508 1009 signiﬁcaret
541 975 627 1008 picem
657 976 776 1003 additam
796 977 964 1005 membranis

176 1018 290 1045 nrendis
321 1025 405 1053 supra
427 1024 509 1055 caput
538 1020 687 1053 Caloidazr
704 1021 750 1056 qui
781 1022 821 1049 sic
858 1022 964 1057 capillis

176 1063 284 1099 ﬂamma
313 1065 446 1100 applicata
464 1067 599 1102 correptis
628 1072 781 1095 excaecatus
806 1067 890 1096 miser
911 1071 962 1096 est.

177 1111 329 1146 Βεὸράναις
358 1117 424 1147 puto
453 1113 557 1141 dictum
585 1122 634 1149 pro
663 1115 815 1150 μεσράναις
838 1123 871 1142 ex
897 1123 965 1143 voce

176 1157 272 1186 Latina
287 1159 445 1186 membrana:
461 1168 470 1186 :
485 1161 549 1195 quid
566 1161 639 1188 enim
652 1161 725 1188 aliud
737 1161 879 1196 suspicer?
899 1161 963 1196 quin

176 1204 229 1231 nisi
252 1212 295 1231 me
314 1205 466 1232 deterreret
489 1214 642 1234 consensus
665 1207 807 1239 codicum,
824 1207 964 1234 crederem

177 1258 271 1278 errore
286 1251 459 1279 librariorum
482 1253 614 1288 scriptum
633 1252 782 1288 βεὸράναις
797 1261 846 1289 pro
862 1253 966 1289 μεϐρά-

178 1306 252 1328 ναις,
264 1305 296 1324 eo
316 1298 502 1332 deceptorum.
519 1299 591 1333 quod
607 1299 632 1326 in
647 1300 742 1335 primis
762 1300 966 1335 exemplaribus

177 1344 251 1371 unde
279 1343 466 1379 exscripsere,
482 1345 512 1371 τὸ
529 1344 543 1379 β
559 1352 589 1372 ea
615 1345 700 1382 ﬁgura
730 1346 891 1381 pingeretur
906 1353 966 1381 quas

176 1397 273 1424 parum
302 1390 384 1417 distat
413 1398 427 1417 a
458 1399 488 1425 μ.
516 1390 573 1418 lloc
596 1391 653 1418 ﬁeri
672 1392 832 1427 plerumque
855 1392 965 1419 solitutn

177 1441 249 1468 esse,
267 1440 367 1462 norunt
384 1435 429 1470 qui
446 1435 474 1462 in
493 1436 618 1463 codicum
631 1437 787 1464 Graecorum
804 1445 885 1464 manu
903 1445 967 1464 exa-

178 1485 300 1508 ralorum
322 1481 441 1508 lectione
458 1482 557 1509 versati
574 1486 649 1509 sunt.
667 1482 769 1510 Locum
783 1491 865 1518 porro
882 1483 965 1514 hunc,

179 1532 208 1554 ut
266 1527 347 1574 codd.
365 1527 503 1574 duobusrB
516 1533 544 1554 et
561 1526 582 1554 A
598 1527 750 1563 legebatur,
766 1527 964 1555 emendandum
979 1545 1000 1574 ϐ

178 1580 211 1599 ex
230 1572 362 1600 Vaticano
387 1573 491 1607 putavi,
511 1574 636 1601 restituto
660 1574 688 1601 in
710 1574 799 1602 locum
811 1575 888 1602 verbi
905 1574 963 1601 οὖσι

178 1619 218 1653 τῷ
248 1618 296 1645 σὺν
324 1618 420 1655 πίσσῃ,
437 1619 508 1654 quod
537 1619 580 1647 ille
605 1620 725 1656 suggerit
753 1621 819 1648 satis
850 1621 882 1648 ad
907 1629 964 1648 rem

179 1665 294 1693 iaciens.

213 1710 331 1744 Βέκλας
355 1719 382 1747 p.
410 1711 455 1739 28.
477 1712 513 1739 Τὸ
540 1712 650 1747 συμϐὰν
668 1713 713 1739 ἐπὶ
741 1713 779 1748 τῷ
808 1713 889 1740 πάλαι
913 1714 964 1740 Βέ-

178 1757 255 1789 κὶας.
271 1757 416 1786 Notissima
432 1764 474 1786 est
490 1759 637 1794 imposlura
655 1759 815 1795 Photii,qua
827 1760 868 1788 sui
887 1768 965 1788 revo-

178 1803 314 1830 cationem
327 1804 361 1831 ab
374 1804 471 1831 exsilio
483 1804 637 1832 eblanditus
652 1809 694 1833 est
709 1813 724 1832 a
737 1805 852 1840 decepto
867 1805 966 1834 Basilio

179 1848 354 1883 imperatore,
379 1849 502 1876 fabulosa
518 1850 576 1885 ejus
594 1850 750 1886 genealogia
766 1851 918 1885 supposita,
938 1851 965 1878 in

177 1901 230 1928 qua
246 1893 334 1928 ipsum
351 1893 481 1920 Basilinm
503 1894 664 1929 prophetica
689 1895 860 1929 designatum
890 1903 966 1923 com-

180 1940 376 1967 miniscebatur
400 1941 532 1968 vocabulo
558 1941 651 1968 Beclas
686 1940 802 1968 formato
827 1948 842 1968 e
870 1941 967 1975 primis

179 1985 280 2012 litteris
290 1986 431 2013 nominum
448 1986 538 2013 Basilii
555 1986 652 2022 ipsius.
673 1991 727 2013 tum
747 1987 828 2021 hujus
843 1987 967 2022 conjugis

179 2032 316 2065 Eudocire,
348 2032 465 2060 ﬁliorum
489 2038 620 2068 prmtcrea
644 2033 730 2068 ipsius
745 2037 876 2068 quatuor.
895 2033 967 2061 Con-

178 2079 308 2112 stantini,
335 2079 456 2113 Leonis,
481 2079 639 2112 Alexandri,
671 2079 815 2113 Stephani.
840 2080 878 2106 Ea
907 2080 967 2108 fuse

178 2130 326 2153 narrantur
352 2133 367 2153 a
395 2125 490 2153 Niceta
519 2126 546 2153 in
563 2126 623 2153 Vita
642 2126 672 2153 S.
688 2125 783 2162 lgnatii
804 2126 967 2161 patriarchae

177 2172 268 2200 CP.et
285 2181 299 2199 a
315 2172 497 2200 Constantino
514 2173 648 2201 Manassc.

1022 244 1146 280 analogia
1166 244 1258 280 potius
1275 245 1394 280 βοασμόν
1409 243 1564 271 formaverit
1580 250 1661 278 quam
1677 242 1809 277 βοασκόν.

1057 289 1177 324 Γαϐρᾶς
1191 298 1217 325 p.
1232 290 1296 318 282.
1313 290 1427 317 Invenio
1449 289 1541 325 Γάὸρα
1557 296 1657 316 nomen
1688 289 1810 316 civitatis

1021 336 1138 364 Persica;
1149 337 1219 371 apud
1232 336 1424 368 Ptolemaeum;
1436 343 1469 363 ex
1480 343 1532 370 qua
1545 335 1664 369 majores
1677 335 1809 362 Germani

1022 382 1192 417 patriarcbm,
1224 382 1258 409 de
1285 390 1341 417 quo
1368 382 1412 409 hic
1441 382 1539 418 agitur,
1570 386 1646 408 ortos
1675 380 1810 415 oportuit.

1020 428 1157 455 Craterum
1183 427 1253 455 ratio
1278 427 1442 459 ἀντιθέσεως
1473 427 1595 461 exigeret
1626 431 1656 454 ut
1679 434 1693 453 a
1719 426 1812 453 Graba

1021 474 1123 510 gentile
1147 481 1247 501 nomen
1270 474 1445 505 formaretnr,
1466 473 1537 506 quod
1565 471 1745 507 responderet
1770 470 1813 503 τῷ

1021 521 1129 554 Λάζος;
1146 520 1178 557 [Ρ
1202 519 1266 556 576]
1283 519 1334 547 nisi
1361 523 1456 547 noster
1482 518 1590 553 Γασρᾶς
1613 518 1641 545 in
1664 522 1741 544 recto
1759 525 1814 552 pro

1023 567 1146 602 Γαῦρεύς
1160 572 1207 594 aut
1220 566 1354 601 Γαὸραίος
1370 565 1504 600 posuerit,
1521 572 1617 592 norma
1632 564 1749 599 quadam
1761 571 1813 590 sua

1021 612 1142 647 propria,
1159 616 1188 639 ut
1203 617 1276 639 amat
1290 619 1351 638 cum
1364 611 1459 646 paucis
1473 610 1559 644 loqui.

1057 657 1230 691 Γασμοῦλοι
1257 661 1284 683 et
1307 656 1523 689 Γασμουλικόν
1555 662 1580 688 p.
1614 653 1677 682 309.
1704 653 1815 687 Vulgus

1021 701 1199 737 Byzantinum
1214 701 1349 737 Ilybridas
1360 708 1391 728 ex
1406 700 1510 727 Latinis
1525 700 1660 735 j’atribus.
1676 698 1815 726 matribus

1020 747 1120 775 Graecis
1136 751 1212 774 natos
1225 746 1302 782 551
1317 746 1490 780 γασμούλους
1502 753 1599 772 vocare
1615 748 1812 774 consueverat,

1021 796 1052 819 ut
1077 791 1157 819 docet
1175 799 1228 818 nos
1242 793 1293 818 hoc
1308 791 1368 818 loco
1386 789 1493 818 Noster.
1512 789 1596 824 Origo
1612 789 1673 816 talis
1688 789 1814 823 appella-

1022 838 1105 865 tionis
1120 837 1225 864 incerta
1244 841 1295 864 est.
1310 836 1452 870 Suspicari
1467 841 1558 863 tamen
1572 835 1637 862 licet
1650 835 1768 862 allusum
1784 834 1814 861 in

1016 891 1047 911 ca
1060 884 1094 911 ad
1107 890 1202 911 vocem
1215 882 1340 910 Latinam
1354 883 1441 909 mulus
1452 882 1552 910 armis
1564 881 1647 908 etiam
1663 882 1807 908 usitatam.

1016 929 1088 965 Lego
1102 930 1174 956 enim
1187 929 1215 956 in
1233 928 1343 955 Basilio.
1366 928 1457 962 Eelog.
1475 928 1509 955 i9
1533 937 1540 955 :
1569 927 1623 953 Καὶ
1639 928 1652 953 ό
1675 927 1810 961 μουλῐων,

1015 976 1063 1003 ἐὰν
1087 975 1122 1001 δι’
1146 974 1275 1010 ἀπειρίαν
1297 974 1344 1000 καὶ
1370 974 1516 1000 ἀσθένειαν
1530 973 1581 999 οὐκ
1598 972 1737 1007 ἐκράτησε
1757 973 1818 998 τῶν

1017 1019 1125 1054 μουλῶν
1135 1027 1145 1046 :
1157 1018 1192 1053 Et
1205 1019 1296 1050 mulio,
1313 1019 1337 1045 si
1347 1018 1378 1045 ob
1396 1019 1558 1052 imperitiam
1574 1017 1613 1044 vel
1627 1017 1815 1052 inﬁrmitatem

1016 1065 1102 1093 mulos
1114 1073 1161 1092 aut
1175 1065 1261 1093 mulas
1280 1071 1367 1092 tenere
1383 1065 1540 1098 nequiverit.
1557 1064 1625 1096 Quia
1639 1071 1703 1098 ergo
1722 1063 1817 1090 mulus

1016 1111 1120 1145 διγενὲς
1142 1115 1184 1138 est
1204 1111 1316 1144 anitnal,
1329 1119 1362 1138 ex
1389 1110 1579 1137 commistione
1605 1109 1722 1136 duarum
1745 1117 1816 1144 spe-

1017 1158 1120 1185 cierum
1135 1162 1241 1189 natum,
1255 1165 1288 1184 ex
1307 1157 1367 1191 ejus
1380 1157 1515 1184 vocabulo
1529 1155 1615 1183 Graci
1629 1155 1818 1182 formaverint

1017 1210 1117 1229 nomen
1142 1209 1197 1237 quo
1219 1202 1405 1237 exprimerent
1431 1200 1504 1228 istud
1523 1207 1610 1235 genus
1629 1199 1817 1234 llyhridarum

1016 1248 1253 1283 Constantinopoli
1270 1252 1359 1275 ortum
1376 1255 1410 1275 ex
1427 1246 1564 1282 conjugiis
1577 1246 1734 1273 Graecarum
1747 1253 1816 1272 cum

1019 1294 1132 1321 Latinis.
1153 1294 1286 1323 Universa
1307 1301 1388 1329 porro
1408 1293 1502 1320 talium
1524 1293 1601 1320 natio
1619 1292 1816 1326 Γασμουλικόν

1017 1341 1167 1368 dicebatur.
1178 1339 1352 1375 Paehymer.,
1362 1339 1450 1374 p.188
1466 1348 1473 1367 :
1487 1339 1532 1374 Τῷ
1547 1338 1575 1364 δέ
1585 1346 1616 1372 γε
1631 1338 1818 1373 Γασμυυλικῷ

1017 1386 1062 1418 οὓς
1073 1387 1105 1422 δὴ
1122 1388 1295 1421 συμμίκτους
1318 1387 1333 1422 ἠ
1360 1386 1416 1413 τῶν
1441 1385 1552 1412 Ἰταλῶν
1575 1385 1663 1411 εἴπειε
1688 1383 1816 1418 γλῶσσα-

1016 1432 1077 1461 Νοη
1114 1433 1294 1461 dissimulabo
1322 1432 1487 1460 Vaticanum
1528 1432 1651 1459 codicem
1689 1431 1718 1458 in
1762 1431 1818 1458 hoc

1017 1479 1139 1507 secundo
1160 1479 1220 1506 loco
1248 1481 1321 1511 (nam
1347 1479 1422 1514 prior
1438 1487 1465 1514 p.
1489 1478 1551 1508 509.
1564 1479 1590 1505 in
1618 1486 1651 1505 eo
1666 1485 1721 1505 non
1737 1485 1816 1504 com-

1018 1526 1105 1561 paret)
1137 1526 1300 1553 vocabulum
1333 1526 1406 1553 istud
1439 1534 1489 1561 pcr
1516 1525 1664 1553 secundam
1692 1524 1816 1552 litteram

1017 1573 1148 1600 inchoare
1174 1582 1181 1599 :
1200 1573 1330 1608 scriptum
1347 1573 1419 1600 enim
1431 1572 1542 1600 exhibet
1558 1572 1597 1606 τῷ
1614 1571 1812 1607 βασμουλικῷ.

1016 1618 1135 1654 Reperio
1167 1619 1250 1646 etiam
1271 1619 1391 1646 Nieetam
1410 1619 1572 1646 Choniatem
1588 1618 1636 1645 lib.
1655 1626 1684 1645 ut
1709 1618 1736 1644 in
1763 1617 1818 1644 Ma-

1016 1665 1097 1692 nnele
1109 1665 1470 1698 Comneno,describentem
1480 1665 1551 1692 idem
1563 1672 1648 1700 genus
1656 1664 1815 1696 hominum,

1019 1713 1190 1748 βασμουλοὺς
1203 1720 1258 1740 non
1294 1712 1468 1748 γασμούλους
1494 1719 1604 1740 vocare.
1630 1711 1816 1747 Pachymeres

1018 1764 1109 1787 tamen
1128 1759 1154 1786 in
1179 1764 1294 1794 utroque
1318 1759 1425 1786 meliori
1449 1759 1543 1786 codice
1569 1764 1698 1786 constans
1723 1763 1767 1785 est
1786 1758 1815 1785 in

1017 1807 1070 1834 hoc
1110 1806 1221 1834 nomine
1253 1814 1302 1841 per
1339 1806 1445 1833 tertiam
1481 1806 1597 1833 litteram
1634 1804 1815 1840 auspicando.

1018 1852 1112 1880 Utrius
1123 1852 1271 1887 praevalere
1281 1851 1379 1879 debeat
1390 1850 1550 1884 auctoritas,
1560 1850 1673 1878 arbitrio
1687 1850 1819 1885 relinquo

1018 1898 1161 1934 prudentis
1174 1898 1295 1926 lectoris.

1053 1945 1292 1979 Γονικευθείσης
1316 1953 1343 1979 p.
1362 1944 1423 1972 164.
1452 1946 1492 1972 lta
1508 1944 1569 1972 cod.
1602 1948 1728 1979 uterque,
1747 1944 1769 1970 Β
1785 1948 1817 1971 et

1018 1991 1051 2019 A.
1069 1991 1217 2020 Vaticanus
1244 1996 1356 2018 autem:
1387 1990 1479 2025 τρίτον
1494 1991 1562 2025 ὅπερ
1581 1987 1615 2026 ἦν
1639 1989 1815 2026 ἐξῃρημένον

1019 2038 1068 2073 τῆς
1086 2038 1138 2072 γῆς
1166 2038 1222 2069 τοῖς
1245 2036 1470 2072 θεληματαρίοις.
1488 2036 1609 2071 Apparet
1626 2036 1741 2064 verbum
1762 2036 1817 2063 hoc

1020 2091 1081 2111 esse
1096 2083 1316 2119 agrimensornm
1332 2091 1396 2109 arva
1406 2082 1589 2109 dividentium
1601 2087 1629 2109 et
1643 2089 1692 2108 sua
1711 2081 1816 2116 cuique

1019 2129 1218 2165 assignantium
1237 2129 1346 2164 jugera.
1366 2129 1506 2163 Nusquam
1522 2127 1587 2155 alibi
1609 2128 1661 2155 hoc
1690 2128 1816 2155 vonabu-

1019 2177 1076 2204 lum
1094 2175 1205 2203 memini
1220 2183 1261 2202 me
1277 2175 1378 2210 legere.
1399 2174 1530 2209 Suspicor
1545 2178 1637 2201 autem
1663 2173 1816 2201 formatum

213 2219 335 2253 Βλᾰγκα
350 2226 378 2254 p.
394 2218 455 2246 565.
468 2220 505 2246 Τὺ
527 2220 555 2246 δὲ
572 2220 639 2254 πρὸς
658 2220 704 2246 τὸν
720 2220 842 2254 Βλάγκα.
858 2220 895 2247 lta
907 2220 966 2247 Cod.

1024 2230 1038 2249 a
1064 2221 1141 2255 γόνος
1155 2221 1328 2257 signiﬁcante
1359 2222 1446 2255 μίτον,
1465 2221 1516 2247 hoc
1529 2224 1571 2247 est
1588 2220 1662 2246 illum
1686 2220 1749 2247 sive
1768 2220 1814 2247 l'u-

177 2265 341 2292 Allatianus.
374 2264 539 2293 Barberinus
569 2274 634 2293 vero
660 2265 690 2292 τὺ
715 2266 784 2301 πρὸς
802 2266 840 2301 τῷ
857 2266 969 2302 BMqu

178 2312 382 2338 κοντοσκέλιον.
395 2310 542 2339 Vaticanus
551 2312 611 2339 sine
625 2312 766 2340 mentione
778 2313 967 2339 κοντοοκελίου

177 2357 218 2385 sic
234 2358 317 2385 habet
331 2367 338 2385 :
356 2358 392 2384 Τὸ
406 2358 434 2385 δὲ
451 2358 519 2393 πρὸς
535 2359 582 2385 τὸν
598 2358 733 2393 Βλάγκαν,
751 2359 778 2386 id
793 2359 917 2386 referens
934 2359 968 2387 ad

177 2410 273 2430 vocem
300 2402 425 2438 vstbptov,
441 2404 551 2436 navale,
576 2405 704 2440 superius
737 2405 864 2440 positam.
897 2405 967 2438 Quid

177 2448 262 2477 fuerit
284 2449 330 2476 hic
346 2449 446 2476 Blanca
463 2450 503 2477 vel
520 2449 645 2482 Blancas,
659 2450 686 2477 in
714 2451 902 2478 monumentis
921 2455 969 2478 aut

178 2495 412 2530 descriptionibus
427 2496 738 2531 Constantinopolitanm
752 2496 828 2524 urbis
847 2496 968 2531 reperire

179 2542 302 2570 nondum
319 2542 407 2577 potui.

212 2587 371 2623 Βοασμούς
381 2596 409 2623 p.
421 2587 484 2615 555.
497 2587 543 2615 Sic
558 2587 677 2622 optimus
691 2586 778 2614 codex
792 2586 967 2621 Barberinus,

178 2634 259 2668 cujus
275 2627 437 2661 auctoritate
455 2633 646 2668 corrigendum
664 2637 790 2667 putamus
801 2632 967 2660 Allatianum

177 2680 224 2716 qui
245 2680 381 2715 βοασκοὺς
398 2679 473 2707 clare
489 2680 565 2715 legit.
581 2680 648 2707 Nam
674 2683 703 2705 et
729 2677 886 2710 Vaticanus,
903 2678 968 2705 licet

176 2726 204 2754 in
221 2726 274 2754 hoc
290 2726 421 2754 vocabulo
436 2725 601 2756 balbutiens,
621 2726 706 2762 magis
729 2724 763 2751 ad
788 2724 967 2751 Barberinum

175 2772 302 2805 inclinat,
328 2773 393 2799 dum
417 2773 457 2800 sic
477 2772 589 2799 exhibet
616 2773 691 2800 hunc
719 2772 831 2799 locum:
858 2769 914 2801 Οὒς
935 2769 968 2804 δὴ

176 2817 316 2851 βοασμοὺς
327 2819 352 2844 οι
369 2819 457 2845 κοινοὶ
473 2819 610 2853 λέγουσιν.
631 2819 751 2853 Apparet
766 2818 864 2845 boatus
873 2815 966 2843 Graeca

176 2862 269 2897 lingua
298 2863 399 2899 vulgari
432 2863 571 2899 βοασμούς
598 2865 696 2899 dictos,
713 2869 741 2893 ct
770 2868 895 2900 prompta
925 2868 968 2891 est

1022 2269 1155 2302 niculum,
1184 2276 1239 2304 quo
1272 2268 1301 2295 in
1334 2267 1526 2303 designatione
1555 2267 1735 2302 praediorum,
1751 2275 1816 2303 qua:

1021 2315 1121 2349 cuique
1151 2314 1178 2341 in
1205 2313 1355 2349 partitione
1381 2318 1516 2340 terrarum
1543 2312 1743 2344 attribuuntur,
1774 2314 1816 2340 nti

1020 2361 1189 2388 coloniarum
1221 2360 1386 2387 deductores
1414 2359 1515 2386 solent.
1533 2357 1611 2385 Unde
1638 2362 1701 2385 sunt
1717 2357 1756 2384 illi
1787 2359 1816 2385 in

1021 2405 1174 2440 Scripturis
1194 2410 1248 2432 tam
1263 2412 1335 2439 saepe
1348 2404 1471 2439 usurpati
1482 2404 1596 2431 funiculi
1609 2403 1815 2435 luereditatum,

1020 2450 1135 2483 lParal,
1153 2458 1217 2481 xu.
1250 2450 1301 2483 l8;
1325 2449 1427 2482 .Iosne,
1455 2457 1522 2482 xvii,
1551 2449 1567 2476 5
1597 2453 1625 2476 ct
1645 2449 1694 2482 H;
1722 2456 1781 2481 xux,
1798 2449 1816 2476 9

1020 2500 1047 2523 et
1068 2496 1123 2530 29;
1138 2495 1212 2523 Psal.
1230 2503 1330 2528 Lxxt‘tt,
1350 2496 1384 2523 54
1400 2504 1407 2529 ;
1422 2503 1476 2528 etv,
1503 2496 1533 2523 il
1554 2499 1581 2523 et
1595 2495 1670 2522 alibi.
1701 2495 1815 2522 Fundus

1020 2542 1087 2569 mihi
1121 2542 1289 2576 ceujecturze
1318 2542 1472 2577 Hesychius
1505 2547 1547 2569 est
1564 2541 1637 2576 apud
1652 2549 1734 2576 quem
1751 2541 1814 2577 lego

1019 2588 1098 2622 γόνον
1127 2588 1215 2623 μίτον.
1248 2587 1342 2615 Posset
1369 2588 1452 2615 etiam
1473 2588 1545 2615 forte
1571 2587 1691 2622 cuipiam
1722 2587 1812 2614 videri

1020 2635 1170 2662 deductum
1191 2633 1304 2662 verbum
1333 2633 1486 2668 γονικεύειν
1512 2641 1527 2661 a
1545 2641 1610 2661 voce
1625 2633 1702 2667 γονῐσ.
1717 2633 1812 2660 locum

1019 2679 1203 2716 signiﬁcante,
1218 2685 1247 2707 ut
1263 2679 1399 2707 Meursius
1416 2679 1507 2711 tradit,
1524 2679 1597 2714 quod
1618 2679 1645 2706 in
1672 2679 1811 2714 ejusmodi

1020 2726 1252 2761 assignationibus
1274 2733 1400 2761 agrorum
1418 2725 1533 2760 singulis
1551 2725 1631 2757 locis.
1648 2725 1700 2752 hoc
1713 2729 1757 2752 est
1771 2725 1814 2752 la-

1020 2772 1114 2805 miliis,
1129 2780 1177 2800 sua
1196 2776 1274 2800 teme
1289 2771 1397 2799 arabilis
1415 2771 1505 2806 portio
1520 2771 1668 2798 tribuatur.

1055 2818 1261 2848 Δαιταλευταί,
1279 2825 1306 2852 p.
1324 2817 1385 2844 161.
1401 2816 1454 2844 Pro
1481 2816 1667 2849 δαιταλευταί,
1693 2816 1768 2852 quod
1784 2817 1813 2844 in

1021 2864 1127 2893 duobus
1142 2864 1221 2893 codd.
1239 2863 1259 2890 Β
1273 2868 1301 2892 et
1317 2863 1339 2891 A
1350 2861 1461 2898 legitur,
1482 2862 1631 2890 Vaticanus
1645 2862 1730 2891 habet
1757 2863 1815 2899 μά.-
