1944 3067
126 151 194 185 1013

801 153 823 184 G
830 152 1015 183 LOSSARIU
1022 154 1059 183 Μ.

1690 150 1759 183 1οη

124 217 226 245 γαιροι,
243 207 314 244 quod
334 212 447 236 secutus
459 216 520 236 sunt
536 209 563 236 in
582 209 808 245 interpretatione
831 217 911 236 voca-
926 208 950 238 A
962 217 1042 244 quam
1072 209 1158 236 valido
1185 209 1269 236 illisus
1296 210 1394 243 impetu
1419 208 1529 236 interiit.
1551 207 1622 236 Sane
1640 214 1769 236 mortem»

125 255 181 284 buli
199 263 215 283 a
229 263 272 283 me
286 255 396 290 quidem
409 255 473 283 alibi
488 263 544 283 tton
561 256 624 283 visi.
642 256 789 291 Reperitur
802 255 912 290 quidem

124 299 268 331 δαιταλεύς
285 300 405 332 conviva,
419 300 538 332 sodalis;
559 300 607 328 sed
635 300 758 336 fuliginis
773 306 799 328 et
814 300 913 328 carbo-

127 354 204 379 num,
219 346 321 381 quibus
336 348 455 381 parietes
469 347 630 382 deturpatos
648 347 683 374 ab
701 347 761 374 istis
775 347 914 374 δαιταλευ-

124 393 185 424 ταῖς
199 397 293 421 noster
305 393 443 428 queritur,
461 393 564 422 mentio
580 394 671 429 aptius
688 394 715 421 in
730 402 833 429 coquos
848 402 914 429 qua-

126 438 197 465 drat.

162 483 320 518 Διασαινᾶς
335 491 361 519 p.
378 485 442 513 466.
467 485 550 513 Addit
564 485 714 514 Vaticanus
727 486 774 513 ἐπὶ
795 485 834 521 τῷ
849 487 913 513 Δια-

127 529 207 564 ῦαινᾷ
237 529 325 565 τόπῳ,
338 531 410 565 quod
426 531 529 559 indicat
547 531 636 560 locum
658 532 802 567 quemdam
828 531 914 560 fuisse

127 574 201 602 circa
214 574 382 609 Ternobum,
401 576 438 604 ita
451 582 588 605 vocatum.

164 620 197 656 [Ρ
215 620 279 657 577]
296 622 469 657 Διαφωνεῖν.
500 623 640 658 Duplicrm
671 623 804 652 habemus
833 624 915 659 huius

127 667 206 694 verbi
234 675 313 695 usum
342 668 414 704 apud
442 668 650 705 Pacltymerem,
672 669 831 697 inusitatum
868 674 916 697 aut

129 721 224 740 rarum
249 718 396 749 utrumque
422 722 455 743 ac
477 720 622 751 propterea
644 715 819 743 enarratione
834 715 914 750 552

129 758 306 794 indigentem.
324 761 401 788 Prior
436 766 535 795 exstat,
562 770 589 797 p.
618 762 680 789 145.
702 761 762 789 Non
789 762 914 796 usurpari

130 802 183 831 hoc
213 804 273 832 loco
305 805 418 832 verbum
452 806 598 840 διαφωνεῖν
624 807 651 834 in
680 806 782 842 vulgari
812 806 915 833 discre-

128 850 211 883 pandi
237 855 286 877 aut
313 851 491 879 dissentiendi
517 852 639 885 notione,
672 853 739 880 satis
763 852 914 880 attenuenti

128 899 214 930 patet.
235 898 297 932 Agit
312 902 408 926 auctor
421 898 455 926 de
472 898 631 927 Latinorum
648 899 914 934 Constantinopolim

127 942 311 970 obtinentium
338 945 459 972 exercitu
500 945 686 980 Daphnusiam
727 949 914 982 oppugnante,

128 991 188 1014 tum
214 995 276 1015 cum
297 996 376 1024 capta
405 995 447 1017 est
481 990 734 1026 Constantinopolis
761 991 795 1018 ab
818 991 915 1019 Alexio

127 1033 247 1062 Caesare.
266 1034 351 1070 Cujus
367 1035 417 1069 rei,
437 1036 501 1063 dum
518 1037 607 1064 adhuc
628 1037 715 1068 ﬁeret.
743 1038 814 1064 fama
836 1038 914 1072 quasi

128 1079 262 1108 divinitus
275 1081 307 1108 ad
321 1080 433 1110 Latinos
447 1083 612 1118 Daphnusia:
625 1088 828 1119 oppugnatores
856 1091 914 1110 mo-

131 1130 226 1152 mento
248 1126 352 1161 perlata
381 1128 570 1155 consternavit
587 1128 648 1157 illos
663 1128 778 1156 horrore
801 1129 916 1163 periculi

129 1171 157 1197 in
173 1179 229 1206 quo
244 1173 347 1199 versari
364 1173 514 1208 apparebat
525 1181 623 1202 uxores
635 1178 662 1202 et
675 1174 774 1202 liberos
794 1174 914 1208 ipsorum

128 1216 364 1253 Constantinopoli
389 1219 508 1247 relictos.
541 1220 620 1248 Unde
637 1220 729 1248 statim
761 1220 916 1252 solverunt,

128 1263 312 1297 suppetias,si
326 1265 500 1299 pervenirent
514 1265 540 1292 in
553 1270 686 1300 tempore,
701 1266 793 1293 laturi.
805 1265 914 1294 Nullum

130 1308 177 1336 hic
193 1308 324 1336 indicium
340 1309 522 1339 dissensionis
541 1311 614 1338 inter
632 1311 718 1346 ipsos.
734 1311 825 1345 Quare
853 1320 916 1339 ver-

129 1353 194 1380 bum
215 1354 458 1390 διαπεφωνήκεσαν
482 1357 553 1384 male
568 1357 620 1385 hoc
642 1357 703 1385 loco
722 1357 917 1392 interpretare-

129 1404 184 1433 tur,
215 1400 262 1435 qui
291 1401 464 1430 discordibus
495 1403 675 1431 tumultuatos
704 1404 851 1432 sententiis
879 1404 914 1431 ad

130 1446 212 1473 talem
230 1447 358 1475 nuntium
385 1447 496 1477 Latinos
513 1449 627 1477 diceret.
648 1449 704 1477 Nec
728 1449 824 1477 dubito
849 1451 916 1485 quin

129 1496 238 1524 παι-ιον,
257 1493 397 1521 studiosus
411 1493 553 1522 aﬂ‘ectator
570 1495 733 1523 eruditionis
752 1495 879 1530 antiquas,
892 1499 920 1523 et

967 255 1039 282 illius
1059 255 1130 290 nigri
1161 255 1259 291 pugilis
1287 263 1319 282 ex
1337 254 1384 281 illo
1403 262 1468 282 casu
1492 258 1617 282 secutam
1641 254 1756 281 indicari

968 301 1051 328 verbo
1079 301 1231 335 διεφώνησε
1247 300 1368 328 ostendit
1393 301 1504 335 plausus
1527 299 1563 327 ibi
1592 300 1682 326 statim
1701 307 1757 326 me?

968 352 1090 374 moratus
1110 347 1257 374 favitorum
1277 346 1403 377 Andreae,
1430 346 1477 381 qni
1507 345 1646 374 candidati
1665 353 1696 372 ea
1717 345 1757 372 v't-

967 393 1044 421 sioue
1069 394 1248 429 apparebant,
1275 398 1305 421 et
1339 393 1483 429 gratulatio
1511 398 1638 427 tanquam
1675 391 1758 426 plena

967 439 1080 467 victoria
1094 447 1160 467 nece
1180 439 1328 466 adversarii
1348 444 1473 474 patrata:
1493 439 1597 472 Κρότος
1611 437 1640 463 δὲ
1659 437 1756 471 μέγας.

968 485 1066 521 inquit,
1081 486 1136 512 τῶν
1151 485 1333 521 λευχειμόνων
1346 487 1393 512 καὶ
1423 486 1494 520 χαρὰ
1511 484 1666 518 γλυκυτάτη
1693 483 1755 509 τότε

967 532 1086 565 ἐγένετο.
1105 531 1167 559 Haec
1182 539 1237 559 non
1251 539 1519 562 commemorassent,
1535 531 1588 557 nisi
1603 530 1756 557 necessaria

967 584 1060 605 essent
1089 577 1124 606 ad
1141 577 1224 605 alium
1240 577 1414 613 Pacltymetis
1441 576 1525 604 nostri
1553 576 1643 603 locum
1670 575 1755 602 iecta-

967 623 1093 655 randutn,
1107 630 1133 657 p.
1149 623 1210 650 486.
1228 623 1289 658 Agit
1303 623 1343 650 de
1354 622 1437 657 Cotye
1451 622 1579 656 quodam,
1605 621 1651 655 qui
1673 620 1752 655 jussu

968 670 1141 704 imperatoris
1169 673 1312 704 correptus
1342 677 1357 695 a
1398 668 1559 701 tortoribus,
1589 675 1649 694 cum
1666 666 1762 694 vinci-7

969 720 1046 742 retur
1071 715 1137 743 diris
1161 715 1304 749 suppliciis
1331 714 1653 745 exeruciaudus,.c0rum
1673 711 1753 747 553

968 761 1029 796 ipso
1043 765 1118 788 metu
1147 760 1321 787 exanimatus
1347 759 1500 788 conciderit
1516 763 1650 785 mortuus.
1676 758 1754 785 Unde

969 808 1060 834 statim
1092 807 1219 834 eumdem
1258 806 1333 833 addit
1373 805 1480 839 pondus
1506 803 1659 831 miserabile
1688 803 1754 829 sult-

969 853 1052 880 latum
1078 857 1105 880 et
1123 852 1207 880 humo
1227 852 1384 879 mandatum
1413 851 1497 878 fuisse
1521 850 1612 877 nudtis
1638 857 1755 876 cernen-

929 885 954 914 Β
968 899 1053 927 tibus.
1064 898 1100 926 Ut
1113 906 1167 925 non
1184 897 1220 925 sit
1236 905 1351 925 necesse
1367 897 1400 925 ad
1414 896 1622 931 intelligendum
1636 900 1755 921 mortem

966 946 1048 980 hujus
1078 944 1163 972 verbo
1191 944 1336 978 διαφωνεῖν
1364 951 1378 970 a
1405 942 1571 978 Pachymere
1595 940 1758 976 signillcari.

965 998 1108 1019 recurrere
1122 991 1156 1018 ad
1172 990 1333 1018 Vaticanum
1351 989 1548 1024 paraphrastcn
1566 988 1639 1015 hunc
1664 988 1758 1013 locum

965 1037 1005 1065 sic
1021 1037 1243 1072 exprimentem:
1271 1036 1301 1063 '0
1313 1036 1341 1062 δὲ
1361 1035 1427 1069 πρὶν
1455 1035 1542 1066 δεθεὶς
1563 1033 1754 1069 κρεμαεοῆναι

964 1083 1003 1118 τῷ
1017 1083 1093 1119 φόϐῳ
1117 1083 1167 1118 τὴν
1192 1082 1282 1117 ψυχὴν
1298 1081 1469 1117 ἀποτίοησιν.
1497 1080 1553 1108 lloc
1571 1084 1631 1107 est:
1647 1080 1673 1105 Is
1694 1086 1760 1106 uero.

965 1132 1118 1165 priusquam
1132 1130 1232 1157 vitulus
1239 1129 1452 1164 suspenderetur,
1463 1132 1533 1155 metu
1544 1127 1662 1154 animum
1680 1125 1750 1159 αιτιο-

966 1176 1015 1203 υἰι.
1290 1191 1291 1194 η

1000 1221 1133 1256 Διδυμόω
1154 1229 1181 1257 p.
1211 1221 1272 1249 364.
1303 1220 1435 1256 Διδυμοῦν
1462 1227 1512 1255 pro
1544 1219 1679 1254 geminare
1711 1216 1757 1244 vix-

965 1268 1038 1302 apud
1052 1272 1158 1295 veteres
1171 1267 1307 1302 reperias.
1323 1266 1376 1306 Sed
1405 1266 1481 1301 origo
1497 1269 1622 1300 apparet,
1639 1268 1666 1291 et
1679 1268 1754 1291 recte

966 1318 1075 1342 constat
1087 1313 1221 1349 analogia.
1568 1340 1571 1345 ,

1003 1359 1035 1395 [P
1049 1358 1113 1395 578]
1130 1358 1228 1386 δοκῶν
1245 1367 1272 1394 p.
1293 1358 1354 1386 “8.
1381 1358 1419 1386 Ita
1450 1357 1530 1385 codd.
1546 1351 1566 1383 Β
1592 1362 1619 1384 ct
1644 1357 1676 1384 A.
1699 1355 1753 1384 Va-

967 1405 1073 1432 ticanus
1099 1409 1190 1433 autem
1217 1412 1293 1433 more
1310 1412 1360 1433 suo
1375 1404 1461 1432 libere
1492 1408 1602 1430 mutans
1615 1410 1674 1437 quae
1703 1402 1755 1429 ob.

969 1450 1093 1478 scuriora
1109 1454 1197 1486 putat,
1218 1452 1233 1478 ὸ
1250 1452 1358 1486 πρῶτος
1373 1458 1424 1485 pro
1448 1450 1462 1477 ὁ
1477 1449 1563 1476 δοκῶν
1579 1449 1666 1484 ponit,
1697 1456 1755 1476 non

968 1496 1040 1524 male
1054 1497 1218 1524 sententiam
1245 1497 1441 1531 interpretans.
1461 1495 1531 1523 Sunt
1550 1495 1620 1522 enim
1649 1494 1759 1522 Graecis

128 1542 241 1572 captare
256 1540 378 1574 gaudens
392 1541 522 1569 notiones
535 1542 686 1574 abstrusas,
701 1542 732 1568 τὸ
744 1542 913 1577 διαπεφωνή-

968 1543 1049 1570 etiam
1063 1542 1201 1570 veteribus
1215 1543 1239 1568 ot
1259 1541 1410 1575 δοκοῦντες,
1426 1541 1472 1576 qui
1488 1540 1663 1572 auctoritate.
1697 1539 1753 1567 exi-

129 1593 213 1613 κεσαν
226 1587 401 1621 usurpaverit
414 1594 448 1615 eo
462 1595 544 1615 sensu
561 1596 616 1622 quo
628 1596 643 1615 a
669 1587 742 1615 LXX
754 1588 874 1623 positum
888 1589 915 1616 id

128 1634 243 1660 verbum
260 1637 302 1660 est
327 1633 478 1661 Ezechielis
507 1642 531 1662 c.
550 1642 653 1668 xxxv",
684 1635 735 1663 H:
758 1635 915 1662 Ἀπόλωλεν

128 1678 145 1712 ἠ
159 1678 236 1710 ἐλπὶς
252 1679 342 1714 ἡμῶν,
360 1679 620 1715 διαπεφωνήκαμεν,
648 1680 720 1714 quod
735 1679 862 1715 vulgatus
882 1689 915 1708 ex

127 1724 285 1759 Originibus
298 1725 397 1753 vertit:
412 1725 494 1752 Periit
519 1733 577 1760 spes
592 1730 682 1753 nostra
701 1731 725 1753 et
742 1726 850 1753 ιώδείεεὶ
868 1734 914 1752 su-

128 1778 198 1798 mus.
221 1770 269 1798 Est
289 1771 362 1798 enim
390 1771 417 1798 in
440 1771 554 1799 Hebraeo
576 1777 660 1802 nam
677 1772 819 1807 nigzarenu
834 1780 849 1800 a
868 1777 916 1803 Ἶτλ

127 1824 221 1850 gazar,
241 1817 313 1851 quod
329 1821 370 1844 est
382 1817 559 1851 abscindere;
577 1822 605 1845 et
614 1817 724 1845 additur
733 1823 775 1847 ππ
787 1818 851 1845 lanu
868 1826 914 1845 no-

128 1862 178 1890 bis.
206 1862 277 1897 quod
296 1862 347 1889 nisi
376 1863 506 1896 abundat,
526 1868 556 1891 ιιι
577 1863 640 1891 alibi
659 1870 714 1890 non
735 1870 809 1895 raro,
828 1863 913 1891 videri

127 1913 219 1943 potest
245 1916 278 1936 co
294 1908 430 1942 pertinere
457 1913 488 1937 ut
513 1909 684 1945 signiﬁcetur
700 1909 799 1937 divisio
829 1909 913 1936 animi

126 1954 205 1989 quasi
219 1962 234 1982 a
251 1962 282 1983 se
308 1955 377 1990 ipso,
395 1955 462 1988 sive,
485 1960 513 1983 ut
528 1955 593 1983 alibi
617 1954 759 1990 Scriptura
783 1955 914 1990 loquitur,

126 2000 279 2036 contractio
296 2001 398 2033 cordis,
414 2001 503 2036 qualis
519 2001 654 2036 contingit
671 2000 760 2027 subita
770 2005 799 2027 et
815 2008 913 2035 magna

125 2047 282 2074 calamitate
299 2047 518 2081 comprehensis,
536 2047 615 2081 cujus
639 2046 808 2081 depellenda:
839 2047 914 2074 nulla

126 2097 175 2119 aut
190 2092 281 2119 tenuis
295 2100 357 2127 spes
372 2097 425 2119 est.
442 2092 571 2120 Vatablus
585 2091 667 2119 vertit
681 2100 688 2119 :
706 2091 808 2119 διιεεὶδί
822 2101 913 2119 sumus

126 2138 214 2165 nobis.
239 2138 308 2165 Puto
322 2138 456 2174 llesychio
472 2139 546 2166 hunc
570 2139 659 2173 ipsum
675 2137 747 2165 LXX
774 2139 912 2175 interpre-

127 2189 185 2211 tum
204 2184 292 2211 locum
308 2184 483 2211 obversatum
501 2184 605 2217 animo,
621 2191 682 2211 cum
698 2184 912 2220 διαπεφωνήκα-

966 1589 1136 1621 stimatione,
1153 1588 1282 1624 dignitate
1301 1588 1329 1615 in
1345 1587 1435 1622 aliqua
1451 1591 1529 1623 gente
1545 1590 1592 1614 aut
1606 1585 1756 1613 ctetucmi‘

967 1639 1043 1666 nent,
1061 1634 1171 1669 antiqua
1199 1637 1229 1660 et
1246 1633 1341 1668 proba,
1369 1633 1416 1660 sed
1449 1632 1545 1659 rariori
1574 1636 1603 1658 et
1620 1630 1680 1658 ideo
1707 1630 1753 1658 hic

965 1687 1021 1707 non
1049 1672 1150 1707 frustra
1170 1679 1308 1707 declarata
1336 1678 1461 1706 notione.
1491 1677 1564 1704 Talis
1577 1682 1667 1704 autem
1693 1679 1754 1702 erat

966 1726 1038 1754 inter
1052 1725 1312 1753 ltostltelematarios
1328 1731 1375 1752 seu
1391 1723 1559 1751 voluntarios
1572 1721 1752 1752 Culrilzaccs,

966 1779 1046 1807 quem
1061 1771 1188 1806 superius
1211 1770 1322 1802 Noster,
1340 1777 1367 1804 p.
1385 1769 1447 1802 1'58,
1463 1769 1508 1796 ubi
1523 1767 1644 1795 narravit
1658 1767 1752 1794 Ctesa-

966 1826 1024 1846 rem
1053 1818 1115 1850 τοὺς
1132 1817 1277 1848 δοκοῦντας
1299 1816 1509 1852 θεληματαρῖων
1529 1820 1707 1844 convocasse,
1723 1812 1753 1839 in

966 1865 1000 1892 iis
1014 1864 1097 1891 fuisse
1111 1863 1280 1899 praecipuum
1292 1862 1474 1893 demonstrat,
1487 1861 1551 1888 dum
1578 1860 1656 1887 illum
1691 1859 1755 1887 vico.
1769 1877 1771 1879 -

965 1918 997 1938 ac
1007 1909 1119 1938 nomine
1136 1909 1258 1936 omnium
1272 1909 1391 1936 locutum
1403 1907 1496 1935 refert.

1001 1956 1078 1989 Δόξα
1095 1964 1122 1991 p.
1149 1955 1213 1982 275.
1238 1954 1296 1983 Vox
1321 1954 1385 1987 δόξα
1411 1954 1457 1981 hic
1474 1952 1605 1988 peculiari
1637 1950 1752 1978 uotian

965 2002 1084 2030 sumitur
1110 2008 1160 2036 pro
1186 2001 1312 2036 dogmate
1327 2001 1386 2027 sive
1411 1999 1535 2026 doctrina
1552 2006 1651 2030 sacra,
1669 2004 1751 2031 quam

965 2049 1157 2076 inconcussam
1189 2051 1294 2079 tenere,
1323 2054 1372 2081 pro
1400 2054 1452 2080 qua
1483 2046 1584 2080 pacisci
1614 2046 1697 2074 vitam
1724 2052 1753 2074 ct

964 2095 1127 2130 sanguinem
1139 2093 1287 2121 Christiani
1302 2093 1424 2128 cujusvis
1438 2092 1563 2120 oilicium
1571 2097 1623 2119 est.
1640 2091 1752 2120 Vatica-

964 2150 1016 2169 nus
1033 2141 1073 2168 sic
1106 2139 1285 2176 παραφράξει
1303 2139 1392 2166 locum
1408 2139 1501 2166 hunc:
1517 2139 1564 2170 Εἰς
1577 2139 1604 2165 τί
1630 2139 1684 2174 γάρ
1709 2147 1752 2168 τις

966 2187 1187 2221 σκανδαλισθειη,
1200 2187 1242 2213 ὃτι
1259 2185 1416 2220 μεταλλαγὴ
1431 2193 1474 2216 τις
1490 2184 1586 2218 γέγονε
1600 2185 1648 2219 τῆς
1663 2192 1753 2220 παρα-

129 2239 179 2265 μεν
190 2229 386 2264 interpretatur
399 2230 564 2264 ἀπωλόμεθα
579 2230 717 2264 periimus,
732 2238 794 2265 qute
809 2236 850 2259 cst
861 2240 911 2258 vox

968 2233 1112 2269 δεδομένης
1138 2220 1204 2268 ἡμῖν
1235 2231 1333 2267 δόξης;
1365 2231 1423 2257 ἀλλ’
1450 2230 1536 2261 οὐδὲν,
1568 2229 1752 2266 χορηγοῦντος

125 2275 341 2309 desperandum,
373 2280 402 2302 ct
424 2275 451 2302 in
477 2283 595 2302 occursu
633 2275 817 2303 ineluctabilis
850 2277 913 2303 tnali

126 2329 256 2357 angorem
271 2321 366 2354 animi,
384 2322 430 2356 qui
446 2321 529 2349 verbo
557 2322 702 2356 διαφωνεῖν
731 2322 912 2357 significatur,

125 2368 351 2402 exprimentium.
380 2368 467 2395 Grmci
491 2375 583 2396 tamen
610 2368 788 2403 posteriores,
812 2377 845 2396 ex
867 2369 913 2396 illo

125 2414 244 2442 fortasse
268 2418 316 2441 aut
348 2413 418 2440 LXX
447 2415 595 2441 Seniornm
618 2419 666 2442 aut
696 2414 827 2450 Iiesychii
840 2415 913 2448 loco,

124 2460 210 2488 verbo
237 2459 381 2493 διαφωνεῖν
395 2460 569 2488 cxanitnandi
588 2465 636 2488 aut
648 2461 805 2496 exspirandi
821 2463 910 2489 notio-

124 2515 188 2535 nem
204 2506 392 2541 subiecerunt.
417 2507 520 2534 Auctor
541 2515 693 2544 anonymus
720 2508 850 2535 Actorum
871 2508 913 2535 fu-

124 2553 234 2580 sissime
258 2554 423 2586 scriptorum
447 2552 477 2580 Β.
508 2552 626 2580 Andreae
643 2558 826 2587 cognomento
843 2553 910 2584 Sali,

122 2607 185 2634 quae
197 2603 305 2626 exstant
331 2599 424 2626 Graece
441 2599 468 2626 in
493 2600 556 2627 cod.
577 2600 708 2627 Vaticano
728 2600 807 2632 1574,
834 2609 860 2635 p.
884 2601 912 2633 5,

123 2646 247 2674 referens
262 2645 408 2679 quamdam
426 2645 527 2672 luctatn
546 2653 594 2680 per
607 2646 744 2674 somnium
759 2654 911 2679 ostensam,

124 2700 178 2726 qua
194 2691 265 2732 idem
280 2691 311 2717 Β.
326 2690 451 2718 Andreas
461 2691 639 2718 commissum
650 2699 743 2719 secum
755 2691 910 2725 Ethiopcm

125 2736 275 2773 prostravit
291 2736 445 2771 occiditque
458 2737 526 2764 eliso
539 2738 598 2771 ejus
627 2737 660 2764 ad
687 2742 792 2772 petram
810 2736 910 2772 capite.

123 2784 162 2811 sic
176 2784 290 2811 scribit:
318 2783 434 2817 Ἔτυχεν
455 2783 537 2810 αὑτοῦ
553 2782 714 2818 (ιλΕιΙιὶορίε)
742 2784 773 2810 τὸ
799 2783 911 2817 κρανίον

122 2830 164 2860 εἰς
193 2829 309 2864 πέτραν,
326 2828 374 2854 καὶ
401 2829 574 2863 κατενεχθεὶς
594 2829 722 2864 παραυτὰ
748 2828 909 2863 διεφώνησε,

124 2876 178 2903 hoc
195 2880 237 2903 cst
252 2883 258 2902 :
277 2873 356 2902 Forte
373 2883 448 2902 ructu
481 2876 570 2902 invidit
595 2876 681 2911 rapite
695 2876 721 2902 in
747 2880 861 2910 petram,
875 2875 910 2902 ad

965 2279 1264 2315 Θεοῠ,παρα6έ6αςται,
1280 2284 1334 2305 etc.
1352 2277 1422 2304 Infra
1442 2277 1491 2304 lib.
1506 2284 1543 2308 vt.
1560 2284 1585 2304 c.
1599 2277 1610 2304 ί
1629 2284 1753 2312 usurpa-

966 2331 1010 2353 tur
1025 2326 1082 2353 hasc
1104 2324 1198 2352 eadem
1215 2331 1266 2352 vox
1281 2324 1375 2350 cadent
1403 2323 1515 2351 notione
1542 2323 1570 2349 in
1585 2321 1627 2349 his
1641 2322 1750 2350 verbis:

965 2370 1001 2397 Τδ
1019 2369 1175 2405 παραϐῆναι
1193 2369 1262 2403 σφᾶς
1291 2368 1346 2404 τὴν.
1360 2369 1427 2403 πρὶς
1440 2369 1543 2394 ἐκεῖνον
1561 2367 1650 2403 (Θεὸν)
1676 2375 1752 2402 νομι-

965 2414 1081 2449 ζομένην
1098 2414 1177 2447 δόξαν
1200 2413 1329 2449 ἀρχῆθεν.

1006 2461 1170 2495 Ἐγκόλπια
1210 2467 1238 2494 p.
1266 2459 1330 2488 265.
1360 2459 1539 2494 lntelligimus
1566 2459 1639 2487 hinc.
1658 2466 1751 2487 sacras

965 2506 1116 2537 icunculas,
1147 2505 1242 2540 quales
1274 2504 1407 2532 habemus
1435 2512 1529 2532 cereas
1558 2504 1661 2540 efﬁgies
1686 2504 1749 2540 agni

966 2552 1023 2584 Dei,
1040 2556 1087 2578 aut
1104 2551 1129 2578 id
1145 2559 1232 2586 genus
1244 2558 1322 2578 sacra
1339 2550 1457 2578 amuleta
1483 2556 1589 2585 gesture
1617 2551 1651 2580 de
1679 2553 1750 2580 collo

964 2605 1096 2632 suspensa
1110 2597 1219 2625 Graecos
1234 2597 1404 2625 Christianos
1420 2597 1527 2629 solitos,
1543 2602 1570 2624 et
1585 2598 1638 2626 hoc
1659 2600 1733 2634 speci
1745 2615 1751 2621 -

965 2651 1026 2670 men
1044 2648 1125 2677 atque
1151 2642 1281 2669 iudicium
1307 2642 1391 2669 fuisse
1416 2642 1579 2670 Christianae
1599 2643 1749 2678 religionis.

963 2690 1031 2717 Nam
1050 2698 1083 2718 eo
1099 2690 1210 2717 nomine
1241 2690 1292 2717 sibi
1313 2690 1374 2717 talia
1399 2690 1469 2718 mitti
1499 2689 1594 2717 Sultan
1621 2691 1752 2726 postulat.

964 2742 992 2764 ut
1007 2737 1046 2764 sic
1080 2736 1208 2770 probaret
1228 2744 1258 2763 se
1273 2735 1459 2763 Christianum
1486 2742 1559 2766 esse,
1575 2736 1610 2762 de
1637 2744 1692 2770 quo
1708 2738 1748 2764 vi-

963 2783 1043 2810 debat
1058 2782 1187 2809 dubitari.
1212 2781 1291 2809 Patet
1306 2781 1381 2808 unde
1394 2781 1529 2816 eiusmodi
1560 2781 1686 2817 religiosa
1701 2791 1749 2818 gc-

963 2829 1081 2857 stamina
1102 2827 1234 2861 ἐγκόλπια
1252 2832 1393 2863 vocentur,
1406 2826 1478 2862 quod
1494 2826 1621 2854 nimirum
1638 2835 1654 2854 c
1679 2828 1751 2855 collo

962 2879 1029 2910 apta
1045 2874 1070 2902 in
1084 2873 1173 2902 sinum
1192 2874 1354 2910 ponderent.
1373 2873 1467 2902 Euissc
1480 2877 1580 2906 autem,
1595 2872 1667 2909 quod
1680 2873 1750 2906 disi.
