1944 3067
185 149 252 182 lilii)

635 152 668 182 P.
693 153 843 184 POSSlNI
863 155 1192 187 OBSERVATIONUM
1213 157 1286 187 LIB.
1308 156 1334 186 Ι.

1733 151 1802 185 1οἱ6

178 206 279 233 turmas
296 209 343 233 aut
357 205 457 241 efﬁgies
471 207 602 241 quasdam
623 214 716 236 sacras
745 208 778 236 iis
798 208 958 244 impressas,

1019 210 1084 244 ιιιυιΙ
1109 209 1305 238 Cantacuzeno
1329 209 1430 236 dicitur
1465 207 1602 240 ἐμπεδοῦν
1615 207 1665 242 τὴν
1693 209 1800 242 πρᾶξιν

179 251 322 279 manifeste
337 251 416 279 docet
437 252 534 280 Noster
550 253 631 288 paulo
645 258 718 288 post,
735 254 799 281 dum
817 255 855 282 ait
869 255 961 283 Sulla-

177 306 240 326 nem
260 298 374 332 petendo
389 306 432 326 res
452 299 519 326 tales
535 307 565 327 sc
579 299 782 328 demonstrasse
810 302 865 327 τῶν
880 301 961 328 θείων

177 344 385 378 sxw-inoptath
408 345 601 380 προσχυνητήν
631 346 782 373 divinarum
814 347 960 382 formarum

177 396 367 418 renemtorem.
384 391 452 426 Ergo
469 391 513 419 illa
530 400 590 426 quae
604 393 750 427 appellavit
764 395 826 430 ἱερὰ
844 396 961 431 περιάμ-

179 447 251 472 ματα
264 442 292 464 et
307 437 452 471 ἐγκόλπια,
466 442 544 465 erant
570 439 664 466 eadem
680 439 738 466 Θεία
764 440 959 475 ἐκτυπώματα,

177 491 313 515 expressa:
334 491 423 509 rerum
440 491 578 511 sacrarum
594 484 698 515 fornim.
713 486 814 514 Christi
830 487 959 514 nimirum

177 534 223 556 aut
240 533 409 556 sanctorum.
425 528 502 556 Unde
517 537 565 564 per
582 530 639 557 hrcc
652 530 744 564 jurare
765 531 862 559 solitos
878 531 958 559 Cltri-

178 574 285 602 stianus
301 573 454 601 Orientales
470 575 502 601 ad
521 575 695 602 sanciendam
713 583 851 610 pactorum
867 577 958 608 ﬁdem,

176 617 256 644 docet
272 617 454 644 Cantacnzeni
482 617 569 650 locus,
599 618 618 645 l.
639 626 681 647 In.
695 626 720 646 c.
736 620 777 651 l7,
805 628 831 655 p.
848 621 900 648 ιοδ
915 622 958 648 etl.

177 661 256 697 ltcg.,
274 661 437 697 Συμϐἀσεις.
453 662 589 697 inquiens,
611 663 640 690 δὲ
673 663 782 698 θέμενοι
821 665 886 700 περὶ
913 665 960 692 τοῦ

176 708 278 742 γάμου,
300 707 348 734 καὶ
366 709 436 735 κατὰ
452 709 483 735 τὸ
504 709 648 745 Ῥωμαίων
676 710 736 741 ἔϐης
761 710 794 736 δι’
807 711 960 744 ἐγκολπίιιιν

177 753 386 787 ὲμπεδώσαντες
399 754 565 790 τὴνπρᾶξιν.
586 755 670 783 Video
689 755 855 791 554ltunc
871 757 960 784 lucutn

177 807 273 835 parum
304 800 438 827 cﬁicacem
466 801 555 828 visum
582 801 614 828 iri
632 803 665 828 ad
692 802 910 830 conﬁrmandum
933 803 961 830 id

176 845 249 879 ιιύυύ
259 845 324 877 dixi,
336 845 370 872 de
384 846 540 880 jttratncnto
552 846 694 873 ﬁrmandis
705 847 790 882 pactis
806 855 854 881 per
866 848 958 882 ὲγκόλ-

176 899 229 915 ττισ.
252 889 308 916 dari
341 890 439 922 solito,
468 890 491 916 si
520 890 606 917 lector
635 891 668 918 de
698 892 750 918 isto
781 892 961 919 Cantacuzcni
979 889 998 916 Β

176 935 335 962 testimonio
349 936 452 970 iudicet
464 945 496 963 ex
517 937 642 964 versione
667 937 850 965 eruditissimi
867 938 961 966 Jacobi

176 980 293 1008 Pontani
320 982 418 1008 nostri.
435 981 460 1009 ls
476 982 549 1009 enim
561 983 630 1009 nihil
649 983 686 1010 ibi
702 983 827 1018 agnoscit
840 991 961 1018 sacrum,

176 1027 209 1054 ad
239 1027 348 1054 civilem
389 1036 518 1063 mereque
551 1029 698 1056 humanam
739 1030 962 1058 observationem

177 1079 275 1101 cuncta
290 1074 468 1109 detorquens,
488 1075 552 1101 dum
567 1075 606 1102 sic
622 1076 705 1103 verba
721 1076 802 1103 modo
827 1076 963 1111 descripta

176 1118 271 1146 Latine
286 1119 372 1147 reddit
389 1119 570 1148 :Paciscenles
590 1121 707 1156 nuptias,
724 1126 748 1147 et
761 1129 831 1148 more
844 1121 964 1149 Romano

176 1166 300 1192 tironubis
307 1166 445 1193 monilibus
454 1167 484 1194 de
490 1166 556 1194 collo
562 1167 694 1202 gestandis
700 1171 760 1194 acta
767 1168 961 1202 con/immittas.

175 1212 243 1240 Cum
259 1212 292 1239 ab
304 1212 377 1240 omni
392 1213 609 1248 reprehendendi
639 1220 802 1247 quemquam
817 1214 964 1248 supercilio

177 1259 312 1286 abhorreo
332 1265 441 1292 natura,
458 1264 513 1286 lttnt
533 1260 614 1294 hujus
629 1259 679 1286 viri
696 1259 835 1294 prmcipna
853 1267 895 1286 tne
912 1259 964 1286 dti-

176 1305 241 1332 dum
257 1305 396 1333 veneratio
413 1305 489 1332 valdc
504 1306 625 1332 alienum
642 1305 702 1332 facit
723 1305 758 1332 ab
776 1305 835 1340 ejus
863 1305 965 1339 cogita-

179 1351 252 1378 tione
268 1352 423 1386 sugillandi.
440 1351 544 1378 Tatnen
562 1352 624 1386 quia
645 1351 747 1379 veritas
770 1352 875 1378 cunctis
897 1351 965 1378 alie-

177 1399 267 1425 ctibus
292 1399 413 1429 antistat,
445 1406 499 1426 neti
526 1406 636 1432 possunt
669 1398 806 1425 abstinere
830 1397 895 1432 quin
921 1397 965 1426 hic

178 1451 269 1470 meum
281 1444 314 1470 ab
331 1443 390 1477 cjus
406 1443 542 1470 sententia
555 1443 694 1471 diversqu
708 1443 842 1478 judicium
861 1451 961 1478 propo-

179 1496 254 1521 nam,
271 1489 423 1524 prtesertim
437 1496 500 1516 cum
523 1489 599 1515 illttm
620 1488 727 1516 videant
743 1496 803 1523 quae
820 1488 845 1515 in
878 1489 965 1516 intcr~

1016 261 1063 283 aut
1077 257 1127 288 τὰς
1143 256 1295 291 συμϐάσεις
1321 255 1356 282 δι’
1378 255 1547 289 ἐγκολπίων.
1564 255 1597 282 Et
1611 254 1671 289 quis
1695 254 1748 282 scit
1764 263 1800 282 an

1015 309 1070 329 non
1097 302 1160 329 inde
1187 301 1257 337 apud
1285 301 1474 329 Occidentales
1498 308 1606 335 quoque
1627 300 1799 328 Christianos

1015 348 1174 379 invalnerit,
1194 348 1266 382 quod
1297 347 1379 375 hodie
1404 343 1431 374 in
1462 354 1512 374 usu
1540 346 1662 374 videmus
1680 354 1752 377 esse,
1770 351 1802 373 ut

1017 401 1101 419 manu
1119 393 1224 427 pectori
1243 393 1350 420 admota
1367 392 1433 419 ﬁdes
1460 391 1536 419 verbi
1552 397 1599 418 aut
1614 392 1685 426 pacti
1699 391 1802 419 conﬁr-

1015 437 1127 464 metur?
1143 437 1210 465 Tam
1226 437 1406 464 universalem
1421 444 1504 471 porro
1519 435 1603 463 fuisse
1622 436 1802 463 consuetudi-

1014 490 1076 509 nem
1092 481 1272 511 Orientalium
1299 483 1517 510 Christianorum
1552 482 1673 518 gestandi
1702 482 1801 516 hujus-

1015 528 1090 555 ntodi
1107 528 1249 563 religionis
1275 529 1364 563 signa,
1393 533 1424 555 ut
1439 528 1632 555 necessitatem
1649 528 1802 559 induceret,

1014 581 1146 608 apparere
1163 578 1253 609 potest
1278 582 1311 602 ex
1338 583 1372 602 eo
1389 574 1461 609 quod
1480 574 1581 602 Noster
1595 573 1697 606 innuit,
1722 573 1742 600 Ι.
1769 581 1803 605 ιι,

1014 628 1040 647 c.
1057 620 1102 651 25,
1119 620 1246 647 distribui
1269 621 1353 655 gratis
1372 621 1466 648 solitas
1489 620 1624 647 militibus
1645 618 1801 653 σιὸασμιας

1015 665 1122 694 είκόνας
1135 674 1226 692 sacras
1237 666 1345 698 icones;
1365 673 1434 700 quas
1460 665 1589 693 videlicet
1605 672 1621 692 e
1640 664 1709 692 collo
1738 671 1803 691 sns-

1016 719 1114 745 pensas
1131 712 1157 738 in
1176 711 1237 738 ﬁdei
1260 719 1293 738 ac
1321 711 1460 746 religionis
1490 715 1619 738 tesseram
1649 706 1818 745 portarent;

1017 758 1091 787 Dicet
1119 759 1188 786 forte
1216 759 1348 786 adversus
1370 758 1505 785 hactenus
1541 761 1643 784 statuta
1679 756 1803 790 argutior

1015 805 1149 839 quispiam
1161 811 1169 831 ‘.
1185 804 1264 839 555
1280 804 1358 831 istam
1369 803 1524 838 ὲμπέδωσιν
1534 802 1697 837 συμϐάσεων
1709 801 1803 836 γάμου

1015 850 1048 876 δι’
1063 849 1230 883 ὲγκολπίων,
1242 850 1321 884 cujus
1333 850 1541 876 Cantacuzenus
1554 847 1688 878 meminit,
1704 846 1805 874 referri

1014 896 1046 922 ad
1063 896 1255 930 jusjurandum
1271 903 1327 923 non
1344 902 1436 930 posse,
1463 893 1592 929 quoniam
1619 894 1711 921 statim
1738 897 1805 928 post

1015 943 1086 969 idem
1102 946 1199 969 auctor
1224 942 1444 976 juramentorum
1476 940 1520 967 his
1535 940 1727 974 adjunctorum
1743 939 1804 966 dis-

1015 989 1100 1015 tincte
1118 987 1273 1014 meminerit
1292 987 1335 1014 bis
1351 987 1444 1014 verbis
1471 986 1518 1012 τοῦ
1544 984 1803 1020 παρακοιμωμένου

1014 1034 1042 1061 δὲ
1066 1034 1114 1061 καὶ
1133 1034 1232 1068 ὅρκους
1260 1034 1426 1069 aptum-ivro;
1451 1033 1600 1068 φρικώδεις
1630 1032 1677 1059 ἐπὶ
1697 1031 1800 1066 τούτῳ.

1015 1081 1137 1108 Primum
1165 1079 1319 1114 respondeo
1344 1086 1440 1106 vocem
1466 1078 1630 1114 προσθέντος
1647 1077 1683 1105 ad
1702 1078 1804 1112 ὅρκους

1015 1125 1164 1161 φρικώδεις
1187 1126 1301 1152 relatam
1330 1125 1423 1160 potius
1451 1124 1616 1152 conﬁrmare
1642 1123 1715 1158 quod
1749 1129 1806 1150 nos

1015 1172 1155 1199 diximus:
1172 1171 1310 1207 signiﬁcat
1323 1172 1397 1199 enim
1422 1170 1631 1206 Apocaucltnm,
1656 1169 1701 1203 qtti
1720 1168 1806 1196 isthic

1016 1218 1144 1252 loquitur,
1176 1225 1238 1245 cum
1255 1218 1410 1244 vehementi
1436 1217 1530 1244 studio
1560 1215 1734 1243 incumberet
1768 1215 1806 1242 ad

1015 1264 1234 1299 persuadendum
1260 1264 1422 1298 patriarchae
1438 1263 1510 1298 quod
1536 1262 1654 1295 volebat,
1667 1261 1701 1289 ad
1728 1261 1809 1296 prius

1015 1309 1083 1336 illud
1114 1309 1307 1344 jusjurandum
1336 1309 1438 1341 lenius,
1466 1313 1543 1343 gestu
1561 1311 1669 1334 tantum
1682 1312 1708 1334 et
1726 1311 1806 1334 tactu

1015 1353 1171 1387 ὲγιιολπίων
1210 1353 1374 1385 exercitum,
1404 1353 1457 1380 alia
1498 1352 1638 1380 horribilia
1678 1351 1806 1387 φρικώδη

1016 1400 1184 1435 adjunxisse,
1202 1399 1260 1427 dira
1274 1400 1325 1427 sibi
1344 1399 1470 1426 nimirum
1490 1398 1668 1434 imprecando
1683 1398 1704 1424 si
1729 1397 1808 1425 falle-

1016 1451 1068 1478 ret,
1097 1454 1153 1480 quo
1175 1447 1277 1473 cettius
1306 1445 1409 1473 faceret
1425 1445 1505 1472 ﬁdem
1530 1445 1679 1472 dictorum.
1702 1444 1808 1473 Deinde

1018 1496 1062 1520 ato
1078 1494 1146 1520 istas
1160 1493 1311 1520 horrendas
1327 1493 1530 1520 exsecrationes
1555 1496 1581 1519 et
1598 1491 1694 1527 capitis
1721 1493 1807 1520 devo-

178 1535 331 1570 pretatione
345 1535 446 1570 posuit,
457 1535 539 1562 etiatn
559 1535 584 1561 in
612 1533 690 1562 Notis
711 1534 845 1562 afﬁrmare
860 1541 965 1562 astruc—
981 1555 1001 1583 ο
1022 1540 1111 1567 tiones
1139 1539 1191 1570 sui,
1210 1539 1245 1566 ab
1273 1539 1436 1574 Apocauclto
1463 1542 1529 1565 tunc
1551 1537 1649 1572 factas,
1675 1547 1732 1566 non
1770 1540 1807 1566 ad

178 1589 260 1616 reque
275 1581 428 1616 diligentius
441 1590 448 1614 ;
464 1589 494 1608 ea
510 1589 591 1617 porto
604 1582 658 1609 sint
669 1582 804 1617 cjusntodi
818 1581 908 1609 utnisi
920 1588 965 1608 co-

179 1633 338 1663 arguantur,
356 1628 444 1655 locum
463 1635 555 1656 tenore
571 1637 649 1656 suttm
664 1636 695 1655 ac
706 1628 812 1663 probari
828 1632 965 1664 nequeant

180 1683 240 1710 qtae
265 1680 358 1702 noster
386 1675 568 1710 Pacltymeres
596 1676 638 1703 ltic
669 1675 793 1703 allirmat,
829 1676 966 1704 Accenset

180 1722 215 1749 ibi
229 1721 357 1749 nimirum
368 1721 506 1750 Pontanus
520 1722 653 1757 Ξγκζλπια
662 1722 775 1757 nuptiali
789 1721 964 1757 supellectili,

180 1769 275 1796 arrlias
301 1773 329 1796 et
356 1769 478 1804 pronuba
505 1770 678 1800 munuscula,
709 1777 740 1795 ea
768 1769 964 1803 intcrpretans,

180 1816 308 1848 qttalibtts
324 1816 375 1847 vir,
390 1815 488 1850 inquit,
505 1823 628 1849 sponsam
643 1823 687 1841 seu
707 1823 815 1842 uxorem
828 1815 877 1842 sibi
890 1816 964 1850 [utu-

180 1869 239 1887 rum
254 1862 426 1896 oppignerare
442 1861 632 1896 quodammodo
655 1862 797 1888 conmerit.
816 1860 849 1888 Et
863 1861 965 1888 mirum

181 1908 271 1935 statim
289 1909 315 1934 in
332 1907 364 1943 LP
379 1907 442 1943 579]
458 1907 551 1934 talium
570 1916 661 1934 rerum
679 1915 794 1935 iiut-tero
826 1908 964 1936 nominari

180 1954 325 1985 annulum,
344 1960 442 1980 manus
469 1954 561 1987 utique
580 1960 612 1981 ac
638 1953 784 1988 digitorum
814 1958 965 1987 gestamen,

181 2007 237 2026 non
255 1999 332 2026 sinus
358 2006 390 2026 ac
421 1999 548 2034 pectoris,
569 2003 649 2033 prout
664 2003 722 2026 erat
745 2007 869 2032 necesse,
892 2008 922 2027 ut
933 2001 966 2028 ad

182 2045 346 2079 ὲγκυλπίων,
374 2053 465 2072 rrrum
493 2052 508 2071 e
527 2045 598 2072 collo
623 2045 650 2072 in
666 2046 756 2073 sinum
774 2046 966 2081 pendentium,

182 2092 294 2118 clatscm
324 2090 482 2119 referretur.
512 2091 611 2119 Contra
630 2099 660 2119 ca
686 2100 735 2119 nos
762 2093 880 2120 dicimus
904 2100 967 2120 cum

183 2142 278 2165 nostro
303 2137 471 2172 Pacltymere
503 2137 620 2173 vulgaris
650 2145 716 2166 ttsIts
745 2146 777 2166 ac
815 2139 967 2174 promiscui

183 2183 316 2218 ἑγκόλπισ.
340 2183 435 2215 fuisse,
466 2183 667 2218 plurimumque
693 2191 708 2210 a
731 2192 796 2211 vero
827 2185 966 2218 aberrare,

1020 1590 1099 1620 pacta
1123 1585 1257 1620 nuptialia
1286 1585 1464 1619 pertinuisse,
1490 1585 1538 1612 sed
1566 1585 1599 1612 ad
1625 1590 1722 1612 caetera
1746 1593 1807 1619 quae

1021 1630 1367 1668 per‘suadere'patriarcha’
1380 1632 1521 1666 cupiebat,
1546 1639 1644 1666 nempe
1664 1639 1726 1659 vera
1745 1639 1808 1659 esse

1018 1679 1116 1714 qumde
1122 1678 1243 1706 consiliis
1251 1678 1338 1714 magni
1348 1678 1489 1705 domestici
1497 1678 1678 1713 patriarcham
1690 1677 1812 1712 dejicere

1019 1726 1116 1753 throno
1126 1725 1281 1753 meditantis
1293 1725 1361 1751 falso
1368 1729 1395 1751 et
1403 1724 1574 1751 calumniose
1583 1723 1615 1751 ad
1626 1724 1714 1758 ipsum
1725 1724 1812 1758 patri-

1021 1771 1130 1797 arcliam
1140 1769 1275 1797 detulerat
1285 1769 1414 1804 ;ejusque
1421 1769 1564 1796 calumniae
1573 1774 1602 1796 ut
1611 1769 1688 1796 ﬁdem
1698 1768 1811 1800 faceret,

1021 1823 1052 1843 ac
1071 1823 1100 1843 se
1116 1815 1154 1842 illi
1169 1815 1265 1842 intime
1278 1814 1416 1850 jungendo
1425 1814 1529 1842 fraudis
1543 1815 1633 1842 omnis
1645 1819 1727 1848 atque
1741 1815 1810 1841 insi-

1022 1861 1128 1890 diarum
1141 1861 1311 1896 suspiciones
1319 1860 1487 1892 amoliretur,
1500 1859 1657 1887 aiIinitatem
1673 1859 1813 1888 obtulerat

1023 1914 1072 1941 per
1087 1906 1197 1941 nuptias
1206 1914 1262 1933 sua:
1275 1905 1338 1933 ﬁlia:
1347 1914 1408 1933 cum
1420 1906 1476 1932 ﬁlio
1485 1906 1665 1941 patriarcha;
1680 1906 1811 1940 inquam,

1023 1957 1053 1979 ut
1068 1956 1110 1980 e~t
1124 1952 1240 1985 dictant,
1259 1952 1315 1987 jam
1330 1953 1410 1979 ambo
1425 1957 1631 1982 consenserant,
1648 1957 1676 1978 et
1689 1960 1812 1979 consen-

1023 2006 1082 2026 sum
1111 1999 1286 2026 ﬁrmaverant
1298 1998 1333 2025 δι’
1350 1997 1503 2031 ὶγκολπίων
1524 2005 1572 2033 per
1601 2002 1704 2024 tactum
1722 2006 1811 2025 sacra:

1022 2045 1122 2077 iconis,
1138 2052 1219 2079 quam
1236 2048 1349 2078 uterque
1366 2044 1487 2078 ipsorum
1504 2044 1537 2071 de
1564 2051 1639 2070 more
1662 2048 1728 2070 ante
1747 2050 1815 2078 pec-

1025 2096 1068 2118 tus
1089 2091 1236 2126 pratulum
1255 2095 1382 2124 gestaret.
1401 2089 1491 2122 Quare
1522 2095 1594 2116 recte
1625 2089 1683 2116 haec
1714 2089 1812 2116 ultima

1025 2136 1111 2164 verba
1130 2136 1270 2163 Pontanus
1285 2135 1311 2162 in
1330 2140 1451 2163 nostram
1476 2136 1640 2163 sententiam
1656 2136 1695 2163 sic
1709 2137 1793 2163 vertit
1807 2144 1815 2163 :

1023 2184 1177 2217 Apocauclio
1192 2184 1297 2217 insuper
1312 2187 1391 2216 caput
1402 2191 1479 2210 suum
1499 2183 1636 2210 horrendis
1649 2185 1816 2210 exsecratio-

183 2229 246 2256 talia
255 2228 342 2255 solutn
358 2236 372 2255 a
390 2228 481 2263 procis
499 2228 526 2254 in
541 2227 661 2261 eonjugii
675 2228 772 2263 pignus
788 2229 862 2261 data,
877 2237 891 2255 a
901 2228 967 2256 solis
985 2235 1006 2262 ι)
1022 2230 1096 2256 nibus
1109 2229 1259 2260 devovente,
1274 2229 1301 2256 ιιί
1315 2229 1433 2255 sincerus
1458 2229 1502 2256 sit.
1534 2229 1572 2256 En
1588 2237 1641 2263 quo
1654 2233 1817 2264 spectarent

183 2278 293 2308 accepta
309 2277 466 2309 gestataquc
482 2272 707 2307 nupturientibus
734 2272 818 2299 fuissc.
846 2273 967 2301 feminis.

185 2321 318 2347 Prmtorea
363 2319 555 2347 contendimus
583 2318 723 2352 religionis
761 2319 811 2346 ista
840 2319 966 2355 insignia,

183 2374 238 2393 non
255 2366 396 2392 muliebris
425 2369 530 2392 tantum
546 2369 592 2392 aut
606 2365 693 2392 civilis
708 2369 822 2392 ornatus
851 2366 966 2393 monilia

185 2412 286 2444 fuisse;
301 2411 402 2446 quippe
424 2419 483 2446 quae
497 2411 556 2438 θεῖα
577 2411 776 2445 ὲκτυπὼμτιτα,
795 2412 898 2438 divinas
916 2414 969 2447 [ur-

183 2466 240 2485 mus
258 2458 406 2492 impressas
425 2462 472 2484 attt
487 2457 636 2492 insculptas
652 2457 822 2492 praeferrent,
833 2463 857 2485 et
875 2459 972 2486 merito

183 2504 286 2531 idcirco
303 2508 464 2530 vocarentur
484 2505 544 2540 ἱερὰ
556 2503 740 2538 περιάμματα
753 2512 830 2530 sacra
843 2504 972 2531 autuleta.

183 2550 313 2577 I’ulamtts
328 2556 418 2577 autem
431 2550 518 2580 illum,
528 2550 606 2584 cujtts
618 2549 826 2577 Cantacuzvnus
837 2551 972 2582 meminit,

183 2597 364 2623 Romanorum
396 2604 494 2623 morem
517 2596 661 2630 Ῥωμαίων
686 2595 746 2626 ἔθος
772 2603 825 2622 ιιοιι
844 2596 876 2622 ad
893 2601 972 2631 pacta

183 2643 317 2677 nuptialia
347 2643 456 2677 proprie
479 2642 645 2674 restrictum,
676 2642 723 2669 sed
750 2642 782 2669 a:l
809 2650 890 2669 omne
919 2643 972 2669 late

184 2690 349 2724 pertinuisse
364 2689 578 2717 convcntionnm
598 2696 695 2722 genus,
710 2689 745 2716 ita
764 2693 791 2715 ut
807 2696 838 2715 ex
857 2697 974 2715 eumue-

186 2735 279 2762 ttttlinc
295 2735 674 2770 Constantinopolilanornni,
686 2735 841 2770 quicunque
863 2735 973 2769 quidvis

185 2782 300 2809 invict-nt
319 2783 512 2817 promitterent
540 2790 572 2808 ac
599 2781 807 2816 stipularcntur,
843 2788 924 2807 mautt
940 2780 973 2806 ad

186 2835 283 2862 pectus
312 2830 419 2855 admota
445 2833 473 2856 ct
500 2828 636 2855 rcverenti
665 2832 768 2854 attactu
796 2826 972 2861 pendentium

188 2874 243 2900 illic
260 2881 398 2902 sacrorum
413 2875 594 2902 amulctorum
606 2873 720 2910 polliciti
732 2873 812 2901 ﬁdem
829 2872 951 2900 facerent
965 2881 971 2907 ;

1024 2275 1049 2302 lii
1061 2275 1137 2310 ὅρκοι
1150 2274 1298 2310 φρικώδεις
1309 2274 1431 2310 adjuncti
1441 2274 1593 2309 ἐμπεδώσει
1601 2275 1635 2301 δι’
1643 2275 1814 2308 ὲγκολπίων,

1023 2329 1078 2348 ιιοιι
1091 2322 1147 2356 jam
1167 2320 1199 2347 ad
1228 2321 1366 2356 sponsalia
1385 2321 1528 2354 ﬁrmanda,
1545 2321 1593 2348 sed
1620 2321 1652 2348 ad
1665 2321 1815 2349 delationis

1023 2370 1158 2396 sinceram
1185 2368 1326 2395 veritatem
1359 2368 1589 2403 persuadendam.
1609 2367 1732 2402 Denique
1763 2368 1815 2395 ob-

1023 2419 1112 2441 servet
1128 2414 1248 2449 prudens
1265 2415 1350 2441 lector
1365 2415 1521 2442 evidentem
1539 2418 1566 2440 et
1594 2414 1814 2449 irrefragabilem

1024 2459 1133 2489 horum,
1147 2467 1207 2494 quae
1224 2459 1289 2491 dixi,
1305 2460 1542 2486 confirmationem
1558 2467 1589 2485 ex
1603 2458 1662 2493 ipso
1674 2458 1727 2485 loci
1741 2466 1814 2485 con-

1024 2510 1121 2540 spectu
1146 2505 1233 2539 palam
1253 2509 1417 2532 exstantem.
1443 2504 1572 2532 Refertur
1604 2504 1629 2530 in
1661 2503 1708 2531 illo
1726 2504 1813 2532 citato

1025 2552 1147 2579 ltistorite
1165 2551 1349 2579 Cantacuzeni
1378 2551 1468 2586 capite
1485 2551 1652 2585 colloquium
1680 2558 1812 2578 arcanum

1024 2597 1184 2632 Apocauclti
1213 2604 1275 2624 cum
1310 2597 1486 2631 patriarcha:
1519 2597 1592 2623 ittter
1618 2596 1644 2623 id
1672 2596 1717 2623 ille
1747 2597 1813 2623 huic

1026 2644 1087 2670 ﬁlire
1105 2643 1221 2678 propria:
1237 2650 1299 2669 cum
1313 2643 1373 2677 ejus
1389 2643 1444 2669 tilio
1470 2642 1578 2677 nuptias
1592 2642 1711 2669 obtulit:
1728 2641 1814 2676 patri-

1025 2691 1108 2717 archa
1137 2690 1306 2721 admittente,
1333 2693 1442 2724 pactum
1474 2689 1507 2715 ab
1539 2693 1656 2722 utroque
1685 2693 1812 2714 mutuum

1024 2736 1059 2762 δι’
1076 2736 1227 2770 ἐγκολπίων
1258 2736 1395 2762 firmatum
1425 2740 1467 2762 est
1483 2742 1496 2760 a
1523 2735 1631 2760 duobus
1644 2733 1767 2768 panibus
1779 2734 1814 2760 de

1025 2783 1174 2809 liberorum
1190 2781 1320 2816 coningio
1332 2782 1358 2808 in
1376 2782 1474 2808 horum
1492 2780 1616 2807 absentia
1636 2779 1815 2814 transigenti-

1026 2828 1077 2854 btts
1107 2827 1167 2862 jure
1183 2831 1308 2862 paterno.
1336 2826 1422 2860 Quem
1440 2827 1485 2854 hic
1502 2833 1567 2861 ergo
1593 2826 1680 2853 locum
1710 2826 1814 2853 habere

1028 2876 1120 2908 potest
1144 2872 1287 2900 art-barum
1319 2872 1482 2908 nuptialium
1510 2875 1558 2898 aut
1581 2870 1697 2906 pronttbi
1715 2871 1817 2899 annuli
