1944 3067
110 144 179 186 teli

791 152 1047 185 GLOSSARIUM.

1659 153 1728 184 1018

107 207 229 238 traditio.
243 214 323 241 quam
341 206 385 234 hic
404 207 538 242 interpres
552 206 700 241 cogitavit?
714 206 769 234 Sed
793 207 825 234 dc
849 207 892 234 his
907 213 926 239 Α
944 209 1070 242 expedito
1084 215 1134 237 est.
1143 210 1224 237 Forte
1239 210 1327 236 εἰσιτά
1337 210 1437 237 dictum
1450 207 1605 242 ιιιπροσιτά
1622 216 1636 235 a
1654 214 1730 236 recto

108 255 171 289 plus
187 253 263 280 satis.

145 299 179 335 [P
190 297 253 334 580]
270 297 382 332 Ειρκτὴ
400 298 497 331 λήθης
512 305 540 333 p.
557 297 620 337 247.
644 297 702 325 Non
723 297 816 325 dubito
828 297 894 333 quin

111 347 169 373 hate
184 346 306 373 scribens
317 345 444 372 habuerit
459 345 486 371 in
502 345 594 372 animo
605 344 784 380 Pachymeres
795 345 895 371 Proco-

109 391 148 426 pii
164 391 253 417 locum
267 391 284 416 l.
301 399 308 418 I
327 390 364 417 De
391 390 458 417 bello
474 390 582 417 Persico
598 398 623 417 c.
645 390 671 422 5,
685 389 730 416 ubi
748 389 782 416 de
804 389 893 416 Persis

111 437 327 464 ill-liberantibus
342 436 407 470 quid
421 436 454 463 de
469 444 531 470 rege
547 435 655 471 Cabade
681 435 790 462 redacto
808 435 834 461 in
850 442 895 461 or-

114 483 206 510 dinent
224 483 418 514 decernerent,
436 486 531 509 auctor
545 482 604 509 ait:
624 481 654 508 0i
672 481 700 507 δὲ
717 482 819 507 κτεῖναι
850 480 896 506 ἀν-

110 529 162 564 δρα
177 528 315 563 βασιλείου
328 529 443 562 αἵματος
458 526 715 562 οὗδ“ἒγνωσαν,ἁλλ“
733 527 761 552 ἐν
775 525 896 561 φρουρίῳ

109 575 254 609 καθεῖρξαι
268 596 275 607 ,
288 575 356 608 ὅπερ
374 575 422 608 τῆς
445 573 530 608 λήθης
546 572 639 599 καλεῖν
664 572 849 605 νενημίκασιν·
861 568 896 606 ἦν

109 621 164 656 γάρ
182 629 225 652 τις
247 620 362 647 intuma
374 619 520 654 ἐμϐληθεὶς
531 619 599 654 τύχῃ
611 619 661 645 οὐκ
673 618 712 644 ἔτι
721 618 803 651 νόμος
819 616 895 650 σφίσι

112 666 224 700 μνήμην
251 665 334 691 αὐτοῦ
360 663 520 695 sinuant:
536 663 649 694 Θάνατος
678 662 717 697 τῷ
742 661 896 697 ὠνημακότι

110 713 126 745 ἡ
153 711 251 746 ζημία.
264 711 310 737 Διὺ
325 711 372 737 καὶ
386 710 436 745 τὴν
447 709 606 744 ἐπωνυμίαν
619 709 722 744 ταύτην
735 708 803 742 πρὸς
824 709 896 742 Περ-

113 758 168 784 σῶν
183 758 288 792 ἔλαχεν.
303 758 360 784 Hoc
371 762 412 784 est
427 765 459 783 ex
472 757 619 783 novissima
633 756 734 790 optima
752 754 895 781 versione:

112 803 278 830 Abhorruere
305 802 386 838 556
415 809 504 828 tamen
534 809 624 828 eorum
646 801 730 828 animi
763 800 795 826 ab
815 799 897 834 effun-

113 849 197 875 denda
211 849 283 883 regio
298 850 438 882 sanguine,
457 848 572 882 satisque
588 847 734 874 [rubuerunt
760 853 896 872 asservare

950 254 1078 288 npoatzbv
1095 255 1252 286 accessibile,
1266 261 1294 282 ut
1317 255 1418 281 εἰσιτὸν
1438 254 1572 290 signiﬁcet
1584 255 1729 281 introduci-

949 299 1010 332 biic,
1020 304 1049 327 ut
1059 300 1097 327 sic
1107 301 1204 332 dicam.
1212 301 1253 328 vel
1270 301 1400 327 introduci
1413 301 1538 335 dignum,
1549 299 1626 334 quasi
1639 300 1731 327 dicere

949 345 1059 377 vellcnt,
1078 347 1244 379 quaestiones
1261 354 1321 380 qua:
1336 354 1350 373 a
1369 345 1456 373 Vccco
1474 350 1658 372 moverentur.
1675 353 1730 372 non

948 389 1181 425 cssedignas'quze
1191 391 1432 418 introducerentur
1443 391 1470 418 in
1484 390 1594 417 domum
1608 391 1665 420 Det.
1679 390 1731 417 hoc

948 440 990 461 cst
1016 435 1168 463 ecclesiam.
1200 438 1239 463 An
1273 438 1363 471 potius
1386 436 1604 464 existimabimus
1640 436 1731 462 εἰσιτᾶ

949 481 1067 515 positum
1085 490 1134 517 pro
1161 483 1276 514 εἰσιτέα,
1307 491 1340 510 eo
1369 491 1451 510 sensu
1473 489 1502 509 ut
1521 490 1620 517 negare
1646 482 1732 509 velint

949 527 1148 555 introducenda
1168 529 1224 556 baac
1237 528 1324 556 fuisse
1339 530 1365 555 in
1378 529 1540 562 Ecclesiam,
1556 529 1656 564 quippe
1669 535 1730 563 qua:

948 572 1007 604 ejus
1026 573 1144 605 quietem
1162 574 1312 602 turbarent.

985 619 1152 652 Ἕκκλητον
1165 627 1192 654 p.
1218 620 1344 647 575.Hic
1372 620 1514 647 manifeste
1540 620 1570 646 τὸ
1599 619 1731 654 ἔκκλητον

949 665 1082 699 sonatjns
1096 666 1298 699 provocationis.
1316 667 1444 702 Alioquin
1473 667 1563 693 inanis
1579 671 1651 692 esset
1670 672 1730 699 quae

949 709 1061 737 affertur
1078 711 1147 738 ratio
1166 712 1199 739 ad
1217 711 1296 747 557
1308 712 1465 739 leniendum
1486 711 1518 747 [P
1536 710 1599 746 58I]
1619 717 1732 738 conces-

949 756 1034 782 sionis
1049 756 1130 790 hujus
1157 757 1370 785 incommodum.
1397 757 1499 792 Nempe
1513 757 1584 791 quod
1604 757 1656 783 tale
1670 757 1728 791 jus.

951 802 1013 829 licet
1032 810 1046 829 a
1071 802 1173 830 Graecis
1195 811 1365 833 concessum.
1403 803 1611 837 haudquaquam
1641 807 1731 829 tamen

949 847 1124 883 redigendum
1140 849 1166 875 in
1178 849 1282 884 praxim
1297 849 1455 876 videretur:
1471 848 1579 875 nemine
1595 847 1732 875 verisimi-

113 894 247 920 Cabadem
268 894 295 919 in
315 893 423 920 castello
451 893 599 924 oblivionis,
620 893 658 919 ita
677 892 747 918 dicto
773 899 806 918 ea:
833 891 896 924 lege,
913 886 934 914 Β
950 892 1012 920 liter
1024 898 1153 921 curaturo
1173 894 1301 922 conferre
1315 902 1344 922 se
1365 894 1599 928 Constantinopoli
1617 893 1732 920 Romam

112 949 171 975 qua:
186 940 218 967 de
235 949 264 967 co
281 941 325 975 qui
340 941 419 975 fuerit
447 940 510 966 illuc
533 939 665 973 conjecta:
680 938 835 965 mentionem
849 945 899 963 un—

113 994 192 1017 quam
210 985 268 1020 ﬁeri
290 990 369 1017 t‘ctat,
390 993 464 1014 pana
480 986 560 1012 etiam
582 983 691 1018 capitali
714 984 746 1010 iis
765 982 897 1016 proposita

111 1032 157 1066 qui
175 1032 257 1066 ipsius
271 1039 364 1058 nomen
378 1031 544 1065 protulerint.
560 1030 623 1062 Qua:
632 1037 711 1056 causa
723 1027 899 1064 jut'tappella-

115 1078 193 1103 tionis
208 1077 350 1110 eiusmodi.
365 1077 448 1104 Vides
466 1077 493 1103 in
508 1077 561 1109 his,
579 1081 607 1103 ut
624 1083 694 1107 rem,
723 1075 763 1103 sic
777 1074 899 1109 appella.

115 1123 217 1150 tionem
231 1123 343 1157 εἱρκτῆς
357 1123 444 1158 λήθης
462 1130 495 1150 ex
508 1122 620 1150 Perside
636 1121 754 1149 venisse.
771 1120 804 1147 Et
815 1119 899 1146 fuisse

116 1168 153 1195 ibi
174 1169 281 1195 videtur
300 1172 373 1195 certa
389 1168 523 1200 custodia,
543 1167 568 1194 in
585 1174 665 1201 quam
681 1166 727 1200 qui
758 1165 898 1196 darentur,

117 1215 152 1242 dc
168 1215 201 1241 iis
225 1214 393 1242 mentionem
422 1213 523 1241 deinde
553 1212 656 1240 inferre
681 1212 762 1238 ullam
784 1210 900 1244 capitale

114 1261 198 1288 foret.
213 1260 273 1287 Pari
289 1260 413 1294 exemplo
430 1259 577 1294 imperator
591 1258 706 1286 Michael
721 1257 898 1292 Palwologus,

115 1306 174 1341 qui,
188 1305 251 1332 dum
265 1309 337 1332 esset
351 1304 482 1340 privatus.
495 1304 521 1331 iu
532 1303 642 1330 Perside
655 1303 752 1333 fuerat,
765 1301 900 1328 utNoster

115 1352 197 1379 docet
212 1352 230 1379 l.
244 1360 264 1382 ι,
280 1351 387 1379 videtur
404 1351 558 1378 imitatione
573 1357 637 1376 usus
659 1356 739 1383 quem
757 1347 793 1375 ibi
810 1348 898 1374 visum

114 1398 289 1432 probaverat,
317 1396 468 1424 instituisse
491 1400 521 1423 ut.
543 1402 613 1430 quos
628 1394 759 1422 Niczcensi
791 1393 899 1420 cuidam

116 1443 220 1470 carceri
237 1442 437 1477 mancipasset,
452 1442 479 1468 in
496 1445 658 1476 pcrpetuunt
675 1440 709 1466 ibi
728 1443 899 1471 tenerentur,

116 1497 168 1517 nec
182 1490 328 1524 quisquam
356 1495 435 1515 orare
461 1495 510 1522 pro
537 1487 571 1514 iis
586 1493 634 1514 aut
648 1485 761 1513 omnino
776 1489 900 1520 satagere

115 1537 158 1563 vel
187 1536 328 1563 mentione
356 1539 437 1562 tenus
465 1533 590 1561 auderet.
617 1533 694 1560 Hanc
719 1531 899 1559 imitationem

117 1582 207 1609 innuit
218 1581 350 1616 particula
363 1580 554 1607 similitudinis
570 1579 619 1610 ὡς.
631 1579 758 1606 indicans
777 1577 899 1605 Nicaeen-

117 1637 175 1656 zcm
188 1627 340 1656 custodiam
368 1625 520 1661 Palicologo
543 1625 626 1653 fuisse
646 1632 695 1660 pro
712 1632 775 1652 arce
795 1629 842 1652 aut
858 1631 904 1651 ca-

116 1675 206 1706 stello,
214 1681 294 1709 quam
305 1673 392 1700 Persa:
400 1673 531 1700 vocabant
544 1671 654 1699 nomine
668 1670 848 1705 mquivalente
857 1670 901 1698 his

115 1721 217 1748 Cra-cis
226 1719 341 1747 vocibus
354 1718 485 1755 φρούριον
495 1718 588 1753 λήθης.
600 1718 666 1745 Nam
676 1725 729 1745 non
741 1717 902 1744 cstandien-

117 1766 169 1792 dus
183 1765 398 1800 Christophorus
410 1764 539 1792 Persona.
553 1763 661 1790 dumibi
673 1763 802 1798 φρούριον
814 1762 901 1797 λήθης

117 1811 213 1838 Latine
229 1810 474 1838 redditcustodiam
493 1817 551 1845 qua:
568 1809 642 1836 lethe
656 1809 809 1842 vocabatur,
823 1809 901 1844 quasi

117 1857 188 1892 λήθη
206 1857 273 1883 lctlte
286 1847 435 1887 Persicum,
449 1862 505 1882 non
524 1854 648 1882 Grzccum
664 1854 825 1882 vocabulum
854 1854 900 1883 sit.

118 1901 194 1929 Haud
207 1902 287 1933 paulo
299 1900 456 1935 prudentius
465 1899 577 1926 ultimus
587 1905 717 1934 tempore,
728 1907 783 1927 non
792 1899 900 1931 merito.

117 1948 256 1982 interpres
272 1946 397 1981 Procopii
409 1945 538 1974 Claudius
547 1945 684 1973 lllaltretus
698 1950 792 1973 noster
818 1944 903 1980 φρού-

117 2004 175 2031 pm
192 1995 277 2029 λήθης
293 1993 429 2020 castellum
457 1992 594 2020 oblivionis
611 1992 707 2020 Latine
724 1992 856 2020 reddidit.
871 1991 900 2019 In

117 2050 172 2077 quo
189 2041 273 2068 videri
289 2040 374 2075 possit
390 2040 415 2067 ei
430 2047 495 2067 casu
511 2039 627 2074 quodam
646 2039 782 2074 przcivisse
798 2038 903 2074 Pachy-

118 2097 219 2119 niercs,
232 2089 296 2114 dum
313 2087 333 2114 ι.
350 2095 386 2118 ir,
404 2086 437 2112 de
450 2086 504 2112 isto
533 2085 630 2112 codem
651 2093 735 2121 agens
754 2085 902 2121 ergastulo,

117 2136 144 2162 in
162 2134 234 2169 quod
260 2141 292 2160 ea
319 2132 480 2160 conditione
506 2131 650 2158 subibatur
674 2135 704 2158 ut
731 2131 808 2159 nefas
831 2136 903 2158 esset

117 2181 183 2207 illuc
213 2179 297 2206 semel
323 2178 542 2205 introductorum
573 2177 742 2210 meminisse,
764 2178 828 2205 illud
851 2178 902 2206 κὰ-

118 2235 199 2261 στρον
213 2230 329 2252 castrum
344 2225 401 2252 sive
416 2223 553 2250 castellum
571 2224 805 2258 ἁντονομαστικῶς
815 2226 908 2258 appel-

117 2275 164 2300 Itt.
185 2272 254 2299 Cum
280 2271 351 2298 enim
369 2271 402 2298 de
430 2269 570 2296 Barlaamo
583 2269 710 2304 quodam.
730 2269 842 2304 inquieti
870 2279 903 2299 ac

117 2319 237 2354 suspecti
259 2319 362 2353 ingenii
383 2317 506 2347 homine,
525 2315 663 2344 retulisset
677 2316 834 2344 decrevisse
850 2318 903 2344 im-

116 2371 272 2400 peratorem
288 2364 407 2391 eximere
426 2363 479 2390 sibi
495 2362 579 2390 semel
595 2369 704 2389 omnem
719 2362 746 2389 in
762 2367 902 2398 posterum

115 2412 149 2438 de
167 2411 214 2438 illo
238 2414 339 2437 metum
358 2417 389 2436 ac
403 2409 625 2439 Sollicitudinem,
636 2416 689 2441 quo
721 2408 747 2435 id
776 2416 906 2443 asseque-

116 2461 204 2486 retur.
221 2456 259 2483 ait
274 2456 437 2490 prasecpisse
449 2454 558 2482 cuidam
573 2462 588 2481 e
605 2453 657 2481 sibi
676 2454 815 2482 ﬁdissimis
841 2462 904 2482 cum

117 2503 237 2529 Nicaram
250 2502 394 2532 abducere.
414 2509 445 2528 ac
458 2501 493 2527 ibi
511 2501 564 2534 πρὸ
575 2499 624 2526 ττῦ
640 2501 679 2531 εὶς
691 2499 810 2535 κάπρον
829 2500 904 2526 εἱσα-

115 2549 215 2582 γαγεῐν
233 2547 364 2581 στερῆσαι
381 2547 436 2572 τῶν
460 2545 618 2580 ὀφθαλμῶν,
646 2545 802 2580 priusquam
817 2545 844 2572 in
861 2554 906 2572 ραι-

114 2594 223 2622 atellum
233 2593 420 2624 introduceret,
441 2592 523 2619 oculis
543 2592 658 2626 prii-ure.

151 2638 259 2666 Εἱσιτά
276 2647 303 2673 p.
323 2639 384 2666 ΠΒ.
405 2637 487 2664 Multa
509 2643 566 2665 toto
593 2637 646 2664 hoc
665 2642 800 2663 commate
822 2637 906 2672 ἀνάρ-

115 2693 186 2719 τητσι
203 2689 231 2711 et
248 2684 366 2712 invicem
383 2683 535 2710 inconnexa
564 2687 712 2717 ponuntur.
739 2682 904 2716 Exprimnn-

118 2735 162 2756 tur
177 2730 250 2756 enim
268 2729 394 2764 carptim.
410 2728 475 2755 solis
489 2728 572 2754 initiis
588 2727 786 2755 sententiarum
801 2727 904 2754 deliba-

117 2775 162 2806 tis.
181 2782 241 2809 qute
255 2774 353 2807 Grmci,
369 2782 464 2809 pacem
478 2782 540 2801 cum
559 2773 664 2800 Latinis
680 2773 752 2801 haud
767 2781 798 2799 ex
814 2773 906 2800 animo

118 2820 277 2853 probantes,
293 2820 320 2847 in
333 2820 445 2854 scriptis
461 2820 539 2847 Vecei
556 2819 805 2854 reprehendebant.
830 2819 902 2852 Quid

116 2870 209 2893 autent
229 2866 271 2893 hic
288 2871 365 2894 sonct
380 2869 427 2892 aut
457 2865 521 2899 quid
549 2865 583 2893 sit
599 2873 650 2892 vox
667 2865 766 2897 εἰςιτὰ,
788 2865 858 2892 haud
875 2865 900 2892 iu

914 1557 936 1587 C

950 939 1086 967 laborioso
1107 945 1135 967 et
1159 940 1315 975 periculoso
1342 945 1381 967 tot
1404 940 1518 966 marium
1548 940 1674 973 trajectu.
1698 939 1733 966 ad

949 984 1022 1012 litem
1037 993 1112 1012 suam
1126 986 1318 1020 provocatione
1334 986 1396 1012 illuc
1411 985 1568 1012 translatam
1586 985 1619 1011 ibi
1642 992 1734 1019 perse-

950 1032 1099 1066 quendam.
1119 1031 1167 1060 Est
1178 1040 1242 1068 ergo
1256 1033 1315 1060 sine
1329 1032 1412 1060 dubio
1426 1031 1455 1058 τὸ
1467 1031 1608 1066 ἔκκλητον,
1618 1030 1663 1065 jus
1673 1038 1734 1066 pro-

950 1078 1099 1105 vocationis
1110 1078 1234 1113 ajudicio
1249 1079 1411 1113 patriarcha:
1434 1076 1734 1112 Conslantinopolitani

949 1126 977 1149 ct
993 1123 1106 1150 aliorum
1131 1122 1307 1151 Orientalium
1333 1124 1366 1150 ad
1390 1123 1544 1157 pontiﬁcem
1559 1122 1734 1155 Romanum;

950 1168 1029 1203 cujus
1042 1169 1112 1204 juris
1129 1170 1231 1205 agnitio
1241 1170 1431 1204 professioque
1443 1177 1526 1196 unum
1544 1173 1602 1196 erat
1613 1176 1628 1196 c
1648 1168 1738 1195 tribus

950 1216 1096 1250 prmeipuis
1112 1216 1248 1250 capitibus
1264 1223 1324 1251 qua:
1337 1216 1369 1243 ad
1400 1216 1577 1243 ecclesiarum
1607 1214 1734 1242 concilia-

951 1261 1053 1289 tionem
1078 1269 1093 1288 a
1119 1261 1222 1290 Gracis
1256 1263 1448 1298 exigebantur.
1468 1261 1504 1288 Ea
1519 1261 1607 1296 capita
1623 1261 1666 1288 his
1686 1260 1736 1288 tri-

951 1307 1002 1334 bus
1017 1307 1107 1334 verbis
1133 1307 1347 1343 designabantur
1361 1307 1408 1335 21b
1427 1309 1568 1342 πρωτεῖον,
1587 1307 1617 1333 τὸ
1628 1305 1734 1341 μνημό-

952 1361 1042 1383 συνον,
1054 1353 1084 1379 τδ
1097 1353 1392 1386 ἔκκλητον.·Ρτὶιηειιιιε
1406 1360 1493 1388 papse,
1518 1353 1641 1387 ejusdem
1664 1352 1738 1378 inter

950 1406 1028 1426 saera
1045 1398 1151 1432 [ublica
1163 1399 1400 1430 commemoratio,
1420 1404 1558 1434 postremo
1579 1398 1624 1433 jus
1643 1396 1737 1432 appel-

951 1441 1063 1469 lationis
1071 1441 1104 1468 ad
1117 1442 1243 1470 eumdem
1257 1451 1272 1470 a
1287 1443 1430 1470 sententiis
1445 1443 1612 1478 synodorum
1627 1446 1674 1469 aut
1687 1450 1736 1477 pa-

952 1488 1148 1516 triarcharum.

991 1534 1231 1568 Ἑλλησποντίας
1250 1543 1279 1570 p.
1296 1534 1359 1563 396.
1374 1535 1454 1563 Venti
1475 1543 1587 1568 nomen,
1604 1539 1634 1562 ut
1648 1535 1737 1570 ἀπαρ-

952 1578 1043 1610 κτίας.
1060 1579 1168 1606 Ventus
1184 1579 1332 1607 vehemens
1346 1579 1413 1607 ﬂans
1430 1580 1464 1607 ab
1478 1580 1666 1615 Hellesponto.

994 1624 1205 1659 Ἐνάιθριάζειν
1229 1633 1257 1660 p.
1285 1625 1349 1653 405.
1377 1625 1435 1652 Νοη
1461 1630 1504 1653 est
1528 1626 1572 1653 hic
1596 1625 1735 1660 ὲνειιθριά-

951 1669 1008 1702 ζειν
1031 1671 1077 1697 sub
1100 1671 1143 1698 dio
1154 1678 1230 1698 esse:
1249 1679 1354 1698 summa
1385 1671 1459 1698 enim
1486 1675 1591 1703 instate,
1620 1676 1650 1698 ut
1670 1676 1735 1698 tunc

951 1722 1020 1748 erat.
1037 1717 1190 1744 meridiano
1201 1717 1258 1744 sole
1272 1717 1407 1748 fervente,
1425 1717 1496 1744 haud
1510 1722 1582 1744 esset
1601 1717 1647 1744 illa
1658 1725 1735 1744 com-

952 1763 1031 1791 moda
1047 1763 1139 1790 statio.
1164 1763 1373 1798 Intelligendum
1398 1771 1462 1798 ergo
1487 1763 1680 1797 imperatorem
1702 1763 1736 1790 ad

951 1817 1046 1837 auram
1064 1816 1079 1836 e
1096 1809 1303 1844 septentrionali
1324 1808 1394 1836 forte
1411 1813 1521 1843 patente
1539 1809 1657 1836 fenestra
1671 1808 1739 1836 flan-

951 1859 1006 1883 tem
1022 1856 1107 1891 frigus
1117 1860 1253 1890 captasse.
1266 1855 1321 1882 Aut
1336 1855 1358 1882 si
1373 1855 1476 1890 frigore
1491 1855 1563 1882 aeris
1579 1863 1696 1882 camera:
1711 1855 1737 1882 vi

952 1910 967 1930 a
975 1902 1034 1930 cadi
1047 1901 1144 1929 ardore
1154 1901 1261 1928 defensi
1272 1901 1372 1928 clausis
1382 1900 1510 1928 fenestris
1522 1901 1659 1931 utebatur,
1670 1901 1741 1927 ἐναι-

952 1948 1076 1982 θρίάζειν
1104 1955 1154 1982 pro
1185 1947 1336 1983 refrigerari
1359 1945 1610 1982 positum-luerit;
1640 1954 1673 1974 el
1705 1955 1739 1974 co

951 1995 1023 2030 quod
1039 1995 1198 2029 plerumque
1216 1993 1272 2024 ﬁat.
1295 1997 1326 2020 ut
1340 2001 1402 2028 quae
1420 1993 1471 2020 sub
1483 1993 1555 2020 caelo
1581 1997 1676 2027 aperto
1694 1992 1738 2026 ju-

953 2045 1016 2068 cent
1029 2039 1234 2075 refrigerentur,
1255 2039 1385 2066 translato
1402 2047 1436 2066 eo
1446 2039 1529 2066 verbo
1547 2038 1629 2065 etiam
1645 2038 1679 2065 ad
1697 2046 1739 2064 re-

956 2085 1158 2120 frigerationem
1175 2092 1235 2119 qua:
1252 2083 1331 2111 aliter
1346 2084 1446 2111 evenit.
1460 2084 1491 2110 [ι.
1507 2091 1544 2115 νι,
1561 2091 1586 2110 c.
1597 2083 1642 2114 29,
1661 2090 1741 2109 men-

955 2132 992 2158 tio
1011 2131 1040 2158 fil
1070 2131 1164 2162 ὓδατος
1181 2129 1421 2165 ὶξαιθριαζομένου
1445 2137 1521 2164 aqum
1540 2129 1587 2156 sub
1604 2130 1648 2155 dio
1664 2129 1742 2162 refri-

954 2182 1074 2212 geratae,-
1088 2176 1173 2211 quod,
1187 2176 1238 2202 etsi
1248 2180 1313 2203 tunc.
1329 2183 1437 2210 quoque
1452 2180 1532 2203 aestas
1545 2178 1614 2206 erat,
1632 2174 1741 2201 facilius

927 2231 949 2258 ι)
962 2223 1123 2258 intelligitur
1136 2229 1185 2257 per
1197 2225 1304 2249 noctem
1319 2221 1433 2249 factum.
1448 2222 1482 2248 At
1499 2221 1552 2248 hoc
1563 2221 1622 2248 loco
1639 2220 1745 2248 diserta

956 2270 986 2297 ﬁt
1009 2269 1062 2296 diei
1085 2269 1200 2301 mentio,
1219 2275 1283 2295 cum
1307 2266 1497 2302 designatione
1527 2266 1602 2293 horae
1620 2266 1740 2300 pomeri-

955 2315 1055 2343 diana.

997 2361 1135 2395 ‘Iz'rb‘vtrj,
1160 2369 1188 2397 p.
1207 2359 1270 2389 583.
1299 2359 1382 2387 Recte
1397 2357 1532 2385 Meursius
1556 2358 1636 2385 docet
1663 2355 1740 2383 ἐνδυ-

955 2405 1006 2439 τήν
1021 2412 1083 2433 esse
1098 2412 1256 2440 supremum
1277 2411 1360 2430 saera:
1380 2411 1480 2430 mensa:
1498 2403 1653 2429 instratum.
1680 2401 1742 2428 l‘ri-

957 2458 1032 2477 mum
1053 2451 1127 2478 enim
1158 2450 1361 2478 insternebatur
1374 2457 1428 2476 ara:
1443 2449 1516 2484 quod
1541 2448 1642 2476 dicitur
1665 2447 1743 2474 ἀντι-

958 2496 1072 2530 μίνσυλν,
1103 2503 1180 2523 sacra
1203 2502 1320 2530 mappa,
1351 2498 1417 2521 tunc
1442 2498 1547 2521 tantum
1585 2492 1748 2520 necessario.

957 2541 1120 2575 imponenda
1144 2540 1233 2573 altari,
1261 2539 1371 2575 quando
1397 2546 1453 2566 non
1469 2539 1611 2566 constabat
1627 2546 1662 2565 an
1675 2537 1743 2565 illud

957 2587 1053 2614 fuisset
1068 2592 1270 2614 consecratum.
1287 2586 1374 2621 Supra
1391 2586 1467 2616 illud.
1483 2589 1530 2612 aut
1543 2592 1625 2619 supra
1641 2583 1744 2611 nudam

956 2640 1031 2659 aram
1057 2638 1133 2660 certo
1159 2638 1310 2665 sacratam,
1334 2632 1530 2659 exteudchatur
1557 2631 1584 2657 iu
1606 2637 1745 2665 prmpara-

957 2679 1032 2705 tione
1056 2679 1182 2706 sacriﬁcii
1209 2679 1334 2710 linteum,
1358 2678 1430 2713 quod
1452 2677 1627 2712 appellabant
1659 2675 1744 2702 κη.τὰ-

958 2734 1058 2760 σαρκα,
1074 2734 1155 2761 supra
1174 2727 1246 2762 quod
1271 2727 1397 2754 videlicet
1421 2726 1533 2761 ἀμέσως
1559 2732 1660 2759 corpus
1684 2723 1747 2751 sivo

957 2780 1022 2799 caro
1042 2772 1149 2800 Domini
1173 2774 1200 2800 in
1223 2773 1396 2808 Ieucharistia
1418 2777 1478 2807 post
1505 2770 1743 2799 consecrationem

961 2827 1081 2853 przcscns
1107 2819 1304 2846 reclinabatur.
1333 2818 1359 2846 id
1382 2818 1472 2846 velum
1495 2817 1630 2851 corporale
1654 2814 1747 2843 Latini.

959 2873 1098 2893 vocamus.
1115 2866 1169 2894 Nec
1181 2866 1240 2901 plus
1254 2871 1312 2893 erat
1331 2865 1356 2893 in
1376 2866 1432 2901 ipsa
1448 2865 1587 2894 iunctione
1603 2861 1751 2892 sacrificii-
