1931 3069
192 145 261 179 1019

638 150 670 182 P.
688 150 839 181 POSSlNl
861 151 1187 184 OBSERVATIONUM
1205 155 1280 186 LIB.
1301 156 1326 186 Ι.

1738 158 1748 188 Ῑ
1765 157 1808 187 ’20

189 204 225 232 At
242 209 303 239 post
333 204 417 239 ipsam
441 213 488 232 ara
514 207 690 240 operiebatur
723 212 812 242 tapete
846 208 903 235 sive
930 209 1205 244 év—Aconfessoris,
1241 212 1287 246 qui
1333 220 1415 248 agens
1451 212 1485 239 de
1522 211 1710 246 ἁντιμινσίοις,
1749 213 1809 239 Ku-

190 249 267 285 δυτῇ,
294 255 384 278 textus
412 251 572 286 plerumque
600 254 752 288 magnillci;
781 255 852 281 unde
867 255 894 281 in
911 255 971 282 illos

192 303 258 323 usus
288 297 404 330 pretiosa
429 298 547 332 stragula
577 298 769 331 ollerehautur,
797 300 884 335 qualis
915 301 974 328 hac

194 340 245 368 fuit
259 341 353 376 ἑνδυτή
369 342 403 369 ab
420 343 582 377 imperatore
597 343 727 371 Michaele
744 345 893 381 Palat-ologo
914 346 972 380 pri-

193 394 266 414 mum
292 395 390 423 magno
423 389 524 424 templo
545 390 574 416 S.
601 389 710 425 Sophiae
735 391 846 423 donata,
873 392 973 419 deinde

192 431 275 458 etiam
287 433 319 459 ad
332 433 485 467 pontiﬁcem
502 435 652 462 Romanum
673 436 763 464 missa.
778 436 916 464 Credibile
930 443 973 464 cst

193 486 226 505 ex
245 478 297 506 isto
314 484 402 514 tapete
423 489 503 516 super
528 490 601 509 aram
625 483 760 517 explicato
779 484 903 518 speciose
926 491 974 519 pe-

192 525 318 559 pendisse
335 525 362 552 in
380 526 494 553 frontem
507 527 600 555 altaris
634 528 765 561 ﬁmbrias,
782 530 908 556 tuborum
927 534 974 557 aut

193 570 317 598 nolarum
345 571 388 599 vel
412 573 493 600 etiam
526 574 657 601 malorum
691 574 785 602 formis
807 575 971 608 distinctas;

193 616 266 643 unde
287 615 437 651 Hesychius
465 618 584 650 ὲνδὺταν,
614 618 636 646 si
665 619 736 646 forte
758 619 828 647 idem
851 628 913 648 eum
931 621 973 646 ἐν-

194 660 258 696 δυτῇ
277 661 322 693 sit,
342 662 463 688 αὐλωτὸν
477 663 585 694 dixerit.
613 664 749 698 quomodo
773 665 912 696 αὺλωτοὺς
929 674 974 699 φι-

195 706 262 740 μούς
288 705 383 734 Pollux
409 713 541 735 memorat
574 708 620 736 lib.
647 718 674 741 x,
693 709 739 736 uhi
758 710 791 737 de
804 711 973 737 ornamentis

195 759 337 786 equorum.
361 752 521 780 Ἐκαλοῦντο
534 754 562 781 δέ
577 763 661 786 τινες,
681 755 778 791 inquit,
886 757 974 783 αὐλω-

193 798 236 824 τοὶ
251 798 328 833 φιμοὶ
342 798 386 826 διὰ
413 799 443 825 τὸ
463 799 590 830 κώδωνας
607 800 678 836 ἔχειν
695 802 914 838 ἑπηρτημένους,
932 802 972 835 οἷς

195 843 434 879 ἑγχρεμετίζοντες
465 846 544 873 ῖπτιοι
573 845 640 883 ἦχον
669 847 776 874 ἐποίουν
811 849 973 884 προσόμοιον

195 890 278 925 αὐλῷ,
295 890 332 917 lta
351 891 406 924 ille,
422 892 454 919 ad
471 899 568 920 sonum
588 894 719 925 referens.
736 894 807 929 quod
823 903 878 921 non
896 895 973 922 inve~
990 879 1011 908 Β

195 935 347 964 risimiliter
360 938 393 964 ad
417 938 536 973 speciem
551 947 658 974 quoque
670 940 811 975 pertinuit.
830 940 896 967 Nam
908 941 975 968 alio-

195 981 240 1016 qui
257 983 397 1016 κωδώνων,
412 988 550 1019 utcunque
571 985 724 1014 hinnitibus
741 988 972 1023 responsantium,

195 1035 279 1055 sonus
289 1036 342 1055 non
354 1029 468 1057 multum
484 1031 517 1058 ad
535 1031 606 1059 tibia:
621 1037 729 1060 cantum
744 1033 858 1061 accedit.
876 1033 973 1063 Forma

194 1081 261 1100 vero
285 1074 341 1101 tubi
355 1079 402 1102 aut
416 1075 487 1103 nolaa
513 1076 538 1103 in
555 1078 750 1112 appendicibus
773 1079 974 1114 ephippiorum,

195 1120 234 1146 uti
250 1125 277 1147 et
297 1120 454 1148 militarium
480 1121 662 1158 chlamydum,
674 1124 834 1159 elegantiam
846 1126 878 1153 ad
895 1135 976 1162 aspe-

194 1170 268 1193 ctum
297 1166 389 1195 habet.
417 1167 472 1195 Has
493 1169 658 1203 appendices
684 1171 822 1199 calliculas
843 1172 901 1199 sive
920 1173 976 1208 gal-

195 1212 291 1240 liculas
329 1213 475 1247 vocabant,
504 1222 572 1249 quas
608 1216 703 1250 glossaa
728 1222 836 1244 veteres
876 1219 975 1253 τροχά-

194 1257 243 1289 δας
270 1258 362 1286 Grtece
380 1259 606 1294 interpretantur.
622 1268 653 1288 ea
678 1269 744 1289 voce
762 1263 908 1290 rotundum
925 1264 976 1291 ali-

196 1304 261 1339 quid
285 1309 312 1332 ct
325 1305 443 1333 volubile
468 1306 662 1342 designantes;
681 1308 769 1343 qualia
786 1314 865 1336 erant
881 1310 977 1337 tintin-

197 1351 297 1378 nabula
312 1356 340 1378 et
360 1352 543 1387 malogranata
555 1361 588 1380 ex
607 1361 653 1381 ora
667 1355 751 1382 vestis
775 1355 917 1383 Aarouicze
929 1356 978 1383 de-

196 1396 354 1432 pendentia,
369 1396 400 1433 [P
415 1397 478 1433 382]
494 1398 581 1426 Exod.
598 1407 690 1432 xxxix,
700 1399 746 1427 25.
763 1399 858 1427 Passio
871 1400 900 1427 S.
912 1400 977 1428 Per-

180 1447 284 1477 ,petuae
299 1443 458 1470 describens
473 1443 600 1471 vestitum
618 1445 760 1479 Pomponii
773 1445 879 1472 diaconi
891 1445 918 1472 in
934 1446 977 1472 vi-

196 1487 274 1516 sione
285 1488 438 1523 apparentis
453 1497 459 1515 :
475 1489 651 1517 Eratvestilus
661 1491 810 1517 distinctam
825 1491 976 1524 candidam,

195 1534 291 1561 habent
321 1534 477 1568 multiplices
492 1535 638 1563 colliculos.
659 1535 722 1563 ﬂare
745 1536 860 1564 candida
890 1537 975 1565 videri
991 1547 1012 1577 ο

196 1583 286 1615 potest
312 1579 394 1608 fuisse
409 1581 518 1612 ἐνδύτας
536 1581 654 1614 αὐλωτός
684 1581 820 1617 Hesychii.
835 1583 875 1610 Ad
899 1584 976 1618 cujus

196 1626 310 1653 formam
329 1627 435 1663 ὲνδυτή,
459 1628 658 1662 operimentum
677 1636 741 1661 arae.
762 1633 789 1657 et
806 1629 864 1664 ipsa
889 1629 978 1656 αὐλω-

195 1672 240 1703 τός
255 1672 332 1701 facile
352 1673 445 1708 fuerit,
466 1674 608 1709 multiplici
626 1675 775 1710 appendice
789 1675 976 1703 callicularum

196 1717 334 1753 eleganter
347 1722 452 1752 ornata,
465 1719 575 1747 insertis
584 1720 666 1747 etiatn
680 1721 804 1755 speciose
815 1721 975 1754 unionibus,

196 1765 227 1787 ut
243 1761 287 1788 hic
309 1761 405 1789 Noster
419 1768 560 1791 memorat.
579 1763 690 1792 Diversa
713 1773 728 1792 a
741 1765 867 1800 superius
898 1766 976 1794 dictis

196 1805 261 1840 περὶ
290 1807 401 1841 ἑνδυτῆς
419 1807 464 1834 καὶ
486 1809 533 1835 τοῦ
562 1809 722 1844 κατασάρκα
754 1810 833 1838 docet
861 1810 977 1838 Jacobus

195 1850 269 1878 Guar
293 1853 327 1880 ad
354 1852 549 1890 Eucltologium
574 1862 603 1890 p.
626 1855 688 1888 627,
710 1855 856 1884 Meursium
877 1857 976 1893 corrigi

194 1897 295 1932 iubens
313 1907 319 1925 :
335 1899 383 1926 sed
406 1907 461 1926 non
478 1900 634 1935 persuadet.
657 1901 785 1935 quoniam
810 1909 890 1936 quem
918 1903 977 1929 lau-

197 1942 243 1970 dat
257 1942 369 1971 fundum
389 1952 445 1972 suae
470 1945 615 1973 sententia:
638 1945 799 1981 Symeonem
832 1947 977 1975 Thessalo-

197 1988 349 2022 nicensem,
366 1996 509 2026 postquam
534 1992 670 2025 consului,
681 1992 753 2020 haud
770 1992 906 2020 faventem
924 1994 976 2028 ipsi

196 2035 300 2070 reperi.
322 2035 367 2063 Ait
394 2035 422 2063 in
446 2044 479 2064 eo
503 2045 595 2065 errare
620 2037 768 2066 Meursium
790 2038 862 2073 quod
890 2047 977 2065 κατα-

197 2079 286 2116 σάρκα
303 2088 357 2108 ηοη
371 2082 480 2117 ἀμέσως
496 2090 549 2111 arte
565 2083 654 2117 nudae,
679 2084 734 2119 sed;
745 2091 827 2119 supra
851 2085 976 2119 ἀντιμίν-

197 2134 255 2153 σιον
276 2127 362 2155 sterni
391 2128 499 2156 solitum
515 2134 629 2157 asserat.
648 2129 729 2165 Atqui
754 2138 807 2157 non
837 2131 889 2158 hoe
910 2131 976 2158 sim-

196 2172 305 2207 pliciter
336 2178 384 2201 aut
411 2174 600 2203 universaliter
626 2175 762 2203 Meursius
793 2177 901 2207 asserit,
927 2176 975 2203 sed

196 2223 301 2246 tantum
326 2220 434 2254 quando
461 2228 515 2247 non
543 2222 685 2250 constabat
703 2222 737 2249 de
769 2222 975 2249 consecratione

195 2265 310 2298 altaris;
327 2267 405 2301 cujus
425 2268 521 2294 asserti
553 2272 649 2295 testem
674 2268 797 2301 producit
824 2266 975 2294 Manuelem

196 2312 378 2346 patriai-cham
396 2314 422 2339 in
440 2314 498 2341 haec
511 2313 592 2341 verba
611 2321 618 2340 :
640 2313 680 2340 Τὰ
693 2313 849 2349 ἀντιμίνσια
863 2313 913 2339 οὐκ
935 2313 976 2344 εἰς

196 2356 286 2387 πάσας
304 2357 410 2392 ἀνάγκη
433 2358 539 2384 κεῖσθαι
566 2359 615 2389 τὰς
635 2359 715 2392 ἁγίας
737 2358 889 2393 τραπέζας,
917 2357 976 2384 ἀλλ’

196 2402 236 2434 είς
251 2402 284 2433 ἃς
300 2403 330 2429 οὐ
350 2403 488 2439 γνώριμόν
501 2405 575 2430 ἐστιν
597 2403 652 2430 εἴτε
670 2403 873 2439 καθιερωμέναι
906 2403 976 2429 εἰσὶν

196 2447 251 2474 εἴτε
269 2447 312 2474 οὗ.
330 2449 493 2476 Αιιιίηιιηεία
509 2457 559 2476 non
568 2449 684 2476 omnibus
699 2449 797 2483 imponi
809 2448 892 2475 sacris
904 2455 976 2474 men-

193 2495 231 2521 sis
248 2503 348 2522 necesse
361 2500 410 2527 est,
431 2497 476 2523 sed
490 2497 517 2524 in
535 2504 578 2523 eas
600 2495 632 2522 de
643 2495 734 2531 quibus
747 2503 797 2522 non
811 2497 849 2521 est
873 2498 973 2525 notum,

195 2546 352 2568 consumite
377 2541 429 2568 sint
458 2549 545 2568 necne.
582 2541 666 2568 Addit
697 2541 787 2568 statim
816 2539 973 2567 rationem:

196 2587 238 2614 Τὰ
253 2588 306 2623 γὰρ
330 2588 542 2623 καθιερωμένων
558 2588 642 2622 ἁγίων
658 2586 802 2622 τραπεζῶν
816 2586 897 2613 τόπον
914 2584 976 2611 ὲπέ·

194 2641 283 2668 χουσι.
307 2633 472 2660 Amimensia
503 2633 571 2660 enim
600 2636 811 2659 consecrotarum
838 2637 973 2657 carrorum

194 2688 344 2707 niemnrum
368 2680 451 2706 locum
477 2680 604 2706 obtinent.
630 2678 707 2706 Unde
734 2677 895 2705 concludit:
921 2676 975 2702 Καὶ

195 2727 260 2754 ἔνθα
283 2728 335 2754 εἰσὶ
349 2727 481 2762 γνώριμοι
503 2726 716 2761 καθιερωμέναι,
745 2725 776 2751 οὐ
797 2724 875 2760 χρεία
899 2722 975 2749 ἀντι-

197 2776 311 2810 μινσίων
329 2776 397 2801 ἐκεῖ.
417 2775 448 2801 Et
464 2775 507 2802 ubi
524 2779 687 2808 perspectum
714 2779 751 2801 est
768 2781 830 2800 ora:
853 2780 906 2799 esse
920 2779 976 2798 con-

195 2826 324 2852 secrato»,
353 2829 417 2852 opus
442 2821 606 2850 autimcnsiis
637 2829 687 2847 non
710 2825 748 2847 est
778 2819 824 2846 ibi.
840 2818 921 2845 Addit
948 2821 975 2844 et

196 2866 270 2894 aliud
303 2866 487 2894 testiinonium
517 2867 663 2902 Nicephori
705 2866 888 2900 llotnologla:
919 2863 975 2891 sive

1027 251 1089 286 pitu;
1107 252 1146 284 δὲ,
1160 253 1259 288 inquit,
1272 254 1442 287 ἐπ’ὲκείναις
1455 255 1509 282 τῶν
1524 255 1666 290 τραπεζῶν
1674 256 1807 287 τίθενται,

1023 296 1056 326 ἃς
1077 297 1240 333 καθιέρωσις
1262 301 1311 335 οὐχ
1335 300 1458 335 ἡγίασεν.
1484 300 1591 335 Proprie
1602 308 1660 327 vero
1670 309 1750 336 super
1762 310 1809 328 ea:

1024 350 1116 369 sacras
1129 351 1233 371 mensas
1246 351 1390 380 ponuntur,
1411 355 1476 381 quas
1501 347 1662 373 consecratio
1677 355 1728 374 non
1745 355 1810 374 san-

1023 387 1158 421 ctiﬁcam‘t.
1166 388 1225 416 Non
1241 390 1323 425 igELur
1335 391 1460 418 absolute.
1477 391 1543 418 dicit
1556 391 1691 418 Meursius
1705 391 1736 418 τὸ
1757 401 1811 418 κα-

1023 433 1147 468 ταπάρκα
1159 443 1240 470 supra
1269 436 1438 471 ἀντ-ιμῑνσιον
1459 437 1554 464 sterni.
1588 437 1646 464 Vidi
1663 442 1755 464 autem
1781 445 1810 465 et

1023 483 1149 506 accurate
1169 480 1298 514 perpendi
1312 480 1463 508 indicatum
1478 489 1492 508 a
1508 481 1596 510 Goare
1607 487 1702 509 contra
1715 482 1811 509 Meur-

1023 524 1092 551 sium
1111 524 1251 560 Symeouis
1280 525 1534 554 Thessalonicensis
1565 527 1666 558 locum,
1696 527 1743 562 qui
1769 527 1811 554 sic

1024 569 1116 601 habet.
1146 578 1200 598 arae
1228 571 1264 598 ad
1291 571 1452 599 sacriﬁcium
1481 572 1622 600 instructae
1645 577 1810 607 apparatum

1023 624 1177 643 memorans
1193 625 1199 642 :
1224 617 1390 652 Κατασάρκα
1409 617 1477 644 δὲτὸ
1489 618 1634 652 λεγόμενον
1649 619 1741 650 εὐθὺς,
1761 619 1812 645 καὶ

1024 661 1082 696 μετ’
1113 661 1178 688 αὐτὸ
1194 661 1398 698 τριττεζοερόρον
1424 663 1566 698 κέκτηται.
1598 663 1672 695 Quod
1698 669 1813 691 vocatur

1023 712 1160 734 catasarca
1172 729 1178 739 ,
1191 709 1298 741 statim;
1314 713 1371 742 post
1390 709 1457 736 illud
1471 710 1691 744 trapezopl.orum
1720 710 1812 737 habet.

1022 752 1083 788 Agit
1095 752 1128 780 de
1145 761 1190 780 ara
1207 753 1299 788 utique
1310 759 1479 782 consecrata.
1493 754 1560 787 Quae
1577 756 1598 781 si
1617 755 1678 782 talis
1695 763 1750 782 non
1764 763 1812 782 es-

1023 803 1064 826 set
1082 803 1128 826 aut
1143 806 1204 826 esse
1224 807 1277 827 non
1293 801 1420 832 sciretur,
1436 809 1490 828 non
1509 806 1621 836 negaret
1636 803 1816 836 superimpo-

1024 845 1152 872 sitionem
1171 845 1252 881 559
1276 847 1459 873 necessariam
1473 847 1657 881 ἁντιμινσίου.
1678 846 1758 874 llunc
1773 847 1815 874 ln-

1025 899 1086 918 cuui
1115 891 1258 927 Symeonis
1278 892 1531 920 Thessalonicensis
1554 892 1626 920 Guar
1640 893 1679 920 sic
1704 894 1789 920 vertit
1808 902 1815 920 :

1027 937 1172 964 lnterulam
1187 946 1247 965 vero
1264 943 1371 971 vestem,
1392 947 1450 973 qua;
1474 938 1511 965 ad
1523 946 1632 965 carnem
1661 939 1772 970 dicitur,
1791 944 1817 965 et

1024 992 1136 1018 superne
1175 983 1284 1011 mantilc
1309 984 1405 1016 adepta
1437 988 1486 1012 est.
1512 984 1576 1012 Tria
1616 992 1670 1012 non
1702 985 1816 1019 probo,

1024 1029 1095 1064 quod
1108 1029 1137 1055 τὸ
1152 1029 1313 1064 κατασάρκα
1340 1030 1493 1062 interulam,
1510 1030 1583 1064 quod
1606 1031 1817 1066 τραπεζοφόριιν

1025 1076 1150 1107 mnutile,
1177 1075 1249 1110 quod
1268 1076 1396 1111 κέκτηται
1418 1076 1514 1103 reddat
1542 1077 1638 1111 adepta
1664 1082 1703 1104 est
1720 1085 1730 1104 :
1749 1086 1816 1104 nam

1026 1121 1158 1156 κέκτηται
1168 1121 1219 1149 hoc
1230 1121 1289 1149 loco
1299 1123 1458 1156 estpoxsidet
1477 1126 1524 1149 aut
1538 1122 1626 1149 habet.
1640 1123 1818 1158 Κατασάρκι

1026 1175 1123 1194 nomen
1141 1167 1279 1202 proprium
1306 1168 1358 1195 veli
1381 1168 1450 1195 sacri
1467 1168 1493 1194 in
1506 1176 1560 1203 quo
1588 1168 1700 1203 ἁμέπως
1732 1169 1814 1195 recli-

1026 1219 1107 1239 natur
1120 1212 1282 1240 eucharistia
1298 1213 1356 1240 sive
1368 1220 1469 1248 corpus
1495 1218 1522 1240 et
1545 1221 1608 1241 caro
1633 1213 1754 1246 Domini,
1767 1221 1816 1240 ec-

1026 1258 1178 1286 clesiastico
1187 1259 1320 1286 vocabulo
1327 1258 1460 1286 debuerat
1472 1259 1597 1294 exprimi.
1608 1259 1732 1294 Denique
1744 1267 1818 1294 τρα-

1027 1303 1177 1338 πεζοφόρον
1204 1304 1294 1331 velum
1316 1304 1408 1339 potius
1421 1309 1464 1331 est
1488 1311 1543 1339 quo
1569 1312 1688 1339 superne
1717 1311 1817 1332 sancta

1027 1355 1221 1385 conteguntur,
1236 1349 1315 1384 quale
1330 1350 1401 1385 quod
1418 1355 1512 1377 nostro
1546 1358 1624 1378 more
1641 1358 1723 1385 supra
1744 1351 1817 1378 cali-

1027 1404 1086 1424 cem
1103 1401 1150 1423 aut
1176 1403 1282 1423 sacram
1295 1396 1420 1431 pyxidem
1435 1395 1538 1424 Christi
1568 1403 1668 1431 corpus
1682 1401 1731 1424 aut
1746 1405 1817 1424 san—

1027 1443 1136 1478 guinem
1148 1443 1320 1470 continentes
1328 1450 1408 1477 supra
1421 1449 1495 1469 aram
1510 1443 1675 1470 extenditur.
1686 1442 1815 1470 Declarat

1027 1489 1079 1516 hoc
1104 1495 1166 1516 mox
1186 1488 1438 1516 Thessalonicensis
1462 1488 1572 1520 ibidem,
1588 1489 1658 1520 Ὅτι,
1672 1488 1814 1523 inquiens,

1027 1534 1112 1568 τάφος
1143 1534 1201 1560 ἐστὶ
1213 1534 1261 1561 καὶ
1288 1534 1381 1569 Θρόνος
1404 1534 1503 1569 Ἰησοῦ.
1529 1534 1668 1570 Signiﬁcat
1694 1543 1701 1561 :
1733 1542 1814 1562 sacra

1026 1579 1191 1607 eucharistia
1206 1587 1288 1612 super
1303 1587 1379 1607 aram
1395 1581 1448 1607 isto
1469 1587 1550 1615 quem
1575 1580 1707 1608 describit
1726 1589 1815 1616 appa-

1027 1630 1088 1652 ratu
1100 1625 1187 1653 oculis
1200 1625 1320 1653 ﬁdelium
1336 1625 1475 1660 proposita
1487 1625 1555 1652 duos
1575 1625 1691 1653 indicari
1703 1626 1812 1655 Christi

1027 1670 1251 1704 status,jacentis
1267 1670 1294 1696 in
1310 1670 1438 1705 sepulcro
1451 1674 1479 1697 et
1495 1671 1708 1699 resurrectionis
1722 1672 1814 1706 gloria

1027 1715 1167 1750 conspicui
1177 1720 1303 1750 tanquam
1315 1716 1341 1742 in
1349 1716 1456 1743 throno.
1469 1714 1561 1750 Pergit
1570 1715 1641 1742 idem
1656 1715 1814 1749 declarans,

1027 1761 1083 1788 Καὶ
1099 1760 1130 1787 τὸ
1145 1760 1194 1796 μὲν
1211 1761 1394 1796 (κατασάρκα)
1411 1761 1484 1787 ἐστὶν
1495 1760 1532 1792 ὡς
1550 1760 1645 1787 σινδὼν
1704 1769 1812 1796 περιει-

1027 1807 1096 1842 λήθη
1110 1808 1218 1843 νεκρός.
1235 1808 1271 1834 Ac
1283 1813 1424 1835 catasarca
1446 1808 1563 1842 quidem,
1585 1809 1638 1834 sive
1659 1809 1814 1842 corporale,

1027 1854 1162 1881 sindonem
1191 1857 1363 1889 repraesentat
1376 1861 1427 1888 qua
1442 1858 1560 1880 mortuus
1577 1853 1693 1881 Christus
1710 1854 1816 1880 involu-

1028 1904 1069 1927 tus
1083 1904 1138 1933 lost.
1170 1900 1207 1926 Τδ
1223 1900 1251 1926 δὲ
1279 1899 1316 1931 ὡς
1332 1899 1410 1934 δόξης
1433 1899 1564 1935 περιϐολὴ
1577 1919 1585 1932 ,
1610 1899 1648 1931 ὡς
1676 1900 1724 1926 καὶ
1739 1900 1753 1926 ὃ
1767 1901 1816 1927 ἐπὶ

1026 1946 1114 1982 τούτῳ
1130 1947 1158 1974 ἐν
1176 1946 1216 1982 τῷ
1242 1945 1365 1973 τίθεσθαι
1395 1947 1523 1981 ἐμφαίνει
1560 1946 1676 1981 ψαλμὺς,
1706 1947 1815 1982 Κύριος

1027 1993 1196 2025 ἐϐασίλευσε,
1204 1993 1302 2026 λέγων,
1314 1992 1481 2027 εὐπρέπειαν
1494 1992 1647 2019 ἐνεδύσατο.
1659 1992 1732 2019 Illud
1747 2001 1814 2020 ocra

1027 2039 1091 2071 (hoc
1105 2043 1147 2066 est
1161 2036 1382 2073 τραπεξοφόρον)
1399 2041 1427 2064 ιιι
1441 2037 1533 2073 gloria:
1557 2038 1668 2064 amictus
1683 2038 1814 2072 (partim,

1027 2085 1072 2112 hic
1088 2085 1162 2112 addit
1175 2085 1208 2112 de
1223 2092 1272 2112 suo
1284 2085 1422 2118 interpres
1438 2083 1532 2111 nescio
1541 2083 1648 2118 quare),
1664 2085 1704 2110 uti
1720 2089 1745 2110 et
1763 2085 1814 2119 qui

1026 2131 1089 2158 dum
1103 2131 1288 2166 superponitur
1306 2130 1419 2165 (sanctis
1436 2129 1536 2163 velum)
1555 2130 1614 2156 cani
1639 2129 1710 2156 solet
1731 2129 1814 2156 Psal-

1027 2185 1084 2203 mus
1096 2171 1268 2208 demonstrat,
1280 2176 1367 2202 dicens
1384 2184 1391 2202 :
1410 2174 1536 2202 Dominus
1550 2175 1676 2209 regnavit,
1689 2175 1815 2202 decorem

993 2214 1013 2241 Ι)
1031 2222 1126 2250 induit.
1140 2222 1276 2249 Hactenus
1285 2221 1537 2248 Thessalonicensis
1550 2228 1557 2252 ;
1572 2228 1605 2247 ex
1620 2221 1720 2255 quibus
1749 2221 1815 2256 ejus

1027 2267 1118 2295 verbis
1142 2271 1256 2302 apparet
1282 2265 1351 2293 nihil
1386 2265 1506 2293 Meursio
1534 2265 1814 2294 Thessalonicensem

1026 2313 1237 2346 adversari,'setl
1255 2312 1346 2347 potius
1374 2311 1497 2339 reiellere
1512 2311 1600 2346 ipsum
1631 2312 1813 2346 interpretem

1027 2359 1199 2394 Euchologii,
1217 2359 1243 2385 in
1260 2366 1293 2386 eo
1308 2358 1380 2393 quod
1394 2358 1428 2385 ad
1447 2357 1569 2385 Ordinem
1593 2357 1702 2385 Iotionis
1722 2365 1814 2386 sacrae

1026 2412 1139 2436 mensae,
1154 2412 1182 2439 p.
1200 2404 1252 2431 627
1266 2403 1471 2438 τραπεζοφόρον
1494 2403 1604 2430 mantile
1625 2403 1709 2431 fuisse
1729 2404 1811 2436 dicit,

1026 2450 1091 2478 illud
1111 2455 1242 2485 przeterea
1273 2450 1447 2478 confundens
1491 2458 1553 2478 cum
1596 2450 1699 2485 ὲνδυτῇ,
1735 2451 1810 2485 quod

1027 2494 1066 2521 illi
1098 2494 1257 2528 neutiquam
1268 2494 1460 2526 concesserim,
1478 2495 1531 2523 nisi
1551 2500 1647 2522 testem
1661 2495 1761 2522 laudet.

1062 2539 1093 2575 ῙΡ
1102 2539 1164 2575 583]
1173 2540 1322 2575 Ἑνορίαρ.
1332 2539 1393 2567 452.
1405 2540 1478 2573 Quas
1497 2548 1548 2568 nos
1558 2540 1639 2568 hodie
1649 2540 1728 2576 vulgo
1740 2540 1809 2567 dite-

1026 2593 1103 2613 ceses
1128 2593 1266 2617 \ocamus,
1295 2586 1404 2619 ὲνορίας
1432 2585 1517 2614 (ἕτεεεί
1551 2586 1657 2618 dicunt,
1680 2586 1807 2620 regiones

1026 2630 1145 2666 episcopi
1172 2631 1306 2665 cuiusque
1328 2631 1424 2658 ditioni
1448 2639 1480 2658 ac
1505 2631 1633 2666 potestati
1658 2631 1806 2658 ordinaria:

1026 2677 1136 2712 proprie
1154 2677 1305 2711 subjectas;
1333 2685 1395 2704 natu
1411 2677 1539 2705 ditecesis
1550 2677 1711 2705 vocabulum
1727 2677 1806 2704 latius

1025 2724 1089 2751 oliui
1108 2723 1228 2758 patebat.

1067 2769 1312 2803 Ἐξαυτωρειανοί
1328 2777 1356 2804 p.
1371 2767 1415 2796 66.
1433 2768 1504 2803 Πρὸς
1517 2769 1566 2804 μὲν
1598 2769 1652 2795 τῶν
1673 2768 1806 2800 Ἐξαυτω-

1027 2815 1143 2851 ρῖιανῶν
1163 2815 1346 2850 πατριάρχην.
1384 2814 1441 2842 lloc
1452 2819 1494 2842 est
1509 2815 1654 2842 Arsenium
1690 2814 1802 2848 patriar-

1027 2862 1116 2890 cham.
1131 2861 1175 2889 Sic
1192 2861 1246 2890 duo
1263 2861 1353 2894 codd.,
1385 2860 1512 2889 Vaticano
1525 2861 1678 2892 omittente,
1702 2865 1730 2886 ut
1758 2867 1806 2886 so-
