1931 3069
79 158 148 192 1021

75 263 128 291 cha
139 262 250 297 quidam
264 261 510 289 Exautorianorum
526 263 673 290 distinctus
683 271 696 290 a
709 263 865 298 patriarcha

74 308 239 343 simpliciter
255 312 284 335 et
306 307 366 334 κατ’
394 307 494 343 ἐξοχὴν
517 309 557 336 sic
571 309 653 336 dicto.
672 309 865 336 Exauctoriaui

75 354 124 388 qui
142 354 313 385 dicerentur,
329 353 463 388 suspicari
491 354 556 381 licet
571 362 603 382 ex
629 355 672 382 his
700 363 761 390 qua:
784 355 867 382 tradit

77 401 217 427 Meursius
245 401 328 428 verbo
347 401 525 436 ἑξαυτωρείίι,
549 402 595 428 ubi
620 402 701 429 dot-et
730 410 762 429 ex
782 402 866 429 Suida

77 447 264 482 ὲξαυτωρῖῐαν
282 447 336 475 dici
361 447 520 482 ἐλευθερίαν
549 448 604 474 ἀπὸ
631 448 776 482 στριτείας
803 449 866 474 mis-

75 493 206 519 aionema
223 492 330 520 militia.
349 492 426 525 Quod
453 496 481 520 et
505 492 595 520 innuit
615 493 670 520 Leo
696 494 723 520 iu
750 493 868 520 Tacticis

78 538 175 568 Const.
195 539 241 570 20,
262 538 396 566 militares
412 539 539 566 dividens
554 539 580 566 in
591 539 645 566 duo
660 547 772 574 genera.
790 540 868 566 "Orat

77 584 128 611 τοῦ
145 584 260 618 στριτοῦ
275 585 343 616 εἰσι,
360 584 409 616 ait,
428 585 475 610 καὶ
489 584 545 611 ὅσοι
558 585 608 619 τῆς
620 585 772 620 λεγομένης
787 585 869 617 iisu-

77 631 209 666 τωρείας.
228 630 297 658 llinc
316 630 441 658 videlicet
466 629 676 665 ἑξαυτωρειανυι
704 632 870 658 vocabantur

80 676 128 711 qui
145 676 254 703 emeriti
267 679 315 702 aut
330 675 392 703 aliis
415 676 522 704 idoneis
545 678 637 704 causis
650 677 770 712 legitime
793 677 869 704 missi

80 727 98 747 a
118 719 214 747 militia
232 720 346 747 militum
374 720 523 755 privilegiis
543 721 707 756 gaudebant.
726 722 800 749 Inter
811 730 870 756 quae

81 766 218 801 suspicari
247 765 310 793 licet
327 770 355 793 et
379 766 432 793 hoc
445 765 541 798 fuisse,
566 771 597 794 ut
624 767 713 794 ubivis
747 773 870 802 agerent,

81 819 137 839 non
152 820 167 839 a
188 812 237 839 loci
251 813 391 846 episcopo,
409 811 456 838 sed
476 819 492 838 a
509 812 665 847 patriarcha
680 814 706 840 in
729 813 872 849 56051ιὶ-

82 858 227 885 ritualibus
245 858 405 892 penderent.
425 857 516 891 Quare
540 863 639 893 pnesto
661 859 800 887 habebant
832 859 872 887 vi-

83 905 191 933 carium
208 904 379 938 patriarchm,
393 903 425 931 ad
443 912 524 939 quem
545 905 592 932 illo
610 905 726 933 absente
748 913 872 933 recurrc-
889 900 909 927 Β

84 955 155 978 rent.
172 950 240 983 Quia
254 958 318 977 vero
337 950 381 977 ubi
410 955 468 977 erat
485 950 643 985 imperator,
665 957 694 979 ut
725 956 788 979 tunc
817 951 872 979 Mo-

84 996 197 1031 gnesiat,
213 1004 327 1030 itiagnus
343 1002 401 1023 erat
421 998 662 1025 exautorianorum
677 1006 808 1026 ntnnerus
821 1019 828 1030 ,
845 1003 872 1026 et

84 1050 148 1070 cum
163 1042 218 1069 illis
234 1042 439 1077 propatriarcha
457 1043 584 1078 proprius
597 1043 730 1079 ipsorum,
749 1044 784 1071 ad
799 1045 872 1071 hunc

85 1088 241 1123 congregati
259 1096 386 1123 proceres
405 1089 518 1116 mittunt
531 1094 561 1116 ut
586 1090 781 1124 patriarcbam,
793 1090 873 1125 cujus

87 1138 146 1162 erat
162 1133 291 1165 vicarius,
305 1139 460 1162 accerseret
474 1134 574 1168 Nicaea,
589 1136 662 1170 quod
676 1136 737 1171 ejus
752 1144 834 1171 opera
846 1140 874 1164 ct

85 1180 250 1207 auctoritate
265 1180 408 1214 praesentis
418 1187 462 1207 res
478 1180 512 1208 de
526 1188 579 1215 qua
590 1181 757 1208 tractabatur
768 1186 871 1216 egeret.

88 1224 151 1252 llaec
166 1225 332 1259 opinababar
351 1225 377 1261 in
392 1225 451 1253 loco
465 1225 604 1260 perplexo,
633 1226 720 1254 donec
734 1227 798 1261 quid
813 1235 874 1254 cer-

88 1271 143 1298 tius
160 1271 321 1303 occurrerit,
338 1278 392 1297 non
410 1271 538 1299 nesciens
554 1276 645 1299 tamen
662 1277 724 1307 post
739 1276 846 1307 captam
858 1280 872 1299 a

88 1315 196 1343 Latinis
224 1315 490 1352 Constantinopolim
509 1322 537 1344 et
555 1322 671 1345 mortem
691 1317 803 1346 Joannis
820 1318 872 1346 Ca-

89 1362 197 1395 materi,
215 1363 266 1390 sub
281 1370 335 1397 quo
351 1363 507 1397 patriarcha
524 1363 610 1392 Graeci
625 1371 657 1391 ex
675 1372 707 1391 ea
722 1365 788 1392 urbe
804 1365 874 1400 pulsi

89 1416 138 1442 per
158 1408 269 1435 Latinos
294 1412 368 1440 sunt,
389 1409 508 1436 electum
521 1409 556 1437 ab
583 1410 679 1437 iisdem
697 1410 798 1438 ϐαι-εἰς
824 1411 876 1437 im»

87 1454 156 1489 perii
173 1455 265 1481 sedem
282 1454 377 1482 Nicaea
395 1455 560 1483 habentibus
592 1457 773 1492 patriarcham
795 1458 876 1485 titulo

87 1499 267 1527 nihilominus
281 1500 624 1536 Constantinopolitanum,
638 1503 685 1538 qui
706 1503 792 1530 sacris
807 1511 876 1538 prae-

88 1545 202 1579 sideret,
214 1546 373 1574 Michaclcm
388 1548 579 1582 Autoriannm,
596 1557 676 1584 quem
695 1549 739 1576 alii
768 1548 877 1576 Sauria-
890 1568 912 1599 c

87 1600 154 1620 num
185 1597 306 1626 vocant;
334 1594 400 1628 quin
425 1594 507 1622 etiam
528 1595 674 1622 Arsenium
704 1595 754 1622 hoc
785 1595 876 1630 capite

89 1643 281 1672 memoratum,
308 1640 388 1674 quia
411 1639 542 1667 Michaele
568 1640 718 1668 Autoriano
742 1641 876 1675 septimus

87 1686 210 1713 eamdem
224 1685 430 1720 patriarchalem
443 1685 538 1714 Nicatae
550 1687 643 1714 sedem
659 1687 757 1718 tenuit,
770 1687 877 1722 reperio

88 1732 269 1760 Antorianum
300 1740 409 1767 quoque
439 1733 552 1769 dictum.
584 1733 636 1760 Sed
668 1733 732 1768 quid
754 1734 810 1760 hate
843 1734 877 1761 ad

87 1779 262 1814 πατριάρχην
286 1779 526 1814 Ἐξιυτωρειανῶν
539 1800 546 1812 ,
560 1779 593 1806 de
613 1787 668 1814 quo
687 1780 732 1807 hic
752 1780 879 1808 mentio!

89 1823 266 1858 quaerendum
286 1822 369 1858 igitur
399 1823 525 1858 amplius,
550 1824 602 1851 nisi
619 1826 679 1858 quis
712 1825 879 1860 conjectum

88 1876 102 1896 τι
121 1877 163 1895 me
180 1869 257 1903 prius
275 1869 421 1904 propositae
433 1870 662 1904 acquiescendum
679 1874 756 1905 putet
772 1870 822 1905 (a).

131 1914 328 1941 Ἐπαλαστέω
356 1923 383 1950 p.
407 1915 469 1942 298.
503 1914 566 1942 Οἷον
594 1916 693 1942 ἑαυτὸν
720 1916 879 1951 ἐπαλαστή-

89 1968 150 1991 σας.
171 1960 280 1994 Repetit
293 1965 320 1987 et
335 1961 354 1988 l.
375 1968 399 1994 ν,
417 1969 442 1988 c.
467 1960 494 1988 6.
523 1961 583 1989 Non
597 1962 673 1996 posui
698 1962 750 1990 hoc
767 1963 879 1990 verbum

88 2006 116 2033 in
135 2006 187 2033 hoc
200 2006 323 2041 catalogo
354 2012 385 2034 ut
398 2007 527 2035 lectorem
544 2008 671 2036 docerem
697 2007 762 2042 quid
778 2008 882 2035 valeret

91 2053 209 2089 (conﬁdo
223 2054 296 2081 enim
318 2054 345 2081 id
375 2054 464 2089 ipsum
484 2062 517 2082 ex
545 2054 652 2082 Homeri
682 2055 798 2082 lectione
816 2055 882 2082 didi-

89 2100 170 2132 cisse,
187 2100 258 2134 apud
273 2107 353 2134 quem
384 2100 491 2128 Ὀδυσσ.
504 2109 531 2134 α,
552 2109 580 2129 v.
593 2101 646 2128 252
666 2101 771 2137 legerit,
789 2101 840 2128 Τὸν
857 2101 881 2127 δ’

90 2146 306 2180 ἐπαλαστήσασα
322 2147 466 2182 προσηύδα
482 2147 591 2180 Παλλὰς
607 2148 719 2183 Ἀθήνη.
737 2148 785 2176 Ubi
801 2148 881 2183 Didy-

90 2200 152 2219 mus
177 2193 300 2228 exponit,
324 2194 371 2220 ὲπὶ
387 2194 441 2224 τοῖς
465 2193 612 2229 λεχθεῖσιν,
631 2194 668 2226 ὡς
683 2194 812 2225 alae-:02;
836 2194 883 2221 καὶ

762 160 783 190 G
790 160 948 192 LOSSARl
956 161 1023 192 ΗΜ.

77 217 115 244 let
131 217 159 244 in
176 215 312 243 obscuris.
331 215 474 244 Manilestc
488 215 535 245 hic
559 222 725 245 memoratur
749 219 865 253 patriar-
882 221 904 249 Α

1637 156 1706 188 1032

960 219 1098 254 Ἐπέχειν
1114 226 1141 254 p.
1155 217 1219 246 256.
1239 216 1411 245 Videtur‘hoc
1427 216 1488 243 loco
1507 215 1617 250 ἐπέχειν
1636 223 1705 243 nove

918 266 1037 301 positum
1054 273 1104 300 pro
1125 271 1242 292 coercere
1259 267 1284 291 et
1301 263 1433 298 castigare
1448 261 1530 289 verbis
1545 269 1636 296 aspere
1649 261 1700 288 ali-

917 320 1005 348 quem.
1033 311 1102 338 Vide
1125 318 1206 338 voces
1235 309 1415 344 ὰναδέχεσῠαι
1438 313 1465 336 et
1493 307 1680 342 πνευματικός
1695 314 1703 323 ο

918 365 981 384 nam
993 356 1074 384 exibi
1089 356 1171 383 dictis
1181 356 1284 391 patebit
1297 355 1364 382 ratio
1382 354 1615 389 interpretationis
1627 360 1705 380 meae.

955 402 987 438 μ’
999 401 1064 438 581]
1085 401 1261 428 Ἐπευκτεῖν
1275 409 1302 436 p.
1318 401 1381 428 288.
1411 400 1482 435 Lego
1497 400 1542 427 hic
1565 400 1707 434 ἐπευκτη-

919 448 1038 483 σάμενος
1063 455 1078 474 a
1102 447 1188 474 verbo
1219 447 1364 473 ὲπευκτεϊν
1392 446 1458 473 satis
1497 445 1628 472 inusitato
1657 445 1706 472 i!lo

919 494 1041 529 quidem,
1067 501 1120 520 non
1137 499 1227 520 tamen
1241 493 1407 519 abhorrente
1421 500 1433 518 a
1449 492 1519 527 stylo
1542 491 1622 525 hujus
1639 490 1707 517 acri-

921 540 1007 575 ptoris
1024 540 1182 574 anliquarii,
1200 539 1222 566 si
1240 539 1300 574 quis
1315 539 1397 569 alius,
1414 545 1440 565 et
1460 538 1585 565 fastidire
1616 537 1708 570 obvia,

921 585 1020 613 sectari
1034 585 1092 612 avia
1121 585 1280 620 palmarium
1303 584 1431 619 put-antis.
1457 583 1538 610 Forte
1568 584 1590 610 is
1605 584 1709 617 legerat

921 632 992 667 apud
1011 631 1082 659 LXX
1098 631 1200 659 Jcrem.
1216 639 1261 664 xx,
1279 630 1400 665 ὲπευκτὴ
1421 630 1523 665 ἡμέρα,
1541 629 1592 655 hoc
1609 635 1660 659 est,
1681 634 1710 656 ut

922 679 1072 714 Hesychius
1094 677 1291 713 interpretatur
1307 697 1314 710 ,
1342 677 1513 711 ὲπιθυμητή,
1551 681 1579 703 nt
1600 676 1708 707 Suidas,

921 725 1004 759 εὐχῆς
1017 724 1089 757 ἀξία.
1104 723 1176 751 Satis
1193 724 1245 750 hoc
1256 723 1294 750 illi
1316 723 1485 750 fundamenti
1499 723 1582 750 fuerit
1594 723 1626 749 ad
1645 731 1706 748 ver-

923 771 987 798 bum
1003 771 1148 796 ὲπευκτεῖν
1170 769 1370 800 fabricandum,
1384 774 1413 796 ut
1428 769 1478 796 alia
1495 768 1597 803 passim
1615 768 1709 794 multa.

923 816 989 843 Nam
1009 815 1072 850 quid
1093 815 1137 841 hic
1158 814 1243 845 aliud,
1264 813 1336 848 quod
1353 813 1385 839 ad
1410 820 1466 840 rem
1483 812 1577 841 faciat.
1593 811 1709 839 eorumi-

924 861 1082 889 uisc.unur?
1096 860 1187 888 Codex
1215 860 1294 895 561
1316 859 1483 886 Barberinus
1501 859 1584 886 habet
1614 859 1713 884 ἐπαίκ-

924 908 1096 942 τησάμενος,
1117 907 1268 933 Allatianus
1296 905 1531 940 ἐπικτησάμενος,
1553 905 1712 934 Vaticanus,

924 959 954 980 ut
968 953 996 980 in
1010 952 1145 979 similibus
1160 951 1240 981 solet.
1263 958 1311 986 pro
1324 958 1356 977 eo
1372 950 1445 984 quod
1474 957 1530 976 non
1562 949 1711 980 intellexit,

924 1000 975 1027 alia
999 999 1090 1026 omnia
1108 1006 1159 1025 nec
1187 997 1335 1024 sententia:
1366 1001 1553 1023 colisentanea
1581 995 1709 1029 subjecit.

924 1045 1098 1073 Manifestum
1137 1048 1230 1071 autem
1253 1048 1295 1070 est
1332 1047 1457 1069 neutram
1487 1042 1596 1069 illarum
1615 1048 1713 1068 vocuzn

925 1092 979 1119 huc
995 1091 1139 1126 quadrare.
1152 1090 1208 1118 Nec
1232 1089 1304 1116 aliud
1324 1088 1445 1116 occurrit
1459 1088 1530 1122 quod
1549 1087 1582 1115 ad
1595 1091 1714 1114 mentem

925 1137 1045 1164 auctoris
1062 1135 1238 1163 tolerabiliter
1267 1142 1296 1162 se
1322 1133 1518 1166 accommodet,
1535 1140 1615 1168 quam
1636 1132 1716 1159 ἑπευ-

925 1182 1106 1217 κτησάμενῡς.

966 1227 1129 1260 Vix/80mg.
1152 1226 1256 1262 p.286.
1276 1227 1354 1254 Κατᾶ
1378 1226 1464 1260 λόγον
1496 1224 1654 1256 ἐπιδόσεως.
1673 1224 1716 1252 Si-

926 1274 1036 1309 gniﬁCat
1062 1281 1116 1301 non
1135 1272 1305 1300 Ordinarium
1330 1276 1357 1300 et
1375 1272 1515 1307 proprium
1530 1270 1615 1298 fuisse
1643 1271 1716 1297 hunc

927 1319 1119 1347 l’rocouncsite
1131 1318 1252 1346 ecclesiae
1266 1323 1414 1353 pastorem,
1433 1317 1480 1344 sed
1508 1316 1600 1343 hocin
1617 1322 1647 1342 ea
1664 1322 1714 1349 pro

927 1372 1049 1400 tempore
1061 1364 1179 1392 cilicium
1208 1364 1365 1391 exercuisse
1380 1371 1412 1390 ex
1438 1362 1632 1390 commissione
1664 1365 1714 1387 ant

927 1411 1110 1446 delegatione,
1141 1415 1171 1437 ut
1198 1409 1361 1444 loquuntur,
1391 1410 1514 1444 precario
1543 1413 1569 1434 et
1599 1413 1714 1434 conces-

927 1458 1015 1489 sione,
1033 1464 1095 1491 quat
1115 1455 1159 1483 hic
1188 1455 1309 1486 ἐπίδοσις
1331 1459 1464 1487 vocatur;
1489 1453 1528 1480 uti
1553 1457 1581 1480 ct
1610 1461 1636 1487 p.
1651 1452 1715 1483 560,

928 1503 975 1530 ubi
989 1501 1023 1529 de
1034 1502 1150 1536 quodam
1168 1500 1264 1528 Latino
1281 1500 1410 1535 episcopo
1433 1499 1571 1534 quondam
1589 1498 1717 1525 Crotona:

929 1548 1067 1580 scribitur,
1086 1547 1204 1574 voluisae
1220 1547 1412 1581 imperatorem
1434 1545 1482 1572 καὶ
1501 1544 1651 1579 ἐκκλησίαν
1679 1544 1716 1570 δι-

928 1594 1040 1622 δόναιοῐ
1063 1596 1102 1628 τῷ
1126 1592 1198 1627 λόγῳ
1229 1593 1279 1626 τῆς
1308 1591 1457 1622 ἐπιδόσεως
1483 1591 1521 1622 ὡς
1553 1590 1714 1626 σχολάζοντι

927 1640 978 1674 τῆς
989 1638 1135 1673 λαχᾱύσης.
1165 1637 1346 1664 commendare
1365 1637 1416 1670 ipsi
1443 1636 1578 1663 ecclesiam
1594 1635 1712 1662 admini-

927 1685 1066 1713 stramlam
1091 1693 1122 1711 ea;
1139 1684 1311 1719 delegatione,
1333 1691 1384 1709 non
1414 1683 1552 1709 ordinaria
1581 1687 1718 1716 potestate,

928 1740 987 1759 cum
1011 1732 1033 1758 is
1057 1731 1173 1758 ecclesia:
1193 1738 1272 1764 quam
1284 1729 1384 1756 dudum
1398 1729 1486 1764 fuerat
1507 1729 1630 1761 sortitus,
1653 1736 1717 1755 cura

925 1779 984 1813 jam
1000 1781 1117 1804 vacaret.

973 1824 1152 1857 Ἐπικόμπια
1179 1829 1206 1856 p.
1232 1818 1295 1848 ΞΜ
1322 1819 1362 1847 lta
1393 1820 1454 1848 cod.
1484 1819 1583 1850 Allat.,
1607 1826 1639 1846 ev
1667 1827 1722 1853 quo

930 1869 1024 1904 putavi
1040 1867 1233 1903 corrigendum
1263 1865 1387 1898 Ilarber.,
1402 1865 1449 1900 qui
1463 1865 1615 1899 ἑπιγκόηια
1642 1865 1721 1892 exhi-

928 1915 984 1943 bet.
999 1914 1087 1942 V'atic.
1109 1914 1181 1941 clare
1195 1912 1330 1939 Allatiauo
1352 1912 1501 1939 consentit.
1532 1911 1602 1938 Sunt
1629 1916 1722 1938 autem

930 1961 1087 1996 ἐπικόμπια
1108 1968 1140 1988 ea
1170 1968 1231 1994 qua
1257 1960 1292 1987 ab
1317 1959 1378 1985 aliis
1416 1958 1570 1993 ἐπικόμϐια
1590 1962 1718 1985 vocantis.

929 2017 945 2035 a
961 2008 1077 2035 Meursio
1093 2007 1212 2034 laudatis
1230 2014 1262 2033 eo
1281 2006 1376 2038 verbo,
1394 2012 1494 2039 nempe
1512 2005 1652 2032 sudariola
1673 2010 1722 2031 aut

931 2054 1001 2081 linea
1028 2056 1179 2087 segmenta,
1197 2059 1257 2086 qua:
1280 2051 1368 2086 ligatis
1397 2051 1472 2078 intus
1503 2055 1579 2077 certo
1606 2057 1724 2077 numero

931 2096 1080 2125 nummulis
1098 2096 1219 2122 materia:
1239 2095 1355 2122 diversae
1381 2094 1409 2121 in
1436 2094 1544 2129 plebem
1568 2094 1719 2121 confertam

929 2143 1102 2179 jaciehantur
1113 2141 1333 2169 solemnitatibus
1360 2141 1455 2168 certis.
1477 2139 1520 2167 ιο.
1551 2139 1722 2167 Cantacnlc-

932 2197 995 2220 nus,
1013 2189 1030 2217 l.
1049 2196 1068 2219 ι,
1093 2196 1118 2215 c.
1146 2188 1192 2219 41,
1213 2195 1241 2222 p.
1258 2187 1309 2214 135
1327 2186 1370 2213 ed.
1395 2186 1463 2221 Reg.
1481 2186 1521 2220 Τῇ
1547 2186 1642 2221 ἡμέρᾳ
1661 2185 1723 2212 καθ’

88 2239 189 2270 δεινοῖς
220 2237 291 2270 οὖσι,
309 2239 528 2275 δεινοπαθήσασα
548 2240 568 2275 ),
590 2241 637 2268 sed
660 2245 690 2268 ut
717 2241 878 2268 admoneam
895 2239 917 2266 D
931 2236 965 2271 ἢν
979 2236 993 2261 6
1009 2233 1138 2270 βασιλεὺς
1155 2233 1279 2268 χρισοεὶς
1296 2232 1381 2266 εξειισι
1403 2233 1451 2259 τοῦ
1468 2232 1545 2264 ναοῦ,
1560 2232 1637 2267 παρά
1651 2240 1723 2263 τινος

88 2284 121 2311 de
137 2284 218 2318 genio
234 2283 420 2320 Pachymeris,
437 2292 518 2320 quem
542 2286 659 2313 delectat
673 2286 754 2314 verba
772 2286 816 2314 vcl
832 2293 877 2313 se-

90 2330 144 2357 mel
159 2331 439 2365 poetarumcuipiam
468 2336 592 2359 veterum
615 2337 742 2367 usurpata
769 2333 795 2358 in
816 2340 879 2359 ora-

90 2375 166 2402 tione
185 2383 234 2402 sua
261 2383 387 2410 ponere;
409 2384 471 2410 qua
499 2384 551 2403 una
581 2384 614 2404 ex
635 2377 724 2404 causis
755 2381 798 2404 est
817 2376 877 2411 ejus

89 2421 279 2448 obscuritatis.
310 2421 362 2448 Sed
380 2426 407 2449 ct
424 2422 476 2449 hoc
494 2427 594 2457 praeter
617 2422 727 2450 Homeri
756 2422 878 2449 auctori-

90 2471 175 2493 tatem
194 2471 286 2498 novat,
303 2471 333 2493 ut
351 2467 464 2494 verbum
493 2467 563 2501 apud
579 2467 655 2494 illum
680 2473 808 2495 neutrum
821 2467 879 2502 ipse

89 2513 211 2540 activum
246 2513 341 2541 faciat.
378 2513 438 2540 Non
472 2514 545 2540 enim
589 2513 689 2548 ἑαυτὴν
719 2514 878 2549 ἐπαλαπτή-

89 2565 162 2584 σασα
184 2557 320 2585 Homerus
338 2559 430 2593 posuit
446 2563 476 2586 ut
498 2558 604 2586 Noster.
625 2559 657 2586 Et
675 2560 696 2586 si
711 2559 776 2594 quid
792 2559 818 2586 id
835 2567 879 2586 re-

89 2602 154 2635 fert,
184 2603 299 2637 simplex
325 2611 435 2638 quoque
469 2603 569 2638 hujus,
595 2604 772 2638 ἀλαστήσας,
808 2604 879 2631 idem

91 2648 223 2683 princeps
252 2654 396 2683 poetarum
424 2649 549 2677 absolute
570 2651 629 2677 sine
651 2650 783 2685 regimine
802 2658 881 2677 casus

91 2695 185 2730 posuit
204 2694 286 2722 Iliad.
304 2703 337 2729 μ,
357 2704 384 2722 v.
408 2695 470 2728 165,
490 2695 534 2722 ubi
558 2695 635 2726 ἄπιος
655 2696 853 2731 Ὑρτακίδης..
871 2713 878 2722 .

91 2740 249 2774 ἀλαστήσας
261 2740 326 2773 ἔπος
336 2740 416 2776 ηὔδα,
431 2748 485 2768 non
498 2745 588 2768 autem
601 2741 697 2767 ἑαυτὸν
710 2741 880 2776 ἁλαατήσας,

91 2791 121 2814 ιιι
146 2787 191 2814 hic
208 2786 323 2815 Michael
338 2786 504 2822 Palaaologus
521 2795 536 2814 a
546 2787 715 2822 Pachymere
730 2786 880 2814 inducitur.

931 2279 986 2307 τῶν
1014 2278 1216 2313 συγκλητικῶν,
1235 2278 1266 2304 ὃν
1285 2277 1318 2304 ἂν
1344 2277 1472 2313 βασιλεὺς
1502 2277 1601 2310 ἐθέλοι,
1621 2277 1661 2308 εἰς
1677 2277 1723 2303 τὸν

932 2327 1019 2361 δῆμον
1051 2325 1192 2360 ῥίπτονται
1212 2324 1230 2352 ἃ
1251 2324 1379 2358 λέγουσιν
1399 2323 1551 2358 ὲπικόμὸια
1574 2331 1582 2338 θ
1610 2323 1723 2349 δύναται

932 2371 961 2398 δὲ
975 2371 1054 2397 τοῦτο
1067 2369 1240 2404 ἀποδέσμους
1259 2370 1335 2401 τινὰς
1352 2370 1382 2396 ὲν
1403 2369 1514 2396 ὀθονίων
1540 2369 1667 2404 τμήμασι
1682 2369 1724 2395 δε-

932 2418 1073 2452 δεμένους,
1111 2416 1186 2443 ἔνδον
1216 2416 1329 2452 ἔχοντας
1359 2417 1516 2452 νομίσματα
1544 2417 1634 2451 χρυσᾶ
1669 2417 1724 2442 τῶν

934 2463 1084 2499 βασιλικῶν
1111 2463 1176 2500 τρία
1205 2463 1253 2489 καὶ
1279 2463 1308 2496 ἐξ
1334 2462 1456 2499 ἀργύρου
1488 2463 1609 2489 τοςαῦτι
1643 2463 1724 2498 ῆκίιὶ

933 2510 1029 2541 πλείω,
1043 2511 1091 2536 καὶ
1101 2509 1275 2544 ὀϐολοὺςζὰπὺ
1289 2508 1392 2545 χαλκοῦ
1411 2509 1568 2540 τοσούτους.
1599 2509 1655 2536 lloc
1682 2513 1724 2535 est

934 2564 968 2583 cx
988 2555 1115 2583 versione
1151 2556 1268 2583 Pontani
1295 2556 1381 2583 nostri
1400 2565 1407 2583 :
1427 2555 1476 2582 Die
1499 2563 1549 2591 quo
1577 2556 1724 2590 imperator

934 2608 1027 2629 unctus
1047 2611 1063 2629 a
1088 2602 1185 2636 templo
1201 2603 1264 2635 erit,
1286 2602 1318 2629 ab
1332 2602 1423 2637 aliquo
1452 2601 1508 2636 ejus
1543 2602 1721 2636 optimatium,

935 2657 1011 2684 quem
1026 2648 1061 2675 ad
1077 2649 1124 2675 hoc
1151 2648 1268 2683 elegerit,
1299 2649 1327 2675 in
1353 2648 1479 2683 populum
1503 2648 1644 2682 jaciuutur
1664 2656 1723 2678 (μίαν

935 2698 1028 2721 vorant
1051 2693 1206 2728 epicombia.
1225 2693 1293 2721 Sunt
1323 2699 1411 2720 autent
1433 2694 1553 2729 fasciculi
1583 2695 1723 2728 segmenti:

935 2738 1022 2767 linteis
1036 2741 1138 2774 illigata
1155 2740 1278 2767 [iubentes
1298 2741 1461 2767 uumismata
1475 2748 1558 2766 aurea
1576 2740 1723 2772 imperato-

936 2786 977 2813 ria
991 2786 1054 2817 tria,
1071 2786 1177 2812 totidem
1188 2791 1314 2821 argentea
1329 2791 1375 2813 aut
1389 2786 1479 2821 plura,
1499 2792 1524 2813 et
1535 2786 1624 2813 obolo:
1638 2793 1721 2813 irrcos

123 2856 159 2887 (ai
173 2854 219 2889 llic
230 2857 298 2889 locus
311 2855 372 2880 citra
385 2862 488 2889 _causam
506 2856 581 2889 nimis
595 2855 705 2880 turbavit
718 2857 842 2889 hominem
865 2856 978 2885 doctum;
995 2863 1050 2881 nam
1070 2855 1292 2889 εἱβέξαυτωρειοινοί
1313 2856 1418 2889 dividas,
1435 2856 1577 2887 scribasque
1595 2856 1618 2884 ἐξ
1640 2857 1724 2889 Austo-

93 2885 189 2919 pttavoi,
206 2886 248 2918 qui
259 2893 291 2912 ea:
303 2885 491 2912 Auturiuuorum
502 2886 596 2919 farnilia
608 2890 686 2918 erant,
700 2887 780 2913 omnis
798 2890 929 2912 evanescat
940 2888 1077 2913 dillieultas.
1089 2885 1235 2912 Contentus
1250 2885 1274 2912 iu
1286 2889 1334 2912 not.
1353 2888 1385 2912 att
1401 2885 1577 2913 Tcstatmmtimt
1588 2887 1684 2914 Aruuii
