1931 3069
198 142 265 172 iriiri

665 140 696 171 P.
717 141 868 171 POSSINI
889 143 1216 174 OBSERVATION'UM
1242 143 1315 175 LIB.
1337 144 1362 174 l.

1754 143 1821 176 102i

195 197 311 223 totidem.
335 195 396 223 ll.cc
415 196 472 224 ille.
491 196 530 223 Ex
563 195 664 230 quibus
681 196 772 224 obiter
801 197 901 230 collige
935 206 985 226 cur

1050 207 1081 225 ἐι
1101 199 1130 226 δὲ
1152 200 1199 226 καὶ
1216 199 1270 226 ἀπὸ
1287 199 1430 231 ἐλάττονος
1448 200 1530 234 τιμῆς
1548 200 1588 232 εις
1605 200 1727 235 μείζονα,
1742 200 1824 236 δηλα-

195 243 253 269 auri
274 250 328 269 non
344 243 390 269 ﬁat
413 244 440 269 in
465 246 560 269 nostro
587 242 806 277 Pachymeriano
823 243 884 270 loco
902 251 980 271 nien-

196 288 245 318 tio,
261 287 308 314 sed
326 292 516 322 argenteorum
540 287 672 314 duntaxat
693 295 882 323 meorumque
900 297 980 316 num-

196 334 342 360 mulorum.
361 333 442 360 Aurci
455 334 558 360 scilicet
579 334 681 361 nummi
710 335 900 369 largitionibus
928 337 981 363 im-

197 382 351 411 peratorum
368 386 450 405 causa
462 384 491 405 et
508 379 620 406 nomine
637 378 716 406 factis
742 380 956 407 reservabantur
974 388 980 406 :

197 423 256 450 h-u-c
270 429 361 450 autem
375 424 556 458 patriarebica
574 430 644 458 erat,
658 433 713 452 non
729 425 906 460 imperatoria
924 427 983 461 epi-

198 469 368 496 eombiornm
386 470 503 503 sparsio.

240 514 448 548 Ἐπιλυγάζιειν
466 523 492 550 p.
509 515 573 543 553.
604 516 644 542 Τὰ
674 515 874 551 ὡμολογημένα
890 517 985 544 ἐπιλυ-

198 560 307 594 γάζετο.
338 560 394 587 Duo
420 561 515 588 ultima
540 562 623 588 verba
638 561 726 589 Vatic.
740 562 774 589 de
798 569 874 590 more
894 571 986 598 παρα-

199 607 311 641 φρὰζων
331 607 372 633 his
401 607 462 633 aliis
477 613 651 635 commutat:
667 608 703 636 τὰ
735 610 986 644 συμπεφωνημένα

201 653 415 684 ὲπεσκεπάζετο.
453 653 596 688 Signiﬁcat
640 659 737 682 auctor
751 656 825 683 hunc
866 657 985 692 legatum

201 698 282 725 cralis
303 699 405 725 Serbim
423 699 612 727 dissimulasse
627 700 654 727 in
671 702 811 728 tractando
829 701 906 736 prius
919 710 987 729 eon-

201 748 281 770 venta
303 749 330 770 et
351 745 479 778 stipulata
510 745 581 773 inter
610 748 801 782 imperatorem
822 753 850 775 et
874 749 986 781 cralem,

200 793 292 816 astuto
310 789 354 816 illa
371 789 480 816 silentio
497 791 629 826 tegendo.
645 800 680 819 ne
706 793 844 820 mentione
865 794 937 820 facta
957 793 989 820 il-

203 834 288 860 lorum
313 842 344 862 ea
363 839 421 862 rata
445 836 547 863 habere
575 837 728 864 videretur.
747 837 823 873 Λύγη
852 838 990 873 interpre-

203 881 276 908 tibus
297 881 407 909 Homeri
432 888 474 910 est
489 884 518 909 ὲν
534 883 584 918 iam
606 883 644 918 τῷ
659 884 759 919 sum,
774 885 788 911 ὅ
804 885 863 912 ἐστι
883 887 986 921 σκέπη,

203 929 279 954 σκιά.
300 928 378 956 Unde
396 933 437 956 est
451 929 531 964 562
563 930 674 964 λυγαῖον
705 930 735 966 [Ιὶ
749 931 812 967 385]
829 931 886 966 φῶς
912 932 988 959 mali-

203 982 254 1008 gna
277 975 333 1001 lux.
351 974 420 1002 liinc
435 975 612 1009 ὲπιλυγάξειν
633 976 733 1004 valebit
756 977 908 1009 obscurare,
922 979 989 1004 culi-

202 1021 262 1055 ginc
277 1021 417 1055 o/fundere.
434 1022 531 1049 artilici
559 1022 669 1049 silentio
693 1022 843 1050 involvere.

245 1066 528 1102 'Emrrrmtora'pznc
565 1076 593 1103 p.
625 1069 688 1096 261.
729 1069 989 1106 Ἐπιστημονάρχης

204 1120 256 1139 vox
293 1118 335 1140 est
366 1115 515 1149 eimposita
537 1122 571 1142 ex
598 1116 760 1151 ἐπιστήμων
792 1121 820 1143 et
843 1117 926 1152 ἁρχὴ.
955 1117 989 1144 ad

205 1159 412 1193 signiﬁcandum
435 1161 587 1196 principem
624 1163 811 1198 cognitorem.
843 1163 896 1190 hoc
935 1169 989 1195 est,

203 1214 266 1232 ιιιιιιι
303 1206 345 1234 cui
383 1206 411 1233 in
436 1207 530 1242 primis
559 1208 743 1244 cognoscendi
775 1209 809 1236 de
841 1217 870 1236 re
899 1209 989 1244 aliqua

202 1252 247 1285 jus
279 1253 420 1286 competit.
450 1253 549 1288 Aptum
589 1255 751 1282 vocabulum
777 1255 810 1281 ad
845 1255 991 1289 explican-

205 1298 266 1324 dam
289 1298 443 1333 prinripum
459 1304 507 1326 aut
534 1300 740 1334 magistratuum
762 1301 934 1328 szecularium
950 1301 993 1328 in-

206 1343 405 1369 terventionem
424 1343 452 1369 in
468 1344 580 1378 synodis
597 1349 644 1371 aut
658 1346 773 1372 canibus
787 1346 990 1373 ecclesiastlcis.

208 1387 264 1414 Non
279 1389 351 1415 enim
368 1389 401 1416 iis
415 1390 562 1423 prmsident
577 1391 720 1424 utjudices
736 1399 797 1418 cum
812 1392 873 1424 iure
891 1392 992 1419 snﬂ'ra-

207 1435 242 1469 ιιἰί
257 1435 381 1467 decisivi,
401 1436 447 1462 sed
465 1435 601 1463 intersunt
619 1441 647 1463 ut
666 1441 759 1469 testes,
776 1438 835 1465 solo
857 1439 991 1474 cognitio-

208 1481 251 1506 nis
279 1481 479 1514 approbatricis
504 1482 618 1508 arbitrio
653 1482 772 1510 decretis
799 1484 991 1511 auctoritatem

209 1525 392 1559 conferentes,
420 1531 447 1553 et
462 1526 495 1553 ad
519 1529 723 1556 exsecutionem
741 1529 824 1556 robur
854 1530 993 1557 szecularis
1008 1540 1029 1569 ς

209 1571 349 1602 potestatis
374 1572 565 1607 adjungentes.
591 1573 642 1601 Ubi
667 1574 816 1602 notandum
846 1575 993 1610 primatum

209 1616 290 1644 istum
307 1618 482 1652 cognitionis,
499 1619 543 1653 qui
558 1624 714 1654 competere
736 1620 914 1656 principibus,
933 1629 989 1648 non

209 1662 402 1691 ecclesiasticis
419 1663 464 1691 hic
480 1664 592 1697 dicitur,
608 1672 670 1693 esse
685 1671 810 1700 respectu
834 1671 994 1694 caeterorum

210 1707 253 1734 sui
270 1708 387 1740 ordinis,
407 1709 459 1737 hoc
478 1715 519 1737 est
547 1710 690 1742 laicorum,
716 1711 788 1739 inter
802 1720 870 1747 quos
900 1713 996 1748 primis

211 1753 277 1786 ipsis
311 1755 439 1782 convenit
455 1756 518 1782 talia
540 1764 633 1784 nosse.
665 1757 799 1784 Alludunt
829 1758 911 1794 igitur
939 1758 998 1786 iure

212 1799 299 1826 nostri
310 1801 431 1828 auctoris
449 1801 531 1829 verba
547 1802 580 1829 ad
600 1807 721 1830 veterem
736 1804 896 1831 memoriam
912 1804 996 1831 histo-

212 1845 259 1871 ria:
281 1846 473 1875 ecclesiastica:
485 1867 492 1880 ,
510 1855 571 1883 qua:
590 1848 798 1883 Constantinos,
814 1849 996 1884 Thcodosios,

213 1891 363 1918 Marcianos
379 1896 426 1919 aut
454 1894 488 1920 ab
516 1894 558 1921 bis
574 1895 672 1922 missos
689 1895 810 1930 legitime
836 1897 998 1931 praesedisse

213 1938 340 1964 tOIICiiiiS
362 1939 442 1965 ﬁdem
465 1939 540 1969 facit,
559 1939 611 1967 isto
632 1940 761 1967 nimirum
789 1949 869 1976 quem
885 1943 997 1977 exposui

215 1984 308 2011 modo.
327 1984 416 2017 Quare
435 1993 483 2012 vox
501 1985 634 2020 βασιλέως
651 1986 695 2013 hic
713 1987 862 2014 univcrsim
878 1992 905 2014 et
920 1988 999 2016 inde-

216 2030 291 2057 ﬁnite
313 2031 455 2064 sumenda,
472 2036 607 2066 quatenus
629 2040 682 2060 non
700 2032 770 2060 hanc
792 2033 998 2061 determinatam

217 2083 370 2109 personam,
381 2077 428 2104 sed
454 2077 685 2112 quemcunquead
707 2078 848 2113 imperiale
861 2079 999 2115 fastigium

216 2127 338 2150 erectum
356 2123 467 2150 iudicat.
483 2123 658 2158 l‘artieipium
672 2129 762 2152 autent
788 2125 812 2152 ei
830 2126 1000 2160 adiunctum,

215 2168 418 2202 δικαιουμένου,
430 2169 551 2204 designat
564 2169 609 2202 jus
625 2169 688 2196 talis
704 2170 867 2205 cognitionis
881 2176 908 2198 et
930 2179 1000 2206 pra:-

1033 245 1065 279 δὴ
1087 245 1141 272 ἀπὸ
1157 246 1317 272 ἐπισκοπῶν
1336 247 1376 277 εἰς
1394 246 1593 282 μητρόπολιν,ἢ
1608 246 1704 281 ἀνδρὸς
1720 246 1823 282 ἀρετὴν

1033 290 1050 325 ἢ
1066 290 1143 316 πόλιν
1162 291 1263 324 τιμῶν,
1282 294 1334 318 etc.
1353 290 1414 318 Haec
1433 291 1480 324 ibi,
1497 291 1604 326 aliaque
1619 311 1626 324 ,
1642 293 1670 319 in
1685 291 1788 326 quibus
1799 291 1822 319 si

1033 336 1078 364 cui
1093 335 1162 364 forte
1180 337 1204 364 is
1222 341 1318 364 auctor
1334 337 1461 364 videatur
1478 342 1640 372 potestatem
1671 338 1723 365 hoc
1739 338 1826 365 verbo

1035 381 1179 408 indicatam
1199 382 1349 409 extendere
1376 382 1460 409 latius
1478 389 1560 417 quam
1579 387 1609 409 ut
1638 383 1724 418 possit
1735 383 1827 410 conti-

1035 427 1093 455 neri
1111 428 1182 455 intra
1199 428 1330 456 terminos
1351 428 1436 455 sacris
1466 429 1618 455 canonibus
1645 433 1672 456 et
1690 428 1827 462 exemplis

1036 472 1249 499 orthodoxorutn
1266 473 1418 507 principum
1436 473 1539 501 dudum
1565 474 1634 500 ﬁxos
1647 493 1654 504 ,
1668 478 1769 508 prmsto
1784 478 1828 500 est

1037 517 1135 543 idonea
1155 516 1182 543 in
1210 517 1377 544 contrarium
1406 518 1551 552 exceptio:
1572 524 1671 552 nempe
1704 517 1828 543 hominis

1037 563 1216 594 schismatici,
1235 563 1342 597 qualem
1363 570 1392 590 se
1409 562 1564 590 Demetrius
1589 562 1634 590 hic
1650 562 1747 590 eodem
1773 562 1830 588 isto

1037 609 1139 643 scripto
1159 609 1247 643 palam
1266 608 1396 640 declarat,
1408 609 1599 636 auctoritatem
1615 609 1684 636 nihil
1702 608 1827 643 legitimo

1038 655 1215 690 przrscriberc
1233 660 1327 682 contra
1357 655 1509 683 doctrinam
1538 655 1715 682 catholicam.

1081 701 1257 735 Ἐπίσχεσις
1285 709 1313 736 p.
1337 702 1401 728 225.
1418 701 1478 736 Agit
1493 701 1527 728 de
1556 701 1698 728 sacerdote
1721 700 1768 736 qui
1787 706 1831 727 at-

1041 748 1193 772 tentaverat
1211 745 1374 772 benedicere
1391 745 1496 780 nuptiis
1511 745 1570 772 sine
1592 744 1722 771 facultate
1747 745 1831 771 char-

1041 789 1202 824 tophylacis,
1229 790 1272 817 cui
1290 791 1351 818 ideo
1376 791 1402 818 in
1423 798 1530 826 poenam
1559 790 1704 825 suspensio
1728 798 1744 817 a
1767 790 1834 817 fun-

1041 836 1131 864 etione
1159 836 1305 863 sacerdotii
1333 836 1450 872 irrogata
1478 837 1523 864 sit.
1547 836 1595 863 l'lst
1623 843 1688 871 ergo
1715 836 1834 870 ἐπίσχε-

1042 890 1083 913 σις
1107 882 1293 910 ecclesiastica
1313 883 1436 914 notione,
1448 882 1519 917 quod
1533 882 1603 917 juris
1618 882 1746 909 canonici
1764 890 1834 909 con-

1041 927 1105 954 sulti
1132 929 1329 962 suspensione":
1347 927 1427 963 563
1452 932 1561 959 vocant,
1590 927 1709 962 speciem
1743 928 1835 955 eccle-

1041 972 1158 1000 siastica:
1198 981 1322 1001 censura:
1361 974 1646 1001 excomnmnicatione
1682 973 1833 1000 minorem.

1042 1018 1118 1051 Quod
1135 1019 1216 1047 etiam
1228 1020 1352 1048 indicant
1372 1021 1454 1048 verba
1468 1028 1529 1046 mox
1547 1019 1691 1054 sequentia
1710 1028 1718 1046 :
1744 1019 1837 1046 τοῦτο

1042 1066 1096 1100 γὰρ
1107 1066 1158 1092 οὐκ
1175 1065 1247 1098 ἔδοξε
1260 1066 1381 1092 τοιοῦτον
1402 1066 1419 1101 ἦ
1433 1075 1456 1092 τι
1473 1066 1535 1092 ἄλλο
1552 1066 1662 1100 μέτριον
1672 1065 1711 1100 τῷ
1728 1065 1838 1099 βασιλεῖ

1043 1111 1186 1146 ἀγγελθὲν,
1213 1111 1270 1137 ἀλλ’
1296 1112 1448 1146 ἀφορισμὸς
1465 1112 1605 1145 ἄντικρυς.
1629 1111 1737 1144 Quibus
1750 1111 1838 1146 signi-

1045 1157 1139 1184 ﬁcatur
1154 1157 1351 1192 imperatorem
1366 1165 1394 1184 re
1410 1157 1461 1184 sibi
1482 1157 1607 1183 nuntiata
1624 1157 1660 1184 ita
1683 1157 1836 1188 exarsisse,

1043 1203 1120 1237 quasi
1143 1211 1198 1230 non
1233 1204 1378 1237 suspensio
1405 1203 1484 1233 illud,
1505 1202 1553 1230 sed
1584 1203 1838 1230 excommunicatio

1044 1248 1130 1283 major
1166 1248 1274 1280 fuisset,
1307 1248 1504 1275 conl‘undemlo
1534 1238 1640 1282 species
1675 1248 1838 1283 gradusqu'.

1044 1301 1220 1320 censurarum
1246 1294 1453 1321 canonicarum.
1472 1293 1621 1321 Vaticanus
1643 1294 1724 1321 solita
1755 1295 1839 1322 liber-

1045 1344 1100 1366 tate
1125 1339 1198 1367 hunc
1228 1340 1317 1368 locum
1348 1341 1540 1375 παραφράζει,
1558 1349 1607 1376 pro
1623 1341 1677 1368 illis
1689 1341 1784 1368 verbis
1800 1341 1839 1372 ὡς

1045 1385 1195 1421 πρόστιμον
1209 1405 1216 1413 .
1229 1405 1235 1412 .
1248 1405 1254 1412 .
1271 1406 1277 1413 .
1304 1387 1446 1421 ἐπίσχεσις
1476 1384 1522 1421 ἦν,
1552 1387 1592 1414 sic
1618 1387 1747 1414 scribens
1764 1396 1772 1414 :
1793 1387 1838 1413 Ἐ-

1046 1433 1178 1467 σχόλαστο
1187 1433 1236 1468 τῆς
1249 1433 1400 1468 ἱερωσύνης
1419 1433 1495 1467 παρὰ
1512 1433 1559 1460 τοῦ
1578 1434 1757 1469 πατριάρχου
1768 1434 1839 1470 πρὸς

1045 1479 1152 1513 καιρόν.
1173 1478 1211 1506 De
1227 1487 1276 1506 suo
1291 1479 1367 1506 addit
1379 1479 1546 1506 mentionem
1566 1481 1745 1514 patriarchae.

1081 1522 1112 1558 [P
1124 1523 1185 1560 586]
1224 1523 1423 1557 Ἑταιριαρχοι
1436 1524 1529 1558 p.52l.
1544 1523 1614 1556 Τοὺς
1631 1525 1678 1551 ἐπὶ
1693 1526 1745 1559 τῆς
1759 1526 1840 1552 εἱσα-

1046 1569 1140 1604 γωγῆς
1156 1568 1202 1600 οὓς
1215 1569 1403 1604 ὲταιριάρχους
1419 1569 1553 1602 λέγουσιν.
1571 1570 1649 1603 lline,
1677 1576 1783 1605 praeter
1807 1579 1840 1598 ea

1047 1622 1109 1649 qure
1136 1615 1169 1642 de
1200 1619 1251 1642 hac
1276 1623 1342 1642 voce
1372 1619 1452 1642 notat
1484 1615 1631 1648 Meursius,
1659 1615 1842 1650 intelligimus

1048 1659 1250 1687 introductorcs
1286 1661 1344 1687 sive
1388 1661 1598 1688 admissionalcs
1637 1661 1840 1696 imperatorum

1048 1704 1232 1733 Ita'teriarc/ios
1248 1706 1347 1738 dictos,
1362 1706 1436 1741 quod
1450 1714 1548 1741 nempe
1567 1707 1670 1734 tribuni
1694 1707 1843 1742 praetoria-

1048 1758 1158 1782 nOrum,
1183 1752 1284 1786 quibus
1298 1752 1409 1786 proprie
1431 1752 1456 1779 id
1484 1761 1585 1779 nomen
1612 1753 1755 1785 convenit,
1784 1753 1843 1787 ple-

1051 1806 1167 1832 rumque
1184 1799 1235 1825 isto
1251 1799 1415 1826 admittendi
1431 1800 1464 1826 ad
1493 1799 1644 1835 principem
1669 1799 1762 1827 otlicio
1778 1800 1843 1827 fun-

1049 1849 1185 1878 gerentur.

1090 1889 1287 1925 Ἐτεροοαλής
1315 1898 1343 1925 p.
1361 1891 1423 1918 292.
1437 1891 1492 1926 Τὴν
1526 1890 1678 1926 ἑτεροθαλῆ
1718 1891 1845 1926 ἀδελφὴν

1050 1936 1151 1968 αὐτῶν,
1179 1944 1278 1972 nempe
1303 1936 1417 1964 Joannis
1443 1942 1471 1964 et
1500 1937 1661 1964 Theodosia1
1690 1938 1845 1965 liberorum

1049 1982 1162 2008 Martha:
1176 1983 1276 2010 sororis
1297 1983 1482 2018 imperatoris.
1498 1983 1565 2018 Cap.
1585 1983 1711 2017 sequenti
1740 1984 1775 2010 de
1797 1991 1846 2011 ea-

1051 2030 1111 2057 dem
1141 2030 1354 2065 Nostongonissa
1374 2030 1488 2065 loquens
1503 2029 1602 2058 Noster
1617 2030 1700 2057 habet
1729 2030 1846 2062 iterum,

1051 2077 1100 2102 καὶ
1122 2077 1170 2111 τῆς
1183 2076 1273 2103 αὐτῶν
1299 2076 1477 2111 saepedum};
1506 2076 1556 2110 τῆς
1585 2077 1844 2111 Νοστογγονὶσσης.

1052 2122 1122 2155 Quid
1139 2122 1175 2149 sit
1191 2122 1243 2150 hoc
1264 2122 1325 2149 loco
1338 2122 1515 2157 ἐτεροθαλής.
1536 2122 1612 2149 clare
1637 2121 1719 2148 docet
1739 2121 1846 2148 Eusta-

1053 2168 1125 2195 thius
1141 2168 1173 2194 ad
1190 2167 1271 2195 Iliad.
1287 2177 1313 2202 χ,
1327 2175 1354 2202 p.
1375 2167 1442 2194 l285
1458 2168 1502 2194 ed.
1519 2167 1600 2194 Rom.
1621 2167 1719 2197 Παῖδες
1734 2167 1847 2202 πατρὸς

216 2214 302 2241 sentis
327 2214 431 2241 arbitrii
450 2215 476 2241 in
494 2214 689 2243 ecclesiasticis
703 2216 831 2248 coetibus,
847 2223 899 2244 usu
926 2217 993 2243 anti-

1055 2215 1093 2249 μὴ
1121 2215 1286 2249 ὁμομήτριοι
1325 2213 1495 2248 ἐτεροοαλεῖς
1531 2213 1666 2246 λέγονται·
1693 2212 1757 2239 Filii
1797 2220 1848 2246 pa-

217 2268 271 2296 quo
288 2265 315 2288 et
343 2261 452 2288 Patrum
484 2261 611 2289 Ecclesia:
626 2267 748 2289 veterum
760 2270 906 2294 consensu.
925 2263 1000 2297 prin-

216 2306 323 2340 cipibus
335 2311 505 2341 competens.
527 2307 643 2342 Reperio
663 2315 741 2334 usum
761 2308 811 2335 hoc
830 2308 961 2335 vocabulo
974 2309 1001 2336 in

220 2354 312 2380 eadem
332 2354 443 2381 notione
465 2354 632 2381 Demetrium
652 2354 851 2381 Chomatenum
866 2355 1002 2390 archiepi-

218 2407 330 2435 scopum
354 2399 484 2435 Bulgaria:
501 2400 527 2426 in
545 2400 771 2435 responsionibns
791 2400 824 2427 ad
843 2401 1002 2428 Constanti-

218 2454 283 2472 num
303 2446 454 2473 Cabasilam
481 2446 720 2481 archiepiscopum
745 2446 1002 2481 Dyrrhachiensem,

219 2492 312 2520 relatis
335 2500 350 2520 a
368 2493 532 2520 Leunclavio
551 2493 570 2520 ι.
589 2501 605 2520 v
620 2493 695 2520 Jurls
713 2492 956 2525 ,Grteco-Romani.
973 2501 1002 2528 p.

218 2538 270 2565 λιιι
285 2544 313 2565 ct
327 2547 368 2574 sq.
383 2539 427 2566 ed.
447 2539 687 2567 Francol‘urtensis
709 2546 756 2566 an.
774 2539 842 2566 1640
854 2547 861 2572 ;
875 2539 911 2566 ibi
926 2540 1002 2566 enim

218 2587 276 2612 hcc
303 2585 452 2620 leguntur:
476 2585 506 2612 '0
531 2584 660 2620 βασιλεὺς
689 2585 744 2620 γὰρ
774 2581 819 2610 οἷα
847 2585 937 2616 κοινὸς
950 2586 1004 2612 τῶν

216 2631 372 2666 eminet.th
395 2632 637 2666 ἐπ·.στημονάρχης
657 2631 703 2657 καὶ
715 2631 752 2658 ὢν
770 2633 818 2658 καὶ
833 2630 1002 2667 ὀνομαζόμε-

221 2687 265 2710 ιψς
288 2678 334 2704 καὶ
353 2677 504 2710 συνοδικκίς
525 2677 649 2713 γνώμαις
675 2678 817 2704 ἐπιστατεῖ
832 2677 880 2704 καὶ
902 2677 933 2703 τὸ
955 2677 997 2703 κῦσ

225 2734 270 2759 ρης
310 2726 423 2756 ταύταις
447 2725 590 2761 χιρῖζεται
620 2734 626 2741 ·
651 2725 882 2758 ὲκκλησιαστικὲις
916 2724 1006 2756 τάξεις

225 2771 362 2806 ῥυθμίζει,
389 2771 436 2798 καὶ
472 2771 613 2806 voti/2150;?
630 2771 681 2806 βίῳ
699 2770 746 2798 καὶ
761 2771 885 2805 πολιτείᾳ
897 2771 943 2796 τοῦ
960 2770 1008 2805 βή-

225 2826 320 2851 ματις,
336 2818 380 2843 ν.ὶ
396 2818 449 2852 μὴν
461 2818 508 2844 καὶ
521 2816 608 2848 δίκαις
632 2817 790 2843 ἐπισκόπων
805 2817 851 2843 καὶ
867 2816 1006 2852 κληριχῶν

224 2864 273 2889 sui.
291 2864 358 2898 πςρᾶς
372 2872 402 2897 γε
419 2862 593 2898 χηί-ευνλυσῶ)
609 2862 709 2897 ψῇφηις
730 2863 833 2898 lxi/mlo
847 2863 894 2890 Gya.
930 2862 1007 2889 Ἐνά-

1056 2262 1103 2288 tris
1118 2262 1243 2296 ejusdem,
1261 2264 1305 2287 sed
1325 2260 1418 2287 matris
1432 2260 1551 2287 diuersas.
1566 2259 1621 2286 Res
1634 2266 1717 2293 porro
1733 2259 1760 2286 in
1776 2267 1848 2294 pne-

1055 2309 1126 2336 senti
1143 2309 1182 2336 sic
1197 2316 1227 2335 se
1250 2308 1354 2342 habuit,
1379 2312 1408 2335 ut
1425 2308 1526 2335 diserte
1555 2308 1637 2334 tradit
1658 2306 1850 2342 Pachymercs

1056 2355 1107 2382 sub
1126 2355 1207 2382 ﬁnem
1220 2362 1244 2382 c.
1264 2353 1305 2381 l9.
1319 2353 1513 2387 Tarcbauiota,
1535 2353 1575 2380 vir
1590 2353 1703 2379 Martha:
1715 2358 1743 2379 et
1759 2360 1797 2380 ex
1815 2361 1849 2380 ea

1058 2406 1134 2435 pater
1144 2400 1258 2427 Joannis
1270 2404 1298 2426 et
1315 2399 1487 2430 Theodosim,
1513 2406 1545 2425 ex
1566 2398 1657 2433 priore
1688 2405 1776 2425 uxore
1799 2406 1850 2434 ge-

1058 2450 1156 2473 nuerat
1183 2449 1264 2472 antea
1287 2443 1551 2479 Nostongonissam,
1589 2445 1634 2470 cui
1668 2443 1780 2470 videtur
1811 2443 1848 2470 ad

1058 2489 1260 2517 distinctionem
1269 2493 1424 2516 maternum
1441 2487 1549 2514 familiae
1563 2494 1661 2513 nomen
1682 2486 1847 2513 adhesisse.

1060 2536 1121 2564 ΙΙωο
1137 2543 1170 2564 eo
1188 2535 1342 2562 notavimus
1356 2534 1419 2568 quia
1431 2534 1458 2560 in
1479 2533 1635 2568 vulgaribus
1650 2532 1744 2560 lcxicis
1769 2532 1846 2559 haud

1058 2583 1124 2610 satis
1136 2581 1258 2609 disertim
1270 2580 1431 2614 exprimitur
1448 2580 1505 2606 hmo
1519 2579 1598 2606 istius
1609 2579 1684 2606 notio
1706 2578 1844 2607 vocabuli.

1096 2627 1226 2662 Εὐλογία
1246 2634 1271 2660 ρ.
1287 2625 1350 2652 40⁸1.
1375 2625 1429 2652 Ειεί
1448 2624 1533 2652 videri
1549 2629 1638 2659 potest
1651 2631 1731 2659 agere
1747 2629 1847 2651 auctor

1060 2675 1094 2702 dc
1124 2673 1344 2700 benedictionea
1370 2670 1523 2705 patriarcha
1550 2674 1613 2704 post
1639 2669 1846 2704 perceptionem

1061 2721 1190 2750 autidori,
1215 2719 1266 2746 hoc
1295 2722 1346 2750 est,
1369 2721 1400 2744 ut
1426 2723 1476 2744 suo
1500 2716 1560 2743 loco
1584 2715 1846 2747 demonstravimus,

1062 2768 1140 2802 panis
1161 2763 1480 2798 bentdiui,accipienda,
1500 2767 1590 2789 tamen
1615 2762 1794 2789 verisimilius
1804 2766 1847 2789 est

1062 2813 1184 2847 εὐλογίας
1199 2811 1330 2839 vocabulo
1357 2817 1454 2845 panem
1479 2809 1568 2845 ipsum
1595 2808 1770 2836 benedictum
1803 2808 1848 2834 hic

1062 2858 1220 2896 signiﬁcari,
1241 2862 1269 2885 nt
1290 2857 1318 2883 ἒν
1338 2856 1382 2883 διὰ
1398 2855 1470 2883 δυοῖν
1495 2855 1643 2883 historicus
1664 2854 1851 2889 expresserit,
