1931 3069
91 152 161 184 Ῑῡ25

760 151 1019 183 GLOSSARIUM.

1649 156 1716 188 1026

88 209 155 236 dum
181 208 374 244 (κάντιδὼρου
390 214 416 236 et
434 208 559 243 εἰλογίας
587 207 717 236 distincte
745 207 869 235 tnetrinit

933 208 1002 234 κατά
1020 208 1100 243 σῶμα
1122 210 1225 244 (μὴ...
1240 210 1322 245 ἑτέρα
1335 210 1364 237 δὲ
1393 211 1462 237 κατὰ
1483 210 1554 243 νοῖν,
1582 211 1643 238 ὅθεν
1672 211 1717 238 καὶ

88 255 147 282 dtto
165 255 289 288 ejusdem
309 255 392 282 unius
409 255 448 281 rei
463 254 593 281 vocabula
607 255 782 281 continuans.
806 253 881 280 Reti—

89 300 137 326 uui
161 309 242 335 porro
261 300 358 328 Latine
383 309 484 328 nomen
508 301 627 335 eulogia',
659 301 758 336 quippe
774 300 801 327 in
833 301 883 327 hac

88 346 201 373 notione
228 345 330 373 Latinis
362 346 546 374 ecclesiastico
571 347 753 374 scribentibus
778 346 881 372 tritum.

89 392 181 421 Unum
197 392 280 421 alI'cro
296 393 451 427 exemplum
472 400 486 419 e
506 392 630 427 plurimis
655 392 757 427 passim
785 399 868 418 occur

88 439 173 471 suris,
192 446 224 465 ex
247 438 359 466 decreto
374 438 414 465 Pii
428 446 505 473 papa:
519 439 578 472 ejus
590 438 709 465 nominis
723 438 812 472 primi,
827 446 881 472 quo

89 489 204 520 putatur
221 485 294 512 hunc
309 492 393 511 usum
425 484 550 511 sanxisse
580 483 717 511 benedicti
744 484 822 519 panis
853 483 880 510 in

88 530 204 558 ecclesia
219 529 399 557 distribuendi
419 529 461 557 his
477 529 523 564 qui
542 529 574 556 ad
592 529 770 556 Eucharistite
781 537 878 564 perce-

89 575 214 610 ptionem
231 575 318 610 parati
337 583 393 602 non
415 579 517 602 essent.
540 573 566 602 Id
595 574 635 601 sic
652 575 733 601 habet
751 574 880 601 Concilio-

89 629 148 647 rum
165 625 239 648 tomo
257 620 276 653 Ι,
295 629 322 656 p.
339 621 393 648 254
405 620 448 648 ed.
471 619 537 655 Reg.
558 620 596 647 De
614 620 789 646 oblationibus
821 627 878 654 qua:

89 666 238 700 o/fcruntur
251 675 266 694 a
283 668 390 701 populo,
407 672 431 694 et
451 667 690 694 consecrationibus
715 674 774 700 quin
786 674 879 700 super-

88 717 162 742 sunt.
190 712 231 739 vel
242 713 273 739 de
284 713 394 747 panibus
407 721 470 747 quos
483 712 607 747 deferunt
641 711 731 745 ﬁdeles
748 712 782 738 ad
799 711 878 738 eccle-

88 758 168 788 siam,
186 757 227 784 vel
242 764 310 784 certe
324 758 354 785 de
369 759 434 789 suis,
450 759 583 792 presbyter
594 759 776 784 convenienter
789 763 878 791 partas

89 802 187 829 incisas
198 803 292 830 habeat
315 803 341 829 in
356 812 417 830 vase
440 803 522 830 nitido
537 807 560 830 et
579 803 752 834 cont‘cnicnti,
778 807 804 829 ut
822 807 877 836 post

89 849 231 876 missarum
247 849 387 880 solemnia,
416 850 461 885 qui
490 851 682 876 communicare
707 857 757 875 non
777 849 874 883 fuerint

88 895 191 929 parati,
206 896 322 930 culogias
335 895 416 931 564,
426 897 495 922 omni
511 897 552 922 die
563 895 698 922 Dominico
715 899 738 920 et
750 895 776 921 in
787 894 876 921 diebus

89 939 164 974 [estis
181 939 274 966 exinde
296 940 437 973 accipiant.
450 948 509 974 qua:
529 948 588 966 cum
602 939 777 966 benedictione
802 938 876 972 prius

89 983 182 1018 faciat.
195 983 256 1011 llaec
267 983 331 1011 Pius
343 992 409 1018 para
418 988 446 1011 et
457 989 569 1020 martyr.
580 984 615 1010 Ex
628 984 727 1018 quibus
740 983 814 1010 vides
827 991 877 1010 cur

88 1030 219 1057 exclusus
231 1030 438 1065 participatione
452 1030 563 1066 eulogia:
588 1031 613 1056 in
633 1030 701 1057 festo
721 1029 749 1057 S.
768 1029 874 1064 Georgii

88 1075 206 1103 Michael
223 1076 360 1112 Augustus
370 1076 479 1107 dixerit,
496 1076 611 1111 ἀνέορτα
629 1075 817 1111 ἑωρτάσαμεν,
837 1075 873 1110 fe

87 1125 159 1147 stum
178 1121 302 1155 infestum
321 1121 518 1148 celebravimus.
541 1122 598 1149 Hoc
613 1125 654 1149 est.
669 1130 676 1148 :
693 1129 748 1148 non
769 1121 794 1148 id
811 1120 873 1148 feci-

90 1174 152 1193 mus
171 1167 243 1200 quod
263 1166 320 1194 fieri
337 1167 408 1194 festo
423 1166 467 1194 die
486 1168 518 1193 ad
547 1168 607 1201 ejus
636 1166 781 1201 legitimam
805 1166 877 1194 cele-

89 1210 241 1239 brationem
255 1212 296 1239 fas
308 1217 350 1240 est
363 1217 391 1240 et
404 1220 470 1240 ttsus
485 1212 686 1240 ecclesiasticus
699 1212 838 1247 poscebat.

126 1257 260 1291 Εὐφυής.
276 1265 303 1292 p.
320 1258 365 1285 52.
385 1258 432 1285 Sic
450 1257 645 1294 Pachymeres,
662 1265 771 1285 causam
788 1257 875 1285 morbi

88 1311 144 1338 quo
161 1304 236 1339 gravi
261 1309 287 1330 et
312 1304 394 1340 longo
425 1304 558 1332 laboravit
584 1306 733 1338 imperator
758 1303 877 1332 Joannes

88 1350 214 1377 Lasearis
226 1350 360 1383 indicans,
373 1351 484 1385 scripsit
502 1359 509 1378 :
526 1351 563 1377 Τὸ
587 1351 608 1377 δ’
621 1348 666 1386 ἦν,
677 1351 714 1382 ὡς
729 1349 826 1380 ἔοικεν.
843 1351 875 1377 ὲκ

88 1394 193 1427 ζέσεως
227 1395 345 1429 φυσικῆς
367 1396 524 1430 ἐγκσρδίου.
547 1395 640 1426 Ὅθεν,
661 1393 750 1430 οἶμαι,
767 1396 816 1422 καὶ
845 1395 876 1422 τὸ

87 1440 188 1474 εὐφυὲς
203 1441 301 1474 ἐκείνῳ
325 1441 372 1467 καὶ
385 1441 457 1477 ὑπὲρ
485 1441 516 1468 τὸ
531 1442 668 1476 προσῆκον
682 1439 726 1477 ἦν.
750 1441 810 1469 Hzec
825 1449 875 1476 ego

88 1486 115 1512 in
133 1478 206 1513 hunc
223 1487 333 1514 modum
352 1492 484 1514 verteram
500 1495 507 1514 :
527 1488 608 1522 Origo
621 1488 677 1522 ejus
697 1487 874 1514 verisimilitu-

87 1532 269 1564 imputabatur
288 1533 408 1559 naturali
426 1534 623 1568 e/[ervesccnlite
635 1534 737 1564 cordis;
755 1542 834 1564 quam
849 1538 872 1560 et

87 1585 196 1604 causam
219 1578 243 1604 ei
265 1578 347 1613 fuisse
366 1587 425 1605 reor
447 1579 547 1606 ruboris
571 1579 598 1605 in
631 1579 703 1605 vultu
722 1579 871 1613 flagrantis.

89 1623 178 1658 Super
188 1624 242 1658 his,
257 1625 327 1652 edita
340 1626 394 1660 jam
413 1625 496 1660 priori
509 1626 638 1660 parteilla
656 1626 873 1661 Pachymcriaua:

89 1670 223 1703 historia,
233 1672 361 1698 convenit
379 1679 422 1698 me
435 1673 476 1698 vir
490 1677 516 1699 et
532 1672 661 1706 dignitate
674 1672 873 1701 illustrissimus

87 1721 114 1742 ct
132 1717 242 1751 ingenio
257 1724 289 1744 ac
303 1717 457 1744 eruditione
473 1723 617 1753 pransuris,
636 1718 763 1753 idemqttc
776 1719 872 1746 huma-

87 1762 219 1790 nissimus
238 1770 270 1790 ac
290 1763 343 1790 mel
361 1764 440 1799 longe
462 1772 542 1799 supra
562 1765 689 1791 meritum
716 1773 827 1798 amans;
846 1770 872 1792 ct

87 1807 179 1833 mirari
202 1814 232 1835 se
247 1808 317 1834 dixit
332 1809 405 1842 quod
431 1809 460 1834 τὸ
486 1809 595 1843 εὐφυές,
621 1816 676 1844 quo
694 1810 773 1844 vulgo
795 1810 872 1845 inge-

87 1854 174 1885 nium,
191 1853 337 1886 industria,
351 1854 422 1881 bona
438 1854 555 1886 indoles,
572 1855 599 1880 in
616 1854 737 1881 classicis
754 1856 872 1882 auctori-

86 1899 138 1926 bus
163 1899 298 1934 signatur,
323 1907 373 1934 ego
391 1900 424 1927 ad
439 1900 530 1927 vultus
554 1900 681 1927 ruborem
697 1901 870 1929 contulerim.

87 1944 156 1972 Huic
171 1952 222 1979 ego
237 1945 332 1980 gratiis
344 1946 448 1980 prolixe
462 1945 572 1978 habitis,
590 1950 616 1972 et
638 1953 670 1972 ex
685 1953 749 1972 vero
766 1947 871 1980 signifi-

85 1995 150 2017 catu
167 1991 305 2018 docilitate
327 1998 387 2019 mea
412 1991 445 2018 ad
460 1991 702 2025 obtemperandum
724 1996 796 2018 recta
811 1999 871 2019 nio-

86 2036 227 2066 nentibus,
243 2035 350 2062 ostendi
371 2035 437 2070 quid
459 2039 570 2062 secutus
599 2042 613 2060 a
628 2039 692 2061 nota
719 2035 793 2062 vocis
812 2037 870 2070 ejus

86 2081 199 2109 notione
224 2081 409 2109 deflexissem.
435 2081 468 2108 Et
496 2081 540 2108 ille
556 2088 599 2107 tne
627 2081 730 2114 audito,
757 2082 870 2110 innuere

85 2134 141 2153 non
156 2130 198 2154 est
213 2131 341 2161 gravatus
361 2126 416 2153 sibi
433 2127 613 2153 satisfactum.
637 2125 704 2159 Quia
721 2134 785 2154 vero
805 2135 868 2154 eru-

84 2172 151 2199 ditis
170 2180 280 2208 quoque
297 2173 358 2200 aliis
382 2172 531 2199 lectoribus
544 2171 634 2198 simile
655 2172 793 2208 quidpiam
825 2181 871 2200 oc-

934 254 1037 289 εὐφννὴς
1051 256 1063 280 ὁ
1085 255 1115 281 εὖ
1132 256 1200 290 ἔχων
1229 257 1268 288 εἰς
1284 257 1314 283 τὺ
1336 257 1447 283 εἰδέναι.
1479 257 1559 284 Vides
1580 257 1625 284 hic
1645 258 1716 285 clare

932 299 1213 336 distinguiduplicem
1230 302 1283 329 vim
1306 303 1379 329 verbi
1400 303 1514 338 εὐφυής,
1544 311 1657 336 quarum
1683 305 1715 330 ad

932 347 1033 373 nttntis
1058 348 1234 375 acrimoniam
1268 356 1332 380 una,
1360 349 1395 375 ad
1423 349 1543 383 corporis
1572 358 1603 377 ac
1628 350 1716 376 vultus

932 391 1051 425 speciem
1067 392 1305 426 pertineataltcra.
1318 393 1397 420 Juxta
1408 393 1524 428 priorem
1544 402 1715 429 nequaquam

934 435 977 462 hic
996 435 1191 472 Pacltyntercm
1216 437 1335 464 locututn
1352 439 1456 470 suadet,
1479 439 1550 473 quod
1567 439 1601 466 sit
1622 439 1716 466 incorr-

931 488 1051 515 sequens
1078 483 1323 517 promptitudinent
1339 484 1438 519 ingenii
1452 484 1544 512 nimia:
1562 493 1592 512 ac.
1603 486 1714 512 morbu-

931 534 967 553 δίη
984 527 1075 554 cordis
1096 528 1313 556 eﬂ‘ervcseeutim
1345 533 1472 564 tanquam
1494 532 1632 565 [imprium
1650 532 1715 559 elic-

931 577 1004 599 ctum
1026 574 1177 608 assignare,
1208 576 1360 609 praesertim
1395 583 1457 603 cum
1474 585 1535 603 mox
1553 577 1634 604 addat
1658 585 1713 604 rem

930 617 1009 652 plane
1023 618 1201 650 contrariam,
1222 627 1321 654 nempe
1336 620 1458 658 {uligines
1472 622 1562 648 cxisto
1578 623 1663 649 cordis
1675 623 1715 648 in-

929 665 1019 691 ccndio
1049 673 1154 692 sursum
1182 666 1209 692 in
1240 667 1373 693 cerebrum
1405 667 1521 700 perlatas
1553 670 1663 695 rationis
1687 670 1713 695 in

927 709 1030 736 Joanne
1040 711 1158 746 Augusto
1170 719 1243 738 usum
1255 713 1429 745 perturbasse.
1445 713 1506 740 [la'c
1516 715 1587 740 enim
1601 719 1641 741 est
1652 722 1714 741 sett-

929 756 1012 782 tcntia
1027 757 1172 784 verborum
1189 757 1296 784 illorum
1315 767 1322 785 :
1340 758 1376 784 Οὺ
1396 759 1538 792 στέγοντος
1553 759 1600 785 τοῦ
1618 760 1712 795 μορίω

926 801 956 827 τὸ
971 801 1056 832 πάθος
1070 802 1219 828 κάντεῦθεν
1237 803 1441 838 ἐκτρεπομένου
1455 805 1502 830 τοῦ
1525 805 1627 836 dudm;
1642 826 1648 836 ,
1677 806 1714 837 ὡς

929 847 997 881 μηδὲ
1010 847 1162 882 χρησίμους
1178 849 1308 880 πολλάκις
1322 849 1497 883 ἀναπέμπειν
1515 850 1553 884 τῷ
1569 851 1595 884 ἐγ
1604 851 1713 886 κεφάλῳ

902 887 912 912 ἶ
927 891 976 921 τὰς
993 892 1186 924 ἀναπνεύσεις.
1202 894 1272 926 Quin
1292 899 1320 920 et
1332 894 1396 921 dum
1409 901 1505 929 reputo
1518 895 1711 930 Pacltytncrcm

927 937 1043 965 lectione
1055 939 1226 974 antiquitatis
1249 939 1359 974 plenum
1391 941 1481 975 potius
1513 942 1540 968 in
1565 943 1711 970 scribendo

927 984 1066 1018 respicere
1081 985 1145 1018 quid
1162 985 1234 1019 apud
1252 990 1376 1012 auctores
1401 986 1498 1013 viderit
1511 995 1591 1021 quam
1612 996 1710 1015 curare

926 1029 991 1063 quid
1008 1029 1098 1057 minus
1123 1030 1182 1065 ipso
1199 1031 1279 1057 tritus
1308 1031 1333 1057 in
1350 1032 1434 1058 veteri
1451 1033 1603 1060 eruditione
1627 1034 1712 1061 lector

927 1073 1115 1102 intellecturus
1127 1076 1217 1103 statim
1229 1076 1274 1108 sit,
1294 1076 1322 1103 itt
1337 1077 1438 1108 animo,
1455 1086 1516 1104 eum
1535 1078 1590 1106 lucc
1609 1080 1710 1106 cliartse

925 1119 1053 1152 illiueret,
1076 1120 1204 1147 habuisse
1218 1122 1298 1148 simul
1312 1121 1372 1148 illos
1388 1121 1496 1150 llomeri
1522 1132 1616 1151 versus
1628 1124 1706 1155 Iliae.

925 1165 1029 1197 δ,Τοῖοί
1042 1174 1083 1192 τοι
1102 1166 1226 1193 Μενέλαο
1238 1167 1358 1202 μιάνθην
1372 1168 1467 1202 αἵματι
1486 1170 1569 1203 μηροὶ
1585 1170 1684 1203 εὐφυέε
1702 1189 1711 1202 .

925 1211 1005 1238 simul
1017 1210 1156 1238 Plutarchi
1169 1220 1201 1239 ex
1218 1213 1366 1246 libmec
1381 1214 1414 1241 ἂν
1424 1223 1466 1246 τις
1482 1215 1600 1242 αἴσθοιτο
1614 1216 1711 1244 ἑαυτοῦ

925 1255 1125 1290 προκόπτοντος
1141 1257 1286 1292 ἑπ¹ἀρετῇ,
1303 1257 1392 1285 locum
1412 1259 1483 1286 hunc
1495 1259 1528 1286 de
1539 1260 1638 1294 juvene
1649 1269 1712 1296 pro-

924 1309 1018 1336 gresso
1035 1301 1091 1336 jam
1111 1303 1137 1328 iu
1155 1303 1246 1330 studio
1261 1303 1388 1330 virtutis:
1414 1304 1495 1331 Ἀλλά
1508 1306 1555 1331 καὶ
1569 1314 1712 1340 προσαγο-

925 1347 1032 1382 ρευθεὶς
1049 1347 1094 1382 ὑφ’
1109 1348 1203 1383 ἑτέρου
1213 1349 1299 1385 ταύτῃ
1313 1351 1345 1384 τῇ
1360 1351 1531 1387 προσηγορίᾳ
1541 1352 1710 1387 (φιλοσόφου)

925 1395 1055 1429 φράσειεν
1070 1395 1103 1421 ἂν
1127 1395 1231 1430 εὐφυὴς
1245 1396 1312 1427 νέος,
1333 1396 1398 1422 ὥστ’
1409 1397 1496 1423 εἰπεῖν
1511 1397 1651 1432 μειδιάσας
1665 1401 1712 1426 καὶ

924 1440 1109 1475 ὐπηπλησθεὶς
1122 1441 1305 1476 ἐρυθήματος,
1319 1440 1355 1468 Οὗ
1368 1442 1410 1473 τίς
1427 1452 1468 1469 τοι
1485 1443 1545 1475 θεός
1562 1445 1631 1479 εἰμι,
1646 1452 1710 1472 cum

924 1486 951 1513 in
965 1486 1053 1521 primo
1065 1492 1206 1514 cruentam
1230 1487 1401 1519 rubedincm,
1419 1489 1445 1515 in
1473 1489 1558 1516 altero
1575 1497 1710 1518 verecun-

924 1532 988 1559 dum
1003 1533 1130 1559 ruborem
1146 1532 1236 1566 faciei,
1249 1534 1393 1568 conjuncta
1412 1542 1474 1561 cum
1506 1536 1638 1563 vocabulo
1666 1537 1711 1563 εὐ-

925 1578 997 1612 φυής
1013 1578 1130 1609 videret,
1143 1578 1208 1605 illud
1228 1579 1255 1605 in
1272 1587 1320 1606 sua
1336 1580 1486 1614 scriptione
1510 1582 1634 1616 posuisse
1650 1583 1710 1610 atti-

923 1631 968 1650 mo
988 1624 1125 1651 indicandi
1143 1624 1320 1659 conspicuum
1336 1626 1462 1654 ardorem
1487 1627 1579 1655 vultus
1592 1630 1711 1664 flagratu-

925 1671 971 1702 tis,
989 1671 1096 1705 qualem
1109 1671 1136 1697 in
1151 1670 1256 1698 Joanne
1272 1671 1383 1698 Lascari
1407 1679 1436 1698 ex
1453 1672 1543 1699 cordis
1559 1673 1712 1701 iullanuna-

923 1718 1008 1748 tione,
1025 1721 1055 1743 ut.
1066 1717 1204 1748 credebat,
1223 1721 1312 1743 ortum
1327 1717 1531 1745 observaverat.

957 1761 1129 1796 Εὐχέλιιιον
1145 1770 1174 1796 p.
1193 1760 1256 1788 511.
1269 1761 1308 1788 Ad
1327 1769 1420 1788 vocem
1437 1762 1574 1796 εὐκέλαιον
1590 1762 1648 1791 hac
1660 1771 1709 1790 anv

921 1811 1000 1833 notat.
1025 1806 1159 1834 Meursius
1173 1814 1180 1832 :
1198 1805 1243 1833 Sic
1260 1807 1396 1834 dictbatur
1423 1807 1439 1841 ἡ
1456 1807 1599 1834 ἀκολουθία
1612 1817 1669 1843 qua?
1683 1809 1710 1835 in

921 1854 1117 1880 consecratione
1145 1854 1195 1880 olei
1228 1853 1391 1887 psallebatur
1418 1862 1434 1880 a
1460 1859 1556 1888 septem
1588 1857 1712 1882 sacerdo-

921 1899 998 1927 tibus.
1026 1899 1156 1926 Eruditus
1176 1900 1312 1934 interpres
1326 1899 1482 1935 Eucltologii
1495 1901 1567 1928 notis
1589 1903 1621 1927 ad
1635 1901 1711 1935 εὐχέ-

920 1945 995 1972 λαιον
1011 1953 1038 1980 p.
1055 1945 1103 1972 431
1125 1946 1163 1973 sic
1176 1945 1270 1972 scribit
1290 1953 1297 1972 :
1315 1945 1418 1972 Passim
1429 1951 1514 1972 autem
1530 1955 1620 1973 rursus
1635 1947 1711 1981 εὐχέ-

921 1990 997 2017 λαιον
1012 1996 1131 2023 vocatur,
1149 1992 1224 2026 quasi
1238 1992 1311 2018 dicas
1338 1992 1400 2024 (non
1411 1992 1460 2018 olci
1477 1994 1708 2025 consecrationem,

920 2042 950 2063 ut
982 2037 1095 2064 barbare
1123 2038 1251 2064 Meursius
1277 2038 1304 2064 in
1336 2038 1487 2073 Clossario)
1518 2039 1608 2066 oleum
1645 2048 1708 2066 cutn

920 2083 1054 2115 oratione,
1072 2085 1221 2117 compositis
1234 2084 1386 2110 adiutricem
1401 2083 1484 2118 εὐχῆς
1510 2089 1533 2110 ει
1550 2085 1639 2110 auirio
1665 2093 1710 2111 vo-

919 2128 1002 2155 cibus.
1020 2128 1084 2155 Haec
1101 2128 1160 2161 ille;
1177 2129 1222 2163 qui
1254 2136 1350 2155 vereor
1373 2134 1402 2155 ut
1419 2133 1472 2155 tam
1499 2128 1577 2155 facile
1601 2135 1711 2163 praestet

919 2174 1073 2209 aequitatem
1083 2182 1138 2201 suae
1149 2182 1280 2203 censurae.
1297 2182 1376 2208 quam
1386 2174 1519 2201 Meursius
1531 2175 1565 2202 ab
1575 2175 1709 2209 interpre—

85 2226 166 2246 cursu
185 2218 246 2252 ejus
258 2219 310 2246 1οοί
325 2223 470 2246 venturum
484 2218 511 2244 in
527 2223 648 2245 memet“
671 2222 713 2245 εει
727 2219 867 2251 credibile,
885 2223 906 2251 D
922 2222 1025 2248 latione
1040 2228 1088 2248 sua
1120 2221 1255 2248 barbarici
1283 2225 1374 2247 notam
1402 2220 1486 2247 cluat.
1516 2221 1583 2247 Nam
1611 2228 1707 2248 revera

84 2274 146 2301 qua.
162 2267 200 2294 illi
216 2267 355 2302 respondi,
371 2267 461 2302 palam
482 2266 526 2293 hic
541 2273 678 2300 exponere
695 2274 785 2300 opera:
812 2274 871 2301 pre-

85 2313 152 2340 tium
169 2313 273 2347 putavi.
289 2313 349 2339 Non
367 2321 411 2340 me
427 2312 491 2339 latet
518 2311 618 2345 εὐφυές
639 2311 796 2345 adaptalum
820 2312 869 2339 lto-

86 2359 152 2386 ntini
170 2359 330 2394 plerumque
347 2365 445 2385 sonare
467 2357 498 2384 τὸ
512 2357 598 2389 δεξιὸν
627 2356 674 2382 τοῦ
700 2356 746 2383 νοῦ
770 2359 817 2383 καὶ
840 2355 869 2384 εὖ

85 2405 209 2439 πεφυκὸς
224 2405 296 2440 πρὸς
312 2405 341 2431 τὸ
358 2404 464 2439 μαθεῖν,
490 2403 690 2431 industriamet
714 2403 870 2430 facilitatem

83 2451 230 2485 quamdam
262 2450 333 2477 acris
358 2450 470 2485 ingenii.
501 2450 553 2476 Sed
570 2453 598 2476 et
626 2448 682 2475 scio
708 2448 871 2483 llesychium

82 2496 172 2531 εὐφυῆ
179 2496 315 2530 explicare
323 2503 370 2530 per
380 2496 481 2531 ὡραῖον
495 2495 654 2522 formosum.
664 2494 769 2522 Forma:
780 2498 871 2521 autem

83 2547 190 2578 partem
208 2542 235 2568 in
258 2541 332 2569 vultu
346 2541 407 2576 quis
433 2545 513 2576 neget
529 2541 654 2568 ruborem
671 2540 752 2568 esse?
767 2544 795 2568 et
807 2539 872 2574 quid

83 2588 157 2616 al.ud
170 2588 205 2615 ad
223 2587 337 2615 formam
353 2588 493 2622 pertinens
524 2588 556 2613 ὲκ
572 2587 673 2619 ζέσεως
699 2587 816 2622 φυσικῆς
827 2587 873 2620 ὲγ-

82 2634 207 2669 καρδιου,
225 2641 256 2660 ex
272 2632 392 2659 naturali
410 2633 510 2668 [errore
523 2633 621 2665 cordis,
642 2641 722 2667 quam
745 2632 870 2659 ruborem

82 2682 127 2708 hi:
143 2681 197 2707 dici
215 2680 348 2707 exsistere
364 2679 552 2706 verisiutilitcr
571 2678 740 2706 comminisci
772 2679 845 2713 pottti
859 2679 870 2705 ?

81 2727 165 2754 Recte
175 2726 334 2753 Eustathius
341 2725 373 2752 ad
386 2725 468 2752 Iliad.
477 2725 502 2760 β,
515 2733 541 2760 p.
554 2725 604 2752 H2
616 2725 659 2752 ed.
671 2724 750 2751 Rom.
759 2725 871 2759 Ῥητέον

80 2774 118 2804 ὡς
131 2773 243 2807 amat;
262 2772 330 2806 φυὴ,
348 2773 364 2806 ἡ
382 2770 432 2805 μὲν
447 2773 518 2797 κατὰ
546 2772 579 2796 τὰ
604 2772 730 2802 exigu"
747 2770 870 2806 δεξιότης

79 2819 148 2848 οὖσα
170 2819 317 2855 σωματικὴ
331 2819 376 2845 καὶ
393 2819 432 2849 εἰς
452 2820 549 2845 τιυτδν
566 2815 671 2854 ἥκουσά
688 2819 726 2853 τῷ
745 2819 870 2846 adlisa...

80 2867 126 2901 ἀφ’
141 2864 173 2902 ἧς
189 2867 236 2892 καὶ
255 2866 403 2900 πρόσωπον
431 2865 590 2899 caput...”
620 2865 667 2891 καὶ
683 2865 752 2899 αὐτὴ
780 2865 830 2900 μὲν
853 2865 870 2900 ἡ

923 2271 978 2295 tota
988 2267 1150 2294 caaremonia
1160 2275 1192 2294 ac
1205 2267 1273 2294 ritus
1289 2266 1381 2293 mul.is
1397 2266 1567 2293 orationibus
1580 2274 1611 2293 ac
1629 2267 1710 2294 benc-

921 2313 1088 2340 dictionibus
1122 2317 1253 2340 constans
1286 2320 1340 2348 quo
1369 2312 1582 2339 consecrabatur
1605 2312 1708 2345 oleum,

921 2358 1062 2393 εὺχέλαιον
1080 2363 1204 2386 vocator.
1232 2357 1344 2385 Videtur
1359 2363 1450 2384 autem
1468 2363 1564 2385 auctor
1581 2363 1707 2386 notarum

922 2405 955 2430 ad
972 2404 1169 2439 Euchologium
1187 2404 1258 2431 idem
1273 2405 1325 2431 hoc
1342 2404 1402 2431 loco
1422 2412 1528 2439 passus,
1555 2405 1627 2439 quod
1657 2405 1709 2431 Lu-

922 2451 1042 2478 manitus
1069 2450 1174 2487 [P387]
1202 2450 1352 2485 contigisse
1383 2451 1469 2478 refert
1496 2450 1599 2478 Gellius
1628 2451 1648 2477 Ι.
1670 2459 1706 2478 vtt

924 2497 1050 2524 Noctium
1063 2497 1224 2529 Atticarum,
1238 2504 1263 2523 c.
1273 2497 1316 2527 l7,
1328 2497 1505 2531 grammatico
1521 2496 1628 2523 cuidam
1641 2497 1709 2523 cele-

923 2543 963 2570 bri
980 2550 994 2569 a
1010 2550 1040 2570 se
1057 2542 1224 2577 interrogato
1243 2542 1277 2569 de
1291 2542 1403 2569 notione
1416 2543 1490 2569 vocis
1507 2543 1643 2569 obnoxias.
1669 2543 1708 2569 De

922 2597 976 2623 quo
988 2589 1027 2616 sic
1044 2589 1080 2615 ibi
1096 2588 1199 2615 Gellius
1215 2588 1309 2615 scribit
1325 2597 1331 2614 :
1347 2587 1404 2620 Qua
1420 2597 1480 2616 vero
1493 2588 1537 2615 ille
1551 2590 1709 2624 qrammati.

923 2643 966 2661 cus
980 2634 1098 2668 ﬁnitione
1115 2642 1176 2660 usus
1188 2639 1236 2665 est,
1253 2642 1282 2660 ea
1297 2635 1402 2661 videtur
1415 2636 1442 2661 in
1453 2638 1529 2661 verbo
1545 2640 1600 2661 tant
1621 2636 1710 2661 multi.

921 2680 982 2715 plici
995 2687 1074 2706 uuam
1088 2681 1269 2706 tantummodo
1298 2680 1495 2713 usurpationem
1521 2679 1578 2714 ejus
1595 2685 1708 2707 notasse.

924 2726 970 2752 Sic
987 2726 1060 2752 enim
1079 2730 1106 2752 et
1127 2725 1248 2756 P.Goar,
1263 2733 1326 2752 cum
1337 2725 1428 2760 plures
1444 2725 1585 2759 εὐκελαίου
1602 2727 1708 2759 species

923 2770 1035 2802 fuerint,
1050 2770 1142 2797 omnia
1163 2770 1194 2798 ad
1213 2778 1293 2797 unam
1306 2771 1401 2801 trahit,
1415 2777 1475 2797 eam
1497 2778 1549 2805 qtta
1567 2771 1656 2798 oleum
1673 2770 1706 2797 ad

923 2817 1078 2844 unctionem
1112 2816 1283 2843 inﬁrmorum
1303 2816 1501 2851 parabatur;a
1535 2824 1585 2850 qua
1617 2821 1708 2843 tamen

922 2864 980 2898 ipse
996 2863 1059 2891 alibi
1075 2863 1213 2890 diversam
1240 2867 1374 2890 memorat
1399 2870 1426 2897 p.
1457 2862 1519 2896 411,
1545 2863 1624 2898 cujus
1643 2864 1706 2890 ἀκο-
