1931 3069
206 126 273 156 1027

671 126 703 156 P.
723 125 875 156 POSSINI
901 126 1228 168 OBSERVATIONUM
1251 127 1323 158 LIB.
1347 127 1361 156 Ι

1772 123 1843 156 1023

205 181 314 208 λονοίαν
332 187 389 208 swe
411 180 528 209 oﬁicium
543 187 574 208 ac
598 180 815 207 consecrationis
844 181 925 207 ritum
943 181 985 208 edi
1014 183 1038 211 A
1053 181 1126 208 nulla
1147 186 1251 208 restare
1280 180 1394 216 vestigia
1411 179 1544 215 Zcuxippi
1577 183 1694 207 testatur
1712 178 1842 214 Gyllius).

205 232 261 254 tum
278 235 308 254 se
325 227 426 254 vidisse
439 228 488 260 ait,
505 227 555 254 etsi
572 235 628 254 sua:
643 226 797 254 collectioni
814 235 867 254 non
882 235 996 255 curave-

206 273 238 299 rit
251 273 375 300 inserere
392 277 504 308 propter
530 272 717 307 suspicionem
733 272 877 306 cujusdam
911 272 939 299 in
963 280 998 300 eo

205 319 433 354 ὲθελοθρησκείας
447 323 475 346 et
490 318 706 353 superstitionis.
721 318 803 346 Certe
817 319 871 346 hoc
886 326 996 354 quoque

205 365 284 398 cujus
297 365 341 392 hic
357 364 539 400 Pachvmeres
554 365 678 392 meminit
697 364 848 400 εὺχέλαιον,
877 369 933 392 tum
961 365 996 392 ab

206 412 253 438 illo
278 419 331 438 non
349 411 494 445 [immerito
521 410 615 444 (loari,
638 415 768 446 suspecto
792 411 932 439 euclielaeo
948 419 997 446 pro

206 457 333 490 mortuis,
353 464 434 491 quam
451 457 537 484 Graeci
559 462 659 484 vocant
680 456 791 492 τελετὴν
817 457 906 484 ἐλαίου
927 457 996 494 ὑπὲρ

205 503 259 528 τῶν
277 501 474 537 κοιμηθέντων,
490 508 546 528 ιιιιιι
559 510 574 529 a
591 501 800 530 consecratione
821 503 873 530 olei
889 510 938 537 pro
952 503 996 530 in-

208 548 304 580 ﬁrmis,
327 548 472 575 manifeste
491 548 629 575 diversum
644 553 695 575 est.
732 548 805 581 Quin
832 548 925 576 docuit
953 556 997 575 me

206 594 412 621 eruditissimus
436 594 550 622 Allalius
567 602 617 621 usu
630 595 784 623 obtinuisse
802 595 874 630 apud
887 595 998 622 Grazcos

207 645 236 667 ut
253 640 364 674 quidam
380 640 449 667 ritus
465 640 594 676 εὐχέ).αια
610 645 753 674 vocentur,
781 641 808 668 in
823 642 923 676 quibus
936 642 998 668 nul-

210 686 253 713 lus
283 686 336 713 olei
364 694 430 713 usus
463 686 621 718 intervenit,
646 687 687 713 uti
707 687 825 722 exempli
843 688 928 722 gratia
946 688 998 714 ali-

207 733 329 766 quando.
350 732 450 767 inquit,
466 732 558 758 ﬁorem
573 736 620 758 aut
637 733 772 759 ramulum
795 733 889 760 sancti
907 733 999 768 cujus-

208 778 279 812 piam
296 777 418 811 reliquiis
437 782 485 804 aut
514 777 625 812 imagini
650 778 795 812 praecipua:
813 778 998 806 venerationis

207 824 347 850 admotum
364 823 398 850 ad
412 831 514 858 segrqu
539 823 677 854 deferunt,
693 824 738 858 qui
754 823 895 851 conﬁdens
911 825 997 852 sancti

207 870 267 904 ejus
282 869 410 904 precibus
431 869 534 904 jnvari.
562 877 598 897 eo
610 869 735 901 ﬁosculo,
755 878 830 897 ramo
857 870 999 897 autetiam

207 916 296 943 linteo
330 915 450 942 dolentia
471 915 523 942 sibi
551 916 671 943 membra
696 917 841 952 contingit.
872 917 941 950 Hoc,
970 923 1002 946 ut

207 961 260 996 qui;
273 961 338 988 vidit
361 961 413 988 lide
429 961 608 996 dignissimus
637 966 764 994 testatur,
782 963 921 998 εὐχέὶαιῡν
950 972 999 1000 ap-

207 1007 325 1042 pellant.
343 1007 438 1042 Neque
462 1007 506 1034 hic
523 1007 614 1034 ἐλαίου
641 1008 809 1036 mentionem
839 1010 943 1045 κυρίως
968 1019 1000 1038 ac

207 1053 327 1088 proprie,
343 1053 390 1080 sed
408 1053 546 1088 μυστικῶς
558 1059 586 1080 et
599 1053 712 1089 ﬁgurate
736 1056 863 1090 usurpari
889 1062 997 1091 putant,

207 1105 343 1134 quatenus
360 1099 411 1126 olei
433 1099 556 1134 symbolo
584 1100 640 1132 Dei,
655 1108 715 1135 quae
734 1101 778 1128 his
792 1101 889 1129 ritibus
903 1102 999 1136 implo-

207 1151 295 1178 ratur,
329 1145 517 1172 misericordia
547 1145 705 1181 designatur
743 1151 770 1174 et
801 1147 890 1174 ἔλαιον
938 1148 999 1175 ἀντὶ

207 1191 284 1219 ἐλέου
307 1191 438 1218 sumitur.

241 1238 418 1270 Ζευξίππου
445 1237 568 1273 φυλακή
598 1246 624 1272 p.
651 1237 715 1266 5l9.
739 1237 802 1274 Agit
830 1238 865 1266 de
894 1239 998 1267 Latinis

206 1284 295 1320 captis
311 1285 345 1312 ad
360 1284 529 1319 Bellagrada,
548 1292 619 1318 quos
645 1283 913 1319 Constantinopolim
929 1285 998 1313 duc-

208 1336 251 1358 tos
270 1336 297 1358 et
312 1330 367 1358 illic
381 1334 533 1357 ostentatus
562 1330 643 1364 plebi,
664 1330 763 1358 deinde
780 1331 819 1358 ait
850 1331 997 1358 historicus

207 1377 234 1404 in
252 1377 326 1404 hunc
351 1383 432 1411 quem
462 1379 562 1403 vocant
593 1375 644 1410 τῆς
679 1375 833 1408 Ζευξίππου
863 1377 996 1413 Zeuxippi

208 1430 346 1449 carcerem
374 1421 459 1449 fuisse
489 1421 646 1449 conclusos.
665 1422 774 1449 Nullum
792 1422 846 1450 vidi
866 1423 995 1450 idoneum

208 1473 348 1496 auctorem
375 1467 421 1502 qui
437 1466 524 1494 fuisse
539 1467 778 1502 Constantinopoli
801 1476 939 1496 carcerem
955 1469 995 1496 sic

1048 227 1148 254 rudera
1165 227 1191 253 in
1222 226 1303 254 στοάν
1335 226 1463 261 porticum
1493 225 1644 257 cll‘ormata,
1661 223 1739 260 juxta
1755 231 1842 259 quam

1053 270 1150 306 spatiis
1180 272 1274 298 vacuis
1303 277 1383 306 septo
1410 263 1586 298 circumdatis
1619 268 1766 296 multitudo
1782 268 1845 296 haec

1046 323 1188 352 captorum
1215 317 1287 345 bello
1318 317 1490 348 Latinorum,
1505 324 1588 351 quam
1605 315 1684 343 urbis
1707 315 1846 343 ordinarii

1047 371 1176 391 carceres
1193 363 1285 390 minus
1313 367 1452 398 caperent,
1470 362 1599 390 conclusa
1615 366 1681 389 tunc
1707 361 1794 388 fuerit
1815 365 1845 388 et

1048 409 1106 438 haec
1120 417 1135 437 a
1149 414 1244 437 nostro
1256 410 1303 444 τῆς
1317 410 1471 441 Ζευξίππην
1484 408 1611 443 (subaudi
1627 408 1718 442 στοᾶς)
1729 408 1842 442 φυὶαχή

1048 462 1154 484 vocata.
1187 456 1233 483 Sic
1251 456 1331 483 hodie
1359 455 1430 490 apud
1463 455 1612 490 Algerium.
1634 462 1666 481 ex
1687 454 1773 481 veteri
1800 453 1844 480 lol

1048 502 1161 530 cwsaria
1186 501 1368 528 deformatum
1397 507 1509 530 nomen,
1527 507 1542 526 a
1569 499 1666 534 piratis
1696 499 1768 533 capti
1791 506 1843 525 cu-

1048 548 1206 575 stodiuntur
1223 547 1250 574 in
1275 547 1384 579 balneo,
1404 546 1446 574 nel
1464 546 1560 582 bagno,
1576 550 1656 581 prout
1671 545 1705 572 ab
1720 545 1844 579 expertis

1047 593 1206 622 didicimus.

1085 639 1220 673 Ζυγῆνοι
1247 640 1275 666 in
1294 639 1375 666 titulo
1389 639 1486 674 capitis
1500 639 1541 669 l2,
1553 638 1569 666 Ι.
1585 646 1615 666 ιιι
1632 638 1670 674 (p.
1688 639 1714 673 6)
1725 638 1760 665 τὰ
1771 638 1844 664 κατα

1048 685 1113 717 τοὺς
1135 685 1280 720 ζυγήνους,
1297 691 1325 712 et
1341 685 1469 712 similiter
1488 686 1513 711 in
1545 685 1624 711 titulo
1635 692 1661 711 c.
1686 684 1718 711 l3
1742 684 1845 710 ἁπολο·

1048 731 1097 765 γία
1114 731 1167 758 τῶν
1185 730 1320 766 ζυγήνων.
1334 730 1400 758 Esse
1421 730 1473 758 hoc
1495 737 1595 757 nomen
1624 738 1678 757 non
1699 730 1843 764 proprium

1048 777 1149 812 gentis,
1187 777 1234 804 sud
1257 777 1464 812 appellativum,
1498 781 1529 804 ut
1560 776 1676 810 ἀγρόται
1706 775 1792 811 565
1816 781 1844 804 et

1052 824 1181 858 χωρῖται,
1210 822 1309 857 quibus
1338 823 1405 850 istos
1435 822 1501 850 alias
1543 823 1682 850 vocabulis
1714 823 1844 857 indigitat

1053 869 1161 901 Noster,
1179 869 1323 896 manifeste
1341 873 1415 904 patet
1436 877 1467 896 ex
1490 869 1542 896 ﬁne
1559 869 1657 904 capitis
1674 869 1717 900 l5.
1740 869 1788 895 ubi
1805 868 1844 895 sic

1051 915 1150 950 legitur
1168 915 1195 942 in
1217 915 1368 942 Allatiano:
1391 915 1482 942 Ταῦτα
1511 916 1575 950 περὶ
1599 915 1661 946 τοὺς
1681 913 1730 940 τοῦ
1757 913 1842 948 ζυγοῦ

1050 961 1277 997 διαπραξάμενοι.
1298 962 1337 988 En
1365 969 1435 996 quos
1465 961 1601 996 ζυγήνους
1631 961 1751 992 dixerat.
1787 962 1842 995 jam

1050 1009 1112 1038 τοὺς
1123 1009 1170 1034 τοῦ
1187 1007 1270 1042 ζύγου
1287 1012 1378 1041 vocat,
1405 1007 1458 1035 hoc
1486 1013 1539 1040 est,
1562 1008 1657 1042 jugum
1675 1007 1841 1034 incolentes.

1051 1053 1218 1081 Barberinus
1245 1058 1337 1080 tamen
1379 1058 1408 1081 ct
1443 1053 1592 1080 Vaticanus
1625 1060 1720 1081 vocem
1755 1053 1844 1088 ζυγήο

1050 1109 1112 1131 νους
1134 1100 1178 1127 hic
1195 1107 1306 1135 quoque
1321 1100 1452 1127 retinent.

1092 1145 1274 1180 Ἠμιάνὸριοι
1312 1154 1339 1180 p.
1365 1145 1429 1173 551.
1466 1145 1537 1178 Quid
1560 1145 1634 1172 aliud
1659 1143 1844 1179 ὴμιαιδρίους

1050 1193 1268 1228 interpretemur
1300 1192 1326 1219 in
1346 1191 1479 1219 comitatu
1514 1191 1628 1226 virginis
1645 1191 1728 1226 regias
1761 1198 1843 1225 quam

1050 1237 1193 1266 semiviros
1204 1237 1360 1270 eunuchos,
1378 1237 1537 1265 ministrare
1551 1237 1579 1264 in
1592 1236 1707 1264 Oriente
1736 1236 1843 1271 princi-

1049 1283 1129 1319 pibus
1144 1283 1255 1311 feminis
1274 1283 1390 1311 solitos?

1084 1330 1230 1364 Θεραπεία
1244 1338 1271 1365 p.
1286 1330 1349 1357 2H.
1369 1329 1437 1357 Orat
1454 1330 1604 1364 imperator
1619 1329 1846 1356 excommunica-

1050 1381 1093 1404 ttts
1107 1377 1289 1411 patriarcliam
1303 1375 1350 1403 τοῦ
1368 1376 1467 1411 δεσμοῦ
1485 1376 1529 1402 τὸν
1558 1375 1650 1409 ἱκέτην
1672 1376 1783 1402 ἀνεῖναι
1797 1378 1845 1404 καὶ

1050 1412 1234 1455 μετεγνὼκότι
1245 1422 1294 1455 τὴν
1309 1421 1455 1456 θεραπείαν
1465 1421 1577 1455 ἐπάγειν
1590 1422 1622 1456 ἣν
1633 1421 1737 1452 ἐκεῖνος
1749 1421 1844 1455 βούλεο

1047 1476 1104 1495 ται.
1137 1467 1186 1495 llic
1211 1467 1344 1503 θεραπεία
1378 1467 1543 1502 peculiarem
1574 1471 1602 1494 et
1627 1467 1843 1495 ecclesiasticam

208 1514 311 1542 dictum
326 1513 432 1541 doceat.
449 1513 606 1547 Procopius,
621 1513 639 1540 Ι.
660 1521 667 1539 ι
687 1512 725 1540 De
739 1513 799 1540 bell.
829 1513 901 1540 Pers.
921 1522 947 1549 p.
966 1515 999 1543 70
1013 1521 1034 1550 ε
1052 1514 1135 1542 babct
1167 1514 1322 1546 notionem,
1355 1513 1515 1550 signiﬁcans
1543 1520 1625 1548 opera
1653 1521 1715 1548 qua:
1745 1522 1845 1541 vocant

207 1559 252 1586 ed.
275 1559 344 1593 Reg.
360 1562 388 1584 et
402 1557 421 1584 l.
443 1557 507 1584 item
523 1564 532 1584 ι
552 1556 591 1583 De
605 1557 678 1591 tedii.
694 1565 721 1592 p.
738 1557 772 1584 25
783 1558 924 1592 βαλανείου
940 1559 997 1586 bal-

208 1605 250 1631 nei
273 1603 370 1638 publici
393 1602 521 1630 meminit
546 1602 619 1637 quod
635 1603 648 1628 ὁ
665 1603 820 1635 Ζεύξιππος
840 1609 997 1632 vocaretur.

207 1650 378 1685 Nicephorus
396 1649 460 1676 item
476 1648 592 1681 Callisti,
607 1649 671 1682 ιιι,
687 1657 712 1677 c.
722 1649 749 1683 9,
761 1650 845 1685 p.697
858 1650 997 1678 ed.Paris.

207 1697 338 1732 δημόσιον
350 1695 464 1731 λουτρὸν
481 1695 633 1731 περιφανές
646 1704 676 1722 τε
695 1695 744 1723 καὶ
758 1696 897 1731 μέγιστον,
914 1697 1000 1731 publi~

207 1751 268 1770 cum
285 1742 420 1769 lavacrum
441 1741 612 1776 conspicuum
628 1746 652 1768 et
666 1742 825 1775 maximum,
853 1742 898 1769 τὸν
932 1743 998 1769 Ζεύ-

208 1789 308 1822 ξιππον
325 1788 410 1816 fuisse
425 1788 596 1815 nominatum
612 1788 703 1815 tradit.
719 1787 853 1816 Thermas
869 1797 884 1815 a
897 1788 998 1816 Severo

207 1833 334 1861 conditas
347 1833 412 1860 rhas
440 1832 534 1860 ferunt
563 1832 591 1860 in
619 1833 721 1868 templo
750 1834 812 1865 Διὸς
842 1835 999 1868 Ζευξίππην

207 1879 286 1907 Jovis
305 1886 390 1914 equos
405 1878 545 1914 jungentis
560 1886 609 1906 seu
638 1886 721 1906 curru
739 1879 894 1915 subjunctis
920 1881 1000 1916 equis

209 1929 297 1952 tracto
313 1923 450 1956 vehentis,
467 1923 540 1958 quod
558 1923 714 1955 Ζευξίππου
733 1932 784 1951 vox
802 1924 915 1959 indicat,
945 1926 1000 1953 for-

208 1975 280 1998 tasse
297 1970 337 1997 sic
356 1969 429 1996 dicto
446 1970 510 2004 quia
527 1969 574 1995 tali
604 1969 696 2004 specie
711 1969 819 2005 Jupiter
833 1971 900 1997 olim
923 1971 949 1998 in
966 1979 1000 2000 eo

209 2017 312 2052 templo
345 2016 450 2043 eﬁictus
479 2015 629 2046 videretur.
650 2015 688 2042 Ex
720 2016 806 2044 veteri
837 2024 919 2052 porro
953 2017 999 2045 illo

208 2063 272 2090 lano
288 2061 449 2089 vocabulum
473 2061 620 2088 recentiori
636 2060 816 2089 Thermarum
839 2063 958 2092 aediﬁcio
973 2064 999 2091 ei

208 2109 339 2144 adjuncto
357 2107 508 2134 adhzesisse
523 2112 646 2142 apparet.
660 2107 762 2143 Estque
780 2108 806 2135 id
822 2110 998 2138 verisimilius

208 2163 290 2191 quam
303 2154 376 2190 quod
389 2153 434 2181 alii
453 2153 639 2189 suspicantur,
657 2162 672 2181 a
698 2154 797 2182 Zeuxis
813 2155 925 2190 pictoris
956 2161 997 2184 ta-

1049 1562 1243 1596 satisfactoria,
1259 1566 1323 1596 puta
1337 1561 1457 1595 jejunia,
1474 1561 1680 1588 humiliationcs
1695 1566 1724 1588 et
1744 1562 1844 1589 similia

1051 1608 1106 1634 reis
1125 1607 1216 1643 magni
1232 1611 1260 1634 et
1278 1607 1379 1642 publici
1393 1607 1516 1634 criminis
1544 1608 1577 1635 ad
1589 1608 1777 1642 expiationem
1797 1616 1845 1635 ca-

1049 1654 1176 1680 nonicam
1200 1654 1305 1688 injungi
1328 1653 1406 1680 solita
1428 1653 1512 1681 veteri
1529 1653 1655 1681 Ecclesia:
1682 1654 1844 1689 disciplina.

1050 1700 1140 1732 Quare
1156 1698 1290 1733 θεραπεία
1304 1699 1349 1726 hic
1365 1699 1488 1734 idipsttm
1503 1704 1544 1726 est
1564 1699 1637 1734 quod
1650 1699 1742 1726 Latini
1756 1701 1846 1728 eccle-

1050 1747 1154 1775 siaslici
1182 1747 1330 1781 scriptores
1355 1748 1534 1781 pmnitentiam
1554 1753 1673 1780 vocant;
1701 1749 1742 1776 uti
1759 1751 1846 1784 paeni-

1051 1796 1143 1822 tcittes,
1164 1792 1209 1826 qui
1228 1793 1323 1826 culpas
1351 1792 1462 1826 expiant
1496 1793 1648 1828 suppliciis,
1672 1794 1846 1829 θεραπευταί

1051 1836 1169 1870 Philoni,
1186 1836 1214 1864 S.
1232 1837 1331 1864 Basilio
1351 1842 1377 1865 et
1390 1838 1451 1865 aliis
1468 1838 1569 1866 Graecis
1585 1839 1731 1868 dicuntur.
1749 1840 1844 1868 Talem

1051 1882 1122 1917 apud
1136 1881 1332 1917 Pachymerem
1345 1890 1405 1910 esse
1433 1883 1615 1919 signiﬁcatum
1647 1885 1732 1920 hujus
1757 1887 1844 1919 voris,

1052 1929 1225 1955 demonstrat
1242 1928 1314 1963 quod
1342 1928 1412 1956 inira
1444 1930 1539 1957 eodem
1565 1931 1655 1964 capite
1685 1933 1845 1965 patriarcha

1052 1974 1207 2009 imperatori
1221 1974 1370 2009 θεραπείαν
1383 1976 1513 2011 πράττειν
1525 1977 1704 2011 προσέταττε.
1716 1977 1750 2005 ΕΙ.
1762 1980 1845 2014 paulo

1051 2025 1113 2055 post
1129 2020 1186 2047 haxc
1201 2020 1365 2055 patriarcha:
1385 2020 1418 2048 ad
1447 2021 1640 2056 imperatorem
1669 2024 1752 2051 verba
1772 2026 1843 2052 reci-

1052 2071 1163 2094 tantur:
1180 2065 1336 2102 Θεραπείαν
1345 2067 1428 2097 ποίει.
1441 2068 1487 2094 καὶ
1518 2068 1630 2102 δέξομαι
1651 2077 1658 2094 :
1675 2069 1709 2096 ad
1726 2071 1843 2098 verbum

1051 2113 1093 2147 fac
1108 2113 1288 2147 pmnitentiam
1314 2117 1339 2140 et
1360 2113 1500 2148 accipiam.
1531 2113 1609 2141 Unde
1640 2123 1702 2143 mox
1729 2121 1845 2144 vocatur

1050 2158 1203 2190 ἀντίποινος
1218 2158 1364 2194 θεραπεία,
1384 2164 1412 2186 et
1423 2159 1532 2186 additur
1547 2167 1606 2187 eam
1618 2161 1735 2195 quadam
1750 2169 1845 2198 mqua-

210 2202 293 2233 bulis,
311 2200 406 2236 quales
431 2199 486 2228 illic
514 2204 680 2234 prostarent,
697 2200 787 2227 locum
815 2201 996 2229 nominatum.
1016 2202 1037 2230 ι)
1050 2204 1126 2231 litate
1140 2205 1306 2239 respondere
1325 2206 1450 2240 gravitati
1468 2206 1593 2234 criminis
1605 2206 1717 2235 debere.

211 2248 314 2275 Statuis
339 2246 412 2274 cuitu
443 2251 471 2274 et
499 2246 584 2280 signis
612 2245 697 2273 fuisse
727 2246 834 2274 videtur
864 2248 998 2283 insignior

208 2301 290 2329 quam
309 2292 424 2319 tabulis:
444 2291 506 2318 vide
526 2298 585 2326 qua:
600 2291 634 2318 de
648 2291 699 2319 loci
716 2292 776 2326 ejus
790 2297 888 2319 ornatu
904 2286 999 2328 exqui-

208 2339 344 2367 sitissimo
359 2338 470 2373 collegit
485 2345 500 2364 e
529 2338 666 2365 veteribus
695 2338 795 2365 Petrus
824 2337 926 2374 Gyllius
942 2339 960 2366 l.
979 2348 998 2367 ιι

208 2386 245 2412 Dc
278 2391 364 2419 topog.
386 2383 541 2416 Comtant.,
559 2390 584 2411 c.
602 2383 628 2415 7,
644 2383 690 2410 ubi
723 2383 858 2418 prolixum
886 2384 999 2412 exhibet

208 2432 361 2466 cat-alogum
378 2433 530 2456 statuarum
551 2429 606 2456 illic
622 2434 788 2457 erectarum.
817 2429 997 2465 Frequentari

209 2479 320 2506 solitum
337 2483 473 2504 concursu
491 2475 663 2503 curiosorum
680 2476 782 2504 indicat
810 2475 999 2504 Nazianzenus

209 2530 278 2552 erat.
294 2524 338 2556 25,
364 2523 408 2550 ubi
427 2521 598 2557 Zeuxippum
630 2527 777 2557 propterea
803 2528 881 2550 vocat
900 2531 998 2551 novam

207 2570 372 2601 Jerusalem,
386 2567 459 2603 quod
473 2567 587 2602 ,templo
603 2574 618 2593 a
647 2566 675 2595 S.
696 2566 796 2594 Helena
815 2567 842 2594 in
872 2567 998 2596 Calvario

208 2618 317 2645 condito
337 2619 364 2642 et
395 2622 465 2642 nova
484 2612 638 2641 Jerusalem
668 2617 764 2640 vocato
795 2613 939 2648 splendore
967 2623 998 2642 ac

210 2661 410 2699 magniﬁcentia
426 2667 482 2687 non
502 2659 622 2687 cederet.
642 2659 732 2692 Quare
746 2660 821 2687 solus
850 2660 999 2696 Parhynle-

209 2719 253 2738 res
276 2709 392 2737 articulo
418 2707 484 2734 lem.
511 2706 621 2742 generis
655 2706 704 2741 τῆς
731 2706 885 2740 Ζευξίππου
912 2708 998 2742 φυλα-

208 2759 261 2793 κήν
278 2756 389 2788 dixerit,
406 2763 460 2782 non
493 2754 573 2790 plane
598 2754 733 2789 comperi.
758 2753 925 2790 Suspicabar
947 2761 994 2789 po-

206 2803 366 2832 sterioribus
390 2801 570 2836 temporibus,
587 2800 704 2836 collapsa
739 2809 797 2828 aevo
823 2806 900 2836 parte
926 2800 996 2827 anti-

210 2858 327 2882 quarum
343 2849 500 2876 l-alncarum
517 2849 590 2883 (nam
607 2853 671 2875 ante
702 2847 752 2875 hos
767 2852 878 2875 centum
908 2853 995 2874 annos

1087 2250 1119 2286 [Ρ
1143 2251 1208 2287 588]
1229 2251 1395 2286 Ἰερολογία
1415 2260 1442 2287 p.
1463 2252 1526 2282 225.
1540 2253 1610 2286 Quid
1634 2254 1670 2280 sit
1698 2253 1751 2282 hoc
1785 2255 1845 2282 loco

1052 2296 1190 2332 ἱερολογία
1209 2301 1237 2324 et
1252 2297 1400 2332 ἱερολογείν
1420 2298 1518 2324 merito
1533 2298 1674 2332 quaeritur.
1690 2299 1740 2326 Vir
1749 2302 1846 2327 erudi-

1052 2345 1107 2373 tus,
1122 2342 1210 2369 editor
1221 2347 1249 2370 et
1272 2343 1424 2370 illustratur
1449 2343 1612 2380 Euchologii
1634 2345 1692 2372 sive
1723 2345 1846 2373 llitualis

1049 2387 1220 2418 Grzecorum,
1236 2388 1388 2422 ίερολογίας
1414 2397 1493 2417 ἀα-α
1505 2390 1618 2424 registra
1641 2390 1846 2424 interpretatur

1050 2437 1076 2460 et
1091 2433 1239 2468 ίερολογείν
1254 2435 1282 2461 in
1299 2435 1410 2469 registra
1425 2443 1568 2463 recensere.
1584 2435 1747 2464 Describens
1764 2439 1844 2466 eiiim

1050 2479 1076 2506 in
1093 2479 1260 2515 Eucliologio
1286 2488 1314 2514 p.
1332 2479 1386 2508 268
1408 2486 1436 2508 et
1469 2482 1649 2516 sequentibus
1672 2484 1810 2517 opuscnlu
1826 2495 1842 2512 ιι

1049 2524 1094 2551 cui
1111 2525 1205 2552 titulus
1221 2526 1356 2558 εειτάξις
1369 2528 1418 2562 τῆς
1436 2527 1516 2561 ἁγίας
1529 2528 1660 2563 Μεγάλης
1676 2529 1841 2564 ἐκκλησίας,

1049 2570 1108 2597 haec
1121 2578 1153 2598 ex
1165 2577 1198 2598 eo
1207 2571 1289 2598 verba
1303 2571 1337 2599 de
1347 2571 1569 2608 chartophylace,
1581 2574 1651 2609 ἔχων
1666 2574 1694 2601 δὲ
1704 2575 1751 2606 τὰς
1767 2576 1842 2611 ἱερο-

1049 2614 1142 2649 λογίας
1160 2615 1215 2641 τῶν
1232 2616 1398 2650 μνηστειῶν,
1410 2617 1555 2651 ἱερελογῶν
1577 2619 1661 2650 αὑτάς
1676 2619 1716 2646 sic
1740 2619 1840 2648 Latine

1049 2660 1160 2688 reddit:
1180 2660 1266 2688 Sacra
1284 2663 1391 2697 insuper
1414 2664 1527 2698 regis!”
1544 2665 1774 2692 matrimoniorum
1793 2674 1840 2700 pc-

1049 2715 1094 2733 ne:
1113 2706 1237 2738 seltabet,
1252 2715 1311 2742 qua:
1328 2714 1468 2743 postquam
1484 2710 1512 2736 in
1537 2711 1646 2745 registra
1668 2713 1839 2738 “censuerit.

1050 2752 1117 2780 lluic
1129 2754 1294 2788 expositioni
1310 2762 1387 2782 meus
1397 2762 1440 2782 me
1454 2759 1526 2783 vetat
1541 2761 1636 2783 auctor
1649 2757 1841 2790 acquiescere,

1049 2799 1112 2827 dum
1135 2799 1178 2827 hic
1191 2801 1288 2827 scribit
1309 2802 1455 2837 προνόμιον
1474 2801 1557 2829 fuisse
1579 2803 1842 2838 chartophylacisut

1050 2850 1117 2874 nutu
1137 2845 1328 2883 arbitratuque
1344 2847 1478 2876 duntaxat
1493 2848 1578 2884 ipsius
1596 2849 1655 2877 ista:
1665 2856 1842 2885 quzccunque
