1931 3069
114 139 182 168 lt‘29

780 139 1038 169 GLCSSAltiUM.

1666 143 1732 173 1620

115 191 225 218 demum
244 192 301 220 sint
329 192 487 228 llierologiw
507 192 615 220 ﬁerent.
641 192 791 228 Hesychius
808 193 903 227 προνόι
917 195 942 223 Λ
957 191 1071 219 ecclesia
1083 191 1133 219 rite
1147 191 1499 227 matrinmuiojunguntur;
1528 195 1553 221 id
1584 197 1655 230 quod
1682 199 1732 224 du-

114 248 164 275 μια.
181 246 243 266 esse
258 239 338 266 docet
357 239 391 265 τὰ
406 238 568 277 ὀφειλόμενα
584 238 622 274 τῷ
638 238 781 273 ἀξιώματι,
799 238 897 266 decora
912 236 917 250 ⁴

110 290 158 312 aut
176 285 318 320 privilegia
333 292 394 320 quae
410 276 509 312 eximie
518 276 653 312 debentur
667 285 747 312 alicui
764 285 896 320 dignitati.

112 331 280 366 Splenditlus
293 331 319 358 in
337 331 434 365 primis
447 338 480 358 ac
504 331 662 365 praecellens
677 331 898 367 chartophylacis

113 378 289 413 magistratus
317 383 376 410 est;
403 378 445 405 cui
464 382 608 412 propterea
635 378 681 405 vix
704 383 787 406 estut
822 379 897 406 credi

111 423 198 458 possit
229 423 392 450 attributum
418 424 477 450 vice
501 423 651 459 προνομίου
687 428 714 451 et
742 424 896 452 honoraria:

113 469 299 504 praerogativa:
314 475 428 503 pensum
446 475 477 496 ac
491 468 611 496 laborem
628 476 682 496 non
705 471 793 496 solum
812 477 898 504 penes

109 523 140 542 se
152 514 270 542 habendi
283 516 394 549 registra
408 514 649 547 matrimoniorum,
665 515 712 542 sed
722 515 804 542 etiam
815 523 896 542 manu

111 560 223 595 propria
242 559 415 592 conﬁciendi,
434 561 545 587 nomina
562 561 723 588 nubentium
740 561 767 588 in
785 561 896 596 rcgistra

111 605 280 638 recensendo,
310 609 339 631 ut
365 605 435 632 idem
462 605 596 640 interpres
621 607 750 641 loquitur,
781 607 897 634 reddens

112 650 277 678 vocabulum
298 649 450 685 ἱερολογῶν,
465 658 519 685 quo
527 652 663 686 proprium
679 652 897 688 chartophylacis

112 697 285 724 fuuctionem
299 697 409 725 Grzccus
425 699 542 733 scriptor
560 699 716 726 declaravit.
744 700 824 735 Atqui
840 700 898 728 hac

110 744 223 778 quidem
239 751 351 771 munera
369 743 451 779 566
464 744 530 772 nihil
557 745 736 773 honoriﬁcum
750 751 796 774 aut
821 751 896 774 tanto

111 788 220 823 fastigio
237 788 348 824 dignum
366 789 494 817 habentia
519 791 655 818 actuarios
682 791 773 826 potius
788 799 819 819 ac
836 792 896 818 vui-

111 842 191 869 gares
214 835 318 863 scribas
336 835 378 862 vel
395 834 428 861 ad
456 843 592 863 summum
618 836 742 863 tabularii
767 837 894 864 custodes

111 881 239 910 deceant.
255 883 348 918 Longe
378 882 458 910 aliter
487 882 740 910 Thessalonicensis
775 882 892 918 Symeon

109 931 176 965 quid
198 931 368 960 auctoritatis
391 932 465 959 circa
494 929 668 957 matrimonia
700 928 894 963 chartophylax

109 977 264 1005 exercuerit
279 977 381 1004 indicat
395 977 437 1005 bis
453 976 543 1004 verbis
558 984 565 1002 :
581 974 636 1001 Καὶ
660 973 695 1000 τὰ
715 973 769 1000 τῶν
796 973 895 1008 γάμων

109 1024 236 1058 νημῑμως
251 1024 391 1059 φροντίζει
405 1023 541 1059 γίνεσθαι·
561 1023 591 1052 Ut
608 1023 720 1058 legitime
734 1021 895 1049 celebrentur

109 1071 282 1097 matrimonia
303 1076 393 1099 curat.
412 1071 498 1098 Porro
512 1070 683 1098 institutione
702 1068 804 1097 Christi
817 1088 824 1101 ,
847 1068 894 1104 qui

109 1116 315 1143 matrimonium
335 1124 370 1144 ex
388 1117 461 1144 civili
477 1121 620 1144 contractu
644 1116 672 1143 iu
689 1120 893 1143 sacramentum

107 1162 209 1193 evexit,
221 1165 250 1188 ut
264 1161 290 1188 id
306 1162 359 1189 rite
374 1165 547 1197 perpetretur
561 1168 630 1196 opus
647 1165 689 1188 est
713 1168 788 1187 sacra
804 1160 892 1194 aliqua

107 1207 286 1235 ecclesiastici
304 1207 422 1235 ministri
437 1207 587 1238 iunctione,
614 1215 679 1242 qua,
698 1211 726 1234 ut
753 1205 894 1233 Evaristus

107 1253 313 1288 antiquissimis7
329 1253 450 1289 pontifex
464 1254 545 1289 epist.
560 1254 592 1281 ad
609 1254 730 1288 episcop.
749 1252 893 1280 Africanos

109 1301 240 1335 loquitur,
261 1301 399 1329 nubentes
424 1309 472 1328 suo
489 1306 606 1334 tempore
628 1301 837 1333 sacerdotaliter,
865 1305 894 1327 ut

110 1355 165 1372 mos
182 1351 230 1375 est.
254 1354 312 1373 rum
333 1347 452 1381 precibus
483 1350 507 1373 et
524 1346 698 1374 oblationibus
726 1356 742 1374 a
760 1346 894 1374 sacerdote

107 1392 305 1420 benedicantur.
325 1392 413 1427 Hujus
433 1392 633 1420 benedictionis
645 1392 759 1420 eﬁ‘ectus
769 1392 831 1427 quis
843 1392 890 1425 sit,

107 1439 188 1465 docet
201 1438 314 1466 Siricius
333 1439 397 1466 item
414 1439 548 1474 pontifex,
562 1439 676 1473 epistola
693 1439 726 1466 ad
740 1439 892 1466 llimerlum

107 1484 354 1518 Tarraconensem,
373 1494 398 1513 c.
412 1485 438 1518 4,
455 1485 501 1513 ubi
517 1485 700 1520 interrogatus
713 1486 735 1513 si
748 1486 892 1519 desponsa-

911 865 929 892 lt

107 1535 161 1556 tant
173 1529 223 1556 alii
237 1530 353 1564 puellam
369 1530 437 1558 alter
451 1531 479 1557 in
504 1530 702 1557 matrimonium
725 1531 806 1566 possit
821 1531 890 1557 acci-
903 1543 925 1574 C

105 1583 176 1609 pere,
193 1576 340 1611 respondet
356 1585 363 1602 ε
380 1576 435 1604 Hoc
448 1585 478 1603 ne
491 1577 539 1611 fiat
558 1577 640 1603 modis
656 1577 774 1603 omnibus
791 1576 890 1603 iit/tibe-

105 1630 174 1656 mus,
193 1624 257 1657 quia
277 1622 324 1649 illa
337 1623 488 1654 benedictio.
518 1631 599 1658 quant
623 1629 744 1656 uupturce
769 1624 890 1650 sacerdos

105 1669 215 1703 imponit
233 1673 303 1704 apud
316 1669 418 1702 ﬁdeles,
441 1669 574 1704 sacrilegii
599 1669 683 1695 instar
709 1674 756 1700 est,
783 1669 807 1695 si
834 1666 890 1695 ulla

104 1713 313 1747 transgressione
321 1712 441 1739 violetur.
455 1712 529 1739 lianc
542 1713 756 1740 benedictionem
771 1720 891 1747 ιιι-ωεξη-

107 1757 179 1784 tibus
190 1757 216 1784 iu
237 1757 350 1785 ecclesia
367 1758 475 1792 sponsis
486 1765 500 1784 a
516 1757 659 1784 sacerdote
684 1757 802 1785 conferri
819 1757 890 1784 anti-

104 1803 229 1838 quissimi
245 1812 293 1838 per
314 1811 411 1831 omnes
439 1804 570 1831 ecclesias
596 1803 680 1831 moris
701 1809 751 1832 cst.
783 1803 888 1832 Concil.

104 1849 233 1883 Carthag.
253 1858 290 1882 Iv,
309 1857 370 1877 can.
390 1857 439 1876 un
456 1858 462 1876 :
480 1849 599 1883 Sponsus
615 1855 638 1876 et
656 1858 753 1885 sponsa
770 1859 828 1877 cum
846 1851 887 1877 be-

104 1895 238 1921 nedicendi
264 1895 315 1922 sint
341 1903 358 1921 a
382 1896 536 1928 sacerdote,
560 1904 575 1921 a
592 1896 741 1930 parentibus
770 1897 824 1923 suis
849 1896 889 1923 uel

103 1941 293 1975 paranympltis
309 1941 462 1975 oﬂ'erantur.
483 1941 551 1973 Quia
565 1950 631 1968 vero
645 1942 766 1976 episcopi
786 1947 827 1969 est
838 1943 887 1969 (le-

104 1986 214 2021 signare
237 1987 423 2019 sacerdotem,
449 1994 530 2022 quem
549 1987 723 2022 potissimum
750 1988 816 2015 velit
835 1988 886 2015 ista

103 2040 181 2060 sacra
205 2032 276 2060 circa
294 2032 424 2068 conjuges
440 2033 601 2060 cacremonia
625 2032 747 2067 defungi,
772 2034 888 2068 patriar-

103 2079 162 2106 chm
176 2078 471 2114 Coustantinopolitani
487 2079 558 2106 hanc
573 2079 681 2114 proprie
698 2086 790 2107 curam
807 2080 886 2107 char-

104 2123 240 2159 tophylaci
259 2124 316 2152 sive
332 2124 497 2152 cancellario
515 2131 565 2151 suo
588 2124 832 2158 demandaverant,
858 2131 886 2152 nt

102 2171 145 2197 vel
157 2171 217 2205 ipse
231 2178 278 2205 per
292 2178 352 2198 sese
365 2171 472 2205 sponsis
485 2170 537 2198 hoc
553 2170 634 2198 modo
644 2171 827 2204 benediceret,
843 2172 884 2199 vel

102 2216 272 2243 sacerdotem
295 2216 407 2249 eligeret
428 2216 474 2250 qui
494 2216 519 2243 id
538 2215 650 2248 faceret,
677 2223 746 2244 adeo
759 2221 792 2243 ut
814 2217 881 2244 citra
900 2211 921 2239 ῐ)

101 2262 162 2297 ejus
175 2268 318 2289 assensum
339 2261 486 2296 acjussum
519 2261 610 2288 nullus
629 2262 773 2297 presbyter
791 2262 817 2289 id
835 2262 884 2289 ritc

102 2314 135 2335 ac
153 2307 273 2342 legitime
289 2312 383 2342 posset
394 2315 484 2342 agere.
504 2306 562 2336 Hoc
581 2312 623 2335 est
637 2308 708 2343 quod
737 2308 817 2336 docet
842 2309 884 2335 hic

102 2354 213 2386 Noster,
232 2354 296 2381 dum
317 2354 355 2381 ait
368 2354 516 2390 προνόμιον
536 2362 596 2382 esse
623 2354 841 2390 chartopltylaeis
855 2355 885 2380 τὸ

102 2401 271 2436 apo-spondi;
286 2401 391 2426 ἐκείνου
416 2400 465 2431 τὰς
491 2400 642 2435 ἱερολογίας
666 2400 802 2435 γίνεσθαι,
831 2408 883 2427 non

99 2447 157 2473 sine
171 2445 300 2480 facultate
325 2454 357 2471 ac
372 2446 498 2472 mandato
523 2445 580 2479 ejus
599 2445 716 2472 adhiberi
738 2447 840 2481 sponsis
867 2454 883 2472 α

100 2493 238 2519 sacerdote
250 2491 303 2519 ullo
317 2491 446 2524 nuptiales
462 2491 663 2518 benedictiones.
678 2491 767 2524 Quare
784 2491 828 2519 die
841 2492 883 2523 τὶς

101 2539 156 2565 τῶν
174 2538 270 2572 ἱερέων
285 2538 314 2569 ὃς
333 2537 393 2572 δίχα
410 2537 459 2572 τῆς
476 2537 524 2563 τοῦ
540 2537 746 2572 χαρτοφύλακος
766 2545 882 2572 προτρο-

101 2584 156 2618 πῆς
168 2583 302 2618 νυμφίους
319 2583 461 2618 ίερολόγει.
483 2582 604 2609 sacerdos
622 2583 731 2618 quidam
747 2583 793 2618 qui
815 2583 881 2610 citra

100 2631 257 2657 iuaiulatunt
271 2638 302 2656 ac
321 2635 412 2656 nutum
437 2629 646 2664 churtop/tylacis
674 2632 778 2664 sponsis
807 2632 884 2656 bute-

101 2678 216 2708 dixerat,
230 2676 419 2710 suspensionis
433 2676 468 2702 ob
482 2675 508 2702 id
527 2683 606 2710 petua
631 2680 673 2702 est
689 2676 821 2702 multatus
831 2695 838 2708 ,
855 2681 884 2703 ut

100 2730 162 2750 mox
179 2721 360 2757 Pachytneres
389 2721 538 2756 subiungit.
568 2721 616 2749 Est
638 2722 720 2757 igitur
748 2722 882 2756 ἱεριιλογία

100 2776 177 2795 sacra
193 2768 297 2796 functio
310 2768 459 2795 sacerdotis
470 2767 541 2795 circa
563 2774 694 2802 sponsos,
719 2768 828 2804 quando
855 2767 883 2795 in

136 2848 174 2884 (1)
192 2847 234 2875 Cf.
249 2847 370 2875 Glossar.
386 2847 464 2874 alter.
480 2853 505 2873 v.
525 2846 689 2882 Ἰχνηλάτης-

951 238 1015 265 dum
1033 242 1096 264 ante
1119 246 1162 266 me
1184 238 1314 266 docuerat
1330 239 1499 274 Nicephorus
1513 241 1663 277 Bryennius
1672 245 1732 271 Cm-

950 292 994 312 sar
1009 284 1060 311 sub
1073 284 1153 311 tinem
1164 284 1223 311 libri
1243 293 1272 312 Ill
1287 285 1551 314 Commentariorum
1562 296 1576 315 a
1588 297 1631 316 me
1644 298 1732 324 nuper

949 330 1100 361 editorum,
1115 331 1159 357 ubi
1187 338 1304 358 narrans
1325 332 1477 367 illcgitimas
1501 334 1609 368 nuptias
1637 342 1731 364 contra

951 383 1032 402 oume
1051 376 1091 402 fas
1109 381 1254 404 attentatas
1270 385 1285 404 a
1301 377 1442 405 Botauiatc
1467 379 1593 407 invasorc
1623 381 1730 416 imperi?

949 429 1012 448 cum
1034 421 1118 449 Maria
1142 422 1261 457 Augusta
1278 424 1392 458 conjuge
1407 424 1545 452 Michaelis
1571 426 1651 454 Ducas
1665 427 1732 454 solio

949 465 1088 493 deturbati
1103 466 1192 493 adhuc
1212 466 1339 500 viventis,
1363 466 1459 500 refert,
1485 469 1614 504 cumjam
1639 471 1730 505 sponsi

947 511 1029 538 ambo
1044 511 1070 538 in
1081 511 1223 538 ecclesiam
1236 512 1560 545 vrnissent,sacerdotem
1568 516 1654 550 quiad
1670 524 1730 544 eam

948 555 1077 582 unionem
1120 557 1300 590 peragendam
1334 563 1443 592 paratus
1476 559 1563 587 fuerat
1582 561 1605 594 (ὁ
1626 561 1731 596 μέλλων

947 601 998 636 τὴν
1017 603 1169 637 μνηστείαν
1187 603 1306 638 τελέσαι)
1324 604 1466 639 collegisse
1485 613 1515 633 se
1541 611 1569 633 et
1596 614 1730 641 quantum

946 644 1051 681 'piaculi
1065 649 1251 677 conscisceret
1266 656 1447 685 reputantem,
1465 653 1487 679 si
1508 653 1655 689 bigamum.
1680 663 1729 683 cu-

945 694 991 728 jus
1012 694 1094 722 etiam
1117 696 1239 723 secunda
1258 705 1326 724 uxor
1346 698 1435 725 adhuc
1453 699 1569 732 viveret,
1591 709 1651 727 cum
1670 710 1730 728 mu-

946 741 1014 768 liere
1029 742 1108 777 cujus
1137 742 1201 769 item
1226 743 1341 770 maritus
1371 745 1460 773 adhuc
1485 752 1625 781 superstes
1646 753 1729 779 esset,

945 790 1130 818 ecclesiastica
1142 792 1331 820 benedictione
1341 795 1528 830 conjungeret,
1539 795 1570 831 [P
1587 796 1646 833 589]
1662 805 1730 824 cun-

945 840 1048 863 ctatum
1063 845 1123 864 esse
1139 838 1248 872 prodire
1261 847 1292 866 ex
1311 840 1480 872 altari;tunc
1492 847 1582 869 autem
1601 844 1730 871 concilia-

947 886 1032 909 torem
1047 882 1127 918 567
1140 884 1334 920 sacrilegarum
1348 887 1506 921 nuptiarum
1524 889 1655 916 lsaacium
1671 890 1729 918 Cm-

946 935 1034 955 sarem
1054 929 1136 956 alium
1157 930 1236 957 istius
1253 931 1311 958 loco
1326 933 1495 960 sacerdotem
1514 934 1684 969 submisisse,
1700 937 1729 968 il;

946 974 992 1000 καὶ
1005 973 1054 1009 τὴν
1068 974 1219 1010 ἱερολογιαν
1231 976 1362 1008 ἐτέλεσεν,
1372 979 1417 1012 qui
1430 979 1555 1012 nuptialis
1569 980 1635 1008 ritus
1646 990 1728 1009 ca're-

946 1021 1062 1048 moniam
1080 1022 1189 1056 peregit.
1206 1022 1268 1050 Haec
1286 1022 1433 1051 Briennius
1454 1024 1556 1059 Caesar,
1585 1028 1630 1062 qui
1649 1029 1728 1063 paulo

945 1071 1008 1093 ante
1022 1067 1189 1095 iunctionem
1207 1069 1331 1097 eamdem
1363 1071 1448 1098 verbo
1463 1072 1584 1107 εὐλογεῖν
1604 1074 1729 1111 designa-

945 1117 1034 1147 verat,
1051 1113 1083 1142 de
1099 1118 1167 1141 aestu
1180 1122 1212 1142 ac
1231 1117 1362 1150 scrupulo
1387 1117 1487 1152 prioris
1514 1120 1663 1148 sacerdotis
1688 1122 1728 1149 sic

944 1160 1068 1188 scribens
1084 1169 1091 1188 :
1109 1161 1274 1196 Συναγαγὼν
1292 1161 1386 1190 ἑαυτὸν
1401 1163 1448 1191 καὶ
1467 1164 1547 1198 γνοὺς
1567 1165 1620 1202 ὅπη
1641 1167 1727 1194 κακοῦ

944 1206 1058 1252 φέρεται
1074 1207 1197 1242 μοιχείαν
1214 1208 1273 1242 ἅμα
1292 1209 1340 1235 καὶ
1358 1212 1510 1252 ,ξριγαμίαν
1528 1213 1659 1247 εὐλογῶν,
1682 1215 1726 1242 ubi

944 1250 1066 1286 εὐλογεῖν
1082 1251 1154 1278 idem
1168 1256 1212 1279 est
1236 1253 1307 1287 quod
1332 1250 1495 1290 lapatoysiv:
1513 1262 1660 1293 utrumque
1676 1267 1727 1286 au-

946 1302 999 1324 tem
1014 1298 1147 1334 significat
1176 1307 1284 1328 sacrum
1302 1301 1378 1329 illum
1409 1302 1490 1331 ritum
1516 1312 1570 1340 quo
1597 1306 1726 1334 sacerdos

943 1343 1004 1370 illos
1018 1351 1133 1379 sponsos
1164 1346 1191 1372 in
1224 1347 1429 1376 matrimonium
1458 1350 1613 1386 conjungit;
1645 1360 1724 1387 quem

943 1390 1161 1419 benedictionem
1177 1392 1211 1419 ab
1235 1393 1356 1428 antiquis
1371 1395 1564 1425 ecclesiasticis
1587 1399 1726 1433 scriptori-

943 1437 993 1464 bus
1023 1437 1117 1465 Latine
1141 1444 1267 1467 vocatum
1295 1440 1423 1469 vidimus.
1442 1442 1470 1469 In
1493 1451 1549 1478 quo
1572 1448 1660 1472 tamen
1682 1451 1726 1473 est

941 1487 1072 1518 praeterea
1097 1483 1296 1513 observandum
1313 1495 1373 1514 esse
1391 1492 1418 1515 et
1445 1488 1525 1516 aliam
1557 1490 1724 1518 benedictio—

942 1537 1005 1556 nem
1020 1530 1182 1565 nuptialcm.
1198 1539 1258 1566 qum
1284 1533 1445 1568 conjugibus
1459 1542 1508 1569 per
1526 1535 1617 1568 verba,
1644 1541 1673 1563 nt
1686 1537 1725 1564 lo-

942 1575 987 1610 qui
1005 1576 1103 1609 soleut,
1123 1577 1156 1604 dc
1171 1579 1298 1612 praesenti
1323 1580 1445 1615 ratojam
1462 1583 1635 1610 matrimonio
1652 1591 1666 1610 a
1681 1592 1724 1611 sa-

941 1622 1050 1650 cerdote
1070 1623 1205 1658 copulatis
1219 1625 1288 1652 solet
1300 1626 1440 1661 adhiberi;
1461 1628 1494 1655 de
1518 1636 1569 1663 qua
1595 1630 1724 1666 intelligi-

942 1671 986 1693 tur
1008 1667 1052 1694 illa
1065 1670 1181 1703 quwstio
1194 1677 1275 1704 quam
1288 1671 1405 1707 theologi
1423 1679 1543 1707 movent,
1563 1675 1603 1702 Αη
1617 1676 1650 1702 sit
1663 1685 1723 1711 pec-

941 1718 1029 1740 catum
1069 1723 1253 1743 consummare
1288 1719 1486 1746 matrimonium
1511 1726 1570 1747 ante
1598 1721 1723 1750 Ecclesia:

940 1758 1155 1792 benedictionem,
1175 1765 1228 1788 etc.
1248 1762 1315 1789 Vide
1330 1762 1463 1796 Sam-lica,
1487 1764 1506 1792 l.
1528 1773 1568 1796 in.
1590 1765 1660 1800 disp.
1679 1768 1721 1794 12.

939 1805 1073 1832 Caeterum
1090 1806 1163 1839 prior
1179 1806 1224 1833 illa
1239 1807 1271 1834 de
1295 1815 1348 1842 qua
1367 1809 1486 1837 diximus
1511 1811 1663 1840 benedictio
1681 1818 1723 1841 esi.

940 1857 1000 1884 quae
1028 1850 1072 1878 hic
1094 1850 1244 1886 ῑερολογίας
1270 1857 1297 1880 et
1313 1853 1461 1890 ἱερολογεῖν
1477 1857 1615 1886 vocabulis
1633 1861 1722 1894 expri-

939 1896 1033 1923 mitur.
1057 1895 1116 1924 Huc
1132 1896 1196 1925 facit
1214 1897 1322 1934 Georgii
1346 1900 1508 1935 Acropolitze
1535 1902 1621 1935 locus.
1649 1905 1719 1933 Hist.

939 1949 966 1968 n.
985 1942 1018 1969 55
1035 1950 1041 1968 :
1056 1942 1194 1977 Πληροῦσι
1217 1944 1266 1980 τὴν
1280 1945 1335 1971 τῶν
1363 1947 1468 1974 παῐδων
1496 1950 1652 1984 συνάφειαν,
1674 1953 1720 1979 τοῦ

938 1988 1106 2024 πατριάρχου
1125 1988 1268 2025 Γερμανοῦ
1280 1992 1314 2018 τὰ
1323 1991 1373 2026 τῆς
1383 1993 1536 2028 ῐερθλογίας
1550 1996 1718 2029 τελέσαντος.

937 2034 999 2070 Agit
1013 2036 1046 2063 de
1078 2037 1182 2071 nuptiis
1202 2037 1338 2066 Theodori
1358 2039 1477 2069 Junioris
1501 2042 1624 2072 Lascaris
1657 2053 1718 2073 cum

938 2079 1039 2107 Helena
1061 2081 1115 2108 ﬁlia
1129 2082 1225 2110 Asanis
1236 2083 1366 2119 Bulgaria:
1389 2086 1470 2120 regis.
1484 2087 1559 2115 Adde
1571 2093 1598 2115 et
1612 2090 1718 2118 titulum

937 2133 998 2153 can.
1020 2127 1036 2153 6
1052 2125 1279 2156 Neocaesaricnsis
1300 2130 1431 2158 recitatia
1447 2131 1572 2161 Mattiaco
1597 2134 1719 2164 Blastare

937 2173 1019 2200 verbo
1038 2173 1138 2209 γάμος,
1159 2174 1204 2209 qui
1226 2175 1265 2203 sic
1288 2176 1369 2204 habet
1394 2186 1401 2204 :
1421 2178 1488 2213 Περὶ
1513 2180 1559 2206 τοῦ
1587 2181 1625 2216 μή
1645 2189 1719 2209 συνε-

936 2219 1061 2247 στιᾶσθαι
1077 2220 1116 2255 τῷ
1126 2220 1287 2256 διγαμοῦντι
1303 2223 1348 2249 τὸν
1367 2223 1586 2259 Ξερολογὴσαντα.

977 2265 1152 2300 Ἰχνηλάτης
1165 2266 1203 2301 (l)
1216 2275 1243 2301 p.
1256 2267 1318 2295 464.
1333 2268 1513 2296 Καοικετεύει
1526 2271 1557 2297 ἐκ
1570 2272 1623 2298 τῶν
1640 2273 1715 2309 ίχνησ

934 2310 1016 2338 λάτου
1053 2311 1258 2346 παραδολικῶν,
1275 2318 1327 2340 etc.
1354 2313 1399 2340 Ait
1423 2314 1627 2349 imperatorem,
1653 2327 1714 2348 cum

935 2356 1041 2384 videret
1069 2356 1201 2392 quosdam
1229 2357 1385 2387 inconsulto
1399 2360 1457 2387 zelo
1475 2360 1630 2396 improbare
1653 2373 1718 2392 cou-

935 2404 1056 2431 cordiam
1079 2411 1141 2431 cum
1167 2403 1271 2431 Latinis
1295 2405 1405 2439 initam,
1421 2409 1578 2442 congregari
1602 2409 1716 2444 iussisse

935 2447 1077 2483 episcopos
1093 2456 1188 2476 omnes
1200 2453 1227 2476 et
1241 2451 1411 2484 monachos;
1429 2455 1484 2478 tum
1502 2453 1591 2487 ipsum
1619 2455 1645 2482 in
1670 2456 1716 2484 illo

935 2501 1066 2521 consessu
1081 2493 1198 2520 medium
1214 2495 1363 2522 oralionem
1380 2496 1536 2531 inchoasse,
1551 2502 1669 2535 rogando
1683 2509 1716 2530 ex

934 2540 1080 2568 lchnelatae
1096 2539 1272 2574 Parabolicis,
1294 2542 1372 2577 cujus
1399 2542 1450 2570 loci
1468 2543 1502 2570 ad
1528 2545 1580 2573 hoc
1610 2551 1717 2582 tempus

934 2585 1081 2621 opportuni
1096 2585 1241 2620 plerosque
1258 2587 1380 2622 ipsorum
1398 2589 1535 2617 recordati
1553 2591 1716 2626 conﬁdebat,

935 2639 969 2658 ne
996 2631 1088 2666 potius
1115 2631 1228 2659 mallent
1264 2632 1363 2660 imitari
1393 2633 1472 2660 avide
1499 2635 1718 2669 praefestinantes

934 2684 1014 2710 quam
1034 2676 1159 2712 prudenti
1174 2677 1305 2712 patientia
1328 2680 1514 2707 maturitatem
1542 2682 1717 2710 occasionum

934 2726 962 2749 et
975 2729 1064 2749 rerum
1080 2728 1240 2757 exepectare
1254 2725 1390 2753 cessando
1407 2725 1514 2754 solitos.
1530 2726 1629 2755 Multos
1648 2728 1717 2761 dics,

934 2775 968 2796 ne
984 2768 1070 2796 dicam
1095 2768 1292 2802 hebdomadas,
1316 2770 1342 2798 in
1364 2771 1446 2807 hujus
1460 2779 1520 2799 sum
1537 2772 1587 2801 loci
1605 2774 1719 2802 medita-
