1931 3069
205 133 271 164 le3l

680 132 712 162 P.
732 131 883 163 POSSlNI
905 128 1233 161 OBSERVATIONUM
1250 128 1323 158 LIB.
1346 128 1369 157 Ι.

1757 125 1830 160 1032

205 190 280 216 tione
293 191 427 215 versatus.
443 185 528 221 Cujus
543 193 605 213 eum
620 185 790 221 intelligendi
809 194 861 213 una
887 193 951 221 spes
967 191 996 213 et
1010 187 1031 215 Α
1044 183 1154 211 Persica
1167 187 1195 210 et
1205 182 1341 215 Arabica“
1353 188 1421 216 quas
1438 180 1522 208 fuisse
1537 181 1659 209 diversas
1685 183 1828 217 ponimus,

205 234 276 261 ratio
288 234 340 261 sita
352 238 426 260 esset
443 233 471 260 in
489 233 586 260 notitia
603 232 746 266 scriptoris
771 232 799 259 in
823 239 856 259 eo
880 232 994 266 laudati,

208 284 296 308 totum
312 288 356 307 me
368 279 432 306 dedi
450 278 650 313 investigationi
673 277 786 304 istorum
801 277 994 312 παρασολικῶν

213 326 369 361 Ἰχνηλάῑου
385 325 428 352 hic
439 330 661 356 uiemoratorum.
678 323 838 359 ignotissimi
856 328 913 350 tum
928 323 994 350 mihi

207 372 309 406 operis,
323 372 410 406 quoad
424 370 628 398 eruditissimus
638 370 714 404 juxta
729 369 994 402 humanissimusque

208 417 264 444 Leo
284 417 401 444 Allatins
413 417 427 442 ὁ
442 416 514 442 πάνυ
534 415 622 450 primo
643 414 784 446 indicium,
800 414 898 441 deinde
913 413 993 440 etiam

208 463 315 497 copiam
341 461 444 496 perrari
462 461 521 496 ejus
549 465 576 488 et
600 460 706 487 Latinis
726 467 837 494 prorsus
860 459 994 487 hactenus

208 506 338 540 incogniti
356 505 545 532 commentarii
562 504 637 531 fecit.
655 503 752 531 Totum
775 503 854 532 avide
868 504 969 539 perlegi
985 512 993 531 :

209 552 275 585 quin
296 551 390 583 etiam,
408 551 480 585 quod
499 551 540 578 sic
568 550 698 584 eXpedire
715 549 802 576 visum
818 553 870 581 est,
895 549 993 584 raptim

209 598 357 625 Latinitate
373 598 503 625 donatum
527 596 554 623 in
577 597 675 624 harum
697 595 924 623 Observationum
948 603 995 630 ap-

210 645 355 680 pendicem
370 644 487 678 conjeci.
504 643 544 670 lbi
559 642 670 674 videbit,
686 642 709 670 si
725 641 792 670 tanti
807 641 921 677 judieet,
936 646 994 668 stu-

208 692 305 719 diosus
324 691 411 718 lector
429 698 511 725 quem
540 689 600 724 ejus
627 689 672 716 hic
697 689 822 724 indigitat
847 690 996 723 imperator

211 738 313 769 locum,
331 737 523 764 dissertatione
538 735 693 770 parabolica
716 740 804 766 sexta,
820 742 872 769 qua
891 735 995 762 labellis

209 784 243 811 ad
260 784 286 811 id
313 783 383 817 aptis
408 783 522 809 stultitia
550 781 702 809 traducitur
726 788 820 809 eorum
836 788 904 816 quos
930 781 995 816 ipsis

210 830 302 857 statim
333 828 452 856 exordiis
479 828 621 863 longorum
652 827 821 862 negotiorum
849 827 994 862 impatiens

1046 237 1101 256 non
1120 236 1171 255 una
1186 234 1281 255 revera
1307 232 1335 254 et
1364 227 1460 254 eadem
1484 227 1567 254 fuerit
1592 227 1692 255 versio.
1723 228 1830 256 Dicitur

1046 275 1120 303 enim
1135 274 1181 302 hic
1194 278 1298 301 tantum
1315 273 1414 300 librum
1433 273 1505 300 hunc
1517 280 1550 300 ex
1564 273 1640 300 India
1656 273 1830 301 inPcrsidem

1046 321 1166 349 delatum
1182 327 1198 346 a
1225 319 1336 350 Perzoe,
1351 318 1387 346 ita
1418 323 1446 346 ut
1468 318 1540 353 quod
1561 318 1671 346 additur
1689 319 1723 346 de
1740 324 1832 346 trans-

1046 367 1149 394 latione
1165 366 1191 393 in
1205 365 1326 399 linguam
1350 365 1504 397 Arabicam,
1523 365 1605 392 tribui
1635 365 1723 392 eidem
1737 365 1833 393 Perzoi

1046 417 1129 448 queat
1141 412 1287 447 etintelligi
1300 419 1406 438 versum
1421 411 1456 437 ab
1470 418 1502 438 eo
1512 411 1624 439 Arabice
1634 411 1750 439 (lbosroi
1759 412 1834 439 obla-

1048 465 1104 487 tum
1121 459 1297 494 etvulgatum
1313 458 1340 484 in
1355 457 1467 485 Perside
1480 457 1576 488 fuisse.
1587 457 1633 484 ubi
1651 457 1722 485 forte
1739 458 1832 492 lingua

1048 505 1165 533 Arabica
1181 512 1234 531 non
1251 503 1391 539 incognita
1407 503 1488 538 vulgo
1500 503 1592 530 luerit.
1607 503 1706 530 Verum
1721 511 1833 531 omnem

1046 553 1251 587 ambiguitatem
1267 552 1338 579 tollit
1353 552 1426 587 quod
1443 552 1476 578 ad
1493 551 1594 579 calcem
1609 551 1700 586 operis
1714 552 1832 586 subjun-

1047 599 1119 634 gitur
1136 599 1170 625 ab
1186 598 1246 633 ipso
1259 598 1353 625 Graeco
1367 597 1517 632 interprete
1527 597 1663 633 Symeone
1680 598 1758 630 Setli,
1772 602 1834 632 post

1047 645 1168 679 quintam
1196 644 1329 670 decimam
1361 643 1582 670 Dissertationem
1611 643 1762 678 ascriptum
1793 644 1836 670 his

1048 690 1127 725 plane
1145 690 1250 717 verbis:
1264 689 1358 716 Ταῦτα
1371 689 1406 716 τὰ
1424 693 1455 716 ιε’
1465 689 1597 725 τμήματα
1612 690 1626 716 ὀ
1640 690 1722 724 σοφὸς
1741 690 1836 723 ἰατρὸς

1047 735 1159 772 Περζωὲ
1177 735 1327 771 μετέϐαλεν
1340 737 1373 762 ὲκ
1391 736 1439 770 τῆς
1461 735 1575 770 Ἰνδικῆς
1589 736 1629 766 εις
1646 737 1696 770 τὴν
1713 735 1836 771 Περσίδα

1046 783 1199 814 διάλεκτον,
1217 782 1406 816 μετακομίσας
1431 783 1463 808 ὲκ
1479 783 1528 816 τῆς
1561 782 1655 813 1ἰνδίιις
1670 782 1708 816 τῷ
1727 782 1838 817 βασιλεί

1047 829 1167 865 Χοσρόῃ.
1186 829 1235 855 Ἐκ
1260 828 1289 854 δὲ
1313 828 1364 862 τῆς
1388 828 1526 863 Περσικῆς
1539 828 1578 859 εἰς
1597 828 1646 863 τὴν
1780 829 1838 855 τῶν

211 876 293 911 568
304 875 405 910 abripit
419 875 533 902 aviditas
551 874 584 901 ad
596 874 663 901 lines
677 880 876 909 successusque
889 881 994 909 praevo-

1054 856 1179 910 ’Δρασὶδν
1197 856 1403 910 μετεὸλήθῆααν
1415 856 1552 908 ίλῶσααν,
1565 856 1597 900 ἐκ
1608 856 1636 900 δὲ
1646 856 1838 910 τῖᾗτῄάεων

211 923 322 950 randos.
344 921 391 948 llic
411 921 546 956 agendum
569 920 638 947 mihi
654 925 721 955 puto
738 920 771 948 de
787 921 898 947 nomine
925 920 998 954 ἰχνη-

211 966 306 1000 λάτης,
321 966 392 1000 quod
410 973 473 993 cum
491 969 618 1000 tanquam
635 965 775 1000 proprium
794 965 874 992 istius
889 965 931 992 vel
949 973 998 992 au-

211 1011 294 1038 ctoris
310 1011 352 1038 vel
366 1010 459 1045 operis
482 1014 608 1046 ponatur,
628 1009 719 1036 neutri
738 1014 827 1037 tamen
843 1017 876 1037 ex
893 1009 998 1045 origine

211 1058 359 1090 convertit;
374 1064 434 1091 quae
458 1057 524 1083 mihi
542 1056 593 1083 l'uit
608 1063 690 1083 causa
706 1055 771 1082 illud
791 1055 824 1082 ab
841 1056 902 1090 ejus
919 1056 997 1084 titulo

211 1103 239 1130 in
253 1102 350 1130 Latina
376 1102 604 1137 interpretatione
620 1101 792 1128 removendi.
814 1100 922 1129 Primus
950 1109 998 1129 vo-

211 1148 337 1176 cabulum
367 1147 513 1182 ἰχνηλάτης
540 1147 575 1174 ad
591 1147 664 1174 hunc
683 1146 782 1174 librum
806 1146 997 1182 appellandum

211 1193 335 1221 adhibuit
346 1193 458 1222 Graecus
472 1193 544 1220 illius
560 1193 695 1227 interpres
707 1191 824 1228 Symeon
841 1191 918 1224 Seth,
940 1191 999 1219 imi-

213 1244 295 1272 tatus,
309 1244 339 1266 ut
358 1240 417 1275 ipse
431 1239 479 1271 ait,
500 1238 548 1266 sed
569 1246 603 1265 ex
619 1242 695 1273 parte
711 1237 862 1270 duntaxat,
880 1237 999 1264 Arabem

213 1284 425 1316 innominatum,
439 1284 485 1318 qui
502 1291 535 1310 ex
550 1283 659 1310 Persica
671 1281 800 1315 dialecto,
814 1282 841 1308 in
853 1290 934 1317 quam
951 1282 1000 1310 has

213 1330 386 1365 parabolicas
404 1329 611 1357 dissertationes
624 1328 739 1356 Perzoes
756 1336 789 1355 ex
802 1328 902 1356 Indicis
916 1328 999 1363 origi-

214 1377 295 1402 nibus
310 1376 496 1408 transtulerat,
511 1375 628 1402 Arabice
643 1375 702 1402 illas
717 1375 846 1406 reddens,
870 1375 946 1409 operi
965 1374 1000 1401 ti-

215 1421 302 1447 tulum
322 1421 454 1455 imposuit
468 1421 652 1455 compositum
669 1428 703 1447 ex
714 1420 871 1447 nominibus
884 1420 999 1448 duarum

215 1473 407 1500 personarum,
441 1473 556 1499 quarum
585 1465 709 1500 dialogus
743 1465 874 1500 majorem
906 1465 1001 1500 implet

1048 922 1116 956 παρ’
1130 921 1212 956 ἡμῶν
1235 921 1275 952 εις
1289 920 1339 955 τὴν
1361 919 1513 955 Ἑλληνίδα,
1540 920 1587 946 καὶ
1608 921 1662 946 εἰσὶ
1677 922 1744 954 παρ’
1769 921 1839 956 ἡμῖν

1050 967 1133 1002 μέχρι
1147 967 1197 1002 τῆς
1219 967 1340 1001 σήμερον
1355 966 1395 997 εἰς
1406 966 1541 1000 ὠφέλειαν
1564 966 1618 993 τῶν
1632 967 1840 998 ἀναγινωσκόν-

1047 1021 1114 1040 των.
1126 1012 1183 1040 Hoc
1199 1017 1242 1040 est
1265 1012 1299 1040 ad
1320 1012 1433 1039 verbum
1447 1011 1522 1039 :Haa
1539 1012 1572 1039 15
1588 1012 1712 1039 sectione;
1727 1014 1839 1046 sapiens

1048 1059 1165 1086 medicus
1194 1058 1304 1086 Persae;
1320 1059 1457 1085 transtulit
1473 1066 1505 1085 ea:
1521 1058 1614 1086 Indica
1642 1060 1669 1085 in
1697 1058 1839 1085 Persicam

1048 1105 1190 1132 diulectum
1204 1114 1219 1132 a
1236 1113 1262 1132 se
1277 1106 1428 1140 deportatos
1441 1112 1473 1132 ea:
1497 1105 1574 1132 India
1590 1106 1644 1140 regi
1660 1104 1783 1132 Giton-oi.
1795 1105 1839 1132 Ea:

1048 1151 1155 1179 Persica
1173 1160 1231 1179 vero
1247 1152 1275 1178 in
1292 1152 1431 1179 Arabicam
1451 1159 1533 1178 verm
1561 1152 1677 1187 linguam
1701 1157 1776 1184 sunt,
1807 1161 1839 1179 ex

1049 1198 1163 1225 Arabica
1178 1196 1313 1234 demqu
1331 1197 1403 1223 nobis
1429 1197 1457 1223 in
1476 1195 1606 1224 Grecam.
1626 1195 1657 1222 Ει
1673 1201 1736 1222 sunt
1764 1197 1838 1230 apud

1050 1251 1096 1269 nos
1123 1251 1206 1277 usque
1233 1243 1260 1269 in
1278 1242 1431 1268 hodiernum
1447 1242 1516 1268 diem
1533 1241 1568 1268 ad
1589 1241 1729 1268 utilitatem
1749 1242 1839 1277 legen-

1050 1289 1126 1315 tium.
1142 1288 1181 1315 Ita
1199 1288 1247 1316 ibi.
1259 1287 1337 1315 Unde
1353 1287 1528 1315 manifestum
1544 1292 1585 1315 est
1611 1287 1750 1315 Persicam
1777 1296 1840 1322 quae

1050 1335 1149 1363 dicitur
1166 1334 1365 1370 Arabicamque
1381 1334 1535 1361 versionem
1551 1334 1634 1362 fuisse
1647 1335 1728 1369 plane
1744 1336 1840 1362 diver-

1051 1388 1106 1408 sas.
1130 1381 1196 1408 Cum
1223 1385 1326 1412 autem,
1341 1385 1370 1408 ut
1389 1388 1422 1408 ex
1447 1380 1522 1414 ptius
1546 1380 1684 1414 descripto
1711 1381 1840 1415 ejusdem

1051 1427 1194 1462 Sytueonis
1219 1427 1330 1462 prologo
1356 1431 1475 1458 constat,
1503 1427 1599 1454 titulus
1625 1425 1709 1461 Cylile
1743 1427 1840 1454 Dimne

1051 1473 1174 1500 Arabicae
1201 1473 1336 1500 versionis
1355 1473 1482 1508 proprius
1500 1472 1594 1505 fuerit,
1609 1473 1648 1500 uti
1663 1478 1691 1500 et
1705 1473 1765 1507 ipsa
1792 1474 1838 1501 illa

214 1516 320 1547 partem
337 1511 538 1539 dissertationis
553 1510 647 1545 prima:
660 1515 686 1538 et
701 1511 734 1538 ad
751 1511 897 1538 secundant
914 1511 996 1538 etiam
1013 1522 1035 1553 ε
1051 1519 1179 1546 vocabula
1195 1518 1311 1546 Arabica
1331 1526 1363 1545 εχ
1386 1519 1491 1554 origine
1519 1523 1661 1553 putamur,
1688 1519 1838 1546 dicendum

215 1557 384 1585 extenditur.
411 1558 508 1585 Earum
529 1558 621 1585 Indica
649 1558 779 1585 vocabula
808 1566 869 1592 quae
886 1557 997 1590 fuerint,

217 1605 372 1636 nescimus;
393 1612 510 1639 quorum
537 1609 627 1632 tamen
650 1609 680 1631 ut
697 1604 867 1639 propriorum
886 1604 997 1631 retineri

216 1659 302 1679 sonus
323 1655 351 1678 et
367 1651 482 1677 aliarum
497 1650 597 1678 litteris
617 1650 732 1685 exprimi
749 1650 880 1677 debuerat
894 1650 1000 1686 lingua-

216 1705 288 1724 rum.
310 1697 348 1724 Δρ
364 1705 398 1724 ne
416 1697 462 1724 illa
486 1696 596 1731 quidem
621 1700 809 1723 memorantur
824 1703 883 1731 qua:
908 1697 934 1723 in
950 1704 999 1723 sua

216 1744 441 1779 interpretatione
449 1743 557 1771 Persica
569 1744 660 1779 posuit
669 1744 791 1771 medicus
801 1742 925 1771 Perzocs.
939 1742 998 1770 Pri-

216 1797 277 1816 mus
291 1789 390 1822 Arabs,
412 1789 459 1824 qui
475 1789 613 1816 secundus
628 1789 764 1823 interpres
781 1787 823 1824 [P.
837 1788 899 1824 390]
916 1789 1000 1816 fuisse

217 1835 333 1868 dicitur;
351 1843 405 1862 non
423 1835 510 1862 solum
530 1834 598 1862 duos
616 1834 682 1861 istos
699 1834 907 1861 interlocutores
931 1835 998 1861 Ara-

217 1881 284 1908 bicis
301 1888 333 1908 ex
350 1880 455 1915 origine
470 1879 583 1907 vocibus
607 1879 759 1914 indigitavit
784 1879 859 1906 hisce
873 1879 956 1914 Cylile
972 1884 999 1906 et

217 1925 323 1957 Dimne,
342 1932 437 1952 verum
465 1924 545 1951 etiam
563 1924 638 1959 operi
655 1924 811 1958 quindecim
830 1924 1000 1951 dissertatio-

216 1979 283 1998 num
298 1971 427 1998 universo
439 1970 549 1997 easdem
564 1977 612 2004 pro
627 1969 705 1996 titulo
721 1971 879 2004 praeposuit.
892 1969 920 1997 Id
933 1977 999 1996 con-

216 2021 270 2044 stat
294 2024 326 2043 ex
352 2015 584 2044 adinonitiuncula
612 2014 746 2042 Allatiano
767 2015 852 2042 codici
879 2014 997 2050 praeﬁxa,

215 2068 297 2095 quam
322 2061 367 2088 hic
391 2060 597 2088 describendam
615 2060 679 2086 duxi
694 2069 700 2086 :
718 2059 824 2086 Βιῦλιον
843 2060 1000 2094 φυσιολογι-

215 2108 262 2134 κὸν
279 2106 482 2142 μετακομισθὲν
503 2108 535 2132 ὲκ
558 2106 607 2141 τῆς
629 2105 723 2137 Ἰνδίας
738 2106 786 2132 καὶ
802 2106 878 2132 δοθὲν
893 2105 931 2141 τῷ
951 2107 999 2141 βα-

216 2153 286 2180 σιλεῖ
300 2153 409 2188 Χοσρόῃ
432 2153 459 2178 ὲν
475 2152 587 2187 Περσίδι
603 2152 679 2186 παρά
692 2160 762 2184 τινος
777 2152 896 2186 Περζωὲ·
915 2151 997 2186 σοφοῦ

215 2199 263 2225 καὶ
294 2198 386 2233 ἰατροῦ
414 2198 464 2232 τὴν
490 2198 599 2232 τέχνην,
623 2197 670 2224 καὶ
694 2197 857 2231 μετενεχθὲν
882 2198 921 2228 εἰς
949 2198 999 2233 τὴν
1015 2197 1038 2224 D

222 2244 346 2279 ’Δράὸων
372 2243 511 2278 γλῶσσαν,
535 2242 611 2277 παρὰ
637 2243 666 2269 δὲ
702 2241 815 2276 Συμεὼν
847 2242 998 2277 μαγίστρου

215 2291 261 2316 καὶ
276 2289 421 2324 φιλοσόφου
445 2289 492 2314 τοῦ
509 2289 562 2323 Σὴο
579 2289 618 2319 εἰς
633 2288 683 2323 τὴν
703 2288 842 2323 Ἑλλήνων
858 2288 999 2314 διάλεκτον

217 2335 399 2371 μεταϐληθὲν,
420 2334 586 2368 καλούμενον
605 2333 747 2368 Ἀραΰιστὶ
772 2334 822 2369 μὲν
836 2334 936 2361 Κυλιλε
952 2333 999 2360 καὶ

215 2382 310 2416 Διμνὲ,
336 2381 488 2416 Ἑλληνιστὶ
519 2381 546 2406 δὲ
566 2381 733 2416 Στεφανίιης
755 2383 802 2407 καὶ
831 2381 998 2416 Ὶχνηλάτης.

217 2428 294 2463 Ἔχει
308 2428 337 2454 δὲ
351 2426 453 2462 μύθους
477 2427 656 2461 παμπόλλους
672 2428 719 2453 καὶ
745 2428 827 2454 πᾶσιν
845 2427 998 2462 ἀνθρώποις

214 2474 381 2510 ὠφελίμους.
397 2473 459 2501 Haec
475 2473 510 2500 ibi
525 2481 532 2505 ;
552 2481 613 2508 qua:
637 2474 675 2501 sic
692 2473 787 2500 Latine
812 2479 929 2501 sonant:
953 2473 999 2500 Li-

215 2521 259 2548 ber
275 2520 466 2555 physiologica;
479 2519 581 2546 delatus
596 2527 628 2546 ea:
644 2519 724 2546 India
735 2525 757 2546 el
771 2520 847 2546 datus
867 2520 921 2555 regi
935 2519 999 2547 Cho-

215 2567 268 2593 sroi
286 2567 313 2593 in
330 2566 439 2593 Perside
453 2575 467 2592 a
483 2565 701 2600 quodamPerzoe
714 2565 831 2600 sapiente
844 2572 868 2592 et
885 2566 997 2597 medico,

215 2612 361 2639 translatus
392 2613 471 2639 etiam
499 2613 525 2638 in
548 2612 666 2638 Arabum
692 2612 821 2647 linguam,
840 2621 855 2638 (ι
871 2611 999 2647 Symeone

215 2666 273 2684 vero
286 2658 409 2693 magistro
420 2665 441 2684 et
455 2658 606 2692 philosopho
622 2658 801 2690 cognominata
816 2656 878 2683 Selii
893 2658 919 2683 in
930 2656 1000 2684 Cra:-

214 2712 303 2731 corum
319 2704 460 2731 dialeclunt
476 2712 621 2735 conversus,
648 2708 755 2730 uocatus
770 2703 881 2730 Arabiae
895 2703 999 2737 quidem

214 2751 297 2785 Cylile
307 2756 330 2778 et
341 2751 444 2783 Dimne,
458 2751 545 2779 Graue
553 2759 613 2777 vero
625 2750 789 2784 Stephanitcs
802 2753 825 2776 et
840 2748 998 2775 Iclmelates.

216 2797 302 2825 Habet
316 2805 403 2825 autent
416 2799 519 2834 fabulas
527 2798 671 2830 permultas
680 2802 704 2824 et
718 2796 837 2824 euntibus
851 2795 999 2823 hominibus

215 2844 389 2873 utiles.Vidco
400 2853 434 2873 ex
445 2846 487 2872 bis
501 2845 590 2874 verbis
603 2849 706 2872 restare
722 2844 833 2872 dubium
849 2842 998 2876 lectori,an

1050 1568 1092 1591 est
1106 1569 1133 1591 et
1148 1563 1239 1591 Indica
1252 1563 1399 1598 archetypa
1419 1569 1447 1590 et
1471 1563 1607 1590 Persicam
1620 1572 1635 1590 a
1647 1563 1750 1591 Perzoe
1766 1571 1838 1592 con-

1050 1611 1188 1637 cinnatam
1213 1610 1464 1645 interpretationem
1490 1609 1531 1636 vel
1555 1609 1676 1637 caruisse
1696 1610 1776 1637 titulo
1795 1611 1839 1638 vel

1049 1656 1128 1682 aliter
1150 1655 1282 1689 inscripta
1320 1655 1489 1690 apparuisse.
1518 1655 1596 1682 Unde
1623 1655 1713 1689 quivis
1740 1664 1839 1690 aequus

1050 1701 1218 1729 concesserit
1231 1701 1321 1734 nobis,
1336 1701 1382 1736 qui
1394 1709 1449 1728 non
1462 1701 1703 1736 interpretationes
1714 1701 1838 1729 Graecam

1050 1752 1098 1774 aut
1110 1747 1263 1779 Arabicam,
1278 1747 1325 1775 sed
1343 1755 1412 1782 opus
1427 1747 1516 1781 ipsum
1532 1752 1592 1774 ortu
1610 1748 1697 1782 primo
1710 1747 1837 1775 Indicum

1052 1793 1146 1820 Latine
1165 1793 1314 1825 reddimus,
1341 1799 1456 1820 necesse
1473 1800 1526 1820 non
1544 1792 1629 1820 fuisse
1645 1794 1768 1820 Arabica:
1791 1799 1841 1821 aut

1049 1837 1150 1866 Graecae
1166 1838 1393 1865 nomenclationis
1408 1838 1509 1866 habere
1526 1839 1671 1872 rationem,
1683 1841 1838 1874 pra‘sertim

1050 1891 1112 1911 cum
1126 1891 1156 1910 ea
1177 1883 1245 1918 parti
1265 1889 1368 1911 tantum
1387 1884 1489 1919 operis,
1503 1884 1555 1912 hoc
1571 1889 1613 1912 est
1634 1886 1740 1913 duabus
1764 1887 1837 1914 dun-

1051 1933 1124 1956 taxat
1134 1929 1381 1962 dissertationibus,
1393 1930 1548 1963 conveniat,
1558 1931 1657 1965 quibus
1668 1931 1801 1959 Coronati
1813 1939 1840 1960 et

1051 1975 1227 2011 Vestigatoris
1247 1975 1382 2010 colloquia
1405 1976 1564 2003 recitantur.
1586 1977 1704 2010 Quaesivi
1722 1986 1756 2005 ex
1775 1988 1835 2007 ma-

1050 2021 1140 2056 gistris
1167 2020 1288 2048 Arabicte
1309 2021 1406 2055 linguas
1424 2029 1459 2048 an
1482 2021 1566 2056 Cylile
1590 2027 1617 2050 et
1635 2023 1727 2051 Dimne
1742 2024 1840 2053 Graece

1051 2066 1213 2101 στεφανίτην
1236 2067 1283 2092 καὶ
1308 2067 1464 2102 ἱχνηλάτην,
1493 2067 1547 2095 hoc
1574 2074 1616 2095 est
1635 2068 1732 2096 Latine
1759 2079 1841 2098 coro-

1050 2118 1142 2140 natum
1162 2117 1189 2140 et
1203 2113 1387 2147 vesligalorcm
1404 2112 1599 2148 signiﬁcarent.
1623 2113 1840 2148 Responderunt

1050 2159 1077 2186 in
1096 2158 1178 2194 Cylile
1203 2158 1312 2192 quidem
1340 2165 1488 2192 agnoscere
1515 2166 1545 2186 se
1573 2159 1675 2194 aliquid
1702 2161 1776 2195 quod
1796 2171 1840 2189 co-

1052 2211 1123 2230 rona:
1150 2203 1289 2229 notionem
1314 2202 1446 2234 redoleat,
1466 2202 1492 2229 iu
1521 2202 1615 2229 Dimne
1629 2203 1696 2230 nihil
1715 2207 1840 2238 reperire

1051 2248 1122 2283 quod
1139 2249 1172 2275 ad
1189 2248 1297 2282 vestigii
1316 2247 1500 2282 signiﬁcatum
1528 2254 1631 2284 vergat.
1653 2249 1690 2275 Ex
1708 2258 1764 2284 quo
1782 2252 1840 2278 fur-

1051 2299 1123 2321 tasse
1142 2293 1276 2328 suspicari
1294 2294 1375 2321 liceat
1393 2294 1519 2320 mendum
1541 2295 1716 2329 exscriptoris
1740 2296 1767 2323 in
1784 2298 1839 2324 ista

1050 2341 1190 2376 peregrina
1211 2348 1276 2368 voce
1299 2341 1447 2372 reddenda,
1473 2340 1544 2368 sicut
1558 2341 1669 2368 omnino
1686 2343 1776 2370 inesse
1799 2346 1841 2371 vi-

1050 2389 1129 2416 detur
1144 2390 1170 2415 in
1184 2388 1314 2423 particula
1331 2388 1386 2419 καὶ,
1402 2393 1481 2421 prout
1499 2388 1543 2414 illa
1556 2396 1617 2415 cum
1634 2389 1756 2417 Arabicis
1768 2398 1822 2417 con

1048 2434 1172 2468 jungitur
1187 2434 1308 2464 vocibus.
1319 2425 1381 2460 dum
1391 2433 1484 2460 Graeca
1500 2434 1544 2460 sit.
1558 2433 1696 2462 Credibile
1706 2440 1747 2462 est
1761 2443 1838 2463 enim

1052 2479 1164 2514 Sethum
1189 2478 1352 2506 scribentem
1378 2478 1479 2506 Gi'zeeis
1513 2479 1716 2507 cltaracteribus
1738 2481 1838 2508 Arah-

1049 2531 1112 2550 cum
1129 2524 1237 2550 titulum
1254 2524 1353 2550 Κυλὶλε
1377 2532 1407 2550 ου
1426 2524 1509 2558 Διμνὲ
1534 2526 1674 2558 posuisse:
1702 2526 1765 2552 illud
1784 2535 1835 2553 auo

1051 2574 1105 2596 tem
1124 2578 1166 2601 ou,
1194 2577 1255 2603 qua:
1274 2569 1372 2602 copula
1390 2573 1432 2596 est
1448 2569 1594 2600 Arabibus.
1611 2570 1720 2597 Grtecus
1749 2571 1836 2598 libra-

1050 2615 1111 2642 rius
1130 2615 1158 2641 in
1176 2614 1222 2641 καί
1238 2615 1415 2642 converterit.
1430 2615 1522 2642 Refert
1535 2616 1708 2644 doctiSsimus
1721 2617 1834 2645 Allatius

1050 2661 1164 2687 diatriba
1190 2660 1224 2687 de
1253 2659 1417 2694 Symeonum
1439 2661 1547 2694 scriptis
1571 2669 1597 2696 p.
1624 2662 1674 2689 184
1700 2663 1834 2697 prodiisse

1051 2706 1173 2734 Fert-aria
1184 2714 1229 2734 an.
1250 2706 1319 2733 1584
1336 2708 1480 2741 quamdam
1497 2708 1579 2742 hujus
1595 2709 1686 2742 operis
1701 2708 1821 2742 interpre

1050 2752 1180 2779 tationem
1195 2751 1323 2787 ‘ltalicam
1351 2752 1443 2780 multis
1465 2752 1532 2780 locis
1560 2754 1691 2785 mutilam,
1708 2754 1734 2780 in
1755 2754 1835 2786 cujus

1050 2798 1160 2833 prologo
1171 2798 1274 2832 legatur
1284 2798 1358 2825 hunc
1373 2798 1470 2825 librum
1488 2807 1520 2826 ex
1536 2799 1626 2827 Indica
1644 2800 1669 2826 in
1683 2801 1833 2834 Agarenam

1050 2842 1169 2879 linguam
1189 2851 1203 2871 a
1224 2843 1290 2872 Lelo
1312 2844 1416 2872 Demno
1438 2844 1575 2873 Saracena
1601 2853 1707 2874 versum
1724 2844 1831 2879 fuisse;
