1931 3069
124 142 190 176 1037

802 145 920 176 GLOSS
930 147 1014 177 \RlU
1023 148 1059 178 Ni.

1674 149 1743 182 10.18

123 202 263 238 proprium
280 201 305 229 id
324 207 424 228 nomen
439 203 544 235 putem.
560 199 650 227 obstat
669 207 802 227 numerus
818 209 825 228 :
844 207 907 227 nam

976 211 1007 228 tta
1024 203 1095 237 loqui
1113 203 1165 229 ἀπὸ
1187 204 1288 234 κοιλῖα,
1309 205 1417 238 φωνεῖν,
1442 205 1618 238 ιιϊονριλῦἱιιιὶ,
1635 207 1746 242 opiuon

122 257 181 284 quae
200 247 271 275 ratio
289 247 392 282 patitur
407 250 437 273 ut
452 245 531 273 multi
547 245 659 272 nomine
673 253 728 272 uno
750 245 825 272 velut
843 253 904 279 pro-

124 295 180 329 prio
196 294 251 321 sint
268 292 310 320 usi
321 294 333 318 τ
345 299 379 318 an
402 291 547 326 peculiaris
570 291 692 326 quredam
709 291 904 317 monachorum

125 340 252 368 sodalitas
269 339 321 366 hoc
332 337 472 365 vocabulo
489 336 631 372 designata
650 341 701 368 est,
717 335 758 364 sic
774 335 842 362 lortc
858 343 908 369 ap-

125 387 287 422 pellatorum
305 391 320 412 a
342 384 435 411 colore
460 383 542 410 vestis
563 383 722 411 coccineum
748 381 909 417 prtelcrcute

127 434 285 469 quippiam?
311 432 341 460 Id
367 431 479 467 quidem
515 430 693 465 suspicabar;
724 433 751 456 ct
781 428 910 456 {nbit-bat

126 482 310 516 conjecturam
324 479 395 514 quod
411 478 505 506 statim
518 477 703 513 subiungitur,
719 476 843 504 fortassis
860 484 891 501 cx
903 490 910 496 -

129 529 255 563 positive,
269 528 316 554 καὶ
329 527 393 558 τοὺς
410 527 471 553 κατ’
483 526 598 559 ἐκεῖνον,
613 526 685 560 quod
700 525 763 552 licet
780 524 913 558 interpre-

130 574 180 602 tari
203 578 227 601 et
245 582 288 600 eos
309 573 352 608 qui
369 572 441 599 circa
472 571 560 603 illum,
581 577 680 604 nempe
708 570 912 604 ἰιιψειιιιιυῖινιη,

131 625 221 648 erant.
237 620 297 646 Non
316 619 410 654 paucis
430 619 512 653 huius
528 617 648 645 historim
665 617 742 648 locis,
759 617 910 650 prrcsertim

128 667 264 701 capitibus
279 666 296 692 2
309 670 337 692 et
353 665 385 692 l8
409 664 470 691 libri
486 672 523 695 iv,
541 663 620 690 video
636 662 748 690 indicari
765 661 911 696 Josephum

131 717 193 740 ante
221 711 434 747 patriarcbatum
461 710 551 737 adhuc
577 708 742 735 monachum
772 707 911 734 assiduum

129 759 213 786 luisse
222 758 293 793 apud
307 757 513 792 imperatorem,
528 756 662 790 adeoque,
673 753 754 790 574
763 753 836 789 quod
850 753 912 780 hinc

129 805 264 840 sequitur,
282 804 308 830 in
323 802 423 838 palatio
431 801 712 835 diversatum,utique
728 808 782 826 non
794 799 882 827 solum
906 807 912 824 τ

130 858 192 877 nam
207 854 234 877 et
254 849 291 876 illi
306 847 456 876 adhaesisse
472 846 513 874 sui
530 846 648 873 instituti
666 845 781 872 contites
797 852 912 880 pronum

130 902 173 924 est
184 895 302 927 creditu,
318 899 345 921 et
365 894 496 921 fratribus
512 897 559 919 aut
574 892 637 919 liliis
657 891 830 925 imperatoris
849 890 917 916 alios
935 880 954 906 li

133 943 282 970 monachos
294 940 410 969 similem
424 946 537 974 operam
560 945 676 965 navasse
691 945 743 963 non
760 943 802 963 est
817 936 918 962 iuveri-

135 988 237 1016 simile.
253 987 324 1019 Quid
339 986 363 1013 si
385 986 531 1021 opinemur
546 984 596 1012 hos
611 983 688 1018 quasi
708 983 845 1018 palatinos
859 990 918 1008 mo-

133 1035 246 1067 nacbos,
263 1034 346 1061 etiam
366 1038 395 1059 ut
420 1036 532 1059 exteros
547 1030 645 1058 domus
662 1029 741 1064 regite
759 1028 914 1059 ministros,

133 1082 249 1109 vestitus
261 1080 353 1115 aliquo
368 1082 532 1114 genere_aut
549 1076 641 1104 colore
656 1084 670 1102 a
695 1075 802 1102 caeteris
815 1074 920 1102 discre-

133 1133 186 1158 tos,
201 1128 319 1156 κόκκους
339 1125 477 1160 μοναχούς
493 1128 615 1156 vocatos,
639 1122 753 1149 forsitan
764 1120 836 1154 quod
855 1128 918 1146 coc-

135 1175 245 1200 t‘lllClllll
261 1172 364 1207 aliquid
388 1169 548 1206 gestarent?
561 1169 617 1204 Ego
637 1173 727 1196 tamen
744 1167 845 1202 ἐπέχω,
860 1167 919 1202 plus

137 1220 206 1246 lucis
222 1219 250 1245 in
266 1218 317 1245 hac
338 1217 454 1252 caligine
480 1216 617 1246 alicunde,
637 1215 659 1242 si
685 1214 754 1241 forte
779 1213 918 1247 aﬂ‘nlgcat,

135 1264 279 1300 opperiens
290 1263 338 1298 (l).

170 1311 299 1338 Κόλυϐα.
319 1309 350 1336 L.
367 1317 392 1336 vt
409 1308 502 1336 titulus
519 1316 544 1335 c.
561 1307 592 1334 12
622 1307 662 1334 sic
680 1306 778 1338 habet,
795 1306 835 1332 Τὰ
853 1314 921 1339 συμ-

135 1358 220 1384 6άντα
235 1357 391 1392 πατριὰρχῃ
410 1355 453 1381 διὰ
474 1354 522 1389 τὴν
547 1354 601 1380 τῶν
619 1353 740 1379 κολύῧων
756 1352 918 1384 ἀποστνιὶήν.

136 1405 286 1432 Vaticanus
299 1402 442 1436 κολύμϐων
451 1402 534 1436 legit;
548 1399 710 1435 quiquidem
722 1399 775 1426 hoc
790 1399 850 1426 loco
864 1406 920 1424 non

135 1449 296 1477 describens
309 1453 459 1479 auctorem,
472 1447 518 1473 srd
529 1453 605 1473 more
616 1453 667 1472 suo
677 1444 816 1472 liberrime
831 1452 921 1478 παρα-

137 1496 261 1531 φράζων,
273 1495 313 1522 sic
326 1494 420 1521 scribit
438 1503 445 1520 :
468 1493 512 1519 Ἐν
529 1493 584 1523 τοῖς
601 1491 775 1526 ἐκπώμασιν,
790 1487 846 1516 οἷον
867 1491 920 1516 τῶν

964 249 1080 276 formula
1108 257 1140 276 ex
1162 249 1193 276 iis
1213 249 1293 277 ducta
1320 257 1404 277 sacrae
1430 250 1578 285 Scriptura:
1594 253 1660 279 lm-is
1689 261 1747 287 qtae

965 294 1188 330 Pythonissarum
1216 296 1361 322 mulierum
1400 296 1632 331 ventriloquarum
1652 301 1748 325 momi-

966 345 1067 368 nerunt
1090 342 1151 368 Act.
1169 349 1224 374 xvr,
1243 341 1285 373 l6,
1301 347 1327 369 ct
1355 342 1363 368 l
1382 342 1446 376 llcg.
1466 351 1558 376 xxvul,
1583 344 1628 372 ubi
1651 353 1699 379 pro
1716 355 1747 372 .o

966 387 1039 421 quod
1059 387 1184 422 vulgatus
1200 388 1293 419 habet,
1313 397 1336 415 ν.
1353 389 1369 416 5
1387 398 1391 415 :
1408 388 1474 416 Sani
1488 391 1596 417 abstulit
1613 400 1703 426 magos
1725 398 1748 419 ιιι

966 433 1063 459 ariolos
1078 433 1109 459 de
1123 437 1204 466 let'ra,
1222 432 1292 460 LXX
1314 434 1407 468 legunt
1436 434 1558 469 Περιεῖ).ε
1585 437 1648 464 τοὺς
1667 438 1750 471 ἐγγα-

967 478 1143 513 στριμύοθυς,
1162 479 1266 506 sustulit
1284 480 1469 515 venlrtloquos.
1484 481 1562 508 Etilt.
1579 490 1604 509 ν.
1620 483 1646 513 7,
1665 483 1751 510 [Ιίέῖἰῖ-

966 533 1016 559 que
1031 524 1186 552 Snulscrvt‘s
1202 526 1257 552 ruis
1274 526 1412 558 :Quwrite
1424 527 1486 554 milii
1501 528 1634 555 mulierem
1651 529 1749 556 habt-n-

968 577 1019 598 tent
1040 571 1191 606 Pythonem.
1212 571 1292 604 LXX,
1306 573 1444 607 Ζητήσατέ
1471 582 1516 607 μοι
1540 576 1655 607 γυναῖκα
1669 577 1751 609 ἐγγαι

970 617 1127 653 στρίμυῠον.
1150 618 1269 653 Spiritus
1297 619 1383 646 malus
1409 620 1454 653 qui
1475 620 1578 654 Python
1603 623 1751 650 vocabatur

969 664 1173 690 nominetlucto
1189 672 1203 690 a
1221 663 1316 691 Gnaeo
1346 665 1427 692 verbo
1444 665 1574 692 πυθέσθαι
1603 675 1634 693 ex
1652 667 1754 693 πυνθά-

970 709 1073 736 νεσίδαι.
1090 710 1160 743 quod
1182 718 1311 744 respousa
1340 711 1444 742 cderct,
1472 711 1592 739 Hebro-is
1620 712 1679 739 loco
1709 714 1754 738 illo

969 764 993 783 c.
1010 763 1093 782 xxvttt
1125 756 1185 783 libri
1213 757 1222 783 l
1239 756 1372 783 Samuelis
1394 756 1474 791 575
1506 762 1616 784 vocatur
1628 764 1675 787 Dis
1692 758 1753 788 Ob;

971 810 1032 836 qua:
1053 810 1106 829 vox
1136 802 1198 829 libti
1221 800 1272 830 Joh
1289 810 1312 829 c.
1329 810 1416 835 xxxtt,
1431 803 1475 835 20,
1493 808 1581 830 utrem
1608 803 1753 838 signiﬁcat,

970 850 1032 884 quia
1048 849 1151 876 scilicet
1165 849 1271 876 damon
1289 848 1338 876 iste
1357 849 1493 876 insidebat
1523 854 1646 876 ventrem
1675 850 1753 876 fann-

970 895 1086 923 ticartnn
1107 896 1231 925 istarum,
1249 903 1282 922 ex
1297 902 1385 928 eoque
1403 895 1429 921 in
1443 895 1551 921 modum
1574 896 1644 922 utris
1660 894 1752 921 inliznn

970 949 1050 968 voces
1061 941 1213 971 emittebat,
1232 948 1300 975 quas
1313 940 1387 968 stulti
1407 941 1581 968 consulentes
1596 949 1645 976 pro
1655 949 1752 968 ornen-

970 987 1002 1014 lis
1020 986 1167 1014 habebant.
1198 987 1269 1014 Hinc
1297 995 1356 1021 qute
1372 986 1435 1020 quis
1460 987 1569 1021 proprio
1586 994 1668 1013 sensu
1694 987 1754 1013 sine

971 1034 1103 1068 majorum
1124 1033 1290 1060 auctoritate
1315 1032 1471 1065 aliirinnrct,
1494 1033 1547 1058 ἀπὸ
1572 1032 1675 1063 κοιλίας
1699 1042 1754 1067 ψυ-

970 1081 1024 1106 νείν
1038 1079 1194 1114 Pacbymcri
1208 1079 1315 1106 dicitur.

1006 1126 1115 1152 Κοινόν
1136 1134 1163 1160 p.
1178 1125 1240 1151 280.
1259 1125 1327 1151 Ὑπὸ
1346 1125 1420 1158 τόμῳ
1436 1123 1517 1158 κοινῷ
1532 1124 1666 1158 γεγονότι.
1681 1123 1751 1150 Cave

972 1177 1053 1206 putes
1076 1171 1157 1206 κοινῷ
1181 1171 1341 1206 adiunctum
1367 1170 1411 1197 hic
1431 1177 1493 1197 esse
1521 1170 1641 1197 nominis
1665 1169 1751 1204 vlup.

971 1219 1019 1245 Est
1046 1218 1118 1244 enim
1142 1217 1230 1243 κοινόν
1256 1221 1384 1244 neutrum
1408 1216 1623 1248 substantivum,
1651 1222 1751 1243 ρωιιειιι

972 1271 1145 1291 communem
1166 1268 1192 1289 rt
1214 1270 1314 1298 corpus
1341 1262 1499 1289 nnircrsmn
1523 1262 1754 1297 Constantinum“~

972 1310 1048 1337 litani
1065 1309 1129 1337 clcri
1146 1310 1172 1336 in
1189 1316 1272 1336 unum
1289 1313 1481 1343 congregatum
1512 1308 1677 1342 signiﬁcans,
1707 1315 1756 1333 no-

973 1357 1045 1384 tione
1058 1355 1179 1390 antiquis
1193 1355 1274 1381 etiam
1301 1354 1412 1381 usitata.
1427 1353 1497 1386 Quid
1513 1355 1548 1380 sit
1571 1358 1662 1380 autem
1681 1353 1755 1380 bum:

972 1407 1138 1430 conventum
1151 1402 1243 1428 haberi
1252 1401 1304 1427 ὑπὸ
1318 1400 1393 1435 τόμῳ
1404 1400 1452 1427 sub
1464 1404 1545 1431 torno,
1557 1400 1663 1427 dicetur
1673 1402 1755 1427 \‘crlo

971 1449 1067 1483 τόμος.
1083 1447 1148 1475 Vide
1163 1447 1242 1475 ctiam
1267 1447 1381 1474 verbum
1395 1446 1562 1482 ὑποψὴφιος.

1007 1494 1187 1526 Κοινωνικός
1203 1501 1229 1528 p.
1246 1493 1308 1520 578.
1329 1493 1493 1524 Κοινωνικὸς
1500 1492 1535 1538 ιξὲ
1549 1489 1619 1520 εἶναι
1642 1494 1674 1528 τῇ
1696 1493 1756 1519 Ἐκ.

137 1541 248 1577 χαλκῶν
267 1541 400 1573 πινάκων,
425 1539 452 1566 αἳ
469 1539 514 1565 τὸν
530 1538 610 1572 ὲφθὶν
627 1539 700 1564 σῖτον
715 1537 854 1572 φέρουσιν.
883 1536 918 1566 ὡς

975 1541 1083 1576 math
1101 1540 1147 1567 Sic
1161 1541 1276 1574 loquens
1299 1539 1404 1567 Veccus
1424 1547 1478 1566 non
1500 1536 1538 1566 ea
1566 1539 1757 1566 communione

137 1587 294 1624 (legendum
314 1591 380 1622 puto
396 1585 438 1618 ὃν)
456 1585 473 1619 ή
489 1584 607 1619 συνήθης
618 1584 725 1617 γλῶττα
743 1582 866 1617 κόλυμϐα
878 1582 922 1607 λέ-

138 1643 194 1669 γει.
213 1634 282 1661 lliuc
299 1633 432 1659 habemus
446 1630 528 1665 ἑφθὸν
549 1631 621 1656 σῖτον
637 1629 727 1663 lingua
746 1628 839 1656 Grteca
862 1629 922 1654 \nl-

138 1681 195 1717 gari
227 1678 353 1713 κόλυμϐι
380 1678 494 1705 dictum,
526 1675 579 1703 Sed
607 1675 698 1702 multis
726 1674 922 1710 experimentis

138 1732 278 1762 comperta
293 1725 361 1752 mihi
379 1724 461 1758 hujus
477 1722 662 1758 paraplirastm
675 1721 854 1756 indiligentia.
868 1727 922 1747 non

139 1774 208 1801 satis
221 1772 259 1800 illi
285 1772 370 1799 lidere
388 1777 512 1806 possunt,
534 1774 563 1795 ut
580 1767 702 1795 auctoris
730 1766 816 1801 ipsius
835 1765 922 1793 nostri

137 1819 247 1848 duobus
269 1816 473 1852 exemplaribus
500 1814 610 1850 optimis
631 1813 651 1839 Β
677 1818 704 1840 et
729 1814 750 1839 Α
782 1812 922 1848 probatam

138 1867 286 1894 lectionem
301 1864 382 1898 huius
395 1861 521 1890 vocabuli
536 1853 757 1895 non'prwl‘eram,
774 1864 922 1893 prmsert'm

138 1920 201 1940 eum
215 1911 241 1939 ei
255 1911 344 1946 palam
359 1908 524 1944 suﬂ‘ragetur
540 1907 648 1935 Suidas.
667 1906 739 1940 Lego
755 1905 837 1940 igitur
846 1903 924 1930 χοὶύ-

139 1959 208 1990 ὕων,
224 1964 280 1984 non
309 1954 465 1989 κολύμὸων,
481 1958 510 1980 et
531 1959 597 1980 voce
612 1951 714 1978 κόλυϐα
733 1950 866 1983 intelligo,
884 1949 923 1974 sic

137 2005 256 2032 docente
286 2001 381 2032 Suida,
401 2001 472 2026 σῖτον
490 1999 600 2033 ἑψητόν,
624 1999 784 2032 frumentum
811 2001 922 2021 coctmu.

140 2049 326 2084 Pacbymeres
342 2048 368 2075 in
384 2047 435 2074 hoc
452 2054 477 2073 c.
493 2047 566 2072 σῖτον
581 2044 664 2078 ἑφθόν
689 2047 778 2075 vocat,
795 2042 877 2073 idem,
896 2041 922 2067 ni

139 2096 231 2127 fallor,
241 2094 313 2130 quod
327 2093 431 2128 antiqui
446 2092 545 2119 molam
566 2091 709 2122 vocabant,
725 2089 806 2116 farris
826 2094 924 2120 nempe

140 2142 227 2170 moliti
252 2141 367 2168 farinam
386 2138 505 2173 inspergi
530 2136 628 2165 hostiis
643 2136 762 2163 solitam.
783 2133 925 2169 Signiﬁcat

139 2194 205 2222 ergo
217 2186 262 2212 hic
278 2185 353 2212 locus
366 2183 475 2211 solitum
495 2186 560 2209 tunc
580 2180 815 2214 Constantinopoli
839 2179 925 2205 luisse

138 2233 168 2260 iu
180 2233 250 2259 testo
268 2231 440 2267 llypapantes
463 2228 556 2256 olIeri-i
575 2227 740 2262 patriarchze
757 2226 845 2253 sacris
858 2232 923 2258 ope-
941 2223 962 2248 ι)

139 2278 211 2305 ranti
227 2278 335 2313 patinas
350 2277 446 2311 plenas
463 2275 517 2302 isto
546 2273 619 2301 farre
639 2276 721 2306 tosto,
738 2271 839 2306 quibus
861 2279 922 2297 cum

138 2325 210 2352 bene
234 2327 360 2358 precatus
383 2320 497 2349 solemni
516 2319 706 2348 benedictione
735 2317 832 2344 fuisset
853 2317 924 2343 anti-

138 2376 208 2402 stes,
224 2377 262 2398 ea:
278 2374 307 2395 ut
317 2375 394 2395 sacra
406 2367 576 2402 apophoreta
593 2364 836 2392 distribuebantur
853 2371 923 2397 prae-

138 2416 277 2447 sentibus,
293 2420 319 2442 et
335 2421 389 2441 una
404 2419 499 2440 earum
522 2411 682 2438 mittebatur
703 2409 737 2437 ad
759 2411 924 2445 Augustum,

138 2468 223 2498 quam
238 2466 298 2487 mos
315 2463 374 2486 erat
387 2458 412 2485 ei
426 2456 570 2492 prandenti
596 2454 691 2484 olIerri
708 2455 759 2482 sub
774 2453 925 2482 secundam

140 2497 267 2535 mensam
293 2504 365 2531 inter
393 2502 519 2530 bellaria.
537 2501 595 2528 Hoc
620 2503 720 2528 sonant
750 2499 809 2526 hazc
838 2497 925 2525 n05tri

140 2553 246 2583 verba:
260 2550 485 2586 '0v(patinarum
500 2549 628 2576 nimirum
641 2554 735 2574 earum
751 2554 818 2582 quas
831 2546 924 2572 ἐκπω-

143 2600 239 2636 μάτων
254 2596 385 2627 πλατείας
412 2594 500 2628 vocat)
515 2594 553 2625 ὡς
570 2593 681 2628 ἀπαρχὴ
697 2601 739 2623 τις
755 2593 771 2627 ἡ
792 2591 925 2625 κρείττων

139 2645 182 2680 τῷ
197 2644 301 2680 βασιλεί
317 2642 472 2677 προσήγετο
480 2639 645 2674 ὲπιδόρπιος.
663 2637 729 2665 Vide
741 2645 800 2672 qua:
808 2638 926 2664 dicimus

140 2692 227 2721 verbo
242 2691 365 2716 πλατεῖαι
380 2686 564 2721 ἐκπωμάτων.

178 2737 222 2773 [P.
238 2734 302 2771 395]
325 2734 397 2761 Ἀπὸ
428 2733 544 2764 κοιλίας
561 2731 673 2766 φωνεῖν
691 2739 716 2765 p.
747 2731 809 2757 579.
843 2729 926 2755 Vocat

141 2782 253 2818 propria
269 2779 434 2807 auctoritate
449 2777 508 2804 sine
523 2777 621 2803 idoneo
639 2776 797 2803 testimonio
809 2775 834 2800 in
844 2782 926 2801 causa

176 2873 215 2909 (1)
229 2871 273 2900 Cl”.
288 2870 412 2897 Giessar.
428 2869 506 2897 alter.
520 2877 535 2896 v
561 2868 670 2895 Κόκκυι.

973 1595 1003 1615 se
1019 1587 1196 1622 coniunctum
1225 1585 1354 1613 Ecclesia:
1378 1585 1454 1619 dicit,
1468 1593 1521 1620 qua
1536 1585 1649 1620 quilibet
1676 1585 1756 1612 Clui-

974 1634 1090 1665 stianus,
1116 1633 1196 1660 etiam
1225 1632 1320 1664 laicus,
1340 1631 1363 1658 ci
1390 1632 1521 1664 adhaeret,
1542 1633 1590 1660 sed
1608 1632 1658 1659 alia
1675 1640 1754 1666 pecu-

975 1677 1045 1709 liari,
1061 1677 1242 1710 ascriptorum
1254 1675 1327 1702 clero
1342 1676 1463 1711 propria,
1477 1681 1505 1703 et
1519 1677 1698 1711 proventibus
1711 1685 1757 1703 ec-

974 1721 1135 1749 clesiaslicis
1154 1729 1187 1748 eo
1216 1721 1327 1749 nomine
1348 1722 1579 1757 participantium.
1596 1722 1656 1755 Quo
1672 1728 1756 1757 perti-

975 1774 1041 1796 nent
1060 1769 1200 1802 superiora
1214 1767 1256 1794 bis
1271 1768 1396 1803 contigua
1416 1768 1537 1803 ejusdem
1562 1768 1642 1796 Vecci
1657 1769 1737 1796 verba
1751 1778 1756 1794 :

976 1815 1060 1846 Αὐτὸς
1076 1815 1130 1850 γὰρ
1147 1815 1255 1850 ἕτοιμος
1267 1812 1337 1841 εἶναι
1355 1814 1402 1841 καὶ
1413 1815 1539 1849 ὀφφίκιον
1551 1814 1698 1842 ἀποθέσθαι
1710 1819 1757 1841 καὶ

976 1861 1067 1886 πᾶσαν
1083 1860 1193 1893 ἀφεῖναι
1216 1860 1265 1894 τὴν
1287 1860 1355 1894 πρὸς
1372 1860 1453 1887 αὐτὸν
1472 1860 1613 1895 πρόσοδον.
1643 1860 1758 1888 Videtur

975 1906 1078 1941 aliquid
1097 1907 1176 1933 hodie
1203 1906 1291 1934 simile
1316 1907 1344 1933 in
1362 1914 1412 1933 usu
1445 1907 1527 1934 curia:
1547 1907 1688 1937 Romanze,
1711 1907 1758 1934 ubi

975 1952 1073 1980 notarii
1101 1954 1210 1988 quidam
1227 1953 1369 1988 apostolici
1397 1953 1587 1988 participttnlca
1617 1953 1756 1985 dicuntur.

975 2006 1037 2033 quae
1067 2006 1118 2025 vox
1148 2001 1314 2030 κοινωνικοῐς
1336 2000 1493 2033 respondet,
1519 2000 1552 2026 ad
1576 1999 1757 2027 dilTerentiam

975 2044 1101 2072 aliorum.

1013 2091 1240 2122 Κονοσταῦλος.
1258 2091 1303 2117 Sic
1325 2091 1418 2118 scribit
1443 2091 1543 2125 passim
1572 2092 1623 2118 hoc
1640 2091 1758 2117 vocabu-

977 2138 1032 2164 lum
1062 2137 1254 2172 Pacltytiicres.
1287 2138 1551 2171 pronuntiationem,
1583 2142 1610 2163 ut
1635 2142 1758 2171 apparet,

977 2183 1158 2213 Francorum.
1176 2193 1188 2209 a
1204 2183 1306 2217 quibus
1323 2183 1348 2209 id
1374 2191 1472 2209 nomen
1491 2182 1576 2209 Cra-ci
1604 2190 1756 2216 sumpsere.

978 2228 1091 2262 propius
1108 2232 1268 2254 asseclatns.
1286 2227 1324 2253 Illi
1340 2227 1413 2253 enim
1428 2226 1574 2253 (cumatile
1589 2226 1658 2253 hanc
1671 2226 1760 2261 iligni—

979 2279 1060 2301 tatem
1078 2278 1186 2300 vocant.
1206 2273 1298 2305 Etsic,
1312 2278 1341 2299 ut
1356 2278 1397 2300 cst
1414 2273 1554 2304 credibile,
1573 2277 1639 2300 tunc
1651 2280 1759 2306 quoque

978 2328 1025 2354 per
1040 2319 1190 2350 Orientem,
1207 2319 1252 2346 ubi
1267 2319 1343 2345 multi
1365 2319 1554 2350 versabantur.
1573 2317 1757 2353 proferebant.

978 2365 1034 2392 lloe
1048 2365 1250 2392 admonendum
1265 2365 1364 2396 visunt,
1380 2364 1508 2398 quoniam
1518 2364 1563 2390 alii
1580 2364 1659 2399 longe
1680 2364 1758 2391 aliter

978 2411 1004 2437 ili
1016 2419 1116 2438 nomen
1135 2411 1263 2442 elicrunt,
1281 2417 1308 2437 ct
1321 2418 1355 2437 ne
1368 2410 1428 2444 quis
1439 2417 1481 2436 me
1494 2409 1520 2435 in
1539 2409 1664 2436 versione
1675 2417 1744 2436 cono
1754 2423 1760 2428 -

977 2457 1095 2484 staulum
1111 2457 1223 2485 reddere
1240 2457 1363 2483 miretur.

1013 2502 1127 2534 Κόντος
1145 2510 1171 2536 p.
1190 2501 1250 2528 l8l.
1277 2500 1377 2528 Vocem
1406 2500 1522 2531 comitis,
1549 2504 1579 2526 ut
1599 2499 1757 2534 dignitatern

979 2552 1065 2578 natat.
1095 2547 1275 2582 scriptoribus
1292 2546 1393 2573 citimae
1411 2546 1553 2574 vetustatis
1576 2546 1679 2577 tritam,
1708 2545 1760 2572 Pa-

977 2595 1120 2627 cltymercs
1138 2591 1181 2618 hic
1196 2591 1337 2626 exprimit,
1353 2595 1433 2626 prout
1448 2590 1528 2626 vulgo
1544 2590 1714 2625 pronuntiari
1727 2592 1761 2617 ab

980 2638 1053 2665 Italis
1069 2637 1183 2669 soltbat,
1210 2642 1296 2667 conto,
1320 2642 1367 2664 aut
1387 2642 1416 2664 ut
1431 2636 1544 2664 eﬂertur
1560 2636 1641 2663 hodie
1663 2641 1735 2663 contr
1750 2644 1761 2669 ε

977 2685 1049 2720 quod
1065 2686 1159 2712 (ἱνα-ω
1181 2685 1272 2710 κόντον
1289 2683 1377 2711 reddit
1397 2689 1424 2710 et
1438 2691 1487 2711 nos
1507 2687 1612 2709 contum
1624 2683 1761 2716 expreSsi-

978 2738 1049 2757 mus.
1067 2729 1133 2757 lieni
1152 2735 1241 2756 autem
1257 2730 1342 2764 ipsum
1368 2730 1439 2764 quod
1458 2730 1565 2760 attinet,
1592 2728 1642 2754 etsi
1658 2727 1760 2762 Pachy-

980 2783 1067 2803 mcrcs
1082 2776 1182 2810 pas-im
1200 2776 1318 2809 iniquior
1330 2776 1432 2802 Latinis
1448 2779 1550 2803 rentum
1566 2775 1649 2807 hunc,
1660 2773 1761 2808 dequo
