1931 3069
169 127 238 162 tina

628 127 657 159 Ρ.
680 127 832 158 POSSlNl
853 127 1184 159 OBSERVATIONUM
1205 130 1278 159 Llll,
1304 129 1327 159 l.

1726 127 1794 160 1010

169 191 234 222 agit,
251 184 396 212 ambitioso
414 189 561 211 vocatuma
576 183 632 210 suis
641 183 725 215 dicat,
740 183 815 217 quasi
828 182 953 217 ampliori
969 185 991 212 A
1005 183 1095 211 facere
1113 194 1120 212 ί
1138 184 1238 220 alioqui
1255 192 1304 211 nec
1319 183 1458 210 sultanem
1479 183 1601 210 Persidis
1624 190 1673 210 nec
1698 182 1794 209 Canini

169 231 303 260 Vocabulo
319 238 400 266 quam
427 230 524 257 modus
558 229 618 264 ejus
642 229 800 256 domestica:
816 228 955 263 dignitatis

170 278 267 308 l'erret,
283 280 374 304 tamen
407 282 469 302 cum
488 274 562 300 hunc
588 272 761 300 Genuensem
785 273 954 299 nominatum

168 324 240 351 dicat
254 321 410 353 Vintimt'lia,
428 320 520 347 audivi
535 327 566 347 ex
591 319 624 346 iis
644 318 691 353 qui
711 318 888 353 antiquitates
902 317 955 345 Gc-

171 369 316 397 nuensium
334 371 494 403 perspectas
520 366 633 398 habent,
657 373 750 392 revera
768 364 877 392 comitis
904 372 955 391 no-

171 424 233 444 men
257 416 301 442 isti
324 413 433 442 familize
459 420 491 440 ex
516 411 703 439 vetustissimo
729 416 850 445 tempore
873 410 954 438 tribui

168 461 355 489 consuevisse.
380 459 412 495 [i’
431 458 495 494 596]
513 457 613 485 Verum
627 457 741 484 fortasse
752 456 881 483 Nostrum
895 464 954 482 mo-

169 509 217 541 vit,
236 513 264 535 ut
281 509 359 534 istam
372 505 454 533 nimis
467 504 640 539 splendidam
656 503 724 530 civis
739 502 893 529 Gcnuensis
905 510 954 536 ap-

168 555 343 590 pellationem
359 556 478 588 putaret,
495 551 566 586 quod
592 550 703 577 maximi
730 553 796 575 tunc
818 548 955 583 principes

168 609 201 629 ea
228 600 356 627 honorari
380 599 447 625 satis
466 597 610 624 haberent.
639 595 699 628 Quo
727 594 856 629 pertinet,
883 594 955 628 quod

167 646 293 682 ejusdem
321 644 382 671 libri
406 651 429 671 e.
449 643 476 675 8,
486 641 589 673 scribit,
607 641 641 668 de
666 640 764 666 Carolo
785 646 868 674 agens
894 645 956 672 rege

169 694 268 721 Sicilia:
287 701 293 719 :
310 691 425 725 ἀδελφὸν
445 689 528 726 ρηγὸς
554 689 608 714 τῶν
621 686 815 722 Φραντζίσκων
830 685 894 711 ὄντα
910 685 955 711 καὶ

168 741 206 771 εἰς
218 740 328 769 κόντους
350 736 517 770 τεταγμένον
537 734 582 760 τὴν
604 733 754 768 Κὰρωυλον.
783 732 898 758 Carolus
913 731 954 757 ni-

168 783 376 816 mirum,l‘rater
395 781 424 809 8.
438 779 567 807 Ludovici
586 779 657 813 regis
682 777 859 807 Francorum,
875 776 957 811 576

167 829 277 865 quando
304 832 415 855 voratus
433 831 474 853 cst
499 825 533 852 ad
558 832 670 859 regnum
698 823 905 858 Neapolitanum
927 827 955 848 et

168 858 302 905 Siculum,
330 879 423 899 comes
451 874 511 897 erat
537 868 697 899 Provinciae,
730 867 801 894 uttdc
825 872 898 893 conte
920 858 992 892 abB

168 920 243 948 Italis
258 925 324 947 tunc
348 917 507 944 vocabatur.
527 914 587 947 Quo
604 914 685 941 etiam
701 916 850 939 contentus
875 911 954 938 titulo

169 972 234 994 tunc
257 970 326 995 erat.
355 964 482 998 princeps
504 962 567 988 licet
584 960 611 987 in
638 959 733 994 paucis
758 959 904 993 opulentus
927 961 955 984 et

170 1017 336 1049 prapotens.
363 1012 477 1046 dynasta
495 1008 649 1036 Sahandiat.
664 1008 882 1038 Cantacnzenus,
899 1005 917 1031 l.
933 1012 952 1037 1,

168 1069 194 1087 c.
211 1060 255 1092 40,
270 1066 297 1094 p.
324 1058 376 1084 120
395 1057 438 1084 ed.
457 1056 535 1091 Reg;
556 1054 702 1080 Ἐπύθοντο
723 1053 760 1084 ὡς
779 1052 825 1078 τοῦ
840 1053 888 1086 τῆς
904 1052 956 1078 Σα-

169 1106 266 1136 (iutilia;
281 1106 419 1140 ipxovsog,
438 1102 467 1128 ὃν
485 1103 577 1127 κόντον
595 1101 612 1135 ἡ
630 1099 752 1126 Λατίνων
775 1098 887 1132 γλῶσσα.
903 1106 954 1124 κα-

167 1154 219 1184 λεῖ,
234 1156 287 1178 etc.

205 1196 429 1225 ιίοντοσλιὲλιον
458 1203 485 1229 p.
514 1193 576 1220 565.
607 1192 724 1227 Reperio
749 1191 820 1225 apud
843 1190 952 1226 Petrum

168 1246 285 1281 Gyllium
302 1244 330 1270 in
341 1242 438 1277 Topog.
451 1241 508 1268 urb.
526 1240 667 1267 Constant.
685 1238 704 1264 l.
722 1247 741 1270 I,
757 1245 781 1265 (τ.
813 1237 859 1268 90,
875 1244 953 1263 tuen-

170 1290 272 1317 tionem
301 1292 385 1323 portaz
399 1285 582 1316 Condescalaa,
601 1291 661 1317 qtne
676 1283 769 1310 Graece
801 1282 954 1309 Κοντόσκε-

169 1335 277 1366 ).ο;ι1101
297 1332 395 1368 potuit.
412 1331 493 1358 Forte
511 1331 549 1356 illi
566 1330 686 1356 vicinum
710 1333 737 1355 et
752 1336 785 1355 Cl
801 1336 833 1355 ea
851 1335 952 1355 nomen

169 1382 273 1408 ducens
284 1378 377 1405 navale
390 1378 454 1405 olint
464 1376 535 1403 istud
551 1375 602 1402 fuit
615 1374 816 1401 Cantoscelium
838 1374 953 1404 dictum,

169 1425 241 1458 quod
273 1429 337 1450 tunc
368 1423 488 1449 dirutum
505 1420 670 1448 rea‘diﬁcare
699 1419 818 1447 voluisse
841 1418 954 1446 Michael

169 1475 309 1507 Augustus
325 1470 368 1496 hic
380 1469 489 1496 dicitur.

207 1520 255 1550 K0;
268 1517 417 1548 (“010256119
431 1523 458 1549 p.
480 1514 541 1541 4'50.
561 1513 679 1540 Pronum
697 1512 835 1546 suspicata
849 1511 954 1538 estlin-

170 1572 222 1599 gna
252 1563 385 1598 Mysorum
414 1559 575 1588 cordocuba:
601 1558 763 1586 vocabulum
801 1557 903 1592 aliquid
922 1565 955 1584 ex

170 1610 253 1636 oleris
268 1608 381 1635 notione
398 1606 518 1638 duxisse,
545 1609 725 1640 propagatum
754 1604 823 1631 forte
845 1613 876 1631 ex
890 1613 956 1639 qua-

171 1657 233 1683 dam
249 1654 426 1688 corruptione
438 1652 540 1680 61111οω
554 1652 629 1679 vocis
640 1652 768 1686 κόρχορος
786 1651 955 1678 notissimam

171 1700 339 1736 designantis
354 1699 436 1726 oleris
451 1698 582 1733 speciem,
599 1701 627 1724 et
645 1697 747 1732 vulgari
769 1696 835 1724 olitn
861 1697 957 1731 adagio

172 1747 314 1774 Celebrate
328 1753 335 1771 :
349 1744 403 1771 Καὶ
419 1745 548 1778 κάρχορος
557 1743 584 1769 ἐν
603 1742 740 1777 λαχάνοις.

207 1791 393 1826 Ιίορτινὰριοι
409 1798 435 1825 p.
447 1790 509 1816 52!.
522 1789 646 1822 Quatuor
660 1797 759 1824 genera
774 1789 955 1824 palatinorum

173 1839 361 1866 ministrorum
377 1837 509 1871 gradatim
526 1836 657 1871 dignitate
672 1836 824 1863 crescentia
850 1843 955 1862 mentu-

174 1891 224 1918 tat,
244 1884 416 1911 Bardariotas
438 1883 500 1910 ostii
515 1882 642 1910 custodes
658 1882 744 1909 instar
759 1882 955 1912 Helvetiorum,

173 1931 349 1963 eortinarios,
372 1929 560 1957 cubicularios
578 1934 606 1955 et
623 1928 840 1955 admissionales.
868 1928 956 1954 Corti-

173 1977 243 2004 narii
260 1978 346 2004 tuisse
363 1975 390 2002 in
407 1975 496 2002 aulico
511 1975 639 2002 satellitio
657 1974 675 2000 ii
693 1974 954 2008 videntur,qnorum

173 2028 231 2049 erat
244 2029 344 2048 munus
358 2021 392 2047 ad
406 2020 552 2053 cortinam,
567 2023 644 2046 extra
660 2019 749 2045 velum
764 2019 901 2049 intimum.
930 2018 954 2043 la

173 2068 296 2094 l’orticra
310 2065 428 2093 cubiculi
447 2065 525 2100 regii,
544 2063 694 2098 praestolari
716 2064 822 2091 subitos
835 2068 916 2090 nutus
931 2067 957 2090 et

173 2115 285 2141 lortuita
298 2112 410 2147 imperia
425 2111 567 2146 principis,
589 2114 616 2136 et
644 2110 859 2137 adtnissionibus
873 2110 956 2136 mini-

171 2167 267 2188 stt'ut'e.

1009 235 1056 257 aut
1070 230 1173 257 Canem
1202 230 1391 257 Tocharorum
1416 236 1468 255 nec
1495 228 1572 263 Mepc
1587 228 1681 255 Iberia:
1702 227 1795 254 dicere

1008 276 1182 307 deberemus,
1195 276 1242 302 sed
1258 275 1329 310 regis
1345 282 1445 302 nomen
1472 281 1522 308 pro
1536 274 1596 301 istis
1621 273 1733 300 vocibus
1747 281 1795 307 po-

1008 330 1084 355 nere,
1098 322 1170 356 quod
1183 330 1263 349 nemo
1275 321 1444 356 probaverit.

1044 368 1198 401 Λαμπῑναι
1224 375 1252 403 p.
1275 367 1336 394 156.
1360 368 1404 394 Ἐν
1435 367 1595 401 λαμπῖναις.
1623 367 1659 394 Ita
1680 371 1795 400 uterque

1008 414 1070 440 rod.
1087 413 1108 439 B
1122 419 1151 441 et
1167 414 1188 440 Α
1209 422 1216 440 :
1230 421 1292 440 nam
1314 413 1373 440 Vat.
1385 414 1444 440 hazc
1455 413 1566 440 omittit.
1579 413 1707 448 Λαμπινη
1728 412 1793 446 quid

1008 459 1055 490 sit,
1076 467 1130 486 non
1147 460 1264 494 reperio.
1277 459 1411 487 Nimirum
1430 459 1475 496 I_P.
1488 458 1552 494 597]
1569 467 1599 485 ex
1613 466 1663 485 usu
1679 458 1794 484 fortasse

1009 506 1107 541 linguae
1118 506 1236 541 vulgaris
1255 505 1417 541 Pachymcri
1445 505 1614 540 obrepserit,
1632 510 1661 531 ut
1684 513 1692 530 t
1711 512 1761 539 pro
1777 513 1793 538 η

1008 553 1034 579 111
1048 552 1099 579 hoc
1117 552 1249 579 vocabulo
1263 557 1376 587 poneret
1391 560 1397 577 :
1415 559 1477 578 nam
1493 552 1623 585 ὶιιμπὴνη
1655 555 1718 578 nota
1737 550 1794 585 jam

1009 606 1058 625 vox
1076 603 1128 625 est.
1145 598 1295 633 Hesychius
1313 606 1320 624 :
1336 598 1473 633 Λαμπήνη
1492 595 1562 628 εἶδος
1578 597 1686 631 ἁμάξης
1703 597 1746 631 ἐφ’
1760 594 1795 631 ἧς

1006 644 1131 678 ὀχοῦνται
1145 643 1219 680 's'vtot,
1237 645 1339 677 ἀπήνη,
1358 644 1373 678 ἢ
1391 644 1468 678 appar
1484 644 1648 670 σκεπαστύν.
1663 642 1726 670 11ωο
1737 643 1794 674 illc,

1007 698 1159 723 congerens
1179 692 1263 716 multa
1280 697 1339 725 qua:
1354 690 1437 716 simul
1458 690 1590 724 integrant
1618 688 1693 715 vocis
1710 695 1794 723 quam

1007 736 1127 770 explicat
1140 736 1287 762 absolvunt
1307 735 1457 762 notionem.
1484 735 1515 761 Et
1530 742 1596 761 sane
1610 734 1701 760 omnia
1724 741 1795 768 qna-

1007 782 1086 808 drare
1109 782 1237 808 videntur
1250 782 1276 808 in
1295 782 1370 808 hunc
1386 781 1475 808 locum
1491 786 1519 808 et
1535 782 1560 807 in
1576 787 1666 808 mente
1675 781 1795 814 scripto-

1008 828 1044 854 ris
1065 826 1145 862 577
1166 827 1260 854 fuisse.
1290 827 1336 854 llla
1363 834 1445 861 porro
1473 827 1554 853 verba
1583 835 1589 852 :
1619 826 1712 852 Ταῦτα
1740 826 1796 860 γὰρ

1009 872 1078 908 ἦσαν
1095 876 1124 899 τὸ
1143 873 1235 905 πάλαι,
1254 873 1381 899 \itlentur
1399 872 1535 908 respicere
1563 873 1663 899 festum
1690 871 1797 898 Sceno-

1009 919 1094 954 pcgize
1120 924 1167 946 aut
1192 919 1445 946 Tabernaculorum
1467 927 1482 946 a
1507 918 1608 945 Juda-is
1629 916 1692 945 olim
1719 917 1797 944 cele-

1009 956 1080 992 brari
1090 965 1200 992 solitum
1214 965 1240 991 in
1259 965 1420 992 memoriam
1437 965 1498 992 vita:
1515 972 1529 991 11
1560 965 1682 999 patribus
1707 965 1735 990 in
1754 971 1796 990 ta-

1009 1011 1164 1038 bernaculis
1193 1015 1339 1038 transacta:
1368 1018 1417 1046 per
1450 1018 1537 1037 annos
1567 1010 1750 1045 quadraginta
1768 1011 1798 1036 in

1008 1059 1127 1086 deserto.
1147 1058 1204 1085 Etsi
1221 1063 1312 1085 autent
1329 1058 1469 1093 Scriptura
1490 1059 1534 1085 ubi
1545 1057 1596 1085 hoc
1612 1058 1709 1086 festum
1723 1065 1796 1092 prae-

1007 1106 1113 1138 scribit,
1128 1106 1284 1132 meminerit
1302 1110 1406 1132 tantum
1429 1105 1531 1132 diserte
1550 1105 1793 1132 tabernaculorum

1007 1156 1162 1179 erecturum
1177 1156 1252 1178 CXII?
1277 1152 1384 1181 domos,
1400 1150 1465 1178 satis
1481 1155 1571 1178 tamen
1598 1158 1714 1183 pretium
1729 1157 1793 1178 cre-

1008 1197 1067 1224 ditu
1083 1201 1126 1223 est
1140 1196 1260 1223 adhibita
1275 1196 1309 1223 ad
1321 1197 1394 1224 hunc
1414 1204 1494 1223 usum
1519 1196 1639 1230 plaustra
1659 1195 1744 1222 ratnis
1757 1197 1798 1222 γει

1008 1242 1133 1269 rentibus
1149 1249 1268 1276 superne
1291 1246 1371 1274 tecta,
1398 1246 1426 1268 et
1452 1246 1550 1269 cmtero
1577 1241 1722 1276 splendore
1746 1249 1796 1268 va-

1008 1289 1038 1316 rii
1085 1293 1198 1316 ornatus
1237 1288 1353 1323 agrestis
1386 1286 1541 1316 festivitatis
1580 1288 1677 1316 laetitiae
1719 1288 1795 1315 cele-

1008 1334 1119 1362 branda:
1150 1334 1365 1368 accommodata,
1398 1342 1458 1369 quae
1488 1334 1533 1361 hic
1567 1334 1663 1362 Noster
1689 1334 1796 1369 λαμπέ-

1008 1389 1056 1412 νας
1070 1384 1158 1408 vocat.

1045 1429 1240 1462 Λειτουργεῑν
1257 1435 1285 1462 p.
1314 1427 1376 1454 574,
1392 1427 1448 1454 lloc
1466 1427 1524 1454 luco
1541 1435 1583 1454 res
1601 1428 1657 1462 ipsa
1671 1427 1753 1462 exigit
1768 1432 1798 1454 ut

1007 1473 1038 1500 τὸ
1055 1473 1223 1507 λειτθυργεῖν
1240 1481 1294 1500 11011
1321 1474 1481 1508 simpliciter
1509 1479 1588 1501 sonet
1606 1473 1716 1500 missam
1737 1473 1797 1499 sive

973 1536 993 1564 Ο
1010 1527 1115 1546 sacram
1133 1520 1269 1554 litnrgiam
1290 1519 1441 1550 celebrare,
1463 1520 1511 1546 sed
1543 1520 1568 1546 id
1597 1519 1688 1546 facere
1712 1519 1795 1546 simul

1010 1573 1071 1591 cum
1090 1565 1203 1598 Latinis,
1221 1566 1254 1593 iis
1274 1574 1326 1592 una
1340 1565 1569 1592 communicando
1589 1574 1596 1598 ;
1619 1565 1644 1591 in
1669 1572 1725 1599 quo
1736 1569 1796 1591 erat

1009 1610 1060 1636 sita
1087 1609 1243 1637 scltistnatis
1273 1611 1398 1637 amotio:
1420 1618 1482 1637 nam
1513 1610 1678 1638 schismatici
1707 1610 1796 1638 ϐακε-1

1010 1656 1122 1682 Latinos
1137 1660 1165 1682 ut
1179 1657 1432 1683 excommunicatos
1456 1661 1484 1683 et
1509 1657 1650 1684 haereticos
1675 1657 1703 1683 111
1730 1666 1799 1684 con-

1009 1702 1124 1729 sortium
1141 1710 1280 1730 sacrorutn
1297 1703 1439 1730 admittere
1452 1704 1626 1730 recusabant.

1045 1747 1146 1778 Λέπας
1164 1756 1190 1783 p.
1205 1748 1267 1776 585.
1289 1749 1332 1780 Ὠς
1344 1749 1429 1780 λέπας
1445 1750 1558 1784 πέτρας.
1574 1749 1658 1777 Vetus
1682 1759 1796 1785 prover-

1009 1792 1083 1819 bium
1097 1800 1131 1820 ex
1147 1793 1333 1827 Aristophane
1347 1793 1374 1820 in
1391 1794 1481 1825 Pluto.
1499 1794 1545 1821 ubi
1562 1793 1738 1830 Cltremylum
1758 1796 1798 1822 sic

1010 1838 1166 1873 loquentctu
1185 1839 1248 1866 facit
1259 1840 1310 1866 sub
1321 1840 1401 1866 linem
1416 1848 1422 1866 :

1050 1897 1097 1929 Ὡς
1117 1897 1258 1929 εὐτόνως,
1273 1894 1296 1923 ὦ
1314 1896 1372 1923 Ζεῦ
1384 1897 1529 1929 βασιλεῦ,
1547 1898 1577 1924 τὸ
1593 1897 1718 1932 πιοᾲδιον

1045 1932 1161 1966 ’Ὠσπῳ
1180 1932 1278 1964 λέπας
1293 1932 1332 1964 τῷ
1343 1935 1487 1966 μειρακίῳ
1503 1934 1707 1966 προσίσχεται
1720 1941 1728 1949 ·

1009 1980 1041 2006 ad
1056 1987 1136 2013 quem
1153 1979 1242 2005 locum
1253 1978 1494 2006 sicadnotatvetus
1503 1979 1684 2006 scboliastes:
1703 1981 1798 2011 Λέπις

1008 2024 1282 2060 κογχύλιονὲφιζάνον
1294 2026 1354 2056 ταῖς
1370 2026 1494 2060 πέτραις,
1505 2025 1543 2051 ὅτ’
1559 2025 1654 2056 αὑταῖς
1672 2028 1800 2060 προσπή-

1009 2079 1116 2104 γνυται,
1144 2069 1378 2101 δυσαποσπάστως
1405 2070 1479 2106 ἔχων,
1513 2071 1621 2097 ἐπειδάν
1650 2080 1692 2102 τις
1712 2071 1798 2097 αὐτοῦ

1010 2115 1155 2151 βουληθείη
1179 2116 1282 2142 λαϐεῖν.
1306 2115 1411 2142 Similia
1429 2117 1500 2143 idetn
1528 2117 1608 2144 docet
1635 2117 1669 2143 ad
1687 2124 1797 2143 versum

1010 2162 1084 2188 hunc
1098 2161 1181 2188 alium
1204 2161 1326 2196 ejusdem
1348 2162 1540 2197 Aristophanis
1555 2163 1582 2189 in
1615 2162 1716 2196 Vespis,
1742 2171 1796 2189 non

207 2206 332 2241 Κορυρὼ
347 2214 372 2241 p.
394 2206 455 2233 508.
481 2205 530 2232 Est
545 2204 589 2231 hic
605 2204 723 2238 Κορυφώ
743 2204 880 2230 recentius
906 2211 955 2229 no-

1013 2207 1090 2242 101180
1109 2215 1124 2234 a
1133 2207 1269 2242 principio
1280 2217 1287 2234 :

171 2262 234 2281 men
255 2253 350 2280 insula:
376 2253 511 2285 Corcyrae,
544 2250 625 2277 hodie
653 2254 679 2276 et
704 2257 737 2277 ex
754 2249 857 2283 aliquoi.
883 2255 957 2276 retro

172 2300 279 2328 saeculis
292 2299 371 2333 vulgo
401 2298 481 2332 (ἑστία
499 2297 588 2327 dictae.
608 2296 680 2330 quod
710 2295 771 2322 ideo
794 2295 912 2322 retinere
929 2295 957 2321 in

172 2345 399 2381 interpretatimte
426 2343 518 2376 debui,
548 2342 772 2378 quandoquidem
801 2342 826 2368 id
862 2347 958 2368 auctor

172 2393 263 2421 sciens
273 2396 397 2427 usurpat.
420 2390 506 2417 veteri
525 2389 576 2416 sibi
595 2397 648 2416 non
673 2389 764 2424 ignoto
782 2387 953 2423 praeierens;

173 2438 210 2465 uti
224 2439 305 2465 etiam
317 2436 344 2463 in
360 2436 458 2469 Μορέῳ
478 2434 520 2460 vel
535 2433 638 2469 Μορέᾳ,
653 2439 701 2470 pro
716 2432 914 2466 Peloponneso,
931 2434 958 2456 et

172 2486 200 2512 in
210 2483 347 2512 similibus
364 2482 427 2509 feci.

207 2531 313 2565 Κρὰλις
349 2529 368 2556 l.
388 2538 414 2561 v,
434 2538 460 2555 c.
477 2528 503 2555 6.
530 2526 608 2562 Saepe
631 2526 755 2553 nominat
775 2523 957 2559 Pachymeres

172 2576 276 2611 Κραλιν
294 2574 426 2610 Σερϐίσιςς
458 2581 539 2608 qualn
565 2579 660 2599 vocem
678 2571 728 2598 etsi
745 2578 799 2597 non
827 2570 923 2605 ignoro
942 2577 957 2595 a

171 2622 335 2657 quibusdam
352 2628 401 2655 pro
411 2619 573 2654 appellativa
599 2617 684 2651 accipi
713 2616 893 2651 tequivalente
908 2623 957 2642 vo-

170 2667 267 2695 cabulo
279 2666 415 2701 βασιλεύς,
434 2671 524 2692 tamen
538 2671 599 2690 cum
614 2668 640 2690 et
661 2664 758 2689 Noster
783 2665 810 2688 et
822 2661 959 2688 Cantacu-

171 2722 255 2741 zcnus
284 2719 313 2740 et
348 2712 394 2740 alii
419 2720 478 2739 cant
510 2711 658 2742 retineant,
687 2717 738 2736 nec
767 2708 851 2735 verbo
881 2708 958 2742 βασι-

171 2761 232 2792 λεύς
246 2764 426 2792 commutent,
442 2766 496 2785 non
508 2763 549 2785 est
564 2756 635 2791 quod
652 2763 702 2783 nos
715 2755 872 2782 dubitemus
885 2754 955 2781 idctn

207 2850 244 2882 gl)
259 2848 288 2873 lli
318 2847 438 2874 Glossar.
454 2847 580 2875 alterunt.

1069 2265 1282 2305 _Hpoxaqso65t
1305 2265 1369 2299 πρῲ
1388 2266 1465 2305 miri,
1558 2301 1568 2305 _
1610 2302 1614 2305 _
1769 2268 1793 2305 ά

1045 2301 1162 2334 Ὥσπερ
1175 2301 1274 2333 λέπας
1289 2302 1516 2335 προσεχόμδτος
1532 2301 1571 2333 τῷ
1583 2302 1672 2328 κίονι.

1010 2346 1083 2373 Idem
1099 2346 1144 2372 alii
1160 2346 1309 2381 scriptores
1337 2348 1457 2374 tradunt.
1478 2347 1611 2381 Lepadem
1638 2347 1709 2374 hanc
1728 2355 1798 2375 con-

1008 2391 1087 2417 cham
1110 2390 1222 2418 Plautus
1244 2391 1341 2418 Latine
1351 2396 1496 2419 vocatnon
1514 2393 1610 2419 semel.
1638 2392 1743 2420 Plinius
1756 2399 1798 2420 ta-

1009 2441 1071 2461 men
1096 2435 1203 2461 videtur
1218 2435 1355 2462 buccinum
1368 2437 1516 2471 appellare.
1532 2436 1581 2464 Ubi
1605 2437 1680 2464 ettitn
1694 2437 1711 2464 l.
1740 2446 1796 2469 ιιι,

1009 2485 1033 2504 c.
1054 2477 1099 2510 56,
1122 2479 1259 2506 buccinum
1271 2480 1340 2506 dixit
1351 2488 1412 2508 esse
1428 2481 1554 2508 minorem
1574 2483 1701 2509 concitant
1715 2484 1751 2509 ad
1761 2484 1797 2509 si-

1010 2524 1183 2552 militudinem
1197 2525 1253 2560 ejus
1269 2526 1373 2554 [morini
1398 2536 1447 2562 qua
1468 2536 1546 2555 sonus
1560 2530 1658 2561 editur,
1677 2530 1745 2556 unde
1758 2534 1795 2556 cst

1009 2579 1089 2597 causa
1104 2572 1213 2603 nomini,
1230 2572 1311 2607 paulo
1324 2579 1385 2607 post
1406 2574 1482 2600 addit
1503 2583 1510 2601 :
1537 2575 1673 2601 butcittuttt
1693 2575 1795 2600 nonnisi

1008 2618 1087 2651 petris
1103 2618 1229 2649 adlta'ret,
1244 2619 1367 2653 circaque
1382 2621 1501 2654 scopulos
1513 2620 1608 2656 legitur
1625 2621 1674 2656 (l).

1046 2665 1221 2697 Μακαρίτης
1248 2672 1275 2699 p.
1296 2665 1359 2692 282.
1385 2666 1432 2692 Ἐκ
1448 2666 1588 2701 Γερμὰνου
1604 2667 1649 2693 τοῦ
1675 2668 1795 2702 μακαρί-

1010 2719 1068 2736 του.
1081 2711 1236 2746 Aliquando
1255 2712 1358 2739 credidi
1377 2713 1514 2748 designari
1536 2713 1587 2740 hoc
1604 2715 1664 2741 loco
1681 2714 1708 2740 S.
1727 2714 1794 2741 Ger-

1010 2763 1120 2783 manum
1135 2757 1164 2784 l’.
1174 2758 1205 2784 C.
1223 2759 1332 2793 scriptis
1347 2759 1461 2792 clarum,
1477 2760 1523 2795 qui
1535 2758 1635 2787 Christi
1651 2761 1795 2793 11111ιοῖ14,
