1931 3069
159 125 219 156 1011

849 124 987 155 GLOSSA
996 125 1060 154 RIU
1066 124 1103 157 Μ,

1714 122 1780 154 102

158 180 309 216 imperante
325 183 469 209 Anastasio
488 183 619 218 Augusto.
639 191 667 210 ex
689 184 822 220 Cyzicena
837 187 900 212 sedc
914 185 940 211 in
958 186 976 213 Α
991 181 1061 217 ἦσαν
1082 190 1089 208 :
1105 181 1334 209 Simililrrmtlrm
1352 186 1376 208 cl
1392 181 1618 208 anntutlmltlm
1637 185 1660 207 et
1687 182 1781 208 Meliti-

157 228 486 263 (Ionstantinopolitanam
505 235 547 256 est
565 231 722 257 translatus.
741 231 897 264 lmpcllebat
909 230 941 257 ad

159 274 197 301 sic
210 274 379 308 opinandum
393 275 496 301 mentio
512 276 682 310 antiquitatis
699 277 740 303 bis
758 277 809 303 hoc
821 277 882 303 loco
899 285 941 303 rc-

159 319 252 352 pctita,
265 319 343 353 quasi
354 319 479 347 indicans
490 319 655 348 Germanum
670 322 743 348 hunc
761 321 941 355 patriarcham

158 372 258 391 novum
280 372 312 393 cx
334 365 429 392 ultima
444 370 581 393 vetustate
600 367 723 401 exempla
753 373 781 394 ct
808 373 941 402 praecepta

159 411 336 439 cmendandm
352 412 481 440 Ecclesiae
494 412 557 440 inde
571 421 655 447 usque
665 414 699 440 ab
714 414 780 440 actis
794 418 819 440 et
833 414 942 448 scriptis

158 457 243 484 sancti
262 457 389 484 Germani
402 465 543 485 accersere
566 459 714 485 studuisse.
734 459 832 486 Verum
856 467 882 486 re
900 464 941 486 at-

160 503 261 530 tentius
282 505 454 531 considerata
478 505 648 538 probabilius
664 506 817 532 existimavi
832 507 872 540 agi
892 506 942 532 hoc

159 549 218 576 loco
233 549 266 575 de
291 549 427 576 Germano
449 550 528 585 longe
551 552 711 578 rccentioris
743 552 881 579 memoria:
896 560 939 585 pa-

160 595 286 628 triarcha,
300 597 378 630 cujus
388 601 502 623 mortem
515 602 541 624 ct
555 598 671 632 elogium
683 598 765 625 habes
776 598 857 633 578
871 598 940 632 apud

159 641 344 675 Acropolitam
362 643 389 668 in
412 642 527 677 imperio
541 642 654 671 Joannis
668 643 746 670 Ducas
761 643 876 670 Batatzae
891 644 942 670 sub

158 695 212 720 quo
227 687 319 714 ﬂoruit
339 689 458 724 ε’Έτυχε
485 690 535 724 μὲν
554 690 607 724 πρὸ
623 691 719 725 mugiat":
746 691 790 716 τὸν
810 691 942 725 πατριάρ-

159 741 210 767 χην
226 733 367 768 Γερμανὺν
380 736 413 762 τὰ
427 735 491 770 τῇδε
505 736 689 762 καταλιπόντα
704 736 771 770 πρὸς
792 736 840 767 τὰς
864 736 940 766 Oeta;

159 777 266 812 ἀπᾶραι
283 779 398 810 σκηνὰς,
419 779 510 811 καλῶς
525 781 571 806 καὶ
588 780 665 811 (icio);
680 780 816 814 βιώσαντα
829 781 876 807 καὶ
892 789 941 807 κα-

159 823 212 853 λῶς
241 822 290 857 τὴν
304 823 385 849 αὐταῦ
413 825 588 859 ποιμάναντα
614 826 741 860 πθίμνην.
774 825 819 853 Sic
842 825 940 862 Acrop,

161 876 188 903 ρ.
208 868 242 896 59
271 868 342 896 Hist.
358 869 394 898 Ut
414 871 487 898 hunc
516 872 607 906 potius
631 871 744 900 indicari
772 873 814 901 hic
841 880 943 909 putem,

159 915 255 943 suadet
272 923 322 943 vox
336 917 490 952 μακαρίτης
506 918 613 945 civilem
635 919 720 954 magis
744 921 820 955 quasi
848 929 944 956 quern-

159 961 232 992 dam,
248 969 280 988 ex
293 969 343 989 usu
359 962 529 995 Graecorum,
557 972 638 999 quam
670 965 839 1000 religiosum.
857 967 946 1001 qualis

161 1006 263 1033 sinetis
291 1007 325 1034 ab
350 1007 470 1035 Ecclesia
497 1008 643 1037 declaratis
665 1010 792 1042 debetur,
814 1011 943 1039 honorem

161 1052 315 1087 designans,
331 1052 363 1089 [P
374 1053 439 1089 398]
454 1059 584 1088 praaterea
598 1056 780 1085 recentiorem
800 1058 944 1091 quamdam

160 1097 352 1124 defunctorum
374 1099 533 1126 memoriam
558 1101 695 1128 indicans.
725 1101 783 1128 Non
803 1103 876 1129 enim
900 1103 944 1136 qui

160 1149 224 1170 autc
242 1143 326 1173 multa
343 1145 442 1172 sa-cula
457 1150 522 1173 sunt
536 1147 647 1179 mortui,
669 1155 730 1175 cum
756 1149 941 1180 nominantur,

163 1190 311 1223 μακαρῖται
329 1189 381 1216 dici
401 1190 501 1222 solent.
520 1192 566 1219 sed
591 1193 615 1218 οἰ
634 1193 799 1228 προσφάτως
816 1195 943 1228 τελευτή-

162 1242 268 1264 σαντες,
284 1242 353 1269 quos
364 1236 410 1270 qui
429 1236 547 1264 viderint
563 1238 653 1265 adhuc
678 1239 780 1266 vhant.
801 1240 846 1267 Sic
865 1241 946 1273 huius

164 1280 168 1304 |
184 1279 223 1306 bri
249 1288 275 1307 c.
297 1281 343 1312 25,
358 1281 463 1309 lrenem
477 1282 627 1317 Augustam
656 1284 768 1312 Joannis
786 1285 864 1312 nunc
883 1294 945 1313 uxo-

163 1334 230 1356 rem,
253 1334 312 1361 quae
330 1327 505 1355 commodum
531 1329 626 1356 eodem
644 1337 706 1356 cum
733 1331 786 1358 hoc
811 1331 945 1359 Germano

163 1372 268 1398 vixerat
286 1378 407 1408 tempore
425 1378 452 1401 et
464 1380 527 1402 ante
544 1375 632 1402 virum
660 1376 826 1410 decesserat,
855 1387 945 1412 μακα-

161 1417 249 1452 ρὶτιόα
268 1424 357 1446 vocat.
380 1419 458 1448 Nullo
473 1420 555 1456 igitur
578 1421 659 1449 modo
675 1423 730 1457 agit
759 1417 810 1450 hoc
824 1424 882 1450 loco
897 1425 944 1451 Pa-

161 1462 306 1498 chymcrcs
320 1465 353 1491 dc
366 1470 461 1492 sancto
474 1465 610 1493 Germano
634 1468 787 1502 patriarcha
808 1469 854 1496 illo
867 1474 929 1496 vctu
939 1482 946 1489 -

994 231 1063 257 (lem,
1090 236 1190 254 necnon
1220 227 1423 262 Antp/tieliJem,
1459 228 1502 260 qui
1530 226 1640 253 celebres
1674 227 1778 252 insanis:

994 275 1074 309 fuere.
1090 274 1141 301 Ubi
1163 273 1296 308 significat
1316 273 1365 300 ista
1385 273 1492 307 propria
1507 273 1590 299 fuisse
1605 273 1713 299 nomina
1737 273 1779 298 in-

995 327 1122 346 sanorum
1139 319 1332 354 quorumdam.
1348 327 1407 353 quae
1418 319 1515 345 deinde
1527 319 1553 346 in
1568 319 1698 346 similium
1713 319 1780 352 ipsis

994 364 1202 398 appellationem
1216 365 1344 392 translati
1361 364 1469 394 fuerint.
1481 369 1562 398 prout
1574 365 1607 391 de
1621 364 1710 391 Sanna
1731 373 1781 390 no-

995 411 1116 436 minatim
1129 410 1331 439 observaverat.
1342 410 1380 437 sic
1394 415 1472 436 antea
1482 410 1606 438 scribens
1618 419 1624 436 :
1634 410 1679 436 τὸν
1689 411 1781 445 μωρὸν

993 456 1104 490 οἴδαμεν
1120 456 1222 482 Σάνναν
1238 456 1378 482 καλεῖσθαι
1404 456 1441 487 ὡς
1455 457 1508 482 ἀπό
1524 465 1597 487 τινος
1610 457 1705 491 κυρίου
1720 457 1780 482 ὀνό-

996 511 1088 536 ματος.
1106 502 1221 529 Stultum
1243 503 1338 529 scimus
1354 502 1470 530 Sauriam
1492 504 1580 530 vacari
1610 508 1736 538 tanquam
1763 512 1779 529 η

993 549 1105 583 quodam
1132 549 1238 584 proprio
1277 550 1389 576 nomine.
1417 549 1502 582 Cujus
1531 549 1569 575 rei
1595 554 1691 576 testem
1717 550 1781 575 fat-it

993 594 1075 629 579
1085 594 1226 621 Cratinum
1245 596 1391 624 comicum,
1409 595 1443 621 ita
1454 596 1583 622 continue
1594 595 1760 628 subjungcns
1773 603 1778 621 :

995 641 1048 667 Καὶ
1070 640 1226 674 παράγεται
1252 642 1385 674 Κρατῖνος
1417 641 1557 673 mappas”
1585 640 1706 666 τοιοῦτον
1735 641 1780 666 τὸν

992 685 1148 720 Θέοδοτίδην
1164 686 1276 713 Σάνναν.
1297 686 1365 718 Quia
1382 694 1446 712 vero
1471 686 1628 712 Eustathius
1655 691 1780 712 constan-

995 736 1034 758 ter
1051 731 1120 758 hane
1135 739 1227 760 vocem
1248 739 1307 758 cum
1325 732 1425 766 duplici
1447 741 1464 765 μ
1487 732 1591 761 seribit,
1615 731 1684 758 forte
1699 731 1737 757 sic
1750 740 1779 757 ea

993 777 1063 811 apud
1078 777 1282 812 Pachymerem,
1299 778 1348 804 etsi
1363 778 1443 804 ambo
1469 777 1547 804 codd.
1566 777 1660 811 optimi
1679 777 1698 802 Β
1715 783 1743 804 et
1760 778 1780 802 Α

995 823 1167 850 concorditer
1183 832 1244 850 cuin
1258 824 1339 850 unico
1356 833 1375 857 μ
1386 824 1517 855 scribant,
1537 823 1708 850 emendanda
1722 823 1781 849 fue-

997 869 1040 895 rit.
1058 867 1204 895 Vaticanus
1225 869 1312 896 solitm
1331 869 1380 896 sibi
1398 868 1514 895 licentitp
1531 869 1555 894 in
1581 868 1632 895 hoc
1649 876 1704 902 pra:
1728 875 1781 894 ca:-

997 913 1062 940 teris
1073 914 1160 948 capite
1174 914 1327 949 indulgens,
1345 922 1406 942 cum
1425 914 1476 941 alia
1495 914 1594 949 passim
1613 914 1640 941 in
1664 921 1698 941 eo
1711 914 1781 940 seri-

996 963 1042 993 pta
1066 960 1156 987 verbis
1171 961 1270 994 quibus
1295 961 1374 987 libuit
1395 960 1485 992 cll'ert,
1508 965 1562 987 tum
1590 960 1617 986 in
1636 960 1686 986 hac
1715 967 1781 986 voce

996 1006 1125 1040 quiddam
1154 1008 1320 1040 καινοτομεῖ.
1354 1006 1399 1034 Sic
1415 1006 1489 1033 enim
1515 1006 1618 1033 habet:
1639 1005 1781 1032 Μὰκουοεί

996 1059 1068 1083 τινες
1079 1052 1164 1083 ὄντες.
1182 1052 1297 1079 Videtur
1311 1058 1402 1079 autem
1417 1060 1448 1079 ex
1462 1052 1513 1079 alia
1527 1052 1633 1086 oiigine
1650 1053 1719 1079 hanc
1734 1059 1781 1078 vo-

997 1103 1055 1122 cem
1071 1103 1223 1127 accersere.
1244 1105 1294 1124 nec
1310 1098 1361 1124 viri
1378 1097 1523 1132 singularis
1539 1097 1601 1123 olim
1622 1097 1705 1124 fuisse
1731 1106 1781 1123 uo-

998 1150 1059 1169 men
1083 1143 1222 1176 proprium
1238 1151 1396 1177 agnoscere,
1423 1143 1470 1170 si-d
1490 1147 1664 1177 propagatae)
1686 1149 1782 1176 putare

996 1195 1029 1215 ex
1045 1188 1126 1215 verbo
1144 1189 1261 1224 μακοᾷν,
1288 1189 1360 1223 quod
1384 1189 1536 1224 llcsychius
1552 1191 1663 1223 exponit
1691 1197 1781 1224 napa-

997 1234 1116 1268 φρονεῖν,
1139 1235 1348 1268 προσποιεῖσθαι
1366 1237 1403 1270 μὴ
1421 1235 1540 1266 ἀκούειν,
1556 1235 1682 1268 desipere,
1700 1236 1782 1261 simu-

997 1278 1053 1304 lare
1065 1287 1091 1305 se
1108 1287 1159 1305 non
1174 1280 1277 1306 amtire.
1297 1279 1328 1307 Et
1344 1280 1414 1307 hanc
1440 1280 1614 1315 potissimum
1631 1281 1780 1308 secundam

997 1324 1158 1351 dissimulati
1175 1326 1284 1353 auditus
1302 1326 1442 1354 notionem
1469 1327 1532 1354 huic
1548 1327 1588 1354 sic
1610 1335 1623 1354 a
1639 1335 1668 1354 se
1683 1329 1782 1354 decor.

999 1375 1053 1397 tato
1069 1371 1200 1398 verabulo
1213 1372 1365 1406 imputandi
1382 1373 1552 1400 occasionem
1573 1374 1688 1400 fortasse
1703 1381 1779 1400 sum-

998 1416 1084 1450 pserit
1100 1425 1130 1443 ex
1153 1425 1196 1448 eo,
1212 1418 1283 1452 quod
1299 1419 1379 1452 paulo
1395 1419 1524 1453 superius
1539 1419 1639 1454 legerat
1652 1419 1722 1453 apud
1734 1428 1783 1446 au—

998 1469 1111 1495 ctorem.
1131 1464 1315 1498 patriarcham
1340 1473 1402 1492 cum
1430 1466 1535 1501 synodo
1563 1466 1597 1493 ab
1618 1466 1783 1500 imperatore

162 1509 291 1541 stissimo.
308 1518 388 1545 quem
402 1511 424 1538 si
452 1512 618 1546 nominaret,
643 1521 698 1541 non
716 1515 882 1550 μαχαρέτην,
900 1516 946 1542 sci
961 1521 982 1552 ρ
1000 1512 1161 1541 proweatos
1175 1509 1208 1538 ad
1223 1510 1294 1536 serio
1311 1510 1485 1544 cogitandum
1515 1511 1548 1538 de
1570 1511 1689 1538 ineunla
1721 1519 1783 1539 cum

166 1555 300 1590 μακάριον
315 1556 430 1589 diceret,
445 1566 539 1585 verum
558 1559 590 1586 de
605 1559 658 1586 isto
670 1560 755 1588 altero
778 1562 823 1595 qui
848 1563 944 1596 viginti

161 1601 270 1627 ercitcr
283 1602 363 1629 annis
376 1603 450 1638 prius
467 1604 634 1638 decesserat,
651 1609 808 1635 memoriam
831 1609 871 1635 sui
890 1609 946 1635 lau-

162 1646 278 1673 dabilem
292 1648 460 1683 relinquens.

197 1694 394 1729 Μαμάκουθος
412 1697 449 1731 (l)
466 1704 493 1731 p.
517 1697 579 1725 569.
614 1698 752 1733 Vituperat
780 1700 823 1728 hic
841 1699 945 1737 Pachy~

163 1746 252 1766 meres
268 1741 453 1774 patriarcllam
482 1747 510 1770 et
541 1744 686 1779 antistilcs,
704 1746 749 1780 qui
766 1747 790 1773 ei
821 1747 945 1777 aderant,

161 1785 234 1817 quod
262 1793 316 1812 non
342 1787 443 1814 acriter
473 1788 631 1816 obstiterint
650 1791 743 1824 prima:
764 1794 945 1826 propositioni

160 1831 391 1860 reconciliationis
420 1833 548 1862 Ecclesiae
564 1835 665 1864 Grzeca:
687 1844 748 1864 cum
777 1837 882 1869 Latina.
908 1840 946 1866 sic

161 1883 242 1902 suum
270 1876 389 1904 animum
417 1878 566 1909 ostendens
593 1880 731 1908 schismati
759 1883 895 1910 addicum
920 1891 947 1911 et

161 1929 289 1948 aversum
306 1930 320 1949 a
339 1930 417 1958 pace,
434 1929 573 1960 utcunque
599 1927 672 1953 aliud
697 1928 842 1962 aliquando
860 1930 946 1957 simu-

164 1967 269 1998 laverit.
284 1969 488 2003 Μαμακούοους
503 1976 595 1998 autem
611 1971 720 2004 Graecos
736 1974 797 2000 illos
817 1976 946 2009 pl‘msules

162 2017 251 2048 \oeat,
266 2014 392 2042 stultitia:
417 2016 478 2044 illos
488 2017 662 2050 insimulatis,
680 2023 709 2046 ut
725 2021 856 2052 ostendit,
874 2023 944 2056 quod

164 2067 225 2085 mox
242 2059 365 2094 adjungit
381 2062 458 2096 quasi
481 2062 636 2090 declarandi
659 2065 756 2099 gratia,
777 2067 946 2102 ἀναισθήτως

163 2105 217 2131 τῶν
232 2108 425 2141 πραττομένων
440 2108 558 2143 ἔχοντες.
586 2109 614 2137 ld
639 2118 720 2145 porro
735 2113 859 2147 vocabuli
885 2122 945 2141 Inu-

164 2155 256 2178 tuatus
266 2152 375 2180 videtur
398 2161 412 2180 a
427 2162 477 2181 suo
495 2154 640 2189 llesychio,
667 2164 747 2190 quem
768 2157 869 2185 librum
895 2160 945 2194 ipsi

163 2197 249 2225 fuisse
280 2197 439 2226 familiarem
459 2207 492 2227 ex
521 2200 582 2227 aliis
613 2201 678 2229 locis
708 2203 894 2238 intelligimus.
918 2205 946 2233 lu

164 2242 287 2278 llesychii
301 2251 365 2270 vero
378 2243 465 2271 lexico
483 2243 564 2271 hodie
582 2244 680 2278 legitur
697 2247 879 2280 Μαμάκυοος,
890 2257 947 2280 μω-

164 2289 222 2322 ρός.
245 2288 345 2315 Verum
359 2296 409 2324 ego
425 2297 479 2316 non
505 2290 598 2318 dubito
626 2292 691 2326 quin
721 2292 747 2320 in
774 2300 822 2318 suo
843 2293 947 2319 meliori

163 2333 312 2368 exemplari
331 2333 512 2369 Pachymcrcs
533 2336 628 2371 legerit
654 2338 834 2372 μαμάκουοος
851 2346 858 2364 :
876 2339 949 2366 unde

163 2380 208 2406 hic
224 2380 316 2414 posuit
331 2381 513 2415 μαμάκουοοι.
530 2381 559 2409 Id
575 2383 672 2418 colligo
688 2391 720 2410 ex
739 2383 948 2418 Eustathio,qui

163 2427 206 2460 (ad
227 2434 252 2452 v.
265 2426 316 2454 562
329 2430 356 2453 et
372 2427 424 2455 565
439 2427 488 2455 0d.
499 2438 527 2461 κ,
547 2429 689 2464 Ἐλπήνωρ
704 2429 731 2455 δέ
751 2439 792 2461 τις
808 2430 871 2456 ἔσκε
884 2430 949 2456 νεώ-

162 2480 254 2503 τατος,
272 2471 333 2498 οὕτε
354 2481 379 2499 τι
396 2473 455 2508 λίην
469 2474 586 2508 ἄλκιμος
601 2475 630 2501 ὲν
646 2475 757 2510 πολέμῳ
775 2475 837 2501 οὔτε
851 2478 948 2510 φρεσῖν

162 2514 224 2551 ᾖςιν
240 2517 363 2552 ἀρηρώς)
388 2519 489 2546 multos
505 2527 670 2547 enumerans
697 2521 820 2548 stultitiae
836 2521 948 2548 infamia

161 2563 293 2596 celebres,
302 2568 364 2599 post
374 2563 503 2597 Sannam,
512 2565 670 2599 Currebam,
683 2566 824 2602 Margitcn,
832 2575 949 2602 quorum

165 2609 309 2636 notissima
332 2610 469 2638 dementia
496 2611 522 2638 in
545 2613 718 2646 proverbium
734 2618 762 2641 et
776 2621 897 2644 scomma
912 2615 948 2641 si-

165 2655 221 2682 mili
244 2655 310 2683 vitio
330 2656 510 2684 laborantium
539 2659 688 2690 transierit,
717 2658 774 2689 hare
803 2661 948 2695 adjungit:

169 2701 287 2735 Ὁμοίως
306 2702 335 2728 δὲ
350 2703 396 2729 καὶ
413 2703 459 2729 τὸν
479 2704 687 2738 Μαμμάκουοθν
701 2706 746 2732 καὶ
762 2706 808 2732 τὸν
835 2707 950 2733 Malui-

163 2747 212 2780 δην
226 2747 273 2774 καὶ
297 2748 341 2773 τὸν
359 2749 546 2783 ’Λμφιετίδην,
565 2750 589 2776 οἳ
616 2751 754 2785 διαϐόητοι
782 2753 827 2778 ἐπὶ
860 2752 950 2788 μωρίᾳ

199 2834 237 2869 (I)
252 2835 291 2862 Cf.
309 2836 431 2864 Glossar.
451 2838 564 2868 alterum
579 2840 629 2867 sub
647 2842 736 2869 \‘ct'bo.

1000 1553 1096 1580 Latina
1135 1554 1254 1582 Ecclesia
1296 1556 1442 1583 concordia
1470 1558 1638 1588 ἐπιπολαίως
1665 1559 1785 1593 ἀκηκοέ-

1001 1608 1042 1624 va:
1060 1600 1235 1633 perfunctorie
1251 1602 1369 1632 audisse,
1392 1607 1419 1628 et
1430 1610 1491 1630 cum
1508 1610 1565 1630 rem
1579 1608 1783 1635 aversarentur,

1001 1653 1054 1672 non
1075 1650 1164 1673 tamen
1189 1648 1340 1677 obstitisse,
1366 1648 1412 1674 sed
1429 1648 1509 1683 quasi
1527 1649 1730 1676 dissimulantes
1756 1657 1784 1676 se

1000 1692 1156 1726 percepisse
1173 1694 1243 1725 quod
1253 1694 1354 1721 dictum
1367 1694 1466 1726 fuerat,
1481 1698 1573 1721 astuto
1583 1694 1692 1721 silentio
1702 1695 1786 1721 lucri-

1002 1736 1099 1763 ft-cisse
1112 1738 1241 1764 invidiam
1254 1743 1301 1764 aut
1313 1739 1462 1773 periculum
1476 1738 1562 1772 palam
1573 1739 1715 1766 resistendi
1727 1747 1734 1764 :
1747 1740 1783 1765 Οὐ

1001 1783 1054 1817 γῆιρ
1064 1781 1096 1818 ἦν
1108 1784 1198 1815 uinci;
1206 1785 1373 1818 ἀντιστῆναι,
1384 1785 1508 1811 nouenim
1516 1785 1547 1812 iis
1555 1785 1640 1811 iuerat
1649 1786 1786 1813 resistendi

1002 1830 1049 1856 eis.
1067 1829 1119 1856 Eos
1136 1834 1224 1856 tamen
1241 1838 1294 1856 non
1311 1838 1340 1856 sc
1353 1831 1522 1857 continuisse
1538 1831 1607 1857 intra
1622 1832 1689 1858 lines
1704 1839 1784 1861 mera:

1002 1876 1231 1903 dissimulationis
1244 1881 1290 1903 aut
1305 1877 1416 1911 silentii,
1437 1878 1483 1904 sed
1500 1882 1630 1912 prmtcrea
1645 1879 1737 1909 etiam.
1753 1885 1783 1905 ut

1001 1923 1159 1958 imperatori
1179 1924 1408 1958 gratificarentur.
1425 1924 1594 1959 signiﬁcasse
1612 1926 1719 1959 placere
1730 1926 1782 1953 sibi

1002 1971 1165 1998 mentionem
1184 1971 1284 1998 illatam
1299 1973 1332 1998 ab
1348 1980 1380 1998 eo
1399 1972 1486 2006 pacis.
1508 1973 1652 2000 manifeste
1670 1973 1787 2002 allirmat

1001 2015 1107 2047 Noster.
1135 2021 1163 2044 ut
1189 2017 1359 2044 ostendimus
1383 2018 1509 2052 superius
1531 2017 1614 2044 verbo
1639 2018 1785 2052 κνώμενοι.

1001 2061 1091 2094 Quare
1124 2070 1176 2089 non
1200 2063 1259 2089 illos
1284 2063 1480 2097 μαμακούθους
1502 2069 1550 2090 aut
1569 2063 1721 2098 μακοὺοους
1747 2064 1787 2092 id-

1001 2107 1074 2134 circo
1089 2108 1208 2140 vocarit.
1235 2108 1267 2143 [Ρ
1283 2108 1346 2143 599]
1375 2109 1448 2143 quod
1467 2108 1656 2136 simulaverint
1684 2117 1712 2136 se
1731 2117 1785 2137 non

1001 2153 1109 2184 audire.
1137 2154 1184 2181 sed
1205 2154 1277 2189 quod
1300 2154 1500 2182 declaraveriut
1522 2155 1573 2182 sibi
1589 2146 1697 2190 probari
1713 2157 1785 2190 quod

966 2201 988 2228 l)
1001 2198 1218 2233 proponebatur,
1244 2199 1316 2226 haud
1337 2200 1404 2226 satis
1432 2199 1607 2233 providentes
1627 2200 1692 2234 quid
1720 2200 1786 2227 inde

1001 2249 1215 2272 consecuturum
1226 2249 1310 2278 esset,
1330 2246 1356 2272 in
1371 2253 1425 2280 quo
1439 2245 1516 2280 ponit
1534 2245 1677 2276 stultitiam
1691 2253 1786 2275 eorum

1002 2291 1054 2318 hoc
1069 2290 1153 2318 verto
1170 2292 1375 2325 reprehensam.

1035 2337 1180 2370 Μανδύας
1193 2345 1219 2371 p.
1237 2337 1298 2365 9262.
1317 2337 1432 2372 llesych.
1451 2337 1580 2369 Μανδύας
1594 2336 1663 2369 εἶδος
1679 2338 1786 2373 ἱματίου

1000 2382 1112 2415 Περσῶν
1127 2382 1285 2416 πολεμικόν.
1303 2382 1382 2409 Forte
1402 2382 1561 2417 πολεμικοῦ.
1576 2383 1737 2411 Eustathius
1754 2384 1787 2410 ad

1002 2428 1088 2462 Odur,
1106 2429 1156 2456 sub
1179 2429 1342 2463 principium
1363 2437 1370 2456 :
1390 2429 1481 2461 Λὶὶιος
1500 2430 1637 2461 Διςνύσιος
1653 2430 1726 2462 λέγει,
1746 2430 1787 2456 ὅτι

1002 2476 1134 2510 Περσικὴν
1155 2474 1241 2509 ὄνομα
1264 2476 1312 2500 καὶ
1332 2475 1346 2500 ὁ
1369 2475 1498 2509 μανδύις.
1529 2476 1621 2502 Ἐοικε
1642 2476 1683 2506 δὲ,
1708 2476 1787 2510 φησὶ,

1001 2521 1122 2555 φαινόλῃ.
1137 2521 1182 2546 Ait
1202 2520 1293 2546 ΛΞΙίιιδ
1313 2520 1454 2555 Dionysius
1471 2521 1604 2548 Pcrsirmn
1623 2529 1676 2548 ('st
1695 2530 1787 2550 nomen

1001 2567 1154 2601 mandyam.
1170 2566 1271 2593 Similis
1288 2571 1423 2593 autemest
1440 2567 1551 2601 penula).
1568 2567 1678 2595 Veteres
1692 2568 1788 2600 glossm

1002 2612 1144 2639 verborum
1160 2613 1240 2646 juris,
1254 2612 1373 2646 μανίύας
1395 2613 1512 2647 ἱμάτιον,
1529 2614 1558 2639 τὴ
1570 2614 1719 2648 λουρίκιον.
1736 2614 1788 2640 Sed

1002 2658 1060 2685 hrec
1079 2663 1107 2685 ut
1123 2659 1189 2685 tiara
1209 2663 1236 2684 ct
1255 2659 1306 2684 alia
1323 2666 1383 2685 cum
1403 2667 1447 2686 res
1462 2665 1517 2689 tum
1539 2659 1648 2686 nomina
1661 2659 1694 2686 ad
1709 2668 1787 2690 usum

1002 2712 1139 2732 sacrorum
1158 2709 1222 2731 sunt
1239 2705 1378 2732 translata.
1392 2705 1475 2732 Docet
1490 2705 1694 2736 cruditissinms
1710 2707 1789 2732 Pater

1001 2752 1072 2782 ﬁoar
1084 2751 1114 2779 Ο.
1129 2752 1156 2779 l’.
1169 2752 1252 2786 (notis
1265 2752 1296 2778 ad
1312 2751 1419 2779 Missam
1433 2752 1462 2779 S.
1476 2752 1587 2784 Joannis
1599 2753 1787 2787 Chrysoslmn;
