1931 3069
173 133 239 162 tam

623 136 654 166 Ρ.
681 136 826 167 l‘OSSiNi
852 138 1177 169 ()liSERYA'l'lONUM
1200 140 1272 170 LIB.
1298 140 1319 170 Ι.

1726 140 1795 174 ῙΟΗ

171 198 195 222 p.
211 196 252 214 om
271 188 428 224 iiuthologii
447 191 518 223 “5),
540 191 623 218 fuisse
642 193 785 227 mandyam
803 193 874 220 inter
889 201 956 228 pon-
971 202 991 228 Α
1009 194 1142 229 virginum
1165 195 1349 229 patriciarum,
1367 195 1468 230 quibus
1488 195 1525 222 illi
1545 196 1674 232 deinceps
1689 204 1793 226 matro-

170 236 283 262 titicales
295 242 383 263 chtes
396 237 422 263 id
437 237 508 272 quod
525 245 637 273 cappam
652 239 710 265 sive
726 239 843 274 pluviale
863 239 953 267 Latini

170 282 385 309 Christianorum
401 283 503 310 rituum
528 285 697 318 expositores
720 290 827 312 vocant.
856 286 878 312 A
901 293 954 321 qua

170 336 219 355 uec
234 329 319 355 forma
335 336 386 356 nec
398 330 509 357 notione
522 331 636 357 mullum
646 330 724 358 abest
740 331 857 366 penula;
873 339 953 366 quam

169 375 200 401 ad
217 382 356 402 sacrorum
376 383 453 403 usum
475 376 530 411 jam
552 381 608 404 tum
624 377 658 404 ab
672 378 830 413 apostolicis
845 385 953 405 accom-

170 421 305 448 modatam
325 422 496 456 temporibus
511 431 564 450 non
583 423 721 451 immerito
737 424 784 450 viri
803 424 952 452 dor-tissimi

169 466 343 500 suspicantur
363 474 395 494 ex
420 466 496 494 Pauli
514 468 574 496 loco
592 469 612 496 ll
633 469 666 496 ad
685 470 755 496 Tim.
774 478 809 502 tv,
828 471 870 498 t5.
892 470 955 498 Fuit.

169 518 299 547 prteterea
314 515 445 549 mandyas
462 515 573 550 propria
598 517 796 544 monachorum
820 518 903 546 vestis
919 526 952 545 ex

169 560 289 587 humeris
301 561 335 588 ad
353 561 436 595 pedes
452 569 541 596 usque
556 561 679 590 deﬂuens
691 568 718 591 et
730 567 815 591 totum
830 564 953 591 ambiens

168 615 275 640 corpus,
303 614 318 634 a
348 613 424 642 parte
454 608 511 635 sola
540 608 671 635 anteriori
701 614 812 644 aperta;
845 610 951 644 qualem

167 652 248 679 «tiam
277 653 304 680 in
331 653 450 680 Ecclesia
477 652 571 681 Grrcca
598 655 715 682 retinere
739 655 766 682 in
793 656 951 690 pontificatu

168 697 249 732 580
271 699 288 725 ii
305 699 428 726 solebant
444 700 490 733 qui
511 705 589 727 erant
608 707 640 728 ex
665 701 807 728 monachis
822 702 951 736 prometi.

169 744 204 770 lix
220 751 274 778 quo
290 751 390 778 genere
404 752 465 771 cum
483 751 555 772 esset
568 746 701 773 Arsenius
713 753 745 773 ex
766 747 951 781 Apolloniensi

168 790 335 818 monasterio
363 791 396 818 ad
425 792 552 818 thronum
583 792 795 826 patriarchalem
824 793 888 820 olim
913 801 953 820 as-

168 840 301 870 sumptus,
325 841 356 864 ut
376 837 458 864 tradit
479 837 614 872 Gregoras
633 837 651 864 l.
668 846 716 870 Ill,
734 846 790 866 non
806 839 903 866 mirmn
930 840 952 866 si

168 882 309 917 mandyam
329 883 413 910 etiam
437 888 512 911 extra
531 891 623 912 sacras
647 889 765 919 gestaret
786 884 951 912 functiones.

166 926 233 954 Nam
247 927 318 955 civili
335 933 363 956 et
380 929 519 956 ordinario
535 930 634 957 vestitu
647 930 732 958 fuisse
748 935 814 958 tunc
829 931 952 958 indututn

167 973 252 1005 illum,
270 981 331 1000 cum
359 974 486 1009 privatim
512 979 541 1002 et
563 975 733 1003 familiariter
762 976 951 1011 imperatorem

166 1021 237 1046 domi
260 1027 316 1047 suae
339 1021 480 1054 inviseret,
504 1029 549 1049 res
565 1021 623 1056 ipsa
647 1022 739 1058 exigit.
759 1022 885 1050 Nondum
909 1030 953 1050 me

166 1066 281 1099 pmnitet
301 1065 423 1099 μανδύαν
433 1075 535 1095 sacram
550 1069 676 1103 penulam
687 1069 738 1097 hoc
750 1069 808 1097 loco
821 1070 951 1103 vertisse;

166 1117 193 1137 et
205 1112 250 1146 qui
269 1113 464 1147 perpenderint
479 1122 540 1149 qua:
555 1116 589 1141 de
604 1116 711 1150 penula:
724 1115 810 1143 forma
826 1121 853 1144 et
871 1125 920 1144 usu
938 1124 953 1143 a

166 1157 305 1184 veteribus
320 1159 474 1192 traduntur,
490 1163 518 1187 ct
532 1167 564 1187 ea
581 1168 643 1187 cum
663 1162 770 1189 traditis
786 1161 819 1189 de
834 1162 953 1197 mandya

167 1205 343 1238 contulerint,
360 1205 432 1233 haud
445 1206 572 1240 multutn,
592 1212 621 1234 ut
637 1215 729 1243 spero,
750 1209 951 1244 repugnabunt.

167 1250 235 1277 V'ule
253 1256 279 1278 et
295 1250 428 1279 Codinum
447 1252 548 1287 sa‘pius
564 1261 657 1281 vocem
677 1254 797 1289 μανδύας
819 1262 953 1289 usurpan-

168 1303 231 1325 tem.

201 1343 396 1378 Μαρμούτζας
411 1352 438 1378 p.
454 1344 517 1372 282.
530 1345 712 1379 Μαρμούτζαν
730 1346 951 1381 προσωνόμαζον,

167 1391 373 1424 πρῡσάπτοντες
404 1390 490 1425 ὄνομα
517 1391 661 1425 Περσικόν.
688 1390 752 1418 Erat
775 1391 856 1426 igitur
875 1392 952 1427 Μαρ-

126 1432 130 1437 ”
169 1435 285 1467 ι·νι·5τζας
301 1443 401 1463 nomen
417 1435 508 1464 Persis
527 1436 677 1468 familiare;
696 1437 768 1471 quod
784 1437 811 1464 in
827 1445 858 1464 ea
873 1444 953 1472 gente

168 1481 243 1507 nmlti
259 1482 399 1516 proprium
415 1481 558 1509 haberent.
577 1482 605 1509 Id
616 1487 706 1510 autent
726 1483 828 1510 idcirco
840 1491 853 1509 a
869 1484 952 1511 male-

166 1528 234 1554 ilicis
244 1527 381 1554 Germano
397 1527 600 1562 imponebatur,
616 1528 689 1563 quod
707 1528 740 1559 is,
758 1533 786 1555 ut
800 1530 881 1564 paulo
893 1535 954 1564 post
968 1539 988 1564 (ε

165 1573 276 1610 dicitur,
291 1573 465 1600 remotiorem
478 1574 612 1610 originem
629 1575 737 1610 generis
753 1583 767 1602 a
783 1575 870 1603 Gabra
885 1577 953 1604 urbe

166 1617 294 1650 Persidis,
320 1619 542 1653 pr0piuquiorem
569 1626 585 1646 a
608 1619 687 1648 Lazis
710 1619 833 1648 duceret.
862 1621 952 1648 Codex

165 1663 245 1691 Allat.
263 1663 447 1699 Μαρκουτζᾶν
466 1664 540 1699 legit,
554 1672 706 1700 anonymus
728 1673 792 1693 vero
807 1674 857 1694 ms.
871 1675 952 1702 quem

166 1709 281 1736 Allatius
309 1710 439 1737 exscrihit
459 1710 486 1737 in
509 1711 628 1738 Exercit.
642 1716 737 1739 contra
756 1711 951 1748 Creygtonum,

166 1763 193 1788 p.
218 1754 279 1788 605,
297 1754 487 1790 Μαλχουτζάν.
518 1756 552 1783 Ει
575 1757 691 1784 fortasse
717 1759 893 1793 μαρκουτζᾶς
922 1759 951 1786 in

167 1800 313 1828 Barberino
328 1802 469 1836 legendum
481 1801 541 1834 fuit,
553 1801 662 1830 fallente
674 1803 701 1829 in
713 1810 765 1831 ms.
775 1804 951 1832 similitudine

165 1847 352 1874 characterum
370 1856 390 1882 μ
403 1852 430 1874 et
447 1856 464 1874 κ
483 1847 531 1882 (1).

200 1890 326 1924 Μάρπου
339 1900 365 1926 p.
376 1892 410 1919 28
423 1896 451 1919 et
463 1893 523 1920 10'2.
537 1893 747 1928 Dyrrhachiensi
762 1896 890 1930 episcopo
902 1903 951 1931 pro

167 1937 296 1964 Michaele
311 1937 461 1974 Palmologo
484 1939 573 1967 adhuc
589 1940 696 1973 privato
714 1945 742 1968 et
766 1946 822 1968 tum
839 1943 951 1977 pericli-

166 1988 240 2009 tante
259 1990 291 2010 ac
310 1983 426 2010 sollicito
440 1984 525 2011 Deum
542 1984 632 2011 oranti
653 1985 746 2013 audita
761 1993 813 2014 vox
834 1987 950 2014 refertur

167 2029 315 2063 incognita,
338 2029 438 2056 nullam
459 2029 493 2056 ad
511 2029 630 2064 linguam
648 2030 799 2065 pertinens,
821 2030 948 2066 Marpou,

166 2082 247 2109 quant
267 2074 318 2101 sibi
342 2075 483 2102 recitatam
505 2074 612 2102 Manuel
637 2076 782 2111 Disypatus
803 2077 949 2112 episcopus

164 2119 419 2147 Thessalonicensis
438 2120 478 2147 sic
491 2124 534 2147 est
553 2120 758 2155 interpretatus,
776 2126 805 2148 ut
822 2122 946 2156 portendi

165 2175 211 2201 per
228 2174 288 2194 eam
304 2167 447 2202 imperium
465 2166 589 2194 Michaeli
603 2167 706 2195 diceret
720 2176 727 2194 :
743 2167 855 2195 indicari
875 2168 947 2195 enim

164 2215 217 2240 isto
235 2213 380 2246 vocabulo,
400 2220 433 2240 ex
455 2213 552 2248 primis
573 2221 620 2241 sex
642 2213 836 2241 vocabulorum
852 2214 949 2242 litteris
967 2210 988 2238 Β

162 2260 334 2295 ἀκροστίχως
366 2260 495 2292 conﬂato,
524 2261 595 2288 hanc
625 2261 788 2287 sententiam
818 2261 949 2288 divinitus

163 2312 300 2334 ostensam
325 2315 332 2334 :
352 2305 467 2333 Michael
489 2306 623 2341 Augustus
643 2306 822 2334 Romanorum
843 2306 948 2334 Palma-

165 2354 238 2388 Iogua
254 2355 325 2381 ocius
346 2353 491 2381 vocabitur.
511 2353 556 2380 Sic
570 2354 667 2381 Latine
690 2353 875 2388 expressimus
890 2361 949 2381 ser-

163 2405 224 2427 vata
255 2400 452 2428 elementorum
476 2400 589 2428 veritate
613 2400 657 2428 illa
687 2400 778 2428 Graeca
806 2409 813 2428 :
843 2400 948 2437 Μιχαὴλ

163 2445 230 2477 ἄναξ
250 2444 394 2480 Ῥωμαίων
417 2445 599 2477 Παλαιολόγος
616 2445 698 2478 ὀξέως
714 2446 911 2481 ὑμνηθήσεται.

200 2491 244 2528 [1).
255 2492 320 2528 400]
329 2493 476 2527 Ματρώνα
490 2500 515 2527 p.
533 2493 577 2519 35.
588 2492 716 2520 Matronae
722 2500 820 2520 nomen
830 2493 856 2520 in
864 2493 948 2520 veteri

164 2547 212 2566 usu
226 2538 410 2566 Romanorum
427 2545 506 2567 sonat
517 2539 658 2566 mulierem
673 2539 813 2574 patriciam
830 2543 857 2566 et
868 2544 949 2575 gente

163 2585 292 2611 nobilem.
305 2585 431 2612 Clemens
451 2584 478 2611 in
491 2584 565 2612 Actis
580 2584 652 2611 Petri
669 2592 676 2611 :
702 2584 746 2615 Ὠς
766 2584 813 2610 καὶ
835 2584 886 2610 τῶν
901 2585 948 2610 εὑ-

162 2631 248 2666 γενῶν
261 2631 399 2666 γυναικῶν
413 2631 460 2662 τὰς
477 2630 723 2666 περιφακεστέρας,
735 2631 782 2657 καὶ
799 2631 831 2662 ἃς
845 2632 858 2657 ὸ
870 2631 948 2665 λόγος

164 2676 308 2712 ματρώνας
321 2675 374 2705 οἶδε
387 2676 487 2704 καλεῖν.
500 2677 545 2705 Ait
557 2685 618 2712 ergo
632 2676 727 2705 Noster
737 2677 847 2704 solitum
859 2676 949 2704 Theo~

163 2724 260 2750 derum
288 2724 439 2759 Augustum
468 2723 533 2750 viris
556 2724 638 2750 domo
662 2723 773 2750 minime
797 2723 948 2756 nobilibus,

162 2775 289 2798 Ca-tcrum
307 2770 377 2804 apud
399 2777 428 2798 so
448 2769 583 2804 gratiosis,
606 2769 751 2797 conciliare
775 2769 948 2797 matrimonia

199 2859 236 2893 ti)
253 2858 294 2885 (Ξῖ.
309 2859 431 2886 Glossar.
447 2860 523 2886 ul'u't‘.
543 2868 566 2885 γ.
581 2859 785 2892 Τοιῑσιτεύοντες.

1006 240 1050 266 nis
1065 240 1145 275 ampli
1166 248 1197 268 ac
1214 241 1285 268 beati
1302 241 1401 268 forent.

1041 286 1300 321 Μεγαλοὸλαχῖται
1322 294 1349 322 p.
1369 287 1416 314 85.
1436 287 1464 314 ln
1483 287 1527 314 his
1546 287 1707 322 apponenda
1729 293 1793 324 post

1005 331 1095 357 καλῶν
1110 331 1342 359 distiuctiuncula:
1357 332 1449 359 notula
1461 332 1522 363 fuit,
1535 339 1595 367 quze
1607 340 1671 360 mss.
1683 333 1793 367 deerat;

1005 384 1038 403 ne
1053 377 1105 404 dici
1126 377 1266 405 videretur
1289 378 1423 405 Achillem
1444 378 1500 412 jam
1520 382 1576 405 tum
1601 386 1651 406 suo
1668 386 1795 414 tempore

1005 422 1146 450 Phthiotas
1169 430 1236 451 suos
1249 423 1487 459 Megaloblachitas
1508 424 1669 458 appellasse.
1695 424 1749 452 Sed
1765 429 1794 452 et

1004 475 1066 495 cum
1092 469 1265 503 participium
1282 469 1374 496 καλῶν
1397 469 1496 497 Joanni
1517 469 1686 505 adiungitur,
1710 469 1736 498 id
1757 472 1794 498 ita

1005 513 1224 548 intelligendum,
1241 518 1272 540 ut
1286 520 1340 540 non
1357 513 1431 542 solus
1450 513 1487 541 ita
1501 522 1549 542 eos
1569 519 1680 542 vocaret
1696 524 1702 542 :
1716 523 1794 543 com-

1004 559 1124 586 muniter
1143 558 1222 594 581
1247 559 1320 586 enim
1343 567 1373 587 ea
1398 565 1560 595 tempestate
1587 560 1739 588 iuvaluerat
1764 565 1797 588 ut

1003 605 1151 632 Tltessaliw
1189 610 1318 632 montana
1350 606 1444 641 Magna
1476 606 1582 633 Blachia
1616 612 1793 634 vocarentur.

1003 651 1113 678 Nicetes
1139 651 1164 678 in
1185 651 1320 679 Balduino
1346 652 1475 683 Flandro,
1502 660 1528 685 p.
1554 652 1606 679 515
1632 652 1677 679 ed.
1710 652 1794 679 Basil.

1003 705 1049 724 an.
1073 697 1140 724 1557
1159 706 1166 725 :
1188 697 1249 724 Ἐπὶ
1268 698 1297 725 δὲ
1318 699 1422 730 τούτοις
1441 699 1487 725 ut
1511 698 1590 729 ἄλλος
1610 707 1652 730 τις
1671 698 1705 725 τὰ
1727 699 1796 725 Θετ-

1002 743 1098 775 ταλίας
1119 745 1243 779 κατέχων
1274 744 1408 778 μετέωρα,
1433 744 1451 771 ἃ
1479 744 1526 770 νῦν
1554 743 1659 779 μεγάλη
1689 743 1795 778 Βλαχία

1003 789 1196 824 κικλήσκεται.
1208 790 1348 825 τοπάρχης
1362 787 1395 824 ἦν
1410 790 1464 816 τῶν
1476 791 1542 816 ἐκεῖ,
1557 789 1652 825 Hujus,
1669 790 1714 825 qui
1727 795 1796 817 tem-

1003 842 1071 870 pore
1089 835 1215 863 Balduiui
1233 835 1464 870 Megalobht-hitis
1482 836 1696 870 imperitaverat,
1719 844 1795 863 unus

1004 890 1019 909 e
1033 883 1240 910 successoribus
1255 883 1306 910 fuit
1322 882 1366 909 hic
1383 881 1502 909 Joannes
1515 882 1654 909 Michaelis
1670 882 1794 917 despotze

1003 928 1117 960 nothus,
1134 928 1168 955 de
1190 935 1245 963 quo
1269 928 1313 955 hic
1336 928 1527 963 Pachymeres.
1558 928 1682 955 Meminit
1710 928 1795 954 etiam

1005 974 1128 1009 μεγάλης
1144 975 1262 1010 Βλαχίας
1277 974 1410 1009 Georgius
1427 975 1554 1009 Acropol.
1575 974 1640 1002 Hist.
1659 979 1728 1002 sect.
1746 974 1794 1006 15,

1003 1027 1031 1055 p.
1046 1019 1082 1047 25
1097 1019 1140 1047 ed.
1161 1020 1229 1056 Reg.
1246 1025 1273 1048 et
1290 1025 1357 1048 sect.
1375 1022 1420 1051 38.
1437 1030 1464 1057 p.
1482 1021 1526 1047 53.

1039 1066 1147 1093 Μέλεοι
1167 1074 1194 1101 p.
1208 1067 1270 1094 478.
1287 1067 1325 1094 Τὸ
1343 1067 1371 1094 δὲ
1389 1068 1438 1102 τῆς
1460 1068 1550 1102 μάχης
1568 1081 1603 1087 -
1619 1066 1668 1101 μὲν
1688 1067 1795 1101 ἐφεῖτο.

1005 1113 1066 1140 Ηιιιρ
1079 1114 1157 1141 valde
1178 1113 1305 1149 perplexa
1327 1119 1400 1147 sunt,
1420 1122 1496 1141 more
1510 1122 1542 1140 ae
1556 1113 1647 1141 indole
1660 1113 1795 1143 auctoris.

1004 1167 1059 1186 non
1081 1166 1143 1186 raro
1163 1160 1285 1195 quaedam
1307 1159 1447 1187 dimidiata
1469 1159 1651 1195 congerentis.
1679 1158 1798 1186 Videtur

1004 1211 1095 1234 autem
1118 1206 1164 1234 hic
1183 1207 1340 1233 summatim
1363 1210 1391 1234 et
1405 1205 1511 1241 fastigia
1536 1213 1650 1240 carpens
1670 1205 1798 1232 indicere

1004 1260 1064 1286 quia
1092 1256 1183 1280 essent
1212 1257 1276 1279 tunc
1306 1252 1447 1280 hominum
1478 1251 1595 1286 querela:
1622 1251 1655 1278 de
1683 1251 1797 1285 scriptis

1006 1297 1095 1325 Vacci.
1119 1298 1204 1325 Porro
1226 1306 1277 1325 vox
1303 1298 1394 1332 μέλεοι
1413 1298 1453 1325 sic
1477 1297 1514 1324 illi
1539 1298 1653 1331 abrupta
1681 1297 1796 1331 pendet,

1005 1345 1113 1380 punctis
1127 1345 1217 1372 clausa
1241 1344 1268 1371 in
1286 1348 1403 1378 utroque
1420 1351 1461 1370 ms
1479 1344 1498 1370 Β
1514 1347 1540 1370 et
1560 1343 1581 1370 A
1604 1354 1610 1370 :
1628 1350 1691 1369 nam
1718 1342 1796 1369 Vati.

1005 1398 1089 1418 canus
1110 1391 1183 1418 hunc
1197 1390 1297 1422 locum,
1315 1394 1344 1418 ut
1359 1390 1415 1417 fere
1436 1395 1549 1417 caeteros
1561 1388 1694 1421 difﬁciles.
1713 1396 1796 1416 secu«

1006 1444 1051 1462 rtts
1075 1436 1201 1463 transilit.
1225 1435 1339 1468 Μέλεον,
1364 1440 1394 1462 ut
1415 1440 1508 1462 notutn
1529 1440 1585 1467 est,
1606 1435 1795 1469 significatin-

1006 1489 1124 1511 cauum:
1146 1484 1216 1508 unde
1236 1485 1263 1508 et
1279 1487 1379 1508 nomen
1398 1481 1493 1515 μέλεος
1507 1486 1559 1513 est,
1575 1488 1675 1508 vanum
1696 1485 1726 1508 et
1746 1489 1795 1508 su-

1007 1534 1201 1561 pervacaneum
1216 1534 1327 1554 sonans.
1341 1526 1369 1554 Si
1384 1526 1577 1554 emendatione
1593 1527 1733 1555 curandus
1749 1527 1795 1554 hic

1005 1572 1080 1599 locus
1093 1576 1176 1605 esset,
1193 1577 1285 1606 posset
1300 1571 1412 1599 rescribi
1435 1572 1539 1607 μέλεον,
1553 1577 1583 1600 ut
1595 1572 1795 1607 intelligeretur

1005 1619 1129 1654 dogmata
1152 1617 1252 1644 moveri
1281 1616 1393 1646 frustra.
1414 1617 1563 1649 incassum,
1589 1616 1793 1651 intempestive.

1004 1666 1056 1692 Sed
1071 1665 1253 1695 melius-citra
1269 1664 1349 1691 ullam
1366 1664 1392 1690 in
1411 1669 1537 1690 contextu
1553 1664 1733 1690 mutationem
1750 1665 1794 1691 in-

1004 1711 1155 1745 telligemus
1166 1709 1373 1740 commemtjt‘ai'i
1386 1710 1534 1740 stt-lliitie‘tt‘e
1549 1716 1576 1739 et
1590 1721 1636 1747 per
1649 1710 1793 1740 inc'n‘tnaﬁé

1005 1762 1108 1784 tantum
1120 1759 1280 1791 sententias,
1297 1766 1357 1793 qua:
1373 1763 1438 1785 tunc
1455 1766 1502 1785 ore
1522 1758 1594 1793 vulgi
1610 1763 1706 1785 contra
1723 1759 1790 1785 Vee-

1002 1811 1063 1831 cum
1085 1809 1110 1831 et
1127 1805 1152 1831 ei
1171 1804 1343 1831 adhaerentes
1360 1805 1545 1839 jactabantur,
1568 1804 1625 1831 haec
1647 1804 1791 1837 nimirum,

1002 1852 1099 1879 moveri
1110 1851 1142 1878 ab
1159 1852 1221 1886 ipsis
1235 1851 1411 1885 intempestive
1424 1851 1558 1885 dogmata.
1573 1850 1658 1877 Vanus
1676 1859 1731 1877 esse
1745 1851 1793 1877 ho-

1002 1897 1083 1924 mines
1108 1901 1132 1923 et
1158 1896 1250 1922 inania
1266 1897 1401 1923 miscentes
1419 1896 1524 1931 jurgia,
1546 1901 1600 1923 etc.
1625 1896 1792 1930 Explerique

1002 1942 1168 1977 incompleta
1187 1942 1275 1969 oratio
1295 1946 1386 1976 posset
1402 1942 1548 1977 l't‘pt‘lt'lldo
1562 1942 1591 1968 τὺ
1606 1942 1646 1968 ὅτι
1664 1942 1794 1976 superius

1002 1988 1134 2022 positum.
1154 1988 1180 2014 in
1205 1987 1279 2014 hunc
1296 1987 1417 2020 modum,
1436 1989 1476 2014 ὅτι
1500 1987 1638 2014 κινοῦνται
1653 1987 1792 2022 δόγματα,

1001 2035 1041 2060 ὅτι
1062 2033 1154 2068 μέλεοξ
1183 2035 1248 2071 etot,
1263 2038 1317 2060 etc.
1336 2033 1397 2061 Mox
1415 2034 1511 2061 recitat
1528 2034 1608 2062 verba
1624 2034 1684 2068 ipsa
1699 2041 1794 2067 repre~

1001 2080 1179 2108 hendentium
1196 2080 1314 2108 Veccutu
1334 2085 1359 2108 et
1376 2088 1507 2115 sequaces
1526 2081 1586 2115 ejus
1608 2087 1614 2106 :
1636 2078 1703 2106 Εἶτα
1725 2079 1793 2114 ὑμῖν

1000 2126 1102 2160 ἐφεῖτο,
1122 2130 1174 2153 etc.

1036 2171 1179 2201 Μεσάζων
1205 2179 1231 2206 p.
1260 2171 1322 2199 352.
1356 2171 1513 2198 Chronieon
1547 2170 1791 2205 Constantinopol.

1004 2217 1157 2251 μεσάζοντα
1176 2225 1275 2255 nomen
1301 2217 1441 2252 dignitatis
1465 2217 1598 2252 agnoscit.
1622 2224 1705 2251 quam
1728 2224 1792 2244 cum

1003 2263 1093 2297 magni
1117 2264 1203 2296 ducis,
1218 2263 1308 2299 magni
1334 2263 1474 2291 domestici
1490 2267 1518 2290 et
1535 2263 1743 2298 protostratoris
1765 2270 1794 2290 ct

1003 2309 1203 2343 protovestiarii
1219 2309 1395 2344 dignitatibus
1407 2308 1583 2344 amplissimis
1597 2313 1750 2342 comparat,
1765 2314 1794 2336 et

1003 2363 1062 2382 eam
1079 2360 1144 2382 tunc
1159 2355 1286 2382 tributam
1306 2359 1439 2382 memorat
1457 2355 1566 2382 cuidam
1582 2354 1791 2384 Cantacuzeno.

1002 2407 1062 2434 quae
1082 2405 1140 2427 erat
1160 2399 1261 2427 familia
1283 2408 1314 2428 ex
1335 2401 1481 2435 primariis.
1508 2400 1585 2428 Unde
1613 2400 1793 2435 intelligimus

1003 2446 1179 2479 magistratus
1194 2446 1218 2473 id
1233 2454 1332 2473 nomen
1347 2446 1432 2474 fuisse
1446 2447 1472 2473 in
1488 2445 1792 2481 Constantinopolitana

1002 2492 1062 2518 aula
1082 2491 1111 2518 in
1132 2491 1229 2526 primis
1244 2492 1391 2527 splendidi,
1416 2493 1459 2519 cui
1479 2491 1655 2527 proportione
1673 2491 1791 2518 similem

1002 2538 1073 2573 apud
1086 2546 1151 2565 suos
1166 2537 1267 2565 Serbos
1280 2538 1325 2565 hic
1336 2543 1504 2565 memoratus
1520 2537 1653 2572 Gcorgins
1670 2541 1790 2572 gereret.

1002 2583 1179 2618 Sequestrum
1191 2583 1285 2610 Latine
1297 2584 1387 2611 dicere
1404 2587 1523 2618 poteram
1541 2592 1547 2609 :
1562 2583 1610 2610 sed
1627 2590 1688 2609 cum
1702 2583 1748 2613 sit,
1762 2586 1792 2609 ut

1003 2631 1058 2657 dixi
1075 2635 1102 2657 et
1118 2629 1252 2657 Meursius
1271 2630 1408 2662 observat,
1428 2630 1567 2665 dignitatis
1583 2629 1698 2664 propriae
1713 2628 1788 2655 Gne-

1002 2684 1095 2704 corum
1119 2683 1230 2707 nomen,
1254 2676 1381 2703 usitatum
1401 2676 1468 2712 ipsis
1491 2675 1649 2703 vocabulum
1670 2676 1789 2703 retinere

1002 2723 1086 2750 satius
1100 2727 1139 2749 est
1158 2721 1245 2748 visum
1262 2721 1312 2756 (2).

1038 2768 1069 2804 [P
1083 2767 1145 2804 40ιῖ
1161 2768 1323 2796 Μεσοθινια
1334 2768 1380 2794 καὶ
1393 2767 1582 2795 Medeam-irai
1594 2766 1689 2802 p.310.
1703 2766 1792 2794 Alizo—

1039 2860 1076 2894 t2)
1093 2859 1133 2886 CI‘.
1147 2860 1315 2887 Glossarium
1334 2859 1459 2886 alterum.
