1931 3069
144 126 213 161 1045

828 129 968 159 GLOSSA
975 130 996 159 ll
1005 131 1084 161 [UM.

1701 131 1774 164 10$6

143 194 201 216 nas.
217 186 275 212 sive
291 191 317 211 ut
329 183 487 210 Eustathius
503 183 679 211 scribendum
696 183 821 218 praecipit
836 184 933 218 pleris-
948 186 970 214 Α
985 185 1068 216 dicta,
1083 184 1246 220 compendio
1265 185 1417 213 militariter
1434 186 1609 221 loquentibus
1627 191 1683 214 tum
1704 185 1775 215 l‘orte

142 240 195 266 quc
220 239 275 258 non
300 230 567 264 obtemperantibus,
587 230 742 262 llalizunos,
771 234 937 258 memoratos

143 279 271 310 llonn-ro,
281 278 428 310 Herodoto,
442 277 579 310 Straboni,
593 276 730 311 Stephano
740 281 768 303 et
777 276 847 310 aliis,
855 283 939 310 quan-

143 333 224 360 quam
243 333 304 352 cum
322 325 411 359 aliqua
425 324 569 358 scriptura).
586 323 729 355 varietate,
748 322 865 358 Scythiae
879 322 935 350 Eu-

143 379 240 406 ropaeze
255 370 382 406 populos,
394 370 534 397 cotnmuni
549 369 658 397 Gracia;
669 369 825 404 Byzantium
838 376 936 396 recen-

146 418 221 445 tioris
231 418 346 444 dialecto
359 416 543 443 Mesothinitas
552 416 640 443 dictos
654 416 820 443 credendum
832 415 936 443 scilicet

146 463 304 499 l’acltymeri
321 467 373 490 est.
400 463 440 490 Ad
467 462 674 495 intelligendam
696 466 786 488 autent
811 462 870 491 eius
885 469 933 496 ap-

145 510 299 544 pellationis
313 510 446 536 rationem
465 508 595 543 aﬂ'ulgerc
611 507 691 543 532
711 507 779 534 lurtc
795 507 838 534 lux
855 507 934 534 nobis

145 564 159 582 a
177 555 264 582 Plinio
284 554 395 588 poterit,
415 553 462 588 qui
482 552 501 579 l.
526 560 560 584 v,
584 560 609 579 c.
631 552 664 578 50
684 551 851 578 llaliscrnem
871 549 933 585 (nisi

145 608 223 627 error
241 601 268 626 in
286 599 421 634 scriptura
441 602 493 632 est)
515 605 609 624 eorum
630 596 767 622 civitatem
790 594 818 620 in
837 601 868 620 ea
886 601 934 620 ora

145 646 260 673 ct-lloc'at
279 653 359 681 quam
378 645 448 672 idem
466 643 564 671 deinde
579 650 594 670 c
620 642 655 669 32
669 650 683 668 ει
702 640 804 676 Thynia
825 641 933 666 univer-

146 700 202 719 sam
216 692 296 719 docat
311 691 458 718 babitatant
472 711 478 720 ,
496 689 568 716 unde
585 689 656 723 quod
677 689 702 714 in
721 687 809 714 ntedia
828 686 932 721 Thynia

145 740 238 765 essent
255 737 332 763 facile
351 736 499 770 Mesotltyni
517 742 531 760 a
549 733 652 760 Grtecis
669 732 723 760 dici
743 731 891 766 potuerint.
911 731 933 756 Α

145 791 199 818 qua
215 782 375 818 etymologia
392 782 414 808 si
434 782 494 814 quis
513 780 658 807 abhorreat
675 779 710 806 ob
733 778 931 812 discrepantem

147 828 309 863 scripturam
335 827 418 858 vocis,
435 825 539 860 Thynia
559 833 607 859 per
629 833 644 859 ῃ
666 823 778 858 scripta,
795 830 808 849 a
833 822 932 848 Tltiuia

989 231 1107 264 usitato;
1121 231 1199 266 quale
1212 231 1337 259 adhiberi
1350 232 1484 267 hodieque
1497 233 1589 260 videre
1605 242 1648 261 me
1661 235 1773 262 utemini

987 277 1014 304 in
1030 277 1233 305 narrationibus
1257 278 1412 312 praeliorum
1428 284 1476 307 aut
1491 280 1726 315 oppugnationum
1744 281 1772 308 in

986 327 1078 349 nostra
1092 322 1188 354 Gallia.
1202 323 1249 350 ubi
1261 323 1532 358 legiones,l\‘avarica
1545 325 1664 360 exempli
1677 333 1771 358 causa,

986 368 1029 395 vel
1045 368 1252 400 Nortmannica.
1270 369 1391 398 Navarra
1408 375 1435 397 et
1447 370 1626 398 Nortmannia
1644 372 1697 399 dici
1717 380 1771 399 non

986 421 1048 441 raro
1060 415 1197 450 leguntur.
1217 415 1276 443 Jam
1296 416 1362 444 satis
1371 417 1489 444 coluerat
1503 417 1573 451 qttod
1588 417 1708 449 additur,
1725 419 1773 445 καὶ

985 459 1075 487 αὐτῶν
1089 461 1258 496 ὀπτιμάτων,
1274 462 1302 488 itt
1321 470 1374 496 quo
1387 463 1552 497 modusipse
1567 463 1694 498 loqttetnli
1711 472 1772 496 gra-

985 504 1124 532 dationeut
1147 505 1260 535 indicat.
1273 512 1302 533 ut
1313 507 1415 541 aliqttid
1432 508 1549 541 amplius
1561 508 1624 535 licet
1639 508 1666 535 in
1677 509 1772 535 eodem

985 559 1085 586 genere
1102 552 1246 587 optimates
1270 552 1315 579 isti
1342 553 1426 580 fuisse
1447 553 1645 588 intelligantur.
1669 552 1771 588 Nempe

985 605 1038 623 non
1055 597 1142 623 solum
1160 597 1308 631 imperator
1322 597 1479 625 Micltaclcm
1497 598 1577 634 583
1590 598 1771 633 PttllPOlt)gllttl

983 643 1081 678 lt‘gio'ti
1100 642 1258 670 llalizomtm
1277 644 1446 671 Mesotltlnite
1464 645 1542 679 vulgo
1558 650 1721 679 nuncupata:
1735 647 1774 676 si;

984 688 1104 722 κεφαλὴν
1115 688 1219 720 ἔταξεν,
1233 691 1292 715 insit
1306 697 1336 715 an
1350 695 1423 721 teste,
1440 695 1469 716 ut
1481 689 1549 716 Galli
1565 690 1643 716 hodie
1658 689 1772 724 loquun-

985 739 1037 766 tur,
1062 735 1113 762 hoc
1132 739 1184 766 est,
1209 735 1305 761 ducem
1323 735 1488 769 praeposuit;
1515 736 1561 763 sed
1582 736 1676 764 etiam.
1702 737 1772 770 quod

984 779 1208 806 honoriﬁcentius
1219 780 1279 811 fuit,
1295 781 1409 807 subesse
1424 781 1513 808 cidem
1533 781 1616 808 voluit
1631 783 1772 808 cohortem

983 825 1140 859 ὁπτιμάτων
1151 826 1261 853 dictant.
1276 827 1308 852 de
1323 834 1375 860 qtta
1394 834 1459 853 voce
1473 826 1584 857 vidcsis,
1603 827 1698 857 lector,
1713 818 1773 860 qua:

148 874 306 910 I'acltymeri
317 877 478 904 memorata,
491 880 571 907 quam
585 871 630 897 ille
641 871 741 904 ubique
752 868 932 904 periscribit,
951 870 970 896 Β
987 872 1066 906 p,-nlo
1094 871 1208 898 inferius
1232 873 1434 899 :ulnotabttnus.
1455 872 1510 898 Non
1528 873 1651 899 omittam
1678 873 1772 898 adiuu-

146 920 262 955 accipiat
278 919 350 946 aliud
367 918 548 952 veriloquium
565 918 592 944 in
614 916 759 943 Strabonis
776 914 934 942 testimonio

147 967 175 993 fu
188 967 300 993 idatutn.
317 965 342 992 Is
362 965 446 996 enim,
460 964 479 992 l.
496 971 545 990 χιιι
559 984 565 995 ,
578 963 605 989 in
623 962 737 989 Troadis
751 961 935 996 descriptione

147 1011 317 1040 Allazonium
333 1010 464 1046 oppidum
479 1008 638 1036 Halizonum
654 1008 780 1039 istorum,
796 1015 864 1041 quos
877 1006 934 1037 alii,

148 1065 178 1086 ut
198 1058 325 1089 iudicavi,
350 1057 494 1084 Allalonas
515 1059 624 1087 vocant,
648 1055 764 1081 collocat
789 1054 821 1081 ad
841 1053 934 1080 heram

150 1104 245 1138 A‘lscpi
265 1103 355 1130 amnis
374 1112 380 1129 :
404 1101 467 1136 quia
483 1101 556 1128 cniut
574 1099 616 1126 θίν
631 1100 708 1127 littus
724 1099 826 1127 Gratcis
845 1103 935 1129 sonat,

149 1151 292 1177 llalizones
315 1150 385 1176 inter
406 1149 496 1175 littora
522 1147 588 1174 ltinc
613 1146 733 1173 [luminis
754 1144 848 1180 [Esepi
872 1143 937 1171 hinc

147 1195 325 1230 Propontidis
338 1195 417 1222 sitam
429 1193 568 1229 regionem
583 1191 736 1219 incolentes
747 1190 845 1217 merito
858 1198 937 1224 μεσο-

148 1242 249 1267 Θι-ιῖται
270 1241 335 1268 dicti
362 1240 474 1267 fuerint.
491 1238 546 1266 Nec
567 1237 719 1266 omittenda
737 1245 770 1264 ex
791 1236 936 1264 occasione

149 1287 296 1315 drclaratio
309 1287 362 1313 loci
390 1286 476 1313 nostri
493 1285 621 1316 auctoris,
642 1293 667 1311 c.
686 1284 713 1314 9.
730 1285 747 1310 Ι.
770 1291 790 1315 t,
813 1284 854 1309 cui
877 1291 936 1317 qu:e

150 1331 196 1358 hic
218 1330 334 1358 diximus
352 1330 438 1357 larem
462 1330 618 1365 prazl'erunt.
643 1329 778 1356 Scribltur
802 1329 838 1355 ibi
865 1329 905 1356 sic
927 1336 935 1356 ε

149 1377 216 1404 Τιὶτε
232 1377 263 1410 δὴ
282 1378 329 1403 καὶ
343 1377 390 1403 τοῦ
412 1376 596 1409 Παλαιολὸγου
612 1377 650 1407 εἰς
663 1375 785 1410 κεφαλὴν
802 1375 934 1408 τεταγμέ-

148 1432 195 1449 νου
203 1423 366 1454 Μεσοϐινιας
376 1423 423 1449 καὶ
435 1422 525 1448 αὐτῶν
534 1422 694 1455 ὀπτιμάτωη
706 1421 811 1447 ἐκείνου
823 1422 937 1455 πρτνιστά-

149 1470 254 1502 ξαντος,
271 1469 315 1495 καὶ
334 1469 369 1495 τὰ
383 1468 469 1495 πολλὰ
485 1469 545 1495 κατ’
570 1467 676 1494 Ἰταλῶν
694 1469 870 1504 πράττοντος,
881 1474 934 1494 etc.

148 1516 279 1542 Narratur
309 1515 364 1542 illic
391 1514 549 1542 Michaelem
575 1514 754 1549 Palmulogum
786 1518 842 1540 tum
873 1521 934 1540 cum

149 1563 268 1589 maxime
296 1569 328 1589 ac
359 1567 472 1588 strenue
498 1553 639 1588 exerceret
666 1560 853 1594 przelccluratn
882 1559 932 1587 sibi

147 1608 279 1636 crrditatu
304 1609 485 1635 Romanarum
504 1608 645 1642 copiarum
666 1613 760 1634 contra
787 1606 866 1634 Italus
888 1614 935 1641 pu-

147 1657 299 1690 gnantium,
325 1657 464 1682 monitum
484 1663 499 1682 a
521 1654 588 1690 Coty
617 1654 735 1688 quodam
762 1654 796 1681 de
820 1653 934 1682 consilio

150 1702 322 1735 impct-ator's
343 1709 480 1728 exerceare
498 1701 586 1736 ipsum
606 1701 728 1736 parantis
745 1701 847 1736 fugisse
872 1708 934 1728 cum

148 1749 286 1776 monitore
306 1748 333 1775 in
358 1748 508 1776 Persidem.
536 1748 588 1776 Sed
611 1749 675 1783 qttid
703 1748 755 1775 sibi
780 1749 837 1774 VIIII
861 1747 934 1782 quod

151 1794 317 1828 l’atmologns
340 1793 381 1824 εἰς
411 1793 533 1829 κεφαλὴν
552 1795 720 1828 τεταγμένος
739 1793 838 1820 dicitur
854 1802 935 1825 μεσο-

149 1838 237 1870 οίνῖας
256 1839 303 1864 καὶ
323 1839 413 1864 αὐτῶν
432 1839 613 1872 ductui-raw?
632 1839 771 1866 Traditum
796 1838 833 1865 illi
850 1838 935 1866 fuisse

149 1882 295 1917 regendam
317 1882 508 1910 Mcsotbiniam
530 1884 698 1918 provinciam
721 1884 794 1910 nulla
821 1892 934 1918 usqttam

150 1929 215 1956 alabi
232 1934 273 1956 est
291 1930 404 1956 mentio.
422 1929 454 1956 Et
475 1930 642 1964 previnciatn
659 1930 703 1957 hic
721 1930 778 1956 sive
797 1930 934 1965 regionem

149 1975 314 2007 Μεσοθινιας
341 1976 473 2003 vocabulo
497 1976 622 2008 indicari,
638 1976 684 2003 vix
713 1975 783 2003 fet-at
805 1976 935 2002 continue

149 2022 276 2055 adjuncta
293 2023 396 2049 mentio
407 2023 575 2057 optimatum,
591 2028 619 2050 et
634 2023 744 2058 quidem
759 2031 819 2050 cum
835 2031 935 2058 prono—

150 2068 225 2094 tuine
250 2068 377 2101 ipsorum,
405 2068 451 2094 καὶ
476 2068 566 2095 αὐτῶν
592 2068 760 2103 ὀπτιμὸνεων.
793 2068 864 2101 Quid
891 2067 936 2095 hic

150 2114 274 2141 dicemus
293 2114 398 2141 ‘.'Aliud
420 2121 495 2144 sane.
513 2118 656 2149 postquam
673 2114 757 2141 multa
781 2114 934 2148 disquisivi,

151 2167 205 2186 non
219 2160 339 2186 occurrit
356 2159 408 2187 nisi
432 2159 588 2194 μεσοθινίαν
612 2160 656 2187 hic
680 2160 744 2195 poni
764 2168 812 2195 pro
828 2160 935 2195 legione

986 925 1053 945 nere
1069 918 1140 951 apud
1158 917 1340 952 Acropolilam
1357 926 1382 945 c.
1399 918 1434 945 64
1454 917 1523 944 Hist.
1545 918 1723 949 Μεσοουνίαν,
1740 919 1773 944 de

986 971 1040 999 qua
1075 964 1119 991 hic
1145 969 1248 996 actum,
1265 971 1328 991 cum
1348 973 1367 991 υ
1388 963 1480 991 scribi.
1508 964 1622 991 Codices
1645 963 1772 998 l'acltytn.

987 1017 1048 1036 cum
1064 1019 1072 1036 ι
1087 1009 1251 1036 Μεσοθινῑαν
1266 1014 1424 1037 constanter
1439 1009 1571 1036 scribunt.
1594 1009 1624 1044 [P
1640 1009 1703 1044 402]
1719 1009 1774 1036 llos

986 1063 1038 1083 nos
1063 1056 1260 1089 expressimus.
1287 1055 1334 1082 Sic
1355 1059 1381 1081 et
1401 1055 1427 1080 iit
1452 1053 1640 1081 Tocharorum
1664 1060 1690 1081 et
1714 1055 1774 1081 aliis

986 1101 1146 1136 quihusdam
1172 1101 1310 1128 vocabulis
1327 1101 1482 1135 Acropolita
1506 1108 1520 1127 a
1543 1101 1643 1127 Nostro
1669 1101 1773 1133 ditium,

987 1155 1038 1175 nec
1056 1150 1141 1175 nostri
1155 1148 1248 1182 judicii
1264 1153 1306 1175 est
1317 1147 1434 1174 delinire
1449 1151 1510 1174 utcr
1524 1147 1668 1174 erraverit.
1683 1147 1773 1179 Quare

988 1202 1044 1220 rem
1056 1194 1188 1229 integram
1202 1194 1400 1228 relinquimus:
1413 1193 1485 1228 quod
1501 1193 1653 1228 reperimus
1666 1193 1772 1220 damus.

1022 1239 1105 1267 Μέπε
1125 1247 1151 1273 p.
1170 1239 1232 1268 ‘Zl‘i.
1255 1240 1299 1267 Ait
1316 1239 1393 1274 Mope
1413 1239 1508 1267 lheriaa
1526 1238 1620 1266 Davidi
1638 1239 1728 1266 datam
1746 1239 1772 1265 itt

987 1295 1098 1314 morem
1122 1287 1202 1314 ﬁliam
1228 1287 1348 1321 spuriam
1366 1285 1488 1321 conjugis
1505 1286 1626 1320 despotic
1648 1285 1772 1312 Joannis.

987 1333 1037 1360 Ubi
1063 1334 1129 1368 quid
1155 1333 1327 1368 suspicemur
1358 1332 1430 1359 aliud
1455 1340 1535 1367 quant
1557 1339 1713 1366 supremam
1746 1332 1772 1357 in

987 1379 1072 1406 Iberia
1089 1384 1249 1413 potestatem
1267 1379 1397 1405 vocabulo
1416 1378 1469 1406 isto
1486 1378 1636 1413 designari,
1656 1382 1685 1405 ut
1702 1378 1774 1405 sicut

986 1427 1068 1453 crdis
1088 1427 1113 1453 in
1131 1425 1239 1457 Scrbia,
1254 1426 1344 1452 sultau
1365 1426 1391 1451 in
1409 1425 1520 1452 Perside
1541 1429 1605 1451 tunc
1620 1425 1772 1457 dicebatur,

986 1472 1031 1504 qui
1056 1472 1137 1498 rebus
1156 1471 1211 1498 illic
1228 1475 1353 1506 prteerat,
1373 1468 1413 1497 sit;
1435 1468 1575 1498 lberorum
1593 1470 1772 1496 Asiaticorum

989 1522 1077 1544 rector
1090 1517 1166 1552 Mcpe
1179 1523 1332 1545 vocaretur.
1349 1517 1386 1544 De
1404 1525 1458 1552 quo
1472 1521 1560 1544 tamen
1580 1517 1696 1551 amplius
1712 1524 1774 1550 pro-

986 1564 1094 1596 nuntio,
1112 1564 1200 1598 quoad
1221 1564 1325 1591 certius
1350 1564 1412 1599 ejus
1431 1563 1469 1591 rei
1497 1563 1685 1591 testimonium
1707 1571 1773 1597 sup-

986 1614 1061 1645 petat
1076 1610 1126 1644 (l).

1019 1656 1196 1689 Μετάληψις
1220 1663 1247 1690 p.
1277 1655 1339 1683 56!.
1365 1655 1408 1682 Ait
1444 1655 1579 1682 admissos
1605 1655 1637 1682 ad
1663 1662 1772 1681 omnem

985 1703 1206 1730 cummuuionem
1230 1709 1373 1729 sacrorum
1402 1702 1516 1728 Latinos
1538 1709 1552 1728 a
1572 1701 1671 1728 Griecis
1695 1703 1772 1735 jttSsu

986 1748 1176 1781 imperatoris.
1191 1747 1446 1775 reconciliationem
1462 1747 1648 1774 Ecclesiaruzn
1672 1754 1772 1781 procu-

986 1795 1088 1825 rantis,
1111 1799 1224 1829 excepta
1247 1794 1409 1829 μεταλήψει,
1429 1800 1581 1828 quamnon
1605 1793 1774 1828 quaerebant.

986 1838 1019 1866 Et
1035 1844 1124 1866 tamen
1141 1843 1221 1866 autt-a
1238 1838 1345 1866 diu-rat
1358 1846 1406 1866 eos
1420 1838 1636 1865 communicasse
1651 1838 1731 1864 etiam
1747 1838 1774 1862 ἐν

987 1886 1137 1921 μετειλήφει
1149 1885 1195 1912 τοῦ
1208 1885 1280 1912 θείου
1290 1886 1384 1919 aptat),
1394 1884 1423 1911 ὃν
1441 1885 1588 1919 meum!”
1600 1885 1735 1918 λέγουσιν,
1748 1885 1775 1910 in

985 1932 1147 1966 perceptione
1163 1932 1233 1957 διιεγί
1244 1931 1332 1963 partis,
1351 1939 1426 1965 quem
1444 1931 1594 1957 anlitlorum
1610 1931 1708 1957 dicunt.
1724 1930 1773 1962 Qui

986 1978 1064 2012 panis
1084 1985 1145 2004 cum
1173 1982 1382 2011 repnescntaret
1407 1976 1620 2005 Eucharistiam.
1647 1977 1775 2003 videntur

985 2023 1067 2050 etiatn
1085 2022 1172 2049 Latini
1191 2030 1245 2048 non
1268 2022 1417 2049 recusaturi
1437 2029 1496 2049 eam
1511 2030 1573 2049 cum
1589 2022 1690 2049 Grzncis
1709 2030 1771 2057 pcr-

985 2069 1087 2103 cipere.
1105 2069 1237 2096 Nimirum
1254 2068 1407 2103 μετάληψις
1421 2076 1454 2095 ex
1473 2076 1524 2096 usu
1538 2068 1694 2096 Graecorum
1712 2076 1774 2102 pro-

986 2115 1045 2150 prie
1071 2114 1206 2149 signilicat
1231 2115 1414 2148 sumptionum
1440 2114 1496 2141 vini
1525 2115 1690 2145 consecrati.
1716 2115 1775 2141 sive

986 2159 1138 2195 specierum
1150 2157 1290 2194 sanguinis
1299 2158 1413 2191 Christi.
1430 2167 1512 2193 quam
1529 2159 1591 2186 ideo
1607 2160 1633 2186 in
1649 2167 1773 2186 commn-

149 2206 265 2241 qnadatn
292 2210 339 2233 aut
362 2210 438 2239 parte
461 2205 648 2233 Romanarum
675 2207 817 2242 copiarum
841 2214 874 2234 ex
902 2206 935 2234 iis
951 2216 972 2244 ῃ
987 2206 1070 2233 nioue
1096 2205 1161 2232 laica
1190 2205 1279 2232 Latini
1311 2213 1361 2231 non
1385 2205 1550 2240 quaerebant,
1575 2205 1625 2232 οὐκ
1647 2205 1773 2240 ἔχρῃζον.

149 2251 265 2279 conﬂata
286 2252 417 2278 militibus
438 2252 484 2286 qui
508 2252 689 2280 Mesothiuitat
712 2253 814 2286 Vulgari
840 2252 934 2287 lingua

147 2297 322 2326 dicebautur.
342 2298 398 2324 lloc
415 2297 521 2326 videtur
542 2306 592 2325 nos
607 2298 706 2326 docere
719 2303 811 2325 noster
827 2303 934 2330 auctor,

148 2347 213 2371 dum
240 2344 287 2371 itlo
318 2353 343 2370 ιε.
373 2344 419 2377 27,
447 2345 466 2371 l.
493 2352 518 2371 tv
541 2345 580 2372 sic
602 2345 722 2378 loquitur
746 2352 780 2371 ex
809 2347 936 2372 versione

149 2395 253 2422 nostra,
270 2391 303 2417 dc
318 2391 448 2418 Romanis
463 2399 546 2426 agens
563 2391 649 2425 copiis
663 2391 837 2419 validissimis
850 2391 935 2418 Joan-

149 2438 191 2464 nis
223 2437 342 2472 despotic
369 2437 463 2464 ductui
496 2438 637 2472 permis<is
663 2447 669 2464 :
698 2437 872 2472 Con/labatur
896 2438 937 2464 Itic

146 2485 275 2510 er-rcitus
297 2492 328 2510 ex
344 2484 521 2517 ili/ferentibus
535 2484 684 2519 corporibus
699 2489 723 2511 et
739 2484 806 2511 velut
823 2484 936 2518 collegiis

148 2530 262 2556 militum
280 2549 286 2556 .
307 2551 313 2556 .
331 2549 338 2556 .
355 2538 437 2556 unum
459 2535 515 2557 erat
537 2531 762 2565 Pup/ilagouicuut
786 2550 793 2558 .
811 2549 817 2557 .
837 2551 843 2557 .
861 2530 936 2557 aliud

146 2582 206 2600 tum
222 2578 246 2600 et
264 2575 349 2607 ipsum
373 2576 540 2602 multitudine
561 2580 615 2602 tum
631 2576 655 2602 ui
677 2581 700 2603 et
721 2581 777 2602 arte
808 2581 936 2611 prwstans

147 2620 250 2647 bnlt’ica.
269 2628 301 2646 ea;
325 2620 510 2650 Ilalizouibus.
536 2629 599 2655 quas
625 2621 805 2648 Mesothiuitur
828 2622 936 2657 vulgare

146 2668 219 2692 dicat
244 2667 354 2693 idionia.
382 2669 420 2694 En
437 2668 502 2702 quid
526 2668 686 2695 Mesothinia
706 2668 764 2695 haec
790 2669 934 2696 fueritcui

148 2718 213 2739 tunc.
229 2714 391 2747 pl‘lEpOSlttlS
409 2713 521 2740 Michael
539 2714 703 2749 Palinologus
719 2715 754 2740 ah
773 2715 935 2749 imperatore

148 2759 235 2786 luct'at
252 2769 259 2786 :
279 2767 333 2786 non
357 2760 440 2794 regio,
463 2760 509 2787 sed
530 2761 598 2796 legio
616 2759 755 2795 uasoOle
773 2748 933 2797 l‘acliymeri

183 2845 223 2880 (l)
236 2845 278 2873 Cl.
297 2846 347 2873 Glo
362 2847 463 2873 sariunt
482 2847 604 2876 alterunt.

986 2252 1058 2286 quod
1075 2259 1105 2279 ea
1121 2251 1172 2278 sibi
1186 2251 1312 2278 sciebant
1326 2251 1505 2278 interdictum
1521 2252 1573 2279 ritu
1590 2252 1773 2279 Occidentalis

987 2297 1125 2325 Ecclesiae.
1142 2298 1238 2324 Docuit
1253 2305 1295 2323 tne
1310 2297 1381 2324 hanc
1395 2298 1590 2332 proprietatem
1605 2298 1678 2326 vocis
1692 2298 1774 2333 μετά-

987 2345 1068 2379 ληψις
1085 2344 1126 2371 vir
1141 2343 1312 2379 pereruditus
1326 2348 1353 2370 et
1367 2343 1392 2369 itt
1406 2343 1500 2378 primis
1513 2344 1604 2370 sciens
1615 2343 1772 2371 Griecorum

987 2389 1088 2416 rituum
1104 2389 1221 2417 Jacohus
1247 2389 1318 2417 Goar
1331 2388 1363 2416 Ο.
1380 2389 1409 2416 Ρ.
1426 2389 1472 2423 qui
1491 2390 1562 2416 notis
1578 2390 1609 2416 ad
1625 2389 1772 2424 Liturgiam

989 2435 1018 2460 δ.
1031 2434 1144 2461 Joannis
1154 2434 1294 2469 Cltrysost.
1305 2442 1332 2468 p.
1346 2434 1397 2461 150
1410 2433 1551 2469 Euclio/0g.
1573 2434 1652 2461 refert
1666 2435 1774 2461 Gram-os

987 2483 1014 2508 iit
1031 2482 1086 2516 ipsa
1102 2482 1195 2508 altaris
1208 2481 1313 2508 concha
1329 2481 1477 2516 depingere
1499 2481 1645 2516 imaginem
1670 2482 1772 2509 Christi

989 2528 1092 2555 Domini
1108 2528 1253 2563 pontificiis
1267 2528 1390 2556 vestibus
1405 2528 1503 2559 ornati,
1520 2529 1672 2556 decussatis
1687 2530 1773 2556 utan?-

986 2577 1038 2605 btts
1063 2586 1158 2612 pauctn
1180 2582 1368 2605 consecratum
1392 2578 1496 2610 dextra,
1514 2578 1624 2605 calicem
1651 2586 1715 2606 vero
1737 2578 1774 2603 si-

987 2626 1071 2651 nistra
1084 2624 1258 2658 prolerentis,
1277 2624 1408 2656 inscripto
1420 2623 1453 2650 ad
1468 2624 1607 2651 dexteram
1620 2629 1648 2651 et
1663 2631 1771 2650 sacrum

986 2670 1087 2696 Christi
1100 2677 1201 2705 corpus
1216 2669 1349 2697 vocabulo
1369 2669 1524 2704 μετάδοσκ,
1540 2670 1572 2696 ad
1594 2670 1688 2696 larvam
1708 2676 1772 2695 vero

986 2721 1013 2742 et
1031 2715 1141 2742 calicem
1159 2721 1250 2742 nostra
1267 2716 1317 2742 hac
1340 2722 1404 2741 voce
1422 2716 1583 2749 μετάλτρις.
1602 2716 1670 2742 llittc
1686 2716 1770 2743 habe-

987 2769 1046 2788 ntns
1059 2761 1236 2796 μεταλήψεως
1258 2760 1416 2788 vocabulum
1436 2761 1581 2796 aliquando
1600 2761 1709 2797 prOpIie
1725 2769 1772 2789 ac-
