1931 3069
102 141 170 173 10ὅῖ

783 145 925 174 ΟΜΗΞΑ
934 146 1044 177 ΙΗΠΜ.

1659 132 1743 178 1054'

101 198 221 225 feliciter
234 197 399 234 fortiterque
413 204 567 234 peregerat,
583 200 626 226 cui
642 206 785 235 propterea
799 209 829 228 se
843 202 887 228 de
904 209 924 235 Α
940 205 1126 233 sanctimoniae
1139 205 1291 236 hominem,
1310 203 1513 239 suspiciondms
1538 203 1728 238 impudicitimv

101 244 168 271 bere
183 244 362 278 profiteretur
371 245 521 280 imperator
532 254 688 273 successum
699 246 781 282 590
794 247 889 280 istum,

102 297 131 317 ιιι
146 291 206 326 ejus
222 292 353 320 virtutem
379 300 410 320 ac
435 294 565 320 meritmn
581 301 616 320 eo
637 294 750 321 nomine
767 294 889 321 celebra—

104 344 147 366 ret
164 348 170 365 :
185 339 228 366 vel
259 347 307 373 per
331 347 413 367 voces
439 340 574 374 πρύτανιν
603 342 648 367 καὶ
664 341 786 376 παρ’)χέα
806 341 890 368 Deum

102 384 232 411 indicavit
247 384 383 412 bonorum
401 385 523 412 omnium
559 385 674 418 fontem,
696 388 740 413 cui
770 386 891 418 peculia-

103 431 173 457 riter
187 435 329 465 acceptam
357 430 481 458 referens
497 436 551 458 tam
571 432 706 467 insignem
729 431 889 459 felicitatem

101 485 166 504 cum
188 477 413 512 magnilicaverit.
431 477 486 505 Hoc
508 478 668 505 conﬁrmari
689 483 779 512 potest
797 487 830 505 ex
857 479 891 505 iis

102 532 163 558 qua:
175 531 237 550 mox
251 523 344 551 subdit
361 531 368 550 :
383 523 532 550 Συνεκάλει
546 524 652 555 πάντας
662 525 702 555 εις
713 524 890 558 εὐχαριστίαν

103 569 151 594 ττιῦ
170 569 344 603 Κρείττονος,
360 568 524 596 Ρι·ουοιαί›αι
547 575 651 597 cunctos
666 571 700 597 ad
714 571 816 604 gratias
831 571 890 597 Nu-

103 614 169 640 mini
194 614 320 649 agendas.
347 614 382 641 Et
415 614 497 649 hujus
521 616 713 650 gratulationis
745 616 890 643 occasione

103 659 196 686 habita
211 660 320 692 concio,
338 668 398 695 qum
410 661 499 695 capite
513 661 637 696 sequenti
650 661 792 690 recitatur.
804 661 889 688 multa

105 704 189 731 habet
214 705 241 730 in
259 705 329 732 banc
352 705 528 732 sententiam.
546 706 625 738 Quod
644 706 688 733 hic
716 705 891 741 peculiariter

103 750 255 777 notandum
273 750 360 781 venit,
371 755 414 777 est
431 759 482 778 vox
502 751 639 786 παροχεύς
653 752 753 787 posita,
771 756 800 779 ut
814 752 890 779 vide-

104 800 159 825 tur,
179 803 228 830 pro
242 795 361 830 πάροχος
377 796 514 830 pra‘bitor,
529 796 653 830 largitor.
678 797 766 832 Cujus
796 797 890 825 forma‘:

105 841 263 875 exemplum
275 841 346 868 haud
366 843 468 876 passim
483 842 615 877 reperias.
627 842 740 877 Legitur
756 847 847 870 tamen
862 847 890 870 et

108 887 224 914 inferius
240 886 258 914 l.
274 895 312 919 vr,
326 895 350 914 c.
366 887 411 920 23,
424 887 468 915 ubi
482 889 596 915 recitato
610 889 642 915 D.
660 889 820 916 Damasceni
833 890 891 917 loco

105 932 214 959 Patrem
231 937 364 960 aeternum
381 933 516 969 προὸολέα
532 934 579 960 τοῦ
592 935 791 969 ὲκφιντςρικοῦ
807 936 892 962 lived-

107 986 191 1013 ματος
202 978 362 1011 prolatorem
376 979 434 1007 sive
453 981 604 1007 emissorem
619 982 793 1009 enuntiatorii
805 981 893 1017 Spiri—

106 1031 148 1052 lus
164 1026 299 1056 vocantis,
312 1025 351 1053 ait
367 1027 498 1060 quosdam
518 1031 546 1053 ut
561 1027 631 1054 falso
648 1027 769 1055 aﬂictum
794 1028 893 1056 Dama-

106 1079 191 1098 srcno
213 1071 265 1098 hoc
294 1071 397 1098 dictum
420 1072 562 1107 rejecisse,
589 1075 721 1108 quosdam
747 1081 838 1102 autem
867 1075 893 1103 id

107 1118 258 1153 legitimum
270 1118 330 1152 ejus
346 1119 431 1146 sancti
449 1119 572 1147 doctoris
605 1120 792 1148 testimonium
810 1129 893 1156 agno-

108 1168 218 1191 scentes
258 1164 286 1191 in
321 1171 355 1192 eo
380 1165 543 1193 vocabulum
576 1167 727 1201 προόολξύς
757 1167 784 1194 in
807 1175 894 1204 παρο-

107 1211 171 1245 χεύς
187 1216 318 1238 mutasse.
421 1232 423 1236 .

147 1256 178 1292 [Ρ
193 1256 259 1293 408]
274 1257 396 1292 Πηλεύς
408 1258 446 1293 (1)
467 1266 495 1293 p.
521 1258 584 1286 450.
601 1259 712 1287 Peleum
735 1260 778 1287 hic
791 1267 894 1288 memo-

109 1304 162 1331 rari
183 1308 287 1338 patrem
300 1304 415 1332 Achillis
438 1309 466 1332 ct
490 1305 518 1331 in
544 1306 699 1341 exemplum
727 1307 895 1334 castimonia:

109 1350 224 1384 p-oponi
248 1354 371 1385 apparet,
389 1354 418 1377 ut
442 1351 533 1378 statim
549 1357 610 1386 post
626 1352 771 1379 Aristidem
790 1352 817 1379 in
831 1359 894 1387 spe-

108 1397 198 1422 cinn-n
215 1396 389 1423 abstinentim
403 1404 418 1423 a
432 1397 505 1424 furto
523 1398 712 1426 alienissimae.
726 1399 786 1426 Non
803 1404 893 1425 tamen

107 1441 230 1469 occurrit
242 1441 334 1469 adhuc
349 1442 415 1469 mihi
433 1443 620 1471 testimonium
635 1444 739 1479 antiqui
753 1445 894 1479 scriptoris

108 1487 189 1514 istam
215 1487 342 1514 eximiam
362 1488 499 1522 pudicitia:
518 1489 625 1516 laudem
643 1489 722 1517 Peleo
735 1491 893 1522 asserentis,

109 1534 265 1567 cuiusmodi
280 1535 426 1569 quodpiam
444 1535 620 1562 obversatum
641 1536 734 1563 animo
749 1536 895 1564 scribentis

110 1579 167 1607 lucc
182 1579 357 1615 Pacbymeris
387 1580 522 1615 suspicor.
555 1581 649 1615 Neque
674 1582 746 1608 enim
769 1582 896 1610 videlicet

111 1626 202 1652 onuna
217 1633 278 1659 quae
294 1625 340 1652 ille
358 1625 424 1660 legit
436 1625 464 1652 in
480 1631 588 1654 nostras
602 1635 703 1654 venere
727 1635 843 1659 mamts;
864 1636 896 1655 ac

110 1671 227 1698 fortasse
251 1679 286 1698 ne
311 1679 384 1699 nunc
398 1672 506 1706 quidem
524 1677 681 1707 supersunt.
707 1674 793 1706 Quam
812 1674 894 1700 multa

112 1717 186 1742 enim
205 1717 349 1744 vetustatis
366 1716 467 1744 Graecae
487 1723 667 1745 monumenta
685 1720 840 1754 quingentis
854 1718 896 1746 his

109 1762 125 1788 f.
138 1770 166 1790 re
184 1762 272 1794 annis,
282 1767 371 1796 quota
380 1762 557 1799 Pacbymeris
565 1769 643 1792 :etate
650 1765 684 1792 ad
695 1766 765 1792 hanc
774 1770 895 1794 nostram

109 1809 292 1841 intercedunt,
301 1809 391 1844 perire
401 1809 524 1838 funditus
537 1811 662 1846 contigit,
672 1818 719 1838 aut
735 1817 811 1839 certe
830 1812 896 1840 hac—

109 1860 189 1882 tenus
203 1855 332 1882 ἀνέκδοτα
347 1857 462 1884 servari.
483 1857 538 1885 Sed
567 1865 617 1885 nec
644 1863 741 1886 cuncta
761 1859 832 1885 edita
857 1859 897 1885 vi-

110 1902 213 1929 d-mus.
232 1901 432 1929 Animadverte
446 1907 536 1930 tamen
548 1902 696 1931 Homerum
706 1904 801 1931 crebra
815 1913 896 1938 quam

110 1948 195 1974 infert
217 1949 359 1975 mentione
384 1947 457 1976 Pelei
487 1948 650 1984 frugalitatis
677 1949 702 1976 ei
734 1950 897 1985 virtutisque

110 1995 217 2022 laudem
231 1994 289 2022 fere
302 1996 425 2023 tribuere
441 1995 546 2028 videri;
559 2004 675 2030 quarum
702 1996 830 2024 videlicet
843 2005 898 2024 me-

110 2042 163 2067 rito
179 2041 213 2067 ab
223 2041 322 2068 Aetore
339 2041 446 2069 Phthia:
463 2046 604 2076 regnante,
618 2042 651 2069 ad
669 2050 748 2077 quem
759 2050 791 2069 ex
801 2042 897 2078 Egina

109 2085 280 2120 confugerat,
310 2087 428 2121 propriis
460 2087 522 2115 filiis
544 2089 673 2122 praelatus
705 2096 843 2123 generque
865 2097 898 2116 ac

110 2133 186 2166 τιοειιί
203 2139 347 2160 suceessor
363 2133 468 2161 electus
482 2134 576 2166 fuerit,
593 2141 622 2162 ut
637 2134 797 2163 Eustathius
811 2135 898 2162 refert

109 2179 141 2204 ad
160 2177 241 2205 Iliad.
253 2178 267 2213 β
279 2179 364 2214 p.32l
379 2179 525 2213 ed.;fiom.,
538 2181 571 2208 ad
584 2189 665 2216 quain
677 2181 747 2209 forte
756 2181 897 2208 historiam

942 257 1023 282 quam
1036 250 1058 276 si
1074 250 1165 277 ﬁctum
1180 258 1213 277 ex
1234 250 1312 285 591
1332 255 1405 277 creta
1424 254 1451 277 et
1470 250 1526 276 luto
1539 257 1649 284 corpus,
1673 256 1726 275 non

941 301 1032 322 autem
1045 303 1077 322 ex
1093 303 1175 323 carne
1186 301 1345 323 concretum
1365 295 1518 322 habuisset.
1534 293 1646 321 lm'euio
1658 294 1727 321 allu-

942 341 1029 370 siouis
1049 349 1104 369 non
1121 349 1318 376 usquequaque
1332 341 1466 368 absimilis
1479 341 1636 374 exemplum
1652 340 1723 374 apud

942 386 1114 415 Eustathium
1132 387 1176 422 (ad
1188 388 1268 415 Iliad.
1290 398 1298 415 ι
1314 396 1340 423 p.
1354 388 1406 415 772
1420 388 1466 415 ed.
1477 386 1569 422 Rom.)
1589 386 1728 421 explican-

942 438 996 460 tem
1026 434 1128 461 dictum
1159 434 1277 460 facetum
1316 434 1343 460 in
1376 439 1527 467 cauponem
1563 432 1608 466 qui
1634 430 1730 457 venale

943 479 1035 505 viuum
1049 479 1159 506 turbare
1184 479 1290 506 f:ecium
1323 478 1490 505 admistione
1510 477 1610 505 solitus
1623 476 1729 503 audivit

941 532 955 550 ει
971 524 1087 558 quodam
1107 532 1114 551 :
1130 524 1176 558 Μὴ
1191 524 1263 550 ποίει
1285 523 1329 550 τὸν
1345 523 1426 550 Οἰνέα
1444 523 1537 557 Πηλέα
1549 543 1556 553 ,
1574 521 1616 549 Ne
1645 521 1729 556 facias

943 569 1065 597 (lincunt
1082 570 1200 597 Peleum.
1216 570 1292 603 Quod
1311 575 1340 597 ut
1354 570 1529 604 εὐτραπέλους
1546 568 1728 595 salsedictum

944 616 980 643 ibi
1000 620 1096 643 auctor
1108 616 1210 647 laudat,
1227 617 1266 643 sic
1278 623 1411 643 enarrans
1428 623 1433 640 :
1449 614 1494 649 Μὴ
1507 614 1623 650 τρυγίαν
1636 613 1728 639 κυκῶν

943 661 991 688 καὶ
1009 662 1048 694 τῷ
1061 661 1180 696 κρητῆρι
1207 661 1397 695 παραμιγνὺς,
1418 659 1569 695 μετὰὸαλλε
1586 659 1631 685 τὸν
1658 656 1729 684 οἶνον

940 706 978 737 ὼς
993 708 1031 733 εἰς
1049 708 1145 741 πηλὶν,
1166 703 1187 740 ᾧ
1201 707 1275 733 διικεῖ
1291 706 1506 741 παρωνοεράσθαι
1535 704 1729 739 παιγνημῆνως

940 755 953 780 ό
969 754 1083 788 Ιηλεύς.
1093 753 1131 780 Ne
1140 754 1217 788 {tt-cca
1231 753 1334 780 diluens
1350 758 1374 780 et
1387 753 1483 779 crateri
1500 752 1729 778 admiscensmuta

940 800 1029 827 vinum
1048 800 1117 826 velut
1142 800 1168 826 in
1183 800 1266 826 lutum
1284 808 1293 826 :
1316 799 1417 826 ludicra
1444 799 1512 825 enim
1541 797 1730 833 paronamtisia

943 846 1045 872 ridetur
1059 846 1134 874 uerbo
1157 846 1251 873 Peleus
1274 846 1358 872 lutum
1383 845 1522 871 indicasse.
1538 843 1600 870 Hmc
1612 843 1656 878 qui
1673 850 1728 869 non

944 892 1076 928 probarit,
1091 893 1236 920 condolcat
1255 892 1403 919 infeliciter
1418 891 1594 922 conantibus,
1622 894 1650 917 et
1671 897 1730 916 me—

944 938 1024 969 liora,
1041 939 1063 966 si
1080 939 1173 970 habet,
1186 943 1314 974 suggerat
1329 942 1405 973 grate
1423 937 1590 971 accepturis.

980 985 1122 1012 Πλατεῖαι
1148 984 1333 1019 ἐκπωμάτων
1359 991 1390 1018 p.
1415 983 1480 1010 455.
1498 982 1657 1015 Quaerebam
1685 980 1730 1008 bic

944 1032 1009 1068 quid
1037 1035 1130 1058 essent
1159 1031 1332 1065 ἐκπωμάτων
1359 1029 1498 1059 πλατεῖαι.
1527 1036 1596 1063 quas
1616 1035 1647 1055 ex
1676 1033 1730 1054 aere

945 1077 1031 1103 fuisse
1045 1082 1107 1102 mox
1122 1075 1227 1102 indicat
1242 1080 1338 1102 noster
1352 1074 1385 1101 de
1399 1074 1496 1101 iisdem
1523 1073 1622 1100 iterum
1646 1079 1730 1107 agens

946 1122 989 1148 his
1015 1121 1132 1148 verbis:
1149 1120 1260 1152 Χαλκᾶς
1291 1119 1397 1151 ὲκείνας
1427 1118 1559 1149 πλατείας
1582 1118 1730 1151 ὑποδοχάς.

945 1167 1023 1195 Solus
1039 1167 1186 1194 Vaticanus
1201 1166 1304 1201 χαλκᾶς
1318 1166 1436 1196 πίνακας
1451 1164 1582 1198 appellat,
1599 1163 1647 1190 sed
1666 1162 1730 1190 huic

946 1213 1013 1240 fidos
1035 1213 1105 1247 apud
1123 1220 1165 1239 me
1183 1211 1292 1247 quidem
1309 1210 1412 1238 dudum
1430 1215 1472 1238 est
1490 1217 1523 1237 ex
1537 1217 1593 1244 quo
1612 1209 1730 1236 decmit.

945 1260 1023 1287 Certe
1040 1259 1117 1290 πίναξ
1132 1258 1213 1285 nimis
1236 1257 1364 1293 generale
1380 1256 1542 1284 vocabulum
1561 1259 1623 1288 est;
1642 1263 1731 1290 neque

946 1307 972 1332 in
987 1305 1086 1332 tabulis
1103 1308 1150 1332 aut
1176 1304 1285 1331 laminis
1311 1303 1390 1331 aereis
1405 1303 1548 1330 commode
1567 1302 1593 1330 id
1614 1303 1733 1338 frumen~

945 1357 1000 1378 L-m
1031 1356 1147 1383 coctum,
1179 1350 1237 1377 sive
1258 1351 1314 1383 jam
1340 1349 1473 1380 molitum,
1499 1348 1570 1375 mola
1605 1347 1732 1374 videlicet

946 1398 1026 1424 farris
1049 1397 1123 1428 tosti,
1148 1402 1177 1424 ut
1201 1396 1305 1431 antiqui
1333 1395 1526 1430 loquebantur,
1553 1394 1610 1421 sive
1639 1394 1732 1429 granis

946 1444 1060 1478 illlt'gi'is
1078 1443 1196 1470 naturali
1217 1443 1316 1473 forma,
1345 1441 1489 1469 commode
1504 1441 1605 1476 gestari
1631 1439 1730 1474 potuit.

947 1490 984 1516 Ne
1001 1489 1093 1516 mtdtis
1112 1497 1119 1515 ι
1138 1489 1205 1516 mibi
1226 1493 1329 1516 attente
1345 1488 1533 1516 consideranti
1549 1487 1622 1514 hunc
1641 1486 1730 1513 locum

947 1535 1072 1562 veniebat
1088 1535 1115 1562 in
1149 1539 1267 1561 mentem
1285 1535 1456 1570 ἐκπωμάτων
1469 1533 1602 1564 πλατείας
1622 1538 1648 1559 et
1666 1533 1734 1558 πλα-

947 1581 1021 1609 τείας
1037 1580 1170 1615 ὑποδοχάς
1181 1580 1234 1607 dici
1251 1581 1294 1608 bic
1311 1589 1326 1607 a
1347 1581 1515 1615 Pachymere
1536 1587 1599 1606 vasa
1625 1586 1733 1606 mensa~

949 1627 987 1653 ria
1001 1635 1060 1661 quae
1076 1631 1226 1661 sottocoppe
1240 1627 1314 1654 italis
1331 1627 1411 1654 hodie
1429 1627 1559 1653 dicuntur
1574 1634 1581 1658 ;
1613 1632 1730 1659 quarunt

947 1677 989 1699 est
1004 1680 1068 1700 usus
1084 1673 1111 1699 in
1122 1673 1232 1708 scyphis
1241 1673 1425 1709 porrigeudis.
1443 1673 1552 1700 Habent
1570 1680 1601 1699 ea
1612 1678 1731 1706 superne

948 1718 1121 1746 latitudinem
1135 1726 1263 1754 capacem
1280 1719 1445 1754 scyphorum
1475 1718 1555 1745 simul
1584 1718 1731 1744 multorum

950 1765 1034 1799 (unde
1052 1765 1179 1792 πλατεῖαι
1194 1766 1370 1800 ἐκπωμάτων
1387 1769 1460 1792 recte
1476 1764 1634 1798 vocentur),
1655 1763 1735 1790 labro

949 1820 999 1848 per
1015 1812 1159 1838 circuitum
1173 1812 1207 1839 ad
1231 1811 1350 1846 aliquam
1374 1811 1546 1839 latitudinem
1574 1809 1732 1844 resupinato

948 1866 1118 1893 coronatam,
1136 1860 1297 1887 innitentem
1309 1859 1372 1895 pedi
1388 1858 1529 1894 supposito
1547 1857 1732 1892 rotundo,qui

948 1913 976 1935 et
990 1905 1123 1933 manubrii
1152 1913 1231 1932 usum
1255 1909 1368 1941 prmstat
1391 1904 1558 1931 ministranti
1584 1903 1732 1938 pincernzr.

949 1953 1015 1988 Ejus
1034 1952 1128 1979 formae
1144 1951 1250 1983 lances,
1265 1955 1313 1978 aut
1328 1950 1350 1977 si
1366 1950 1458 1978 dicere
1471 1949 1563 1980 liceat,
1577 1947 1733 1982 capedines,

949 2004 1084 2033 argenteae
1104 1997 1135 2033 [Ρ
1153 1997 1216 2034 409]
1236 1997 1291 2024 fere
1304 1998 1385 2025 hodie
1402 1996 1528 2024 visuntur
1543 1995 1570 2022 in
1589 2001 1732 2029 procerum

949 2046 1083 2072 conviviis
1111 2053 1117 2070 :
1147 2045 1286 2071 tenuiores
1316 2042 1446 2070 ﬁctilibus
1489 2045 1614 2067 utuntur.
1643 2039 1735 2066 [Etate

948 2091 1124 2126 Pachymeris
1138 2090 1258 2116 nondum
1273 2089 1404 2116 Peruanis
1428 2088 1512 2115 ditata
1526 2086 1643 2114 metallis
1657 2092 1739 2114 aereas

950 2137 1144 2164 increbuerant
1158 2137 1223 2163 :sed
1239 2135 1361 2162 materiae
1378 2135 1468 2161 vilitas
1478 2137 1608 2160 encausto
1619 2131 1738 2166 picturae.

949 2184 1031 2210 variae
1050 2182 1154 2209 fructus
1173 2181 1347 2209 autumnaies
1365 2179 1552 2207 assimuiantis
1581 2178 1740 2212 tegebatur,

109 2224 145 2251 afl
158 2226 254 2252 tSEl'inl
279 2225 376 2252 fabulae
399 2233 460 2261 quae
477 2227 618 2260 praalatum
644 2228 696 2254 diis
712 2228 778 2262 ipsis
790 2227 896 2262 judicio
913 2227 935 2255 D
950 2234 979 2257 ut
994 2230 1075 2256 docet
1101 2228 1151 2255 hoc
1166 2228 1226 2255 loco
1240 2231 1342 2254 noster.
1360 2227 1455 2262 Negari
1481 2233 1535 2252 nott
1564 2228 1654 2259 potest
1666 2223 1740 2258 quin.

110 2270 247 2304 principis
257 2271 370 2298 deorum
390 2271 417 2298 in
432 2272 562 2300 felicitate
577 2274 748 2308 nuptiarum,
764 2281 897 2302 concessa

110 2316 162 2349 ipsi
182 2317 208 2343 in
223 2325 351 2350 sponsam
368 2317 485 2346 Thetide
497 2327 577 2352 qualn
598 2318 704 2355 Jupiter
723 2321 780 2355 ipse
805 2328 854 2355 pro
869 2327 898 2347 se

109 2363 215 2390 ainbire
226 2364 373 2397 potuisset,
391 2365 529 2392 celebrant
545 2365 676 2394 Peleum:
694 2368 772 2401 cujus
789 2367 899 2402 generis

109 2409 154 2435 illa
168 2413 233 2436 sunt
242 2409 341 2436 Catulli
361 2419 367 2437 :

181 2467 265 2504 Teque
280 2468 356 2504 adeo.
369 2469 464 2495 eximie
477 2470 551 2496 (tedis
565 2469 686 2504 felicibus
700 2476 785 2500 uitae,

182 2503 324 2541 Thessaliae
340 2504 468 2541 columen,
484 2505 575 2541 Peleu,
587 2507 629 2532 cui
644 2505 749 2541 Jupiter
763 2507 828 2541 ipse,

182 2537 243 2572 Ipse
256 2546 316 2564 suos
327 2539 418 2566 divum
432 2540 535 2573 genitor
548 2537 800 2575 concessit'amorés,

110 2594 168 2620 Nec
191 2593 291 2621 fortea
315 2595 396 2630 genio
423 2595 600 2631 Pachymcris
619 2597 734 2624 multum
757 2598 898 2625 aberraret

108 2641 156 2674 qui
173 2640 363 2674 suspicaretur
381 2641 417 2668 ita
433 2642 590 2670 meminisse
611 2643 688 2671 illum
706 2643 778 2671 Pelei
805 2644 898 2671 herois

108 2684 254 2720 inculpati,
264 2686 463 2714 utalluseritad
474 2693 583 2723 etymon
598 2690 718 2717 nominis
732 2690 791 2724 ejus
800 2691 832 2718 ἐκ
849 2690 896 2718 τοῦ

109 2730 208 2763 πηλοῦ,
228 2731 300 2765 quod
329 2732 415 2759 lutum
443 2734 590 2769 signiﬁcat,
609 2735 727 2768 formati,
754 2737 829 2763 velut
855 2737 898 2764 itt-

109 2784 264 2804 nueosuon
280 2779 368 2813 magis
388 2779 495 2807 alliuem
521 2779 604 2808 fuisse
619 2781 750 2815 Veccum,
769 2786 897 2817 spectatae

148 2866 185 2900 (l)
205 2867 245 2894 Cl.
267 2867 437 2895 Glossarium
452 2868 576 2897 alterum.

951 2275 1141 2310 percotnmoda
1156 2273 1238 2301 fuerit
1255 2273 1409 2300 istiusmodi
1425 2271 1497 2300 vasis
1512 2270 1599 2299 forma
1612 2269 1649 2309 ad
1670 2269 1739 2296 istas

949 2321 1068 2357 eulogia:
1098 2321 1223 2356 frumenti
1253 2320 1320 2346 cocti
1346 2323 1403 2346 tum
1430 2318 1529 2345 decore
1551 2315 1735 2344 admovendas

949 2370 1016 2401 aris,
1034 2372 1091 2395 tum
1107 2367 1172 2395 inde
1186 2371 1247 2402 post
1269 2365 1421 2394 sacerdotis
1438 2364 1658 2392 benedittionem
1685 2362 1738 2389 de-.

950 2414 1098 2450 portandas
1114 2414 1142 2440 in
1158 2413 1253 2440 domos
1277 2416 1348 2445 tuto,
1358 2411 1515 2444 latitudine,
1545 2417 1578 2437 ex
1594 2417 1647 2444 qua
1668 2409 1740 2435 πλα-.

948 2461 1019 2486 τεῖαι
1031 2459 1171 2490 dicuntur,
1184 2458 1322 2493 paulisper
1335 2465 1463 2489 concava,
1481 2460 1507 2484 et
1516 2455 1624 2490 capacis
1638 2459 1734 2482 rotun-

948 2506 1051 2537 ditatis,
1082 2505 1161 2533 facile
1188 2505 1350 2532 admittente
1373 2503 1516 2531 materiam
1541 2504 1634 2533 talem,
1663 2506 1691 2528 et
1720 2509 1739 2531 a,

948 2553 1027 2586 lapsu
1042 2551 1205 2587 prohibente
1230 2550 1363 2578 beneficio
1377 2550 1445 2577 editi
1468 2549 1571 2576 circum
1590 2547 1732 2581 marginis,

949 2598 1126 2632 illiusnempe
1139 2597 1172 2624 de
1182 2605 1234 2631 qua
1250 2597 1317 2629 dixi,
1333 2595 1440 2623 tuodice
1458 2595 1578 2622 reductte
1590 2593 1676 2621 etalte
1685 2601 1734 2627 per

948 2643 1092 2670 circuitum
1100 2641 1460 2671 cxstantisloricul:c.Vuces
1467 2648 1574 2676 quoque
1583 2645 1638 2667 tum
1645 2640 1736 2665 ὲκπω·

951 2690 1044 2724 μάτων
1058 2694 1115 2717 tum
1136 2689 1253 2724 ὑποδοχή
1272 2688 1417 2723 aptissime
1435 2688 1463 2714 in
1482 2692 1607 2714 nostram
1621 2690 1735 2713 sentcn-

949 2735 1015 2762 tiam
1028 2735 1166 2762 accidunt.
1184 2734 1309 2762 Indicant
1322 2734 1396 2761 enim
1411 2741 1490 2760 usum
1516 2733 1597 2760 istius
1610 2731 1681 2758 vasis
1703 2738 1737 2758 eo

950 2781 1015 2809 facti
1033 2785 1061 2808 t.t
1075 2780 1183 2816 pocula,
1200 2779 1364 2816 ἐκπώματα,
1381 2779 1508 2815 itnposita
1520 2779 1670 2814 exciperet,
1695 2779 1734 2805 sic
