1931 3069
97 149 165 181 lilii“!

779 148 800 175 (ἶ
807 147 920 176 LOSSA
928 147 994 176 RIU
1001 147 1037 176 id.

1657 150 1723 184 1053

94 206 176 233 simili
194 204 347 240 ἁσυςτασίᾳ
366 210 393 231 et
420 202 606 237 insuspicaliili
628 202 781 230 coliiesioue
808 207 883 229 tene-

939 209 991 236 quo
1009 201 1152 230 Vulcanius
1167 203 1217 238 legi
1231 203 1309 237 jubet
1325 212 1448 238 grumam
1470 204 1549 240 595
1566 205 1724 242 δίορθῶστνι,

97 253 169 278 brosi
190 259 238 286 per
261 251 331 277 lianc
350 250 489 276 litswiiam
522 255 682 279 occurrunt.
709 255 885 275 assensurum

97 298 162 324 mihi
181 297 309 324 lectorem
325 296 485 330 prudentem
502 295 523 322 si
534 295 628 322 dixero
641 293 722 329 594
739 293 884 329 ΟΕιΙῑριιιη,

97 351 151 369 non
170 342 273 369 Davum
288 349 348 368 eSse
364 346 492 375 oportere
513 340 689 374 interpretem
700 338 886 374 Pachymeris.

97 388 251 423 scriptoris,
269 388 291 414 si
320 387 465 421 quisquam
495 386 576 416 ullus,
610 384 766 420 antiquarii,
789 385 886 418 cuique

98 434 203 462 meliori
218 435 375 469 jurequant
390 433 427 460 illi
441 433 466 459 in
483 440 564 466 quem
579 431 693 458 Latinus
707 431 886 466 epigramma-

99 482 186 509 tarius
198 481 249 508 hoc
269 488 349 508 versu
369 479 433 506 lusit
445 499 452 510 ,
467 477 673 512 exprobraveris
692 485 700 504 :

138 526 198 554 Non
210 527 304 553 lectore
320 526 372 551 tuis
386 533 451 559 opus
464 530 512 557 est,
529 523 573 550 sed
588 523 707 555 Apolline
725 523 809 548 libris.

100 574 153 600 Sed
167 573 313 607 παρέργων
329 572 352 606 ἢ,
362 570 513 606 «poetiriin
524 569 593 601 ἅλις.
610 569 684 603 Opus
693 568 885 602 vocatipsum;

100 623 127 645 et
144 623 264 645 attentus
298 624 442 644 consvssus
457 615 509 643 dici
532 624 546 642 ιι
564 623 607 641 me
624 622 732 641 causam
750 617 886 648 exspectat

91 650 149 692 2cur
166 665 192 691 in
209 664 352 698 ποιότητος
370 662 502 690 vocabulo
518 669 582 692 non,
597 665 625 687 ut
640 661 719 694 vulgo
733 658 885 690 consuevit,

99 711 271 746 qualitatem,
290 710 338 737 sed
351 709 468 744 regulam
492 707 683 734 intellcxcrim.
701 706 800 733 Vereor
814 706 886 732 enim

100 761 129 783 ut
146 756 217 790 apud
237 755 379 790 plerosque
392 755 457 781 satis
473 754 506 780 sil
518 753 644 787 allegare,
658 751 729 786 quod
746 751 886 778 verissime

100 808 222 836 possum,
241 799 415 826 manifestum
433 806 465 824 ex
478 797 648 832 inspectione
674 796 885 830 praecedentium

99 849 259 879 verborum,
277 845 330 872 loci
347 844 512 871 sententiam
529 844 556 870 id
571 843 719 878 ﬂagitasse.
735 841 793 868 Non
813 841 885 868 enim

99 893 216 921 deerunt
230 892 276 926 qui
300 891 408 926 exigant
421 890 502 917 etiam
528 889 716 916 aberrationes
735 891 762 915 et
793 887 886 915 deliria

101 938 266 972 scriptorum
281 937 315 964 ab
343 936 540 971 interpretibus
559 934 693 969 exprimi;
717 941 798 968 atque
820 934 887 961 adeo

101 984 128 1010 in
143 984 197 1011 isto
215 990 316 1017 genere
332 989 413 1016 quam
429 981 697 1016 superstitiosissiiue
712 980 826 1014 ineptire
855 979 888 1006 li-

99 1029 161 1056 dem
176 1032 283 1056 vocent.
298 1028 350 1054 Aio
371 1027 450 1061 igitur
469 1028 608 1061 Opinatum
638 1034 697 1053 eSse
717 1033 770 1058 me,
787 1025 887 1052 vidisse

99 1075 202 1108 aliquid
222 1063 327 1108 uSpiam
342 1073 536 1108 PilCll)'mCl‘t'.lll
562 1081 615 1107 quo
628 1077 720 1098 motus
744 1072 776 1098 ad
791 1071 889 1098 existi-

101 1121 230 1147 mandum
245 1122 290 1152 sit,
305 1124 435 1154 ποιότητα
445 1119 706 1154 rcgulamiuterdum
723 1117 886 1152 signiﬁcare,

102 1167 237 1200 istamque
257 1170 285 1192 ut
303 1165 382 1197 solet,
394 1165 518 1199 quamvis
532 1172 630 1194 raram,
649 1163 785 1190 notionem
797 1164 886 1190 oblata

100 1212 283 1246 quala-unque
314 1211 458 1238 occasione
490 1218 619 1244 usurpare
645 1209 798 1235 alicctasse.
827 1208 886 1235 Non

102 1264 145 1286 est
161 1257 341 1284 invertsnnile
357 1256 460 1284 bomini
481 1256 665 1283 Obsolclorunt
678 1254 823 1280 verborum
839 1262 887 1280 au-

101 1303 165 1338 cupi
190 1303 281 1330 talium
299 1302 469 1329 collectorein
483 1307 509 1328 et
525 1306 709 1327 enarratoreut
729 1299 885 1334 diligentem

102 1348 263 1375 familiarem
297 1347 461 1382 llesycbium
479 1345 580 1377 fuisse;
610 1345 689 1379 cujus
718 1344 885 1371 vocabularii

103 1394 174 1421 haud
189 1394 270 1427 paulo
300 1392 465 1420 corrcctiora
483 1391 719 1424 Constantinopoli
747 1394 810 1416 ante
837 1390 886 1416 lios

101 1440 314 1475 quadringentos
328 1439 360 1475 [l’
373 1439 438 1473 4111
450 1446 546 1471 annos,
559 1438 611 1465 hoc
629 1443 673 1465 est
693 1442 771 1465 actate
787 1437 885 1471 Pachy-

102 1487 196 1517 meris,
213 1485 377 1521 exemplaria
400 1485 482 1512 fuisse
496 1493 575 1520 quam
594 1484 657 1512 illud
669 1493 701 1512 ex
728 1493 781 1519 quo
803 1484 887 1511 Aldus

102 1533 237 1560 Manutius
252 1533 399 1560 editionem
415 1533 549 1566 expressit
561 1540 649 1564 suam,
666 1539 747 1558 nemo
765 1532 883 1566 prudens
900 1544 920 1571 ε

103 1578 279 1606 dubitaverit.
293 1577 423 1612 Suspicor
439 1577 530 1610 itaque
542 1577 737 1612 Pacliyuierem
760 1576 787 1603 iu
803 1576 887 1603 verbo

104 1625 214 1659 ποιότης
231 1625 303 1659 apud
323 1623 486 1658 llesycliium
501 1623 580 1657 longe
592 1623 664 1649 aliud
681 1622 781 1658 legisse
806 1630 886 1657 quam

103 1671 153 1698 hoc
166 1671 202 1698 ibi
219 1671 299 1698 hodie
312 1678 445 1704 apparens
460 1669 560 1696 nullius
575 1669 653 1703 pretii
666 1677 672 1695 :
691 1669 803 1703 Ποιότης
817 1669 888 1704 χρῶ-

103 1726 142 1752 μσ.
157 1717 236 1752 ἡδονὴ
259 1716 342 1747 νότοι.
361 1716 429 1748 Quid
444 1722 534 1750 quaeso
556 1715 642 1747 v6:o;,
661 1716 725 1749 quid
743 1714 823 1749 ήδυνή
853 1715 887 1741 ad

103 1762 256 1796 ποιότηταῖ
272 1762 340 1794 Quid
359 1761 424 1788 illud
447 1761 535 1795 ipsutn
557 1760 675 1795 Xpiiipa?
693 1767 774 1794 quam
800 1760 888 1794 inopi-

103 1814 197 1835 italum
214 1813 250 1840 cl,
267 1815 294 1834 ut
310 1808 394 1834 bbere
417 1808 517 1839 dicam,
535 1806 765 1842 dnpos6.dvuzr-v?
792 1814 823 1832 ac
840 1814 887 1840 pro

103 1856 156 1882 illis
181 1854 291 1888 quidem
311 1854 393 1888 ἡδονὴ
408 1854 484 1884 νότος
497 1853 685 1888 reponendum
710 1853 841 1887 putarim,
855 1862 888 1880 ex

103 1902 138 1928 iis
148 1909 208 1936 qum
220 1901 254 1927 ad
266 1901 377 1927 vcrbqu
390 1899 542 1932 γονικεύειν
555 1899 693 1930 adnotavi,
710 1899 725 1933 ἢ
742 1899 828 1932 γόνος,
845 1899 889 1934 μί-

101 1957 156 1978 τυς.
175 1948 251 1979 Quod
270 1954 342 1972 nunc
356 1946 465 1977 attinet,
492 1945 592 1979 γρώμα
607 1953 655 1979 pro
668 1945 766 1979 χρῶμα
791 1945 817 1970 in
834 1945 888 1972 llc-

101 1994 197 2029 S)(lli0
215 1993 427 2028 l'acliymeriano
435 1991 559 2026 suspicor
569 1992 700 2024 scriptum
717 1990 887 2024 apparuisse.

103 2039 200 2067 Groma
211 2047 261 2066 vox
277 2043 357 2065 estcx
372 2045 424 2072 qua
438 2037 483 2071 qui
495 2044 619 2072 agrorum
630 2036 827 2063 mcticndorum
845 2045 889 2063 ra-

103 2086 205 2112 tionem
218 2084 364 2116 tradidere,
379 2085 406 2110 in
426 2091 510 2109 unum
525 2082 634 2110 collecti
656 2089 765 2116 corpus.
782 2090 889 2116 grotua-

103 2131 150 2158 tici
169 2131 326 2164 scriptorcs,
358 2136 458 2156 nomen
487 2128 662 2155 invenerunt.
692 2128 739 2155 Est
766 2128 838 2155 enim
862 2128 887 2155 id

104 2175 279 2203 instrumenti
294 2175 454 2202 vocabulum
477 2175 526 2200 ista
549 2175 576 2201 in
602 2180 660 2202 arte
676 2175 817 2210 pra-cipui.
835 2182 889 2208 qUo

103 2223 137 2249 ad
152 2223 309 2256 dirigeudas
324 2221 440 2247 limitum
456 2220 540 2247 lineas
553 2220 579 2246 iu
600 2225 732 2247 terrarum
744 2220 887 2254 partitione

103 2273 151 2295 aut
178 2267 348 2294 dimensione
368 2267 525 2293 utebantur.
541 2263 638 2292 Grauia
655 2266 712 2292 sive
729 2274 832 2300 gruma,
860 2270 889 2292 ut

105 2314 186 2348 vulgo
211 2313 357 2347 explicant,
380 2319 501 2338 nicusura
533 2313 654 2346 qua’tlam
676 2318 712 2338 est
733 2320 785 2345 qua
814 2313 889 2346 [ιωω

106 2368 154 2387 vite
171 2361 204 2386 ad
231 2359 326 2385 lineam
341 2358 504 2392 diriguntur,
527 2364 584 2388 aut,
619 2363 647 2383 ut
666 2357 770 2384 Nonius
795 2357 888 2391 habet,

105 2407 163 2433 loca
194 2405 278 2432 media
298 2405 323 2430 in
346 2412 403 2438 qua:
426 2404 531 2429 directa:
561 2409 674 2436 quatuor
701 2408 890 2437 congregantur

105 2453 164 2483 ulti),
182 2454 253 2486 quod
269 2452 397 2477 nimirum
413 2458 439 2476 ιιι
456 2449 500 2476 illo
515 2454 608 2476 centro
627 2449 714 2482 campi
730 2448 889 2474 dimetiendi

104 2504 305 2532 aginineusorcs
317 2504 426 2531 prunus
441 2503 504 2521 suas
525 2498 708 2524 intenderent,
720 2499 745 2520 et
761 2494 793 2520 iis
804 2493 889 2527 adiuti

107 2546 146 2571 \cl
167 2543 253 2569 lineas
271 2544 319 2576 ipsi
339 2542 419 2577 primi
435 2546 522 2568 rectas
534 2540 707 2575 designarent
720 2539 760 2566 vel
776 2540 891 2566 curvita.

106 2595 191 2616 t..tcut
210 2588 286 2623 prius
311 2587 511 2622 descriptartuu
537 2587 738 2620 deprehensam
768 2587 889 2620 corrige-

106 2641 178 2663 rent.
193 2635 308 2662 lstoruin
328 2634 398 2661 banc
416 2634 551 2660 actionem
565 2632 696 2666 expressit
710 2630 813 2659 EnuiUs
829 2639 890 2658 cum

105 2690 228 2718 grumam
257 2681 367 2715 dirigere
397 2680 516 2714 scripsit.
544 2678 573 2705 ln
592 2677 737 2705 Glossariis
755 2678 891 2704 veteribus

105 2730 140 2755 ab
154 2728 270 2754 llcnrico
279 2726 417 2762 Stephano
431 2729 458 2752 ct
471 2724 659 2751 Bonavcntura
671 2724 799 2751 V'ultanio
811 2724 891 2750 cditis

107 2776 307 2810 lcgiturgrttma
325 2773 452 2807 γνώμων.
472 2771 548 2798 Unde
566 2771 802 2805 vit'bunigrumat,
819 2769 890 2804 quod

107 2822 142 2848 ibt
164 2821 313 2855 explicatur
329 2826 378 2854 per
392 2817 437 2845 illa
461 2817 554 2844 Graeca
570 2819 673 2852 μετρεῖ,
691 2817 784 2848 sgmx.
809 2817 891 2843 l’aulo

107 2871 168 2900 post
183 2865 218 2892 ibi
227 2865 335 2899 ponitur
349 2864 468 2899 grumuri
483 2863 670 2897 κλτλπτρέψλι
688 2864 818 2899 1995):“,
836 2871 884 2898 μω

939 249 977 275 uti
989 254 1016 276 et
1027 257 1076 284 pro
1088 257 1121 276 eo
1129 250 1202 284 quod
1220 250 1320 277 ibidem
1339 258 1400 278 mox
1411 251 1532 278 cernitur
1541 261 1634 286 gruma
1650 255 1725 288 βασι-

937 294 1000 330 λικὴ
1019 295 1115 330 γνώμη
1143 296 1331 330 reponendum
1346 297 1485 323 contendit
1497 306 1591 332 gruma
1609 298 1724 334 διόπτρα

937 342 1094 375 τεκτονική.
1133 340 1249 368 Videtur
1280 341 1441 369 vocabulum
1483 343 1555 371 istud
1579 345 1723 380 antiquum

937 395 1031 422 gruma
1046 395 1060 414 a
1076 387 1176 422 priscis
1194 387 1298 415 Latinis
1320 395 1353 415 ex
1369 387 1463 416 Graeco
1489 389 1607 424 γράμμα
1624 391 1724 418 forma-

938 436 1007 459 tum.
1028 433 1076 460 Est
1103 439 1194 460 autem
1215 433 1350 469 γράμμα,
1367 441 1396 461 ιιι
1426 435 1485 461 alim
1500 436 1594 470 glossze
1607 437 1724 464 Graeco-

938 478 1038 507 Latinm
1063 485 1168 506 veteres
1184 480 1293 512 docent,
1305 481 1319 506 ὁ
1331 481 1450 516 σταθμός
1463 482 1618 515 scripulum.
1640 484 1724 510 Scru-

939 525 1032 559 pulum
1054 531 1146 552 autctn
1178 526 1235 553 sive
1265 526 1427 560 scripulum.
1451 533 1480 554 ut
1505 537 1538 555 cx
1562 529 1681 557 Varrone
1695 536 1723 557 et

937 571 1088 598 Columella
1104 572 1178 599 libris
1201 573 1234 599 de
1253 581 1281 599 re
1297 573 1396 600 rustica
1416 573 1463 600 viri
1484 576 1555 601 docti
1580 576 1721 611 colligunt,

938 625 1066 644 mensura
1084 623 1124 644 est
1136 617 1258 644 adltiberi
1275 618 1352 644 sol:ta
1371 619 1514 646 mctivndis
1528 621 1611 654 agris.
1625 630 1722 657 nempe

937 671 1031 697 grauia
1049 666 1106 690 sive
1122 671 1225 698 grama,
1258 671 1317 698 qua:
1335 669 1394 690 erat
1415 666 1625 694 instrumentum
1645 668 1723 702 cujus

939 716 990 742 ope
1007 709 1176 744 dirigebatur
1203 709 1299 736 oculus
1319 709 1352 735 ad
1369 710 1454 736 lineas
1475 711 1614 739 ducendas
1628 722 1723 741 exacte

938 758 1039 786 rectas,
1057 753 1205 788 promiscui
1221 762 1286 781 usus
1303 755 1461 782 arcliitcttis
1481 761 1508 783 et
1526 758 1723 792 agrinicnsuri-

939 800 1001 832 bus,
1015 800 1086 826 undc
1103 799 1217 835 διόπτρι
1233 802 1376 835 τεκτονική
1392 801 1476 834 dicta,
1490 807 1518 829 ut.
1532 803 1658 831 vidimus.
1683 805 1722 832 Ex

940 844 983 871 his
1000 845 1086 879 liquet
1103 853 1193 880 qroma
1211 845 1270 872 sive
1282 854 1376 879 gruma
1397 846 1467 874 idem
1479 855 1540 875 esse
1563 850 1635 883 quod
1652 851 1722 883 'Y‘:(.i)-

939 899 1008 924 μων,
1032 890 1163 925 σταθμὸς,
1184 891 1298 926 διόπτρα.
1309 893 1464 927 τεκτονική,
1489 894 1638 929 scripulum
1665 897 1722 923 she

937 935 1107 969 scrupulum.
1121 943 1181 969 qua:
1198 936 1288 963 omnia
1319 937 1456 964 vocabulis
1469 938 1572 966 Latinis
1598 943 1720 973 amastis.

938 988 1048 1013 nor-mw,
1065 981 1161 1016 regula:
1177 981 1354 1015 respondent,
1372 987 1399 1009 et
1416 983 1597 1012 instrumenta
1616 987 1721 1022 signiti-

937 1030 1011 1059 cant,
1025 1027 1124 1061 quibus
1138 1027 1214 1054 visus
1230 1027 1365 1054 humanus
1379 1029 1412 1056 ad
1438 1029 1660 1062 dijudicatiom-m
1681 1042 1723 1059 re-

938 1071 974 1098 cii
992 1080 1006 1098 a
1023 1079 1106 1098 curvo
1121 1077 1170 1099 aut
1186 1072 1454 1107 adsexmquationcm
1466 1075 1568 1110 obliqui
1579 1076 1612 1103 ad
1627 1083 1723 1104 exacte

938 1118 1069 1145 directum
1088 1118 1193 1152 utitur;
1214 1119 1246 1146 ad
1259 1120 1330 1154 quod
1350 1128 1411 1147 cum
1429 1126 1501 1148 esset
1519 1130 1583 1150 usus
1593 1129 1723 1158 opportu-

938 1171 989 1190 nus
1003 1163 1197 1196 l'uniculorum,
1214 1164 1295 1192 etiam
1320 1166 1409 1199 γόνος,
1436 1167 1512 1200 μίτος
1539 1168 1589 1195 hoc
1625 1169 1722 1196 instru-

938 1214 1058 1236 mentum
1079 1209 1133 1236 dici
1154 1212 1256 1244 potuit;
1276 1219 1336 1245 quae
1355 1212 1435 1238 verba
1467 1211 1600 1247 llrsycliio
1628 1215 1720 1242 funem

937 1260 1035 1282 sonant
1051 1256 1290 1290 agrimensorium.
1310 1256 1393 1284 Porro
1410 1266 1470 1284 cutn
1488 1258 1647 1294 Hesychius,
1674 1263 1721 1294 qui

938 1305 991 1326 tam
1011 1301 1094 1328 multa
1109 1302 1187 1328 nobis
1204 1301 1293 1336 ignota
1309 1308 1483 1329 monumenta
1501 1308 1591 1331 vetera
1606 1305 1720 1338 viderat,

937 1347 1037 1374 alicubi
1055 1348 1123 1374 forte
1136 1348 1283 1382 reperissct
1297 1348 1348 1375 hoc
1363 1348 1587 1382 instrumentum,
1607 1351 1722 1385 γρώμαν

937 1393 995 1420 sive
1012 1395 1143 1428 γράμμαν
1157 1395 1270 1425 dictum,
1284 1394 1395 1429 ποιότην
1412 1400 1457 1421 aut
1473 1396 1602 1430 ποιότητα
1620 1405 1720 1429 vocari,

938 1445 964 1466 et
984 1440 1035 1466 hoc
1052 1443 1122 1467 inter
1138 1441 1265 1467 notiones
1281 1441 1423 1468 abstrusas
1439 1441 1640 1474 vocabulorum,
1656 1451 1722 1477 qua-

940 1487 978 1513 lcs
991 1489 1149 1513 tltnttttlerus
1169 1494 1252 1520 opere
1269 1486 1314 1513 illo
1333 1495 1382 1513 suo
1410 1488 1610 1522 complectitur,
1632 1491 1723 1524 expri-

940 1533 1066 1558 mendum
1080 1536 1213 1566 putasset.
1236 1531 1291 1558 licri
1309 1531 1389 1559 facile
1406 1533 1497 1567 potuit
1522 1539 1549 1561 ut
1564 1542 1596 1561 ex
1612 1542 1644 1562 eo
1673 1536 1723 1563 Pr.-

938 1579 1092 1613 cltyiueres,
1120 1582 1245 1613 captator
1277 1578 1392 1612 cupidus
1427 1580 1571 1607 verborum
1599 1580 1721 1608 inusitati

938 1626 1116 1659 signiﬁcatus,
1152 1625 1295 1659 ποιότητος
1323 1625 1484 1652 vocabulum
1515 1627 1566 1654 hoc
1583 1627 1644 1654 loco
1674 1636 1722 1662 pro

939 1671 1028 1706 regula
1046 1671 1177 1705 posuerit.
1196 1671 1330 1697 Ilactenus
1350 1671 1450 1705 scripta
1469 1680 1530 1698 cum
1547 1673 1721 1701 ostenderem

939 1717 1125 1744 illustrissiuio
1144 1716 1174 1742 1).
1201 1716 1293 1743 abbati
1307 1716 1419 1743 Octavio
1448 1717 1619 1751 Falconcrio,
1636 1720 1723 1754 ipsius

938 1770 969 1788 ca
981 1762 1156 1788 liinalissimo
1172 1761 1276 1795 judicio
1293 1761 1454 1796 subjicicns,
1476 1768 1609 1797 suggesst
1624 1764 1670 1792 ille
1685 1767 1723 1791 vi-

939 1808 995 1834 dcri
1014 1814 1093 1841 posse
1105 1807 1248 1841 antiquum
1265 1805 1410 1833 Etruscum
1433 1808 1594 1835 vocabulum
1605 1809 1677 1843 piata
1706 1818 1722 1836 e

939 1852 1033 1879 Graeco
1059 1853 1171 1888 ποιότης
1190 1852 1322 1887 expositae
1347 1852 1390 1879 hic
1407 1853 1527 1880 notionis
1541 1859 1642 1886 ortum,
1661 1863 1724 1890 pro-

939 1898 1046 1925 miscuo
1059 1903 1124 1925 tunc
1156 1906 1206 1925 usu
1233 1899 1354 1932 gentium
1384 1900 1537 1932 ambarum,
1563 1904 1592 1927 et
1619 1900 1724 1929 Latinis

939 1945 996 1971 sive
1009 1944 1085 1970 Italis
1104 1944 1246 1978 permultis
1271 1944 1512 1979 Constantinopoli
1540 1945 1608 1971 etin
1630 1946 1723 1973 multis

938 1991 1000 2018 aliis
1014 1990 1160 2017 Orientalis
1181 1990 1288 2025 imperii
1306 1990 1403 2017 insulis
1423 1994 1451 2017 et
1466 1990 1532 2018 locis
1548 1991 1725 2025 peregrinan-

940 2036 1013 2063 tibus
1032 2040 1079 2062 aut
1094 2036 1266 2070 degentibus,
1281 2039 1308 2062 et
1330 2035 1449 2062 vicissim
1467 2043 1521 2062 non
1541 2037 1636 2070 paucis
1651 2037 1724 2063 Gra-

939 2084 980 2110 cis
1005 2083 1080 2109 Pisas
1106 2086 1187 2115 atque
1214 2081 1348 2108 Etruriam
1377 2082 1538 2114 visentibus,
1564 2082 1637 2108 varia
1651 2090 1725 2109 com-

940 2129 1101 2157 iuerciorum
1117 2128 1186 2156 vice.
1208 2129 1322 2154 Constat
1338 2135 1403 2154 sane
1427 2129 1498 2162 apud
1530 2127 1644 2154 Dantem
1669 2129 1724 2154 Ali-

940 2175 1076 2209 giierium,
1101 2175 1243 2207 antiquum
1272 2177 1299 2199 ct
1333 2172 1443 2199 maximi
1477 2172 1596 2199 nomihis
1617 2177 1722 2206 poetam

905 2217 927 2245 D
943 2219 1092 2251 Tliuscum,
1110 2225 1201 2245 vocem
1212 2218 1283 2251 piata
1298 2225 1347 2251 pro
1355 2218 1423 2252 pede
1434 2216 1569 2251 usurpari.
1581 2217 1644 2244 Vide
1664 2217 1723 2252 ejus

941 2265 1078 2300 [uret-num
1090 2265 1140 2291 sub
1153 2264 1232 2290 liuent
1248 2268 1345 2290 cantus
1358 2271 1414 2290 xix.
1429 2263 1558 2290 Voeabuli
1576 2268 1665 2290 autern
1681 2272 1724 2298 prs

940 2318 968 2339 et
983 2310 1242 2345 mquivaleniiuntin
1267 2310 1373 2336 cunctis
1398 2309 1497 2344 linguis
1523 2317 1588 2336 nsus
1609 2315 1649 2336 cst
1673 2310 1726 2335 [ιύ-

939 2357 1138 2393 quentissimus
1163 2357 1196 2383 ad
1232 2356 1438 2390 signiﬁcandam
1470 2363 1624 2382 mensuram
1667 2357 1724 2382 sive

941 2405 1155 2431 instrumentum
1179 2403 1319 2430 metiendi.
1343 2402 1419 2429 Unde
1450 2402 1494 2429 ille
1518 2403 1596 2428 tritits
1622 2401 1725 2428 llorat.i

943 2458 1038 2477 \‘t'l‘SllS
1056 2459 1062 2476 Ξ

961 2496 1051 2523 Metiri
1065 2504 1092 2522 se
1105 2504 1231 2531 quemque
1246 2503 1293 2520 suo
1311 2495 1415 2520 modulo
1429 2502 1459 2520 ac
1474 2494 1538 2528 pede
1554 2502 1640 2520 verum
1658 2499 1707 2519 est.

942 2542 1070 2576 Episdem
1101 2542 1208 2578 generis
1239 2547 1265 2568 ct
1293 2541 1411 2567 notuitiis
1438 2546 1516 2567 crant
1544 2539 1725 2566 instrumenta

943 2591 1032 2622 plures
1047 2589 1127 2614 simul
1144 2589 1227 2622 pedes
1243 2586 1421 2618 dituctienlia,
1449 2587 1481 2622 [Ρ
1499 2585 1562 2620 412]
1585 2594 1644 2620 qua:
1677 2594 1725 2620 pro

943 2635 1048 2660 ratione
1066 2634 1184 2664 numeri,
1206 2638 1311 2658 rctcnto
1332 2632 1410 2666 pedis
1425 2632 1544 2662 nomine,
1576 2632 1725 2666 distingui--

943 2682 1052 2707 bantur.
1078 2680 1114 2706 Ex
1133 2680 1174 2706 liis
1193 2685 1248 2705 erat
1285 2678 1452 2712 decen-pelia
1472 2677 1646 2704 dimetiendis
1671 2686 1727 2703 iis-.-

942 2732 997 2754 tata
1016 2725 1164 2762 porticibus
1175 2733 1206 2751 ex
1221 2725 1331 2750 “tlt'ullli
1348 2725 1441 2751 eodem
1460 2733 1466 2749 :

1122 2791 1204 2818 Nulla
1222 2792 1383 2825 decempedis

1088 2828 1187 2854 .ilelulu
1209 2828 1317 2859 privatis
1332 2835 1442 2860 opacant

1087 2863 1207 2890 Porticus
1231 2870 1276 2887 iure
1290 2863 1374 2894 pitbut
1394 2867 1500 2887 auten.
