1931 3069
214 143 283 174 ῙἿΓΩ

673 145 704 174 Ρ.
728 145 875 176 ΓΟΞΞΙΝΙ
899 145 1226 175 ΟΠΖᾯΕΒΥΑΤΙΟΝΠΜ
1250 145 1321 176 LIB.
1342 145 1363 175 Ι.

1771 144 1846 176 1060

210 200 293 236 596
312 201 391 234 Nam,
408 207 436 228 ut
452 209 533 236 supra
560 202 688 233 vidimus,
703 202 859 228 architectis
889 206 913 227 et
931 200 1001 234 agri-
1017 204 1038 231 Α
1054 200 1095 226 vir
1109 199 1280 228 Theodosius
1298 204 1420 231 vocatur,
1450 201 1488 227 ιιιὶ
1505 204 1531 227 et
1544 207 1569 227 e.
1588 199 1633 233 ἤ,
1653 200 1670 226 l.
1687 208 1716 227 ιι.
1733 200 1769 227 Ex
1802 201 1848 227 lus

213 247 387 274 met-sorihus
417 247 575 274 communia
605 252 685 274 erant
715 247 871 282 huiusmodi
896 246 998 274 instru—

213 297 303 319 menta
322 301 522 320 mensurarum.
546 294 614 326 Quia
642 301 722 328 porro
743 293 902 328 plerumque
919 292 949 319 ﬁt
972 297 1000 318 ut

213 346 348 364 mensura:
366 346 466 365 nontrn
485 339 523 366 rei
541 344 705 367 mensuratte
721 340 867 370 tribuatur,
883 344 911 366 et
925 339 999 366 dit-a-

213 388 257 410 tttr
281 384 397 418 exempli
427 385 511 419 gratia
538 393 583 419 pes
614 390 701 418 teri-az,
728 386 835 420 palmus
857 385 914 412 sive
936 386 999 411 ulna

211 431 305 464 panni,
325 435 392 462 etc.,
410 431 445 457 ita
463 431 587 458 videmus
601 431 722 458 Italicum
739 431 899 458 vocabulum
928 439 944 464 p
956 438 999 457 om

213 482 291 503 terr-.e
310 477 448 504 interdum
468 478 563 510 tribui,
583 478 653 506 forte
671 486 703 506 ex
727 478 899 506 dimensione
928 486 1000 512 agri-

214 524 352 550 tnensoria
379 524 460 558 cujus
491 524 706 552 instrumentum
733 525 805 558 piota
845 528 999 551 votaretur.

212 569 305 600 Picta,
320 570 398 596 aiunt
413 574 542 596 auctores
558 570 758 596 accuratissimi
774 569 863 596 Lexici
881 569 998 600 littusci,

210 616 327 643 dictante
343 615 368 642 la
381 616 451 642 zolla
466 616 493 643 di
508 621 579 643 terra
604 616 649 642 cltc
665 615 742 642 abbia
766 623 823 642 sero
851 615 941 641 l'crba.
960 614 998 641 Ad

211 661 284 694 quod
294 661 380 688 citant
392 660 482 687 Pietro
498 660 595 687 Venari
611 661 731 687 Trattato
742 667 779 692 Vt,
796 660 823 686 in
835 659 891 686 haec
901 659 998 685 verba:

214 706 273 732 Non
288 714 403 740 eengono
418 714 434 732 a
449 711 505 732 star
524 705 603 733 malta
631 707 690 740 [κον
704 704 775 731 delia
803 709 872 731 terra
886 712 932 737 per
955 711 999 729 ca-

210 753 282 778 tmrsi
294 751 336 778 del
349 751 498 778 semenzaio
513 759 561 778 con
586 759 657 783 casa,
677 750 732 777 ciae
746 750 774 777 in
786 758 838 776 una
857 749 928 784 piota
945 754 997 776 t'lC.

213 797 289 824 l’iola
305 806 369 833 ergo
378 796 469 824 ltalice
481 797 629 831 idemquod
641 803 699 831 pes,
710 795 782 822 unde
792 800 820 822 et
830 795 997 822 instrumen-

211 847 269 870 tum
279 842 351 878 agris
360 841 505 869 metiendi:
521 841 624 869 dictum
639 842 678 869 sic
689 841 781 874 fuerit,
789 845 817 868 et
826 848 875 868 vox
886 841 997 874 ποιότης

209 888 312 915 Grtecis
340 887 391 914 atvi
417 887 552 922 sequioris
587 887 681 914 eadem
709 888 821 914 notione
851 891 999 920 usurpata.

211 934 293 962 istutn
305 942 385 961 usum
399 933 535 969 Hesychia
545 938 659 961 notante
669 937 696 960 et
714 932 878 969 Paeltymere
895 932 998 959 exscri-

210 979 303 1013 bt-nte,
322 984 402 1014 prout
425 979 559 1007 hactenus
586 979 715 1012 diximus,
736 986 792 1005 non
820 978 997 1009 aliirtnautes,

212 1026 260 1053 sed
277 1018 430 1060 quaerentes
445 1030 473 1052 et
486 1024 564 1060 quasi
586 1025 720 1052 micantes
731 1024 758 1051 in
777 1024 907 1052 tenebris.

246 1073 408 1106 Πράγματα
437 1079 463 1106 p.
493 1071 555 1098 ΗΒ.
583 1069 638 1097 lloc
672 1071 732 1098 loco
765 1078 817 1098 vox
847 1069 997 1105 πράγματα

210 1118 331 1145 similent
353 1117 494 1144 notionem
520 1117 602 1144 habet
629 1117 689 1151 ejus
710 1116 744 1143 de
771 1123 825 1150 qua
853 1116 998 1143 adnotasse

209 1163 312 1198 aliquid
338 1162 451 1190 memini
485 1163 599 1190 scholiis
623 1163 656 1189 ad
686 1162 816 1189 Catenam
841 1160 996 1188 Graecorum

210 1209 320 1236 Ρ.ιιι“ι.ιιιι
337 1209 365 1236 in
385 1208 558 1244 Evangelium
574 1206 603 1235 S.
621 1207 715 1238 Marci,
732 1207 820 1240 brevi,
832 1207 884 1234 nisi
900 1207 998 1234 littera:

211 1257 362 1283 amicorum
376 1255 484 1287 fallunt,
500 1255 612 1282 Parisiis
627 1254 772 1282 edendam.
791 1254 923 1286 Similem,
954 1253 998 1278 in-

211 1309 291 1332 quam
305 1309 312 1327 :
326 1308 379 1327 non
399 1300 472 1327 enim
502 1299 646 1334 pecuniam
676 1299 821 1334 signatam,
843 1298 890 1326 sed
907 1299 996 1333 signa,

213 1354 285 1376 vasa,
306 1353 426 1381 getnwas
441 1350 469 1372 et
485 1346 544 1379 ejus
559 1344 666 1380 generis
681 1346 824 1379 pretiosam
850 1349 876 1370 et
894 1345 999 1378 specio-

210 1399 267 1418 sam
303 1391 500 1426 supellectilem
537 1390 583 1417 hie
617 1397 650 1417 eo
677 1390 761 1417 verbo
778 1389 916 1425 designari
946 1389 998 1416 loci

210 1439 346 1465 sententia
363 1438 456 1473 exigit.
471 1436 508 1464 De
525 1444 553 1464 re
565 1437 621 1472 ipsa
639 1436 683 1464 hic
699 1436 826 1468 indicata,
843 1436 893 1463 hoc
908 1440 949 1462 est
965 1436 998 1463 de

210 1486 287 1512 clade
301 1485 397 1512 Isaacii
412 1484 537 1519 Augusti,
555 1484 633 1519 cujus
651 1483 795 1510 occasione
809 1483 860 1510 ista
873 1483 999 1510 venerint

210 1532 238 1558 in
255 1535 416 1566 potestatem
429 1530 618 1565 Bulgarorum,
631 1529 753 1556 dicemus
769 1529 796 1555 in
808 1530 879 1555 notis
890 1529 921 1555 aut
933 1536 995 1555 eum

1054 247 1187 274 habemus
1204 247 1239 274 ita
1257 246 1341 274 fuisse
1359 246 1498 281 peculiare
1516 246 1648 280 Principis
1674 253 1775 273 nomen
1795 247 1845 281 dv-

1052 293 1139 320 nastis
1155 293 1348 328 Peloponnesi,
1367 298 1396 319 ut
1414 300 1462 327 pro
1478 293 1610 319 vocabulo
1624 292 1732 319 familiae
1748 293 1846 319 adlue-

1053 341 1125 364 reret
1140 338 1294 372 singulzsex
1317 345 1347 364 ea
1373 338 1455 364 domo
1479 338 1627 372 prognatis,
1651 345 1700 364 usu
1714 336 1848 364 videlicet

1051 385 1218 417 Graecorum,
1233 391 1327 411 verum
1338 388 1365 411 et
1379 383 1479 417 gentile
1492 391 1588 409 nomen
1604 383 1675 410 illius
1684 383 1779 416 Stirpis
1787 382 1830 408 ori

1052 429 1116 464 gine
1130 429 1269 456 Francica-
1286 430 1366 462 vulgo
1382 436 1464 455 nosse
1477 428 1568 455 minus
1581 428 1847 462 curantium,qnzu.-

1050 483 1131 510 quam
1148 475 1214 501 illud
1230 474 1369 502 doctiores
1386 471 1440 501 non
1456 474 1606 501 nescirent.
1624 474 1690 501 Nam
1708 474 1847 507 Georgius

1050 520 1213 554 Acropolita,
1237 519 1360 546 Ilisloriw
1383 526 1438 546 su:e
1462 526 1486 546 e.
1505 519 1549 548 48.
1583 519 1691 545 Achaia:
1714 523 1741 546 et
1764 518 1846 545 Ρ-Ιυ-

1051 566 1165 601 ponnesi
1188 565 1335 600 principem
1351 565 1510 600 Βιλαρδθυῖν
1539 564 1731 592 Villarduincm
1752 573 1845 591 nonn—

1051 617 1144 638 natuut
1159 611 1249 637 doert.
1265 610 1400 646 Gregoras
1412 617 1478 638 vero
1494 613 1511 637 Ι.
1526 618 1575 640 vn.
1599 618 1625 644 p.
1649 609 1709 641 109,
1729 610 1842 636 titulum

1050 656 1186 692 Principis
1208 656 1398 692 Peloponneso
1417 656 1642 691 imperitantibus
1656 657 1788 684 tributum
1805 663 1844 684 at

1048 705 1102 740 iam
1117 712 1131 731 a
1142 709 1262 739 tempore
1277 705 1449 732 Constantini
1461 703 1560 740 Magni.
1573 704 1611 732 uti
1626 710 1653 732 et
1667 705 1842 732 Athenarum

1050 751 1171 786 dynastae
1188 758 1286 778 nomen
1304 751 1394 785 magni
1413 751 1491 778 ducis
1506 757 1534 778 et
1549 750 1707 777 Thebarum
1719 750 1838 777 limati--

1050 805 1109 824 rum
1127 797 1238 824 domino
1257 796 1468 831 appellationem
1482 797 1574 832 magni
1591 797 1741 830 printicerii
1755 805 1804 831 μετ
1814 798 1843 822 ἁ-

1050 844 1097 871 λου
1113 845 1309 880 πριμικηρέου,
1324 852 1384 879 qua
1410 849 1504 879 postea
1527 853 1577 871 usu
1591 844 1662 880 vulgi
1674 844 1700 871 in
1720 845 1842 879 μεγὰὶηυ

1018 882 1149 925 Βκυρειιυ
1180 891 1414 925 nuncupationem
1440 891 1667 925 degenerat-erit;
1702 889 1842 917 obtinenti

1049 935 1167 970 denique
1182 935 1302 962 Siciliain
1318 936 1389 969 regis
1406 943 1516 962 nomen.
1536 935 1672 966 R.dieule,
1688 935 1769 969 quasi
1785 935 1841 968 j.un

1051 987 1107 1009 tum
1120 986 1198 1009 nitate
1214 981 1386 1009 Constantini
1404 980 1491 1016 Magni
1511 981 1617 1012 Sicilia,
1628 980 1742 1012 Thebae,
1758 979 1843 1006 Atlu-

1049 1036 1102 1059 nte.
1114 1028 1321 1063 Peloponnesus
1331 1027 1424 1054 avulsa
1442 1035 1456 1054 a
1468 1034 1583 1062 corpore
1596 1026 1713 1060 Romani
1731 1026 1841 1061 imperti

1049 1074 1172 1110 dynastis
1189 1074 1307 1109 propriis
1325 1073 1483 1104 subessent,
1497 1080 1552 1100 non
1570 1073 1651 1099 modo
1666 1072 1691 1099 id
1704 1072 1843 1099 tolerante

1049 1128 1127 1148 novre
1145 1120 1238 1146 nonne
1254 1119 1406 1150 conditore.
1427 1119 1474 1146 sed
1494 1119 1588 1151 etiam,
1614 1119 1638 1146 si
1655 1118 1766 1151 stuporis
1784 1119 1842 1152 pla-

1049 1170 1101 1197 cet,
1121 1166 1188 1192 istos
1205 1165 1313 1201 regulos
1332 1165 1430 1200 amphs
1456 1164 1593 1192 honorare
1607 1164 1842 1198 appellationibus

1049 1218 1175 1240 curante.
1207 1211 1322 1238 Purrol.
1356 1218 1395 1243 ιιι,
1412 1217 1436 1236 c.
1467 1209 1511 1242 l6,
1538 1210 1608 1236 hanc.
1633 1217 1730 1236 vocem
1762 1210 1841 1236 alter

1049 1257 1230 1293 Parhymcres
1251 1257 1345 1284 scribit
1370 1258 1397 1283 in
1427 1256 1470 1284 his
1488 1256 1580 1283 verbis
1600 1265 1606 1283 :
1629 1255 1841 1290 Καθημερινςὺς

1049 1304 1185 1338 πολέμους
1206 1303 1273 1338 πρὸς
1296 1303 1342 1330 τὸν
1367 1303 1502 1337 Πρίντζην
1527 1303 1620 1336 ἐξῆγε.
1656 1302 1793 1337 Loquitur
1808 1305 1841 1328 de

1048 1352 1270 1378 seliastocrature
1289 1349 1374 1376 fratre
1391 1349 1566 1384 imperatoris
1583 1349 1655 1376 circa
1680 1349 1841 1376 Monemba-

1049 1397 1116 1423 siam
1129 1395 1296 1430 quotidianis
1314 1395 1522 1423 velitationibus
1551 1396 1685 1422 adversus
1703 1393 1840 1429 Pelopon-

1051 1442 1271 1476 uesiPtiuipetn
1287 1442 1462 1474 decernente,
1485 1450 1566 1477 qttent
1584 1441 1720 1476 Πρῐντζην
1745 1441 1840 1468 Ρτιιιμ

1049 1497 1110 1516 lem
1131 1495 1219 1521 vocat,
1237 1489 1369 1516 vocabulo
1386 1490 1497 1524 propius
1517 1489 1665 1516 accedente
1686 1488 1719 1514 ad
1744 1495 1838 1515 vocem

1050 1536 1207 1563 Francicam
1228 1535 1332 1567 l'rincc,
1349 1543 1401 1569 qua
1421 1535 1543 1562 Fratteit‘i
1557 1540 1622 1562 tunc
1636 1534 1734 1561 incolae
1758 1533 1838 1560 l’clo-

210 1577 310 1604 locum.
326 1577 379 1604 Pro
394 1583 460 1603 voce
476 1572 607 1602 κὰλλιὰτα
634 1576 660 1602 in
685 1575 745 1602 cod.
763 1574 912 1602 Barberino
924 1574 996 1609 lege-

1050 1581 1163 1616 ponnesi
1177 1581 1317 1615 proprium
1330 1581 1471 1608 dominum
1488 1580 1679 1615 indigitabant.

211 1623 291 1650 batur
302 1624 431 1658 μάλιστα,
449 1622 496 1649 sed
510 1626 537 1649 et
553 1622 579 1648 in
598 1620 722 1656 ejusdem
740 1628 788 1648 ora
803 1620 907 1649 codicis
931 1621 996 1648 κά).-

201 1667 288 1696 ’λιστα
304 1675 431 1703 tanquam
447 1668 540 1695 verior
565 1667 646 1694 lectio
668 1666 994 1702 agnoscebaturzetcum

211 1724 272 1743 eam
287 1716 371 1742 solatii
398 1715 520 1749 optimus
552 1719 579 1741 et
595 1714 652 1748 ipse
678 1714 764 1740 codex
789 1713 942 1739 Allatianns
968 1713 993 1738 in

209 1768 368 1790 contextum
385 1762 530 1795 reciperet,
543 1768 596 1787 tton
612 1760 732 1788 dubitavi
745 1761 812 1794 quin
827 1758 994 1794 praeferenda

209 1813 290 1834 esset.
308 1808 456 1834 Vaticanus
470 1806 549 1833 solita
562 1805 707 1833 securitate
724 1809 868 1840 utramque
881 1805 992 1831 omittit.

209 1854 345 1880 Convenit
365 1857 457 1879 autem
473 1852 633 1887 adiunctum
650 1851 782 1877 κάλλιστι
801 1851 866 1877 satis
883 1855 944 1885 apte
960 1850 993 1877 ad

203 1899 416 1934 .signJienudam
445 1899 563 1932 speciem
580 1898 712 1932 insignem
741 1905 859 1929 coronae,
882 1897 993 1931 sceptri,

210 1953 338 1972 vasorum
351 1951 518 1979 ganreorum,
537 1943 686 1978 torquium,
705 1943 856 1974 tnottiliunt,
875 1951 994 1978 gemma-

211 1999 272 2018 rum
287 1992 458 2021 vestiumuue
473 1989 718 2024 imperatoriarum,
733 1997 793 2024 quae
807 1990 858 2016 hoc
873 1990 933 2016 loco
946 1989 993 2015 de-

212 2038 358 2073 signantur
386 2037 469 2064 vetbo
489 2037 670 2071 πραγμάτων.
695 2036 765 2064 Galli
792 2036 873 2064 hodie
891 2043 941 2063 usu
956 2036 994 2062 sl-

209 2084 268 2112 tnili
285 2087 383 2111 vocant
406 2083 476 2118 effets
488 2090 532 2110 res
550 2082 637 2117 pretio
654 2083 812 2115 testimatas,
842 2086 922 2117 prout
936 2082 994 2109 dis-

210 2131 374 2165 tinguuntur
392 2136 406 2155 a
427 2129 514 2163 pretio
532 2127 591 2162 ipso
602 2132 629 2154 et
640 2127 770 2154 nummis.

246 2174 368 2210 [P415J'
384 2174 516 2209 Περιγιιιψ⁸
540 2173 592 2200 καὶ
617 2172 770 2206 Πρίντζης,
803 2180 830 2208 p.
857 2171 920 2200 402.
951 2173 995 2199 Ait

1081 1627 1252 1661 Προόολεύς
1270 1634 1298 1661 p.
1312 1627 1375 1655 482.
1393 1626 1488 1653 Merito
1505 1626 1554 1653 ltic
1570 1626 1673 1653 Veceus
1687 1625 1718 1652 τὸ
1737 1625 1836 1659 πρώο-

1044 1674 1107 1704 λεὺς
1125 1681 1164 1704 εις
1179 1674 1208 1699 τὸ
1225 1673 1310 1703 αἴτιος
1337 1672 1555 1707 μεταλαμΰᾶνει,
1589 1672 1640 1698 hoc
1669 1676 1721 1704 est,
1746 1672 1837 1698 inesse

1048 1719 1181 1746 vocatmto
1214 1717 1365 1753 npuboku’,
1404 1718 1457 1744 vim
1488 1722 1683 1750 not:onemquc
1709 1716 1835 1750 principii

1046 1764 1126 1791 activi
1142 1771 1174 1790 ac
1189 1771 1279 1790 causae
1293 1763 1485 1791 contendebat.
1517 1762 1563 1789 Sie
1577 1761 1650 1789 enim
1665 1761 1746 1796 plane
1761 1770 1836 1788 eam.

1045 1810 1108 1836 dem
1129 1816 1221 1836 vocem
1232 1808 1367 1835 intellexit
1387 1813 1414 1835 et
1433 1807 1577 1843 usurpavit
1603 1807 1755 1842 Gregorius
1785 1806 1836 1832 Na.

1046 1856 1205 1886 zianzonus,
1220 1854 1350 1882 Oratione
1375 1855 1409 1882 de
1427 1853 1504 1886 Filio,
1519 1855 1547 1881 in
1579 1854 1621 1882 his
1646 1854 1738 1881 verbis
1756 1863 1764 1881 :
1784 1855 1835 1880 Kal

1045 1901 1124 1928 τιιῦτό
1144 1902 1219 1928 ἐστιν
1242 1901 1308 1935 ἡμῖν
1324 1902 1338 1927 ὀ
1354 1901 1450 1935 Πατὴρ
1468 1901 1516 1926 καὶ
1529 1901 1543 1926 ὁ
1566 1900 1631 1931 Υἱὸς
1648 1901 1695 1926 καὶ
1711 1900 1742 1926 τὸ
1758 1900 1834 1933 ἄξιον

1046 1947 1170 1983 Πνεῦμα,
1190 1947 1203 1973 ὀ
1216 1947 1266 1982 μὲν
1285 1947 1425 1981 (nimirum
1444 1946 1536 1981 Pater)
1555 1946 1693 1981 γεννήτωρ
1705 1947 1755 1972 καὶ
1771 1955 1835 1981 πρην-

1045 1994 1138 2024 ὒηλεὺς
1154 1993 1235 2027 (λέγω
1250 1993 1276 2019 δὲ
1297 1992 1411 2024 ἀπαθῶς
1440 1992 1487 2018 καὶ
1503 1992 1625 2027 ἀχρόνως
1653 1992 1700 2018 καὶ
1718 1991 1834 2026 ἀσωμὰο

1044 2043 1120 2075 τως),
1139 2039 1192 2066 τῶν
1206 2039 1234 2066 δὲ
1253 2040 1290 2072 (el
1315 2038 1376 2066 Filii
1394 2042 1422 2066 et
1452 2037 1570 2073 Spiritus
1595 2037 1693 2072 sancti)
1726 2037 1758 2063 “to
1787 2038 1834 2072 μὲν

1045 2086 1184 2120 γέννημα,
1197 2084 1228 2111 τὸ
1245 2083 1273 2111 δὲ
1292 2083 1446 2119 πρόῦλημα.
1463 2083 1512 2111 Ubi
1533 2083 1607 2110 clare
1629 2081 1709 2109 Pater
1736 2082 1835 2116 γεννή-

1044 2140 1102 2167 τωρ
1118 2131 1178 2158 Filii
1197 2130 1303 2162 alterni,
1322 2129 1475 2166 προϐολεὺς
1495 2134 1585 2156 autem
1603 2129 1689 2157 sancti
1716 2128 1834 2163 Spiritus

1046 2178 1157 2210 dicitur,
1170 2177 1292 2205 vicissim
1308 2181 1399 2204 autem
1415 2176 1500 2203 Filius
1517 2176 1605 2203 Patris
1619 2176 1754 2209 γέννημα,
1773 2174 1833 2210 Spi-

210 2222 329 2257 plurintn
344 2220 482 2256 suﬂ‘ragiis
498 2219 664 2248 destinatum
705 2218 901 2254 patriarchatui
921 2218 994 2245 Con-

1049 2224 1117 2251 ritns
1131 2229 1220 2250 autem
1239 2227 1351 2250 sanctus
1363 2221 1488 2257 ejusdem
1506 2221 1662 2257 πρόσλημι.
1677 2220 1717 2247 Ex
1732 2221 1834 2255 quibus

209 2267 453 2302 stantinopolitauo
469 2266 554 2294 fuisse
573 2266 736 2293 monachum
755 2265 864 2292 nomine
891 2263 995 2291 Princi-

210 2321 272 2348 pem
287 2321 321 2340 ex
348 2313 449 2340 iatnilia
465 2312 621 2347 Principum
649 2311 841 2346 Peloponnesi.
871 2311 933 2346 Agit
960 2311 994 2337 de

208 2361 305 2388 eodem
321 2360 338 2387 l.
358 2368 396 2391 ιιι,
413 2367 437 2387 c.
453 2359 481 2391 5,
498 2358 604 2389 Nester.
619 2359 682 2385 dum
700 2358 773 2385 hunc
786 2358 820 2384 ab
834 2357 997 2392 imperatore

211 2407 324 2433 missum
339 2406 375 2432 ait
389 2405 421 2432 ad
430 2405 531 2432 Chaiat‘t
549 2405 733 2432 Tocharorum
749 2402 928 2432 Orientalium
945 2404 996 2439 dy-

209 2458 314 2479 uastant
338 2450 483 2478 deduxisse
509 2450 590 2476 tiliam
613 2449 725 2476 notham
742 2449 916 2484 imperatoris
945 2449 995 2484 ipsi

206 2498 311 2526 Chalau
326 2497 504 2532 desponsam;
519 2504 579 2531 qua:
589 2500 680 2523 tamen
692 2503 754 2522 eum
767 2503 801 2522 eo
815 2495 994 2530 pervenisset,

207 2548 319 2579 reperto
336 2548 442 2570 mortuo
465 2542 578 2575 Chalan,
610 2542 670 2577 ejus
702 2541 757 2568 lilio
786 2547 814 2569 et
843 2540 996 2569 successori

207 2591 308 2625 Apagte
323 2590 364 2617 vel
391 2588 512 2624 Apagani
541 2588 674 2623 nupserit.
704 2587 791 2615 Verba
819 2587 995 2622 Pachymetis

207 2642 273 2664 sunt
291 2644 298 2663 :
317 2636 363 2670 Τῷ
381 2636 430 2670 μὲν
450 2634 560 2662 Καλαοῦ
589 2634 656 2669 μετὰ
672 2633 718 2660 τοῦ
742 2633 860 2668 μοναχοῦ
886 2634 932 2659 καὶ
958 2634 996 2658 ιε-

207 2683 278 2717 ρὲως
293 2682 442 2716 [Ιρξγχιπος
455 2679 569 2712 ἐξεδίδου
583 2679 631 2714 τὴν
647 2681 678 2705 ἐκ
689 2679 736 2713 τῆς
749 2678 997 2712 Διπλοὸλτατςινης

208 2732 242 2754 ἐκ
258 2728 365 2759 νοθείας
388 2728 469 2754 παῖδα
480 2726 600 2761 Μαρίαν·
616 2727 663 2752 καὶ
679 2726 692 2752 ὁ
709 2725 830 2760 ΙΙρίγκιψ
858 2725 994 2759 ἀρχιμαν-

208 2775 304 2810 δρίτης
322 2774 360 2800 ὢν
381 2774 441 2800 τότε
458 2774 506 2808 τῆς
524 2773 571 2799 τοῦ
588 2772 806 2806 παντοκράτορος
824 2771 918 2804 μονῆς,
941 2775 993 2802 etc,

208 2821 234 2848 Is
249 2826 341 2855 postea
365 2825 474 2847 creatus
498 2821 686 2846 Antiochenus
704 2817 858 2852 patriarcha
890 2817 992 2844 iuitlem

208 2867 310 2892 ditttur
323 2886 330 2893 .
361 2871 388 2890 et
408 2873 451 2891 res
466 2869 590 2891 narratur
605 2863 684 2894 5.97
699 2864 714 2890 Ι.
739 2871 775 2894 vt,
792 2871 817 2890 c.
834 2863 861 2895 5,
888 2864 932 2888 ubi
953 2863 997 2889 hic

1049 2274 1120 2304 patet
1139 2270 1251 2296 verbum
1265 2268 1426 2304 προϐάλλειν
1436 2275 1491 2294 non
1505 2273 1696 2302 quamcunque
1706 2266 1834 2294 emissio-

1047 2323 1109 2342 nem
1127 2315 1221 2342 Latine
1237 2314 1402 2350 signiﬁcare,
1419 2313 1466 2341 sed
1486 2320 1545 2340 eam
1569 2320 1629 2348 qua:
1643 2312 1679 2339 sit
1696 2319 1761 2339 cum
1793 2312 1833 2339 iu-

1047 2361 1120 2388 ﬂuxu
1135 2361 1225 2387 activo
1237 2360 1401 2394 conjuncta;
1415 2359 1504 2393 qualis
1515 2363 1558 2386 est
1567 2358 1677 2385 emissio
1691 2365 1833 2385 ramorum

1048 2414 1081 2433 ex
1108 2406 1216 2433 vivente
1233 2410 1341 2432 trunco.
1359 2404 1487 2438 Qualium
1504 2404 1683 2431 emissiouum
1695 2407 1737 2430 est
1753 2412 1833 2430 men-

1048 2452 1085 2478 tio
1098 2450 1178 2478 Cant.
1193 2458 1230 2483 tv.
1249 2451 1282 2478 t5
1298 2459 1305 2477 :
1319 2449 1479 2478 Emissionu
1514 2455 1566 2477 tua
1594 2449 1738 2485 paradisus
1776 2459 1835 2476 ma.

1049 2498 1134 2524 lorum
1175 2495 1348 2524 Punicorum.
1387 2496 1476 2530 Quare
1508 2496 1575 2523 utihi
1621 2496 1729 2524 videtur
1765 2497 1832 2523 satis

1049 2543 1118 2570 bene
1144 2542 1310 2577 respondere
1339 2542 1434 2570 Greco
1466 2542 1531 2570 huic
1556 2542 1637 2570 verbo
1670 2541 1832 2576 προϐάλλειν

1047 2588 1174 2615 Latinttm
1185 2589 1337 2622 producere,
1353 2587 1425 2622 quod
1443 2592 1471 2615 et
1487 2588 1576 2623 ipsum
1589 2595 1677 2615 causa:
1692 2588 1829 2615 notionem

1049 2634 1142 2665 habet,
1156 2636 1225 2661 adeo
1240 2638 1269 2661 ut
1285 2633 1437 2669 προϐολεύς
1452 2639 1525 2661 recte
1541 2633 1693 2668 explicetur
1700 2633 1830 2660 vocabunt

1047 2679 1200 2713 productor,
1219 2679 1311 2713 sicque
1325 2679 1351 2705 in
1379 2679 1536 2706 testimonio
1562 2679 1724 2706 Damasceni
1752 2679 1831 2706 Pater

1048 2731 1170 2752 ωιειιιυς
1185 2725 1332 2760 productor
1345 2726 1431 2752 sancti
1446 2725 1564 2760 Spiritus
1580 2733 1630 2760 per
1655 2725 1754 2753 Filium
1764 2727 1806 2753 dic
1818 2741 1832 2747 ν-

1050 2777 1104 2798 tur.
1123 2771 1204 2798 Multa
1219 2771 1253 2798 de
1269 2772 1409 2799 vocabulis
1428 2771 1576 2807 προῦολεύς
1590 2777 1617 2800 et
1631 2773 1752 2808 προϐολή
1772 2782 1832 2799 eru-

1048 2818 1183 2845 ditissime
1201 2817 1325 2852 disputat
1350 2817 1479 2845 Petavius
1503 2823 1598 2846 noster
1611 2826 1636 2846 e.
1669 2819 1696 2851 8,
1710 2819 1728 2846 l.
1745 2828 1773 2853 v,
1800 2823 1832 2846 ἔτ

1051 2864 1182 2891 Trinitate
1198 2863 1280 2898 598
1300 2869 1327 2891 et
1343 2864 1406 2892 alibi
1435 2865 1461 2891 in
1475 2872 1508 2891 eo
1537 2872 1630 2899 opere,
1655 2872 1718 2899 qua:
1749 2868 1831 2893 νιιιιιι
