1931 3069
105 121 167 156 1061

103 235 153 261 pro
169 226 307 257 instituto,
322 229 350 252 et
362 224 412 251 loci
426 231 507 258 quem
520 225 669 249 tractamus
699 220 888 255 intelligentia,

105 270 202 298 sntIii-it
219 270 245 296 in
264 277 394 304 praesens.

139 315 171 351 [Ρ
187 315 262 350 ως]
280 314 494 348 Προσελῶντες
503 321 530 349 p.
543 313 607 341 209.
618 312 744 348 Rcmiges
758 312 808 338 hos
823 310 889 338 fuis-

106 369 146 392 se.
159 362 204 395 qui
222 361 410 395 προσελῶντες
425 360 503 395 quasi
516 360 627 394 proprio
643 359 712 386 artis
723 362 769 384 aut
786 357 890 384 ordinis

107 407 238 434 vocabulo
250 407 424 436 dicebantur.
438 411 465 433 et
479 406 536 441 ipsa
550 407 626 441 origo
637 405 733 432 suadet
748 404 822 431 vocis
835 402 890 429 ἀπὸ

102 453 148 478 τοῦ
172 451 368 486 προσελαύνειν
385 452 443 478 sive
461 451 596 487 προσελᾷν
613 458 734 485 prorsum
746 448 889 483 impellere,

108 504 131 523 et
151 497 253 524 diserte
267 495 364 523 Nostrr
382 497 474 529 tradit,
502 501 558 523 tum
583 497 626 524 hic
645 502 701 524 tum
726 505 750 523 ς.
766 496 811 527 50,
831 495 848 521 l.
862 502 889 526 ν,

107 545 149 570 ubi
163 552 244 578 quem
279 544 361 570 semel
383 543 558 578 προσελῶντα
576 543 689 573 dixerat.
720 545 811 575 postea
827 549 889 567 συν-

104 589 219 623 ωνύμως
249 593 328 615 vorat
344 588 523 623 προσερέτην.
555 586 670 614 Wolﬁus
703 587 728 612 in
755 585 890 620 exccrptis

107 633 328 668 Pachynicrianis
345 632 473 667 Gri-gora:
493 633 625 667 subjectis
651 633 775 659 vitiosam
810 632 890 666 hujus

105 679 226 705 vocabuli
243 679 405 713 scripturam
421 679 558 712 exprimit,
573 686 604 704 cx
622 678 753 704 mendoso
766 678 891 705 videlicet

104 726 209 756 codice,
225 725 291 753 dum
307 726 378 751 hanc
403 727 498 752 recitat
511 733 542 751 ex
569 723 622 751 hoc
645 723 716 750 haud
734 723 815 750 dubie
831 724 890 751 loco

104 772 269 799 sentcntiam
287 780 293 798 :
311 770 489 798 Casmulicum
501 770 537 796 ad
557 770 624 796 bella
646 774 703 796 erat
728 770 888 801 animosum,

105 817 259 853 Pyzyloules
271 826 331 844 vero
345 817 453 852 agendis
470 817 546 843 remis
559 817 671 843 strenui.

139 863 299 896 Προσπαίω
316 870 343 896 p.
355 860 417 888 276.
437 861 485 887 \‘ix
502 861 564 888 alibi
583 860 702 895 reperies
716 860 887 895 προσπαίειν,

104 909 153 935 ctsi
170 909 272 939 παίειν,
286 907 324 934 uti
343 911 369 934 et
387 907 439 933 alia
457 914 491 934 ex
513 914 547 933 c0
572 905 733 941 composita,
762 905 890 940 frequens

104 956 149 982 sit.
178 954 249 987 Quid
280 953 354 980 aliud
371 959 500 988 putemus
526 961 606 988 quam
636 952 823 987 metaphoram
846 952 890 979 hic

104 1008 163 1028 essu
182 1009 197 1027 a
214 1001 311 1035 sagitta
341 1000 367 1026 in
396 1007 508 1034 scopum
526 999 630 1026 intenta
646 997 676 1034 [Ρ
688 997 752 1034 415]
769 1003 796 1025 et
813 998 888 1025 illum

105 1046 222 1074 feriente
240 1045 367 1074 ductam?
381 1046 421 1073 sic
436 1046 508 1072 enim
520 1046 557 1072 ait
570 1045 688 1071 fabulam
707 1045 846 1071 incurrere
861 1043 889 1071 in

105 1100 199 1120 verum
211 1100 242 1119 ac
253 1092 317 1119 illud
327 1092 569 1127 quasilpercutcre.
585 1096 614 1117 ut
630 1091 753 1125 sagittam
765 1097 890 1124 scopum.

104 1139 198 1164 Simile
220 1138 348 1172 quiddam
377 1145 517 1164 sacrarum
533 1137 696 1163 Litterarum
729 1137 890 1169 interpretes

103 1185 235 1211 adnotant
247 1185 279 1211 ad
291 1183 355 1210 illud
374 1183 402 1210 S.
420 1183 495 1210 Pauli
512 1183 544 1209 ad
564 1181 642 1208 Rom.
658 1191 684 1214 χ,
696 1182 712 1207 4
736 1192 741 1207 :
765 1181 889 1208 Fiuisle-

104 1232 143 1266 gis
160 1231 294 1258 Christus.
319 1230 372 1257 Lex
397 1230 434 1257 ibi
460 1234 572 1256 vocatur
599 1233 652 1256 tota
670 1228 782 1255 historia
812 1233 890 1255 vetus

103 1277 191 1303 sacris
206 1276 284 1303 libris
299 1276 498 1306 commendata,
515 1276 613 1310 quibus
631 1280 656 1301 ct
672 1282 714 1301 res
735 1283 748 1301 a
767 1274 889 1308 patribus

103 1326 186 1357 gesta!
200 1327 227 1349 et
240 1329 380 1349 sacrorum
394 1326 540 1357 apparatus
555 1329 585 1347 at:
598 1321 767 1348 cu-renmniue
777 1322 889 1347 tradun-

106 1377 160 1402 tur,
179 1371 269 1398 omnia
284 1371 424 1398 Christum
454 1374 596 1397 venturum
625 1369 834 1404 prniﬁpnrantia.
861 1368 889 1395 ln

103 1425 158 1452 quo
174 1416 300 1443 allusisse
311 1416 457 1450 Apostolus
474 1420 585 1450 putatur
605 1417 637 1440 ad
660 1415 791 1448 originem
817 1415 890 1442 vocis

103 1461 241 1488 llebraicae
261 1461 539 1497 lcgemsigniﬁcantc.
568 1465 637 1488 nam
665 1460 738 1486 thura
773 1460 845 1486 cnim
874 1467 889 1486 a

102 1509 195 1535 radice

100 1553 219 1588 projecit.
234 1552 311 1580 [Inde
327 1553 385 1585 ejus
393 1557 433 1578 cst
448 1559 511 1578 usus
527 1550 651 1585 proprius
667 1550 887 1584 iuejaculationc.

101 1599 111 1626 l
125 1599 228 1635 Regum
242 1607 286 1630 xx,
305 1598 351 1630 56,
371 1598 405 1624 de
417 1597 572 1624 Jonathane
586 1596 710 1630 sagittam
739 1596 889 1629 cjarulaute

100 1645 231 1672 scribitur
243 1649 312 1675 urna
327 1648 376 1674 την
399 1649 479 1673 'mm
505 1643 569 1670 vehu
592 1643 669 1669 inm/1
696 1643 810 1670 liae/imi
833 1650 842 1669 :
864 1648 887 1669 et

100 1692 155 1723 ipse
166 1691 229 1725 fecit
242 1691 376 1724 sagittam.
398 1690 458 1723 Quo
472 1689 609 1724 pertinere
623 1694 733 1724 putatur
740 1689 887 1716 multorum

102 1738 275 1764 l’salmorum
291 1736 452 1770 inscriptio:
467 1735 500 1762 In
515 1735 606 1769 ﬁnem,
629 1736 680 1762 hoc
701 1739 743 1761 est
765 1736 791 1761 in
807 1735 886 1762 (ﬁbri.

100 1789 186 1810 stum.
206 1782 235 1809 In
248 1790 329 1817 quem
343 1781 438 1816 procul
457 1781 631 1808 iudicandum
644 1785 671 1807 et
696 1781 772 1814 quasi
791 1780 888 1815 indigi-

102 1829 216 1855 tandum
245 1829 375 1862 pleraque
407 1827 444 1854 ibi
475 1826 576 1862 scripta
605 1826 801 1861 dirigebantur.
833 1826 888 1853 Nec

99 1873 218 1906 frustra;
246 1873 362 1900 veritate
375 1872 476 1907 quippe
495 1872 648 1907 prophetiis
662 1877 756 1899 exacte
775 1879 886 1906 respon-

97 1919 197 1951 dente,
214 1919 308 1954 ﬁgurae
325 1918 352 1944 in
372 1925 428 1944 rem
449 1918 636 1945 incurrerunt.
664 1916 771 1944 Fabula
785 1917 886 1944 morale

98 1969 264 2000 prmecptum
289 1964 479 1991 adumbrantis
506 1971 556 1998 par
583 1964 652 1990 ratio
669 1967 720 1990 est.
752 1963 787 1991 Ut
813 1963 884 1990 enim

98 2013 184 2047 ﬁgura
198 2011 368 2046 prophetica,
383 2018 445 2037 cum
460 2017 503 2037 res
516 2009 627 2044 ﬁgurata
636 2009 790 2042 exhibetur,
804 2018 886 2044 προσ-

97 2058 189 2083 παίειν
205 2057 329 2092 ἀληθείᾳ,
344 2058 371 2082 in
386 2058 525 2083 veritatem
540 2056 655 2082 incidere
672 2056 782 2088 dicitur,
798 2056 838 2083 sic
857 2061 885 2083 ct

95 2104 239 2138 apologus.
254 2111 315 2130 cum
335 2111 367 2129 co
385 2103 567 2136 signiﬁcatum
581 2101 660 2129 cilicii
688 2103 821 2129 monitttm
839 2102 885 2129 dc-

93 2150 217 2176 cluratnr
233 2153 258 2175 et
275 2149 355 2183 quasi
374 2148 406 2174 ad
426 2156 481 2175 rcm
506 2147 591 2182 ipsam
606 2147 768 2182 applicatur.

784 120 1042 153 GLOSSAIHUM.

103 179 174 215 apud
193 186 253 206 cum
268 183 392 213 possunt.
409 177 464 205 Iloc
476 176 550 204 enim
575 174 646 210 quod
661 175 790 207 diximus,
807 175 886 201 nubis
903 179 924 205 Α

1661 125 1727 156 me:

975 178 1069 203 Πύλαι
1099 177 1144 203 καί
1170 178 1252 204 πύλα
1270 185 1293 212 ρ,
1320 177 1381 204 ὄῦὕ.
1401 177 1449 206 llic
1475 186 1568 206 vocem
1591 178 1727 214 ἀριρυί;ς

941 222 1146 250 emcndavimus
1177 223 1277 250 iudicio
1304 224 1441 258 syntaxis,
1475 232 1535 250 cum
1565 225 1724 258 dpapu£::;,

940 269 1010 304 quod
1023 269 1049 295 in
1064 269 1142 296 codd.
1161 268 1180 294 Β
1193 274 1216 296 et
1228 270 1259 301 Α,
1271 270 1401 296 Vaticano
1414 270 1565 302 omittente,
1576 270 1725 305 legebatur,

940 315 1075 349 quadrare
1090 315 1122 341 ad
1141 322 1230 341 \'t)(‘€lll
1242 314 1334 346 ’πύλας
1345 323 1398 342 non
1411 320 1508 349 potest.
1519 314 1639 342 Prohuin
1653 316 1726 343 Iniuc

941 360 1030 386 locum
1043 365 1083 387 cst
1098 360 1276 395 παράφρασις
1296 360 1417 388 Vaticani
1430 361 1533 388 codicis
1552 360 1594 387 his
1612 361 1702 388 verbis
1716 370 1723 388 :

940 405 996 431 Καὶ
1009 405 1095 436 πύλας
1107 405 1135 431 ὲν
1151 407 1208 436 ταῖς
1219 407 1330 440 πέτραιτ
1346 406 1429 441 ἤγουν
1441 406 1523 433 ᾶλυον
1536 406 1606 442 (lego
1619 407 1725 441 arum.)

942 453 1056 488 σιδηρᾶν
1076 456 1124 479 καὶ
1142 454 1255 488 ἰσχυρὰν
1271 455 1466 486 κατεσκεύαζε.
1485 454 1542 481 Non
1560 462 1625 488 ergo
1640 461 1725 489 porta:

943 503 990 525 aut
1012 498 1094 525 valva:
1109 506 1142 525 ex
1160 500 1231 525 ferro
1249 499 1342 525 solidae
1357 499 1538 534 intelligenda:
1559 500 1602 527 hic
1623 500 1698 526 fuere
1717 509 1723 527 :

941 553 1029 579 neque
1058 545 1131 571 cnim
1165 545 1190 571 id
1217 546 1282 572 sinit
1305 546 1341 572 rei
1371 547 1500 580 subjecta:
1520 551 1628 573 natura.
1654 547 1724 578 Non,

942 590 1065 624 inquam,
1096 591 1202 625 portui,
1229 595 1258 618 ut
1281 591 1372 617 domui
1406 597 1453 618 aut
1477 592 1598 619 conclavi
1626 592 1725 619 olului

941 637 1058 664 Solidum
1086 637 1185 664 Ostium
1212 642 1312 671 potest.
1328 637 1379 669 Qui
1396 639 1468 664 enim
1487 644 1531 664 aut
1549 638 1648 673 quibus
1668 647 1724 665 ltzo-

939 682 1024 709 liendi
1050 683 1185 709 machinis
1213 688 1293 710 tantm
1322 684 1473 710 latitudinis
1499 689 1590 718 postes
1621 689 1725 716 csscul,

940 734 1041 762 quanta
1064 730 1172 764 explere
1198 734 1279 763 atque
1295 730 1434 760 obturare.
1456 738 1536 764 quam
1556 735 1631 757 vaste
1656 731 1725 761 hiat,

941 773 1062 801 valerent
1077 779 1163 801 totum
1191 782 1222 801 os
1247 780 1351 809 portus,
1368 783 1422 809 quo
1455 783 1557 810 magna:
1580 783 1612 802 ac
1639 775 1725 807 longa:

941 827 1024 848 naves
1050 821 1202 856 praelongos
1227 821 1290 848 hinc
1314 821 1376 848 inde
1400 823 1594 856 protendentcs
1620 830 1726 852 remos,

941 873 1034 900 caque
1056 874 1110 893 non
1141 867 1293 901 singulares
1307 868 1355 894 sed
1370 867 1461 902 plures
1478 868 1613 895 interdum
1634 868 1725 896 situm.

940 913 1044 940 aditum
1071 911 1231 947 exitumque
1262 913 1361 939 habere
1387 913 1560 941 commodum
1590 913 1726 941 debeant?

942 957 1010 992 Ergo
1033 957 1079 985 hic
1108 957 1204 985 Noster
1226 966 1287 986 cum
1305 958 1392 990 πύλας
1416 959 1500 991 dixit,
1525 959 1725 986 intellecturum

940 1003 1044 1037 putavit
1054 1004 1216 1038 prudentem
1234 1004 1363 1031 lecturem
1376 1005 1428 1031 tale
1442 1006 1539 1032 ostium
1551 1006 1623 1039 quod
1637 1005 1726 1039 portui

940 1050 1092 1078 claudentia
1103 1051 1201 1086 apponi
1211 1055 1314 1086 posset.
1328 1055 1451 1078 catenam
1460 1051 1588 1078 nimirum
1597 1051 1726 1079 ferream.

940 1096 1043 1123 Addam
1061 1096 1106 1122 hic
1140 1097 1206 1123 satis
1230 1104 1319 1123 raram
1337 1097 1476 1123 notionem
1506 1097 1629 1123 vocabuli
1653 1097 1724 1128 πύλη

939 1147 985 1168 aut
1006 1142 1098 1172 πύλα,
1127 1142 1207 1176 cujus
1236 1150 1314 1169 usum
1333 1142 1421 1176 reperi
1438 1142 1464 1168 in
1481 1142 1571 1170 Graeca
1597 1143 1724 1169 versione

941 1187 1105 1221 Speciminis
1115 1187 1261 1222 Sapientiae
1277 1187 1417 1219 ludorum,
1439 1196 1518 1222 quem
1535 1188 1631 1215 librum
1651 1189 1684 1215 La
1701 1189 1725 1214 i-

940 1232 1024 1259 nitatc
1062 1240 1076 1259 a
1111 1240 1152 1259 me
1192 1232 1321 1259 donatum
1365 1233 1429 1260 huic
1462 1233 1583 1259 historiae
1616 1233 1721 1267 impciii

941 1278 1078 1304 lllirhaelis
1105 1278 1255 1312 l‘alaeologi
1281 1279 1404 1313 Augusti.
1420 1286 1435 1305 a
1463 1287 1517 1312 quo
1544 1279 1569 1306 id
1601 1287 1669 1313 opus
1695 1280 1721 1306 in

939 1322 1055 1354 quadam
1086 1322 1216 1348 concione
1247 1322 1390 1356 aliegatur,
1427 1322 1535 1349 hortatu
1571 1324 1720 1350 amicorqu

941 1371 1067 1401 tanquam
1097 1368 1320 1402 ﬁdpsyﬁépiuja
1350 1369 1472 1403 adiunxi.
1501 1369 1539 1396 lbi
1574 1370 1602 1396 in
1635 1371 1721 1404 prima

941 1412 1098 1446 praefatione
1118 1420 1177 1445 qna-
1202 1412 1343 1440 historiam
1367 1414 1531 1441 inventionis
1547 1419 1575 1441 et
1595 1415 1722 1450 deporta-

941 1458 1022 1485 tionis
1037 1466 1096 1492 epis
1106 1459 1165 1485 libri
1183 1466 1216 1486 cx
1231 1460 1302 1486 ludia
1318 1460 1343 1487 in
1356 1461 1493 1488 Persidem
1507 1461 1612 1493 recitat.
1626 1464 1722 1498 pagira

255 1508 332 1535 iarah
360 1512 412 1539 est,
430 1507 508 1540 cujus
531 1507 616 1540 prima
642 1510 715 1531 μοιιο
742 1510 782 1531 cst
811 1506 886 1539 jecil.
901 1515 922 1542 ο
940 1505 1042 1531 codicis
1067 1513 1120 1539 quo
1142 1506 1238 1532 utebar
1257 1504 1341 1533 Gra-ci
1363 1513 1446 1539 nona,
1462 1506 1501 1533 sic
1516 1507 1633 1542 legitur:
1650 1510 1723 1543 Πλὴν

940 1550 983 1576 διὰ
1005 1551 1036 1576 τό
1055 1559 1096 1576 σοι
1121 1552 1236 1585 ἀρεστὸν
1255 1552 1376 1586 λήψομαι
1407 1553 1471 1586 μίαν
1495 1553 1583 1580 πύλαν
1609 1554 1641 1581 ὲκ
1667 1555 1722 1581 τῶν

940 1595 1109 1630 ὑφασμάτων
1124 1598 1172 1631 τῆς
1193 1598 1289 1632 κώμης
1304 1598 1446 1631 ψουῖετὰν,
1465 1600 1509 1626 ἵνα
1520 1601 1549 1626 ἑν
1564 1600 1632 1635 αὐτῇ
1645 1601 1722 1632 605:-

940 1643 1074 1677 σοὴπομαι
1103 1643 1181 1677 κάγὼ
1204 1643 1296 1676 δοῦλός
1320 1653 1366 1671 σου
1385 1645 1414 1671 ὲν
1428 1644 1501 1680 πάσῃ
1520 1647 1553 1680 τῇ
1577 1647 1722 1682 συγγενείᾳ

940 1696 1003 1720 μου.
1027 1687 1124 1713 Λαδὼν
1149 1688 1177 1714 δὲ
1203 1689 1217 1714 ὸ
1236 1688 1345 1721 napo”:
1363 1689 1394 1714 ὲκ
1411 1689 1464 1715 τῶν
1489 1689 1638 1724 βασιλικῶν
1655 1691 1721 1724 ip;-

938 1735 1004 1760 τίων
1020 1740 1072 1762 ctc.
1091 1735 1134 1770 [Ρ.
1155 1735 1218 1771 illi]
1234 1736 1261 1762 In
1287 1736 1329 1762 his
1354 1736 1443 1762 verbis
1463 1737 1580 1770 primum
1600 1743 1721 1764 eccurr't

938 1779 1116 1812 quatrcndum
1131 1780 1195 1813 quid
1211 1779 1247 1806 sit
1263 1779 1333 1806 πύλαι
1348 1781 1380 1806 ἐκ
1391 1781 1445 1807 τῶν
1460 1781 1639 1815 ὐφισμάτων.
1652 1781 1720 1808 Nam

937 1829 1019 1859 purae
1041 1830 1130 1856 notzo,
1144 1833 1204 1859 qtue
1220 1827 1350 1853 naturalis
1365 1831 1407 1853 cst
1423 1826 1505 1862 πύλῃ,
1518 1835 1599 1861 quam
1620 1827 1664 1854 hic
1685 1839 1696 1853 δ
1711 1833 1720 1854 t

938 1870 1129 1904 intempestiva
1157 1879 1238 1898 nemo
1259 1879 1313 1898 non
1337 1872 1420 1899 videt.
1435 1871 1555 1900 Omnino
1567 1881 1721 1907 agnoscen-

936 1916 1000 1942 dum
1030 1921 1072 1944 est
1096 1917 1169 1944 πόλα
1194 1917 1238 1944 hic
1261 1926 1311 1952 pro
1335 1918 1424 1945 πτύλα
1439 1920 1557 1953 positum
1574 1927 1588 1946 a
1607 1920 1720 1946 πτύσ;ω

935 1961 1015 1995 plico,
1033 1962 1144 1994 involvo,
1162 1967 1191 1990 ut
1207 1963 1333 1990 volumen
1355 1969 1400 1990 aut
1414 1971 1513 1998 scapus
1529 1965 1610 1999 panni
1629 1966 1720 1998 CUjll§<

935 2010 1007 2042 piam
1039 2008 1091 2035 hoc
1121 2009 1254 2036 voeabulo
1279 2017 1354 2036 nunc
1385 2010 1565 2045 signiﬁcetur.
1593 2010 1719 2039 Frindnnt

937 2054 1023 2081 habeo
1040 2055 1203 2086 conjectura:
1218 2053 1400 2085 Eustathium,
1415 2055 1459 2089 qui
1472 2055 1506 2083 ad
1518 2055 1592 2082 illum
1608 2064 1718 2084 versum

934 2099 983 2126 4H
1022 2099 1118 2126 Iliadis
1148 2100 1174 2131 0,
1206 2100 1331 2136 πρώτῃσι
1357 2100 1384 2126 δὲ
1414 2101 1514 2137 πύλῃσι
1545 2102 1717 2135 πολυπτύχου

933 2145 1094 2178 οὑλύμποιο,
1104 2146 1142 2172 sic
1156 2150 1268 2172 annotat
1280 2154 1305 2180 p.
1315 2146 1364 2173 72l
1376 2147 1420 2173 ed.
1431 2146 1509 2173 ltom.
1518 2147 1696 2181 Παρηχητικιῒ
1704 2156 1718 2178 ς

133 2193 252 2228 Πρῶτος
271 2201 296 2228 p.
319 2193 382 2220 298.
414 2193 485 2228 Πρὸς
507 2193 553 2219 τὸν
579 2193 687 2227 πρῶτον
718 2193 877 2228 ἐκθέμενος.
899 2183 920 2211 D
934 2191 962 2217 δέ
983 2199 1041 2222 πως
1068 2191 1084 2226 ἢ
1106 2191 1311 2225 ὲτυμολογικῶς
1335 2193 1532 2228 παράκειταιή
1549 2192 1621 2227 πύλη
1639 2194 1686 2219 καὶ
1704 2195 1718 2219 ὀ

95 2239 146 2266 llic
162 2239 271 2273 πρῶτος
290 2239 416 2265 absolute
430 2246 457 2265 ct
472 2239 643 2266 substantive
663 2243 809 2273 usurpatur
832 2247 881 2272 pro

95 2293 228 2320 supremo
258 2285 313 2312 illic
357 2285 470 2319 pra'sidc
499 2292 650 2316 sacrorum,
677 2292 772 2318 nempe
798 2284 881 2319 patri—

91 2331 189 2358 archa.

129 2375 334 2409 Ιιρωτυκῆιυξ
351 2383 378 2410 p.
392 2375 454 2402 676.
469 2374 555 2408 Quem
574 2383 652 2402 antea
671 2379 814 2402 vocaverat
839 2375 882 2401 δο-

91 2422 224 2456 μέστικον
237 2421 396 2451 ἐκκλησίας,
418 2428 492 2448 nunc
518 2420 637 2455 appellat
665 2421 879 2456 πρωτοκήρυκα,

88 2473 282 2501 synonymam.
299 2466 410 2500 opinor,
426 2473 561 2501 usurpans
574 2473 634 2493 eam
650 2473 743 2493 vocem
753 2473 800 2500 pro
807 2473 881 2500 πρω-

87 2511 238 2546 τοψάλτης.
265 2511 331 2538 Nam
349 2511 517 2538 utCodinus
544 2511 627 2538 habet
654 2519 679 2539 c.
703 2511 747 2543 17,
775 2519 804 2538 n.
832 2510 878 2543 40,

85 2559 126 2584 Οὐ
150 2557 352 2592 πρωτοψά).την
379 2557 434 2591 ἔχει
451 2557 594 2593 ἐκκλησία,
611 2557 680 2584 ἀλλὰ
709 2557 877 2592 δομέστικον.

85 2603 198 2635 Quibus
212 2601 347 2637 signiﬁcat
361 2607 571 2636 praecutorem,
587 2602 639 2629 hoc
658 2607 710 2633 est,
727 2610 789 2629 eum
799 2603 878 2637 cujus

84 2650 210 2677 cilicium
226 2653 266 2676 cst
280 2653 392 2676 cantum
408 2648 537 2675 inchoare
552 2648 578 2675 in
592 2649 687 2679 choro,
700 2655 754 2674 non
772 2655 878 2682 πρωτοο

81 2696 195 2729 ψάλτην
208 2695 295 2722 solere
305 2694 371 2724 dici,
388 2699 417 2720 ut
429 2702 473 2721 res
490 2694 621 2728 exigeret,
636 2694 682 2720 sed
707 2693 877 2720 domesticum

83 2740 222 2768 Ecclesia'.
245 2741 308 2768 llzec
336 2739 402 2766 mihi
429 2747 511 2767 causa
540 2740 590 2767 fuit
611 2739 693 2774 599
719 2741 876 2775 opponendi

79 2785 109 2812 in
128 2785 255 2812 versione
270 2786 484 2820 πρωτοχήρυκος
498 2786 630 2813 vocabulo
658 2785 781 2813 Lilllllttln
805 2794 875 2820 pne-

78 2832 200 2858 reulvris
218 2840 327 2859 nomen.

935 2237 1105 2272 πολύπτυχος
1115 2245 1124 2252 ·
1149 2237 1225 2272 παρὰ
1240 2237 1271 2263 τὸ
1284 2237 1416 2264 πτύσσειν
1430 2238 1485 2272 γὰρ
1501 2238 1549 2264 καὶ
1562 2238 1656 2273 ἄμςω,
1676 2239 1686 2264 ῖ
1703 2248 1717 2264 1

934 2281 950 2320 ᾗ
976 2283 1147 2318 πολύπτυχος
1172 2283 1186 2309 ὁ
1212 2282 1376 2314 πολύπυλος.
1395 2283 1457 2311 Hac
1483 2283 1546 2316 ille;
1568 2284 1595 2310 in
1620 2284 1719 2318 quibus

935 2328 1011 2356 vides
1026 2328 1112 2363 πύλην
1136 2336 1151 2355 a
1168 2329 1298 2355 πτύσσειν
1321 2328 1429 2360 deduci,
1452 2329 1553 2356 cxtrito
1571 2329 1718 2363 subiuncta

933 2383 959 2402 τ,
975 2374 1080 2402 Addam
1096 2382 1128 2402 ex
1151 2375 1300 2402 occasione
1312 2375 1346 2402 do
1371 2382 1460 2409 panno
1496 2375 1541 2403 hic
1565 2380 1721 2403 memorato

935 2419 994 2455 pagi
1010 2419 1151 2452 Plzuistan,
1169 2418 1241 2453 quod
1257 2419 1283 2446 in
1304 2419 1350 2446 illo
1370 2418 1498 2447 videlicet
1523 2419 1717 2454 pago‘texere-

934 2469 977 2492 tur
999 2474 1006 2491 :
1031 2466 1101 2492 forte
1120 2465 1183 2492 inde
1198 2469 1291 2492 natum
1320 2464 1430 2500 vulgare
1458 2472 1560 2492 nomen
1586 2464 1666 2492 hodie
1689 2466 1718 2491 in

932 2510 1018 2537 Gallia
1045 2511 1127 2545 panni
1157 2510 1299 2545 cujusdam
1323 2517 1355 2538 ex
1376 2511 1510 2546 :gossypio
1535 2511 1612 2542 texti,
1643 2511 1719 2544 quod-

932 2556 1055 2590 fustaiue,
1073 2557 1219 2591 flutam'um
1244 2555 1406 2590 appellatur.
1431 2555 1469 2583 Ex
1485 2554 1719 2589 consequentibus

932 2609 1014 2636 porro
1030 2601 1121 2629 verbis
1137 2600 1295 2636 intelligitur
1309 2601 1459 2636 genushoc
1470 2601 1553 2636 panni
1581 2600 1652 2636 regis
1668 2604 1716 2628 aut

932 2649 1012 2683 regia!
1053 2647 1162 2674 lainilia:
1191 2647 1286 2674 usibus
1318 2646 1402 2674 fuisse
1427 2651 1607 2680 reservatum,
1633 2647 1668 2674 ita
1687 2652 1716 2674 ut

931 2693 1024 2721 vestiri
1042 2701 1075 2720 eo
1092 2700 1173 2719 nemo
1191 2697 1283 2727 posset
1302 2693 1360 2719 sine
1370 2700 1501 2721 concessu
1526 2692 1656 2726 peculiari
1670 2700 1717 2718 ri-

931 2740 981 2775 gis.
1000 2739 1078 2766 Unde
1094 2739 1279 2766 characterem
1296 2738 1410 2766 haberet
1423 2738 1504 2774 600
1514 2738 1608 2766 eximii
1628 2738 1715 2765 hono-

932 2786 969 2811 ris
984 2791 1012 2811 et
1034 2785 1105 2819 apud
1128 2784 1280 2819 principem
1312 2788 1405 2818 gratia
1434 2785 1622 2812 mdnmentuut
1650 2784 1714 2812 tale.

930 2830 1080 2864 i‘roiitcrea
1100 2829 1173 2857 enim
1194 2829 1269 2856 addit
1293 2829 1409 2856 Pcrzoes
1432 2831 1556 2866 accipere
1578 2837 1608 2857 se
1633 2830 1714 2856 istam
