1931 3069
107 122 163 154 1063

134 179 263 212 Σύμϐολα
276 177 459 204 δεσποτικοῦ
482 178 624 210 θανάτου,
640 186 666 212 p.

103 226 162 253 festc
177 227 201 252 in
220 226 260 252 his
285 233 364 252 sacra
381 225 555 252 Eucharistia
570 225 733 260 designatur
753 226 807 253 illis
821 234 879 253 vcr-

101 272 137 299 bis
150 279 156 298 :
168 271 292 306 Σύμὸολσι
307 272 474 297 Δεσποτικοῦ
493 273 621 302 υανάτου,
639 271 784 298 Dominich
806 279 878 298 mor-

102 321 130 345 ti:
142 317 263 353 symbolo,
281 325 342 352 qua:
357 318 447 344 statim
462 322 522 351 post
541 318 606 351 ἆγια
620 317 695 352 δῶρα
723 323 877 352 nuncupat.

101 365 174 397 Cujus
190 364 383 399 appellationis
417 367 552 392 rationem
583 372 662 391 nemo
694 365 826 398 requiret.
846 363 877 399 [1ὶ

100 411 155 448 illi]
171 412 214 446 qtti
239 411 394 438 meminerit
419 410 484 437 illud
518 411 641 445 Apestoli
661 410 694 437 ad
712 410 877 441 lCorinth.,

101 467 134 491 xI,
145 460 175 484 2o
194 466 199 484 :
218 457 430 491 Quotiescunque
456 457 650 484 nianducabitis
659 465 753 492 panem
769 456 838 483 hunc
853 463 878 483 et

100 505 195 532 calicem
212 504 313 536 bibatis,
329 508 438 529 mortem
455 502 565 529 Domini
579 503 784 535 amtuntiabilis,
799 504 879 529 donec

101 553 187 578 vcniut.
207 550 297 578 Unum
315 550 388 576 addo
404 549 436 576 de
455 557 520 576 voce
540 549 691 584 Σύμῦο),ον.
720 558 781 576 eum
810 549 880 576 sim-

101 600 198 634 pliciter
212 599 313 625 dicitur
329 605 465 624 summam
479 596 700 624 Christianorum
720 596 878 631 dogmatqu

101 647 218 672 iudicare
236 644 308 678 apud
337 644 412 670 hunc
439 647 563 670 nostrum
591 650 710 677 quoque,
736 647 763 668 ut
779 649 841 669 cum
857 642 881 668 is

100 699 155 718 mox
172 691 245 717 addit
258 689 454 716 moribundum
471 689 663 722 imperatorem
685 688 711 713 in
737 687 879 721 procinctu

100 737 164 764 sacri
183 735 334 769 accipiendi
352 735 443 761 viatici
461 734 491 760 τὸ
507 733 586 767 ἅγιον
613 732 742 764 διεξιέναι
772 732 879 767 Σύμὸο-

101 785 151 814 λον,
178 783 337 818 Symbolum
364 781 490 808 videlicet
515 781 696 815 apostolicum
731 779 791 806 ildci
824 787 880 806 suae

99 831 250 866 profitendae
272 830 416 856 recitasse.
440 828 512 855 Alibi
529 835 602 862 sat-pe
635 828 661 854 in
690 827 741 854 hac
766 827 879 853 historia

99 877 253 913 Symbolum
272 877 412 904 bicwnum
429 875 556 903 absolute
572 874 732 909 Symbolum
745 873 880 900 nominat.

99 925 299 958 lutelligebatut‘
325 924 397 950 enim
420 923 454 949 de
471 929 526 956 quo
554 921 667 951 diceret,
693 928 725 946 cx
758 919 883 953 subjecta

99 972 220 1002 materia,
233 979 295 998 eum
312 974 477 996 tractaretur
489 969 677 995 contr0versia
692 967 726 994 de
744 967 885 993 additione

101 1015 217 1049 Filioque
229 1015 358 1051 Symbolo
371 1014 493 1046 Nicmno,
504 1014 545 1040 Vel
560 1014 583 1040 si
599 1014 721 1040 exactius
738 1013 884 1048 loquimur,

97 1062 409 1097 Constantinopolitano,
441 1068 456 1088 a
475 1061 580 1088 Latinis
597 1060 712 1088 inserta.
739 1059 807 1087 Vide
824 1067 885 1095 qua;

97 1113 258 1136 annotatnus
275 1109 307 1136 ad
323 1109 341 1136 l.
360 1116 386 1141 v,
404 1115 429 1135 c.
451 1108 495 1135 Η.

131 1155 291 1190 Συγχωρέω
307 1156 353 1182 καὶ
363 1154 566 1189 συγχώρησις,
583 1161 611 1188 p.
629 1153 692 1181 385.
702 1153 746 1180 Att
763 1152 885 1180 oblatum

96 1204 130 1229 ab
144 1202 308 1236 imperatore
327 1208 407 1228 sacro
426 1200 529 1235 templo
543 1199 776 1234 pretiosissimum
789 1198 886 1225 altaris

97 1249 198 1279 velum,
224 1255 286 1274 cum
319 1246 510 1274 absolveretur
533 1245 567 1272 ab
585 1244 886 1276 excomnumieatione,

97 1296 206 1329 ilignum
216 1302 244 1321 se
257 1301 289 1320 ac
306 1293 352 1320 tali
369 1292 554 1327 gratulatione
571 1292 685 1318 donum.
709 1289 745 1318 Ut
767 1290 823 1322 hic.
847 1290 886 1317 sic

97 1346 124 1368 et
140 1341 203 1367 alibi
217 1339 330 1367 verbum
347 1339 502 1374 συγχωρεῖν
519 1338 546 1364 in
564 1337 615 1364 ista
627 1336 741 1364 notione
757 1336 885 1363 sumitur.

99 1387 142 1414 Uti
157 1393 183 1414 et
197 1386 372 1420 συγχώρησις
403 1393 451 1419 pro
473 1384 532 1418 ipsa
557 1383 733 1410 absolutione
754 1382 806 1408 hoc
828 1382 887 1415 ipso

95 1434 184 1469 capite
201 1432 358 1467 εάντείχετο
371 1431 408 1463 ὡς
422 1431 512 1462 λεπὰς
542 1429 648 1456 ἐκείνου
663 1428 786 1463 (Iosephi
803 1427 887 1463 patri-

94 1480 185 1507 archae
203 1479 278 1511 novi,
296 1478 342 1513 qui
363 1485 426 1505 eum
443 1478 477 1504 ab
496 1475 784 1504 excommunicationc
800 1474 888 1501 solve—

93 1527 148 1561 rat)
172 1526 217 1552 διά
230 1533 261 1551 τε
286 1525 336 1560 τὴν
366 1525 413 1550 ἀπ’
423 1524 529 1550 ἐκείνου
561 1522 750 1557 συγχώρησιν,
778 1525 888 1556 propter

93 1572 309 1601 absolutionem,
323 1577 405 1604 quam
416 1577 479 1596 eum
496 1569 598 1595 frustra
612 1568 645 1595 ab
660 1567 779 1594 Arseuio
795 1566 888 1601 petiis-

92 1624 146 1651 sct,
165 1626 180 1645 a
194 1618 332 1645 Cet-tuane
359 1615 548 1650 accipiendam
576 1622 631 1641 non
657 1618 789 1649 putasset,
808 1612 887 1645 deni,-

92 1673 149 1701 que
165 1672 180 1692 a
195 1663 315 1698 Josepho
336 1662 417 1689 tcrtiu
436 1661 471 1688 ab
493 1660 611 1688 Arsenio
628 1659 784 1695 patriarcha
801 1659 887 1693 impe-

92 1716 228 1741 lraverat.

129 1758 288 1790 Συναπτή,
309 1765 336 1791 p.
353 1757 414 1784 ΗΔ.
427 1757 556 1792 Synaptae
572 1762 674 1782 nomen
697 1753 793 1781 Latine
820 1755 886 1781 reti-

90 1806 140 1834 nui
163 1825 171 1838 ,
186 1806 250 1839 quia
263 1812 317 1831 non
335 1803 442 1836 reperio
460 1809 544 1829 unum
561 1801 635 1828 aliud
661 1801 688 1828 in
713 1805 807 1828 nostra
835 1801 889 1829 lin—

90 1859 146 1888 gua
159 1852 274 1878 verbum
296 1858 351 1884 quo
363 1857 409 1876 res
438 1849 499 1875 voci
529 1848 653 1882 συναπτή
675 1847 798 1882 subjecta
820 1849 887 1875 satis

90 1899 277 1934 exprimatur.
293 1896 378 1924 Multa
404 1895 438 1922 de
462 1902 493 1922 ea
519 1894 624 1921 utiliter
643 1893 723 1921 docet
742 1893 886 1921 Meursius.

91 1945 214 1973 Videtur
228 1944 330 1978 aliquid
346 1942 435 1970 simile
450 1942 489 1969 illi
514 1941 585 1976 parti
601 1941 760 1968 litaniarum
779 1946 888 1968 nostra-

88 2000 168 2024 rum,
200 1999 254 2026 qua
273 1991 328 2017 Deo
344 1989 472 2017 continua
494 1988 565 2016 serie
582 1987 667 2013 multa
693 1988 888 2013 commendan-

85 2045 146 2071 tur,
171 2039 300 2070 ecclcsia,
316 2036 438 2072 pontifex
456 2040 522 2067 etc.,
535 2034 664 2068 adjuncta
684 2034 784 2068 cuique
797 2034 886 2061 accla-

85 2085 218 2112 matione
248 2084 341 2119 populi
361 2092 368 2110 :
386 2082 422 2110 Te
443 2089 582 2116 rogamus.
601 2080 666 2106 audi
681 2088 740 2111 nos,
757 2087 806 2114 pro
832 2089 887 2114 quo

85 2131 198 2158 Grzecis
207 2134 259 2162 est,
269 2129 322 2155 Τοῦ
332 2129 372 2155 Κυ
379 2128 435 2162 ρίου
446 2126 588 2161 δεηοῶμεν
597 2125 741 2152 Dominum
751 2133 886 2160 rogamus.

130 2176 254 2208 Συγών,
271 2184 298 2211 p.
318 2175 382 2202 487.
397 2174 564 2202 Pachomius
583 2172 720 2198 litterator
737 2171 839 2198 dicitur
848 2172 887 2206 τῷ

83 2223 334 2259 Στρατηγοποὺλῳ
361 2221 472 2256 Μιχαὴλ
497 2220 595 2246 συνών.
619 2218 668 2246 llic
695 2217 741 2244 τοῦ
767 2219 885 2245 συνεῖναι

81 2269 178 2294 verbo
195 2274 249 2293 non
263 2266 390 2300 qmclibet
421 2265 559 2292 indicatur
572 2265 729 2299 prazsentia,
760 2265 806 2291 sed
822 2264 887 2290 inli-

83 2321 153 2341 mus
171 2313 318 2340 convictus
331 2312 573 2344 dontesticutnque
590 2311 617 2337 in
637 2319 666 2338 re
682 2311 814 2338 litteraria
836 2310 887 2336 mi—

82 2360 252 2389 nisterium.
267 2359 348 2393 quale
364 2358 463 2385 divites
475 2357 539 2383 olim
559 2357 706 2391 exigebant
723 2357 757 2383 ab
773 2357 807 2383 iis
818 2363 888 2390 quos

80 2405 165 2441 apud
189 2413 219 2431 se
233 2404 381 2435 habebant,
404 2408 433 2429 ut
453 2410 550 2429 eorum
572 2403 739 2433 eruditione,
759 2409 823 2428 cum
843 2410 888 2428 es-

78 2458 128 2479 Sct
152 2459 227 2487 opus
243 2456 290 2477 aut
309 2455 430 2481 vacaret,
451 2450 623 2484 juvarcntur.
661 2449 693 2475 lli
730 2449 803 2475 haud
831 2447 889 2475 fere

77 2500 173 2526 aliter
191 2504 273 2532 quam
289 2497 415 2527 συνόντες
431 2497 616 2528 vocabantur,
635 2500 664 2521 ut
680 2495 842 2529 intelligitur
855 2502 888 2521 ex

77 2546 175 2579 longo
192 2549 219 2571 et
236 2543 401 2578 pereleganti
424 2542 537 2570 Luciaui
559 2544 592 2569 de.
625 2542 668 2569 his
692 2542 774 2574 libro,
808 2541 888 2575 cujus

75 2594 147 2625 ipse
169 2591 269 2618 titulus
287 2589 459 2623 (inscribitur
475 2589 548 2616 enim
572 2587 639 2622 Περὶ
661 2588 716 2613 τῶν
734 2588 780 2613 ἐπὶ
800 2588 888 2623 μισθῷ

72 2638 173 2674 603
195 2636 339 2669 συνόντων)
357 2635 428 2661 hanc
445 2642 525 2670 quam
547 2635 699 2661 asset-imus
711 2633 793 2668 hujus
808 2641 889 2661 voca-

73 2685 146 2711 buli
163 2682 503 2710 notionem‘demonstrat.

117 2729 333 2764 ΣιῬιωιιν-νης,
355 2736 382 2763 p.
394 2727 458 2755 “528.
475 2726 539 2762 Agit
555 2727 588 2753 de
609 2725 714 2754 Joanne
739 2727 808 2754 duce
824 2735 888 2762 pro-

73 2776 165 2802 fecto
179 2774 305 2805 Thebas,
326 2778 354 2801 et
374 2773 431 2800 illic
459 2773 616 2807 reperiente
644 2780 773 2807 magnum
799 2773 889 2800 domi-

73 2830 168 2853 num,
190 2828 271 2855 quem
288 2821 379 2854 lingua
396 2819 570 2853 popularium
586 2818 624 2846 ibi
642 2818 823 2854 Syrioaunem
841 2828 889 2846 νου

72 2869 210 2895 citatum
242 2868 290 2899 ait,
318 2872 345 2893 ct
374 2871 464 2893 tamen
497 2865 688 2900 cognominem
714 2865 768 2901 ipsi
802 2866 888 2894 fuisse

267 2915 401 2944 l‘aruoL.
424 2915 483 2943 Gn.
508 2912 630 2944 CXLllI

776 124 799 152 G
808 123 1038 155 LOSSARIUM.

699 179 762 206 550.
793 178 1025 209 Maui-AJoauui
1051 178 1124 205 duci.
1145 179 1223 206 l'nde
1255 180 1415 216 intelligitur
1451 183 1615 210 additionctn
1646 184 1721 212 illam

1652 127 1720 157 1065

932 226 1026 258 prima:
1043 226 1152 260 syllaba:
1177 227 1208 252 ad
1223 234 1324 253 nomen
1345 228 1417 254 istud
1433 236 1486 256 non
1504 231 1649 263 pertinere,
1674 233 1722 258 sed

932 271 1087 304 adiunctam
1102 273 1125 299 ei
1150 274 1350 301 cousuctudinc
1366 275 1473 302 illarttm
1492 278 1613 311 gentium
1633 279 1720 313 urigi-

933 318 975 343 nis
991 317 1141 351 Francicam,
1160 319 1200 345 vel
1216 327 1248 346 ex
1262 320 1341 355 longa
1359 328 1422 348 cum
1442 322 1555 349 Francis
1569 329 1718 351 (OllSllElll-

932 363 1006 395 dine,
1031 372 1130 391 nomen
1145 364 1221 399 Syre,
1239 367 1312 400 quod
1328 375 1360 394 ex
1386 367 1481 395 Graeco
1510 369 1603 404 κύριες
1618 370 1720 398 factum

931 414 1055 444 putatur,
1069 419 1119 438 suo
1132 412 1247 446 principi
1277 415 1560 442 accommodantium.
1590 417 1722 452 Suspicor

931 457 1003 483 idem
1021 464 1131 490 nomen,
1149 458 1212 485 licet
1226 459 1337 492 paulum
1354 460 1461 488 diverse
1474 463 1618 496 scriptum,
1638 464 1723 491 fuisse

931 502 1112 537 Συργιοὶννης,
1140 504 1212 538 quod
1239 505 1349 532 cuidam
1375 507 1461 534 nobili
1485 508 1608 535 Comano
1629 510 1655 536 in
1676 511 1726 537 ba-

932 549 1034 582 ptismo
1051 549 1169 576 inditum
1191 551 1274 577 refert
1289 552 1507 584 Cautacuzeuus,
1527 555 1544 582 l.
1564 564 1583 587 t,
1596 563 1621 583 c.
1644 557 1686 584 Η.

966 596 1095 630 Σφαῖρος
1131 597 1371 631 Ἐμπεδόκλειος.
1403 608 1428 635 p.
1453 600 1514 628 205,
1542 601 1633 630 Primo
1657 604 1724 631 mihi

936 642 989 670 loci
1004 642 1214 677 hujusoccursu
1241 645 1316 672 venit
1348 649 1374 672 tu
1398 652 1515 674 utentem
1542 648 1649 675 laudari
1680 649 1726 676 hic

931 688 1096 715 sententiam
1112 689 1265 724 philosophi
1291 692 1390 719 veteris
1413 699 1427 719 c
1445 692 1588 727 discipulis
1613 699 1661 721 aut
1683 703 1728 722 se-

931 735 1028 762 ctariis
1061 735 1247 770 Empedoclis,
1284 738 1328 764 cui
1359 746 1458 766 nomen
1493 740 1608 774 Sphaero
1642 747 1726 769 esset.

931 779 1032 812 Quidni
1049 782 1123 808 enim
1151 782 1214 809 talis
1241 785 1435 818 appellationis
1457 787 1594 821 quispiam
1618 788 1728 816 dedisse

898 847 919 876 Β
938 827 1228 876 operamnlilmpedocli
1244 829 1278 876 [VP
1291 831 1355 867 U7]
1366 833 1511 866 potuisset,
1521 841 1584 860 cum
1596 834 1727 869 Sphzerus

936 871 1192 900 aliuseCleanthis
1220 875 1325 906 Schota,
1351 881 1431 903 notus
1454 882 1551 904 auctor
1576 879 1726 905 multorum

935 925 1060 952 operum,
1077 919 1189 954 Diogeni
1203 920 1312 947 Laertio
1333 927 1502 949 memoratus
1517 923 1572 950 sit?
1595 925 1728 951 Animad-

937 964 1004 990 verti
1021 970 1116 998 postea
1146 965 1270 992 obortam
1299 967 1455 1001 opinionem
1484 969 1606 996 eamdem
1633 969 1728 997 lliero-

936 1018 1017 1045 nymo
1031 1011 1132 1038 Wolfio
1146 1012 1220 1040 hunc
1236 1013 1325 1040 locutu
1344 1015 1372 1041 iu
1390 1023 1439 1042 sua
1472 1015 1605 1050 Excerpta
1635 1017 1728 1044 confe-

936 1057 1018 1084 renti.
1033 1057 1086 1084 Sed
1108 1059 1298 1086 consideranti
1325 1067 1380 1086 rem
1401 1062 1533 1090 attentius
1548 1063 1621 1089 brevi
1641 1063 1729 1097 patuit

937 1103 1058 1137 σφαῖρος
1076 1102 1122 1130 hic
1138 1112 1188 1137 pro
1204 1105 1306 1139 σφαῖρα
1333 1106 1451 1139 positum
1472 1107 1551 1141 plane
1573 1107 1730 1142 significare

937 1149 1032 1176 follem
1051 1150 1248 1184 orbicularemI
1266 1152 1361 1186 quales
1379 1153 1504 1180 videmus
1521 1154 1590 1188 pilas
1609 1155 1728 1189 majores

937 1196 1034 1231 spiritu
1057 1197 1206 1230 confertas,
1226 1198 1364 1232 quasitali
1383 1200 1495 1234 pallorii,
1520 1200 1590 1228 Galli
1622 1201 1727 1229 ballons

938 1243 1094 1270 nominant.
1122 1243 1249 1278 Excipiat
1277 1245 1378 1279 aliquis
1401 1251 1498 1272 centra
1529 1254 1581 1273 non
1610 1247 1727 1282 reperiri

938 1297 1038 1317 nomen
1052 1290 1123 1317 istud
1138 1290 1296 1324 hacforma,
1309 1292 1355 1319 sed
1371 1292 1508 1320 femininx
1521 1293 1622 1327 ubique
1634 1295 1730 1321 termi-

938 1337 1061 1364 nationis
1079 1341 1105 1363 et
1127 1338 1234 1372 generis
1251 1338 1323 1373 apud
1340 1339 1489 1373 scriptorcs
1504 1339 1635 1367 classicus
1666 1340 1732 1374 legi.

939 1383 1077 1411 Concedo.
1094 1383 1165 1416 Quid
1186 1389 1242 1411 tum
1260 1385 1380 1419 postea?
1410 1393 1442 1412 an
1457 1390 1499 1412 est
1526 1386 1596 1413 adeo
1612 1387 1729 1413 alieuum

941 1436 956 1455 a
983 1429 1159 1465 l’achymeris
1180 1437 1256 1457 tnore
1283 1430 1414 1465 quiddam
1443 1432 1469 1458 in
1487 1431 1588 1458 talibus
1610 1441 1732 1458 καινοτο-

940 1476 1023 1510 μεῖνῖ
1039 1475 1176 1503 Praeterea
1192 1477 1327 1511 suspicari
1345 1477 1409 1504 licet
1426 1478 1515 1504 visum
1536 1478 1587 1512 ipsi
1611 1479 1731 1513 aliquem

902 1524 923 1553 c
941 1522 1039 1549 librum
1057 1523 1148 1550 idonei
1167 1524 1290 1551 auctoris
1319 1531 1352 1550 ex
1381 1524 1415 1551 iis
1433 1525 1528 1552 multis
1552 1525 1597 1559 qui
1617 1525 1650 1552 ad
1678 1533 1728 1552 nos

941 1577 994 1596 non
1011 1575 1207 1604 pervenerunt,
1234 1570 1279 1597 ubi
1297 1572 1410 1605 σφαῖρος
1423 1578 1471 1604 pro
1490 1573 1593 1607 σφαῖρα
1618 1580 1732 1606 potiori--

941 1620 997 1641 tur.
1014 1613 1066 1642 Sed
1087 1615 1162 1642 verbi
1190 1616 1409 1642 controversiam
1430 1616 1681 1651 proliigarerimus,
1702 1626 1732 1643 rc

941 1661 1024 1688 semel
1046 1661 1105 1695 ipsa
1124 1661 1286 1688 constituta.
1305 1660 1508 1693 Detnonstrato,
1526 1662 1649 1698 inquam,
1678 1666 1732 1691 tori

941 1715 1022 1741 quem
1037 1713 1187 1734 tractamus
1202 1708 1367 1734 sententiam
1385 1709 1495 1742 exigere
1511 1713 1539 1736 ut
1555 1711 1668 1744 a;tzip');
1683 1711 1734 1737 fot-

940 1753 993 1780 lem
1025 1754 1152 1780 rotundae
1175 1754 1270 1780 forth
1293 1754 1440 1788 signiticet,
1462 1756 1543 1782 simul
1566 1756 1732 1783 evicerintus

941 1800 1020 1827 istatn
1038 1799 1120 1834 hujus
1136 1800 1263 1827 vohahuli
1283 1801 1334 1828 hoc
1348 1801 1409 1827 loco
1421 1801 1560 1828 notionem
1576 1810 1639 1830 esse
1651 1803 1732 1829 mini—

941 1853 984 1873 tne
1007 1846 1130 1874 dubiant.
1155 1847 1226 1881 Ergo
1238 1845 1271 1872 ad
1291 1847 1317 1873 id
1334 1854 1384 1874 nos
1404 1849 1588 1882 aciingnmns.
1620 1849 1665 1876 Ait
1687 1850 1732 1876 hic

940 1892 1125 1927 Pachymeres
1164 1893 1350 1927 patriarcham
1389 1895 1559 1927 Arscnium,
1586 1901 1733 1931 postquam

941 1939 1064 1966 lilichaeli
1089 1939 1241 1973 l‘alaeologo
1259 1939 1420 1974 imperatori
1447 1941 1482 1967 ob
1496 1948 1662 1968 excaecatum
1683 1950 1734 1977 pi:—

941 1985 1035 2019 pillum
1050 1990 1077 2012 et
1090 1987 1221 2020 collegam
1241 1994 1320 2012 suum
1337 1987 1364 2012 in
1381 1987 1499 2021 imperio
1514 1986 1649 2014 Joannem
1667 1997 1732 2023 put-

942 2041 1000 2059 rum
1017 2033 1105 2059 sacris
1124 2032 1317 2063 interdixerat,
1335 2033 1528 2060 dissimulasse
1542 2038 1647 2065 tamen,
1667 2037 1730 2062 dum

940 2078 1064 2112 quaedam
1087 2077 1145 2104 fieri
1167 2077 1271 2103 \ideret
1284 2077 1395 2104 minime
1411 2079 1576 2106 coluere:th
1592 2088 1654 2106 cutn
1667 2088 1732 2107 atta-

941 2125 1062 2150 themate
1077 2123 1128 2150 rite
1145 2123 1258 2150 intorto.
1276 2121 1343 2149 Nam
1362 2131 1424 2149 cum
1452 2132 1513 2150 eum
1541 2125 1587 2159 qui
1617 2125 1675 2156 tali.
1702 2131 1732 2152 ut

942 2171 1023 2203 paulo
1041 2177 1103 2197 ante
1119 2170 1251 2204 loquitur,
1264 2170 1352 2204 gladio
1372 2171 1481 2201 spiritus
1499 2178 1512 2196 a
1534 2171 1733 2198 communione

942 2217 1062 2243 fidelium
1077 2218 1156 2250 plane
1173 2216 1314 2242 abseisws
1342 2216 1450 2248 fniswt,
1474 2217 1550 2243 nefas
1565 2222 1637 2244 esset
1652 2217 1731 2251 juxta

940 2271 1034 2291 saeros
1048 2271 1169 2290 canones
1187 2263 1331 2289 admittere
1346 2262 1378 2288 ad
1393 2262 1475 2289 ullam
1491 2263 1730 2298 participationem

939 2318 1093 2342 sacrorum,
1117 2314 1208 2337 tamen
1224 2317 1257 2336 ex
1274 2317 1306 2336 co
1323 2315 1446 2343 tempore
1474 2317 1529 2336 non
1565 2311 1733 2337 destiterunt

939 2356 1236 2391 Constantinopolitaui
1253 2355 1411 2382 sacerdotes
1425 2359 1451 2381 et
1467 2355 1559 2383 clerici
1570 2356 1732 2383 nominatim

941 2410 1096 2430 memorare
1117 2403 1143 2429 in
1159 2409 1239 2429 sacro
1257 2402 1343 2428 choro
1357 2408 1439 2436 atque
1453 2402 1523 2428 inter
1540 2402 1597 2436 ipsa
1617 2402 1733 2437 litui-giae

940 2450 1068 2484 mysteria
1085 2449 1276 2483 imperatorem
1291 2448 1352 2475 licet
1367 2449 1654 2481 excommunicatum,
1665 2456 1733 2475 ρους

940 2497 1049 2524 nivente
1081 2496 1114 2523 ad
1136 2497 1187 2523 hoc
1210 2504 1303 2523 coram
1323 2504 1353 2522 se
1382 2500 1548 2529 usurpatum
1574 2496 1732 2530 patriarcha

941 2549 1016 2570 metu
1036 2543 1150 2578 majoris
1178 2543 1252 2569 ntali.
1273 2542 1424 2570 Verebatur
1441 2542 1524 2578 604
1540 2543 1613 2569 cuitu
1634 2550 1677 2573 ne.
1708 2543 1732 2569 si

939 2595 966 2616 et
982 2590 1034 2617 hoc
1049 2590 1193 2620 vetuisset,
1207 2597 1323 2616 excussa
1336 2597 1388 2623 qua
1403 2593 1545 2622 utcunque
1568 2588 1732 2615 contini-ba—

941 2642 985 2663 lur
999 2637 1149 2671 imperator
1163 2635 1331 2662 verecundia
1343 2637 1461 2670 quadam
1477 2643 1561 2661 sacrtc
1574 2636 1731 2669 potestatis.

939 2683 1031 2710 omnia
1051 2683 1078 2709 in
1110 2687 1260 2708 extremam
1294 2680 1532 2715 perturbationem
1568 2680 1730 2714 ΠΙψιτΗιινυί,

940 2729 1116 2762 rvenivetque
1154 2729 1206 2754 tale
1240 2726 1341 2761 aliquid
1361 2725 1442 2760 quale
1466 2726 1492 2752 in
1520 2725 1625 2761 lllyssis
1650 2733 1731 2757 nave,

940 2775 1092 2802 dormiente
1114 2773 1187 2808 ipso,
1202 2773 1319 2800 feliciter
1335 2772 1368 2799 ad
1386 2777 1495 2807 portum
1515 2773 1665 2807 aspirante,
1690 2777 1731 2799 te-

942 2821 1058 2849 meraria
1073 2820 1223 2855 cupiditate
1237 2821 1368 2846 comitum
1387 2819 1448 2854 ejus
1463 2819 1573 2850 accidit,
1596 2819 1643 2854 qui

988 2864 1084 2890 ’Λσκὺν
1102 2866 1151 2900 μὲν
1159 2863 1253 2898 λῦσαν,
1266 2864 1360 2899 ἄνεμοι
1375 2864 1438 2890 δ’ἐκ
1454 2864 1553 2895 πάντες
1567 2864 1684 2898 omum.»

1497 2910 1534 2940 33t-
