1931 3069
105 175 175 208 1077

777 175 1042 207 GLOSSAIUUM.

1663 176 1738 207 107$

105 236 172 263 ἀλλὰ
188 235 236 262 καὶ
263 236 309 262 risv
333 235 445 271 ἄνεμον,
471 235 500 266 ὃς
529 235 637 262 ἐνθένδε
667 235 730 260 πνεῖ
755 235 894 267 Ταναῖττιν

950 233 1107 260 ministrt‘iis
1138 238 1265 261 navassct
1290 241 1413 268 operam,
1430 234 1463 261 ab
1495 241 1528 261 eo
1555 234 1610 268 jam
1638 235 1734 262 adulto

106 282 372 318 προσαγορεύουσιν.
407 281 445 309 Ex
468 282 569 316 quibus
597 282 781 315 intelligimus
809 280 892 314 hujus

104 328 179 355 venti
197 336 298 356 nomen
321 337 374 355 non
402 336 415 354 a
436 336 502 355 vero
528 336 609 355 amne
627 327 711 354 Tanai
739 333 891 361 sumptum,

105 374 153 400 sed
185 376 218 400 ab
245 375 323 400 alveo
347 375 465 408 quodam
495 379 541 401 aut
566 382 653 408 prono
679 374 753 401 ﬂuxu
785 374 891 408 paludis

108 420 240 447 Maeotidis
264 421 291 447 in
314 420 428 447 Pontum
463 421 611 452 Euxinum,
633 420 680 455 qui
700 420 793 446 alveus
809 421 890 447 etiam

107 466 208 493 Tanais
239 466 376 492 nominari
402 466 576 493 consueverit
592 474 600 497 ;
627 466 661 492 ab
677 473 710 492 co
726 470 816 492 autent
835 466 891 498 spi—

107 517 213 540 rantem
231 516 354 543 ventum,
372 512 429 546 qui,
450 517 479 539 ut
497 513 535 538 ait
556 517 660 544 noster,
676 512 748 538 inter
763 511 891 539 Boreales

105 560 178 586 solet
197 567 259 586 esse
278 559 547 590 vehementissimus,
570 558 712 585 Tauaitem
737 558 802 586 dici.

145 605 274 638 Ταρίτες,
294 612 355 639 pag.
384 605 446 632 ΗΘ.
463 605 533 632 Hinc
556 604 691 631 habemus
708 611 793 631 naves
810 612 894 639 quas-

107 651 168 676 dam
183 655 332 678 contracta:
349 651 540 685 longitudinis,
560 652 612 678 hoc
631 655 674 677 est
690 652 780 678 minus
795 651 893 686 longas

106 704 189 731 quam
215 697 354 727 triremes.
371 696 480 724 Taritas
502 704 517 723 a
546 696 738 724 Genuensibus
765 698 799 725 iis
826 698 892 724 olim

108 743 252 770 utentibtts
280 743 370 770 fuisse
393 747 515 770 vocatas.
539 742 697 770 Verisimile
716 749 760 771 est
783 745 893 771 easdem

109 788 157 814 has
172 795 233 815 esse
250 796 312 815 cum
332 789 366 815 iis
391 796 460 824 quas
483 789 597 824 ταρίδας
621 788 732 817 Nicetes
757 791 892 825 appellat;

107 841 161 868 qua
186 841 252 861 voce
284 834 428 868 δρόμωνας
457 834 500 867 [Ρ.
537 835 599 872 4‘25]
630 844 692 863 eutn
723 836 894 871 significasse

108 878 244 906 Meursius
261 885 365 906 censcl.
381 880 459 908 Unde
484 881 554 908 forte
569 882 611 909 vel
626 882 670 909 hic
686 883 892 910 rescribendum

108 925 219 958 ταρίδες
245 925 338 958 fuerit,
360 927 401 954 vel
427 928 497 962 apud
516 927 639 955 Nicctam
667 928 778 963 ταρίτες
802 937 896 956 emcn-

109 971 242 998 dandum.
261 972 413 999 Videndum
438 973 522 1000 etiam
541 981 575 1000 an
597 981 650 1001 non
669 974 733 1001 hinc
750 982 898 1002 emanare-

111 1017 146 1044 rit
173 1017 352 1045 Tanaum-um
366 1039 373 1050 ,
392 1027 452 1054 quae
468 1020 550 1047 hodie
575 1021 760 1055 appellantur,
784 1029 894 1048 nomen.

110 1063 244 1090 Caeterum
263 1064 285 1090 si
299 1064 439 1099 δρόμωνες
460 1065 515 1092 sint
541 1066 663 1101 ταρίτες,
690 1067 724 1093 iis
751 1069 897 1095 conveniet

111 1109 262 1142 descriptio
279 1112 439 1138 dromonuttt
455 1121 515 1146 qua:
537 1113 608 1147 apud
628 1113 805 1148 Procopium,
821 1115 872 1142 lib.
888 1123 895 1142 ι

111 1153 150 1180 De
179 1155 246 1181 bello
271 1155 432 1186 Vandalico.
454 1165 515 1188 cap.
541 1158 585 1187 Η.
606 1158 707 1192 legitur
725 1159 767 1186 bis
784 1160 895 1187 verbis:

113 1201 196 1227 Πλοῖα.
213 1202 308 1237 μακρὰ
329 1203 367 1234 ὡς
392 1204 433 1234 εἰς
455 1205 613 1240 ναυμαχίαν
633 1208 896 1241 παρεσκευασμένα,

112 1249 218 1282 μονήρη
237 1248 329 1282 μέντοι
356 1249 405 1276 καὶ
426 1250 528 1285 ὀροφὰς
554 1250 672 1286 ὕπερθεν
700 1251 807 1286 ἔχοντα,
821 1253 898 1284 ὅπως

110 1294 135 1318 οἱ
148 1294 235 1321 ταῦτα
249 1296 409 1330 ἐρέσσοντες
429 1297 498 1332 πρὸς
511 1298 566 1323 τῶν
584 1298 722 1333 πολτμίων
740 1299 778 1330 ὡς
794 1300 898 1333 ἥκιστα

112 1338 260 1373 βάλλοιντο.
280 1342 427 1376 Δρόμωνας
456 1343 571 1370 καλοῦσι
598 1345 632 1371 τὰ
660 1346 739 1371 πλοῖα
766 1346 854 1372 ταῦτα
872 1347 897 1373 ol

110 1384 159 1412 νῦν
172 1386 322 1421 ἄνθρωποι·
345 1389 423 1415 πλεῖν
438 1390 493 1425 γὰρ
513 1391 583 1417 κατὰ
600 1391 681 1426 τάχος
694 1392 822 1419 δύνανται
844 1393 898 1428 μά-

109 1431 206 1459 λιστα·
227 1433 325 1468 Lnnga:
339 1443 418 1462 naves
441 1436 475 1462 ad
501 1438 666 1464 maritimum
697 1438 821 1472 pretium
853 1441 897 1466 in-

109 1484 231 1513 structa',
262 1482 307 1507 sed
332 1482 410 1508 unico
434 1488 502 1509 acta
524 1492 657 1510 remorum
683 1485 794 1518 ordine,
820 1487 897 1513 lecti:

109 1527 221 1559 dssuper
239 1527 359 1560 mtmilre,
380 1536 431 1562 quo
456 1538 545 1556 earum
564 1532 674 1565 remiges
691 1539 771 1566 quam
791 1533 897 1559 minime

948 280 1145 306 manumissum
1182 279 1287 314 patroni
1328 287 1427 306 nomen
1463 287 1537 306 more
1572 279 1731 306 libertorum

947 327 1097 360 accepisse,
1120 330 1145 352 et
1172 326 1294 360 ejusdem
1313 327 1399 360 gratia
1419 329 1575 360 promotum
1606 325 1630 351 in
1649 325 1730 352 istaut

946 371 1128 399 ltonoriﬁcam
1146 372 1348 406 prmfectut‘atn.
1377 391 1380 395 .
1769 393 1771 395 -

984 418 1081 449 Τεθέν,
1100 418 1201 452 ρ.⁴2Ξ⁸2.
1217 418 1355 445 Ait:cum
1374 419 1449 453 regio
1465 419 1511 445 illa
1530 418 1732 453 Maryandeno-
1768 415 1772 425 ³

945 472 1006 492 rum
1038 470 1064 491 et
1092 465 1284 499 Paphlagoniae
1315 467 1397 493 rebus
1425 466 1458 492 ad
1486 466 1586 492 victum
1619 466 1733 493 utilibus

947 511 1108 541 abundaret,
1127 512 1241 545 signatae
1266 516 1379 537 moneta:
1395 519 1492 545 parum
1511 512 1634 544 haberet,
1656 513 1728 546 quod

947 557 1088 591 vectigalia
1116 557 1143 583 in
1165 557 1284 584 nununis
1305 558 1491 592 exigerentur,
1507 564 1618 585 coactos
1634 566 1728 585 earum

948 608 1083 630 terrarum
1109 603 1212 630 incolas
1241 603 1338 634 fuisse.
1355 603 1388 630 ad
1412 609 1507 630 exacte
1534 604 1731 631 conﬁciendam

950 649 1046 676 tributi
1072 657 1220 681 summam,
1247 648 1365 676 vendere
1391 649 1499 676 scilicet
1529 649 1575 675 vili
1602 650 1733 676 universa

948 704 1009 730 quae
1024 696 1192 730 collo-gerant
1211 703 1299 722 messe
1316 702 1348 722 ac
1365 695 1513 726 vindemia.
1531 702 1556 722 et
1574 696 1615 722 sic
1635 696 1734 722 deinde.

949 747 1005 769 toto
1027 749 1099 768 anno
1115 741 1281 768 necessariis
1303 741 1335 768 ad
1352 742 1454 768 victum
1476 743 1598 776 eguisse.
1619 741 1734 769 Videtur

948 795 1013 822 ergo
1033 787 1076 814 hic
1094 788 1125 813 τὸ
1145 788 1221 814 τεθέν
1233 788 1362 821 peculiari
1383 788 1493 815 notione
1511 794 1686 822 usurpatum,
1700 789 1732 814 ad

950 834 1161 868 signiﬁcandum
1187 834 1320 868 quidquid
1346 835 1531 869 reponebalur
1549 836 1576 862 in
1595 843 1732 862 annonam

949 885 976 908 et
993 882 1095 908 victutn
1112 881 1221 908 familia:
1235 889 1282 915 per
1298 889 1413 908 annum.
1433 881 1592 916 Quanqua'n
1608 890 1661 909 non
1679 882 1736 908 dii-

949 928 1028 954 liteor
1049 935 1131 962 posse
1154 927 1251 954 referri
1277 928 1309 954 ad
1334 935 1470 954 summam
1499 928 1654 962 impositam
1687 937 1735 963 per

948 981 1073 1006 censum,
1099 973 1143 1000 ctti
1161 974 1244 1000 semel
1269 973 1442 1000 exsolvendze
1469 974 1595 1000 universa
1623 982 1733 1001 annona

948 1020 1040 1046 alieno
1057 1024 1179 1054 tempore
1196 1020 1239 1046 vili
1261 1020 1392 1046 distracta
1412 1019 1581 1054 proﬂiganda
1601 1025 1660 1046 erat
1688 1028 1732 1047 co-

948 1065 1021 1092 lonis
1038 1065 1159 1096 miseris,
1180 1065 1205 1091 in
1222 1065 1356 1099 reliquum
1380 1073 1483 1091 anntun
1502 1065 1574 1091 victu
1591 1065 1741 1095 caritttris,_

948 1112 991 1138 cui
1009 1104 1121 1137 notioni-
1135 1111 1222 1146 magis
1246 1111 1354 1138 ai'Ct'dil
1371 1111 1443 1146 quod
1466 1111 1574 1145 legitur.
1591 1111 1608 1138 l.
1631 1119 1650 1142 ι.
1663 1119 1689 1138 c.
1707 1112 1733 1144 5,

948 1157 984 1183 Τὸ
1001 1158 1093 1184 λοιπὸν
1108 1159 1154 1185 tot?
1171 1160 1296 1191 τεθέντος
1311 1161 1415 1191 τέλους.

984 1203 1026 1238 [Ρ.
1046 1205 1110 1241 4⁸26]
1136 1206 1255 1240 Tell/'1',
1281 1214 1306 1240 p.
1323 1206 1386 1233 253.
1410 1206 1572 1234 Etlslalhius
1599 1207 1626 1234 in
1648 1206 1732 1234 Iliad.

949 1258 963 1276 ν
987 1257 1013 1284 p.
1033 1251 1081 1278 9M
1104 1252 1148 1278 ed.
1174 1252 1251 1279 “OEH.
1281 1253 1422 1287 Τελχῖνας,
1444 1254 1492 1284 ait,
1517 1254 1682 1280 πλάττουσιν
1710 1255 1735 1280 οι

950 1296 1029 1330 μῦθοι
1054 1297 1186 1331 δαίμονάς
1211 1306 1287 1328 τινπς
1312 1299 1486 1325 summm-3:.
1516 1299 1655 1326 Telchinas
1683 1300 1735 1334 ﬁn-

948 1347 1011 1376 gunt
1030 1340 1130 1376 fab‘ula:
1152 1343 1287 1370 dtrmonas
1311 1345 1439 1380 quosdam
1461 1346 1605 1379 mule/itas.
1627 1345 1734 1372 Similia

949 1392 976 1415 et
1004 1388 1074 1416 idem
1103 1390 1178 1416 alibi.
1221 1390 1375 1425 llesycltitts
1401 1400 1407 1417 :
1435 1391 1561 1426 Τελχῖνες
1590 1391 1733 1426 βάσκανοι,

948 1435 1063 1469 γόητες,
1097 1435 1235 1470 φθονερῡί.
1277 1437 1480 1471 lityntologictts
1509 1447 1514 1464 :
1543 1438 1674 1472 Λέγυντςιι
1706 1438 1735 1464 δὲ.

949 1481 1076 1516 Τελχῖνες
1107 1482 1132 1507 οἱ
1161 1482 1285 1517 φθονεροὶ
1311 1483 1357 1508 καὶ
1386 1484 1500 1517 πονηροὶ
1533 1484 1581 1509 καὶ
1606 1483 1736 1518 βάσκανοι

949 1527 1091 1561 δαίμονες.
1108 1527 1238 1554 Dicuntur
1251 1533 1337 1555 autent
1357 1528 1493 1555 Telchines
1507 1529 1602 1562 invidi,
1619 1530 1692 1559 ntali,
1710 1534 1735 1556 el

110 1573 170 1598 telis
187 1573 327 1600 hostilibus
344 1581 475 1609 ραιενεηι,
499 1578 556 1603 Hoc
575 1579 683 1604 navium
709 1587 791 1612 ρεηηε
821 1579 898 1606 hodie
912 1578 933 1607 ο
951 1573 1080 1599 immanes
1096 1574 1238 1600 da'mones.
1253 1573 1300 1601 llis
1312 1574 1526 1601 auctoritatibus
1539 1575 1624 1601 frctus
1634 1576 1736 1602 malum

109 1621 254 1645 dromonas
272 1625 377 1650 vocant,
396 1629 459 1648 voce
478 1630 495 1648 ιι
519 1630 599 1649 cursu
614 1624 695 1650 ducta
721 1633 773 1659 quo
796 1625 851 1652 illa:
870 1625 897 1652 in

109 1663 202 1696 primis
221 1664 301 1690 veloci
313 1665 406 1691 valent.
427 1665 488 1693 [hec
507 1666 665 1704 Procopius.

146 1709 253 1742 Τατᾱς.
274 1718 335 1745 pag.
365 1711 427 1738 ΞΗ.
443 1712 530 1747 Hujus
554 1714 698 1748 dignitatis
725 1716 769 1743 cui
796 1724 896 1744 nomen

109 1758 152 1781 cst
168 1759 238 1781 tanta:
261 1756 330 1783 aula
353 1765 426 1791 sirpe
443 1759 568 1786 meminit
594 1759 727 1792 Codinus,
744 1761 770 1788 itt
793 1763 842 1789 lib.
860 1763 898 1790 De

110 1801 176 1834 ofﬁc.
196 1800 252 1827 aut.
269 1810 328 1835 cap.
345 1803 371 1834 2,
388 1803 434 1830 ubi
462 1804 513 1831 hoc
530 1805 650 1832 oiIiciunt
667 1812 774 1834 sextum
801 1815 827 1836 et
851 1810 898 1836 tri-

109 1847 244 1874 cesimum
260 1848 404 1882 dignitatis
421 1850 519 1877 ordine
536 1859 597 1879 esse
617 1853 654 1879 ait
670 1854 741 1881 inter
756 1854 895 1889 Palatina;

108 1901 170 1927 cap.
185 1895 212 1926 4,
239 1895 282 1921 ubi
309 1895 371 1929 ejus
396 1896 519 1924 habitum
543 1898 682 1930 explicat;
700 1907 762 1934 cap.
783 1900 847 1928 item
867 1902 894 1935 5,

109 1940 156 1966 ubi
177 1941 305 1968 observat
325 1941 388 1969 huic
409 1942 499 1970 oﬂicio
526 1945 631 1971 tutllum
658 1945 818 1975 incumbere
844 1949 898 1975 mi-

111 1987 268 2020 nisterium,
285 1989 348 2015 οὐδὲ
365 1989 394 2015 ἓν
410 1989 578 2026 ὑπηρέτημα
595 1991 740 2026 κέκτηται.
757 1992 896 2028 Nusquam

111 2038 202 2063 autem
220 2035 303 2061 tradit
318 2035 450 2062 rationem
466 2037 597 2068 nominis,
614 2042 660 2064 aut
674 2046 754 2072 quem
769 2039 801 2067 ad
816 2040 897 2068 ﬁnem

109 2080 236 2106 instituta
254 2081 312 2107 [nec
331 2081 492 2115 prmiectura
504 2083 550 2109 sit.
565 2083 632 2110 Tata
645 2083 751 2111 Latinis
760 2085 820 2119 jam
832 2087 896 2113 olim

111 2127 214 2159 puerile
230 2134 327 2154 nomen
341 2133 393 2160 est,
408 2136 463 2163 qtto
479 2130 597 2164 primum
609 2138 641 2157 ex
655 2130 772 2158 infantia
793 2133 819 2159 in
838 2133 898 2160 bal-

109 2173 211 2199 butiem
240 2174 410 2208 prodeuntes
436 2175 566 2209 parvuli,
588 2185 659 2211 quos
691 2174 785 2205 vident
811 2180 895 2213 viros,

109 2223 190 2249 tatas.
210 2227 278 2253 qttas
297 2220 435 2251 mulieres,
449 2229 577 2255 manth
599 2223 737 2256 appellant
750 2245 757 2256 ,
790 2230 817 2251 ιιι
844 2225 895 2252 do-

108 2270 173 2293 oent
199 2267 366 2300 interpretes
393 2267 527 2295 Martialis
548 2268 582 2295 ad
609 2269 685 2296 illum
707 2277 818 2298 versum
836 2271 895 2306 epi-

109 2313 270 2347 grammatis
284 2313 344 2347 ejus
361 2313 422 2344 lOl.
442 2314 490 2341 lib.
508 2322 514 2340 I
531 2322 538 2341 :

107 2370 243 2407 Mammas
256 2376 333 2405 atque
348 2375 419 2397 tatas
435 2371 512 2398 habet
527 2372 614 2406 Afra;
634 2372 680 2398 sed
696 2373 754 2407 ipsa
774 2377 896 2400 latarum

143 2405 203 2432 Dici
217 2411 242 2432 et
254 2413 432 2432 ntantmarum
448 2407 566 2433 maxima
581 2405 808 2442 mamma‘polesl.

107 2451 252 2486 Suspicari
282 2459 315 2478 ex
343 2452 396 2479 hoc
427 2453 498 2480 forte
528 2461 678 2488 possumus
708 2459 792 2480 to'am
813 2455 894 2487 aultr,

107 2506 188 2532 quem
215 2497 261 2524 llic
279 2498 437 2525 eunuchum
456 2499 593 2530 videmus,
611 2499 695 2526 fuisse
718 2501 895 2534 praepositum

106 2544 266 2572 educationi
295 2552 327 2571 ac
356 2553 429 2572 cura:
447 2545 596 2572 liberorum
622 2545 703 2580 615
722 2545 896 2579 imperatoris

106 2591 198 2618 adhuc
216 2591 409 2625 parvulorum;
425 2596 451 2618 et
468 2596 612 2626 propterea
631 2591 713 2625 hujus
729 2591 897 2627 ὑπηρέτημα

105 2638 215 2665 nullum
238 2638 380 2665 exstitisse
401 2646 465 2673 erga
491 2637 698 2672 imperatorem,
724 2645 756 2664 ac
776 2647 809 2666 ne
836 2639 898 2666 iun-

106 2683 228 2710 ctionem
261 2683 371 2717 quidem
402 2683 586 2710 immediatant
615 2684 698 2710 ullam
725 2691 790 2719 erga
820 2684 895 2719 ipsos

107 2730 250 2765 parvulos,
268 2729 341 2764 quod
361 2737 462 2757 munus
492 2730 553 2764 ejus
570 2735 644 2757 esset
677 2730 814 2764 imperare
844 2739 896 2757 lIll-

107 2776 226 2802 tricibus
241 2779 268 2802 et
285 2776 399 2810 gerulis.
418 2776 464 2810 qui
481 2776 522 2803 eis
538 2776 789 2803 addirtbcurandis
806 2782 894 2804 erant.

107 2823 164 2850 Nec
179 2830 248 2850 vana
269 2822 386 2850 forsitan
404 2822 563 2857 conjectura
591 2823 676 2849 fuerit
696 2824 770 2850 hunc
790 2823 897 2851 Andro-

107 2870 200 2897 nicum
217 2870 386 2901 eunuchum,
403 2869 475 2904 quod
492 2869 650 2897 Andronico
673 2877 747 2896 nunc
768 2871 893 2905 Augule

106 2921 171 2945 ante
197 2919 284 2952 patris
311 2918 455 2952 imperium
485 2922 548 2945 nato
562 2938 568 2950 ,
586 2917 729 2945 educando
746 2919 895 2946 scrvilil'us

949 1624 972 1646 et
989 1620 1107 1646 invidum
1124 1619 1271 1647 dwmonem
1296 1620 1494 1655 interpretatus
1516 1629 1576 1647 Slltll
1601 1622 1653 1648 hoc
1674 1621 1735 1648 loco

949 1665 1064 1700 Τελχῖνα
1069 1685 1075 1692 .

987 1712 1078 1745 Τόμος
1098 1713 1148 1738 καὶ
1170 1712 1380 1746 τομογραφεῖν,
1395 1720 1421 1747 p.
1438 1713 1501 1740 280.
1527 1714 1590 1747 Agit
1613 1714 1646 1740 de
1667 1714 1737 1741 Ger-

950 1763 1041 1789 mano,
1066 1764 1147 1791 quem
1162 1757 1214 1784 sub
1230 1757 1309 1784 ﬁnem
1328 1759 1510 1792 pratcedentis
1526 1760 1634 1793 _‘capitis
1660 1760 1737 1787 dixe-

951 1806 992 1828 rat
1020 1803 1136 1830 elcctuut
1160 1803 1249 1831 fuisse
1276 1804 1303 1831 in
1336 1804 1521 1839 patriarcham
1550 1806 1748 1833 concordibus-

950 1849 1143 1884 plerorumque
1167 1850 1322 1877 antistitum
1343 1851 1494 1886 suffragiis.
1512 1851 1614 1886 quibus
1641 1857 1668 1879 et
1683 1852 1742 1880 ima

951 1896 1086 1929 peratoris
1105 1896 1227 1924 calculus
1244 1898 1363 1924 accessit
1379 1898 1749 1932 comprobantisjudicium-

949 1941 1066 1975 syuodi:
1085 1942 1162 1976 Παρὰ
1182 1943 1237 1968 τῶν
1264 1943 1366 1970 λοιπῶν
1389 1944 1498 1978 ἠξιοῦτο
1515 1945 1564 1979 τὴν
1583 1945 1634 1980 τῆς
1659 1945 1737 1971 Κων-

951 1988 1200 2019 σταντινουπόλεως
1223 1990 1393 2023 προστασίαν
1412 1989 1607 2021 ἀναδέξασθαι,
1630 1991 1679 2017 σὺν
1695 1988 1748 2022 οἷς·

949 2033 996 2058 καὶ
1015 2035 1029 2059 ὁ
1048 2033 1176 2067 βασιλεὺς
1195 2035 1244 2069 τὴν
1259 2035 1349 2070 ψῆφον
1373 2037 1586 2071 ἀποδεξάμενος.
1604 2036 1682 2064 Tunc
1699 2038 1739 2063 \‘i-

949 2081 1031 2105 detur
1049 2079 1191 2107 electionis
1205 2080 1333 2107 Gcrtttani
1353 2083 1494 2109 decretum
1513 2083 1564 2109 rite
1588 2083 1736 2116 perlatum,

949 2126 1021 2160 quod
1047 2126 1130 2160 τόμος
1157 2128 1200 2153 ltic
1228 2128 1331 2154 dicilttr
1361 2129 1544 2156 usitatissima
1575 2129 1636 2162 ejus
1660 2129 1736 2156 vocis

949 2170 1061 2197 notione
1080 2171 1106 2197 in
1130 2172 1240 2206 scriptis
1265 2172 1422 2200 Grmcmnut
1450 2173 1549 2200 citimm
1579 2174 1744 2204 vetustatis..

948 2218 1099 2250 priesertim
1118 2217 1153 2245 de
1176 2219 1257 2245 rebus
1276 2219 1472 2246 ecclesiasticis
1487 2219 1637 2254 agentium.
1651 2219 1739 2257 Caue-

951 2272 1010 2290 rum
1032 2264 1170 2291 difﬁcilem
1200 2265 1232 2292 ad
1260 2266 1466 2292 assentiendum
1486 2266 1613 2293 electioui
1641 2267 1682 2293 sui
1708 2275 1738 2294 se

950 2311 1090 2345 praebente
1114 2310 1252 2339 Germano
1269 2319 1312 2339 res
1331 2313 1476 2346 pendebat,
1500 2314 1589 2347 quoad
1607 2319 1738 2341 exoratus

949 2357 973 2383 is
987 2357 1096 2384 tandem
1112 2357 1146 2384 ab
1166 2358 1333 2392 imperatore
1349 2362 1376 2385 et
1393 2358 1507 2391 reliquis
1519 2359 1616 2386 auticis
1629 2360 1736 2387 annuit.

948 2403 983 2430 Et.
1002 2409 1065 2430 tunc
1076 2404 1109 2431 ad
1127 2404 1356 2439 promulgandum
1372 2404 1514 2431 decretum
1534 2406 1611 2440 pritts
1629 2405 1734 2432 factum

949 2455 1135 2484 congregatus
1157 2455 1200 2478 est
1222 2455 1312 2478 coetus
1330 2451 1375 2486 qui
1403 2459 1469 2479 voce
1493 2453 1583 2478 κοινόν
1607 2453 1659 2479 hoc
1677 2453 1738 2479 loco

948 2497 1137 2531 signiﬁcatur.
1176 2501 1202 2524 ut
1242 2498 1369 2532 superius
1407 2498 1591 2526 ostendimus.
1621 2499 1737 2525 Diillliiv

949 2550 1066 2578 tumque
1089 2543 1141 2570 huc
1164 2544 1340 2571 statuendum
1364 2545 1430 2579 quid
1460 2544 1504 2571 ltic
1521 2545 1631 2572 dicatur
1648 2545 1739 2571 κοινὸν

949 2589 1001 2616 ὑπὸ
1023 2591 1099 2625 τόμῳ
1115 2590 1241 2624 γεγονὸς,
1266 2591 1351 2626 616
1370 2595 1450 2618 citius
1474 2591 1521 2618 sub
1546 2597 1615 2619 tomo
1636 2592 1750 2624 factus-

951 2637 1067 2665 Videtur
1087 2636 1234 2672 signiﬁcari
1254 2642 1356 2664 crtum
1375 2637 1448 2664 iutttc
1470 2637 1494 2664 vi
1509 2637 1585 2672 prius
1600 2639 1654 2672 jam
1672 2645 1735 2672 per—

948 2684 994 2711 lati
1013 2684 1047 2711 de
1067 2683 1202 2710 electione
1219 2682 1346 2710 Germani
1364 2683 1466 2710 decreti
1484 2688 1623 2714 coactum,
1640 2690 1693 2710 non
1707 2688 1747 2710 ut-

947 2732 980 2758 de
1001 2739 1031 2758 ea
1047 2730 1221 2762 deliberaret,
1242 2729 1288 2757 sed
1306 2734 1334 2756 ut
1350 2737 1406 2756 rem
1422 2733 1552 2756 statutam
1573 2737 1738 2763 etut-querc-

948 2783 992 2804 tur
1017 2781 1043 2804 ct
1061 2783 1160 2802 novum
1191 2776 1376 2810 patriarcham
1391 2775 1469 2809 quasi
1488 2775 1513 2800 in
1533 2775 1745 2808 possessionem-

947 2825 1019 2850 scdis
1036 2823 1166 2849 mitteret.
1182 2821 1350 2856 Suspicabar
1365 2821 1447 2847 etiam
1462 2828 1493 2847 ex
1511 2820 1584 2847 facto
1601 2820 1735 2854 quadarn-

948 2875 1027 2897 tenus
1049 2869 1142 2900 situtli,
1166 2868 1239 2904 quod
1262 2876 1324 2895 mox
1355 2869 1484 2899 rel'eraut,
1513 2867 1608 2894 Patres
1635 2867 1682 2903 qui
1709 2867 1737 2894 in

947 2918 1021 2945 hunc
1053 2921 1152 2943 co'tum
1189 2920 1376 2944 convenerunt
1414 2914 1567 2949 exemplum
1602 2914 1735 2950 scriptum
