1931 3069
175 152 243 182 ῙΟὊ

649 152 681 181 Ρ.
705 152 856 182 l‘OSSlNl
876 153 1206 187 UBSEllVATlONUM
1229 158 1300 188 LIB.
1325 159 1349 188 l.

1737 154 1808 185 1080

176 211 278 237 ίηυιύίί
302 217 315 236 ³
343 217 372 236 ιθ
395 210 470 244 Ιπῖηδ
487 209 552 236 fdi”
571 218 651 236 ιηῖίιιυ
669 219 806 245 ιιιιίειιισιιιίε
827 213 966 238 tonuisse;
980 217 1001 241 Α
1017 215 1043 242 in
1069 222 1149 242 suum
1174 217 1264 243 locum
1290 217 1444 246 inti-usum;
1473 215 1553 247 cujus
1577 221 1675 241 nomen
1695 214 1807 241 videtur

175 258 220 284 Sic
239 258 312 284 enim
327 261 419 284 aetum
439 258 545 284 videtur
569 257 595 284 iu
621 257 675 284 alio
690 259 879 285 ecclesiastico
895 267 962 284 ron-

173 309 268 336 ventu,
289 305 368 339 cujus
390 309 433 331 est
464 304 565 331 mentio
589 306 615 330 in
638 304 696 331 Vita
718 304 816 332 Leonis
848 314 923 339 pata:
940 306 960 337 1,

174 355 289 379 recitata
309 357 375 378 tom.
395 351 439 378 \‘ll
464 351 568 390 Concil.
599 352 642 378 ed.
667 351 733 385 Reg.
757 360 784 386 p.
811 351 855 378 50.
874 352 961 379 Verba

176 401 233 426 haec
249 403 331 425 sunt:
350 397 509 432 Cougrtgati
535 403 595 424 sunt
617 397 670 424 256
688 399 838 425 sacerdotes
863 403 887 424 et
913 398 961 424 alii

173 446 225 474 406
245 445 371 479 episcopi,
394 453 506 479 quorum
536 444 727 479 chirographus
753 446 879 471 cucurrit.
907 444 960 478 Qui

173 492 325 527 congregati
341 495 402 517 sunt
419 499 472 517 una
488 498 550 517 cum
568 495 654 521 tomo.
668 490 717 517 hoc
728 496 766 517 es!
780 491 833 524 [ide
852 498 960 523 ortos/a-

174 539 233 564 lica'
252 537 391 564 Ecclesiw.
415 537 496 564 Vides
522 537 565 563 hic
584 537 725 564 decretum
753 542 834 565 antea
857 537 890 564 de
909 537 961 565 ﬁde

173 585 332 618 aposmlicae
346 584 487 614 Ecclesiae.
513 583 565 610 hoc
591 589 632 610 est
659 583 788 619 dogmate
811 584 959 615 catholico,

173 631 311 664 perlatum
328 635 431 657 tomum
447 630 551 663 vocari,
565 635 592 657 et
615 630 688 658 hunc
701 635 806 658 tomum
824 638 961 665 quemque

173 682 404 711 congregatarum
439 685 534 704 secum
566 677 714 710 habuisse;
750 676 824 704 unde
852 681 880 703 et
909 677 961 703 hoc

172 724 261 750 xor-tow
282 724 334 750 ὑπὸ
353 724 429 758 τόμῳ
452 724 565 758 γεγονός
585 724 640 751 dici
663 723 795 758 potuerit.
823 724 862 750 Ac
886 722 960 758 quod

173 771 244 798 hanc
260 771 344 805 τόμον
369 771 508 798 notionem
524 771 635 802 attinet.
652 771 724 798 actio
741 771 798 805 ipsa
819 771 960 797 decretum

172 816 309 842 condendi
325 815 389 842 alibi
410 823 425 842 a
451 820 545 843 nostro
565 815 650 842 verbo
665 816 853 850 τομογραφείν
866 814 961 849 expri-

171 862 268 888 mitur.
288 859 391 895 Nempe
415 861 434 889 l.
457 869 494 893 ιγ,
511 868 536 889 c.
554 861 599 893 29,
619 862 665 889 ubi
687 861 779 897 agitur
795 862 830 889 de
845 869 961 889 corona-

172 908 247 935 tione
269 907 432 940 Andronici,
457 909 663 943 ὲτομογράφουν
678 908 719 941 δὲ,
746 910 846 943 inquit,
871 908 918 935 καὶ
935 909 960 935 οἱ

171 954 313 987 ἀρχιερεῖς
336 953 382 979 ὑπ’
406 953 562 988 ἀφορισμδν
589 953 742 987 ποιοῦντες,
765 958 819 982 etc.
844 954 961 981 Decrelo

171 997 301 1026 videlicet
316 998 443 1033 synodali
462 999 514 1026 rite
527 999 650 1030 condito,
665 999 805 1027 antistites
823 1001 874 1027 sub
894 1007 961 1026 aua-

172 1044 305 1072 thematis
327 1045 557 1072 iuterminatione
579 1051 732 1073 sanxerunt
750 1050 837 1073 ratam
860 1053 874 1073 a
894 1054 960 1073 cun-

171 1091 224 1118 etis
247 1091 448 1126 agnoscendam
478 1091 687 1126 habendamque
710 1092 881 1119 evectionem
904 1093 961 1118 Au-

172 1138 280 1165 tlronici
308 1138 334 1164 in
364 1137 521 1171 imperium,
549 1145 716 1173 procurante
734 1139 760 1166 id
781 1139 886 1167 scilicet
905 1139 960 1165 Att-

171 1190 254 1219 gusto
270 1185 331 1218 eius
349 1189 438 1220 patre,
451 1186 554 1220 quippe
584 1186 788 1213 studiOsissime
812 1191 908 1220 agente
930 1189 961 1212 ut

169 1239 252 1267 quam
270 1232 390 1259 maxime
414 1231 492 1266 ljrnta
505 1237 533 1259 et
552 1232 739 1260 irrevocabilis
755 1232 806 1260 ista
825 1233 885 1267 ejus
911 1232 960 1259 lilii

170 1285 245 1306 esset
260 1279 408 1314 promotio.

210 1326 434 1360 Τρικοκκιῶται,
462 1334 487 1360 p.
505 1326 567 1352 20L
594 1326 688 1352 Ταῦτα
710 1326 773 1359 περὶ
798 1326 861 1357 tot;
893 1325 960 1360 Τρι-

172 1374 338 1404 κοκκιώνιας.
364 1373 411 1400 Sic
438 1373 615 1400 concorditer
639 1378 695 1401 tres
713 1372 961 1401 codices.Vitletur

172 1419 266 1455 populi
290 1427 391 1447 nomen
414 1428 429 1446 a
453 1421 514 1447 loco
540 1420 668 1451 ductum,
693 1419 739 1454 qui
754 1419 902 1455 τρικοκκην
917 1420 961 1447 vel

171 1465 331 1501 τρικόκκιον
367 1465 517 1493 diceretur.
556 1465 655 1500 Reperi
687 1465 758 1500 apttd
789 1465 960 1500 geographos

172 1511 348 1544 Strabonem,
361 1510 550 1543 Ptolemaeum,
566 1512 647 1544 alios,
661 1511 802 1547 τρικύριον
813 1513 960 1547 (ξι-τρικόρ-

977 885 998 915 Β

1016 263 1149 293 alludere.
1167 263 1232 290 dttm
1249 263 1424 298 φατριάρχην
1445 263 1522 297 quasi
1545 261 1741 296 φίλατριάρχην
1754 270 1806 286 vo-

1015 313 1070 335 cat.
1088 308 1188 335 Notum
1203 309 1275 335 enim
1289 309 1530 343 Constantinopoli
1548 312 1608 335 erat
1622 309 1687 342 quid
1705 307 1804 334 Latina

1014 363 1065 381 VOS
1081 355 1166 389 frater
1180 363 1310 389 germano
1323 363 1475 391 synonyma
1489 358 1614 385 εοιιίιτει,
1627 363 1690 380 ('lllll
1709 359 1805 381 GSSI‘III.

1015 402 1042 429 in
1061 410 1091 429 ea
1104 402 1172 429 urbe
1186 402 1274 429 Latini
1287 406 1342 429 tam
1359 403 1448 433 multi,
1460 402 1612 437 prtesertim
1629 410 1691 428 cuzn
1706 402 1803 433 simul,

1014 453 1044 476 ut
1064 456 1127 475 mox
1143 449 1270 476 admouet
1286 449 1448 480 historicus,
1464 455 1625 483 germanam
1649 447 1804 481 imperato-

1014 496 1052 522 ris
1072 495 1212 530 Eulogiam
1233 495 1343 530 oblique
1368 495 1576 529 perstriltgeret.
1607 494 1688 521 Forte
1715 494 1801 520 etiam

1014 542 1187 576 φατριάρχης
1214 542 1322 569 infense
1352 542 1455 568 dictum
1484 549 1533 575 pro
1558 540 1747 575 πατριάρχης,
1774 544 1806 566 ιιι

1014 589 1047 616 ad
1073 589 1191 623 Philipp.
1213 597 1244 620 tt,
1268 589 1284 616 5
1303 590 1446 624 mutaui;
1463 597 1513 623 pro
1529 588 1679 624 περιτομὴ.
1704 596 1723 622 φ
1741 592 1769 614 et
1788 596 1805 613 κ

1014 636 1107 663 nescio
1140 636 1206 670 quid
1233 635 1377 670 δύσφημον
1405 635 1581 663 trahentibus
1610 642 1643 663 ex
1676 635 1799 669 quadam

1014 681 1093 716 quasi
1113 680 1277 714 contagione
1290 680 1392 714 φαύλου
1404 687 1432 708 et
1447 680 1545 706 κακοῦ.

1049 727 1148 762 Φήμη,
1170 735 1197 760 p.
1221 727 1282 754 “5.
1312 727 1480 761 Ἀφικνεῖται
1496 747 1524 755 ..
1541 746 1548 753 .
1573 726 1651 761 φήμη
1678 734 1712 759 γε
1736 725 1807 752 οὖσα

1014 773 1060 800 καὶ
1087 773 1147 804 θεὸς
1169 773 1186 808 ἡ
1209 773 1300 808 φήμη.
1318 772 1358 799 ita
1384 778 1479 799 noster
1496 771 1641 799 recondite
1658 778 1709 798 suo
1728 777 1806 796 more

1013 820 1040 847 in
1064 820 1145 847 codd.
1163 819 1184 846 Β
1206 823 1233 846 et
1253 820 1288 851 Α,
1312 827 1372 853 qua:
1387 818 1410 845 V
1425 827 1477 847 suo
1503 818 1567 846 item
1595 825 1670 845 more
1697 816 1805 844 omisit.

1014 866 1083 892 Puto
1098 865 1294 900 Pachymerem
1310 865 1355 894 hic
1377 865 1407 893 in
1423 869 1515 892 mente
1535 864 1666 892 habuisse
1688 863 1805 890 abstru-

1014 912 1115 939 siorem
1141 912 1287 946 quamdam
1320 912 1461 938 notionem
1486 910 1610 938 vocabuli
1638 910 1718 944 φήμη
1752 910 1804 942 (t),

1013 967 1074 994 qua:
1097 966 1158 986 cum
1173 958 1254 993 vulgo
1272 958 1411 993 signiﬁcet
1439 958 1569 985 imlicium
1593 957 1631 984 rei
1649 961 1735 991 gestae
1752 956 1806 982 lm-

1013 1011 1095 1031 mano
1118 1004 1280 1031 testimonio
1298 1004 1324 1030 in
1346 1004 1472 1031 notitiam
1487 1003 1643 1031 absentium
1660 1009 1805 1037 sparsum.

1013 1050 1162 1083 aliquando
1179 1050 1290 1084 proprie
1304 1050 1431 1084 designat
1449 1050 1576 1076 nuntium
1598 1057 1651 1076 non
1670 1047 1805 1075 immani-

1014 1103 1058 1124 tus
1068 1097 1180 1124 allatum
1194 1095 1234 1123 rei
1248 1103 1352 1130 magna:
1369 1095 1527 1129 longinquis
1541 1095 1568 1121 in
1586 1095 1656 1122 locis
1670 1099 1756 1123 actm.
1777 1098 1808 1120 et

1013 1143 1105 1170 statim
1131 1143 1168 1169 ibi
1193 1141 1310 1176 cognitze
1335 1149 1390 1175 quo
1411 1141 1484 1167 nulla
1501 1140 1627 1169 celeritas
1652 1147 1804 1166 cursorum

1013 1193 1070 1215 tam
1095 1188 1196 1222 exiguo
1223 1187 1314 1221 spatio
1341 1187 1485 1222 pervenire
1513 1186 1643 1221 potuerit.
1668 1185 1806 1219 Exempla

1012 1241 1120 1263 veteres
1140 1235 1266 1263 historici
1285 1234 1370 1260 multa
1389 1223 1522 1261 referunt.
1540 1233 1608 1260 Vide
1622 1232 1730 1259 Livium
1750 1232 1808 1258 ini-

1013 1284 1050 1311 tio
1075 1283 1094 1309 Ι.
1120 1289 1184 1314 ην,
1212 1286 1239 1308 et
1260 1281 1438 1309 Plutarchum
1461 1281 1489 1307 in
1508 1279 1621 1307 Emilio
1640 1278 1739 1311 Paulo,
1760 1278 1809 1305 ubi

1012 1334 1112 1364 praeter
1135 1332 1262 1356 eventum
1285 1327 1439 1354 mirabilem
1462 1326 1563 1360 vulgati
1587 1325 1682 1352 Romae
1702 1325 1808 1359 prmlii,

1013 1384 1068 1409 quo
1084 1375 1112 1401 in
1130 1373 1289 1401 Macedonia
1306 1373 1455 1408 quatriduo
1474 1377 1539 1400 ante
1559 1372 1728 1399 debellatum
1745 1371 1808 1398 lue-

1014 1425 1057 1446 rat
1076 1427 1138 1447 cum
1157 1418 1257 1446 Perseo
1284 1427 1356 1452 rege,
1382 1425 1500 1451 qttatuor
1515 1417 1566 1444 alia
1584 1417 1708 1451 exempla
1724 1424 1808 1444 com-

1014 1470 1150 1494 memorat
1168 1465 1300 1493 similium
1320 1473 1444 1494 casuum.
1464 1469 1489 1492 et
1506 1464 1532 1491 itt
1548 1464 1590 1490 his
1607 1471 1704 1494 unum,
1722 1463 1807 1496 cujus

1014 1514 1073 1548 ipse
1094 1513 1261 1540 Plutarchus
1281 1512 1360 1539 testis
1377 1512 1438 1543 luit,
1454 1515 1535 1539 aetate
1556 1518 1616 1541 sua.
1632 1515 1660 1537 ιιι
1676 1510 1724 1541 ait,
1742 1518 1807 1536 om-

171 1565 228 1584 νιον
240 1565 248 1585 :
262 1556 309 1585 sed
327 1563 464 1591 nusquam
479 1556 544 1583 alibi
561 1555 708 1590 τρικοκκον
731 1559 778 1582 aut
794 1555 960 1590 τρικόκκιον.

1014 1559 1097 1586 nibus
1127 1557 1277 1594 perspecti,
1306 1557 1340 1584 de
1367 1557 1474 1592 perlata
1498 1556 1613 1583 Romam
1636 1555 1734 1583 eadem
1761 1554 1807 1581 die

170 1603 274 1631 Verum
296 1610 331 1630 ne
349 1601 499 1637 quidquam
525 1603 696 1634 itnmutetur,
717 1609 870 1630 consensus
887 1602 962 1629 codi-

171 1657 234 1678 cum
250 1649 387 1684 prohibet.

213 1695 420 1730 'rﬂo’tﬁ'ﬁytoc,
436 1703 464 1730 p.
486 1695 549 1723 458.
566 1695 624 1722 lloc
641 1696 701 1723 loco
714 1695 869 1731 ὑποψήφιος
880 1702 962 1722 voca-

173 1746 231 1774 tur,
257 1742 305 1776 qui
329 1741 405 1776 justa
430 1741 463 1768 ad
489 1740 650 1775 dignitatem
676 1742 795 1776 aliquam
817 1741 961 1769 electivam

172 1787 303 1823 sullragia
316 1788 465 1815 electorum
480 1787 554 1820 tulit,
572 1787 693 1814 nondum
710 1792 802 1814 tamen
819 1788 961 1814 decretam

172 1834 318 1862 electionis
333 1834 386 1861 rite
400 1833 533 1868 perlatum
545 1838 597 1861 est.
619 1832 695 1860 Unde
711 1834 761 1861 iste
777 1833 961 1864 Theodosius,

173 1882 213 1918 [p.
231 1881 295 1917 427]
316 1881 344 1907 in
377 1888 457 1915 quem
479 1880 694 1915 prmponeudum
721 1882 820 1907 thrmno
843 1880 960 1914 patriar-

172 1929 245 1956 chali
256 1927 431 1962 Theopoleos
447 1927 505 1954 sive
519 1926 674 1953 Antiochia:
691 1927 830 1961 pleraeque
847 1927 960 1954 Patrum

173 1973 317 2003 sementim
339 1973 586 2008 conspiraverant.
608 1978 668 1999 erat
683 1974 788 2000 electus
810 1978 916 2000 tantum
936 1979 963 2000 et

172 2021 254 2055 quasi
278 2021 440 2055 designatus
468 2019 638 2053 patriarcha.
665 2020 785 2046 nondum
819 2025 908 2047 tanien
935 2021 961 2047 in

172 2067 379 2102 possessionem
404 2065 506 2093 missus
528 2069 555 2092 et
577 2065 782 2101 ἀνακηρυχθεὶς
804 2067 857 2093 ὑπὸ
880 2067 963 2102 κοινῷ

171 2114 261 2148 τόμῳ,
277 2117 307 2139 ut
321 2112 339 2140 Ι.
354 2119 390 2143 tv,
407 2120 433 2138 c.
449 2112 493 2143 15,
513 2111 547 2138 de
567 2110 705 2138 Germano
723 2112 749 2139 in
766 2112 949 2140 Constantino

172 2159 326 2194 politauutn
348 2157 534 2191 patriarcham
555 2157 631 2189 prius
651 2157 738 2184 electo
754 2158 895 2187 scribitur.
912 2158 963 2185 hoc

171 2212 215 2233 est
230 2206 321 2240 palam
341 2204 499 2231 declaratus
517 2203 686 2237 patriarcha.
703 2204 808 2237 perlato
828 2209 854 2230 et
871 2204 960 2236 lehiti-

172 2253 226 2279 mis
243 2251 371 2278 formulis
395 2249 449 2277 rite
468 2250 577 2277 sancito
591 2250 731 2276 communi
747 2250 834 2278 totius
849 2252 959 2277 concilii

172 2301 206 2326 de
231 2299 283 2326 isra
314 2297 448 2324 electione
474 2297 595 2327 decreto,
619 2297 693 2330 quod
718 2297 800 2331 τόμου
826 2298 960 2325 voraltulo

171 2345 354 2379 signiﬁcatur.

208 2389 370 2417 diduci/tot.
390 2396 416 2422 p.
433 2389 494 2415 5H.
514 2387 584 2420 Quid
601 2388 753 2420 φακέλλους
772 2389 816 2415 hic
832 2393 958 2423 putemus

172 2435 245 2460 aliud
260 2441 340 2467 quam
357 2433 481 2460 Latinam
496 2441 589 2459 vocem
606 2433 796 2459 dtminntivatn
814 2442 844 2460 ex
865 2435 958 2469 fascis.

170 2480 250 2514 quasi
272 2481 398 2514 ['uscellos
424 2480 511 2512 dit-as,
535 2480 607 2513 quod
631 2480 805 2514 frequentius
827 2482 959 2508 seriltitur

171 2526 338 2562 fasciculos?
355 2526 498 2561 Synesius,
520 2526 606 2560 Epist.
623 2526 675 2552 155
688 2536 694 2554 :
709 2526 815 2552 ’Ἅπασι
832 2528 961 2562 γέγραφα

169 2573 306 2606 quam
328 2572 481 2598 ἐπιστολῶν
495 2571 617 2604 Διογένει
633 2571 706 2602 δούς,
727 2571 784 2598 lloc
801 2572 883 2606 617
896 2577 938 2599 est
952 2581 959 2600 :

171 2618 302 2645 Omnibus
335 2618 448 2651 scripsi,
480 2617 639 2651 fasciculum
675 2618 828 2644 litterarum
851 2617 961 2652 Diogeni

170 2666 358 2693 commendans
365 2686 371 2692 .

205 2710 406 2744 Φατριάρχης,
425 2719 452 2745 p.
472 2710 532 2737 287.
556 2710 644 2738 Verba
661 2715 724 2736 sunt
750 2710 858 2737 Arsenii
877 2710 958 2744 eiecti

169 2756 360 2794 patriarcltatu
377 2761 404 2784 et
421 2759 447 2784 in
464 2757 583 2784 insulam
600 2757 748 2791 deportati.
765 2757 795 2783 lu
817 2757 860 2783 his
876 2764 958 2784 voea-

169 2804 234 2831 nulo
248 2803 422 2838 φατριάρχης
438 2803 617 2831 scommatice
639 2803 767 2837 designat
791 2803 958 2830 Germanum

979 2233 1000 2260 D

1013 1613 1068 1642 qua
1092 1607 1119 1633 in
1142 1605 1290 1633 Germania
1309 1603 1435 1638 contigit,
1451 1603 1526 1630 cazde
1549 1602 1673 1634 Antonii.
1692 1605 1719 1628 et
1744 1601 1807 1635 ejus

1014 1653 1152 1680 exercitus
1166 1651 1244 1679 clade
1260 1650 1307 1685 qui
1322 1655 1418 1677 contra
1436 1649 1621 1677 Domitianum
1644 1648 1806 1675 rebellant.

1014 1699 1102 1726 Simili
1120 1702 1211 1724 autem
1235 1697 1342 1724 ratione
1356 1696 1466 1723 videtur
1492 1696 1616 1723 indicare
1632 1700 1726 1721 noster
1742 1702 1808 1729 per-

1015 1744 1122 1773 venisse
1146 1744 1179 1770 ad
1207 1743 1322 1770 Latinos
1350 1742 1538 1776 Daphunsiam
1555 1746 1750 1776 oppugnantes
1768 1740 1809 1766 fa-

1015 1799 1086 1818 mam
1102 1795 1190 1825 capue
1209 1798 1222 1816 a
1240 1789 1344 1817 Graecis
1359 1789 1630 1823 Constantinopolis.
1644 1796 1727 1822 quam
1742 1795 1809 1822 pro-

1014 1841 1106 1872 pterea
1123 1837 1222 1871 famam
1241 1836 1359 1863 divinant
1376 1840 1465 1866 vocat,
1481 1836 1527 1862 καὶ
1541 1835 1601 1866 Θεὸς
1612 1835 1630 1867 ἡ
1649 1835 1743 1869 φήμη.
1761 1833 1809 1860 8ἰ‹

1015 1882 1127 1918 gniﬁcat
1142 1883 1225 1910 etiam
1243 1889 1304 1909 eam
1326 1889 1388 1909 esse
1402 1889 1493 1908 vet-am
1512 1886 1538 1908 et
1557 1882 1696 1915 propriam
1716 1881 1809 1906 nomi-

1015 1929 1058 1956 nis
1076 1929 1156 1963 φήμη
1178 1929 1328 1958 notionem,
1359 1926 1518 1957 llomerunt,
1541 1927 1652 1960 opinor,
1678 1930 1807 1956 secutus.

1014 1975 1085 2009 apud
1109 1983 1203 2009 quo-iu,
1233 1979 1263 2000 ut
1291 1973 1453 1999 Eustathius
1480 1973 1622 2003 admonet,
1651 1972 1733 2006 φήμη
1764 1976 1809 1998 est

1016 2020 1134 2056 μαντικὴ
1169 2019 1286 2054 κληδὼν,
1326 2019 1467 2045 τουτέστιν
1501 2019 1516 2045 ὁ
1552 2018 1697 2052 μὲλὶυντός
1732 2026 1808 2048 τινες

1013 2067 1163 2103 δηλωτικὸς
1185 2067 1276 2100 λόγος,
1307 2066 1336 2098 ἐξ
1360 2066 1516 2100 αὐτομάτου
1542 2065 1689 2099 λεγόμενος
1710 2073 1716 2090 :
1738 2065 1808 2090 Pro-

1014 2114 1146 2148 phetirum
1160 2120 1247 2143 ante",
1264 2113 1313 2138 hoc
1329 2116 1367 2138 ett
1392 2111 1429 2137 rei
1443 2110 1542 2144 futura
1555 2110 1708 2143 cujuspium
1726 2110 1808 2135 inde:

1014 2160 1121 2187 verbum
1138 2164 1230 2191 sponte
1244 2158 1392 2192 prolatum.
1407 2157 1477 2188 Quia
1495 2163 1560 2182 ιιι-το
1576 2156 1607 2181 ad
1629 2154 1806 2189 prophetiam

1015 2207 1096 2234 etiam
1111 2205 1229 2240 pertinet
1245 2205 1342 2231 notitia
1358 2211 1448 2230 rerum
1468 2202 1623 2229 absentium
1647 2201 1810 2235 longinquis

1015 2261 1048 2280 ex
1076 2252 1144 2279 locis
1175 2259 1229 2278 nou
1261 2251 1380 2277 humana
1411 2257 1494 2284 opera
1529 2248 1631 2278 delata,
1657 2247 1722 2280 jure
1755 2256 1809 2274 suo

1016 2304 1111 2326 noster
1139 2297 1222 2325 etiam
1247 2297 1281 2324 ad
1309 2297 1361 2324 hoc
1387 2295 1561 2323 Houtericam
1579 2294 1707 2321 vocabuli
1731 2294 1810 2328 fatim

1016 2346 1156 2372 notionem
1177 2343 1320 2370 transfert.

1050 2388 1169 2423 Φορητὴ
1188 2389 1278 2419 οἰκία.
1302 2396 1329 2423 p.
1350 2387 1414 2415 550.
1441 2386 1500 2414 Non
1526 2395 1744 2422 usquequaque.

1015 2437 1107 2467 fallor,
1133 2435 1212 2462 obvia
1238 2435 1284 2462 hic
1307 2438 1457 2469 usurpatur
1484 2434 1561 2461 notio
1592 2434 1666 2460 vocis
1696 2435 1807 2468 φορητή

1017 2488 1067 2516 pro
1088 2488 1121 2507 eo
1144 2480 1229 2515 quod,
1246 2479 1331 2514 618
1353 2479 1477 2514 analogia
1503 2487 1517 2506 c
1536 2479 1651 2510 solutili.
1680 2478 1722 2514 [P.
1739 2479 1807 2515 4‘38]

1017 2527 1144 2555 classicis
1171 2527 1274 2554 usitata
1302 2534 1389 2556 voce.
1427 2527 1520 2557 ducta,
1563 2526 1680 2552 [θαι-εει)
1708 2525 1807 2553 Latine

1015 2574 1109 2601 dicere
1125 2580 1274 2607 possumus
1288 2572 1433 2607 portantis.
1446 2571 1503 2598 llac
1522 2580 1604 2607 porro
1621 2573 1807 2600 circumlocu-

1015 2622 1091 2647 tione
1107 2620 1148 2647 vel
1167 2620 1272 2651 σκηνάς
1294 2618 1467 2646 tabernacula
1484 2619 1634 2646 castrensia
1649 2619 1805 2653 exprimere

1014 2664 1196 2700 Pachymeres
1207 2665 1304 2698 voluit,
1321 2664 1375 2697 vel,
1389 2664 1460 2698 quod
1474 2665 1565 2691 verius
1581 2670 1659 2699 puto.
1678 2664 1804 2692 indicare

1014 2712 1110 2739 doutos
1135 2720 1150 2738 e
1175 2711 1290 2738 materia
1318 2711 1442 2738 solutiles
1469 2711 1633 2745 proceribus
1659 2710 1803 2742 Romanis.

1015 2760 1150 2786 urbanum
1166 2759 1261 2786 luxum
1278 2760 1304 2785 in
1321 2759 1418 2785 militia
1435 2758 1524 2792 quoad
1539 2762 1652 2792 possent
1669 2766 1806 2793 usurpare

1015 2805 1202 2836 studentibus.
1224 2810 1334 2840 paratas
1358 2813 1390 2833 co
1407 2804 1524 2832 artiﬁcio
1542 2809 1571 2832 ut
1592 2811 1683 2840 partes
1707 2813 1804 2833 carum

209 2892 247 2927 (ι)
271 2892 550 2921 llabuitllcsiodcum
571 2892 638 2920 illud
650 2891 715 2924 Θεός
739 2891 768 2918 νύ
781 2892 821 2925 τίς
838 2895 896 2921 ἐστι
913 2894 959 2920 καὶ
971 2893 1050 2929 αὐτή.
