1931 3069
150 151 221 186 1083

616 155 646 188 Ρ.
668 156 825 188 POSSINI
844 157 1175 190 OBSERVATIONUM
1206 160 1283 192 LIB.
1305 160 1332 192 Ῑ.

1714 161 1785 197 Ῑῢὸί
1805 200 1810 202 _

150 215 254 250 scripta
287 214 321 243 de
339 215 430 244 Vecco
463 223 513 252 pro
532 216 586 244 reis
615 217 734 245 sollicite
759 223 868 252 agente,
889 219 936 253 qui
951 219 1050 254 Aofﬁs
1078 221 1166 247 aureis
1190 220 1218 247 in
1237 229 1264 248 os
1293 221 1403 255 ingenis
1420 221 1503 256 pasci.
1529 221 1581 250 Sed
1611 229 1669 250 rem
1691 223 1730 249 uti
1755 231 1786 251 se

151 261 243 289 locum
274 261 385 290 llomeri
416 263 596 290 obversatum
637 264 730 291 animo
761 264 940 300 Pachymeris

153 308 299 336 scribentis
318 309 408 338 oculis
431 314 458 337 et
473 310 532 345 ipse
551 310 639 338 lector
654 318 708 337 non
726 311 877 345 siibjeeerit
894 315 942 338 aut

152 356 285 383 memoria
300 356 481 383 revocaverit.
500 356 592 383 Iliadis
613 357 720 384 decima
738 357 852 384 Phoenix
871 358 941 385 inter

152 401 206 429 alia
227 402 312 429 multa
332 410 393 437 qua:
404 403 504 438 allegat
521 403 621 430 Achilli
647 403 794 436 ﬂectendo.
812 405 942 440 proponit

151 450 266 477 deorum
285 449 454 483 exemplum,
482 449 666 477 exorabiliiim
679 451 705 477 in
724 451 830 478 veniam
847 452 943 486 culpa-

152 503 226 529 ruiu,
241 495 306 522 dum
328 495 458 530 precibus
473 497 697 524 conveniuntur:

693 553 769 581 οὐδέ
787 554 818 581 τέ
832 562 869 580 σε
885 554 942 589 χρὴ

151 587 268 622 Νηλεὲς
283 585 357 623 ἦτορ
377 588 472 622 ἔχειν.
489 589 634 623 Στρεπτοι
649 589 684 616 δέ
697 598 730 616 τε
745 591 793 660 mil
810 589 870 651 02ml
885 585 944 616 ἆὺὲ

788 634 820 652 το
843 645 849 652 .
863 645 869 652 .
881 645 888 652 .
900 644 906 652 .

788 634 906 652 τοι....

153 678 208 706 Kal
219 678 278 714 usv-
293 679 365 711 τοὺς
378 679 504 706 θυέεσσι
522 679 572 706 καὶ
587 679 727 713 εὐχωλῆς
741 680 874 714 ἀγανῇσι

153 713 246 746 Λοιόῇ
262 722 294 741 τε
307 714 421 748 κνίσσῃ
434 722 465 740 re
479 714 696 749 παρατρωπῶσ’
705 715 856 748 ἅνθρωποι

153 749 349 782 Λισσόμενοι,
369 748 419 776 ὅτε
435 749 490 776 κέν
506 758 551 781 τις
570 749 706 784 ὑπερϐήῃ
733 750 783 777 καὶ
798 749 926 785 ἁμάρτῃ.

153 807 224 834 Tum
241 811 268 835 et
284 807 318 835 de
333 806 402 834 Litis
418 807 528 835 ﬁliabus
541 807 616 836 Jovis
631 807 726 834 addit:

154 867 209 894 Kal
225 866 280 900 γάρ
292 874 324 892 τε
339 867 423 893 Atra!
433 867 493 893 εισι
507 866 575 899 Διὸς
587 867 691 899 κοῦραι
701 866 854 901 μεγάλοιο.
895 877 903 894 t

154 902 255 928 Χωλαί
267 910 298 928 τε
307 902 426 935 ρυσσαί
440 910 472 928 τε
491 901 692 935 ,παραϐλῶπές
708 902 732 928 τ’
749 901 900 936 ὀφθαλμώ.

155 957 237 985 Tales
257 958 314 985 done
340 958 483 993 ingeniose
505 958 647 993 ﬁnguntur
663 958 697 986 ad
714 958 768 985 vim
793 959 944 986 beneﬁcam

156 1004 354 1032 misericordia:
392 1004 621 1040 exprimendam,
654 1004 698 1041 [P.
729 1004 793 1042 450]
825 1005 946 1032 eximere

157 1057 247 1084 pinum
271 1050 420 1085 satagcntis
449 1051 594 1079 convictos
621 1051 783 1082 criminum,
801 1054 828 1078 et
847 1051 944 1077 horum

158 1103 276 1130 angores
292 1096 318 1122 iii
343 1104 372 1123 se
396 1096 597 1131 suscipientis:
616 1097 650 1124 de
664 1097 766 1131 quibus
783 1097 867 1124 multa
883 1105 946 1124 eru-

158 1139 214 1167 dite
232 1139 392 1166 Eustathius
412 1139 534 1174 disputat
550 1140 582 1167 ad
598 1149 660 1168 eum
676 1136 779 1168 locum.
796 1140 944 1167 Homerum

159 1189 254 1212 noster
276 1193 327 1213 suo
352 1185 433 1219 genio
459 1186 606 1221 indulgens
632 1187 676 1214 hic
698 1186 856 1221 exscripsit,
877 1185 946 1213 nihil

158 1232 298 1260 sollicitus
324 1232 358 1259 de
384 1232 487 1260 lectore
514 1240 610 1267 parum
629 1232 700 1260 forte
714 1237 825 1260 versato
847 1232 875 1260 in
892 1233 947 1259 Ho-

161 1279 230 1306 meri
258 1279 386 1311 lectione,
398 1280 438 1306 sic
456 1287 557 1314 nempe
577 1279 676 1306 solitus
695 1280 798 1314 passim
820 1279 947 1307 intexere

158 1326 277 1352 orationi
305 1333 362 1353 sua:
392 1325 495 1354 eriidas
524 1326 690 1360 ignotaSque
708 1326 946 1353 inuominalorum

158 1376 303 1398 auctorum
319 1371 442 1406 χρήτεις,
467 1372 546 1406 quasi
573 1371 792 1406 praescripsisset
817 1371 844 1398 in
859 1371 945 1399 vesti-

159 1417 226 1444 biilo
243 1418 286 1444 sui
309 1417 400 1451 operis
419 1417 508 1444 simile
536 1417 639 1450 aliquid
654 1415 714 1450 ejus
730 1415 804 1450 quod
824 1416 851 1443 in
877 1415 947 1443 fori-

160 1461 214 1490 bus
242 1461 345 1489 scbola:
374 1461 499 1488 Platonis
528 1461 672 1496 legebatur
693 1461 812 1492 τοὺδεὶς
838 1461 948 1487 πάντων

159 1508 321 1542 ποιημάτων
345 1516 375 1534 τε
397 1507 446 1534 καὶ
470 1507 699 1542 συγγραμμάτων
725 1507 847 1542 ἀρχαιων
873 1507 947 1542 ἀμύ-

994 267 1109 299 habuit,
1147 267 1270 295 declarat
1297 267 1448 296 Vaticanus
1477 268 1678 304 Paraplirastes
1712 271 1785 297 hunc

993 311 1084 338 locum
1116 312 1156 340 sic
1191 314 1326 341 exhibens
1347 323 1355 341 :
1376 313 1408 342 '0
1434 315 1484 349 μὲν
1515 315 1648 349 Χαλυφᾶς
1680 315 1784 350 χρυτοῦ

994 357 1102 390 ζέοντος
1119 359 1190 385 κατὰ
1209 359 1348 395 λάρυγγος
1363 361 1472 388 ἐκείνου
1496 361 1626 396 χυθέντος
1642 362 1784 390 ἐτελεύτα,

994 404 1130 440 Chalypha
1149 407 1254 440 quidem
1282 415 1352 434 auro
1373 408 1488 442 fervente
1505 409 1533 436 in
1557 414 1652 444 guttur
1667 410 1725 442 ejus
1740 410 1784 436 iu—

993 452 1053 486 fuw
1069 457 1188 479 mortuus
1202 458 1251 480 est.
1266 453 1344 487 Quod
1362 454 1399 481 ita
1417 459 1526 489 gestum
1541 456 1710 490 astipulalur
1726 456 1786 483 Ma-

993 498 1072 525 rinus
1091 498 1224 530 Saniitus,
1240 500 1258 527 l.
1283 508 1325 530 ut.
1341 501 1429 535 partis
1444 501 1488 531 i3.
1505 509 1531 528 c.
1546 501 1561 527 '7
1580 502 1620 529 sie
1639 503 1783 529 scribens:

994 545 1073 578 Capti
1113 545 1239 580 Calyphie
1269 547 1372 581 gutturi
1404 547 1536 581 liquatum
1571 557 1667 574 nurum
1701 548 1787 583 jussit

995 587 1165 623 (llaolonus)
1182 588 1300 622 infundi,
1338 590 1481 616 avaritiam
1513 591 1690 624 exprobrant,
1721 591 1786 624 quia

995 641 1052 659 cum
1074 633 1210 660 immensis
1229 634 1354 668 afﬂueret
1372 634 1516 666 thesauris,
1533 636 1679 669 cupiditate
1693 637 1788 663 deten-

995 683 1038 705 tur
1050 687 1098 711 pro
1112 679 1200 706 salute
1218 688 1268 706 sua
1283 688 1326 708 eo:
1343 679 1490 715 expendere
1503 682 1600 708 renuit.
1618 681 1680 708 llaec
1696 681 1788 708 Satiu-

995 729 1052 752 tus.

1036 783 1152 817 ‘Ddtor,
1167 792 1194 818 p.
1209 784 1272 811 405.
1287 785 1347 812 Non
1370 785 1434 812 alibi
1455 793 1612 820 repereratn
1628 785 1719 812 ὼάτον
1737 793 1791 820 pro

996 830 1140 864 ὑπερῶον,
1159 832 1305 859 cmuaeiilo
1322 837 1369 858 aut
1389 832 1452 859 aula
1486 831 1623 866 superiori
1644 835 1789 859 camerata

996 877 1067 903 ονΜί
1093 876 1192 904 forma.
1218 878 1288 911 Quid
1313 879 1386 905 enim
1413 879 1458 906 hic
1483 879 1557 906 aliud
1579 879 1791 914 intelligamus?

1039 923 1254 959 Ὠργυιωμένοι,
1282 933 1309 960 p.
1334 925 1397 952 42L
1417 927 1463 953 Ait
1487 925 1639 952 immissam
1669 934 1682 952 a
1711 931 1792 962 tergo

998 969 1060 996 navi
1092 969 1232 998 Geniiensi
1261 972 1351 1006 plenis
1378 972 1446 1000 velis
1475 972 1595 1000 elaheiiti
1627 973 1791 999 onerariam

997 1015 1170 1048 Calalanam,
1189 1024 1250 1051 quae
1264 1023 1376 1045 ventum
1400 1017 1424 1045 ei
1442 1025 1456 1044 a
1477 1018 1560 1052 puppi
1582 1026 1696 1044 suorum
1713 1018 1794 1045 velo-

997 1069 1059 1088 rum
1094 1069 1218 1096 oppaiisn
1249 1063 1429 1099 interciperet
1462 1072 1495 1091 ac
1518 1064 1559 1091 sic
1586 1063 1793 1092 sufflaminaret

998 1107 1131 1141 impetum
1148 1109 1266 1136 ruentis.
1287 1110 1506 1144 Ὠργυιωμένους
1519 1109 1634 1138 Tzetzes
1647 1110 1680 1136 ad
1698 1110 1793 1145 Lyco-

998 1153 1130 1188 plironem
1149 1154 1349 1186 interpretatur
1368 1155 1569 1188 ἐκτεταμένους
1581 1175 1588 1186 ,
1605 1156 1794 1190 ἡπλωμένους

997 1203 1107 1226 extensa
1124 1204 1147 1226 et
1164 1199 1298 1233 explicata
1313 1200 1379 1228 vela.
1404 1200 1560 1235 Subditque
1581 1201 1715 1228 continuo
1731 1201 1796 1227 ὲτυ-

1000 1243 1130 1278 μολογίαν
1155 1244 1182 1271 ὶιι
1206 1245 1280 1272 hunc
1307 1245 1437 1273 modum:
1454 1245 1490 1271 Ἦ
1512 1245 1567 1272 ἀπὺ
1593 1245 1639 1279 τῆς
1662 1246 1794 1279 ὀργυιᾶς,

998 1289 1058 1324 ἦτοι
1082 1289 1134 1324 τῆς
1160 1289 1300 1321 ἐκτάσεως
1320 1289 1375 1316 τῶν
1397 1290 1509 1326 χειρῶν.
1534 1291 1568 1316 Ἦ
1594 1290 1640 1316 καὶ
1662 1290 1718 1317 ἀπὸ
1744 1291 1795 1317 τοῦ

998 1335 1073 1370 ὀργῶ
1103 1336 1134 1362 τὸ
1162 1336 1251 1371 ὀρμῶ.
1271 1337 1371 1371 ὀργᾷν
1390 1336 1418 1362 δὲ
1445 1335 1476 1362 τὸ
1504 1336 1537 1362 ὲκ
1565 1336 1616 1369 γῆς
1648 1336 1796 1370 συντόμως

999 1382 1105 1417 ὀρούειν
1128 1389 1155 1408 τι
1173 1381 1228 1408 τῶν
1250 1382 1344 1416 φυτῶν
1363 1381 1380 1417 ἦ
1395 1382 1449 1408 τῶν
1467 1381 1597 1416 βοτανῶν.
1612 1381 1651 1408 Ita
1666 1381 1724 1413 ille.
1743 1383 1794 1416 qui

999 1427 1092 1455 statim
1109 1427 1185 1454 addit
1201 1428 1287 1455 scribi
1306 1427 1408 1455 debere
1424 1426 1642 1462 ὼργυιωμένους
1657 1426 1796 1459 adjuncto

1001 1481 1009 1499 ι
1026 1473 1060 1500 ad
1077 1483 1092 1501 υ
1109 1474 1238 1501 secundm
1266 1473 1396 1509 syllabze;
1429 1473 1502 1500 unde
1519 1480 1569 1500 nos
1585 1473 1708 1500 codicem
1742 1480 1798 1500 no-

1000 1519 1162 1554 strum,qui
1189 1519 1391 1555 ὠργυωμένους
1415 1519 1564 1552 scribebat,
1603 1518 1794 1546 correximus.

161 1563 226 1588 ητος
247 1555 354 1583 εἰσίτω.
385 1553 472 1581 Porro
488 1555 562 1582 sicut
584 1555 679 1585 Λ-ιτάς.
698 1555 777 1589 quasi
793 1555 868 1582 dicas
883 1563 943 1590 sup-

1006 1553 1241 1600 Ὤργυιωνμένουξέ
1259 1553 1300 1592 ait
1320 1565 1446 1596 Tzetzes.
1461 1565 1530 1599 μετὰ
1545 1563 1729 1599 προσγραφῆς
1744 1564 1795 1590 τοῦ

161 1601 335 1636 pliealimies,
371 1600 507 1628 Homerus
539 1601 746 1636 προσωποποιεῖ
778 1601 819 1632 εις
854 1600 949 1635 σχῆμα

161 1647 362 1682 ςαλαιπωρίας,
381 1647 421 1674 sic
447 1651 474 1674 et
497 1646 523 1673 in
542 1647 662 1680 speciem
685 1646 811 1681 obsequii
837 1646 949 1673 obnoxii

163 1694 324 1728 abjecteque
360 1701 408 1728 per
440 1693 630 1721 adulationem
664 1693 776 1720 demissi
815 1693 950 1720 subornat

163 1740 312 1768 blanditias
333 1740 480 1773 Martialis,
497 1740 562 1767 dum
578 1739 676 1767 scribit
689 1740 772 1774 epist.
788 1740 834 1772 72,
846 1739 895 1766 lib.
913 1746 948 1766 ιε

269 1797 398 1827 Frustra.
411 1798 559 1827 blanditiam
572 1797 666 1824 venitis
673 1797 707 1823 ad
716 1805 757 1823 me

270 1834 377 1859 Attritis
391 1833 554 1860 miserabiles
571 1833 686 1859 labellis.
701 1852 708 1859 .
722 1852 728 1858 .
746 1852 753 1859 .

268 1867 333 1894 Jmu
350 1877 401 1894 non
415 1873 452 1894 est
468 1869 540 1894 locus
559 1868 608 1894 hac
624 1869 650 1894 iu
668 1868 731 1894 urbe
745 1867 828 1894 vobis.

271 1903 312 1929 Ad
328 1902 440 1929 Partho:
457 1903 551 1936 procul
562 1904 598 1929 ite
611 1903 735 1937 pilentas.

272 1937 306 1964 Et
322 1938 413 1972 ﬂentes
432 1939 593 1971 humilesque
612 1938 793 1972 supplicesque

271 1973 412 2000 Pictorum
424 1973 482 2000 solii
500 1974 602 2000 basiate
616 1981 718 2008 regum,
735 1978 790 2000 etc.

203 2030 388 2064 ΨωμΙζεσθαι
409 2029 546 2064 χρυσοῖς,
569 2029 673 2065 p.129.
707 2029 842 2056 Nimirum
872 2029 952 2056 iuva-

165 2078 261 2106 dentes
282 2077 421 2105 Persidem
438 2077 559 2105 Tochari
586 2076 756 2111 Chalypham
778 2076 834 2103 illic
860 2076 950 2103 domi-

165 2129 290 2157 nantem,
306 2132 418 2152 avarum
436 2129 463 2152 et
479 2124 603 2155 divitem,
625 2131 694 2150 auro
711 2122 860 2157 liquefacto
876 2122 903 2149 in
921 2130 953 2150 os

165 2169 226 2203 ejus
259 2169 352 2197 infuso
380 2173 570 2199 necaverunt;
601 2169 676 2204 quod
704 2171 800 2195 noster
833 2167 953 2194 obscure

165 2215 246 2251 621
276 2216 343 2243 dicit
370 2215 545 2251 ψωμίζεσοαι
572 2216 699 2251 χρυσοῖς,
728 2213 808 2250 quasi
844 2213 951 2241 diceret

1002 1621 1010 1638 t
1035 1612 1076 1638 δεῖ
1095 1612 1224 1646 γράφειν.
1246 1611 1329 1638 Vides
1356 1611 1419 1638 liinc
1442 1610 1532 1638 obiter
1555 1610 1720 1637 familiarem
1739 1609 1797 1636 Pa-

1001 1658 1125 1693 chyiueri
1150 1658 1237 1685 fuisse
1252 1657 1473 1693 Lycoplironem,
1486 1657 1568 1692 genio
1582 1657 1710 1684 videlicet
1724 1665 1799 1684 con-

1001 1705 1114 1732 ciliante
1129 1704 1267 1731 σκοτεινδν
1288 1704 1430 1739 σκοτεινῷ.
1451 1704 1484 1731 Et
1510 1704 1586 1730 illiiiii
1611 1703 1724 1736 quidem
1745 1711 1798 1730 no-

1003 1755 1105 1784 strum,
1126 1751 1172 1785 qui
1191 1751 1312 1778 omnium
1334 1751 1502 1786 scriptorum
1519 1750 1647 1777 tenebras
1671 1750 1698 1776 in
1711 1757 1797 1777 suum

1001 1805 1072 1831 opus
1092 1804 1242 1833 congerere
1265 1797 1400 1829 studeret,
1426 1804 1481 1823 non
1503 1800 1722 1830 temperaturum
1749 1803 1798 1822 ar-

1002 1842 1099 1874 bitror,
1118 1843 1141 1869 si
1157 1850 1211 1877 qua
1225 1842 1336 1870 occasio
1354 1842 1478 1874 daretur,
1496 1842 1579 1868 etiam
1595 1840 1799 1875 πελαργοχρῶο

1002 1896 1052 1920 τας
1079 1888 1127 1914 καὶ
1150 1888 1326 1923 φαλακραίας
1345 1888 1431 1922 κόρας
1449 1891 1477 1914 et
1493 1887 1652 1922 ἀπαρκτίας
1667 1886 1799 1921 πρηστῆ-

995 1943 1051 1970 -ρος
1073 1935 1189 1968 αἱὈωνος
1209 1935 1305 1967 πνοὰς,
1327 1943 1388 1970 quae
1405 1934 1567 1970 Lycopliron
1590 1934 1671 1960 liabet
1692 1933 1797 1960 ibidem

1005 1981 1076 2008 unde
1090 1981 1305 2015 ὡργυιωμένους
1332 1981 1500 2015 exscripluin
1518 1986 1572 2013 est,
1589 1980 1616 2006 iu
1642 1980 1799 2014 scriptione

1005 2027 1056 2054 hac
1077 2035 1125 2053 sua
1146 2035 1258 2062 ponere,
1281 2034 1363 2061 quam
1386 2031 1442 2053 tum
1460 2027 1569 2054 demum
1594 2025 1749 2060 eleganti-in
1769 2030 1799 2052 et

1005 2073 1140 2100 eruditam
1168 2073 1256 2100 visum
1285 2073 1319 2100 iri
1357 2073 1490 2105 credidit,
1509 2073 1532 2100 si
1565 2072 1688 2099 omnium
1719 2072 1798 2105 inligi

1006 2119 1187 2146 metuentium
1213 2120 1381 2154 scriptorum
1410 2119 1521 2154 griphos
1541 2123 1569 2145 et
1596 2122 1691 2144 noctes
1715 2118 1800 2144 avide

1005 2167 1176 2202 conquisitas
1193 2171 1357 2199 ostentaret,
1381 2175 1477 2202 parum
1504 2166 1582 2200 pensi
1603 2165 1707 2192 habens
1725 2173 1799 2199 quas

1008 2220 1107 2241 erui-es
1128 2213 1278 2241 lectoiihus
1295 2217 1342 2240 aut
1359 2211 1557 2248 interpretibus
1573 2210 1630 2239 suis
1653 2209 1762 2245 figeret.
