1931 3069
115 250 770 268 MM

111 260 290 267 _._._.._

830 178 950 208 NOTAE.

672 255 1278 269 Ψ
941 265 1060 269 ..___
1067 267 1083 269 ,-
1090 266 1172 269 —
1178 267 1278 269 ψ

595 298 832 408 PETRI
883 346 1189 410 POSSINI

1635 179 1703 213 10F6

1282 259 1363 272 mw.
1367 258 1692 273 κεί-λιτῇ..-

191 482 803 541 OBSERVATIONUM
846 482 1572 540 PACHYMERIANARUM

753 606 934 649 LIBER
965 605 1008 648 ll

660 694 932 725 COMPLECTENS
971 694 1097 724 NOTAS

344 885 374 912 1η
391 887 470 912 titulo
487 887 583 920 operis.

102 955 184 990 622
209 954 250 990 [Ρ.
272 954 348 990 45³51,
376 955 561 982 ΡΑΕΙΞῙΜΕῙΠΕ.
587 954 654 981 Cum
681 953 750 980 varii
778 953 853 980 varie

65 1001 193 1029 Graecum
225 1009 324 1028 nomen
354 1001 522 1035 Παχυμερὴς
556 1000 654 1027 Latine
683 1000 798 1026 cli'eraut
826 1003 854 1025 et

67 1048 220 1080 inﬂeclant,
248 1048 292 1075 alii
317 1047 527 1084 Pachymeram,
557 1048 602 1074 alii
629 1046 852 1082 Pachymcrium,

66 1095 114 1121 alii
129 1095 209 1122 aliter
224 1099 364 1126 vocantes,
380 1095 445 1121 mihi
460 1095 634 1121 commodius
654 1098 682 1120 et
696 1092 852 1126 exprditius

65 1143 155 1168 visum
183 1144 226 1168 est
252 1140 402 1167 inﬂexione
427 1141 465 1167 uti
481 1140 577 1167 Latina
593 1141 735 1166 nominum
753 1139 853 1166 classis

67 1188 166 1215 lentim.
187 1187 258 1220 Quin
271 1187 297 1214 id
313 1188 349 1214 sit
367 1187 522 1221 simplicius
538 1191 565 1214 et
581 1187 614 1213 ad
632 1194 712 1213 usum
731 1185 852 1217 facilius,

68 1243 150 1262 nemo
165 1234 315 1269 negaverit.
327 1233 395 1260 Jure
413 1237 503 1261 autem
521 1233 735 1267 ﬁeri,cxemplis
752 1231 853 1258 astrui-

66 1284 122 1307 tur.
139 1279 206 1306 Nam
223 1279 348 1316 Ulysses,
368 1279 507 1311 Socrates,
527 1279 735 1310 Demosthenes,
751 1278 851 1304 similia

66 1327 186 1361 plurima
205 1334 280 1354 mere
295 1326 393 1353 Latine
408 1326 441 1353 al)
458 1326 587 1353 omnibus
600 1325 759 1356 ﬂeetuntur,
775 1324 852 1350 nullo

67 1377 196 1408 respectu
211 1373 244 1400 ad
262 1373 422 1400 inﬂexiones
434 1372 550 1406 ‘,Graecas
567 1376 680 1398 istorum
698 1370 851 1396 nominum.

66 1419 136 1452 Quis
169 1419 241 1446 enim
272 1425 392 1453 unquam
425 1418 592 1444 adumbrare
619 1417 729 1443 curavit
755 1415 852 1441 Latino

66 1473 136 1494 sono
168 1465 317 1499 genitivum
354 1463 544 1498 Δημοσθένους
575 1466 623 1489 :Ittt
659 1462 851 1489 accusativum

65 1513 237 1547 Δημοσθένη,
259 1511 436 1538 balbutiendo
461 1510 651 1536 Dmtoslhenus
685 1514 730 1535 alit
757 1509 852 1535 Demo-

65 1558 311 1591 sthene,ﬂomana
347 1557 467 1583 Minerva
502 1554 685 1582 invitissima?
716 1553 772 1581 Hoc
799 1555 851 1580 ctsi

65 1612 182 1641 parvum
196 1604 284 1635 dictu,
296 1610 410 1630 necesse
424 1603 512 1629 visum
526 1602 571 1629 hic
587 1600 719 1635 proﬁteri.

103 1662 266 1689 Mtcmaus.
292 1661 397 1694 Quotus
423 1660 467 1687 hic
489 1662 560 1686 inter
585 1659 767 1693 imperatores
781 1657 854 1685 Cou-

66 1707 328 1738 stantiuopolitanos
355 1705 471 1733 Michael
494 1704 589 1736 fuerit,
606 1713 662 1732 non
685 1704 738 1732 erit
761 1705 855 1730 inutile

67 1755 152 1783 semel
170 1758 302 1781 statuere.
326 1752 437 1779 Primus
451 1751 485 1779 ad
508 1752 655 1786 imperium
674 1752 726 1778 hoc
753 1759 853 1777 nomen

67 1800 180 1835 pertulit
200 1798 313 1825 Michael
332 1797 508 1830 Curopalata,
529 1801 712 1832 cognomento
728 1795 856 1829 Rhanga-

68 1848 172 1876 benus.
195 1844 403 1872 laudatissimus
419 1843 558 1878 princeps,
583 1850 656 1869 anno
671 1842 774 1869 Christi
789 1842 854 1870 8H.

69 1892 214 1920 Secundus
242 1891 323 1917 homo
339 1891 554 1918 scelestissimus
577 1888 694 1916 Michael
712 1888 824 1920 Balbus,
839 1896 854 1915 e

68 1946 179 1966 carcere
202 1937 246 1964 ubi
265 1937 298 1963 ad
320 1936 547 1964 vivicomburium
571 1936 747 1966 servabatur,
769 1935 793 1962 vi
821 1935 854 1961 ad

69 1985 168 2011 solium
185 1984 274 2017 erupit
299 1989 370 2009 anno
393 1982 496 2009 Christi
517 1982 580 2009 820.
604 1981 716 2008 Tertius
739 1981 855 2008 Michael

69 2030 325 2064 Porphyrogcnitus
339 2028 485 2062 Theophili
510 2028 688 2062 imperatoris
705 2028 776 2054 illius
791 2035 854 2054 cum

69 2081 159 2103 matre
174 2075 316 2102 Theodora
346 2075 491 2108 imperium
518 2074 617 2106 tenuit,
635 2082 734 2107 magno
750 2073 788 2100 rei
807 2081 855 2107 pu-

70 2121 148 2149 blicae
172 2125 199 2148 et
217 2120 344 2147 Ecclesiae
366 2119 526 2147 malozfuit
548 2119 634 2151 enim,
653 2119 698 2145 ubi
724 2119 854 2151 adolevit,

71 2167 261 2202 impiissimus.
282 2166 372 2200 Cmpit
400 2164 537 2192 dominari
566 2173 638 2192 anno
663 2165 766 2192 Christi
789 2164 854 2197 842,

70 2214 142 2241 male
161 2213 244 2249 periit
258 2212 321 2240 867.
339 2213 418 2239 Anno
436 2211 499 2239 inde
520 2211 625 2238 Christi
644 2211 712 2238 1034
739 2210 855 2237 Michael

69 2259 210 2293 Paphlago
228 2267 242 2285 a
262 2259 350 2293 patria
365 2258 470 2289 dictus,
491 2257 602 2284 adulter
617 2257 687 2285 Zocs
709 2257 854 2291 Augustae,
868 2269 892 2298 ο

68 2304 194 2332 Romano
209 2304 269 2337 ejus
293 2303 352 2331 viro
370 2303 544 2338 strangulata
560 2304 705 2337 imperium
725 2303 852 2337 arripuit,

69 2356 97 2377 ct
116 2352 205 2378 tenuit
228 2350 308 2377 annis
326 2350 383 2377 fere
410 2355 487 2377 octo.
512 2349 632 2376 Moriens
661 2354 852 2376 successorem

69 2396 167 2424 habuit
188 2396 346 2423 Michaelem
374 2400 558 2430 cegnomento
584 2395 772 2430 Calephatem,
793 2394 854 2428 ejus

68 2442 191 2469 nominis
219 2443 357 2477 quintum,
388 2443 435 2477 qui
465 2447 526 2477 post
554 2449 657 2468 annum
674 2440 770 2471 aZoe.
794 2447 855 2475 qum

69 2490 146 2516 illum
173 2493 359 2523 promoverat,
387 2489 504 2524 imperio
520 2494 546 2516 et
565 2488 652 2515 oculis
674 2488 797 2522 privatus
816 2488 856 2514 lo-

68 2543 132 2561 cum
152 2536 236 2562 cessit
256 2535 441 2562 Constantino
458 2535 638 2562 Monomacho
662 2542 735 2560 anno
751 2533 855 2560 Christi

70 2581 151 2609 1042.
175 2581 391 2614 Quatuordecim
421 2585 483 2616 post
509 2581 589 2608 annis
603 2580 730 2607 tMichael
753 2588 856 2614 cogno-

69 2634 163 2656 nienlo
177 2628 361 2660 Stratonicus,
376 2632 470 2655 sextus
481 2627 540 2661 ejus
555 2627 686 2658 nominis,
704 2632 856 2654 coronatur

68 2676 211 2711 Augustus
223 2683 229 2701 :
241 2674 323 2710 623
335 2674 382 2702 sed
390 2677 459 2701 ‘mox
477 2681 549 2700 anno
568 2674 636 2701 1057
652 2673 758 2701 lsaacio
773 2674 855 2701 Com-

69 2729 143 2748 neno
180 2721 252 2747 ultro
289 2719 443 2747 concedens
476 2720 613 2746 abdicavit
657 2719 853 2754 principatum.

69 2769 150 2795 Anno
179 2766 281 2794 Christi
306 2766 371 2794 1071
399 2766 514 2793 Michael
543 2770 726 2801 cognomento
746 2765 857 2799 Parapi-

70 2819 184 2844 naceus,
201 2812 274 2839 ﬁlius
287 2812 462 2839 Constantini
478 2811 558 2839 Ducse
574 2812 761 2846 imperatoris,
780 2819 854 2838 mur-

71 2861 120 2884 tuo
145 2857 269 2884 Romano
291 2856 405 2892 Diogeni
443 2856 587 2888 successit,
619 2857 754 2891 septimus
783 2856 856 2883 inter

72 2903 214 2939 Augustos
230 2903 393 2938 Byzantinos
407 2902 537 2936 Michael;
564 2910 644 2939 quem
662 2904 732 2930 inter
744 2909 768 2930 ct
784 2903 856 2930 hunc

865 874 896 902 Ἀ
913 877 1036 899 nostrum
1066 879 1127 898 cum
1149 879 1228 898 nemo
1257 871 1299 898 sic
1330 871 1483 905 appellatus
1508 871 1698 906 imperaverit,

914 916 1103 951 Palrcolngus,
1132 917 1211 951 cnjus
1232 917 1277 944 hic
1297 917 1442 944 historiam
1464 917 1573 949 damus.
1596 925 1700 945 nume-

913 963 1018 990 randus
1036 963 1088 1003 erit
1103 962 1217 990 Michael
1231 962 1298 990 Vill.

945 1009 1021 1045 [Pag.
1038 1010 1115 1045 434.]
1130 1010 1300 1038 Pttnomct.
1317 1010 1402 1038 Natus
1434 1011 1477 1037 hic
1509 1018 1581 1037 anno
1595 1010 1698 1038 Christi

909 1056 979 1083 1224
996 1065 1027 1083 ex
1043 1057 1200 1084 Andronico
1232 1057 1383 1089 Palmologo
1401 1065 1499 1090 magno
1524 1057 1676 1084 domestico
1690 1076 1698 1089 ,

908 1106 995 1129 matre
1010 1102 1174 1136 Palmologa,
1190 1103 1282 1130 lrenes
1297 1107 1323 1129 ct
1341 1103 1427 1130 Alexii
1445 1103 1590 1137 [‘ztlarologi
1601 1103 1700 1137 despo-

907 1150 942 1175 ta:
965 1148 1027 1174 ﬁlia.
1045 1148 1108 1175 llaec
1134 1150 1223 1182 lrenc,
1247 1149 1384 1176 Michaelis
1409 1150 1467 1175 aria
1498 1153 1631 1180 materna,
1644 1148 1698 1175 ﬁlia

909 1193 1065 1228 fuitAngeli
1083 1195 1226 1226 Coumeni,
1248 1203 1304 1229 quo
1328 1195 1480 1229 imperante
1502 1195 1699 1222 Constantiam

909 1241 979 1275 polis
994 1245 1071 1274 capta
1085 1245 1125 1267 est
1143 1249 1155 1266 a
1180 1241 1297 1268 Latinis.
1319 1241 1399 1268 Dedit
1419 1242 1443 1268 is
1465 1249 1525 1268 eam
1553 1242 1698 1275 coniugem

908 1287 1005 1313 Alexio
1033 1286 1185 1320 Palmologo
1198 1287 1208 1322 (
1223 1292 1253 1313 ut
1267 1287 1417 1315 Phrantzcs
1436 1287 1529 1314 habet:
1541 1286 1698 1319 Acropolita

908 1333 1097 1360 Andronicum
1123 1332 1241 1367 appellat
1257 1333 1276 1366 ),
1293 1341 1373 1365 quem
1387 1338 1413 1359 ιιι
1431 1333 1572 1366 dcspotam
1594 1332 1700 1360 creavit

908 1385 934 1406 et
957 1380 1061 1414 invpcrii
1077 1388 1265 1407 successorem
1283 1379 1510 1414 designavit.$cd
1530 1379 1553 1406 is
1567 1379 1641 1405 brevi
1656 1381 1701 1405 est

908 1430 1043 1456 mortuus,
1060 1426 1137 1452 unica
1152 1424 1183 1451 rx’
1200 1425 1318 1459 conjuge
1334 1425 1385 1451 tilia
1403 1429 1543 1458 suscepta,
1566 1431 1627 1458 quae
1640 1424 1698 1450 An-

907 1471 1014 1498 dronici
1029 1471 1173 1506 Palmologi
1193 1472 1283 1505 magni
1299 1472 1441 1498 douwstiri
1459 1479 1539 1501 uxor,
1558 1470 1699 1498 Michaelis

908 1517 1052 1552 Palreologi
1060 1523 1144 1544 mater
1156 1518 1206 1544 fuit
1225 1517 1314 1550 Quare
1324 1517 1347 1544 is
1361 1526 1372 1542 a
1385 1517 1545 1551 patrejuxta
1558 1522 1698 1551 matreque

908 1564 1052 1598 I‘ala‘ologi
1086 1564 1295 1598 appellationem
1326 1563 1399 1594 tulit,
1438 1563 1699 1596 Διπλῡπαλαιο).όγος

909 1615 1049 1646 propterea
1068 1614 1240 1641 vocatus,41t
1252 1609 1401 1636 Phrantzes
1422 1610 1513 1639 habet.
1541 1617 1565 1636 c.
1580 1610 1591 1636 Ι
1605 1618 1612 1641 ς
1625 1609 1697 1636 idem

887 1657 990 1683 .tradil
1006 1656 1155 1691 Gregoras,
1176 1657 1194 1683 Ι.
1215 1664 1255 1687 in,
1269 1664 1295 1690 p.
1310 1656 1355 1687 52,
1376 1656 1423 1682 sed
1443 1660 1469 1682 et
1498 1655 1654 1682 Comnenus
1681 1662 1698 1682 a

909 1703 1006 1730 matris
1024 1710 1075 1729 avo
1097 1703 1201 1736 Angelo
1216 1702 1356 1729 Comneno
1373 1702 1538 1736 imperatore
1554 1701 1654 1733 dictus.
1666 1705 1698 1728 ut

908 1746 1058 1774 Phrantzcs
1078 1746 1178 1773 ibidem
1195 1746 1294 1778 docet;
1315 1753 1345 1772 ac
1361 1746 1462 1780 passim
1477 1746 1513 1773 ita
1532 1751 1646 1773 vocatur
1663 1746 1697 1773 ab

908 1792 1064 1826 Acropolita
1085 1792 1219 1826 scriptore
1238 1793 1289 1826 ipsi
1302 1791 1504 1819 faventissimo.
1516 1791 1592 1819 Unde
1609 1793 1699 1819 credi«

908 1838 994 1865 derim
1003 1838 1145 1865 aﬁectaasc
1156 1838 1313 1865 Michaelem
1324 1843 1385 1865 ante
1395 1838 1540 1872 imperium
1551 1838 1604 1864 dici
1614 1837 1698 1865 Com-

909 1892 1022 1916 nentun,
1039 1885 1109 1919 quod
1125 1891 1184 1910 eam
1197 1892 1254 1911 rem
1267 1884 1398 1910 velilicari
1415 1883 1559 1910 ambitioni
1573 1891 1628 1910 suae
1639 1891 1698 1910 cre-

909 1932 995 1958 deret.
1017 1932 1067 1958 Sed
1085 1936 1109 1957 et
1122 1931 1202 1965 hujus
1223 1935 1347 1965 posteros
1361 1930 1395 1957 0h
1411 1930 1579 1957 nobilitatem
1591 1930 1699 1965 inclytae

911 1983 948 2004 lui.
963 1979 1092 2012 Augustis
1117 1977 1227 2004 familia:
1236 1978 1437 2005 Comncnorum
1446 1977 1628 2012 appellatione
1641 1978 1700 2012 glo-

910 2023 1351 2058 riatusostenduntinseriptiones
1366 2023 1537 2050 Michaeiiset
1549 2024 1699 2051 Andronici

909 2068 1051 2096 Juninrum
1067 2077 1080 2095 a
1098 2068 1373 2103 Pontauodescriplm
1382 2070 1460 2097 Notis
1477 2070 1510 2095 ad
1532 2069 1698 2097 Phrautzen.

910 2114 988 2141 Hunc
1005 2121 1086 2148 porro
1097 2118 1218 2140 nostrum
1229 2114 1399 2146 Michaelem,
1414 2119 1557 2149 postquam
1567 2115 1599 2141 ad
1612 2115 1700 2150 impc-

909 2163 980 2189 riutu
994 2162 1129 2197 pervenit,
1150 2162 1219 2189 haud
1230 2169 1394 2196 magnopere
1403 2169 1515 2189 curasse
1528 2162 1697 2189 Comuenum

910 2208 976 2241 dici,
985 2209 1050 2235 lir'et
1062 2208 1214 2243 intelligere
1226 2216 1258 2234 ex
1269 2208 1446 2243 l’achymere,
1456 2209 1503 2242 qui
1513 2208 1536 2235 ei
1545 2208 1699 2241 familiaris,

909 2259 936 2281 et
948 2255 1127 2289 subejuslilio
1140 2254 1299 2282 Andronico
1306 2254 1431 2286 Seniore,
1441 2261 1494 2281 non
1507 2255 1567 2281 sine
1578 2262 1643 2282 cura
1653 2256 1700 2283 (le-

907 2301 1044 2328 merenda:
1061 2302 1223 2337 rcguatricis
1240 2302 1338 2329 domus
1354 2303 1446 2336 gratia:
1457 2322 1464 2334 ,
1481 2303 1617 2334 scribens,
1629 2312 1700 2331 uun~

907 2355 989 2382 quam
1007 2355 1069 2374 eum
1087 2347 1141 2375 alio
1153 2348 1251 2383 gentili
1264 2355 1346 2382 quam
1359 2348 1505 2384 Palteologi
1526 2349 1638 2376 nomine
1650 2349 1698 2377 de-

907 2395 1007 2429 signat.

944 2440 1075 2468 lltsronu
1105 2440 1211 2468 lienam.
1229 2441 1302 2468 Duas
1322 2441 1452 2468 historias
1473 2442 1607 2476 saparatis
1620 2443 1700 2469 volu-

907 2488 1028 2515 minibus
1042 2492 1068 2515 et
1085 2488 1173 2514 titulis
1190 2488 1371 2522 Pachymeres
1398 2487 1518 2521 reliquit.
1538 2492 1566 2514 ut
1580 2488 1607 2514 in
1625 2487 1700 2514 codi-

908 2528 987 2561 cibus
1012 2534 1124 2568 optimis
1144 2533 1295 2560 Barberino
1319 2538 1347 2560 et
1377 2533 1516 2560 Allatiano
1544 2533 1698 2560 distinctis-

908 2581 984 2607 simae
1001 2581 1139 2615 leguntur.
1161 2579 1234 2607 Licet
1257 2579 1407 2608 Vaticanus
1426 2580 1631 2615 paraphrastes,
1651 2580 1698 2614 qui

909 2627 994 2654 multa
1022 2627 1171 2659 contraxit,
1199 2627 1321 2661 qumdam
1345 2627 1459 2658 addidit,
1482 2628 1611 2662 pleraque
1637 2636 1699 2654 lllll-

909 2673 994 2704 tavit,
1016 2673 1112 2700 ambas
1136 2673 1163 2700 in
1181 2674 1353 2707 opusluuutu
1367 2673 1544 2704 conﬂaveiit;
1563 2674 1607 2700 cui
1629 2674 1699 2700 forte

908 2719 1005 2746 similis
1015 2719 1278 2754 itteritAugustauus
1294 2720 1442 2750 illecodex,
1454 2719 1525 2746 unde
1540 2728 1588 2747 sua
1597 2728 1700 2747 excer-

908 2771 952 2800 pta
978 2765 1094 2792 Wollius
1109 2767 1236 2801 sumpsit:
1249 2775 1311 2794 nam
1326 2772 1352 2794 et
1375 2766 1399 2793 is
1423 2774 1505 2793 unam
1530 2774 1563 2794 ex
1593 2767 1699 2794 duabus

908 2811 1082 2847 l’achyuieris
1098 2813 1239 2840 historiam
1251 2813 1359 2840 videtur
1375 2819 1537 2847 agnoscere.
1551 2812 1606 2840 Nos
1623 2814 1698 2847 prin-

908 2866 964 2886 rem
996 2859 1134 2887 Michaelis
1163 2859 1218 2886 Vlll
1246 2859 1389 2892 Palmologi
1414 2863 1474 2886 acta
1503 2867 1698 2895 exSequcntcm

909 2905 989 2931 modo
999 2905 1095 2932 damus
1108 2926 1115 2939 ,
1133 2906 1271 2939 alias,Deo
1290 2906 1396 2934 volente
1408 2926 1414 2938 ,
1428 2906 1613 2933 Andronicum
1624 2905 1698 2940 ejus-
