1931 3069
199 172 269 204 1087

666 171 699 200 Ρ.
721 169 874 199 POSSINI
890 166 1223 197 OBSERVATKONUM
1237 165 1310 195 LIB.
1330 165 1369 195 If.

1766 161 1839 194 1088

196 231 258 258 dem
275 231 419 264 scriptoris
430 252 437 264 .
452 231 510 258 sive
532 230 567 258 de
581 229 666 264 gestis
688 228 841 256 Andronici
867 226 991 254 Senioris

1059 227 1126 252 ιένον
1151 225 1340 257 παιδεύσεως,
1358 224 1534 259 perfunctum
1562 223 1617 258 jam
1648 227 1706 250 tum
1735 223 1840 250 studiis

195 277 282 305 libros
297 278 353 311 VII,
371 279 398 305 in
415 279 503 305 lucem
519 277 660 304 emissuri.

234 325 301 358 Pag.
331 325 376 351 Η.
397 323 710 357 Constantinopolitanae
728 330 840 358 genere,
863 327 938 349 ortus
967 323 992 346 τι

198 373 327 399 educatus
352 370 462 397 Nicartz.
480 369 662 405 Pachymercs
684 368 764 403 hujus
786 368 991 404 Histor.p.i£8

198 423 316 446 testatur
340 422 443 452 patrem
475 425 555 443 suum
581 415 917 450 Constantinopolitanum
951 415 994 442 ci-

197 472 258 491 vtzm
282 463 377 494 fuisse.
408 463 534 490 exsulare
559 470 572 488 a
597 463 683 496 patria
710 466 838 489 coactum
858 461 893 488 ob
917 461 993 488 Lati-

198 517 250 536 nos
267 509 305 536 ibi
341 509 524 536 dominantes.
551 508 623 535 Sane
639 516 699 534 cttm
717 508 788 535 idem
807 507 992 542 Pachymercs

198 557 244 583 hic
259 556 355 583 doceat
366 563 395 582 se
407 563 509 582 annum
523 555 612 582 :ctatis
639 553 876 581 undevicesimum
896 558 994 587 agente

197 602 292 637 pulsos
319 601 558 636 Constantinopoli
573 600 655 636 624
668 600 794 632 Latinos,
810 605 837 626 et
857 599 928 626 libro
949 600 998 626 ba-

197 654 260 673 rum
285 646 393 674 Observ.
413 655 443 674 ιιι
463 646 680 674 demonstraturi
702 647 791 673 simus
824 650 960 680 receptant
981 652 996 672 c

198 693 304 720 Latinis
324 694 417 720 urbem
439 700 616 727 recuperasse
629 692 739 720 Graecos
748 696 810 719 octo
827 697 852 720 et
862 691 1000 726 quinqua-

199 740 274 774 ginta
288 741 370 768 annis
384 745 526 774 postquam
541 740 703 771 amiserant,
731 739 810 767 facile
819 739 906 774 potuit
920 733 997 764 nasci

199 787 485 822 Ncaetel‘achymcres
500 787 570 821 patri
583 785 891 821 quinquagenario,qui
910 792 998 819 usque

201 834 234 860 ad
244 842 346 860 annttm
357 833 444 860 artatis
455 833 630 860 undecimum
653 833 679 859 in
688 837 800 867 paterna
815 832 899 858 domo
924 831 996 858 Cott-

201 880 376 912 stantinopoli
390 881 523 907 educatus
539 880 573 907 ob
590 887 702 906 exesam
719 879 881 905 Latinorum
899 877 937 904 ibi
949 877 999 904 do-

202 926 378 953 minationem
393 926 509 953 Nicaeam
523 926 692 961 migraverit.
705 925 802 952 Tradit
818 925 891 952 enim
907 924 996 950 Acro-

201 972 285 1007 polita
300 972 426 999 Historia:
437 981 492 1000 sine
506 980 532 999 c.
555 973 582 1004 6,
605 971 717 998 Latinos
744 971 810 998 urbe
828 976 909 1005 capta
928 971 997 997 libe-

201 1027 261 1045 ram
277 1019 379 1046 Grmcis
391 1019 501 1046 dedisse
515 1019 672 1045 facultatem
688 1018 731 1045 vel
748 1018 784 1044 ibi
805 1016 933 1044 manendi
951 1017 994 1043 vel

203 1066 257 1092 alio
272 1065 407 1098 migrandi
423 1075 429 1092 :
445 1066 501 1100 Τῆς
515 1065 621 1096 πόλεως
642 1065 837 1100 κυριεύσαντες
849 1065 874 1090 οἱ
898 1064 997 1090 Ἰταλοὶ

203 1112 293 1139 ἄδειαν
313 1112 445 1138 δεδώκασι
457 1113 513 1143 τοῖς
532 1112 634 1147 ταύτης
647 1112 802 1146 οἰκήτορσι,
821 1111 884 1142 τοὺς
905 1110 999 1136 θέλον-

203 1167 254 1190 τας
269 1161 361 1193 μένειν
379 1168 408 1184 τε
428 1159 475 1184 καὶ
495 1158 547 1184 ὑπὸ
562 1160 657 1193 χεῖρας
673 1155 742 1184 εἶναι
769 1157 870 1189 αὐτῶν,
900 1157 963 1187 τοὺς
978 1156 1000 1182 δ’

203 1205 351 1236 ἀκωλύτως
386 1204 553 1239 ἀπέρχεσθαι
579 1205 630 1236 ὅπη
651 1204 682 1230 ἂν
711 1203 858 1237 {Sedigiti-ro.
874 1202 934 1229 Mox
955 1203 1001 1228 at!-

204 1251 244 1276 dit
263 1251 407 1285 plerosque
421 1251 602 1278 illustriornm
623 1251 691 1276 clam
709 1254 756 1276 aut
777 1249 864 1283 palam
887 1248 1001 1279 abiisse,

204 1305 325 1331 quorum
344 1305 359 1323 e
374 1304 489 1323 numero
508 1295 594 1322 fuisse
610 1295 785 1331 Pachymeris
800 1300 907 1330 patrem
933 1294 1003 1320 veri-

204 1342 296 1370 simile
317 1346 370 1369 est.

256 1388 327 1416 Ibid.
341 1389 417 1416 Citra
437 1389 584 1422 ascriptus.
600 1387 629 1414 In
645 1388 740 1415 Graeco
755 1389 852 1422 legitur
871 1388 944 1423 apud
956 1396 1005 1422 0p-

204 1435 287 1462 timos
303 1434 374 1461 codd
388 1453 396 1461 .
418 1433 438 1460 B
453 1439 480 1461 et
497 1435 516 1460 A
535 1433 598 1466 θείῳ
615 1432 713 1464 σωθεὶς
749 1434 852 1468 κλήρῳ,
868 1439 1006 1468 proutex-

205 1482 358 1516 pressimus
368 1500 374 1507 .
388 1478 492 1513 Nempe
508 1479 645 1510 σώζεσθαι
661 1480 859 1514 aliquaudoust
869 1480 1006 1514 appellere

205 1531 255 1555 aut
270 1527 430 1562 pervenire.
448 1525 583 1558 Codinus,
599 1526 678 1557 (ιω,
693 1527 725 1553 de
746 1534 847 1561 sponsa
859 1526 1006 1560 imperato-

206 1575 260 1602 ris:
279 1573 358 1599 Κατὰ
369 1573 418 1606 τὴν
443 1573 549 1607 ἡμέραν
580 1572 641 1598 καθ’
657 1572 691 1607 ἢν
714 1573 805 1607 μέλλει
831 1573 1005 1606 ἀποσωθῆναι

206 1622 247 1652 εὶς
271 1620 321 1655 τὴν
348 1619 438 1645 πόλιν.
458 1618 516 1650 Quo
533 1619 576 1645 die
590 1625 746 1650 perventura
775 1619 802 1645 in
831 1619 922 1646 urbem
947 1623 1005 1645 est.

209 1667 428 1701 Vaticanusjam
443 1666 507 1693 hinc
534 1667 670 1700 incipiens
697 1666 861 1693 obscuriora
883 1666 1009 1692 clariori-

209 1715 259 1742 hns
276 1719 382 1741 mutare
397 1713 460 1747 θείῳ
476 1713 569 1748 κλήρῳ
584 1713 670 1744 δοθεὶς
683 1713 788 1747 posuit.

262 1761 333 1795 Pag.
350 1761 393 1788 12.
414 1759 448 1786 Ut
466 1759 558 1785 ductus
575 1759 683 1793 quidam
697 1759 828 1785 asseruit.
842 1760 962 1792 Apparet
976 1765 1008 1784 ex

211 1807 266 1834 illis
278 1807 370 1834 verbis
386 1806 430 1832 διὰ
443 1806 474 1831 τὸ
490 1806 609 1839 φανέντα
624 1804 794 1840 κρύπτεσθαι
806 1810 849 1832 etc
860 1824 867 1831 .
886 1805 920 1840 [Ρ
943 1803 1008 1838 455]

210 1855 320 1882 doctum
335 1855 408 1881 hunc
421 1854 584 1888 Sophoclem
597 1862 669 1883 esse.
685 1855 764 1888 cujus
781 1854 807 1881 in
818 1854 900 1887 Aiace
913 1861 1010 1888 μαστι-

210 1901 320 1937 γοφόρῳ
338 1901 382 1928 illa
398 1905 488 1928 exstat
503 1901 618 1927 celebris
633 1901 665 1927 de
678 1905 800 1935 tempore
823 1900 971 1927 sententia:

1019 1583 1040 1611 ε

284 1957 405 1984 "datm-0'
422 1958 438 1983 ὁ
465 1957 580 1990 μακρὸς
595 1956 814 1990 mirari/tntan
840 1956 950 1990 χρόνος

296 1993 367 2018 duit-:1.
379 1992 402 2017 τ’
416 1991 514 2024 ἄδηλα
542 1991 589 2017 καὶ
602 1991 736 2025 μανέντα
751 1992 924 2025 κρύπτεται.

249 2038 314 2073 Pag.
328 2038 371 2065 Η.
388 2037 467 2064 Istud
477 2042 662 2072 argumentum
672 2043 885 2072 pmoccupatum
896 2037 927 2064 ab
936 2037 1009 2064 aliis.

215 2084 307 2112 Videri
323 2088 413 2119 potest
428 2084 542 2110 innuere
569 2083 690 2110 Nicetam
709 2083 883 2116 Choniatem,
909 2083 955 2117 qui
983 2087 1011 2110 et.

215 2133 293 2160 urbis
305 2132 541 2167 expugnationem
560 2140 574 2158 a
592 2131 698 2158 Latinis
715 2136 742 2159 et
760 2139 803 2159 res
826 2131 931 2166 aliquot
952 2136 1013 2165 post

215 2187 275 2207 eam
294 2186 441 2211 annorum,
468 2182 550 2213 prout
571 2178 628 2213 geri
647 2177 766 2207 \idebat,
789 2177 1012 2212 scripsit.Geor-

216 2228 290 2260 ginm
309 2226 423 2260 quidem
441 2225 628 2259 Acropolitam
653 2225 820 2258 logothclam
837 2229 864 2251 et
878 2223 1014 2257 Nicepho-

216 2278 277 2297 rum
294 2270 443 2304 Grcgoram
458 2277 489 2296 ne
509 2269 586 2296 innui
604 2269 654 2295 hoc
673 2269 735 2296 loco
756 2276 771 2295 a
785 2268 950 2304 Pachyniere
967 2276 1014 2302 pn-

216 2323 272 2346 tem
287 2317 363 2348 facit,
373 2317 446 2351 quod
461 2315 596 2350 Grcgoras
608 2319 670 2350 post
685 2315 879 2350 Pachymcrem
892 2314 1012 2349 scripsit:

215 2363 374 2397 Acropolita
389 2370 464 2394 vero,
483 2362 547 2389 licet
566 2363 713 2396 aliquanto
727 2362 820 2388 scitior
835 2361 1014 2396 Pachymere,

215 2410 310 2445 iunior
331 2414 420 2435 tamen
435 2409 581 2442 fuitquam
611 2413 640 2434 ut
657 2415 700 2434 res
726 2407 862 2434 Theodori
890 2406 1016 2434 Lascaris

218 2455 317 2490 prioris
349 2459 474 2488 spectare
493 2462 614 2488 praesens
629 2453 759 2488 potuerit,
787 2461 856 2488 quas
881 2461 914 2479 ex
942 2452 1016 2479 fama

217 2505 245 2528 et
258 2501 446 2527 monumentis
463 2500 489 2526 in
507 2500 650 2526 historiam
680 2499 812 2534 digessit.
826 2499 883 2526 lloc
906 2506 938 2525 ex
957 2497 1016 2532 ejus

217 2547 335 2574 historia
352 2546 424 2573 clare
441 2546 592 2573 disdmus.
611 2545 798 2572 Scribitenim
817 2545 861 2572 ille
879 2545 915 2571 ibi
928 2553 953 2571 c.
970 2544 1016 2572 '29.

219 2601 247 2628 p.
263 2593 309 2625 ‘25,
321 2593 364 2620 ed.
383 2593 460 2626 Roga
476 2592 542 2618 Τότε
567 2593 614 2618 καὶ
638 2591 719 2623 αὐτὸς
746 2591 814 2626 πρὸς
842 2590 896 2616 τῶν
918 2590 1019 2623 γονέων

220 2644 252 2669 ὲκ
263 2642 312 2676 τῆς
340 2640 545 2667 Κωνσταντὶνου
564 2639 720 2674 ἀπεστάλην
741 2639 779 2674 τῷ
808 2639 912 2674 βασιλεί
929 2640 1020 2664 ἐκκαι-

220 2687 337 2721 δεκάτης
347 2686 465 2721 (videtur
480 2685 626 2720 legendum
645 2685 858 2719 ἑκκαιδεκαέτης
879 2684 1020 2716 ὡν).Τιιηε

219 2740 245 2761 ιι
265 2735 320 2767 ipse
335 2743 350 2760 α
369 2733 522 2767 parentibus
550 2741 582 2759 ex
607 2732 670 2759 urbe
700 2730 939 2765 Constantinopoli
959 2731 1023 2756 mis-

221 2788 266 2809 sus
287 2787 344 2806 sunt
361 2778 397 2806 ad
412 2778 599 2811 imperatorem
620 2776 752 2803 sexdecim
763 2784 845 2802 annos
857 2781 946 2802 natus.
965 2775 1020 2809 Ap-

222 2830 301 2860 paret
316 2825 509 2851 doctissimum
539 2824 718 2858 interpretem
743 2823 842 2857 legisse
863 2821 1024 2855 ὲνδεκαέτης

226 2879 276 2903 pro
291 2870 514 2903 ἑκκαιδεκαέτης
531 2870 609 2896 vertit
619 2870 691 2896 enim
704 2869 823 2896 undecim
837 2876 918 2894 annos
932 2872 1024 2893 nutus.

228 2916 280 2942 Sed
299 2915 371 2950 quod
389 2915 461 2941 addit
474 2916 565 2942 statim
583 2920 676 2942 auctor
694 2914 872 2949 5057mwa
889 2913 1027 2948 ἀπηλλαῇ

1046 272 1134 299 l'uisse
1144 271 1338 298 humaniorqu
1350 271 1517 301 litterarum,
1526 270 1623 305 magis,
1634 269 1660 295 ui
1674 269 1764 301 fallor,
1773 276 1840 296 con-

1045 318 1120 353 gruit
1135 326 1196 346 cum
1209 323 1289 345 aetate
1306 325 1441 345 annorum
1464 317 1618 345 sexdecim.
1636 315 1736 342 Parum
1764 317 1838 342 enim

1045 370 1086 393 est
1102 365 1252 393 verisimile
1275 365 1464 392 undecennem
1490 371 1605 399 puerum
1617 363 1839 398 grammaticam,

1046 412 1226 444 rhetoricam,
1243 411 1329 446 ipsam
1346 411 1560 446 philosophiam,
1572 418 1634 437 cum
1650 410 1758 437 artibus
1771 418 1841 445 qua-

1048 462 1111 485 tuor
1121 457 1186 484 huic
1199 457 1434 493 subjcctis,625
1444 456 1631 489 arithmetica,
1645 457 1764 488 musica,
1778 464 1843 490 geo-

1048 505 1145 532 metria
1161 510 1188 532 et
1213 505 1398 536 astronomia,
1417 505 1484 532 satis
1507 508 1649 539 perceptas
1670 504 1773 531 habere
1798 511 1843 537 po-

1048 551 1144 578 tuisse.
1162 550 1307 582 Παιδευσις
1322 550 1456 585 siquidem
1473 549 1618 584 ὲγκύκλιος
1637 554 1676 574 tot
1694 549 1739 575 iila
1767 556 1844 575 eom-

1049 595 1232 630 plectebatur.
1249 600 1279 623 ut
1294 604 1327 622 ex
1340 596 1449 623 Joanne
1465 595 1565 622 Tzetze
1582 594 1800 629 intelligitur,sic
1811 595 1844 621 de

1051 642 1095 669 bis
1113 641 1254 670 scribente
1271 641 1391 669 C/n'tiad.
1409 650 1449 672 xr,
1462 647 1529 669 sect.
1546 641 1609 668 567:

1163 711 1325 744 Ἐγκύκλια
1335 710 1496 744 μαθήματα
1510 710 1673 737 καλοῦνται

1057 745 1089 772 '0
1106 746 1221 779 κύκλος
1231 746 1264 773 τὸ
1279 747 1482 781 συμπέρασμα
1499 745 1620 772 πάντων
1635 745 1694 771 τῶν
1704 745 1844 781 [trino/Ili-

1052 815 1280 849 Γραμματικῆς.
1290 815 1466 848 ῥητορικῆς.
1483 814 1581 847 αὐτῆς
1592 778 1811 849 φιλρσοςςῐίῖἐιιῖ’

1053 852 1109 878 Καὶ
1122 850 1181 878 τῶν
1192 851 1351 885 τεσσάρων
1362 851 1396 877 δὲ
1410 850 1524 885 τεχνῶν
1535 850 1593 877 τῶν
1603 850 1654 878 ὑπ’
1669 850 1772 911 αῐὺτέὴν
1790 859 1847 876 κει-

1700 895 1718 911 ΙΙ
1740 893 1812 911 νων.

1749 894 1802 909 ’ωι-

1053 921 1113 954 Τῆς
1130 921 1330 955 ἀριθμούσης.
1345 920 1499 954 μουσικῆς
1515 921 1563 947 καὶ
1579 920 1635 954 τῆς
1650 885 1834 952 remigia;-

1049 957 1106 983 Kal
1119 956 1175 991 τῆς
1191 955 1434 990 οὐρανοϐάμονος
1450 956 1547 989 αὐτῆς
1564 956 1786 990 ἀστρονομίας.

1050 1012 1149 1040 Fateor
1183 1014 1320 1041 interdum
1345 1013 1432 1041 solam
1462 1014 1668 1049 grammaticam
1698 1013 1847 1046 ἑγκυκλὶον

1052 1059 1220 1089 παιδεύσεως
1245 1059 1383 1086 mentione
1403 1059 1539 1093 designari
1562 1059 1634 1085 κατὰ
1660 1059 1848 1093 κατάχρησιν,

1051 1105 1082 1131 οὺ
1094 1105 1166 1140 λόγῳ
1181 1105 1209 1130 δὲ
1225 1105 1321 1140 κυρίῳ,
1337 1108 1363 1131 ιιι
1384 1104 1454 1131 idem
1467 1105 1582 1132 Tzelzes
1595 1104 1696 1131 ibidem
1709 1104 1848 1137 l0qnitur;

1053 1158 1102 1178 nec
1118 1159 1150 1179 eo
1164 1151 1270 1177 inﬁcias
1283 1151 1369 1177 videri
1386 1158 1466 1185 posse
1481 1150 1602 1177 locutum
1617 1157 1650 1177 eo
1663 1157 1749 1177 sensu
1767 1149 1850 1176 Acro-

1053 1196 1177 1231 politam,
1197 1196 1260 1222 dum
1279 1196 1312 1223 de
1333 1196 1379 1222 illa
1396 1203 1477 1230 quam
1493 1197 1651 1229 percepisse
1665 1194 1722 1229 jam
1742 1199 1802 1221 tum
1823 1203 1850 1222 sc

1053 1243 1236 1278 aitencyclica
1249 1242 1386 1274 doctrina,
1398 1242 1489 1269 statim
1500 1241 1593 1268 subdit
1602 1241 1634 1277 ἣν
1647 1241 1848 1276 γραμματικὴν

1053 1289 1285 1322 κατονομάζουσιν
1302 1289 1326 1314 οἱ
1343 1288 1448 1319 πολλοὶ.
1465 1297 1545 1323 quant
1571 1288 1690 1322 plerique
1710 1296 1850 1323 gramma-

1055 1336 1135 1363 ticam
1151 1335 1301 1366 nontinant,
1317 1335 1470 1368 praesertim
1491 1342 1552 1360 cum
1573 1334 1656 1368 paulo
1672 1337 1747 1365 post.
1767 1341 1794 1360 c.
1812 1334 1853 1360 ni-

1055 1381 1154 1407 mirum
1173 1381 1218 1410 '52,
1238 1380 1310 1406 idem
1335 1379 1468 1413 adiungat
1490 1385 1520 1405 se
1538 1377 1649 1404 hortatu
1671 1376 1852 1411 imperatoris

1055 1426 1179 1458 Joannis,
1198 1425 1231 1452 ad
1247 1433 1329 1461 quem
1358 1425 1461 1452 missus
1489 1423 1590 1454 fuerat.
1617 1422 1777 1458 ὑψηλοτέρα
1797 1423 1853 1448 τῶν

1056 1472 1144 1507 λόγων
1164 1472 1306 1499 παιδεύσει
1325 1472 1373 1498 καὶ
1393 1471 1515 1505 λογικοῖς
1535 1469 1718 1505 παιδεύμασιν
1740 1477 1851 1503 operam

1058 1518 1178 1550 dedisse,
1203 1517 1335 1552 magistro
1366 1516 1512 1544 Theodoro
1536 1517 1720 1551 Exapterygo.
1750 1515 1852 1542 Verum

1059 1564 1118 1591 hzec
1135 1572 1187 1591 non
1203 1564 1312 1591 obstant
1324 1563 1380 1597 jam
1399 1563 1510 1598 positis,
1528 1570 1588 1589 eum
1602 1563 1638 1589 sit
1653 1570 1717 1589 vero
1732 1562 1853 1589 similius

1057 1610 1253 1645 γραμματικῆς
1273 1609 1433 1636 vocabulum
1460 1616 1512 1636 non
1537 1608 1784 1644 καταχρηστικῶς,
1806 1609 1853 1636 sed

1058 1657 1161 1691 κυρίως
1177 1657 1212 1682 ibi
1231 1656 1415 1690 Acropolitam
1431 1663 1590 1690 usurpasse,
1611 1663 1642 1682 ac
1658 1663 1712 1682 non
1736 1656 1852 1683 alterius

1059 1703 1165 1738 generis
1185 1703 1356 1737 disciplinas,
1372 1702 1419 1730 sed
1434 1701 1564 1737 majorem
1582 1702 1609 1729 in
1623 1703 1678 1736 iam
1699 1702 1856 1738 degustans

1059 1757 1235 1784 progressum
1251 1749 1278 1776 in
1295 1749 1388 1776 schola
1406 1749 1568 1784 Exapterygi
1591 1748 1736 1783 quaesisse,
1754 1749 1856 1782 quippe

1059 1804 1074 1822 a
1095 1804 1159 1830 quo,
1175 1801 1204 1822 ut
1218 1797 1276 1828 ipse
1298 1803 1359 1822 mox
1386 1795 1473 1825 addit,
1492 1799 1596 1829 septem
1617 1795 1699 1822 annis
1715 1795 1787 1822 nihil
1805 1797 1854 1821 nisi

1059 1842 1114 1868 τῶν
1131 1841 1292 1876 ποιημάτων
1307 1841 1456 1876 σαφήνειαν
1470 1840 1577 1874 καὶτῆς
1590 1839 1643 1866 τῶν
1653 1839 1745 1873 λόγων
1757 1840 1855 1874 τέχνης

1059 1887 1234 1915 διδασκαλίαν
1248 1888 1411 1921 perceperit,
1427 1893 1542 1921 quorum
1561 1890 1689 1913 neutrum
1707 1887 1856 1920 encyclios:

1062 1933 1165 1960 limites
1180 1932 1300 1959 excedit.
1321 1931 1443 1965 Denique
1457 1931 1596 1958 sexdecim
1614 1935 1709 1957 natum
1727 1938 1819 1957 annos
1830 1939 1856 1956 se

1062 1979 1088 2006 iu
1105 1979 1218 2005 Joannis
1230 1978 1318 2004 aulam
1331 1978 1481 2005 admissum
1498 1977 1565 2004 satis
1581 1976 1729 2002 rnauil‘este
1745 1977 1858 2002 deinou-

1062 2030 1129 2052 strat
1146 2025 1317 2059 Acropolita,
1339 2024 1404 2050 dum
1425 2031 1448 2050 c.
1467 2024 1501 2050 52
1519 2023 1635 2058 primam
1654 2030 1711 2048 rem
1733 2023 1857 2048 ninnium

1063 2079 1124 2105 qua:
1139 2071 1190 2105 ipsi
1208 2070 1232 2097 iu
1249 2072 1383 2097 comitatu
1397 2069 1512 2096 Joannis
1531 2069 1646 2103 Augusti
1667 2068 1858 2101 cmxligeruot,

1063 2121 1198 2144 memorat
1222 2117 1263 2143 sui
1281 2117 1458 2144 traditionem
1476 2116 1502 2142 in
1524 2115 1700 2149 disciplinam
1719 2113 1859 2142 Theodori

1063 2163 1237 2199 Exapterygi,
1261 2171 1342 2196 quem
1368 2170 1398 2190 se
1421 2162 1517 2189 audire
1539 2161 1657 2195 coepisse
1669 2162 1708 2187 ait
1723 2162 1859 2187 ἑπτακαι-

1063 2210 1177 2236 δέκατον
1203 2210 1263 2240 έτος
1287 2209 1399 2242 ἄγοντα,
1423 2208 1553 2234 decimum
1577 2208 1718 2240 septimum
1740 2212 1861 2242 agentur:

1068 2263 1167 2283 annum
1182 2263 1191 2282 :
1208 2255 1307 2290 quodsi
1328 2255 1383 2289 jam
1400 2254 1546 2281 undecitno
1570 2252 1658 2280 aetatis
1674 2252 1708 2279 ad
1725 2252 1835 2279 Joanne
1847 2262 1861 2278 ιι

1068 2305 1200 2337 venisset,
1218 2305 1388 2338 oportuisset
1405 2310 1469 2330 eum
1493 2302 1529 2329 ibi
1553 2309 1601 2329 sex
1627 2301 1691 2328 totis
1706 2302 1791 2328 annis
1805 2301 1863 2328 sine

1068 2352 1125 2379 ulla
1150 2350 1330 2385 occupatione
1360 2348 1511 2376 tlesedisse.
1532 2347 1585 2375 Pro
1608 2351 1686 2374 certo
1708 2347 1797 2382 igitur
1818 2348 1864 2374 ha-
1891 2379 1893 2381 ι

1069 2398 1187 2426 hcndum
1202 2404 1280 2425 sexto
1293 2396 1402 2423 decimo
1419 2396 1507 2422 aetatis
1518 2402 1590 2421 anno
1605 2394 1725 2427 (mpisse
1739 2395 1865 2428 Acropo-

1070 2447 1146 2473 litam
1174 2445 1273 2472 Joanni
1305 2443 1432 2478 Augusto
1456 2443 1604 2469 adha‘rcre.
1630 2441 1691 2473 Quo
1717 2446 1814 2468 autem
1841 2442 1866 2467 id

1070 2493 1195 2527 ejusdem
1213 2491 1328 2518 Joannis
1349 2490 1454 2524 imperii
1480 2495 1560 2523 atque
1585 2488 1654 2515 adeo
1669 2487 1774 2514 Christi
1793 2495 1867 2514 anno

1071 2540 1228 2574 contigerit,
1245 2537 1442 2572 explorandum
1460 2544 1533 2562 nttnc
1548 2539 1599 2562 est.
1621 2534 1664 2571 [P.
1675 2534 1741 2570 5'56]
1757 2534 1868 2560 Adven-

1073 2593 1129 2614 ttnu
1146 2587 1172 2613 in
1189 2585 1280 2612 aulam
1295 2583 1409 2611 Joannis
1424 2591 1504 2610 suum
1522 2582 1547 2608 in
1567 2582 1593 2608 id
1609 2588 1717 2615 tempus
1731 2581 1868 2607 incidiw:

1074 2637 1168 2659 narrat
1181 2629 1350 2663 Acropolita,
1362 2635 1417 2662 quo
1432 2632 1553 2660 tempore
1571 2625 1692 2652 Roberto
1704 2624 1866 2650 Latinorum

1075 2680 1239 2713 imperatore
1264 2681 1372 2702 mortuo
1394 2674 1516 2701 Joannes
1529 2673 1594 2699 olim
1612 2670 1867 2705 Hierosolymorum

1075 2734 1121 2753 rex
1153 2723 1418 2757 Constantinopolim
1447 2726 1490 2747 est
1516 2724 1648 2746 evocatus
1674 2718 1707 2744 ad
1739 2725 1784 2744 res
1814 2717 1868 2743 illic

1077 2771 1275 2803 moderandas,
1304 2769 1393 2804 quoad
1427 2767 1577 2794 Balduinus
1604 2773 1673 2800 puer
1699 2765 1725 2790 in
1757 2768 1867 2790 aetatem

1078 2818 1193 2854 imperio
1210 2817 1334 2844 idoneam
1348 2816 1522 2842 adolevissrt.
1539 2813 1675 2839 Robertus
1689 2814 1780 2837 autem
1796 2816 1870 2836 anno

1079 2865 1178 2893 Christi
1210 2864 1279 2890 i928
1310 2867 1357 2889 aut
1387 2861 1513 2896 sequenti
1546 2865 1587 2886 est,
1619 2862 1767 2889 mortuus;
1799 2857 1870 2882 mule

1080 2911 1194 2939 Joannis
1223 2908 1386 2937 iit-cummis
1410 2915 1440 2934 ex
1470 2905 1557 2938 Italia,
1575 2904 1620 2931 ubi
1643 2903 1776 2938 Gregorio
1793 2902 1869 2929 Nino
