1931 3069
225 101 289 132 1οη

683 103 716 134 Ρ.
738 104 887 135 I’OSSINI
908 107 1238 139 OBSERVATIONUM
1258 110 1333 141 LIB.
1353 111 1392 142 II.

1789 115 1858 149 1092

231 155 368 181 Ὶσαςικῖου
393 155 440 182 τεῦ
469 156 558 183 Δοὺκα
585 158 701 192 ὲγγόνην
729 161 780 194 τὴν
806 160 958 195 Θεοῖώραν,
982 163 1004 197 ἢ·

1069 169 1120 196 rat,
1138 166 1210 199 quod
1224 167 1298 200 prole
1309 175 1406 195 carens
1424 169 1543 196 mascula
1563 170 1651 197 virutn
1665 170 1725 204 ejus
1734 180 1766 199 ac
1780 174 1861 199 sobo-

225 202 308 235 μὸνην
327 203 341 228 ὀ
368 203 459 237 πατὴρ
482 203 569 238 αὐτῆς
593 205 798 238 καταλελοιπὼς
817 207 831 232 ὁ
856 207 902 233 τοῦ
933 209 1016 234 σεῦα-

224 246 404 282 στοκράτορος
430 248 486 280 uio;
505 249 631 284 Ἰωάννης
658 250 699 276 ἔτι
719 252 748 277 ἐν
773 252 963 286 μειραξιν’ὢν
986 254 1016 280 τὸ

223 292 310 327 χρεὼν
331 292 509 328 ἐξεμέτρησε.
536 295 574 321 Ita
599 295 654 322 ille.
671 295 708 322 Ex
725 297 769 323 his
785 297 916 325 habemus
932 297 1017 325 Joan-

224 345 283 364 nem
304 337 404 364 Ducam
422 340 478 366 sive
492 339 630 368 Batatzcm
643 342 796 376 Augustum
817 349 933 378 purgato
947 345 1016 372 satis

223 391 237 410 a
257 383 421 411 criminibus
443 385 571 420 impactis
589 391 615 413 ct
639 394 749 422 recepto
774 389 801 415 in
826 390 940 421 gratiam
967 390 1016 416 Mi-

222 428 309 455 chaeli
320 429 483 464 Palteologo,
495 439 574 464 quem
584 432 830 468 628Acropolita
843 434 1013 463 Conmenunt

222 481 312 508 vocat.
342 477 453 505 dedisse
478 486 590 506 uxorem
612 481 704 508 fratris
723 483 765 509 sui
785 483 1015 512 scbastocratoris

220 519 322 549 lsaacii
352 522 432 551 Duczc
465 527 568 559 neptim
604 525 795 560 Theodoram,
830 530 909 564 cujus
937 536 1015 565 paler

222 567 343 596 Joannes
371 570 467 597 Isaacii
493 571 565 600 Iilius
597 572 624 599 in
652 573 836 602 adolescentia
864 582 1015 612 praereptus

223 617 320 642 acerba
339 622 427 643 morte
441 618 549 645 unicam
572 627 632 646 eam
651 621 753 654 prolem
770 623 919 656 reliquerat
935 626 1014 651 uxori

223 668 279 688 suae
295 662 422 689 Ευάυίίῖῶ
432 662 546 692 Joannis
561 666 653 700 Angeli
669 667 739 699 tilias,
756 676 816 702 qua:
831 668 948 696 Eudocia
965 671 1014 697 IIo-

223 707 376 734 rentelicet
400 714 480 735 actate
505 710 562 737 viro
576 712 687 743 amisso,
719 712 846 740 laudabili
876 715 1014 749 religionis

225 752 348 786 exemplo
363 753 388 779 in
402 754 533 782 viduitate
548 756 601 782 Deo
620 759 741 785 serviens
756 761 921 793 permansit;
941 762 1013 788 unde

225 797 296 824 haud
326 806 394 825 vane
420 800 550 834 opinatur
588 802 743 837 Acropolita
777 809 880 839 partem
908 807 1012 841 praemii

222 842 354 871 divinitus
368 844 461 871 ttibuti
488 846 582 873 virtuti
613 847 672 882 ejus
696 850 780 876 videri
808 840 928 885 potuisse
957 857 1012 880 tam
1030 840 1050 867 Β

221 890 285 916 felix
300 891 456 925 conjugium
473 891 536 919 tilia:
550 901 598 928 per
613 894 638 921 id
650 894 683 921 ad
700 896 844 931 imperiutn
861 906 922 926 mox
949 907 1014 927 cve-

221 936 328 963 Itendac.
462 959 469 970 ._

255 982 325 1010 Ibid.
353 983 446 1018 Magni
465 986 614 1012 canostauli
639 987 778 1022 dignitate.
806 989 921 1018 Videtur
953 992 1011 1020 haec

220 1026 341 1061 dignitas
357 1027 483 1056 Michaeli
497 1029 649 1065 Palazologo
668 1033 766 1060 collata
793 1036 939 1063 occasione
958 1046 1010 1065 nu-

220 1073 339 1108 ptiarum
356 1075 438 1102 modo
462 1082 686 1111 memoratarum,
701 1080 734 1107 ab
751 1081 809 1114 ipso
823 1089 918 1109 earum
944 1092 1011 1110 con-

219 1118 340 1146 ciliatorc
356 1118 460 1148 Joanne
472 1121 607 1156 Augusto.
641 1123 708 1150 Nam
742 1125 903 1156 Theodorus
927 1130 1010 1164 hujus

219 1171 363 1192 Successor
374 1165 510 1200 iniquiore
524 1166 611 1195 fuisse
624 1168 700 1196 visus
715 1169 743 1196 in
762 1170 921 1200 Michaeletn
940 1181 1010 1202 sem-

219 1217 269 1244 per
283 1217 325 1238 (εει
339 1211 431 1238 anitno
446 1220 528 1246 quam
545 1218 573 1240 ut
592 1214 617 1241 itt
630 1222 692 1241 eutn
712 1218 865 1245 ornandum
879 1224 932 1246 tam
944 1228 1009 1255 pro-

217 1255 298 1283 fusus
316 1261 400 1289 esset,
413 1257 514 1292 alioqui
532 1259 640 1292 solitus,
657 1266 686 1287 ut
715 1269 740 1290 c.
757 1270 814 1298 seq.
827 1263 1008 1300 Pachymeres

220 1301 360 1334 observat,
376 1302 524 1336 dignitates
541 1303 676 1338 ejusmodi
693 1307 813 1335 tribuere
826 1311 903 1338 novis
916 1313 1008 1346 potitts

219 1346 378 1375 hotninibus
391 1356 473 1382 quain
490 1350 662 1385 principibus
676 1353 743 1387 regii
766 1356 920 1390 sanguinis,
939 1365 1007 1392 quo-

218 1401 280 1420 rum
305 1399 363 1420 erat
378 1393 556 1428 deprimendo
574 1398 722 1431 supercilio
736 1399 868 1429 intentus.

255 1437 286 1473 [ιι
302 1437 365 1475 458]
388 1438 455 1466 Vota
490 1441 547 1474 ejus
578 1443 681 1476 generis
706 1451 791 1472 mente
816 1447 885 1474 clam
912 1449 1007 1477 intima

222 1483 398 1515 subsidentia,
413 1488 466 1512 etc.
482 1485 530 1513 IIis
544 1487 698 1522 exprimere
713 1495 830 1519 conatus
856 1501 916 1520 sum
938 1494 1003 1523 illud

217 1527 418 1556 subobscurum
435 1529 464 1562 ἐξ
480 1526 517 1557 ὧν
533 1531 749 1568 ὑποκαθημένων
769 1534 841 1571 εἷχε,
857 1542 1003 1574 sententia,

219 1579 248 1600 ut
261 1582 351 1609 spero,
367 1577 401 1604 ab
421 1579 544 1606 auctoris
557 1586 642 1607 sensu
668 1589 722 1608 non
748 1583 921 1613 abhorrente.
951 1587 1004 1614 Sed

216 1619 349 1655 deinceps
381 1623 454 1650 circa
486 1624 585 1652 similis
606 1627 795 1661 perplexitatis
816 1630 886 1663 loca,
913 1633 1003 1666 qualia

215 1667 318 1701 passim
334 1674 483 1696 occurrunt
495 1671 521 1698 in
536 1672 588 1699 hoc
600 1673 743 1707 scriptore,
755 1676 822 1703 nihil
832 1679 958 1706 morabor
967 1680 1005 1707 le-

216 1718 317 1740 ctorem
333 1714 412 1742 inhis
427 1717 515 1749 notis;
535 1719 635 1752 quibus
654 1724 760 1748 tantttm
780 1725 946 1756 necessaria.
963 1725 1003 1752 id-

215 1766 222 1779 ι
238 1766 271 1785 ua
285 1759 457 1793 bt‘cvisstnie,
472 1762 594 1791 indicare
608 1766 778 1800 propositum
791 1774 842 1796 est.
852 1769 929 1802 Quod
945 1779 1002 1798 rem

215 1803 301 1838 ipsam
320 1807 426 1838 attinet,
444 1816 497 1842 qua
523 1809 556 1836 de
570 1810 614 1838 hic
644 1812 743 1847 agitur,
769 1820 874 1842 certum
887 1821 928 1844 est
952 1817 1001 1844 Mi-

213 1850 336 1878 chaeletn
365 1852 622 1889 Palmologumjam
644 1865 658 1884 a
676 1866 761 1892 puero
776 1861 913 1889 titillatum
932 1863 1000 1891 ima-

215 1895 398 1929 ginationibus
420 1898 537 1933 imperii,
561 1904 729 1931 conscientia
753 1907 884 1934 natalium
904 1909 999 1944 Augu-

214 1943 319 1966 storum
334 1945 361 1967 et
379 1950 501 1977 praesaga
532 1944 699 1976 indicatione
722 1953 897 1984 auguriorum
926 1943 1001 1981 eiici-

213 1984 291 2011 tatis.
315 1985 374 2013 Non
389 1989 474 2015 tat-mel
490 1990 529 2016 illi
554 1999 715 2020 narraverat
742 2003 822 2024 soror
836 1997 947 2034 Eulogia
961 2001 1000 2027 la-

213 2034 332 2058 ctentem
349 2032 441 2060 adhuc
455 2033 546 2068 ipsum
565 2045 618 2064 non
634 2039 666 2065 ad
679 2040 760 2068 aliam
777 2042 884 2071 facilius
901 2032 1000 2074 obdor-

212 2076 328 2105 miscere
345 2080 459 2106 nacuiam
470 2082 591 2115 solitum,
619 2092 700 2119 quam
732 2087 764 2114 ad
778 2096 836 2116 cant
854 2098 914 2125 quae
942 2094 997 2120 Au-

212 2125 322 2154 gustum
341 2124 480 2157 quondam
497 2126 575 2154 illum
591 2129 729 2157 invectum
753 2132 786 2161 it‘i
801 2124 997 2165 Constantino-

211 2168 295 2201 politn
308 2176 354 2203 per
368 2177 474 2203 portant
486 2174 602 2201 Auream
614 2183 735 2206 caneret.
752 2180 843 2208 lteiet't
855 2183 881 2210 id
897 2191 999 2217 noster,

211 2220 238 2247 p.
257 2214 318 2241 1‘28.
335 2214 433 2244 Vocunt
450 2218 562 2247 Mutrov
577 2221 611 2248 dc
628 2225 698 2250 (δωῖο
714 2226 825 2254 missam
843 2235 998 2258 contextam

211 2267 227 2287 e
241 2268 288 2288 sex
304 2261 404 2290 litteris
419 2272 480 2298 qua:
494 2265 655 2295 Michaclt-m
681 2273 833 2306 Augustum
865 2275 1000 2304 Romano-

209 2313 268 2332 rum
287 2308 364 2334 ocius
384 2311 537 2338 vocandum
565 2313 764 2351 signiﬁcarent,
794 2327 809 2346 a
823 2319 998 2350 Thessaloni-

209 2353 284 2380 censi
299 2355 423 2382 antistite
439 2357 517 2384 Ianus
532 2360 666 2393 audierat,
685 2367 714 2389 ut
732 2371 860 2393 narratur
888 2370 939 2395 hoc
970 2379 996 2404 p.

208 2398 254 2426 28.
284 2399 405 2436 Denique
435 2403 543 2437 tacitus,
573 2407 620 2433 sed
650 2411 791 2443 gratulans
820 2398 997 2450 gaudensque

209 2445 305 2473 intitnc
320 2455 400 2475 omen
414 2454 573 2484 captaverat
593 2461 625 2480 cx
641 2460 722 2482 catttu
739 2457 851 2486 fortuito
875 2461 996 2490 Chadcni

208 2492 364 2525 proximum
392 2494 416 2520 ci
447 2495 637 2525 vaticiniurutn
662 2508 775 2536 regnum
803 2506 995 2539 spondentiqu

207 2542 333 2564 eventum
366 2546 528 2575 augttrantc,
575 2551 656 2577 prout
686 2547 797 2581 ibidem,
831 2560 856 2586 p.
885 2553 932 2587 50,
957 2556 997 2582 le-

206 2582 290 2616 gitur.
316 2583 413 2612 .Iuveni
444 2587 561 2623 denique
574 2593 681 2623 solerti.
696 2593 770 2628 forti,
782 2582 915 2631 geticmso
925 2582 996 2630 altos

206 2629 315 2657 amabat
337 2633 453 2666 spiritus
471 2635 562 2663 Irencs
573 2639 639 2665 avia:
658 2646 788 2669 materiae
809 2644 995 2681 primogenita:

205 2676 295 2704 Alexii
315 2678 487 2713 imperatoris
504 2681 549 2716 jus
569 2684 601 2710 ad
633 2685 776 2720 imperium
808 2696 921 2724 paterna
950 2697 995 2721 «le-

205 2723 358 2757 signationc
378 2725 403 2752 in
419 2726 506 2754 virum
521 2728 582 2763 ejus
601 2733 759 2764 prolemque
777 2740 992 2772 propagantlutn.

204 2766 272 2794 Nam
290 2769 363 2802 huic,
384 2775 412 2797 ut
430 2772 511 2800 rcl'crt
523 2774 676 2809 -Gregoras,
697 2777 716 2805 I.
731 2766 815 2815 III,‘p.
829 2766 879 2814 ’5ρῖ
900 2766 994 2820 Augu;

205 2818 264 2841 stus
279 2816 386 2850 genitor
401 2818 545 2846 rubi-arum
564 2823 737 2856 crepidarum
760 2835 838 2855 ttsutn
864 2829 991 2861 decreve-

1070 210 1122 236 lem
1132 218 1245 239 cernere
1260 214 1429 248 principatus
1440 215 1626 243 Iiwreditatem
1640 218 1752 245 omnino
1766 219 1859 246 vellet.

1068 254 1124 282 Nec
1136 262 1194 283 erat
1211 257 1257 291 qtti
1277 265 1331 285 non
1354 259 1459 286 videret
1488 261 1548 287 talis
1566 261 1678 294 indolis,
1693 267 1776 290 tanta:
1807 272 1858 291 no-

1069 301 1183 329 bilitatis
1199 303 1404 331 adolescentem
1427 306 1471 332 tali
1487 314 1576 334 terntn
1591 312 1660 335 statu
1675 309 1746 336 haud
1762 311 1860 337 absur-

1067 348 1139 375 dein
1153 357 1266 384 magnas
1282 358 1427 386 assurgere
1437 361 1500 386 spes
1518 361 1608 387 posse.
1622 355 1712 387 Quare
1722 356 1856 384 Joannem

1067 392 1209 426 Batatzen,
1238 396 1377 428 praeclaris
1406 398 1509 432 alioqui
1545 399 1685 428 Michaelis
1719 401 1855 429 {aventem

1067 441 1178 468 dotibus
1196 443 1279 478 629
1294 444 1462 472 abstinuisse
1475 446 1510 472 ab
1520 453 1553 473 eo
1565 448 1717 480 evellendo,
1732 453 1805 475 metu
1823 457 1857 476 ne

1067 487 1090 514 is
1109 489 1285 517 successibus
1301 490 1481 518 insolescerct
1496 500 1583 526 uSQue
1600 494 1632 519 ail
1660 495 1791 521 ambitum
1812 503 1857 521 su-

1067 541 1168 569 prema!
1186 537 1345 569 potestatis.
1377 544 1470 564 narrat
1488 539 1647 573 Acropolita
1671 549 1695 567 c.
1714 541 1783 568 llis'.
1811 542 1856 573 50,

1066 579 1226 614 signiﬁcans
1257 581 1362 609 Irenem
1400 582 1540 611 Theodori
1568 585 1693 612 Junioris
1727 586 1856 616 LaScaris

1066 626 1274 661 primogenitam
1294 627 1420 656 Michaeli
1441 629 1528 657 fuisse
1559 632 1720 659 destinatam
1746 634 1781 661 ab
1807 643 1855 661 avo

1065 672 1223 707 conjugem,
1236 674 1282 701 sed
1299 674 1323 701 ei
1336 675 1454 708 timenti,
1473 677 1543 710 quod
1560 677 1627 710 dixi,
1652 679 1738 705 tutius
1756 681 1855 707 deinde

1065 718 1154 745 vismn
1179 727 1234 745 non
1263 721 1410 748 admovere
1437 722 1489 749 sibi
1515 729 1568 749 tant
1599 724 1696 751 intime
1719 732 1855 759 suspecta:

1066 766 1224 795 ambitionis
1237 768 1336 795 virum.
1358 769 1480 804 Denique
1505 771 1556 798 ista
1577 773 1699 806 suspicio
1717 773 1779 800 fons
1800 782 1857 800 0m-

1066 814 1142 840 ttiutn
1157 821 1225 848 quas
1237 819 1278 841 est
1293 815 1446 850 imperante
1461 818 1475 844 ’I
1486 817 1605 845 heodoro
1632 819 1767 853 plurimas
1795 828 1856 854 pas-

1066 867 1126 892 sus,
1142 861 1316 888 miseriarum
1335 861 1486 897 Palarologo
1504 863 1629 892 Michaeli
1647 865 1709 897 fuit,
1727 866 1780 893 hoc
1794 867 1854 893 ideo

1065 905 1137 938 loco,
1159 907 1232 932 unde
1247 907 1308 941 ejus
1325 909 1422 943 incipit
1440 910 1566 942 historia,
1590 912 1688 939 merito
1717 920 1732 939 a
1752 912 1855 947 Pachy-

1063 959 1137 978 ntet'e
1152 952 1299 984 iudicatus,
1315 962 1376 980 cum
1392 963 1423 981 ex
1440 964 1473 981 co
1502 957 1697 993 plerarumque
1728 967 1792 986 mox
1812 967 1853 987 te-

1063 995 1238 1023 l'erendarum
1256 1006 1347 1024 rerum
1367 1005 1557 1035 argumentum
1574 1005 1751 1037 processerit.

1099 1041 1161 1076 Pag.
1178 1041 1223 1070 2'2.
1244 1042 1395 1078 Singularis
1406 1047 1557 1074 certaminis
1572 1050 1764 1083 experimento.
1783 1051 1850 1079 Iline

1062 1086 1197 1115 habemus
1212 1090 1285 1124 apud
1303 1089 1411 1118 Graecos
1431 1100 1542 1128 quoque
1565 1095 1749 1130 imperatores
1776 1098 1840 1126 iuva

1061 1133 1148 1161 luisse
1166 1143 1246 1162 usum
1269 1139 1403 1172 purgandi
1424 1139 1523 1169 dubias
1541 1142 1692 1171 delationes
1715 1146 1852 1179 permisso

1061 1184 1108 1206 aut
1125 1181 1206 1208 etiam
1221 1184 1382 1218 pra-scripto
1395 1185 1465 1213 inter
1482 1193 1671 1216 accusatorem
1687 1194 1714 1218 et
1729 1190 1851 1219 delatqu

1061 1228 1214 1254 certamine
1241 1236 1333 1256 coram
1370 1232 1495 1260 arbitris.
1521 1232 1674 1262 Verisimile
1695 1242 1738 1264 est
1768 1238 1851 1265 istum

1060 1278 1164 1298 morem
1179 1273 1206 1299 in
1222 1272 1362 1302 Orientem
1382 1277 1521 1305 invectum
1535 1287 1549 1305 a
1562 1279 1687 1312 Francis,
1701 1283 1750 1316 qui
1769 1291 1851 1311 occa-

1060 1317 1139 1344 sione
1160 1325 1303 1346 sacrartttn
1331 1321 1546 1356 Expeditionum
1572 1333 1604 1353 eo
1629 1327 1745 1361 profecti
1769 1329 1852 1365 longo

1059 1362 1115 1390 illic
1133 1368 1255 1399 tempore
1274 1368 1464 1401 perstiterunt.
1485 1370 1512 1397 In
1531 1374 1683 1408 antiqttiori
1699 1376 1774 1403 enim
1791 1386 1851 1405 me-

1059 1410 1145 1436 moria
1162 1410 1383 1446 Grarcorumaut
1394 1415 1579 1446 Romanorum
1596 1420 1667 1448 haud
1678 1421 1759 1450 facile
1769 1425 1852 1458 quid.

1059 1463 1140 1490 quam
1158 1458 1211 1484 tale
1226 1461 1374 1493 repereris.
1391 1462 1464 1489 Inter
1477 1463 1598 1493 Francos
1617 1472 1708 1495 autem
1726 1470 1850 1497 ttsitatis«

1019 1511 1041 1539 α
1058 1503 1156 1529 simmn
1170 1504 1196 1530 id
1211 1506 1276 1532 olim
1291 1507 1352 1539 Iuit,
1368 1513 1397 1534 ιιι
1413 1511 1507 1543 passitt
1532 1519 1644 1546 apparet
1656 1522 1690 1541 ex
1708 1517 1849 1545 veteribus

1060 1548 1185 1578 historiis
1200 1559 1244 1579 res
1257 1560 1352 1580 eoruttt
1371 1557 1562 1586 tractantibus.
1582 1559 1632 1587 IIic
1644 1561 1725 1595 ritus,
1745 1562 1781 1589 de
1797 1571 1850 1597 quo

1060 1595 1118 1622 fuse
1149 1596 1265 1625 disserit
1296 1606 1391 1628 noster
1431 1603 1542 1636 Delrio,
1579 1606 1718 1642 Disquiu't.
1748 1595 1848 1644 Magio.

1058 1646 1124 1668 tom.
1142 1641 1173 1673 II,
1187 1644 1284 1672 merito
1298 1645 1397 1674 deinde
1413 1649 1561 1684 abrogatus
1574 1657 1618 1679 est
1633 1658 1661 1680 ut
1682 1641 1807 1688 injusttts
1822 1661 1848 1683 et

1058 1686 1198 1721 immanis,
1213 1691 1339 1718 conlitus
1354 1692 1416 1720 ideo
1429 1696 1598 1729 gravissimis
1610 1698 1727 1726 decretis
1743 1700 1811 1728 Julii
1827 1701 1849 1728 II

1057 1734 1158 1760 summi
1176 1736 1324 1770 pontificis,
1339 1739 1419 1772 cujus
1437 1740 1512 1768 Bulla
1530 1748 1619 1770 exstat
1635 1752 1666 1771 ea
1679 1745 1713 1772 de
1730 1753 1760 1772 re
1776 1748 1848 1774 edita

1057 1785 1151 1806 mense
1161 1779 1247 1815 Aprili
1269 1791 1332 1811 ann.
1354 1785 1434 1818 1508,
1465 1789 1574 1816 concilii
1597 1789 1754 1819 'I'ridentini
1775 1801 1846 1821 scss.

1055 1824 1090 1852 25
1113 1826 1151 1853 De
1166 1827 1290 1862 refornt.,
1306 1838 1331 1857 c.
1353 1831 1394 1864 19,
1419 1832 1545 1868 Gregorii
1570 1835 1631 1863 XIII
1645 1839 1848 1867 constitutione

1055 1878 1116 1904 quae
1134 1873 1252 1908 incipit:
1271 1875 1312 1902 Art
1331 1877 1485 1912 tollendum,
1503 1885 1568 1914 etc.,
1587 1882 1660 1909 edita
1678 1885 1694 1910 υ
1713 1883 1778 1913 Dec.
1799 1894 1844 1913 an.

1055 1916 1134 1945 I582.
1151 1918 1258 1952 Quibus
1270 1922 1373 1950 dudum
1390 1929 1470 1952 antea
1489 1928 1633 1961 praaiverat
1662 1928 1796 1960 Nicolaus
1824 1933 1844 1964 I,

1054 1963 1134 1998 cujus
1148 1965 1182 1993 de
1201 1966 1252 1993 hoc
1268 1972 1371 1997 statuta
1384 1970 1486 1999 inserta
1497 1975 1608 2009 corpori
1624 1975 1698 2010 juris
1714 1977 1846 2013 leguntur

1053 2009 1080 2039 2,
1093 2017 1121 2044 q.
1141 2010 1158 2037 4
1175 2016 1202 2038 et
1218 2013 1260 2044 t5.
1274 2022 1300 2048 q.
1316 2015 1342 2046 6,
1360 2024 1385 2044 ο.
1402 2017 1429 2044 2.

1090 2054 1159 2083 Ibid.
1181 2057 1300 2094 Cumque
1313 2061 1359 2087 diu
1379 2063 1467 2090 nullus
1484 2070 1552 2092 esset
1565 2067 1610 2100 qui
1623 2075 1670 2100 pro
1682 2073 1736 2095 tant
1751 2079 1845 2106 suspe-

1053 2106 1107 2133 cta,
1130 2107 1185 2130 etc.
1204 2103 1266 2131 Ilaec
1284 2105 1398 2134 brevius
1411 2112 1570 2145 perstringit
1586 2117 1692 2146 noster,
1713 2117 1787 2149 quod
1799 2103 1843 2144 'ad

1054 2147 1198 2182 imperium
1226 2150 1340 2178 Joannis
1362 2154 1543 2190 pertinerent,
1572 2167 1634 2186 cum
1662 2147 1727 2194 ipse
1744 2163 1771 2189 itt
1788 2163 1843 2191 line

1016 2190 1038 2218 ο
1053 2195 1233 2228 priet-edentis
1247 2198 1346 2232 capitis
1358 2205 1384 2227 et
1398 2201 1480 2235 hujus
1498 2204 1579 2232 initio
1596 2206 1798 2241 signiﬁcaverit
1813 2219 1843 2238 se

1051 2243 1085 2267 ab
1101 2241 1217 2276 itnperio
1233 2243 1367 2273 Theodori
1384 2255 1441 2275 sua:
1459 2249 1582 2279 historia:
1604 2254 1773 2288 principium
1791 2258 1843 2283 dti-

1050 2294 1120 2314 cere.
1133 2287 1226 2324 Longe
1244 2295 1334 2318 autcttt
1359 2293 1447 2322 Iusitts
1463 2296 1677 2334 distinctiusque
1692 2287 1775 2329 istam
1797 2308 1842 2331 to-

1051 2339 1106 2360 tam
1124 2334 1264 2363 Michaelis
1282 2340 1487 2368 accusationem
1506 2351 1538 2370 ac
1559 2346 1710 2379 periculum
1726 2352 1842 2384 exponit

1049 2388 1081 2406 ex
1096 2381 1204 2409 oculata
1222 2384 1318 2410 notitia
1340 2384 1474 2421 Georgius
1491 2388 1650 2424 Acropolita
1666 2392 1737 2420 Hist.
1807 2396 1842 2423 50

1049 2431 1074 2452 et
1093 2426 1136 2453 5t.
1156 2428 1241 2459 Quem
1262 2431 1384 2458 consule.

1086 2469 1116 2505 [Ρ
1133 2471 1196 2507 459]
1216 2472 1279 2508 I’ag.
1304 2474 1350 2502 ‘24.
1376 2476 1634 2509 Prothieracarium.
1649 2483 1746 2512 Fuisse
1762 2486 1839 2515 hunc

1049 2516 1138 2543 locum
1153 2520 1296 2552 prmt‘lplttl:
1311 2521 1461 2557 dignitatis,
1473 2531 1654 2563 praeterquam
1674 2531 1736 2558 hinc
1751 2538 1836 2567 patet,

1048 2570 1109 2588 cum
1138 2564 1288 2598 imperator
1310 2567 1446 2597 hominem
1466 2572 1589 2607 impense
1605 2577 1657 2603 sibi
1670 2578 1786 2606 charum
1808 2582 1835 2608 in

1047 2616 1108 2635 eum
1128 2613 1307 2644 promoverit,
1326 2615 1408 2641 etiam
1433 2617 1546 2653 intelligi
1566 2626 1655 2655 potest
1671 2632 1701 2651 ex
1719 2633 1836 2655 numero

1047 2654 1149 2687 ingenti
1163 2657 1350 2685 ministrorum
1365 2661 1388 2687 ei
1401 2662 1600 2700 subjectortnn,
1611 2670 1690 2703 cujus
1702 2671 1834 2701 indicium

1047 2699 1179 2729 habemus
1197 2711 1228 2729 ex
1246 2711 1278 2730 eo
1293 2706 1365 2739 quod
1381 2707 1462 2736 refert
1476 2699 1734 2746 Act-opolita,—Hisl.
1745 2726 1771 2745 ς.
1785 2720 1831 2751 61.

1047 2745 1089 2772 Itis
1111 2747 1201 2774 verbis
1218 2757 1225 2776 :
1244 2750 1349 2778 Αὐτίκα
1373 2753 1428 2788 γὰρ
1443 2756 1506 2787 τοὺς
1521 2757 1758 2794 ὲξυπηρετοῦντας
1775 2766 1834 2797 τοῖς

1046 2790 1200 2824 βασιλεῦσιν
1213 2793 1243 2820 ἐν
1260 2794 1358 2831 Θήραις
1384 2800 1444 2831 ταῖς
1469 2801 1522 2828 τῶν
1534 2790 1627 2838 Οηρῶιί
1650 2790 1756 2842 ἄγραις,
1773 2790 1835 2837 iiii-

1045 2845 1102 2870 (ξων
1114 2847 1143 2866 τε
1161 2841 1208 2867 καὶ
1222 2841 1331 2878 χοίρων,
1350 2846 1396 2873 καὶ
1411 2847 1474 2880 τοὺς
1485 2848 1508 2875 δ’
1521 2851 1637 2885 ιεράκων
1653 2854 1822 2890 θηρεύοντας
