1931 3069
113 164 178 199 1097

841 158 961 190 ΝΟΤιΕ.

1667 162 1736 195 108

144 222 211 250 Ibid.
230 221 261 249 In
279 225 388 248 (etatem
407 220 467 255 jam
484 224 539 246 tum
554 219 678 253 puberem
704 217 824 245 adultus.
849 217 900 244 Pa-
916 220 939 247 Δ
955 223 1010 246 tur.
1033 218 1099 251 Quae
1123 221 1192 247 ratio
1210 220 1326 249 fortasse
1342 221 1418 248 illum
1448 221 1556 256 impulit
1578 222 1612 248 ad
1636 226 1738 249 metam

111 271 251 305 chymcres
263 268 309 295 ubi
324 266 595 302 Constantinopolim
609 267 693 298 venit,
707 265 799 292 statim
816 263 851 290 ab
866 269 898 290 ea

113 325 127 343 c
147 316 251 343 Latinis
276 319 452 349 recuperata,
471 313 642 347 undeviginti
666 319 753 338 annos
767 314 825 337 erat
849 317 900 336 na-

112 367 166 392 tus.
182 368 210 389 ut
222 363 279 396 ipse
297 361 334 388 ait
353 361 371 388 Ι.
390 368 418 391 ιι.
432 368 457 388 c.
471 360 495 391 l;
512 359 628 393 contigit
645 358 670 385 id
687 365 759 384 anno
778 356 855 387 1261,
870 360 899 382 ιιι

113 410 129 437 l.
145 418 171 436 ιιι
189 410 322 436 dicemus.
351 407 477 439 Quatuor
497 410 543 432 aut
564 404 685 439 quinqae
705 408 767 430 ante
782 403 832 429 hoc
849 409 900 428 au-

113 460 154 484 nis
168 457 320 490 imperante
338 453 482 480 Theodoro
495 453 536 479 ita:
550 451 724 486 probationes
740 458 786 484 per
797 449 898 475 ferrum

111 503 229 530 candens
251 501 350 527 Nicaeae
379 499 636 533 frequentabantur,
656 497 702 522 ubi
728 504 774 522 eas
800 495 846 522 ille
868 495 901 521 Η

113 555 157 577 aut
174 550 204 576 εὖ
217 549 271 583 jam
285 555 418 575 annorum
436 547 597 573 adolescents
610 548 734 578 spectare
747 546 845 577 ρυιιιτι.

145 595 227 631 634,
240 595 307 621 ibid.
322 593 457 626 Quosdam
473 593 540 619 citra
556 591 638 618 ullam
649 590 786 624 defunclos
806 596 900 615 noram

112 642 249 670 candentis
261 641 362 668 metalli
378 645 460 666 tactu.
471 639 526 665 Hoc
540 638 631 668 liebat,
649 637 671 663 si
686 642 775 662 tamen
790 635 901 667 magica:

112 694 183 715 artes
199 689 326 717 aberant,
341 686 394 713 Deo
409 686 557 711 miserante
571 684 710 713 inIelieem
724 683 900 708 innocentum

113 734 319 764 necessitatem,
349 739 402 758 non
432 735 522 756 autem
548 729 719 764 approbante
742 733 900 761 perversum

113 788 193 807 usum
210 780 275 806 talia
290 778 459 813 jubentium.
482 776 561 807 Vide,
580 776 602 802 si
621 776 697 804 libet.
712 774 784 808 apud
798 773 901 801 Canta-

952 266 1075 293 historim
1086 274 1142 294 sum
1161 268 1293 302 llgendam
1311 267 1337 294 in
1353 269 1560 300 recnperatione
1578 268 1665 300 urbis,
1679 277 1738 302 quae

950 312 1064 340 Joannis
1075 314 1288 341 enarrationem
1306 315 1377 341 haud
1394 315 1574 349 longospatio
1587 316 1737 349 praecessit,

952 364 981 384 ut
997 359 1067 385 libro
1080 368 1108 386 ιιι
1121 360 1214 387 harum
1229 361 1457 388 Observationum
1475 363 1738 390 demonstrabimus.

950 406 1005 432 Nee
1018 406 1095 434 abest
1110 414 1123 432 a
1139 407 1278 434 verisimili
1293 411 1410 435 sensisw
1420 409 1615 442 Acropolitam,
1629 409 1660 445 [P
1674 409 1739 446 H5]

951 452 1052 485 quippe
1069 452 1206 478 hominem
1225 454 1365 487 poiilicnnt
1388 455 1414 480 in
1442 456 1546 488 paucis,
1568 464 1648 489 quam
1666 461 1739 484 esset

951 498 1032 533 635
1047 499 1145 525 inerito
1164 506 1309 533 suspectus
1329 501 1441 527 Michael
1455 501 1621 535 Pnlzcolngns
1639 499 1745 536 procul?

952 549 1018 571 rata:
1037 546 1107 572 clam
1126 547 1278 573 eversionis
1299 555 1330 573 ae
1346 548 1428 574 credis
1451 548 1635 581 Muzalonum,
1659 550 1738 582 cujus

953 591 1014 618 ideo
1042 594 1230 627 catastrophcs
1253 598 1401 627 apparatus
1416 603 1446 621 ac
1469 603 1567 622 causas
1586 597 1740 629 disquirere

953 639 1091 666 curiosius
1105 640 1232 667 omiserit
1245 641 1270 666 iu
1284 648 1366 674 opere
1380 642 1411 667 ad
1428 643 1557 676 gratiam.
1573 648 1601 669 ut
1615 647 1738 677 apparet,

953 685 1112 720 Palmologae
1128 686 1237 714 familim
1254 693 1318 713 tunc
1336 689 1476 721 regnantis
1493 690 1577 715 edito.
1599 690 1740 724 Suspicio-

954 733 996 760 nis
1014 733 1074 767 ejus
1092 734 1203 766 (praeter
1225 734 1385 761 Cassianam
1415 736 1602 768 conjecturam
1624 745 1654 764 ex
1674 745 1740 764 suc-

955 786 1033 806 cessu
1051 780 1175 814 petitam,
1190 788 1250 814 qum
1264 781 1285 807 si
1299 789 1359 808 eum
1373 783 1504 808 onerabat
1517 783 1595 816 cujus
1608 783 1696 809 fructu
1711 789 1741 810 ac‘

112 825 287 857 cu1.enuin,l.
304 833 344 857 ιιι,
357 832 382 851 c.
396 824 442 856 27,
454 831 480 858 p.
491 822 595 850 459ed.
607 822 685 855 Reg”
702 821 800 848 mirum
812 828 903 848 Cxetll-
919 833 939 860 ι]
955 826 1027 852 bono
1043 826 1162 852 maximo
1178 826 1261 852 amoti
1290 834 1305 852 e
1337 827 1427 854 medio
1450 827 1609 855 Muzalones
1628 829 1741 862 fuerint,

113 873 185 907 plum
211 871 334 898 mulieris
351 871 478 897 adulterii
505 877 568 901 rem,
586 869 632 896 sed
652 868 825 902 pcenitentis,
842 875 903 901 quae

113 921 153 946 sic
167 926 196 945 se
211 919 385 944 innocentem
407 917 466 943 viro
491 916 627 951 probavit.
647 914 680 941 Et
701 914 753 942 alia
770 914 902 949 quadarn-

114 970 194 991 tenus
220 963 320 991 similia
339 963 410 996 apud
425 962 587 995 Caesarium,
605 961 622 987 Ι.
650 969 681 988 ιιι
698 960 902 992 Miruculorum,

113 1019 173 1046 quae
190 1011 253 1038 inde
279 1010 375 1037 recitat
400 1009 491 1036 Delrio
507 1008 569 1036 luco
582 1007 638 1042 jam
658 1007 792 1038 indicato,
808 1014 836 1042 p.
851 1006 900 1033 ὅθί

113 1059 157 1087 ed.
172 1057 260 1093 Lugd.

149 1105 216 1138 Cap.
232 1104 275 1132 15.
294 1102 346 1131 Ubi
363 1103 462 1137 legitur
478 1103 504 1130 in
524 1102 628 1129 nostris
645 1101 727 1129 editis
742 1098 783 1132 οἷς
801 1100 904 1133 ὀλόγος

115 1150 288 1184 σπούδασμα,
308 1150 369 1177 cod.
387 1149 469 1176 Barb.
484 1149 564 1176 aliam
581 1149 743 1183 suggerebat
760 1147 903 1176 lectionem

115 1205 168 1224 non
183 1195 391 1231 improbabilem
407 1197 436 1222 τὸ
454 1194 684 1229 σπουδαζόμενον.

149 1244 217 1279 Cap.
231 1243 274 1270 14.
285 1242 364 1276 Quod
378 1243 432 1269 duo
446 1242 528 1269 codd.
543 1242 639 1276 optimi
652 1241 764 1268 Barber.
781 1245 807 1266 et
820 1240 902 1266 Allat.

117 1289 230 1321 habent,
254 1289 302 1314 καὶ
330 1288 486 1322 ἀλαστήσας
511 1287 580 1322 πρὸς
598 1287 703 1313 ἐκεῖνον
727 1283 794 1318 οἷον,
816 1285 904 1312 Vatic.

116 1335 206 1362 reddit
221 1334 269 1361 καὶ
282 1331 337 1361 οἷον
361 1333 545 1368 θυμούμενος.
560 1333 660 1367 Nempe
676 1333 799 1360 ἁλαστὲω
815 1334 905 1359 minus

117 1382 219 1409 usitata
236 1388 287 1407 vox
306 1380 362 1408 visa
391 1387 405 1406 a
431 1380 610 1414 paraphraste
639 1384 685 1406 aut
708 1379 906 1414 interpolatore

118 1428 210 1463 potius
229 1435 311 1463 quam
338 1427 508 1462 exscriptore
533 1427 561 1453 in
590 1426 723 1453 tritiorem
745 1433 796 1452 usu
814 1426 906 1452 notio-

117 1482 231 1509 remque
256 1479 362 1501 mutata
388 1478 440 1505 est,
462 1474 542 1506 prout
560 1473 663 1508 passim
684 1473 813 1506 deinceps
834 1472 904 1498 idem

117 1521 196 1548 solet.
213 1521 278 1553 Qua!
291 1520 433 1554 sigillatim
453 1524 549 1547 notare
565 1520 648 1546 nimis
664 1519 773 1553 longum
788 1518 870 1545 foret.

151 1568 219 1602 Cap.
236 1568 276 1593 16.
291 1567 377 1601 llujus
390 1566 531 1593 concionis
541 1574 555 1592 a
569 1565 710 1592 Mutalone
726 1565 907 1600 protovestia-

118 1615 160 1641 rio
186 1614 286 1641 habitae
313 1614 479 1640 sententiam
511 1613 630 1638 breviter
663 1612 906 1646 comprehendisse

117 1661 196 1687 visus
212 1664 253 1687 est
270 1658 443 1693 Nicephorus
463 1657 609 1693 Gregorius,
629 1658 647 1684 Ι.
672 1665 713 1688 ιιι,
729 1666 753 1690 p.
774 1658 819 1688 50.
835 1657 906 1684 ,άιιιῐι

117 1707 158 1733 sic
179 1706 277 1734 scribit
298 1714 305 1733 :
323 1705 415 1731 Ταῦτα
437 1704 464 1731 δὲ
491 1705 541 1730 οὑκ
566 1704 690 1738 ἐλελήθει
718 1703 905 1735 Μουζάλωνα·

116 1752 204 1783 δεινὸς
226 1752 275 1786 μὲν
290 1751 345 1786 γὰρ
359 1752 372 1778 ὁ
387 1751 456 1785 ἀνὴρ
469 1752 518 1776 καὶ
531 1751 663 1784 πρότερον
678 1748 713 1785 ἦν
726 1750 754 1780 ἐς
773 1749 804 1775 τὸ
819 1750 908 1775 συνιέ-

116 1805 162 1825 ναι
177 1798 292 1825 τοιαῦτα
302 1806 310 1814 ⁸
328 1798 389 1824 τότε
404 1798 433 1823 δὲ
447 1799 494 1824 καὶ
515 1797 571 1823 τῶν
595 1797 767 1830 πραγμάτιον
790 1796 906 1827 ζεόντων

117 1845 165 1871 καὶ
176 1845 297 1878 ἀγωνίαν
314 1843 449 1878 μεγίστην
471 1844 503 1878 τῇ
524 1843 628 1870 τούτων
644 1843 717 1878 ψυχῇ
745 1841 908 1876 «poi-notiu-

115 1900 181 1924 των,
200 1891 386 1925 συνετώτερος
401 1890 482 1921 αὐτὸς
503 1890 591 1916 ἐδόκει
612 1888 704 1924 πολλῷ
724 1889 834 1915 ἑαυτοῦ,
852 1888 906 1913 Καὶ

115 1936 148 1972 δὴ
169 1937 218 1971 τὴν
232 1937 366 1971 ταχίστην
382 1936 412 1968 ἐς
430 1935 623 1971 βουλευτήριον
638 1936 761 1964 ἅπαντας
775 1933 906 1968 μεγιστᾶ-

116 1993 166 2015 v1;
184 1982 371 2018 συνηῐὶροικὼς
384 1982 474 2014 δεξιάν
489 1989 518 2007 τε
531 1981 617 2007 ἐδίδου
633 1982 690 2011 τοῖς
703 1980 784 2011 ὅλοις,
795 1981 842 2006 καὶ
853 1980 906 2005 ἀπ)

116 2030 164 2056 τοῦ
176 2030 286 2065 ἥττονος
304 2028 444 2064 προῦφερε
463 2027 512 2063 τὴν
523 2027 643 2065 ὁμιλίαν,
657 2027 703 2052 καὶ
714 2026 793 2061 δῆλος
804 2024 838 2060 ἦν
852 2033 906 2050 πα-

117 2064 292 2112 ραχώρήσων
308 2075 435 2110 ἀσμένως
451 2074 490 2109 τῷ
510 2064 665 2109 βουλομένῳ
684 2073 734 2106 τὴν
753 2072 906 2106 ἐπιτροπὴν

116 2123 174 2149 τῶν
189 2130 219 2148 τε
236 2122 334 2148 κοινῶν
351 2121 524 2156 πραγμάτων
539 2119 587 2145 καὶ
602 2119 685 2146 αὑτοῦ
701 2119 733 2153 δὴ
748 2118 796 2144 τοῦ
811 2118 906 2148 παιδὸς

955 872 1093 899 neminem
1116 873 1202 907 magis
1220 872 1370 900 infamabat
1389 882 1471 908 quam
1496 874 1669 907 Michaelem,
1696 877 1741 903 eui

954 918 1046 945 aditus
1062 919 1096 945 ad
1115 919 1260 952 imperium
1283 920 1333 946 hoc
1350 920 1421 947 facto
1437 921 1566 955 patuerit)
1582 922 1663 948 etiam
1681 921 1742 948 fuiti-

954 964 1113 992 datnentum
1132 965 1205 992 aliud
1225 964 1408 1001 Pachymeres
1437 969 1569 1000 suggerit.
1596 975 1622 1002 p.
1652 968 1687 995 55
1715 969 1741 996 in

954 1011 1027 1039 hunc
1039 1013 1149 1039 modum
1161 1013 1303 1040 scribens:
1316 1013 1411 1039 Αἰτίαν
1421 1014 1449 1039 δὲ
1466 1014 1545 1049 ἔσχεν
1558 1016 1598 1047 si;
1609 1015 1742 1047 τοῦτο,ιῗ›ς

955 1059 969 1085 ὁ
992 1059 1046 1085 τῶν
1062 1058 1170 1085 πολλῶν
1189 1059 1268 1093 λόγος
1288 1059 1354 1094 ἔχει,
1375 1061 1388 1085 ὁ
1403 1060 1508 1086 τούτων
1534 1062 1583 1095 τῆς
1601 1061 1743 1096 φάλαγγος

954 1104 1148 1140 ἐξηγούμενος,
1162 1105 1192 1136 ὃς
1207 1105 1254 1132 καὶ
1271 1105 1355 1131 «ﬂat
1369 1106 1417 1139 μὲν
1430 1105 1612 1140 ὡρμημένους
1630 1107 1742 1139 αὐτοὺς,

956 1151 1015 1177 τότε
1029 1151 1052 1177 δ’
1067 1150 1237 1185 ἐξαφθὲν-τας
1257 1150 1340 1177 πλέον
1354 1151 1499 1182 ἀνεοέκιτις
1512 1151 1559 1178 τοῦ
1585 1152 1678 1185 φόϐου,
1696 1153 1743 1179 καὶ

955 1197 1133 1232 δρασείοντας
1155 1197 1190 1223 τὰ
1211 1198 1361 1231 ἀνήκεστα.
1385 1197 1415 1228 ἐξ
1440 1197 1550 1232 ἑτοίμου
1567 1198 1679 1233 ἠρέθισε
1698 1200 1745 1226 τὸν

956 1244 1037 1277 φόνον
1052 1243 1235 1277 ἐπιτολμῆσαι
1252 1243 1348 1277 καιρὸν
1370 1243 1492 1278 ἔχοντας.
1518 1245 1570 1270 Καὶ
1586 1245 1600 1270 ὀ
1616 1245 1695 1278 λόγος
1711 1246 1744 1272 ὲκ

956 1290 1010 1315 τῶν
1027 1289 1141 1324 ὕστερον
1161 1289 1239 1323 φέρει
1263 1288 1292 1314 τὸ
1318 1288 1446 1315 πιθανόν·
1463 1289 1523 1315 οὐδὲ
1539 1289 1593 1325 γὰρ
1610 1291 1744 1326 ἐτόλμων.

957 1337 981 1362 εἰ
997 1336 1033 1371 μή
1046 1344 1124 1367 τινας
1138 1334 1318 1370 προὸιόἀσεις
1330 1333 1413 1370 εἶχον,
1435 1335 1589 1368 ἀλλοεθνεῖς
1603 1337 1679 1368 ὄντες
1698 1338 1747 1365 καὶ

957 1383 987 1408 το
1000 1383 1083 1408 πλέον
1095 1381 1238 1415 ἐπήλυδες,
1257 1387 1311 1408 etc.
1335 1381 1400 1414 Quae
1427 1382 1586 1416 signiﬁcant
1611 1384 1745 1416 jactatum

956 1429 1013 1463 jam
1042 1433 1101 1455 tum
1127 1428 1236 1455 arcanis
1265 1429 1388 1455 susurris
1411 1429 1614 1463 plerorumque,
1642 1430 1744 1458 eadem

961 1476 1133 1503 Muzalonum
1164 1475 1199 1502 ab
1222 1474 1315 1502 Italica
1340 1475 1459 1502 maxime
1485 1476 1581 1503 militia
1611 1480 1745 1511 patratum

960 1521 1032 1548 haud
1048 1522 1108 1548 sine
1120 1520 1291 1548 conscientia
1306 1525 1333 1547 et
1353 1521 1435 1547 tacito
1457 1521 1575 1555 impulsu
1594 1522 1673 1549 ducis
1691 1523 1748 1549 hu.

956 1568 1002 1603 jus
1019 1568 1126 1602 generis
1144 1568 1260 1594 militum
1277 1567 1363 1594 videri
1381 1572 1555 1594 intentatam.
1568 1567 1626 1595 Non
1647 1568 1685 1596 ait
1702 1569 1748 1596 hic

959 1615 1069 1649 quidem
1085 1614 1247 1640 nominatim
1261 1613 1323 1648 quis
1340 1613 1389 1640 iste
1410 1613 1464 1640 dux
1485 1613 1585 1646 fuerit;
1602 1614 1649 1641 sed
1665 1622 1750 1648 supe-

960 1662 1018 1688 rius
1042 1668 1069 1695 p.
1087 1660 1117 1686 21
1136 1660 1189 1693 iam
1208 1660 1314 1687 dixerat
1341 1659 1450 1687 Italicas
1475 1668 1571 1687 omnes
1586 1662 1680 1695 copias
1701 1661 1750 1688 Mi-

959 1707 1046 1733 rhaeli
1074 1706 1236 1740 Palaeologo,
1267 1709 1296 1732 ut
1327 1713 1425 1740 magno
1453 1706 1633 1738 conostaulo,
1662 1707 1749 1734 fuisse

959 1753 1111 1786 subjectos.
1131 1751 1207 1779 Unde
1223 1755 1331 1778 consmt
1349 1751 1400 1778 hoc
1419 1751 1478 1778 loco
1499 1751 1672 1786 designatum
1698 1751 1749 1779 Mi-

959 1799 1093 1829 chaclem,
1115 1797 1198 1823 tacito
1214 1800 1305 1824 tamen
1330 1797 1390 1830 ejus
1416 1797 1537 1828 nomine,
1555 1798 1588 1824 ad
1606 1797 1746 1826 vitandam

959 1845 1067 1872 scilicet
1081 1843 1258 1870 oll'ensionem
1272 1843 1432 1877 imperantis
1453 1843 1562 1870 domus.

997 1892 1060 1925 νοις.
1078 1889 1123 1917 49.
1139 1888 1223 1924 Cujus
1241 1889 1335 1916 uxoria
1353 1890 1514 1916 avunculum
1529 1898 1557 1917 se
1582 1890 1749 1917 meminerat.

957 1938 1105 1971 Conjugem
1137 1936 1341 1971 protovestiarii
1373 1935 1523 1963 Muzalouis
1561 1936 1708 1971 Gregoras.
1728 1937 1752 1965 l.

957 1992 998 2014 ιιι,
1013 1991 1074 2018 pag.
1086 1982 1131 2015 29,
1141 1983 1229 2009 solum
1243 1982 1280 2008 ait
1292 1989 1324 2009 ex
1337 1982 1513 2016 imperatorio
1524 1990 1623 2016 genere
1639 1982 1727 2010 fuisse
1740 1991 1749 2009 :

961 2034 1069 2065 gentem
1088 2037 1142 2055 non
1159 2028 1296 2062 exprimit.
1317 2027 1476 2062 Diligentius
1501 2034 1595 2056 noster
1617 2029 1673 2062 jam
1699 2036 1749 2056 su-

961 2075 1064 2108 perius,
1083 2081 1110 2108 p.
1123 2073 1159 2100 24
1176 2091 1184 2104 ,
1204 2073 1356 2106 scripserat
1385 2072 1468 2099 fuisse
1488 2073 1560 2098 illam
1577 2072 1749 2100 Cantaeuze-

961 2129 1023 2147 natn
1042 2128 1075 2147 ex
1096 2124 1173 2154 patre
1193 2118 1333 2146 Michaelis
1348 2118 1491 2153 Palzeologi
1508 2125 1602 2145 sorore
1617 2119 1748 2152 genitam,

116 2168 167 2195 τοῦ
186 2167 332 2203 βασιλέως.
350 2166 413 2193 llaec
427 2166 477 2193 ibi.
508 2165 544 2192 Ex
563 2165 663 2200 quibus
674 2169 748 2200 patet
759 2164 903 2198 Georgium

962 2166 1071 2193 nomine
1087 2165 1271 2192 Theodoram.
1286 2164 1353 2191 Vere
1367 2171 1432 2197 ergo
1448 2164 1542 2190 scribit
1559 2168 1651 2190 Ituster
1663 2167 1689 2190 et
1706 2163 1750 2190 hic

116 2213 292 2240 Muzalonem
330 2212 569 2247 prolovestiarium
608 2211 676 2238 bene
711 2211 906 2245 iutelligeutem

117 2264 222 2295 quanta
241 2260 268 2286 in
295 2267 357 2286 cum
375 2258 502 2292 ﬂagraret
530 2257 644 2290 invidia,
664 2256 696 2283 ad
725 2258 863 2291 principes
881 2256 907 2282 in

118 2311 246 2335 senatum
269 2312 437 2333 convocatos
454 2313 516 2332 cum
535 2304 673 2332 submisse
688 2308 772 2338 atque
791 2303 908 2330 obnoxie

119 2354 258 2385 locutum,
283 2357 340 2379 tum
372 2352 444 2378 serio
464 2352 641 2385 deprecatum
662 2350 762 2378 nimios
789 2351 908 2377 honores

118 2399 223 2434 quibus
241 2402 316 2425 esset
342 2399 424 2424 homo
449 2404 537 2423 novus
566 2396 746 2423 nobilissimis
770 2395 908 2430 prmlatus,

119 2447 196 2473 ttltro
212 2445 413 2472 abdicationem
439 2444 691 2471 administrationis
709 2443 866 2477 reipublicae
882 2446 910 2468 et

119 2491 215 2518 tutelae
232 2491 309 2525 pueri
333 2491 450 2526 Augusti
475 2491 618 2517 obtulisse.
645 2489 722 2516 Unde
738 2495 850 2524 apparet
868 2490 909 2516 vel

119 2537 194 2564 hanc
212 2544 274 2564 esse
290 2537 377 2571 ipsam
395 2536 556 2571 αὐτόχρημα
575 2536 726 2563 analonis
743 2537 908 2568 orationem,

118 2586 203 2618 cujus
214 2583 369 2618 exemplum
380 2583 564 2619 Pachymeres
577 2588 674 2610 nactus
684 2583 748 2610 huic
761 2584 821 2610 loco
836 2583 911 2610 inse-

119 2632 223 2663 ruerit,
245 2630 290 2657 vel
312 2631 336 2658 si
355 2630 389 2658 ab
406 2633 466 2665 ipso
493 2632 649 2664 conscripta
675 2635 717 2657 est
731 2630 909 2665 Pachymere,

118 2681 186 2712 apte
213 2676 247 2704 ab
265 2684 298 2704 eo
317 2678 350 2703 ad
376 2685 472 2704 verum
500 2677 682 2704 cilormatam.
705 2677 862 2711 Acropolita
878 2677 912 2703 de

118 2724 166 2751 his
181 2724 255 2757 silet,
279 2731 312 2751 ac
331 2724 439 2751 solitam
458 2724 625 2758 diligentiam
644 2724 783 2752 remittere
802 2723 912 2751 videtur

118 2771 150 2798 in
169 2770 233 2798 istis
258 2770 344 2798 initiis
373 2771 478 2804 imperii
506 2770 657 2803 Michaelis,
677 2772 776 2804 vitans,
797 2776 826 2798 ut
852 2771 911 2805 opi-

118 2824 185 2849 nor,
209 2821 340 2851 tanquam
365 2817 510 2852 scopulum
535 2817 669 2845 nefariam
697 2819 906 2853 oppressionem

119 2862 220 2898 pupilli
239 2861 364 2895 Joannis,
384 2871 418 2890 ne
434 2863 627 2898 imperatorem
645 2864 816 2896 Michaclcrn,
829 2864 909 2899 cujus

123 2916 267 2945 nunquam
291 2909 352 2937 siue
368 2910 457 2944 elogio
470 2910 606 2943 meminit,
624 2911 780 2947 vituperare
795 2918 910 2948 cogere-

171 2950 180 2955 .
250 2958 601 3000 Pnaor..(in.CXLllI
655 2951 664 2955 ν
709 2953 711 2956 ’

961 2218 988 2240 et
1003 2213 1053 2240 sub
1068 2212 1148 2239 tinem
1165 2219 1191 2247 p.
1210 2211 1254 2241 62,
1276 2209 1434 2237 Michaelem
1466 2209 1647 2244 Ριιιιεοῐηςςιιιιι
1666 2210 1750 2240 θεῖον.

963 2261 1015 2287 hoc
1027 2263 1070 2287 est
1087 2258 1252 2285 avunculum
1269 2257 1354 2284 fuisse
1371 2256 1463 2283 uxoris
1477 2255 1637 2283 Muzalouis.
1656 2255 1751 2289 Quan-

962 2315 1044 2343 quam
1065 2306 1130 2333 mibi
1148 2305 1328 2340 posteriorem
1344 2303 1435 2330 locum
1454 2302 1644 2336 interpretanti
1663 2304 1750 2337 patrui

962 2353 1124 2380 vocabulum
1154 2359 1202 2386 pro
1234 2349 1371 2376 avunculo
1401 2349 1518 2381 excidit;
1553 2350 1624 2382 quod
1654 2355 1752 2383 precor

962 2400 1090 2426 lCClOI'elII
1108 2406 1140 2424 ne
1157 2404 1295 2431 corrigere
1314 2401 1451 2431 gravetur.

997 2445 1063 2480 Pag.
1083 2445 1127 2472 50.
1145 2444 1189 2470 lbi
1209 2442 1301 2478 fatalis
1323 2442 1464 2468 necessitas
1491 2450 1598 2468 causam
1627 2440 1750 2467 absolvit.

963 2492 1064 2519 Montio
1084 2491 1130 2518 hic
1148 2491 1239 2518 fatalis
1259 2489 1434 2516 necessitatis
1463 2489 1497 2515 ad
1514 2489 1610 2515 mortis
1631 2487 1750 2514 inevita-

963 2539 1045 2566 bilem
1059 2538 1252 2565 cerlitudiucut
1269 2536 1396 2570 pertinet,
1412 2543 1466 2562 non
1478 2540 1579 2565 autem,
1597 2534 1703 2568 opinor,
1717 2533 1751 2559 ad

964 2586 1145 2613 astruendum
1178 2585 1291 2618 impium
1320 2583 1417 2617 dogma
1451 2581 1603 2609 libertatem
1631 2579 1751 2612 arbitrii,

968 2639 1050 2666 quam
1079 2631 1204 2658 doctrina
1237 2628 1372 2655 catholica
1408 2628 1478 2654 tueri
1507 2627 1605 2661 jubet,
1623 2626 1753 2653 extermi-

963 2686 1034 2705 nans
1051 2684 1193 2712 perperam
1210 2679 1314 2702 asserta
1330 2681 1475 2701 causarum
1489 2678 1654 2700 teternarum
1671 2671 1752 2699 obvia

966 2731 1082 2760 quaque
1098 2721 1311 2750 ineluetabiliter
1327 2720 1490 2754 rapientium
1509 2719 1608 2746 invicta
1633 2718 1752 2753 quadam

964 2771 1004 2798 vi.
1027 2769 1054 2796 Si
1074 2773 1163 2796 tamen
1180 2767 1224 2795 hic
1240 2772 1285 2794 aut
1313 2767 1377 2793 alibi
1408 2771 1502 2793 noster
1533 2766 1682 2793 historicus
1707 2768 1756 2792 aut

965 2817 1025 2852 ipse
1041 2816 1156 2843 allirmat
1170 2814 1308 2850 quidpiam
1327 2818 1374 2839 aut
1389 2813 1458 2840 alios
1472 2812 1576 2840 aientes
1589 2811 1672 2839 reiert
1685 2831 1694 2845 ,
1725 2811 1755 2838 in

966 2867 1021 2895 quo
1039 2859 1099 2895 ejus
1117 2858 1262 2894 proscripti
1279 2858 1313 2883 ab
1334 2856 1457 2884 Ecclesia
1480 2857 1582 2884 erroris
1608 2855 1754 2890 vestigium

967 2907 1079 2945 aliquod
1100 2903 1329 2941 deprehendatur,
1351 2903 1505 2932 meminerit
1528 2903 1614 2931 lector
1638 2902 1756 2931 cathol'r

1477 2949 1515 2981 35
