1931 3069
199 125 273 160 1099

661 133 693 163 Ρ.
713 133 863 164 POSSINI
885 134 1033 166 OBSERV
1043 136 1212 169 \TXONUM
1232 139 1304 170 LIB.
1327 141 1367 172 II.

1761 148 1831 180 non

197 190 248 209 cus
262 183 327 211 nihil
343 184 521 220 βΓτΡῘιιιΙίιτΩΓα
536 190 631 215 contra
645 188 823 216 orthodoxam
847 190 989 217 veri!atcm
1007 193 1027 220 Α
1043 198 1227 221 consentanea
1255 196 1338 224 variis
1358 196 1480 225 historiae
1493 202 1521 225 et
1538 199 1663 228 chronici
1691 201 1734 229 sui
1764 205 1833 232 locis

200 228 337 262 quaslibet
365 229 606 258 scltismaticornm
637 233 793 266 opiniones.
826 233 892 261 Nam
915 234 986 261 utin

199 275 360 309 praefatione
390 277 614 311 praemonuimns,
637 279 681 306 hic
708 281 826 315 scriptor
853 281 989 308 Schisma-

199 321 271 348 tirus
288 327 340 349 est.

235 368 319 402 636
334 368 402 403 Cap.
420 369 463 397 l9.
493 370 559 402 Quae
579 371 644 397 urbs
662 379 771 398 scenam
791 373 896 400 dederit
924 374 988 400 huic

203 416 351 449 tragmdiee,
372 424 421 443 nuc
440 422 533 443 noster
549 425 598 444 nec
615 419 770 453 Acropolita
790 428 839 446 nec
851 419 988 453 Gregoras

198 461 282 493 clare,
297 461 360 488 dum
378 470 437 489 eam
457 469 580 495 narrant,
598 465 764 498 exprimunt.
784 465 880 493 Fuisse
895 473 984 493 autent

198 505 365 540 Magnesiam
404 515 436 534 ex
473 508 581 535 duobus
617 510 784 543 argumentis
822 511 987 546 colligimus.

196 552 276 579 Prius
289 558 331 580 est
357 554 430 588 quod
457 555 534 581 c.15
560 554 642 582 reti-rt
661 555 851 590 Parltymeres,
879 564 987 583 mortuo

195 598 340 627 Theodoro
355 600 478 635 Augusto
505 600 565 635 ejus
584 601 667 627 tilum
689 601 723 628 ab
745 602 804 636 ejus
824 607 913 630 tutore
929 603 986 630 Mu-

195 646 291 672 zalone
306 645 452 672 deductum
471 645 497 672 in
515 646 726 673 munitissimam
746 654 835 674 arcem
862 648 894 675 ad
921 648 988 676 Iler-

198 699 273 718 mntn
304 691 462 725 Magnesim.
491 691 581 724 Quare
598 699 659 718 cum
684 692 858 720 manifestum
895 695 930 721 sit
954 703 986 722 ex

195 738 255 771 ipsa
269 737 402 764 relatione
419 738 455 764 rei
472 745 545 765 nono
560 739 604 764 die
617 745 631 764 a
648 738 783 766 Theodori
802 740 876 767 obitu
893 748 986 775 gestae,

196 790 251 808 non
264 782 344 817 longe
355 783 474 810 abfuisse
485 782 615 810 Joannem
629 784 759 818 pupillum
770 793 784 812 ιι
797 786 857 813 loco
871 787 917 813 ubi
929 786 987 814 Mu-

196 828 307 855 zalones
321 829 454 856 interfecti
468 833 630 863 sunt.oport
649 830 693 856 tid
709 831 809 857 factum
825 840 877 858 non
893 833 984 867 procul

197 875 231 901 ab
245 875 312 902 urbe
327 874 474 910 Magnesia.
499 876 575 902 Aliud
593 883 782 909 argumentum
798 880 932 906 Snmimus
952 888 985 907 ex
1002 863 1022 891 Β

195 918 296 956 templo
321 921 535 953 Sosandrorum,
549 922 592 948 ubi
607 923 743 957 piaculum
760 923 827 951 illud
844 929 981 959 patratum

198 973 251 996 est.
272 969 308 996 De
323 976 378 1004 quo
398 970 437 996 sic
455 969 551 996 scribit
565 969 713 1004 Grcgoras,
731 971 749 997 l.
767 978 796 1001 ιι,
809 979 871 1006 pag.
888 971 934 1004 ﬁt,
951 973 985 1000 de

194 1014 301 1042 Joanne
319 1015 393 1042 Duea
409 1016 467 1042 sive
483 1015 591 1042 Batatze
608 1019 635 1042 et
651 1015 709 1050 ejus
726 1016 842 1051 conjuge
859 1017 982 1052 Angusta

207 1069 271 1088 rene
284 1071 290 1088 :
315 1061 473 1096 Ἑξείμαντο
488 1061 516 1087 δὲ
534 1063 580 1088 καὶ
595 1061 676 1088 ναοὺς
692 1062 843 1097 ἀμφ-ότερω
861 1063 922 1089 λίαν
937 1072 983 1090 πε-

194 1108 344 1144 ρικαλλεῖς,
360 1108 499 1139 πλείστοις
515 1107 693 1142 ἀναλώμασιν
709 1109 843 1143 μεγίστας
860 1111 908 1136 καὶ
922 1118 984 1137 ποι-

193 1155 274 1187 κίλας
286 1155 335 1185 τὰς
348 1154 451 1181 τούτων
462 1154 610 1189 οἰκοδομὰς
632 1153 676 1190 [Ρ.
693 1154 759 1190 4H]
779 1158 984 1183 κατεσκευακό-

192 1210 249 1234 τες,
262 1201 276 1227 ὁ
290 1201 339 1236 μὲν
361 1201 489 1236 βασιλεὺς
506 1201 551 1227 τόν
565 1209 595 1227 τε
613 1201 676 1236 περὶ
698 1202 747 1236 τὴν
761 1203 925 1236 Μαγνησίαν
943 1204 983 1235 εἰς

193 1248 280 1283 ὖνομα
310 1248 358 1283 τῆς
380 1248 553 1283 Θεομήτορος
578 1247 724 1282 Σώσανδρα
742 1248 921 1283 καλούμενον,
935 1251 983 1277 καὶ

192 1294 240 1321 τὸν
254 1294 330 1326 ἐντὸς
343 1294 392 1329 τῆς
405 1294 524 1325 Νικαίας
536 1294 574 1324 εἰς
588 1293 676 1328 ὄνομα
705 1295 851 1321 ’Ἀντωνίου
871 1296 918 1322 τοῦ
932 1305 982 1331 με-

194 1342 291 1376 γάλου.
305 1343 342 1369 En
356 1342 484 1377 templum
496 1341 696 1369 Sosandrorum
707 1341 809 1369 dictum
818 1342 981 1369 aediﬁcatum

192 1388 465 1424 magniﬁcentissime
479 1395 493 1414 a
510 1388 618 1415 Joanne
641 1388 754 1415 Batatze
778 1389 902 1423 Augusto
917 1389 981 1423 περὶ

191 1434 356 1469 Μαγνησίαν
374 1434 445 1460 circa
459 1433 639 1468 Magnesiam,
656 1433 709 1460 hoc
729 1437 781 1465 cst,
815 1438 843 1459 ιιι
870 1434 980 1467 opinor,

191 1480 219 1506 in
238 1479 400 1507 suburbano
416 1479 475 1513 ejus
486 1479 604 1506 civitatis
618 1483 694 1506 extra
709 1479 769 1513 ejus
785 1487 893 1506 muros.
911 1479 978 1506 Nam

1041 239 1174 268 referens.
1196 242 1259 277 Agit
1278 247 1305 270 et
1324 244 1358 271 dc
1386 244 1434 272 illo
1450 244 1596 281 GregOras.
1620 248 1639 275 Ι.
1659 256 1688 281 ιι,
1711 257 1736 284 p.
1756 250 1784 277 Η
1805 255 1833 278 et

1042 285 1085 317 t2,
1102 286 1146 313 ubi
1168 287 1250 314 etiam
1271 290 1403 317 aseivisse
1419 291 1509 326 ipsum
1531 293 1583 320 sibi
1613 302 1714 323 nomen
1747 297 1831 331 impc-

1042 332 1141 358 ratoris
1155 333 1237 359 tradit
1248 334 1291 361 his
1309 337 1408 368 verbis,
1425 338 1471 364 καὶ
1487 338 1627 373 βασιλείας
1642 341 1732 377 ἑαυτῷ
1748 353 1830 379 περι-

1040 376 1147 410 τίθησιν
1158 377 1263 411 ὂνομας
1278 380 1360 415 637
1375 389 1492 416 quorum
1509 385 1674 412 sententiam
1694 376 1746 414 non
1762 376 1830 417 satis

1040 423 1175 453 expressit
1192 423 1339 459 interpres,
1353 426 1417 453 dum
1447 429 1528 455 vertit
1548 430 1598 456 sibi
1614 431 1714 465 regium
1734 442 1829 462 nomen

1043 466 1167 494 αδείδείιέ
1195 470 1262 497 satis
1286 471 1357 497 enim
1387 480 1421 499 ex
1452 477 1687 509 consequentibus
1715 485 1830 514 apparet

1039 519 1069 538 se
1085 512 1160 539 illum
1185 521 1234 548 pro
1261 516 1425 550 imperatore
1456 520 1586 554 gessisse,
1609 527 1636 549 et
1657 512 1830 553 talem”ch-

1039 563 1125 586 suetis
1153 560 1252 588 ritibus
1283 563 1444 598 inaugurari
1477 574 1508 593 se
1526 575 1637 596 curasse
1653 577 1669 597 a
1694 570 1830 607 Bulgaria;

1038 603 1178 639 episeopo,
1195 610 1223 632 nt
1236 615 1298 634 mox
1313 609 1393 636 docet
1409 610 1480 638 idem
1494 613 1651 648 Gregoras;
1670 617 1714 644 eui
1731 603 1830 646 nvoster

1041 651 1218 679 consentiens
1246 653 1326 687 paulo
1340 654 1466 688 inferius,
1486 658 1536 685 hoc
1555 661 1653 694 cap'te,
1672 663 1698 689 id
1725 663 1830 692 factum

1038 695 1073 721 ab
1091 697 1254 726 Aehridensi
1270 701 1411 736 episcopo.
1440 704 1483 730 cui
1505 704 1623 733 Jacohns
1639 716 1738 736 nomen
1756 717 1829 744 erat,

1040 742 1133 768 tradit.
1158 743 1260 779 Nempe
1288 747 1388 775 Achris
1414 748 1547 782 Bulgaria;
1568 755 1729 788 metropolis
1754 742 1830 785 erat.

1073 787 1139 822 Cap.
1152 789 1196 816 5|.
1214 790 1333 819 Victoria
1347 793 1399 821 hoc
1415 797 1505 830 capite
1531 787 1728 835 narratapqua
1751 804 1830 837 prin-

1039 840 1103 868 ceps
1117 835 1227 863 Achaia:
1241 844 1255 864 a
1275 837 1406 868 Romanis
1429 841 1545 871 ducibus
1566 852 1662 880 captus
1688 835 1830 884 estpprrm

1038 880 1144 907 ditione
1155 881 1269 910 Joannis
1283 886 1371 918 nothi,
1387 887 1502 916 confuse
1517 890 1551 917 ab
1566 891 1723 928 Acropolita
1740 880 1772 922 ο..
1783 896 1831 930 82,

1037 930 1063 952 et
1079 934 1092 953 a
1114 926 1233 963 Gregora
1254 930 1273 956 l.
1300 939 1341 964 ιιι,
1359 940 1384 967 ρ.
1400 934 1435 961 55
1462 926 1647 966 memoratur.-
1666 926 1830 970 Claris~ime

1037 973 1160 1000 omnium
1174 982 1234 1002 eam
1252 982 1349 1006 noster
1368 981 1492 1014 exponit,
1509 982 1636 1012 indicatis
1647 986 1708 1021 ejus
1723 990 1830 1021 causis,

1035 1025 1151 1052 quarunt
1166 1023 1302 1057 praecipua
1325 1024 1376 1051 l'uit
1389 1027 1555 1056 contumelia
1569 1028 1669 1058 Joanni
1689 1033 1778 1061 notho
1800 1037 1832 1061 il-

1036 1065 1102 1097 lata,
1117 1074 1199 1101 quam
1216 1067 1259 1096 ille
1274 1070 1430 1103 proditione
1442 1073 1517 1101 ultus
1531 1076 1590 1103 suis
1611 1076 1754 1107 fmderatis
1771 1089 1831 1108 ma-

1035 1118 1115 1145 gnam
1132 1112 1282 1147 improviso
1307 1115 1412 1144 cladem
1427 1118 1562 1149 intulerit.
1582 1122 1650 1150 Illud
1684 1129 1792 1152 tantum
1811 1136 1828 1155 a

1035 1162 1131 1184 nostro
1154 1160 1367 1193 praetermissum
1387 1162 1438 1191 hoc
1457 1165 1528 1199 loco,
1538 1169 1585 1194 sed
1611 1169 1729 1202 positum
1751 1178 1829 1206 post-

1035 1210 1077 1235 ea,
1094 1211 1118 1231 c.
1145 1205 1188 1238 l5,
1218 1206 1236 1233 l.
1263 1214 1294 1240 tt,
1319 1216 1473 1244 opportune
1503 1214 1623 1249 suggerit
1652 1205 1829 1253 Acrotiolita,

1035 1253 1090 1278 tres
1105 1250 1290 1280 Romanorum
1306 1255 1401 1288 duces,
1417 1258 1518 1292 quibus
1534 1259 1578 1287 hic
1591 1250 1738 1291 successus
1759 1250 1828 1291 con;

1034 1297 1105 1331 tigit,
1123 1297 1254 1327 Joannem
1268 1300 1407 1330 Michaelis
1421 1303 1535 1339 Augusti
1553 1306 1672 1340 fratrem,
1689 1309 1827 1338 Constan-

1033 1343 1121 1370 tinum
1153 1344 1312 1374 Tornicium
1338 1353 1365 1375 et
1394 1349 1520 1378 Alexium
1552 1352 1774 1390 Strategopulnm
1798 1359 1825 1385 in

1034 1390 1176 1422 pra-mium
1205 1392 1328 1420 victoriae
1357 1394 1444 1423 fuisse
1467 1396 1501 1422 ab
1531 1397 1700 1432 imperatore
1727 1408 1826 1430 auctos

1033 1435 1185 1465 honoribus
1199 1446 1207 1464 :
1222 1437 1358 1467 Joannem
1379 1441 1451 1468 enim
1466 1443 1543 1476 prius
1571 1445 1823 1476 sebastocratorem

1032 1480 1174 1516 despotam
1207 1489 1341 1517 creatum.
1366 1486 1496 1515 Tornicio
1525 1497 1589 1517 vero
1615 1496 1694 1519 antea
1724 1502 1824 1530 magno

192 1526 245 1553 hoc
261 1525 347 1560 exigit
362 1525 507 1553 antithesis
523 1533 583 1553 cum
598 1525 652 1552 alio
668 1525 695 1552 in
711 1525 843 1553 honoretn
862 1524 892 1552 S.
922 1526 977 1552 An-
992 1531 1015 1562 ο
1033 1528 1189 1562 primicerio
1216 1530 1444 1561 sobastocratoris
1473 1535 1581 1563 titulum
1604 1538 1746 1568 collatura.
1771 1524 1825 1570 ἴτε

192 1571 260 1599 touti
288 1571 389 1607 Magni,
407 1571 482 1602 ὲντδς
503 1571 553 1605 τῆς
571 1570 690 1602 Νικαίας
716 1571 788 1598 intra
808 1571 902 1598 urbem
934 1569 981 1598 Ni—

192 1626 276 1645 ca‘am
290 1619 324 1644 ab
344 1619 441 1645 eodem
460 1622 576 1645 structo.

227 1663 292 1698 Pag.
307 1663 352 1690 62.
368 1663 481 1694 Im;.uue
506 1663 574 1690 velut
593 1671 606 1689 ι
630 1663 713 1698 Mysis
741 1663 859 1696 prterlam
887 1671 981 1697 conge-

191 1709 425 1742 rebant,etc.,sic
438 1709 624 1743 expressimus
647 1709 740 1736 Graaca
763 1708 808 1734 illa
834 1709 882 1734 καὶ
905 1708 981 1734 λείαν

191 1755 293 1782 Μυσῶν
309 1755 441 1782 τάκείνων
457 1754 578 1782 ἐποίουν.
602 1754 702 1782 Notum
728 1753 886 1781 Graecorum
916 1755 982 1780 ada-

190 1803 264 1835 gium
283 1807 325 1827 est
342 1800 445 1827 Μυσῶν
473 1799 553 1833 λεία;
578 1801 605 1827 in
630 1800 709 1833 cujus
735 1800 910 1826 enarratione
937 1807 982 1826 as-

191 1848 296 1873 sentior
328 1847 419 1881 potius
446 1846 569 1873 Zenobio
598 1850 625 1873 et
647 1846 740 1873 Suidaa
764 1845 873 1880 passive
901 1845 928 1872 id
946 1845 981 1873 de

191 1892 275 1927 Mysis
288 1893 385 1927 praedm
394 1893 453 1918 sine
465 1892 572 1919 vindice
581 1893 715 1927 expositis
727 1891 981 1926 interpretantibus,

191 1944 272 1971 quam
308 1936 477 1971 Diogeniano
506 1936 595 1972 Mysos
632 1937 800 1971 praedatores
828 1936 980 1964 vicinorutu

192 1985 251 2010 sine
266 1989 378 2010 aurtore
394 1983 492 2010 idoneo
506 1983 658 2011 inducenti.

229 2030 292 2064 Pag.
310 2029 353 2056 59.
373 2028 498 2056 Calceum
516 2030 544 2056 in
570 2035 675 2057 mortuo
704 2031 820 2064 nigrum.
838 2031 982 2060 Existima-

195 2081 258 2102 raut
273 2077 345 2103 hunc
365 2075 598 2111 Theophylactum
612 2077 822 2111 grammaticum
841 2086 903 2106 esse
916 2086 981 2112 pro-

193 2121 380 2149 Iovestiarium
397 2120 580 2154 Muzalouem,
594 2121 710 2157 ideoque
722 2123 798 2150 illum
811 2123 980 2151 occiderant.

193 2170 246 2195 Sed
262 2176 323 2196 cum
339 2169 438 2195 mortui
455 2169 561 2195 calceos
579 2168 674 2203 nigros
708 2169 978 2202 animadvertissent,

193 2223 301 2242 errasse
330 2223 359 2242 se
388 2219 571 2250 agnOverunt.
589 2214 734 2248 Nimirum,
757 2219 785 2242 ut
803 2216 883 2244 docet
901 2217 982 2244 Codi-

194 2269 257 2290 nns.
271 2261 308 2287 De
319 2261 397 2295 oﬂ’ic.,
410 2270 434 2287 c.
449 2261 477 2294 ιι,
492 2261 563 2296 p.16
574 2261 617 2288 ed.
631 2261 755 2295 iParis.,
769 2263 809 2289 Τὰ
822 2263 983 2298 ὑποδήματα

193 2307 276 2334 αὐτοῦ
308 2307 598 2342 (πρωτοϐεστιαρῖου)
633 2308 763 2343 πράσινα.
786 2308 856 2336 Hinc
884 2310 984 2337 intelli-

194 2353 307 2387 gitnrin
335 2351 440 2380 caeteris
472 2353 638 2380 indumentis
669 2354 738 2380 nihil
766 2359 822 2381 tum
853 2354 981 2381 eximium

196 2399 409 2433 protovestiario
424 2400 520 2432 fuisse,
538 2407 592 2433 quo
608 2408 622 2426 a
646 2400 753 2434 privato
767 2401 982 2428 discerncrctur.

193 2444 223 2472 In
240 2453 293 2479 quo
305 2449 397 2478 postea
413 2449 547 2472 mutatum
566 2445 715 2480 quidpiam.
727 2445 761 2473 Ut
773 2446 845 2472 enim
857 2447 983 2474 observat

193 2491 263 2518 idem
274 2491 395 2518 Codinus
406 2498 431 2518 c.
441 2491 468 2522 2,
482 2499 508 2526 p.
524 2492 550 2523 8,
562 2491 677 2519 Michael
687 2494 791 2526 prlmus
802 2500 816 2519 e
825 2491 983 2527 Palaeologis

195 2538 344 2571 imperator
360 2538 469 2572 prasina
494 2538 665 2571 indumenta,
685 2546 745 2572 qua:
778 2539 885 2573 insigne
905 2540 983 2574 prius

194 2584 303 2609 t'ncrant
319 2583 512 2617 protosebasti,
528 2583 561 2610 ad
572 2585 812 2618 protovestiarium
829 2585 979 2613 transtulit:

193 2629 353 2663 Σημείωσαι
371 2629 412 2654 ὃτι
427 2628 555 2663 βασιλεὺς
581 2629 691 2664 Μιχαὴλ
718 2629 772 2656 τῶν
792 2630 983 2664 Παλαιολόγων

192 2674 312 2710 πρῶτος,
322 2674 375 2702 ἀπὸ
388 2674 435 2700 τοῦ
449 2675 677 2710 πρωτοςεϐαστοῦ
689 2676 723 2702 τὰ
735 2676 854 2710 πράσινα
863 2675 982 2710 ἀφελὼν,

193 2722 310 2756 ὲφόρεσε
331 2720 417 2747 ταῦτα
441 2721 481 2752 εἰς
505 2721 551 2748 τὺν
570 2721 681 2756 ἀνεψιὸν
702 2722 785 2748 αὐτοῦ
810 2722 920 2756 Μιχαὴλ
937 2722 983 2749 τὸν

193 2768 419 2802 Ταρχανειὼτην,
441 2767 562 2801 τιμήσας
587 2767 847 2802 πρωτοὸεστιάριον,
863 2768 900 2795 Ita
926 2768 981 2796 ille.

230 2811 295 2846 Pag.
315 2810 360 2838 81.
387 2810 526 2838 Theodori.
549 2811 586 2838 De
607 2811 658 2839 hoc
676 2811 820 2839 Theodoro
849 2812 981 2840 videndus

196 2856 365 2890 Acropolita,
384 2857 470 2884 multa
491 2857 524 2884 dc
539 2857 585 2885 illo
602 2858 644 2885 his
667 2865 728 2893 qme
754 2858 797 2884 htc
823 2858 980 2887 indicantur

1033 1575 1116 1609 niqne
1144 1575 1189 1602 τὸν
1212 1577 1457 1613 Στρατηγόπουλον
1481 1581 1601 1615 autem
1626 1585 1733 1619 (:verba
1758 1592 1824 1614 sunt

1032 1620 1230 1657 Acropolitm)
1272 1624 1358 1658 μέγαν
1397 1626 1561 1660 δομέστικον
1589 1630 1603 1655 ὁ
1639 1630 1824 1668 αὐτοκράτωρ

1031 1667 1201 1702 τετιμηκὼς,
1213 1668 1247 1694 δι’
1262 1670 1417 1706 ἀποστολῆς
1436 1674 1567 1708 τετίμηκε
1585 1676 1724 1711 Καίσαρα,
1742 1667 1824 1705 Stru-

1033 1713 1183 1747 tegopulum
1195 1715 1320 1742 AleIium
1339 1718 1413 1750 prius
1429 1727 1445 1745 α
1460 1727 1487 1746 se
1503 1719 1554 1755 [P.
1568 1721 1621 1749 M5
1634 1721 1643 1758 ]
1662 1723 1824 1753 honoratum

1032 1761 1123 1794 magni
1139 1761 1284 1789 domestici
1311 1764 1405 1798 ofﬁcio,
1425 1764 1558 1794 σαπείη-ειη
1576 1769 1709 1796 absentem
1741 1771 1823 1802 dixit.

1033 1811 1057 1833 et
1071 1807 1149 1834 istius
1176 1808 1227 1841 ipsi
1253 1809 1395 1843 dignitatis
1415 1813 1487 1839 misit
1505 1813 1634 1848 insignia.
1661 1815 1710 1842 llic
1730 1817 1825 1845 Caesar

1033 1853 1115 1886 paulo
1131 1858 1193 1888 post
1206 1861 1305 1889 captus
1323 1857 1358 1883 ab
1386 1858 1523 1890 hostibus,
1554 1864 1583 1886 ut
1605 1868 1665 1896 cap.
1691 1864 1820 1897 sequenti

1033 1904 1126 1926 noster
1142 1900 1234 1932 tradit,
1257 1902 1302 1928 sed
1325 1910 1391 1936 pace
1414 1903 1485 1931 facta
1511 1905 1581 1932 liber
1605 1906 1748 1941 dimissus,
1775 1918 1823 1937 ur-

1032 1944 1094 1972 bern
1122 1944 1391 1982 Constantinopolim
1424 1954 1518 1983 postea
1538 1954 1672 1987 recepite
1702 1954 1820 1984 Latinis.

1033 1990 1098 2018 Post
1123 1992 1195 2026 quod
1217 1993 1315 2020 iterum
1345 1999 1451 2030 captus,
1468 2001 1494 2023 et
1525 1997 1553 2024 in
1586 1997 1663 2026 Italia
1691 2000 1824 2030 detentus

1033 2039 1174 2070 custodia,
1189 2038 1252 2065 inde
1269 2042 1471 2074 permutatione
1483 2051 1544 2071 cum
1559 2045 1669 2074 domina
1685 2047 1766 2075 Anna
1783 2057 1827 2076 re-

1033 2083 1144 2110 stitutus
1159 2089 1200 2111 est
1211 2086 1316 2118 patriae.

1068 2129 1133 2165 Pag.
1149 2130 1194 2158 91.
1215 2131 1381 2159 Modulatam
1394 2135 1499 2162 tussim.
1512 2136 1604 2164 Graece
1621 2138 1740 2172 ἐμμελὲς
1757 2139 1824 2174 βήτ-

1033 2185 1102 2203 τειν.
1119 2176 1261 2205 Consueta:
1276 2179 1448 2208 adttlatorum
1465 2189 1556 2209 voces.
1572 2183 1671 2211 Juven.
1695 2183 1756 2213 Sat.
1775 2194 1823 2214 In:

1033 2223 1157 2250 Laudare
1172 2230 1282 2257 paratus
1298 2226 1320 2251 si
1336 2225 1400 2252 bene
1414 2228 1540 2260 ructavit,
1554 2233 1608 2256 etc.

1070 2270 1134 2304 Pag.
1147 2270 1192 2297 92.
1209 2270 1294 2297 Nemo
1307 2277 1430 2299 contactu
1447 2273 1512 2308 ferri
1521 2277 1669 2310 candentis,
1681 2282 1736 2305 etc.
1754 2278 1826 2308 Sus-

1035 2312 1097 2340 tulit
1120 2313 1210 2340 adltuc
1227 2314 1351 2350 despota,
1369 2316 1417 2344 sed
1442 2318 1551 2346 inhians
1574 2320 1689 2354 imperio
1704 2321 1826 2352 Michael

1036 2359 1160 2393 iniquum
1176 2367 1256 2386 usttm
1271 2361 1397 2396 adigendi
1429 2370 1573 2392 accusatos
1592 2366 1737 2395 dubiorum
1767 2371 1827 2397 cri-

1034 2406 1137 2433 minum
1169 2407 1202 2434 ad
1229 2408 1416 2437 innocentiam
1456 2412 1624 2445 probandam
1656 2415 1825 2455 ancipitibus

1034 2452 1232 2486 experimentis
1260 2455 1456 2482 monomachite
1475 2461 1521 2483 attt
1546 2462 1689 2486 contactus
1724 2452 1825 2489 Inassze

1041 2499 1205 2532 candentis;
1222 2499 1256 2526 de
1269 2500 1370 2534 quibus
1387 2509 1437 2529 nos
1453 2510 1534 2537 supra
1552 2504 1584 2530 ad
1602 2512 1663 2539 pag.
1678 2506 1723 2533 55.

1069 2543 1134 2580 Pag.
1151 2544 1196 2572 94.
1224 2545 1291 2572 Vicit
1312 2551 1398 2574 tamen
1417 2548 1506 2575 divina
1534 2551 1744 2586 pro'destinalio,
1766 2558 1821 2581 etc.

1033 2591 1063 2617 In
1092 2591 1282 2620 evectionibus
1311 2593 1450 2621 hominum
1483 2596 1516 2622 ad
1549 2603 1631 2632 regna
1655 2599 1822 2632 peculiarem

1035 2642 1142 2670 semper
1156 2636 1320 2665 intervenire
1342 2637 1388 2665 Dei
1405 2640 1616 2674 providentiam,
1637 2651 1698 2678 quae
1715 2646 1821 2672 nultum

1034 2687 1068 2706 eo
1084 2679 1196 2714 perduci
1217 2682 1338 2716 patiatur
1355 2691 1408 2711 non
1426 2692 1489 2713 ante
1503 2686 1552 2713 sibi
1570 2687 1753 2723 designatum,
1772 2699 1821 2724 pro

1035 2729 1111 2752 certo
1128 2731 1155 2753 et
1177 2728 1259 2762 vulgo
1280 2733 1346 2756 noto
1362 2733 1488 2764 proponit
1514 2731 1572 2766 ipse
1599 2733 1711 2761 M.chael
1738 2736 1821 2770 infra,

1035 2778 1060 2805 p.
1077 2771 1140 2803 ‘254,
1166 2772 1208 2800 bis
1239 2774 1349 2803 verbis:
1383 2777 1437 2803 Καὶ
1461 2777 1536 2811 Θεὸν,
1566 2780 1645 2814 εἴπερ
1665 2781 1720 2807 τινὶ
1748 2781 1824 2811 ἄλλω

1036 2817 1170 2853 μεγίστῳ,
1189 2819 1237 2846 καὶ
1262 2821 1429 2849 καταστάσει
1461 2823 1599 2858 βασιλείας
1628 2826 1749 2854 συνιέναι
1775 2836 1824 2853 πι.

1034 2862 1177 2898 στεύιιμεν,
1193 2867 1248 2892 etc.
