1931 3069
139 151 204 184 1101

893 161 1012 192 ΝΟΤίΕ.

1697 170 1765 202 1102

173 211 236 245 Pag.
259 212 303 241 95.
332 214 408 246 Quoi
435 215 479 242 hic
500 215 600 243 dicitur
613 237 621 250 ,
652 217 770 244 solutum
787 225 801 244 a
817 216 923 253 synod'o
940 218 960 243 Α
976 222 1050 246 tuum
1069 221 1100 248 de
1113 221 1168 248 loro
1181 231 1239 256 suo,
1266 224 1316 250 nisi
1334 225 1512 257 pmnilcnlium
1545 227 1628 260 egeris
1655 228 1663 262 (
1683 230 1764 262 Apoc.

136 259 242 291 antiqui
265 260 395 295 religione
420 262 601 296 jurisjurandi
631 263 801 296 Michaelem,
825 264 926 298 quibus

135 306 300 339 exprimitur
313 308 414 339 verbis,
431 316 485 335 non
503 310 610 336 videtur
637 310 711 337 aliud
727 318 826 337 sonare
843 318 924 345 quam

136 351 292 379 declarasse
307 353 382 386 ipsos
397 355 462 389 quid
492 356 518 382 in
535 364 564 383 rc
594 362 677 388 esset.
696 363 722 385 et
749 358 833 394 638
860 367 927 386 con-

136 399 224 424 sultos
239 403 267 426 ιιι
282 400 411 427 doctores
432 403 609 436 respondisse
629 411 683 431 non
714 404 800 432 videri
828 406 924 432 vincu-

135 444 190 470 lum
208 445 308 478 prioris
333 446 406 474 illius
433 449 597 475 sacramenti
626 450 660 476 ad
689 450 740 476 hoc
764 455 870 485 tempus
893 459 925 478 ac

135 496 228 515 rerum
249 491 396 518 articulum
415 494 537 520 extendi.
555 495 717 530 Quanquam
732 497 753 524 si
769 497 855 525 αγιηοί
877 499 922 525 isti

134 541 160 563 et
178 540 243 563 tunc
262 537 295 563 ah
312 537 441 566 Ecclesia:
456 539 585 568 Romana“:
599 545 793 571 communione
812 545 922 572 discissi

134 584 273 610 antistites
290 585 409 619 aliquam
425 586 476 612 sibi
488 586 705 620 jurisdictionem
719 595 744 616 et
761 595 922 624 potestatem

134 629 204 655 ultra
232 629 272 657 fas
287 635 314 656 et
345 639 480 659 canonu-n
512 635 698 669 praescriptum
727 638 922 672 attribuerent,

133 676 293 712 minime\id
309 678 409 705 mirum
427 684 510 710 esset.
530 688 591 708 cum
609 683 672 709 talia
687 683 848 717 jamdudum
871 686 922 712 im-

132 729 205 755 pune
232 731 347 757 peccare
373 726 446 752 soliti
476 732 578 755 essent.
610 727 682 763 Ergo
698 730 803 760 ethoc.
825 732 922 759 utalia

132 776 194 800 qum
213 777 266 796 non
283 778 367 804 pauca
382 771 408 798 in
423 773 472 799 hac
487 773 598 800 historia
617 780 765 803 occurrent
778 777 915 804 schisma-

133 815 180 841 tici
196 817 320 843 auctoris
334 818 429 844 vitium
449 820 611 854 redolentia,
635 822 704 848 citra
733 823 920 858 prmjudicium

132 865 158 887 et
175 868 237 888 cum
253 863 381 891 cautione
396 865 486 892 debita
504 866 639 899 lcgantur.

167 907 234 941 (iap.
254 909 280 935 tt.
294 908 364 936 Loca
380 918 440 944 qum
458 911 504 938 hic
521 912 794 950 cilayPachymercs
816 924 848 943 ex
866 917 923 944 Ho-

132 959 208 980 mero
224 954 351 988 leguntur
369 957 395 983 in
414 956 495 984 Iliad.
517 958 546 990 Ι,
566 967 592 986 v.
607 960 679 987 ιιοε
703 961 820 996 Νήπιον,
846 963 924 990 οὓπω

132 999 214 1025 εἰδόθ’
229 1001 334 1034 ὁμοιίου
348 1002 478 1037 πολέμοιο
488 1025 495 1035 ,
514 1009 541 1032 et
565 1005 649 1034 Iliad.
664 1007 688 1041 δ,
704 1016 731 1035 ν.
747 1009 800 1036 520
813 1018 819 1036 :
841 1009 924 1036 Ἀ).λά

131 1053 162 1070 σε
180 1045 269 1080 γῆρας
282 1048 367 1082 τείρει
382 1049 497 1083 ὁμοίιον.
514 1051 553 1078 Ad
577 1061 658 1087 quem
688 1058 856 1088 postremum
881 1056 924 1082 lo-

130 1098 193 1118 cum
215 1097 293 1121 vcttts
321 1095 497 1126 scholiastes.
521 1104 601 1130 quem
636 1098 780 1134 Didymum
810 1100 922 1135 quidam

131 1141 240 1167 putant.
259 1137 298 1164 sic
313 1138 445 1166 adnotat:
471 1141 571 1168 ’ἰστέον
595 1142 670 1170 δ’ὄτι
682 1144 695 1169 ό
716 1145 832 1180 ποιητὴς
851 1155 923 1174 παν-

130 1183 214 1216 ταχοῦ
230 1184 259 1210 το
271 1185 375 1219 ὁμοίιον
387 1186 433 1213 ἐπὶ
446 1188 493 1213 τοῦ
522 1189 626 1222 φαύλου
651 1190 796 1224 λαμϐάνει.
830 1192 924 1223 Scien-

131 1228 197 1255 dum
212 1235 317 1263 poetam
334 1232 430 1267 ubique
447 1235 534 1262 simile
548 1244 596 1270 pro
622 1237 692 1264 malo
715 1247 828 1267 sumere.
851 1240 922 1268 Idem

130 1276 214 1302 tradit
226 1281 253 1303 et
266 1276 427 1306 Eustathius
441 1280 473 1307 ad
486 1288 547 1308 eum
562 1283 651 1310 locum
664 1291 691 1318 p.
705 1284 758 1311 476
771 1286 813 1312 ed.
828 1285 921 1319 Rom"

130 1321 234 1349 addens
250 1326 277 1349 et
292 1322 368 1351 hmo:
390 1325 491 1352 Ἀπίων
507 1327 574 1360 γοῦν
591 1329 639 1355 καὶ
657 1329 823 1363 Ἥρωδισινός
840 1341 922 1366 φασιν

129 1366 172 1393 δτι
196 1370 220 1395 ot
247 1369 457 1406 γλωσσογράφοι
482 1375 586 1408 ὁμοίιον
597 1374 670 1402 κατὰ
696 1376 830 1412 διαίρεσιν
856 1388 922 1414 φασι

129 1413 161 1439 τὸ
174 1415 259 1441 κακόν
272 1421 325 1444 ctc.
342 1417 379 1443 ibi
398 1419 522 1447 videnda.

165 1459 229 1495 Pag.
247 1462 307 1489 104.
326 1463 403 1496 Quod
421 1466 528 1492 omnino
546 1466 666 1500 futurum
693 1475 732 1496 est
751 1471 827 1499 nulla
844 1481 922 1508 posse

128 1506 271 1538 prudentia
289 1509 422 1540 pragvetti.
441 1510 530 1538 Semel
561 1514 686 1545 superius
705 1517 810 1550 monui,
865 1519 921 1548 ba'c

129 1550 162 1577 ad
178 1553 353 1580 astruendam
374 1562 484 1588 pravam
503 1557 536 1584 de
553 1557 608 1585 lato
634 1559 781 1589 humanam
804 1564 917 1592 liherta-
933 1557 954 1585 (ἶ

130 1601 184 1624 tem
199 1599 350 1632 perimente
370 1601 522 1629 doctrinam
553 1605 672 1640 cuipiam
703 1610 840 1641 pertinere
872 1613 919 1639 vi-

128 1643 256 1675 deantur.
278 1644 320 1680 [P
334 1647 408 1683 446]
425 1650 566 1677 erroribus
589 1653 710 1680 auctoris
736 1659 919 1691 accensenda,

129 1694 160 1715 ut
175 1690 242 1716 nihil
259 1696 356 1719 contra
374 1694 431 1720 vcri
450 1696 573 1731 certique
591 1698 729 1732 dogmatis
742 1703 920 1734 prescribcre

127 1735 319 1764 auctoritatem
333 1744 446 1772 queant.

163 1780 228 1817 Pag.
249 1783 312 1811 H3.
327 1784 436 1813 Nicetas
447 1787 585 1823 episcopus
603 1790 738 1819 Heraclem
757 1795 917 1823 mitteretur.

127 1826 253 1855 Grmca:
289 1831 434 1866 Πέμπουσι
470 1834 532 1866 τοὺς
569 1837 634 1872 περὶ
665 1838 712 1864 τὸν
753 1839 919 1875 Ἡρακλείας

127 1875 263 1911 Νικήταν.
280 1877 343 1906 Hzec
364 1885 428 1906 sunt
441 1888 473 1907 cx
493 1881 553 1909 cod.
570 1883 707 1912 Allatiano
722 1890 749 1913 et
765 1886 789 1914 ei
804 1895 920 1916 consen-

127 1923 211 1949 tiente
223 1923 365 1952 Vaticano.
376 1924 441 1952 Nam
454 1927 620 1956 Barherinus
633 1930 761 1964 habebat,
774 1934 918 1968 Πέμπουσι

127 1969 192 2000 τοὺς
206 1971 270 2005 περὶ
283 1970 328 1997 τὸν
346 1971 533 2008 Νικομηδείας
554 1975 694 2012 Ἰωάννην.
719 1977 822 2005 Tamen
845 1979 916 2007 idem

127 2015 214 2042 codex
230 2016 375 2044 lectionem
397 2019 525 2047 Allatiani
552 2023 702 2050 annotabat
730 2024 757 2051 in
781 2026 915 2059 margine,

128 2060 167 2086 uti
181 2064 208 2087 et
222 2061 376 2091 Allatianus
390 2063 511 2093 vicissim
528 2066 674 2095 lectionem
688 2068 798 2097 Barhcr.
818 2071 912 2104 Quare

131 2112 190 2133 eum
209 2107 249 2134 illi
272 2108 328 2135 duo
355 2110 477 2145 ambigui
503 2117 609 2146 essent,
633 2114 766 2150 suifragio
792 2115 916 2144 Vaticani

130 2160 163 2180 ns
176 2154 309 2189 dirempta
323 2160 382 2189 est;
399 2162 425 2184 et
440 2159 562 2185 omnium
588 2160 644 2194 jam
661 2168 796 2189 consensu
813 2164 915 2197 proba-

129 2203 184 2226 tam
206 2201 314 2228 cunctis
337 2202 444 2230 restitui
477 2204 634 2238 lectionem,
663 2214 694 2234 ex
728 2209 816 2242 ipsius
846 2209 917 2236 forte

129 2245 251 2272 auctoris
276 2248 450 2275 correctione
477 2254 577 2283 ortam,
599 2251 646 2285 qui
671 2253 745 2286 quod
773 2255 849 2288 prius
870 2262 918 2289 po-

128 2295 233 2322 suerat,
256 2292 407 2319 eutteudans
434 2296 594 2322 mutaverit.
623 2296 704 2324 Certo
723 2300 917 2332 pronuntiare-

127 2343 189 2363 mus
213 2336 246 2363 de
264 2344 303 2368 re,
319 2337 341 2364 si
357 2344 498 2366 constaret
513 2346 573 2368 utra
590 2341 616 2368 in
632 2343 755 2376 civitate,
787 2344 916 2374 Heraclea

127 2389 162 2408 an
189 2381 360 2414 Nicomedia.
385 2389 459 2412 esset
483 2388 680 2415 monasterium
707 2388 736 2416 S.
768 2389 915 2426 Diomedis,

126 2427 207 2462 cujus
222 2428 265 2454 hic
279 2429 392 2456 mentio.

163 2473 228 2509 Pag.
242 2474 304 2502 “5.
322 2474 399 2507 Quod
415 2477 610 2504 candelabrum
633 2481 767 2513 repetitur
788 2481 821 2508 ab
836 2482 919 2509 Arse-

127 2519 174 2546 nio
189 2520 216 2546 in
236 2521 342 2554 signum
362 2522 482 2549 abdicati
510 2524 622 2551 honoris
638 2525 839 2559 patriarcbalis,
854 2527 918 2556 inde

126 2565 236 2593 videtur
250 2566 363 2600 factum,
376 2569 449 2603 quod
465 2571 534 2604 apttd
548 2570 658 2599 erecos
675 2572 782 2607 insigne
795 2579 916 2607 potesta-

125 2612 160 2639 tis
173 2613 337 2647 episcopalis
355 2615 550 2643 candelabrum
575 2617 734 2644 haberetur.
753 2617 820 2644 Nam
838 2624 865 2646 et
888 2622 915 2647 iu

125 2658 290 2693 Apocalypsi
305 2665 408 2694 septem
433 2661 552 2696 episcopi
567 2663 639 2690 Asiae
660 2668 764 2698 septem
788 2666 916 2693 candela-

125 2705 237 2731 hrorum
254 2706 378 2740 symbolo
406 2708 602 2743 designantur;
631 2715 659 2736 et
684 2711 728 2738 ubi
755 2719 787 2738 cx
804 2712 846 2740 Itis
869 2714 915 2740 uni

125 2749 264 2785 Ephesino
282 2754 460 2781 comminatio
479 2748 774 2791 intentatureripiemli
790 2759 915 2791 honoris,

125 2804 156 2823 ea
181 2798 344 2832 cxprimittlr
370 2799 414 2827 his
438 2801 551 2828 verbis:
583 2801 691 2829 Manebo
723 2803 913 2831 candelabrum

979 273 1016 299 χι,
1032 267 1048 293 5
1061 266 1082 302 ).
1099 267 1138 295 Ne
1149 276 1214 295 vero
1230 270 1291 304 quis
1304 270 1336 297 ad
1352 271 1511 298 hodiernam
1522 275 1685 301 nostratium
1698 283 1764 301 con-

978 314 1148 340 suetudinem
1167 315 1224 342 lttec
1237 317 1349 350 exigens
1367 318 1435 344 forte
1461 321 1608 346 arbitretur
1636 322 1765 349 candela-

979 358 1055 384 brum
1074 359 1117 385 hic
1136 361 1247 394 intelligi
1267 363 1348 396 quale
1369 363 1490 397 pratfcrri
1510 374 1523 391 ιι
1548 366 1675 393 ministro
1692 368 1765 393 celo-

976 401 1122 431 brantibus
1157 406 1295 441 episcopis
1338 409 1428 441 solut,
1456 417 1587 444 argenteo
1621 413 1765 439 tuanuluio

977 456 1086 476 cereum
1103 451 1242 478 ardentem
1277 460 1400 487 portans.
1427 458 1499 490 quod
1528 459 1608 492 vulgo
1634 459 1660 484 in
1688 459 1763 485 Italia

977 494 1083 529 bugiam
1104 502 1201 524 vocant
1217 505 1243 526 et
1265 500 1335 526 iutcr
1354 502 1537 536 episcopalem
1567 505 1764 538 Sllpt'ilct‘lileltt

976 550 1124 572 censetur:
1159 555 1201 578 ne,
1236 548 1357 582 inquam.
1389 550 1414 576 id
1441 553 1539 579 habere
1571 554 1766 590 lorun1639

976 591 1074 624 possit.
1092 593 1194 622 obstat.
1212 594 1284 628 quod
1302 596 1497 623 candelabrum
1516 600 1594 625 cuius
1617 600 1660 626 hic
1685 606 1712 626 ct
1738 602 1764 627 iu

976 635 1044 664 locis
1060 637 1264 675 Apocalypseos
1281 643 1398 668 laudatis
1415 649 1457 670 est
1487 646 1601 678 locutio,
1635 654 1688 672 non
1720 655 1765 673 cc-

977 690 1051 709 reum
1069 684 1161 712 funale
1180 688 1309 720 prmtulit,
1328 689 1375 715 sed
1394 697 1440 716 vas
1458 691 1522 721 olei.
1539 691 1597 717 sive
1610 692 1763 727 lampadem

975 728 1046 755 intra
1078 738 1159 764 quam
1185 732 1246 759 oleo
1274 733 1403 761 innatans
1435 735 1602 769 ellychuium
1626 737 1763 764 llaunuaut

975 779 1136 808 conceptam
1162 777 1270 812 pinguis
1299 779 1414 812 liquoris
1449 789 1534 809 succo
1569 783 1666 810 aleret.
1700 785 1765 811 Tale

974 822 1074 855 quippe
1087 822 1138 849 fuit
1151 825 1346 852 candelabrum
1362 827 1533 855 tabernaculi
1550 831 1663 861 veteris,
1678 831 1763 858 Exod.
1806 818 1817 825 λ

975 874 1039 897 xxv.
1057 868 1102 900 51,
1118 874 1145 896 et
1168 877 1228 904 quae
1256 872 1288 898 ad
1318 873 1399 907 hujus
1423 875 1576 908 exemplum
1600 877 1763 904 candelabra

979 911 1071 939 decem
1087 920 1169 940 aurea
1187 914 1252 942 fecit
1265 915 1393 944 Salomon
1406 921 1433 944 et.
1458 919 1551 952 posuit
1572 919 1598 946 in
1617 921 1727 953 templo,
1743 920 1764 947 ll

978 957 1069 985 Paral.
1085 967 1124 989 tv.
1147 960 1171 987 7.
1202 962 1296 996 Itaque
1313 963 1378 990 etin
1407 964 1569 998 Apocalypsi
1599 967 1765 994 candelabra

979 1004 1038 1032 hmc
1054 1005 1162 1041 λυχνίαι
1177 1014 1320 1040 vocantur.
1335 1010 1408 1044 quod
1422 1010 1553 1046 cerigeris
1565 1011 1764 1041 instrumentis.

978 1052 1088 1085 opinor,
1105 1060 1158 1079 non
1177 1054 1316 1088 convenit,
1336 1056 1374 1082 uti
1393 1063 1443 1083 nec
1456 1064 1518 1091 quae.
1535 1057 1580 1084 hic
1596 1057 1766 1095 Gra'celeai-

979 1100 1024 1122 tur
1038 1105 1090 1124 vox
1107 1097 1310 1134 λαμπαδοῦχον.
1329 1101 1495 1135 Argenteum
1520 1110 1586 1130 vero
1604 1103 1668 1130 illud
1691 1104 1764 1130 cervi

977 1144 1156 1176 gestatorium
1172 1151 1186 1170 a
1201 1145 1303 1172 Gra-cis
1322 1147 1524 1174 recentioribus
1540 1148 1649 1175 videtur
1663 1157 1765 1183 μανου-

978 1189 1052 1215 άλιον
1064 1190 1153 1224 potius
1170 1191 1286 1218 dictum.
1302 1192 1409 1220 Nicetas
1422 1193 1449 1220 in
1471 1194 1575 1222 lsaacio
1592 1200 1620 1222 et.
1647 1196 1764 1224 Alexio:

977 1235 1018 1261 Τά
1031 1244 1060 1262 τε
1085 1237 1236 1269 μανουάλια
1258 1239 1306 1265 καὶ
1332 1239 1478 1274 κανδήλας.
1498 1240 1577 1268 Anna
1603 1241 1764 1273 Commena.

977 1281 995 1308 l.
1015 1290 1050 1308 xv
1072 1284 1237 1320 μανουηλήμ
1257 1287 1375 1320 appellat
1402 1287 1598 1315 candelabrum
1625 1295 1689 1316 ante
1713 1290 1765 1317 im-

978 1333 1130 1362 peratorem
1145 1332 1266 1365 praeferri
1281 1333 1405 1366 solitum,
1421 1341 1483 1361 cum
1500 1335 1586 1362 funali
1609 1336 1716 1364 scilicet
1736 1341 1764 1364 et

977 1380 1055 1401 cerea
1071 1376 1196 1403 candela.
1214 1377 1292 1409 Quod
1307 1378 1330 1405 si
1349 1379 1543 1406 candelabrum
1558 1387 1668 1415 quoque
1695 1388 1766 1414 pon-

977 1419 1096 1448 tiﬁcibus
1113 1423 1263 1456 praelatum,
1289 1433 1340 1452 usu
1358 1425 1486 1452 similium
1515 1434 1606 1453 rerum
1629 1428 1763 1455 vocabula

976 1467 1114 1499 vulgante,
1130 1470 1284 1503 reperiatur
1303 1472 1466 1505 μανουάλιον
1478 1477 1505 1499 et
1523 1473 1611 1507 ipsum
1627 1474 1730 1501 dictum
1748 1483 1764 1502 ιι

976 1511 1120 1541 I‘ltilutheo
1136 1516 1163 1542 in
1181 1515 1338 1550 Diaconico,
1352 1522 1441 1545 tamen
1456 1526 1510 1546 non
1530 1519 1567 1546 illi
1584 1528 1691 1552 cereus,
1715 1521 1763 1548 sed

974 1558 1080 1594 lampas
1100 1561 1302 1595 imponebatur,
1316 1569 1344 1590 ut
1360 1564 1430 1591 idem
1462 1565 1498 1591 ibi
1515 1566 1654 1597 observat,
1671 1567 1723 1593 Καὶ
1749 1567 1764 1592 ὁ

971 1605 1095 1636 διάκονος
1108 1607 1270 1642 (inquiens)
1286 1609 1395 1635 ἵσταται
1411 1610 1528 1642 δεξιόθεν
1544 1611 1626 1637 αὑτοῦ
1640 1613 1765 1646 κατέχων

973 1652 1138 1685 μανουάὶιον
1174 1654 1243 1688 μετὰ
1273 1655 1416 1689 λαμπάδος
1444 1657 1582 1692 ήμμένης.
1619 1658 1762 1693 Proprium

972 1704 1038 1731 ergo
1059 1698 1167 1725 videtur
1184 1700 1368 1728 ecclesiastici
1383 1707 1409 1727 ct
1422 1703 1587 1736 episcopalis
1603 1705 1762 1731 candelabri

972 1742 1125 1776 lampadem
1162 1753 1224 1772 cum
1261 1747 1321 1774 oleo
1341 1752 1460 1782 gestare.
1489 1748 1567 1776 Unde
1593 1750 1665 1777 forte
1688 1752 1761 1785 apu-l

972 1788 1132 1817 Zachariam
1152 1792 1327 1826 prophetam.
1344 1801 1369 1821 c.
1383 1794 1412 1826 4,
1425 1794 1560 1822 olivarum
1583 1803 1646 1823 cum
1661 1797 1764 1823 cando-

971 1832 1167 1863 lahromentio
1193 1837 1330 1872 jungitur.
1359 1838 1420 1866 Huc
1444 1840 1607 1867 crediderim
1634 1842 1763 1870 allusisse

971 1880 1128 1915 Synesium,
1145 1882 1209 1908 dum
1224 1884 1411 1918 episcopatum
1429 1885 1520 1912 ἐλαίου
1535 1891 1561 1913 et
1587 1887 1690 1919 ἐλαίας,
1709 1888 1762 1914 olei

970 1926 1085 1953 ctolit-(e
1107 1928 1240 1963 symbolis
1271 1931 1458 1958 aduinhravit.
1480 1932 1612 1961 Scribcus
1631 1933 1704 1960 enim
1729 1935 1763 1960 ail

970 1972 1086 2000 amicum
1106 1974 1152 2008 qui
1168 1975 1210 2001 sui
1228 1975 1362 2003 rationem
1380 1978 1500 2005 absentis
1527 1978 1623 2006 haberi
1643 1980 1762 2006 comitiis

969 2019 1172 2053 episcopalibus
1188 2021 1343 2056 cupiverat,
1375 2030 1426 2050 nec
1451 2031 1564 2058 compos
1589 2025 1674 2059 optati
1702 2031 1761 2051 erat

969 2064 1069 2095 factus.
1100 2073 1249 2101 serumque
1268 2076 1318 2095 nec
1346 2069 1403 2103 spei
1429 2069 1508 2097 alline
1532 2070 1588 2104 jam
1615 2071 1640 2097 id
1668 2078 1761 2098 voutm

969 2115 1039 2145 erat,
1056 2113 1128 2146 quod
1146 2113 1273 2140 omnibus
1291 2114 1383 2141 vacuis
1402 2114 1514 2142 sedibus
1542 2116 1664 2151 impositi
1689 2124 1762 2150 [ει-ιε-

969 2158 1042 2185 sides
1068 2159 1190 2193 episcopi
1212 2159 1347 2191 fuissent.
1369 2161 1393 2187 id
1418 2161 1506 2194 ipsutn
1541 2162 1644 2189 iudicat.
1680 2163 1761 2197 a-nig-

970 2204 1070 2230 matirc
1082 2204 1124 2231 his
1143 2205 1250 2231 verbis:
1269 2205 1302 2230 Ὂ
1313 2205 1366 2238 γὰρ
1378 2204 1470 2231 ἔλαιον
1486 2205 1517 2231 σύ
1534 2215 1562 2232 τε
1578 2206 1663 2238 ἀξιοῖς
1675 2228 1682 2239 ,
1705 2213 1758 2234 etc.

972 2253 998 2276 et
1021 2250 1103 2285 paulo
1123 2254 1185 2285 post
1199 2260 1206 2277 :
1223 2250 1285 2277 Οὐδ’
1300 2251 1377 2277 ἐλαία
1392 2250 1432 2282 τις
1443 2252 1517 2277 ἐστιν
1534 2251 1760 2287 ὲνοφθαλμισμά-

971 2306 1026 2323 των
1039 2298 1211 2332 ἑστερημένη
1222 2317 1228 2324 .
1241 2316 1248 2324 .
1261 2317 1267 2324 .
1281 2317 1288 2323 .
1306 2297 1349 2331 ἐφ’
1365 2294 1438 2333 ᾗπερ
1455 2297 1487 2323 ἂν
1502 2298 1516 2324 ὁ
1536 2298 1601 2332 ἡδὺς
1620 2298 1696 2331 φίλος
1712 2299 1759 2331 ἐγ-

972 2343 1156 2378 κεντριτθείη.
1176 2344 1209 2370 At
1229 2344 1325 2370 melius
1352 2343 1435 2370 fuerit
1464 2348 1547 2370 totam
1577 2344 1658 2371 istam
1675 2344 1761 2379 Sync-

971 2390 1040 2416 siani
1057 2397 1118 2417 vere
1136 2389 1304 2416 characteris
1320 2390 1478 2424 epistolam,
1499 2398 1559 2424 quae
1585 2390 1656 2417 inter
1671 2391 1761 2417 editas

969 2443 1023 2462 non
1040 2440 1180 2469 comparet
1194 2436 1245 2470 (α),
1262 2444 1295 2462 cx
1320 2436 1423 2470 optimo
1438 2435 1570 2463 Vaticano
1595 2437 1690 2463 codice
1716 2437 1759 2463 hic

968 2482 1136 2514 describere,
1152 2483 1281 2517 adjuncta
1297 2487 1389 2509 nostra
1409 2483 1636 2517 interpretatione
1649 2483 1757 2509 Latina.

969 2527 1015 2555 Sic
1030 2529 1112 2563 igitur
1125 2529 1207 2556 habet
1221 2537 1228 2555 :
1244 2529 1370 2554 Συνεσίου
1393 2528 1435 2564 [Ρ.
1451 2529 1516 2564 447]
1541 2530 1671 2564 ἐπιστολὴ
1687 2530 1758 2564 ρκγ’,

968 2575 1037 2608 πρός
1053 2583 1114 2600 τινα
1132 2575 1186 2601 τῶν
1206 2575 1322 2609 ἑταίρων
1338 2575 1494 2609 ἐπισκοπὴν
1513 2576 1546 2601 ἐκ
1562 2576 1700 2610 μακρόθεν
1717 2577 1760 2602 αε-

967 2622 1089 2656 τήσαντα
1104 2622 1174 2655 μετὰ
1197 2621 1247 2656 τὴν
1269 2621 1324 2647 τῶν
1340 2621 1499 2648 ἐπισκόπων
1521 2622 1759 2651 ἀποκατάστασιν.

969 2667 1005 2694 Τὸ
1022 2667 1176 2701 σοφώτατον
1189 2668 1318 2702 γράμμα,
1337 2672 1391 2695 clc.

1003 2713 1177 2749 θήῃ-64],
1200 2713 1266 2747 Cap.
1277 2713 1319 2740 19.
1329 2712 1371 2748 [Ρ.
1380 2713 1444 2749 HS]
1455 2713 1538 2741 Valde
1547 2713 1654 2741 videtur
1663 2718 1761 2742 notan-

968 2759 1033 2786 dum
1056 2759 1193 2786 somnium
1215 2759 1267 2786 hoc
1285 2759 1475 2794 propheticum
1501 2760 1622 2787 oblatum
1657 2759 1757 2787 Joanni

970 2804 1059 2832 Vccco
1075 2809 1100 2832 et
1113 2805 1299 2832 testimonium
1313 2805 1385 2839 quod
1404 2805 1477 2833 illius
1491 2805 1551 2833 fidei
1568 2814 1598 2834 ac
1612 2806 1756 2834 voracitati

156 2886 192 2919 (α)
207 2888 294 2914 Exstat
305 2888 330 2914 in
341 2892 422 2915 nostra
433 2891 542 2917 editione
553 2892 660 2924 Operum
674 2893 782 2924 Synesii.
795 2894 856 2919 Vide
867 2895 1023 2926 tom.‘LXVl,
1034 2894 1080 2919 col.
1095 2893 1162 2919 1559.
