1931 3069
162 139 230 170 111ἶ3

619 132 654 172 1⁷.
675 134 1175 173 rossmfonssm'artouun
1197 143 1270 173 LIB.
1290 145 1329 174 II.

1721 143 1793 176 1108

161 198 352 232 Pachymcrcs,
363 197 401 223 illi
412 197 491 229 alias,
501 197 546 224 ubi
557 197 588 224 de
597 198 800 224 conct‘ialionis
813 196 949 224 Ecr-lcsia-
962 198 985 226 A
1000 199 1219 232 repudientur-ct
1236 201 1410 234 corrigantur
1421 207 1436 227 a
1450 199 1585 234 prudente
1597 199 1697 227 lectore
1710 200 1790 234 juxta

162 251 222 270 rum
235 244 342 277 negotio
355 244 455 278 agitur,
469 251 562 278 parum
574 251 680 277 aequus,
695 243 793 274 reddit.
807 242 870 269 dum
883 250 946 269 cum

162 289 297 324 φιλαληθῆ
321 290 362 320 εἰς
383 290 473 315 πίστιν
500 289 554 315 τῶν
575 290 729 323 λεγομένων
758 290 842 316 fuisse
868 288 945 318 dicit.

163 337 213 363 ilOC
230 341 271 363 est
289 336 409 363 veritatis
427 341 575 366 amantem,
602 341 629 362 et
646 336 689 363 cui
708 341 766 362 tuto
784 335 855 369 quod
876 335 948 362 alIir-

163 382 253 408 mabat
263 382 432 409 crederetur.
445 381 520 408 Unde
537 382 716 415 intelligimus
727 390 786 415 quzc
796 381 839 407 ille
849 380 947 407 deinde

164 428 247 453 tnttlta
267 434 417 460 magnaque
438 435 485 460 pro
506 427 610 453 lminis
629 432 723 453 contra
741 428 851 454 Griecos
877 426 948 453 scri-

164 474 216 507 psit
230 478 255 500 et
269 473 348 502 di\it.
375 481 455 507 quam
479 474 513 499 ob
531 473 606 500 Omni
620 474 782 508 exceptione
799 473 903 500 fraudis
919 476 947 500 et

162 519 216 545 fuci
233 519 320 545 aliena
337 520 449 546 debeant
471 519 574 546 haberi.

198 565 262 597 l’aa.
280 565 340 591 litt.
368 564 398 591 In
415 565 550 593 sttbttrbio.
565 565 645 592 Forte
667 567 756 599 aptius
773 566 945 599 scripsissem

170 612 196 638 in
214 611 376 638 suburbano.
394 611 458 636 Nam
474 611 635 638 snbtuhinnt
662 611 768 638 videtur
786 612 861 639 locus
886 611 947 639 urbi

162 657 297 684 adntotior
311 665 392 691 quam
412 657 454 683 hic
469 657 618 688 indicatus.
633 657 733 692 quippe
753 658 785 684 ad
801 658 946 692 septimum

1001 244 1100 279 placita
1117 245 1261 272 orthodoxi
1276 247 1423 280 dogmatis.

1038 289 1104 325 Pag.
1123 291 1184 318 Ml.
1203 291 1391 318 Monasterittm
1416 291 1451 318 ad
1477 290 1588 318 Fontem
1605 291 1695 318 situm.
1712 290 1792 318 Hunc

999 337 1101 365 fontem
1117 344 1141 365 et
1160 339 1248 365 locum
1276 340 1407 367 describit
1424 340 1576 374 Procopius
1590 339 1608 366 1.
1625 347 1632 365 t
1651 339 1718 373 Περὶ
1732 348 1792 365 κτι-

1000 384 1121 418 σμάτων,
1135 392 1160 411 e.
1182 386 1208 416 5,
1224 386 1288 411 dum
1306 387 1399 419 templi
1413 386 1440 412 in
1461 386 1592 411 honorem
1613 385 1633 410 ῐ)
1651 385 1736 419 iparaa
1752 385 1791 412 ibi

999 437 1014 456 a
1031 429 1187 456 Iustiniano
1202 431 1303 457 conditi
1322 431 1448 458 meminit
1476 431 1519 457 his
1545 431 1652 458 vctb'ts:
1675 431 1792 463 Ἕτερον

999 475 1027 501 δὲ
1039 475 1112 510 ἱερὸν
1123 476 1190 510 αὐτῇ
1204 477 1248 511 (τῇ
1267 477 1396 510 Θεοτόκῳ)
1406 477 1435 502 ἐν
1447 475 1528 510 χώρῳ
1540 476 1700 510 καλουμένῳ
1710 477 1791 510 Πηγῇ

1000 521 1145 556 ἀνέθηκεν.
1162 522 1296 549 Ἑνταῦοὰ
1317 523 1375 548 ἔστι
1389 522 1470 552 δάσος
1484 523 1673 556 κυπαρίσσων,
1687 521 1793 556 λειμὼν

1000 569 1029 595 ὲν
1042 569 1158 598 ἁπαλαῖς
1171 570 1231 600 ταῖς
1244 569 1376 604 ἀρούραις
1391 569 1513 602 τεθηλὼς
1527 568 1631 599 ἄνθεσι,
1657 567 1794 601 παράδει-

1000 622 1046 644 σος
1075 612 1197 647 εὐφορῶν
1228 612 1264 638 τὰ
1288 613 1388 647 ὡραῖα,
1415 613 1490 647 πηγὴ
1512 612 1633 646 ἀψοφητὶ
1651 611 1793 645 βλύζουσα

999 659 1114 692 γαληνὸν
1134 659 1164 685 τὸ
1190 658 1261 692 ὕδωρ
1281 659 1329 685 καὶ
1344 658 1471 692 πότιμον.
1493 657 1556 685 Haec
1583 658 1646 684 ille:
1662 666 1722 692 quae
1751 658 1794 684 sic

162 703 233 729 situs
251 703 378 737 lapidem.
397 702 522 729 Nondum
542 708 631 729 tamen
652 711 694 730 me
710 703 767 736 ipse
782 700 982 730 condemno.‘
1001 704 1105 730 Latinis
1122 708 1221 730 sonant
1240 712 1272 731 ex
1292 705 1409 738 eleganti
1436 704 1664 738 interpretatione
1680 704 1794 730 Claudii

161 749 209 782 qui
226 749 310 775 sciam
327 749 352 775 in
379 750 506 776 maximis
522 753 548 775 ct
564 750 647 783 regiis
674 749 788 775 urbibus
817 749 946 776 subuthia

163 794 299 821 interdum
320 795 352 820 ad
369 794 461 821 tlccetn
476 798 502 820 et
518 795 587 820 ultra
606 794 730 820 milliaria
749 794 858 820 extrudi
882 801 948 820 Con-

1003 749 1121 776 Maltreti
1146 750 1254 776 nostri:
1271 743 1368 776 Eidem
1389 749 1533 784 (Di-iptrzc)
1560 749 1686 783 templum
1716 750 1795 776 aliud

999 797 1115 822 condidit
1131 795 1325 828 (Justiuianus)
1335 798 1405 830 apud
1419 796 1526 824 Fontem
1540 807 1546 824 :
1559 797 1596 824 sic
1606 797 1692 824 locum
1703 797 1798 831 appel-

162 840 238 866 tiuua
255 839 311 865 fere
326 840 398 866 serit-
416 840 554 867 villarum.
580 840 671 866 Romae
695 849 761 866 sane
780 840 949 872 longiuscule
965 861 987 890 Β
1001 843 1077 874 lant;
1096 843 1122 868 in
1135 851 1185 877 quo
1202 843 1390 876 opacissimum
1414 849 1452 870 est
1468 847 1665 877 eupressetum;
1681 843 1796 878 ﬂoribus

162 886 333 920 procurrisse
354 887 386 911 ab
401 888 467 911 urbe.
484 885 613 911 sttlturbia
631 885 686 919 jam
717 890 782 912 tunc
798 893 856 911 εειό
872 885 950 911 Circ-

164 932 251 962 ronis,
267 931 330 957 indh
342 931 368 957 io
381 937 418 957 cst
436 932 506 964 quod
523 932 638 964 legimus
653 931 770 964 Philipp.
786 931 850 958 Xll:
871 930 950 957 Hisce

162 984 261 1009 egomt:
276 976 323 1002 viis
347 976 521 1006 committam,
548 977 591 1009 qui
619 977 800 1002 terminulilms
829 983 911 1009 nuper
922 976 950 1002 in

161 1023 325 1053 subiti-bium,
344 1029 368 1048 tu
385 1023 474 1049 ειιιίειιι
497 1024 538 1049 die
556 1028 707 1054 rererlerer,
733 1023 770 1049 ire
793 1031 844 1049 non
868 1031 948 1049 ausus

161 1071 232 1096 sint?
255 1070 321 1097 l'tnt
343 1070 376 1096 de
395 1070 445 1095 hoc
471 1070 517 1101 sit,
540 1070 604 1096 illtul
633 1070 741 1103 quidem
768 1074 871 1096 certum
896 1074 949 1100 est,

162 1116 332 1146 "l‘itIIOIliIln_
350 1117 382 1142 dc
398 1125 453 1151 quo
480 1123 573 1143 noster
588 1117 639 1143 hoc
657 1116 727 1146 loco.
748 1123 845 1142 nomen
864 1115 948 1142 fuisse

160 1163 311 1189 stulturlratti
330 1162 569 1196 Constantinopoli
586 1161 715 1195 disjnneti
738 1161 892 1187 miliarihtts
906 1168 949 1187 Sc-

162 1213 246 1240 ptcm.
266 1213 344 1242 prout
360 1209 467 1237 erudite
481 1209 652 1234 demonstrat
677 1207 809 1233 Nicolaus
824 1207 951 1232 Alaman-

162 1261 212 1280 nus
226 1253 302 1279 Notis
322 1254 354 1279 ad
373 1261 397 1280 e.
421 1253 451 1280 15
479 1253 604 1280 Historia)
632 1261 737 1280 arcame
765 1253 902 1288 Procopii,
916 1260 950 1279 ex

161 1299 285 1331 Socrate,
304 1300 456 1326 Sozotnetm
472 1305 498 1325 et
515 1300 609 1326 Idalio.

197 1346 264 1378 Cap.
282 1345 327 1372 Ἦ.
346 1346 495 1379 Postquam
513 1353 556 1372 res
572 1345 693 1375 Persica,
706 1346 776 1380 quod
795 1347 839 1372 hic
856 1353 952 1373 narra-

162 1394 217 1421 tur,
236 1390 381 1417 succubuit
410 1390 558 1422 Tocharis,
575 1391 682 1417 videtur
708 1392 857 1425 contigisse
875 1390 948 1425 quod

162 1441 256 1463 noster
281 1445 307 1470 p.
332 1437 364 1463 18
395 1437 498 1468 retulit,
515 1443 543 1463 ut
572 1444 709 1471 pugnaces
728 1438 838 1470 quidam
859 1437 949 1464 Persa:

162 1489 259 1515 parere
288 1482 422 1509 'l‘ochatis
447 1483 596 1516 dedignati,
611 1490 688 1509 arces
712 1482 828 1509 Romani
856 1483 950 1511 limitis

161 1536 261 1556 vexare
277 1529 409 1563 ceperint.
428 1537 496 1563 quas
509 1535 535 1556 et
549 1529 657 1555 tandem
676 1533 878 1563 expugnarunt.

198 1575 262 1608 Pag.
290 1575 350 1602 154.
369 1574 428 1601 Non
441 1576 500 1602 inde
514 1575 548 1602 ad
562 1576 696 1609 proprium
718 1577 813 1602 victum
837 1584 948 1603 sumere.

162 1619 265 1647 Graecis
281 1620 336 1646 illis
354 1620 546 1653 respondentia
565 1630 572 1648 :
590 1621 723 1655 Φέροντας
741 1621 763 1647 δ’
779 1621 878 1653 ἔξωθεν
893 1623 952 1647 ἐπι-

161 1665 266 1692 τάττων
288 1665 450 1696 σιτίζεσθαι.
474 1665 537 1693 Ηεείτ
563 1666 694 1693 videntur
727 1674 741 1692 a
773 1667 951 1701 paraphraste

165 1711 295 1738 Vaticano
310 1720 362 1738 non
378 1712 528 1743 intellecta,
542 1718 572 1738 ιιι
588 1721 642 1739 non
660 1721 722 1739 raro
743 1713 812 1739 alias
829 1713 950 1739 aberrat.

162 1757 214 1784 Pro
232 1758 274 1785 his
290 1759 361 1785 enim
375 1758 416 1784 sic
434 1758 526 1792 ponit:
545 1757 681 1792 Φέροντας
695 1757 718 1783 δ’
741 1757 841 1789 ἔξωθεν
855 1757 884 1782 τὸ
901 1756 951 1791 μὲν

161 1805 263 1839 ἀρκοῦν
278 1804 324 1830 τοῦ
352 1805 425 1830 σίτου
442 1804 572 1839 χρῆσθαι,
584 1804 615 1830 τὸ
635 1803 664 1830 δὲ
690 1804 771 1830 πλέον
791 1803 871 1830 πάλιν
885 1804 952 1829 ἀπο-

159 1851 293 1877 τίθεσῐιαι.
320 1850 402 1884 Atqui
426 1850 455 1876 τὸ
482 1850 582 1882 ἔξωθεν
597 1857 629 1876 ex
657 1853 748 1877 mente
770 1851 892 1876 auctet-is
915 1849 950 1876 ad

161 1897 310 1928 σιτίζεσθαι
327 1898 464 1928 rcfettur;
481 1901 509 1923 ιιι
525 1896 642 1923 voluerit
658 1896 740 1931 642
764 1895 885 1922 Joannes
902 1896 952 1922 im-

161 1949 271 1978 perator
285 1944 392 1977 bajnlos
407 1944 537 1970 frumenti
553 1943 702 1978 reponendi
716 1943 743 1969 in
757 1942 867 1969 arcibus
881 1942 951 1968 nihil

161 1990 224 2017 inde
240 1990 328 2017 obiter
358 1990 483 2017 minuere
507 1989 540 2016 ad
555 1990 695 2023 proprium
719 1989 832 2019 victum.
850 1988 897 2014 sed
916 1987 951 2015 iis

161 2035 272 2062 aliunde
288 2035 424 2070 assignari
441 2036 513 2062 unde
531 2036 559 2061 in
575 2035 622 2061 tali
639 2034 681 2061 via
696 2041 729 2061 ac
741 2033 894 2061 tninisterio
907 2041 952 2061 ve-

161 2087 288 2108 scerentu
294 2090 314 2108 Γ.

198 2127 261 2157 Pag.
279 2127 340 2155 HO.
359 2126 433 2154 Idem
449 2127 492 2153 ille
510 2127 684 2154 Cutrilzaees.
700 2126 799 2153 Mentio
814 2125 952 2154 Cntritza-

162 2175 203 2201 cis
221 2174 247 2200 in
277 2174 380 2201 Graecis
403 2174 485 2200 editis
501 2182 552 2200 uolt
580 2177 720 2208 comparet
735 2182 741 2200 :
759 2174 803 2200 illa
817 2173 888 2200 enim
905 2180 952 2199 ex-
967 2191 990 2219 Β

161 2229 256 2256 pressa
286 2226 350 2248 sunt
377 2229 409 2248 ex
438 2221 498 2247 cod.
528 2220 638 2247 Barber,
663 2226 691 2247 et
726 2218 868 2254 Allat,[l’.
887 2218 949 2254 M9]

161 2275 278 2301 quorum
295 2267 322 2293 in
344 2271 440 2293 neutro
457 2267 566 2301 legitur.
588 2265 730 2300 Supplevit
758 2270 848 2292 autent
878 2269 951 2292 recte

161 2313 330 2339 Vaticanus:
358 2317 399 2339 est
415 2313 487 2339 enim
507 2313 540 2339 ad
571 2312 736 2339 sententiam
761 2311 950 2346 explicandam

162 2358 329 2386 necessaria.
358 2358 404 2384 ille
433 2358 474 2384 sic
503 2359 601 2385 habet:
623 2358 717 2392 Ὅμως
744 2357 825 2388 αὐτὸς
842 2354 918 2388 οὗτος
937 2357 952 2382 ὁ

162 2405 372 2439 Κουτριτζάκης
396 2405 440 2429 τὸν
475 2404 555 2429 τόπον
581 2403 671 2434 καλῶς
692 2403 884 2438 ἐπιστάμενος.
910 2402 950 2429 Ex

160 2458 216 2484 quo
230 2458 280 2476 nos
297 2454 384 2476 totum
398 2450 485 2476 locum
499 2450 539 2476 sic
553 2449 751 2476 restituendum
768 2449 949 2484 putabamus:

161 2497 225 2528 Τοῖς
242 2496 471 2530 ὑποϐαλλομένας
485 2496 638 2530 προσέχων,
653 2495 722 2530 ὁμοῦ
736 2497 791 2531 γὰρ
808 2495 890 2527 αὐτὸς
904 2492 950 2521 οὖ-

160 2551 205 2573 τος
225 2544 238 2569 ὁ
259 2542 467 2577 Κοντριτζάχης
494 2540 523 2569 εὖ
552 2542 630 2574 εἰδὼς
644 2542 699 2568 τῶν
727 2543 818 2568 τόπων
845 2542 949 2577 συνῄει.

161 2588 227 2621 Quae
243 2589 365 2616 inserere
386 2590 593 2616 contextninon
618 2589 691 2622 ausi,
704 2595 795 2616 tamen
817 2590 951 2624 interpre-

161 2635 246 2662 tando
264 2636 472 2670 expressimus:
498 2634 644 2662 manifeste
669 2635 769 2669 quippe
796 2641 893 2661 manca
910 2639 952 2662 est

160 2680 287 2708 codicum
309 2681 426 2708 aliorum
454 2680 534 2708 lectio
548 2702 556 2714 ,
570 2688 621 2708 nec
638 2688 748 2708 sensum
765 2688 812 2716 per
830 2688 860 2708 se
877 2688 951 2708 cont-

160 2725 273 2753 modutn
289 2726 381 2753 ellicit.

197 2771 259 2806 [διε.
270 2770 329 2799 159.
344 2771 403 2799 Jam
416 2771 486 2807 quod
500 2772 543 2799 hic
558 2776 650 2800 noster
661 2771 951 2806 inevitabilia/fictione

160 2824 222 2844 esse
236 2817 275 2844 ait
290 2817 395 2846 decreta
423 2817 608 2853 providentiae,
636 2818 659 2845 si
684 2817 729 2844 cui
750 2817 897 2844 vidcantur
916 2818 949 2844 ad

162 2863 319 2891 damnatam
337 2864 430 2892 fatalis
450 2864 626 2893 necessitatis
642 2864 795 2892 doctrinam
811 2867 946 2898 spcctare,

901 2985 911 2998 I

1004 889 1076 916 malli
1102 889 1159 915 solo
1175 889 1342 924 surgentibus
1358 896 1464 923 pratum
1488 895 1577 916 vernat
1594 898 1603 922 ;
1623 890 1706 922 pomis
1729 897 1798 915 επη-

1004 935 1077 962 bernt
1092 935 1269 967 uiridarium;
1295 935 1354 968 fons
1383 936 1466 961 tacita
1489 936 1649 970 scaturigine
1672 934 1758 961 lenem
1770 939 1798 960 et

1004 981 1106 1007 dulcem
1121 988 1217 1014 aquam
1231 980 1356 1014 effundit.
1371 981 1525 1015 Templum.
1540 985 1569 1008 ut
1585 982 1637 1008 alia
1650 982 1796 1015 pleraque.

1005 1028 1216 1054 ettstodicndum
1232 1032 1273 1054 est
1298 1027 1428 1053 traditum
1448 1027 1600 1056 monachis.
1619 1027 1720 1060 quibus
1748 1026 1800 1052 do-

1006 1072 1139 1098 mieilium
1164 1077 1315 1098 astructum
1334 1071 1377 1098 hic
1393 1072 1587 1098 monasterium
1604 1071 1701 1098 Fontis
1724 1070 1799 1097 diri-

1003 1121 1058 1143 tur.
1076 1115 1141 1143 Erat
1158 1122 1247 1143 autem
1264 1116 1290 1143 id
1305 1116 1400 1148 situm,
1418 1123 1446 1142 ιιι
1463 1116 1533 1143 idem
1548 1117 1700 1149 Procopius
1713 1115 1798 1149 paulo

1004 1166 1064 1195 post
1079 1162 1169 1194 docet,
1184 1169 1267 1196 prope
1283 1165 1388 1196 portam
1405 1162 1535 1192 Auream,
1551 1160 1670 1195 ἄγχιστα
1687 1169 1726 1194 πη
1739 1160 1800 1186 τῶν

1002 1208 1117 1243 Χρυσῶν
1133 1207 1308 1241 καλουμένων
1331 1206 1435 1234 πυλῶν.
1451 1206 1512 1233 Haec
1528 1210 1570 1234 est
1595 1211 1672 1240 porta
1690 1205 1799 1238 Fontis,

1003 1254 1084 1287 cujus
1108 1254 1188 1287 paulo
1215 1253 1330 1280 inferius
1348 1253 1529 1288 Pacltymeres
1555 1253 1688 1279 meminit.
1719 1252 1799 1278 lde.tt

1003 1300 1078 1333 alibi,
1100 1307 1197 1334 nempe
1214 1307 1239 1333 p.
1255 1300 1306 1326 160
1321 1319 1329 1331 θ
1347 1300 1474 1334 Χρυσέαν
1496 1299 1585 1334 πύλην
1600 1300 1718 1325 Auream
1735 1305 1801 1331 por-

1003 1351 1055 1372 tam
1077 1345 1203 1380 appellat.
1217 1345 1319 1372 Auctor
1334 1344 1475 1371 Pandech
1496 1343 1568 1370 Hist.
1587 1343 1665 1370 Ture.
1691 1351 1714 1369 c.
1741 1343 1799 1369 200

1006 1391 1140 1426 Sclybrite
1159 1395 1264 1425 portam
1283 1391 1383 1417 dictam
1399 1398 1510 1425 quoque
1524 1390 1581 1416 ait:
1598 1388 1665 1416 Inde
1679 1389 1797 1423 (inquit)

1002 1439 1153 1472 pervenitur
1163 1437 1197 1463 ad
1210 1437 1338 1463 decimam
1356 1443 1469 1468 sextam,
1482 1435 1601 1463 videlicet
1618 1435 1745 1469 Silybria:
1757 1436 1799 1461 vel

1005 1485 1132 1519 Selybriaz
1159 1488 1275 1518 portant,
1291 1490 1350 1517 quae
1367 1491 1381 1509 a
1412 1482 1511 1516 priscis
1527 1481 1624 1516 Χρυσῆ
1639 1481 1729 1514 πόρτα
1756 1481 1798 1507 uel

964 1523 985 1551 (ἶ
1003 1532 1090 1558 Aurea
1114 1536 1190 1564 porta
1207 1530 1406 1556 nominabatur.
1426 1528 1498 1555 Nam
1512 1533 1588 1555 extra
1605 1532 1708 1558 portam
1725 1527 1797 1553 hanc

1001 1582 1039 1603 est
1054 1576 1182 1611 hodieque
1199 1574 1279 1605 Fons.
1295 1575 1338 1609 qui
1352 1575 1517 1610 χρυσοπηγή
1538 1573 1577 1600 vel
1594 1581 1689 1599 aureus
1703 1573 1763 1606 fans
1778 1580 1797 1599 α

1007 1623 1110 1651 Gratis
1136 1623 1245 1657 antiqua
1275 1623 1381 1649 nomine
1409 1622 1517 1653 dicitur,
1546 1619 1656 1647 celebris
1696 1619 1725 1646 in
1753 1627 1799 1646 eo-

1001 1678 1058 1696 rum
1088 1669 1218 1698 historiis.
1236 1676 1294 1703 qua:
1311 1675 1490 1702 smpenumero
1516 1666 1614 1702 palatii
1634 1665 1725 1700 πηγῆς
1738 1665 1794 1692 sire

1002 1715 1083 1750 fontis
1100 1717 1255 1741 mentionem
1267 1714 1381 1748 faciunt,
1396 1718 1420 1740 et
1436 1713 1526 1748 templi
1538 1712 1662 1743 θεῖναι-ιε
1685 1711 1798 1746 virginis

1001 1761 1035 1787 ad
1047 1761 1139 1795 πηγήν
1154 1761 1206 1788 sive
1220 1761 1329 1794 fontem.
1344 1760 1382 1786 Ita
1396 1759 1452 1786 ille.

1037 1806 1102 1842 Pag.
1129 1807 1189 1834 150.
1215 1807 1244 1833 In
1269 1807 1312 1834 bis
1343 1806 1447 1834 Graecis
1478 1801 1570 1833 verbis
1601 1805 1795 1835 καταστάντος

1007 1854 1077 1880 κατὰ
1093 1853 1186 1888 χώραν
1207 1852 1377 1885 ὑπνούντων,
1393 1852 1445 1879 etsi
1461 1859 1493 1878 ex
1509 1851 1589 1878 codd.
1604 1851 1716 1886 optimis
1730 1850 1798 1877 Bar-

1004 1899 1063 1926 ber.
1080 1903 1107 1926 et
1124 1899 1206 1926 Allat.
1222 1906 1284 1926 cum
1303 1898 1356 1925 ﬂde
1382 1905 1511 1931 expressa
1525 1897 1606 1933 643
1623 1902 1697 1929 suttt,
1715 1905 1797 1924 men-

1002 1946 1067 1973 dum
1085 1946 1156 1972 inest
1179 1953 1234 1972 non
1261 1945 1386 1972 dubium.
1402 1943 1472 1976 Quid
1490 1944 1563 1970 enim
1580 1944 1643 1970 illnc
1659 1943 1725 1970 facit
1742 1951 1797 1969 vox

1003 1991 1160 2018 ὖπνούντων
1173 1991 1261 2017 locum
1277 1997 1418 2025 occupans
1434 1989 1572 2019 vocabuli.
1588 1989 1660 2023 qttod
1674 1996 1793 2023 respon-

1003 2036 1066 2064 deat
1082 2036 1227 2071 partieipio
1239 2035 1447 2066 καταστάντοςῖ
1464 2035 1545 2062 ﬂecte
1557 2035 1640 2069 igitur
1654 2039 1680 2062 et
1693 2042 1725 2061 cx
1740 2042 1798 2061 me-

1004 2083 1078 2114 liori,
1092 2082 1202 2117 opinor,
1219 2081 1367 2116 exemplari
1386 2089 1436 2116 pro
1460 2081 1619 2107 ὑπνούντων
1645 2080 1797 2108 Vaticanus

1003 2128 1079 2162 petiit
1106 2127 1274 2162 πνεύματος,
1302 2135 1384 2154 sensu
1401 2126 1458 2161 jam
1477 2126 1570 2162 plano,
1600 2133 1681 2160 quem
1698 2130 1725 2152 et
1745 2133 1798 2152 nos

1004 2174 1032 2200 in
1047 2173 1274 2208 interpretatione
1288 2174 1437 2200 tenuimus.
1454 2172 1522 2204 Quae
1535 2176 1688 2206 sequuntur
1705 2172 1731 2198 itt
1748 2172 1798 2198 iis-

1003 2219 1064 2246 dem
1079 2219 1159 2246 codd.
1178 2218 1198 2244 Β
1216 2225 1243 2246 et
1268 2219 1301 2251 A,
1319 2219 1492 2252 desperatam
1514 2217 1721 2252 perplexitatem
1748 2216 1799 2243 ha-

1001 2266 1077 2297 bent,
1103 2269 1229 2298 auctore,
1254 2270 1284 2292 ut
1308 2264 1389 2297 solet,
1415 2268 1469 2291 tam
1494 2265 1522 2291 in
1538 2263 1646 2290 delectu
1668 2270 1751 2297 quam
1769 2264 1797 2290 in

1001 2313 1184 2340 collocatione
1210 2313 1358 2340 verborum
1376 2311 1486 2338 obviam
1517 2310 1681 2337 facilitatem
1697 2310 1796 2337 sedulo

1002 2359 1133 2394 fugiente.
1151 2357 1301 2385 Vaticanus
1313 2365 1344 2384 ea
1355 2356 1517 2391 compendio
1532 2361 1560 2383 et
1575 2356 1682 2383 clarius
1696 2356 1730 2382 de
1742 2364 1795 2382 suo

1002 2405 1162 2439 exprimens
1177 2405 1217 2431 sic
1233 2404 1316 2431 habet
1331 2412 1338 2431 :
1358 2402 1416 2430 Εἶτ’
1430 2403 1478 2429 ἐάν
1494 2411 1520 2428 τι
1535 2402 1600 2436 περὶ
1623 2401 1657 2428 τὶ
1673 2400 1794 2434 αἰσθητὰ

1003 2451 1136 2486 συμϐαίη,
1161 2451 1198 2486 μὴ
1225 2449 1413 2480 καταστάντος
1429 2448 1500 2476 κατὰ
1526 2448 1619 2483 χώραν
1640 2447 1686 2473 τοῦ
1707 2447 1794 2473 πνεύ-

1003 2505 1088 2531 ματος
1110 2496 1134 2522 si
1153 2495 1202 2530 μὲν
1218 2495 1322 2530 ὁμαλόν
1351 2495 1409 2521 ἐστι
1427 2493 1543 2520 καὶτῶν
1558 2493 1685 2528 συνήθων
1699 2493 1730 2518 τὸ
1744 2493 1794 2519 ἁν-

1001 2542 1236 2577 τιλαμΰανόμενον
1258 2541 1358 2575 αἴφνης
1385 2539 1530 2570 ἀκουοθὲν,
1554 2539 1584 2565 οὐ
1605 2537 1734 2564 τοσοῦτον
1748 2537 1794 2570 γί-

1001 2596 1077 2614 νεται
1092 2587 1122 2613 ἰδ
1137 2586 1234 2622 βλάΰος
1247 2586 1311 2620 περὶ
1326 2585 1357 2611 τὸ
1381 2583 1547 2618 λογιστικόν.
1560 2583 1590 2609 Εἰ
1604 2583 1633 2608 δὲ
1647 2581 1792 2616 λυπηρδνῆ

1002 2634 1097 2667 χάριεν
1114 2632 1144 2658 τὸ
1158 2630 1428 2665 ἀντιλαμϐανόμενον
1441 2629 1544 2659 εὐθέως
1557 2627 1692 2654 ἀκουσθὲν
1715 2627 1794 2661 παρὰ

1002 2681 1093 2707 πᾶσαν
1116 2677 1291 2714 προσδοκίαν,
1315 2675 1546 2711 τεθορυϐημένων
1563 2673 1618 2700 τῶν
1636 2673 1792 2708 αἰσθήσεων

1002 2725 1134 2761 ἔκπληξιν
1157 2723 1355 2759 ἀπεργάζεται.
1374 2723 1412 2749 ita
1441 2722 1488 2749 ille
1506 2725 1617 2748 mutans
1637 2724 1664 2747 et
1682 2723 1794 2747 contra-

1001 2773 1068 2800 Itens
1082 2778 1131 2806 pro
1146 2770 1272 2798 arbitrio.
1287 2769 1344 2797 Nos
1361 2773 1500 2796 auctorem
1515 2767 1604 2802 ipsum
1617 2766 1791 2796 exhibemus.

1002 2824 1028 2844 et
1058 2824 1140 2852 quam
1171 2815 1327 2844 ﬁdelissime
1353 2823 1385 2842 ac
1406 2814 1558 2842 clarissime
1577 2819 1711 2840 conamur
1728 2811 1791 2839 red-

1001 2863 1074 2891 dere.
