1931 3069
120 201 184 234 1105

866 201 988 233 ΝΟΤΛΕ.

1677 195 1744 227 ιιμθ

167 257 270 294 ἠῶθι
285 258 350 293 Pag.
378 258 439 286 160.
466 258 614 294 Postquam
644 260 692 288 diu
723 260 818 288 clausa
843 267 903 293 ρετ·
917 262 979 290 Aet
996 257 1102 285 Venetos
1122 256 1207 283 multo
1231 255 1369 290 inferiores
1396 262 1504 282 numero
1525 254 1595 280 intra
1619 261 1744 279 tlttPlttlttu

113 309 262 337 manserat,
291 310 384 339 aperta
404 310 443 332 est
458 310 537 340 porta
560 305 660 334 Aurea.
673 305 720 334 Sic
733 305 905 334 reddidimus

113 350 187 384 quod
202 350 230 377 itt
246 351 340 378 Graeco
368 351 479 386 legitur,
498 352 629 378 Ἦνοικτο
647 353 663 388 ἡ
689 352 803 388 Χρυσέα
833 351 905 387 πύλη

115 394 221 429 χρονία.
238 395 277 421 lta
301 395 375 422 clare
397 396 555 430 exprimunt
570 397 667 431 optimi
693 397 775 424 codd.
788 396 809 424 Β
828 401 855 423 et
872 397 905 424 Α.

114 438 265 467 Vaticanus
290 446 382 468 autem
411 449 461 475 pro
481 442 578 478 χρονία
607 444 685 477 ponit
710 443 800 478 μόλις.
828 442 906 470 Umle

115 486 301 515 intelleximus
318 487 387 515 velle
402 493 541 516 auctorem
554 489 710 523 signiﬁcare
724 494 784 524 post
796 489 904 523 longam

115 531 235 566 denique
254 533 489 568 exspectationem
514 535 638 569 patuisse
654 535 716 564 illas
733 535 780 563 diu
795 536 908 563 obsera-

117 582 160 605 tas
176 578 259 605 fores.
277 579 350 606 More
366 580 494 607 videlicet
510 588 672 616 pomparum
695 582 905 612 solentniorum,

116 624 229 658 quibus,
245 629 274 651 ut
290 624 478 653 Tertullianus
493 626 527 653 de
544 628 684 662 mysteriis
702 629 798 655 scribit
825 629 906 654 initio

116 669 180 696 libri
209 671 342 697 adversus
369 670 586 705 Valentinianus,
611 675 766 701 cruciantur
794 675 904 707 aditus;

117 715 189 750 quod
206 717 300 743 referri
317 721 408 751 potest
420 718 454 744 ad
476 726 567 745 ntoras
592 720 618 746 in
639 720 774 747 vestibulo
801 720 907 746 Ita-ren-

117 763 196 789 tium,
211 761 296 789 Paulo
312 768 373 797 post
386 763 458 790 idem
477 769 610 791 memorat
627 766 745 800 suspiria
755 771 904 799 portarunt,

113 807 191 843 juxta
223 809 368 835 lectionem
390 809 531 844 cujusdam
551 812 656 838 codicis
671 819 725 838 non
752 819 907 846 usquequa—

115 862 169 890 que
192 853 319 881 (‘ortassis
344 855 564 889 improbabilem,
581 857 635 884 etsi
656 858 754 884 merito
782 857 834 884 viri
859 857 907 883 do-

117 900 154 927 cti
182 901 356 935 praetulerint
376 901 493 934 suspiria
521 907 698 936 epaptarum:
729 910 791 930 nam
818 902 906 930 videri

115 946 206 982 potuit
222 946 293 973 velle
310 953 406 974 auctor
420 948 574 982 exprimere
592 955 755 982 suspensam
772 949 910 983 inquietu—
926 941 946 968 Β

115 992 207 1019 dinem
222 993 442 1027 exspectantium
461 994 494 1020 ad
515 998 607 1028 portas
621 999 648 1021 et
673 994 706 1022 ad
727 999 848 1028 optatam
863 1002 909 1021 ea-

116 1047 177 1066 rum
192 1038 403 1073 patcfactionem
418 1040 628 1074 suspirantinm.
641 1040 779 1068 Admonet
802 1045 906 1072 autetn,

116 1090 271 1120 opportune
295 1086 328 1112 ad
349 1085 425 1120 quod
443 1086 573 1119 dicimus,
596 1091 690 1114 noster
707 1087 906 1122 imperatorem

116 1131 247 1166 peculiari
266 1132 359 1159 studio
376 1139 490 1159 curasse
507 1136 537 1159 ut
553 1140 634 1166 quam
656 1133 774 1160 maxime
791 1137 908 1167 augusta

115 1183 268 1212 sanctaque
287 1179 345 1205 haec
365 1179 530 1206 caeremonia
554 1179 599 1206 sui
613 1179 747 1207 solemnis
764 1180 792 1206 in
811 1179 908 1206 urbem

116 1225 218 1257 regiam
248 1225 388 1259 ingressus
419 1225 557 1252 evaderet.
579 1226 667 1258 Quam
694 1226 721 1252 in
751 1234 808 1253 rem
838 1227 909 1252 inter

117 1276 216 1297 ctetera
242 1271 401 1298 diuturnam
431 1271 512 1298 istam
544 1271 671 1298 adhibuit
687 1279 792 1298 moram
822 1276 908 1306 porta:

115 1315 213 1343 Antea:
225 1316 389 1350 aperiendae,
409 1321 472 1343 ante
483 1324 565 1351 quam
579 1317 701 1344 clausam
714 1317 908 1352 persistmtcm

117 1361 225 1395 aliquot
241 1362 300 1388 dies
319 1369 380 1388 cutn
395 1363 527 1389 comitatu
541 1362 683 1394 substitit;
698 1366 725 1389 ct
741 1363 800 1394 ipso
813 1362 910 1389 trium-

116 1407 208 1441 phalis
226 1407 358 1434 introitus
376 1415 431 1434 non
449 1412 512 1434 ante
528 1407 671 1435 meridiem
704 1407 786 1442 pandi
811 1407 908 1437 voluit,

119 1457 147 1480 ut
164 1454 246 1488 paulo
273 1458 336 1487 post
362 1453 474 1482 dicitur.
489 1453 545 1481 Nec
562 1459 605 1481 est
629 1454 791 1481 incredibile
805 1458 909 1480 tantam

117 1508 132 1527 a
158 1499 292 1532 Michaele
307 1500 509 1527 solemnitatem
527 1501 554 1527 in
578 1507 629 1528 suo
658 1501 712 1528 isto
738 1508 786 1535 per
801 1505 910 1535 portam

116 1546 234 1574 Auream
249 1547 373 1582 ingressu
388 1547 554 1578 aﬂettatam,
571 1547 644 1581 quod
665 1554 725 1574 eam
743 1547 794 1574 sibi
818 1546 911 1573 adhuc

118 1593 230 1620 lactenti
244 1593 402 1627 praedictam
416 1593 550 1631 audisset.
567 1599 699 1621 narrante
726 1594 778 1628 ipsi
794 1593 909 1628 Eulngia

117 1647 224 1668 sorore.
240 1639 309 1667 Vide
329 1647 385 1666 rem
403 1639 568 1674 descriptam
583 1647 678 1674 supra,
694 1647 722 1675 p.
739 1639 802 1666 128.

153 1728 219 1764 Pag.
247 1729 308 1756 165.
329 1729 402 1762 Quos
430 1729 555 1756 allatrari
579 1738 638 1756 cum
664 1735 834 1763 apparerent.
865 1730 912 1758 Sic

116 1776 304 1811 expressimus
319 1776 392 1810 quod
405 1775 499 1803 Gratce
511 1776 632 1808 ἐκείνους
646 1775 669 1803 δ’
684 1776 911 1811 ὑλικτουμένους

116 1823 156 1856 τῷ
175 1822 284 1858 πλήθει.
299 1822 462 1857 Quanquam
492 1830 546 1850 non
564 1823 721 1854 dissimulo,
733 1831 766 1850 ex
787 1831 841 1858 quo
854 1823 910 1858 jam

118 1869 176 1896 haec
190 1869 229 1896 sic
250 1873 330 1896 erant
345 1868 429 1903 edita,
449 1869 614 1897 observasse
639 1877 682 1896 me
709 1869 735 1896 in
754 1870 851 1897 codice
865 1878 912 1896 an-

118 1919 198 1948 tiquo
224 1913 429 1948 ὴλαττομένους
461 1921 511 1948 pro
541 1914 753 1948 ὑλακτομένους.
780 1914 827 1941 Est
852 1915 912 1948 qni-

117 1959 179 1986 dem
197 1959 257 1986 siue
271 1958 355 1985 dubio
372 1959 532 1986 mendosum
548 1958 614 1986 illud
629 1959 805 1992 vocabulum,
823 1964 852 1986 ιιι
874 1961 910 1987 ibi

118 2007 252 2040 scriptum
268 2005 322 2033 vidi
339 2013 400 2032 cum
417 2013 434 2032 o
449 2013 533 2040 parvo
551 2006 578 2033 in
595 2006 675 2034 tertia
702 2006 819 2042 syllaba,
846 2014 910 2034 cum

118 2055 151 2078 al-
168 2052 288 2078 ὲλαττόω
311 2052 524 2086 ἠλαττωμένους
548 2051 618 2079 ﬂecti
641 2052 725 2088 644
742 2053 910 2087 oportuerit.

119 2100 253 2126 Caeterum
269 2098 291 2125 si
305 2099 348 2125 cui
360 2099 446 2132 magis
461 2098 517 2125 lucc
530 2098 619 2133 placet
631 2099 722 2130 lectio,
736 2098 909 2126 referendum

119 2152 271 2180 pronomen
281 2144 402 2174 ἐκείνους
412 2144 444 2170 ad
460 2145 577 2171 Venetos
589 2150 615 2171 et
628 2145 743 2171 Pisanos
756 2146 820 2176 erit,
829 2152 910 2178 quos,

118 2193 184 2223 quEa
198 2190 296 2218 minori
322 2198 438 2217 uutuero
457 2195 551 2217 essent
567 2198 649 2224 quam
666 2195 694 2217 ut
709 2191 743 2217 ab
759 2191 792 2217 iis
821 2191 909 2217 timeri

117 2237 219 2265 editio
241 2241 345 2270 posset,
369 2235 443 2262 haud
464 2242 575 2270 gravate
593 2241 736 2271 pateretur
760 2238 911 2271 imperator

958 303 1088 332 ambitum
1103 303 1195 330 domos
1221 302 1315 329 habere
1334 301 1406 328 haud
1423 309 1491 336 (egre
1507 302 1619 327 sitiebat.

992 350 1058 386 Pas.
1073 349 1135 378 175.
1149 348 1399 384 Χειροτονηθεῖσιν.
1412 347 1488 375 llauc
1499 355 1592 374 vocem
1604 346 1643 374 sic
1651 353 1745 373 emcn-

957 397 1094 427 davimus,
1121 395 1278 422 necessaria
1305 399 1335 422 ut
1363 396 1524 430 putabamus
1542 393 1658 425 ratione,
1682 398 1745 418 cum

958 442 986 470 in
1004 441 1160 476 arebetypis
1182 440 1256 468 clare
1272 440 1406 475 legeretur
1429 439 1673 475 χειροθετηθεῖσιν.

993 488 1060 522 Cap.
1075 487 1102 514 8.
1117 487 1191 519 Quos
1205 486 1258 513 hoc
1277 486 1368 520 capite
1381 491 1475 513 noster
1488 485 1633 520 Etitiopas
1657 483 1748 518 appel~

956 535 1005 567 lat,
1025 534 1050 561 hi
1066 538 1145 560 erant
1164 532 1293 560 Saraceni
1308 533 1426 568 Egypto
1450 540 1498 567 per
1523 532 1548 559 id
1575 536 1682 565 tempus
1696 531 1748 557 im‘

958 581 1118 615 peritantes.
1136 587 1198 606 cum
1217 580 1319 612 quibus
1337 586 1364 606 et
1381 583 1478 606 sancto
1495 578 1635 605 Ludovico
1660 576 1745 603 Fran-

956 634 1050 654 corum
1065 626 1107 662 [P.
1120 626 1184 662 451]
1195 626 1250 661 regi
1267 630 1294 652 et
1307 625 1370 652 aliis
1390 625 1562 659 principibus
1580 623 1747 651 Christianis

957 671 1162 707 Herosolymam
1177 676 1203 698 et
1221 672 1273 698 alia
1294 671 1448 698 Palaestina:
1474 671 1529 696 loca
1546 668 1749 703 occupantibus

956 726 1057 753 graves
1088 718 1279 744 dimicationes
1309 717 1430 743 filerunt.
1462 716 1557 750 Aperit
1584 720 1674 740 autem
1702 714 1750 740 hic

957 765 1031 791 clare
1047 764 1228 799 Pachymeres
1245 763 1381 797 originem
1413 762 1529 788 famosa!
1548 761 1654 786 militire
1667 759 1750 785 Mam-

958 810 1159 841 malnchorum,
1172 809 1297 836 conﬂatm
1310 817 1341 836 ex
1359 807 1508 842 mancipiis
1521 806 1617 840 majori
1628 814 1658 832 cx
1673 809 1752 839 parte

959 856 1107 892 Seythiris,
1121 863 1181 888 quae
1197 855 1296 890 puerili
1325 858 1406 881 aetate
1424 862 1457 880 ex
1483 852 1591 879 Euxino
1626 852 1651 878 itt
1671 851 1753 885 [Egy-

959 907 1035 936 ptntn
1053 901 1194 936 deportata
1217 900 1256 927 ibi
1279 901 1462 927 educarentur
1473 903 1499 925 et
1523 896 1749 924 adolescereutin

961 948 1064 976 milites
1081 948 1258 978 fortissimos.
1287 954 1385 980 magno
1399 945 1621 973 Christianorum
1636 944 1748 973 damno,

959 1000 1010 1020 nec
1030 993 1130 1019 minori
1152 992 1231 1026 culpa
1259 991 1478 1019 Christianorum
1509 986 1749 1021 Conslantiuopo'i

959 1040 1172 1071 dominantium,
1190 1039 1292 1072 quibus
1305 1042 1364 1064 erat
1377 1036 1541 1064 facillimum
1563 1034 1635 1060 istud
1652 1033 1751 1060 exitiu-

959 1093 1020 1112 sum
1041 1085 1291 1120 llirrosolymitano
1309 1090 1392 1117 regno
1413 1081 1609 1108 commercium
1640 1080 1751 1107 interci-

960 1139 1036 1166 pore,
1054 1131 1107 1158 nisi
1125 1131 1254 1162 avaritia,
1280 1129 1406 1161 ambitio,
1421 1128 1492 1155 avita
1509 1127 1650 1154 aemulatio
1678 1126 1750 1152 Lati-

959 1185 1059 1204 norum
1081 1179 1143 1212 plus
1172 1173 1250 1212 apud
1273 1183 1320 1203 eos
1345 1182 1427 1210 quam
1458 1173 1599 1208 religionis
1627 1172 1750 1198 rationes

960 1224 1129 1255 valuissent;
1156 1230 1242 1257 quare
1259 1222 1357 1248 merito
1376 1220 1559 1254 Pacltymeres
1578 1218 1719 1253 capitibus
1734 1218 1749 1243 4

961 1274 988 1296 ct
1002 1269 1019 1296 5
1035 1269 1214 1303 sequentibus
1236 1267 1288 1294 hoc
1308 1267 1409 1293 factum
1431 1264 1580 1299 improbat.

996 1314 1061 1349 Pag.
1078 1315 1139 1342 180.
1159 1314 1222 1342 Tres
1237 1314 1345 1348 regiam.
1373 1311 1429 1338 Hoc
1453 1315 1495 1338 est
1515 1315 1572 1336 tres
1599 1308 1680 1343 regie
1697 1308 1753 1333 vir-

961 1361 1057 1396 gines:
1083 1368 1144 1388 nam
1166 1368 1198 1387 ex
1230 1359 1341 1394 regibus
1367 1361 1446 1384 natas
1463 1356 1573 1390 reginas
1601 1353 1755 1387 nuncupari

961 1415 1029 1434 usus
1041 1406 1098 1441 jam
1118 1406 1182 1432 olim
1201 1404 1328 1436 invaluit,
1343 1402 1423 1437 cujus
1444 1401 1567 1436 exempla
1581 1400 1685 1436 passim
1703 1407 1751 1425 oc-

961 1458 1086 1481 currunt.

997 1499 1071 1526 Ibid.
1098 1497 1172 1525 Maio
1197 1498 1230 1525 de
1255 1496 1399 1524 Belicurta.
1428 1495 1534 1522 Iudicat
1558 1494 1643 1520 forma
1666 1491 1753 1519 numi-

962 1547 1005 1573 nis
1030 1546 1166 1573 Fraucum
1189 1545 1262 1571 hunc
1289 1543 1388 1576 fuisse,
1407 1540 1655 1576 suadetqneidem.
1678 1538 1751 1571 quod

962 1592 1154 1626 Peloponneso
1171 1591 1229 1618 sive
1242 1589 1352 1621 Morezc,
1375 1589 1449 1616 unde
1473 1589 1517 1616 hic
1539 1593 1618 1615 ortus
1638 1587 1754 1616 dicitur,

965 1639 1063 1667 Franci
1080 1644 1136 1665 tum
1154 1638 1357 1672 imperitabant.
1405 1637 1409 1640 ’

1002 1686 1067 1720 Pag.
1095 1685 1157 1712 181.
1187 1684 1349 1710 Vintt'milia.
1374 1682 1444 1709 Nota
1470 1682 1527 1708 haec
1548 1685 1590 1708 cst
1607 1679 1754 1714 appellatio

963 1733 1084 1766 antiquae
1092 1738 1123 1758 ac
1134 1730 1293 1765 pra‘ttobilis
1306 1729 1417 1756 familia:
1428 1727 1594 1758 Genucnsis.
1607 1727 1753 1761 hodieque,

964 1782 994 1805 ut
1012 1777 1118 1812 opinor,
1133 1776 1299 1810 superstitis.

999 1824 1064 1858 Pag.
1079 1823 1139 1850 183.
1154 1823 1184 1850 lu
1194 1831 1324 1857 purpura.
1339 1822 1419 1850 Vides
1433 1823 1498 1849 hinc
1510 1830 1564 1849 non
1578 1821 1644 1848 satis
1657 1819 1753 1850 l'uis<e,

963 1874 994 1897 ut
1010 1869 1071 1904 quis
1098 1868 1356 1904 Porphyrogenitus
1383 1869 1532 1899 diceretur,
1556 1873 1648 1894 natum
1668 1866 1755 1892 fuisse

963 1924 995 1943 ex
1011 1919 1088 1950 patre
1113 1915 1168 1949 jam
1199 1915 1306 1950 imperii
1335 1914 1417 1950 645
1442 1920 1576 1950 compote,
1591 1912 1756 1948 utplerique

963 1962 1097 1989 hactenus
1125 1966 1191 1988 sunt
1213 1961 1330 1996 opinati,
1360 1969 1487 1996 purpurae
1516 1961 1628 1988 nomine
1655 1958 1757 1987 intelli-

963 2013 1059 2042 geutes
1073 2014 1194 2042 pannum
1211 2015 1379 2042 purpureum
1394 2015 1449 2038 auo
1457 2007 1651 2042 exciperentur
1661 2009 1757 2040 partus

962 2054 1161 2088 Augustarum.
1180 2053 1344 2087 lit-quiritur
1358 2055 1431 2080 enim
1454 2057 1588 2087 praeterea
1609 2052 1684 2078 nasci
1711 2051 1757 2077 iu-

963 2103 1005 2126 tra
1022 2101 1134 2127 domum
1152 2107 1213 2132 qua:
1232 2099 1363 2134 πορςρύρα
1379 2107 1498 2133 purpura
1514 2098 1676 2125 vocabatur.
1693 2097 1756 2123 lltcc

964 2153 1026 2180 pars
1054 2150 1112 2173 erat
1140 2145 1324 2178 imperialiuut
1354 2145 1454 2171 tullium
1487 2142 1755 2176 (Inns'autiuopoli;

962 2193 1035 2219 unde
1049 2191 1317 2225 Constantinopolim
1346 2191 1478 2224 migrasse
1497 2190 1573 2224 prius
1595 2193 1757 2222 oportuerat

961 2242 1089 2274 parentes
1107 2238 1297 2268 Constantini,
1314 2241 1344 2263 ιιι
1361 2238 1384 2264 is
1404 2236 1657 2270 Porphyrugenitus
1679 2242 1756 2261 nas-1

118 2285 190 2311 intra
218 2283 294 2311 urbis
323 2282 425 2309 muenia
453 2283 564 2317 degere,
591 2291 652 2310 ctnu
674 2291 688 2310 a
716 2282 910 2310 Geuueusibus
930 2289 1066 2320 Dposset.
1101 2283 1194 2318 Itaque
1220 2284 1404 2314 Andronicus,
1431 2283 1482 2310 etsi
1513 2287 1593 2308 naltts
1622 2286 1705 2311 esset,
1728 2286 1758 2307 ut

119 2329 296 2356 multitudine
315 2328 470 2355 metuendis
491 2328 586 2355 turbas
604 2329 712 2362 aliquas
735 2327 837 2354 timens
860 2328 913 2354 mi-

118 2376 190 2402 nime
210 2380 297 2401 tutum
322 2375 496 2401 existimaret
513 2374 548 2401 iis
572 2373 712 2401 domicilia
733 2374 760 2400 in
779 2374 847 2401 utbe
866 2374 913 2400 tri-

118 2421 211 2448 buere.
226 2421 330 2453 Quare,
351 2427 379 2447 ιιι
395 2420 495 2447 deinde
511 2428 534 2448 c.
549 2420 584 2447 55
596 2420 739 2452 scribitur,
756 2419 833 2454 ipsos
856 2420 912 2455 pti-

116 2476 192 2494 mum
210 2466 369 2494 Heracleam
396 2466 522 2494 Thraciae
542 2466 730 2497 submoverat,
749 2466 796 2492 sed
813 2471 907 2500 postea

116 2519 222 2540 mutata
237 2514 373 2540 sententia
390 2521 438 2540 cos
459 2513 485 2539 iu
503 2513 666 2540 suburbiam
679 2512 804 2540 Galatam
818 2517 908 2539 trans-

116 2558 190 2584 tulit.
211 2557 270 2584 Non
293 2558 409 2593 poenitet
431 2558 542 2593 quidem
559 2566 602 2584 me
631 2558 732 2592 prioris
752 2557 807 2592 jam
828 2557 908 2584 edita:

117 2604 258 2637 lectionis.
274 2613 335 2639 ante
360 2605 523 2632 sententiam
541 2605 612 2633 haud
631 2604 841 2632 iuveri~imilem
857 2612 905 2631 ex-

116 2651 212 2685 primit
226 2660 232 2678 :
250 2656 340 2678 tamen
358 2653 381 2678 si
397 2653 460 2686 quis
474 2652 528 2678 crit
539 2652 582 2679 cui
597 2652 658 2686 plus
679 2651 798 2678 arridcat
811 2651 907 2680 altera.

117 2697 142 2724 is
158 2697 191 2724 ad
209 2705 268 2724 eam
284 2698 458 2725 conformare
471 2698 727 2732 interpretationem
744 2697 868 2724 Latinam
883 2698 908 2724 in

118 2743 193 2771 hunc
208 2744 318 2771 modum
335 2744 435 2778 poterit
450 2753 456 2770 :
474 2743 607 2771 (latter-um
628 2743 810 2771 (Ie/mensibus
840 2744 907 2770 satis

117 2789 201 2822 ﬁdere
216 2796 267 2815 non
277 2794 379 2823 pateret
390 2790 459 2816 intra
471 2789 561 2816 urbem
574 2789 738 2824 degentibus,
751 2788 821 2823 quod
831 2788 909 2815 multi

115 2840 204 2863 eum!
220 2843 266 2862 nec
279 2843 339 2862 cum
351 2835 412 2862 aliis
427 2835 604 2863 communiter
616 2837 726 2863 viverent
740 2835 777 2871 (a)
795 2835 906 2862 Pisanos

964 2331 1149 2363 Parhytneres
1165 2329 1274 2356 videtur
1301 2330 1430 2359 voluisse.
1453 2329 1560 2363 imperii
1582 2328 1668 2362 patris
1685 2336 1758 2353 anno

964 2379 1065 2413 primo,
1081 2377 1154 2412 quod
1183 2376 1363 2404 discutiemus
1387 2377 1406 2404 l.
1427 2376 1462 2403 111
1478 2397 1485 2407 ,
1499 2384 1524 2403 c.
1545 2376 1572 2407 8,
1596 2384 1649 2402 uou
1667 2379 1757 2400 tamen

962 2433 1024 2452 esse
1041 2432 1102 2451 vere
1113 2423 1364 2458 Porphvrogenitus
1384 2424 1484 2458 potuit,
1498 2422 1570 2455 quod
1591 2427 1668 2448 extra
1682 2421 1757 2446 Con—

961 2470 1169 2505 SIautinopolitn
1190 2472 1225 2498 sit
1242 2475 1335 2502 natus,
1350 2470 1388 2496 uti
1406 2478 1456 2496 nec
1469 2469 1646 2496 Theodorum
1664 2468 1758 2501 junio-

965 2524 1024 2543 retn
1047 2516 1198 2548 Lascarim,
1218 2516 1271 2542 etsi
1301 2515 1439 2550 prim-ipio
1472 2516 1579 2549 imperii
1605 2515 1690 2549 patris
1713 2513 1759 2540 Jo-

963 2564 1043 2590 annis
1067 2562 1185 2589 Batatzaa
1209 2567 1317 2591 natum.
1345 2562 1613 2597 Porphyrogt-nitum
1639 2568 1756 2592 usquam

964 2609 1068 2636 dictum
1086 2609 1212 2643 legimus.
1226 2607 1363 2635 Nimirum
1389 2609 1447 2635 luet:
1466 2607 1652 2634 umucuclatio
1677 2608 1759 2633 till"“-

965 2655 1048 2682 batur
1063 2662 1095 2681 ex
1119 2654 1180 2680 loco
1207 2660 1313 2685 partus.
1335 2652 1418 2680 domo
1437 2655 1480 2680 cui
1496 2662 1615 2688 [llItpllt'Jl
1633 2658 1691 2679 erat
1711 2661 1758 2678 uu-

965 2698 1102 2728 tuvu,sita
1115 2697 1365 2732 Constantinopoli,
1396 2697 1423 2724 in
1446 2706 1527 2732 qua-tt
1547 2699 1635 2732 partui
1660 2698 1757 2724 vicinae

966 2745 1093 2779 Augustae
1113 2744 1272 2779 immigrare
1287 2748 1368 2772 crant
1384 2744 1484 2771 80“th.
1507 2743 1586 2770 Anna
1604 2745 1756 2776 (ἒυιινιιι-ιιςι,

964 2790 983 2817 Ι.
999 2790 1040 2821 Vt,
1065 2799 1091 2825 p.
1116 2790 1178 2821 165,
1197 2795 1276 2816 vocat
1306 2789 1412 2823 οἴκημα
1446 2789 1642 2824 ἀφωριτμένθν
1670 2789 1758 2815 πάλαι

961 2838 1019 2868 ταῖς
1037 2835 1195 2867 τικτούσαις
1215 2834 1270 2861 τῶν
1286 2835 1432 2870 βασιλίδων
1464 2841 1492 2864 ct
1514 2836 1600 2868 addit,
1613 2833 1760 2870 πορφύραν

155 2926 194 2962 (a)
211 2926 265 2954 Nec
281 2943 312 2949 -—
327 2928 460 2964 quit-arent.
484 2927 543 2956 Ima
559 2935 584 2956 et
599 2927 662 2964 illis
680 2929 796 2963 utrisque
823 2928 902 2956 ctiam
919 2928 1071 2962 conjunctis
1084 2935 1194 2955 numero
1212 2928 1372 2956 suveriorcs.
