1931 3069
149 88 217 124 1111

613 91 646 121 Ρ.
665 89 819 120 POSSlNl
839 86 1167 118 OBSERVATIONUM
1180 86 1245 116 LIB
1274 86 1318 118 Η.

1709 85 1786 117 1112

143 145 218 174 carni
233 145 282 173 sub
303 150 390 173 rostra
417 144 507 177 Corvi.
524 145 606 172 barba
619 146 718 173 directe
731 154 746 172 a
763 136 827 172 sole.
841 152 931 171 versus
947 152 971 176 Α
985 143 1210 177 intempestivum
1241 142 1346 174 lusum.
1387 141 1432 170 bis
1462 141 1601 176 extemplo
1631 141 1785 169 versiculis

143 200 268 220 occasum
281 191 423 218 hiemalem
436 195 561 224 protenso
579 195 602 217 et
616 187 671 217 {ate
699 199 752 226 qua
769 191 937 217 terminaba-

143 246 187 266 tur
203 239 315 273 diffusa.
332 238 366 266 19
386 238 477 264 nubes.
493 238 528 265 ‘20
552 237 614 264 Dec.
642 237 715 264 intra
744 237 882 264 Craterem
913 239 938 262 et

143 285 268 314 Corvum.
301 286 347 314 21.
374 285 421 316 22,
442 285 487 316 25,
518 284 552 310 24
581 283 726 310 nubes.25
755 282 851 310 Dec.‘
871 286 938 308 mat.

144 333 218 367 infra
229 337 344 359 uentrem
361 331 458 366 llydri,
478 339 529 365 qua
545 331 568 356 ei
582 330 676 356 Crater
688 330 802 360 insistit,
817 329 864 355 sub
878 328 937 356 eod.

146 383 215 412 trop.
235 378 395 412 comparuit.
413 377 498 408 Caput
519 377 568 402 hac
595 376 638 402 die
653 376 791 410 apparenti
808 375 939 402 diametro

145 428 201 460 lere
219 433 271 460 par
295 423 400 455 Veneri,
415 423 524 449 barbam
551 423 679 449 albicanti
698 428 755 448 luce
773 422 939 455 splendidam

146 472 180 497 ad
196 471 230 497 50
244 470 344 505 gradus
363 468 480 495 evibrare
492 468 592 497 visunt,
608 466 655 498 26,
667 466 714 497 27,
728 465 776 496 ‘28,
792 465 826 491 29
846 465 937 492 nubes.

145 518 181 545 50
196 516 260 543 Dec.
285 515 301 543 9
314 523 385 549 vesp.
407 515 436 540 in
456 513 554 547 Lepore
566 513 637 539 velut
656 512 769 538 crinitus
793 510 939 545 apparuit:

140 571 210 591 nam
224 563 255 590 ob
270 562 340 589 luna!
351 561 475 588 uiciniam
487 561 572 586 cauda
583 559 663 585 rideri
675 567 726 585 non
741 558 838 593 potuit.
854 557 939 584 Porro

148 610 269 637 eumdem
285 608 354 634 hunc
369 615 428 633 cum
445 607 532 640 priore
560 609 661 631 cometa
689 612 755 634 esse,
780 603 939 636 conﬁrmant

145 656 338 683 observationes-
354 653 474 680 Trident.
488 659 547 686 qua:
562 651 597 677 28
626 651 688 677 Dec.
707 657 765 676 eum
780 657 860 683 prope
888 648 937 674 Ca-

150 710 209 730 nem
227 701 366 736 majorem,
381 698 501 726 celeriori
524 706 603 733 quam
628 697 705 724 initio
725 701 798 722 motu
822 703 941 730 progres-

147 757 217 779 sum.
237 756 269 775 ex
284 747 414 773 matutino
427 746 613 780 vespertinum.
631 751 663 770 ex
678 743 787 769 barbata
796 741 941 768 caudutum

146 794 427 822 euasisse'testantur.
453 792 484 818 51
513 791 636 817 Decemb.
664 790 734 816 inter
764 788 891 822 Leporem
915 791 941 814 et

150 840 310 871 Eridanum,
329 839 388 873 jam
415 838 527 863 multum
546 843 627 870 supra
669 834 812 866 Tropicum
837 837 940 860 evectus
957 829 978 858 Β

149 885 371 918 conspiciebatur.
388 883 463 910 Anno
481 882 550 909 1665
566 882 577 908 1
592 880 730 912 Januarii,
746 879 780 906 12
795 879 890 910 noctis,
907 877 941 904 ad

150 932 308 964 australem,
334 936 357 958 et
375 931 465 957 eadem
490 928 563 955 die9
580 927 727 962 vespertina
752 925 787 952 ad
810 924 942 952 borealem

150 979 265 1006 Eridani
284 978 369 1012 ripam
385 976 517 1003 constitit.
540 973 695 1001 Slanuarii
716 980 799 1007 prope
825 980 854 998 os
873 971 942 998 Cati.

148 1027 165 1054 3
180 1025 244 1053 Jan.
267 1025 323 1052 Ceti
339 1022 523 1050 mandibulam
539 1021 638 1055 attigit.
663 1027 753 1054 syrma
772 1018 875 1046 Orienti
899 1016 945 1044 ob-

149 1079 251 1099 versum
267 1071 382 1097 trahens.
398 1069 415 1095 4
432 1067 497 1094 Jan.
512 1071 672 1101 u'quatorem
693 1065 835 1099 superauit.
852 1063 942 1091 5Jan.

150 1118 166 1145 6
185 1125 253 1151 vesp.
283 1117 311 1142 iu
328 1116 420 1142 cautlo:
433 1113 518 1140 médio
532 1120 611 1145 prope
629 1110 751 1138 nucleum
770 1114 877 1136 cometw
903 1109 945 1135 lu-

152 1163 213 1189 cida
228 1161 297 1192 Ceti,
318 1160 428 1187 Menkar
454 1160 537 1188 dicta,
569 1157 641 1183 clure
668 1155 845 1190 resplenduit.
866 1153 944 1187 Quod

148 1209 229 1236 eiiam
249 1207 349 1236 Leodii.
375 1205 520 1236 Olomucii,
548 1204 663 1233 l’ieunw.
685 1203 815 1232 Mantum.
837 1201 944 1236 Pragm,

148 1255 286 1284 Lacernae,
307 1252 428 1279 Tridenti
441 1251 489 1278 sub
511 1251 579 1276 idem
597 1255 699 1283 tempus
718 1250 882 1275 obseruatum
894 1252 944 1274 est.

150 1300 226 1328 Unde
247 1299 339 1333 colligi
355 1302 439 1331 potest
464 1301 592 1323 cometam
618 1295 686 1321 hunc
702 1302 792 1321 carere
809 1293 946 1327 parallaxi

149 1345 280 1378 sensibili,
296 1344 412 1375 adeoque
430 1343 494 1368 luna
512 1341 663 1376 inferiorem
687 1348 740 1367 non
754 1348 819 1366 esse.
836 1338 867 1375 [P
877 1338 940 1375 455]

154 1393 291 1426 Quantum
308 1398 368 1417 rero
386 1397 466 1423 supra
482 1389 575 1415 lunam
592 1387 709 1415 elevatus
726 1387 772 1417 sit.
798 1386 830 1413 ob
852 1386 945 1421 paral-

151 1437 255 1465 larium
277 1436 493 1462 incertiludinem
509 1434 642 1460 evidenter
652 1433 834 1459 demonstrari
848 1432 945 1467 nequit.

152 1484 180 1514 6.
199 1484 226 1516 7,
238 1484 265 1515 8,
280 1483 307 1514 9,
325 1482 357 1508 10
369 1481 451 1508 Jaum
464 1481 497 1507 rii
515 1488 559 1512 per
573 1483 653 1513 caput
667 1479 724 1506 Celi
735 1479 812 1505 tarde
826 1484 948 1513 progres-

155 1539 213 1561 sus.
232 1530 261 1557 11
283 1536 364 1564 prope
393 1527 538 1553 anteriores
557 1525 655 1552 Arietis
682 1525 759 1559 pedes
787 1525 944 1558 comparuit,
959 1514 982 1545 (ἶ

154 1577 243 1604 cauda
260 1575 375 1601 breuiore
396 1581 485 1600 t'crsus
500 1571 605 1598 Oculum
623 1571 706 1598 Tauri
728 1576 893 1606 exporrecta.
914 1571 946 1598 12

153 1622 221 1649 Jan.
241 1621 268 1647 in
285 1628 352 1655 genu
366 1619 474 1646 Arietis.
490 1618 523 1644 15
538 1623 561 1644 et
585 1618 706 1651 deinceps
723 1625 804 1652 usque
816 1618 850 1644 ad
866 1617 882 1643 ι1
896 1617 948 1644 Fe-

153 1667 255 1693 bruarii
272 1665 369 1692 lentius
383 1665 409 1690 in
426 1664 481 1703 dies
499 1664 569 1690 inter
592 1668 682 1696 pectus
699 1663 797 1690 Arietis
812 1668 836 1690 et
849 1663 945 1690 Linum

152 1713 235 1750 65o
245 1713 360 1739 Piscium
374 1719 540 1746 progressus,
556 1717 664 1743 corpore
681 1710 793 1736 multant
808 1711 947 1736 imminuto

153 1769 184 1787 ac
199 1765 316 1795 syrmate
345 1758 458 1785 breuiori
477 1757 588 1791 eﬂ'ulsit.
613 1756 630 1783 4
652 1755 796 1782 Februarii
815 1762 947 1790 postrema

155 1807 297 1833 caudatum
312 1805 385 1831 licuit
404 1803 587 1831 instrumentis
599 1802 748 1831 observare.
770 1802 846 1830 Visus
860 1808 948 1830 tamen

154 1861 235 1888 porro
256 1851 332 1878 nobis
351 1855 389 1877 est
405 1849 583 1877 instarstellte
599 1848 732 1876 nebulam
741 1849 767 1878 5.
784 1850 811 1882 7,
830 1850 864 1877 10
873 1855 897 1876 et
915 1851 944 1877 11

154 1897 293 1924 Februarii
310 1897 380 1922 inter
395 1903 495 1921 cornua
520 1894 618 1920 Arietis
649 1901 674 1921 et
691 1893 789 1921 Linum
819 1893 947 1922 Piscium.

155 1943 285 1976 Deinceps
297 1950 358 1968 vero
375 1942 455 1968 etiam
474 1940 506 1966 ab
520 1940 675 1967 acutissime
691 1940 837 1967 uidentibus
859 1943 950 1973 depre-

154 1988 234 2015 [tendi
249 1987 364 2020 amplius
387 1994 438 2013 non
469 1987 566 2021 potuit.
592 1985 661 2013 Hinc
691 1990 792 2012 constat
820 1991 949 2013 cometam

154 2035 224 2061 hunc
240 2033 386 2060 maximam
401 2041 474 2060 zante
504 2033 613 2059 torrida
633 2037 733 2066 partem
762 2032 948 2066 perlustrasse,

155 2081 272 2116 adeoque
292 2080 390 2114 majori
409 2079 508 2113 Africa:
522 2084 546 2105 et
564 2087 668 2113 magna:
683 2078 753 2106 Asia:
769 2087 800 2105 ac
818 2080 949 2106 Armenia

155 2128 241 2162 parti,
251 2134 388 2161 nunquam
407 2130 494 2152 tamen
507 2125 621 2160 Europa?
634 2125 783 2152 rerticalem
799 2125 947 2152 incessisse.

991 189 1144 224 pangendis
1158 196 1166 215 :

989 256 1057 284 Cum
1068 264 1205 290 superum,
1227 255 1381 287 Francisee.
1407 256 1455 283 tibi
1483 257 1638 283 tribuuntur
1655 256 1783 286 honores,

1026 293 1169 318 Abscondrt
1183 292 1306 318 tetricum
1324 297 1415 325 sponte
1427 297 1533 319 cometa
1546 292 1638 324 jubar.

990 326 1089 360 Erigor
1104 328 1236 361 augurio;
1251 335 1296 353 nec
1304 327 1363 360 jam
1380 332 1502 361 portenta
1522 327 1661 360 minasque

1028 362 1076 388 Tot
1093 362 1253 388 criniturum
1269 363 1335 387 duco
1350 363 1466 388 timenda
1482 362 1581 397 focum.

989 398 1156 424 Auerruucus
1172 401 1247 422 adest
1268 405 1411 428 noxarum,
1427 403 1451 423 et
1471 401 1564 423 sancta
1578 399 1702 423 sacerdos

1025 432 1076 464 Qui
1092 440 1173 458 nouns
1186 431 1346 466 ingreditur.
1360 439 1478 458 monstra
1499 433 1595 459 luenda
1607 433 1674 465 piat.

989 466 1070 494 Sume
1088 468 1203 498 animos,
1220 468 1279 493 caeli
1291 468 1403 500 speetris
1421 467 1548 494 exterrita
1562 467 1640 493 tellus
1656 475 1667 493 :

1025 502 1087 529 Stat
1101 502 1148 528 tibi
1157 507 1228 528 certa
1245 503 1329 534 salus,
1343 503 1406 528 dum
1421 507 1488 529 tenet
1505 508 1579 529 astra
1598 502 1686 529 Sales.

1024 560 1055 587 P.
1069 560 1122 588 229
1137 560 1238 587 Fatum
1250 561 1337 588 triste.
1359 560 1455 588 Graece
1470 561 1554 596 μοῖρά
1568 569 1610 591 τις
1632 561 1788 594 δυστυχής.

991 607 1051 634 Fati
1072 608 1175 634 mentio
1203 607 1285 636 simul
1299 607 1350 634 hoc
1377 608 1439 634 loco
1466 611 1492 633 ct
1510 607 1571 633 aliis
1588 606 1669 640 hujus
1692 607 1791 641 operis

991 654 1131 681 similibus
1156 653 1282 680 videatur
1302 654 1384 680 ullam
1415 653 1571 680 aﬂ‘mitatem
1590 653 1691 679 habere.
1721 660 1789 679 cum

991 709 1076 736 pravo
1101 705 1129 728 et
1152 701 1282 729 haeretica
1309 702 1436 736 dogmate
1468 701 1621 727 libertatem
1638 700 1791 726 humanam

992 747 1034 774 sui
1053 751 1208 781 compotem
1222 750 1351 781 negante,
1366 745 1545 779 rcjiciendum
1563 748 1636 771 esset
1653 751 1716 771 cum
1735 751 1794 770 ca:-

994 794 1061 820 teris
1081 793 1226 821 erroribus
1242 792 1325 826 hujus
1342 792 1501 827 scriptoris.
1518 791 1584 818 Vide
1599 799 1660 826 quas
1677 792 1792 817 Intonui-

994 847 1056 866 mus
1072 838 1105 865 ad
1123 846 1151 873 p.
1168 838 1220 865 101
1235 844 1262 865 et
1279 845 1305 872 p.
1323 838 1387 865 159.

1031 885 1062 911 Ρ.
1075 884 1139 911 251.
1156 883 1249 911 Oratio
1266 883 1442 919 imperatoris
1456 883 1508 911 hoc
1520 883 1610 918 capite
1638 883 1725 910 relata
1742 882 1795 909 ob-

995 930 1157 958 scurissima
1174 929 1202 956 in
1227 928 1322 956 Graeco
1334 934 1386 957 est.
1414 929 1567 957 Vaticanus
1592 931 1794 964 paraphrastes

994 984 1046 1011 pro
1063 984 1095 1004 es
1125 976 1199 1010 quod
1231 975 1318 1003 voluit
1348 976 1506 1011 supposuit.
1537 976 1594 1011 Ego
1624 975 1794 1010 conjectura

996 1026 1115 1049 mentem
1135 1022 1269 1053 auctoris.
1288 1027 1317 1049 ut
1331 1029 1425 1056 spero,
1441 1027 1587 1050 assecutus
1613 1021 1712 1056 partim
1729 1028 1798 1048 ver-

996 1069 1087 1100 sione,
1110 1067 1222 1102 partim.
1241 1068 1286 1095 ubi
1318 1068 1398 1096 aliter
1428 1076 1483 1096 non
1511 1068 1597 1102 potui.
1627 1066 1795 1102 paraphrasi

996 1121 1055 1141 eam
1069 1113 1184 1147 exposui
1199 1121 1281 1148 «piam
1296 1113 1373 1148 potui
1390 1113 1556 1141 clarissime.

1033 1159 1064 1186 P.
1077 1160 1142 1186 257.
1163 1159 1253 1186 Noctu
1271 1163 1330 1193 post
1355 1160 1434 1194 ﬁnem
1444 1159 1606 1194 Itynmodite.
1620 1158 1700 1190 Nam,
1718 1161 1750 1184 ut
1763 1157 1797 1186 in

996 1204 1138 1232 Glossario
1154 1205 1238 1232 verbo
1255 1205 1405 1236 ὰκὰθιπτος
1419 1205 1571 1238 innuimus,
1597 1209 1654 1232 tota
1672 1212 1726 1231 nox
1744 1211 1797 1239 pa—

999 1253 1136 1286 triarchae,
1171 1253 1258 1284 clero,
1289 1252 1452 1287 imperatori
1482 1257 1510 1279 et
1534 1252 1635 1287 populo
1651 1252 1795 1279 stantibus

999 1300 1046 1326 illo
1077 1300 1147 1327 festo
1179 1299 1406 1334 pcrvigilabatur,
1436 1298 1570 1325 continua
1596 1297 1794 1325 decantatione

1000 1345 1168 1379 psalmorum
1181 1349 1208 1372 et
1225 1344 1403 1380 hymnorum.
1429 1351 1489 1379 qua:
1506 1348 1536 1370 ut
1550 1344 1660 1371 tandem
1683 1343 1736 1370 sub
1748 1343 1793 1370 di-

1000 1391 1121 1418 luculum
1149 1390 1242 1422 desiit,
1267 1390 1340 1417 hunc
1368 1389 1428 1418 loco
1465 1394 1492 1417 et
1522 1394 1644 1422 tempore
1681 1392 1795 1422 captato

999 1441 1143 1464 accusator
1167 1436 1277 1464 Arsenii
1293 1436 1413 1463 libellum
1430 1435 1578 1463 delationis
1605 1434 1707 1462 obtulit
1735 1435 1795 1461 Au-

1000 1489 1092 1519 gusto_

1033 1530 1114 1565 651
1132 1529 1161 1556 P.
1172 1528 1235 1556 259.
1253 1528 1311 1555 Vox
1323 1528 1490 1555 ὲκκλείοιντο
1504 1528 1649 1555 emendata
1661 1534 1676 1553 a
1693 1534 1736 1554 me
1750 1531 1795 1554 est

999 1585 1032 1604 ex
1052 1577 1220 1610 conjectura,
1242 1583 1306 1603 cum
1324 1575 1386 1602 cod.
1407 1575 1426 1601 B
1445 1575 1557 1602 haheret
1579 1573 1745 1608 ὲγκλείοντο,
1771 1575 1794 1600 Α

999 1631 1064 1650 vero
1086 1622 1261 1654 ἐκκλίνοιντο,
1288 1621 1441 1648 Vaticanus
1460 1629 1543 1656 porro
1560 1620 1688 1648 libertate
1709 1620 1794 1647 solita

999 1676 1049 1702 pro
1061 1675 1093 1694 eo
1111 1667 1193 1694 verbo
1206 1671 1323 1702 poneret
1338 1666 1552 1701 ἀποστήσονται.
1571 1665 1717 1692 Sententia
1729 1673 1795 1692 vero

999 1714 1053 1742 loci
1072 1713 1217 1741 manifeste
1232 1713 1355 1748 postulat
1369 1712 1544 1739 ὲκκλείοιντο.

1034 1762 1065 1789 Ρ.
1081 1761 1144 1788 261.
1164 1759 1324 1795 Imperatori
1340 1759 1422 1786 tribui
1438 1760 1583 1794 principem
1602 1758 1688 1785 locum
1702 1758 1730 1785 in
1750 1765 1795 1784 τοι

999 1809 1115 1844 gnitiane
1128 1815 1214 1834 rerum
1227 1807 1476 1834 ecclesiasticarum.
1489 1806 1547 1833 iam
1563 1805 1657 1832 monui
1669 1806 1697 1832 in
1713 1805 1796 1833 Glos-

1000 1853 1072 1880 sario
1084 1853 1166 1880 verbo
1182 1853 1279 1886 ὲπιστη
1286 1852 1422 1887 μονάρχης
1433 1852 1620 1885 cognitionem
1630 1851 1711 1877 istam
1725 1850 1796 1877 meri

1000 1898 1056 1926 ποι-θ
1068 1897 1230 1929 testimonii,
1244 1905 1297 1924 non
1309 1897 1512 1932 iurisdictionis
1529 1902 1576 1924 aut
1596 1897 1726 1924 decisivae
1746 1904 1781 1930 po

1000 1943 1108 1971 testalis
1125 1950 1197 1970 esse.
1214 1943 1261 1970 Sic
1275 1943 1347 1969 enim
1365 1943 1562 1970 Constantinus
1583 1941 1697 1977 Magnus
1710 1942 1799 1969 Nicae-

1000 1999 1050 2024 um,
1066 1990 1221 2017 Marcianus
1237 1990 1464 2022 Chalcedonensi,
1479 1990 1525 2017 alii
1542 1989 1798 2024 aliisimpemwrcs

1000 2037 1114 2073 synodis
1132 2038 1351 2068 intervenerunt,
1367 2036 1461 2064 missis
1473 2038 1568 2067 etiam.
1584 2044 1645 2064 cum
1661 2036 1798 2063 interesse

1003 2083 1056 2117 ipsi
1074 2090 1127 2110 non
1143 2088 1279 2118 poterant,
1294 2082 1427 2117 dclcgatis
1440 2090 1454 2109 a
1473 2083 1602 2117 se;qnod
1619 2083 1646 2110 in
1664 2082 1800 2109 recen'icx-

1001 2128 1077 2155 ribus
1095 2136 1204 2164 quoque
1215 2128 1352 2158 comitiis.
1373 2131 1437 2161 puta
1465 2127 1638 2159 'l'ridcntino,
1656 2133 1797 2155 servatum

156 2174 298 2201 Hactenus
314 2172 465 2198 astronomi
478 2171 565 2197 nostri
583 2170 815 2205 lugolstadienses
829 2172 863 2197 de
879 2172 950 2205 prio—
965 2186 988 2215 Β
1003 2175 1116 2206 scimus,
1131 2180 1161 2202 ιιι
1172 2174 1200 2201 in
1219 2182 1252 2201 εο
1267 2173 1364 2208 legatis
1376 2173 1565 2207 imperatoris,
1583 2181 1676 2208 regum
1693 2180 1726 2199 ac
1744 2180 1800 2199 ειη-

157 2221 180 2248 ri
195 2223 314 2250 cometa,
328 2217 469 2244 Posterior
487 2218 562 2244 circa
580 2217 643 2243 Kal.
663 2217 766 2252 Aprilis
790 2216 948 2244 ostentandi

159 2265 202 2294 sui
220 2264 284 2291 fecit
310 2263 419 2290 initium
437 2264 578 2290 contrario
598 2263 683 2297 priori
711 2268 808 2290 exortu
822 2267 849 2289 et
865 2267 951 2294 motu,

159 2311 246 2340 cauda
275 2309 390 2345 longiori
416 2310 604 2343 dcnsiorique,
627 2309 660 2336 de
680 2317 733 2343 quo
759 2309 875 2336 videnda
891 2317 953 2343 quas

159 2368 221 2387 cum
237 2359 282 2386 alii
303 2357 435 2385 alihiviri
452 2357 618 2388 doctissuni,
637 2360 693 2383 tum
714 2356 794 2383 iidem
812 2356 888 2390 prius
898 2364 954 2382 mc-

160 2406 257 2433 tnorati
270 2404 403 2432 Cussinns
420 2404 524 2434 Romae,
548 2402 706 2437 Grandamy
732 2409 824 2429 noster
840 2401 954 2430 Parisiis

161 2453 188 2480 in
203 2453 292 2479 luccm
310 2450 468 2477 ediderunt.
482 2449 571 2480 Desiit
584 2456 718 2483 apparere
744 2456 758 2475 a
774 2449 832 2476 sole
857 2449 953 2476 absor-

160 2504 223 2534 ptus
247 2497 358 2524 circiter
378 2496 449 2523 diem
464 2496 497 2523 19
525 2495 637 2530 Aprilis,
659 2502 714 2529 quo
729 2495 774 2522 die
794 2503 856 2522 cmn
873 2495 902 2523 δ.
920 2495 951 2522 Ι).

160 2543 365 2573 N.Alesandcr
379 2542 423 2569 VII
457 2543 501 2569 hic
520 2542 613 2568 Roma:
644 2542 670 2568 in
690 2542 806 2569 Basilica
835 2542 864 2570 S.
880 2541 953 2569 Petri

161 2591 367 2620 sulcmnissimu
382 2590 547 2617 cmrcmunia
573 2589 601 2616 Β.
621 2588 798 2616 Fiam-iscum
820 2589 854 2616 dc
877 2589 954 2617 Sales

161 2640 320 2674 s‘plSCtlptIIu
338 2637 528 2664 chc-vunscm
548 2637 598 2663 rite
618 2642 776 2663 sanctorum
793 2636 855 2662 albo
868 2637 956 2663 ascri-

162 2686 274 2720 psisset.
290 2685 349 2710 visa
367 2683 431 2710 mihi
450 2687 492 2710 est
508 2683 711 2718 Ιιωεσυγκυρία
736 2683 799 2709 novi
828 2683 954 2719 indigelis

161 2737 295 2765 superum
316 2730 411 2757 choris
428 2729 525 2756 inserti
539 2733 564 2756 et
579 2730 767 2757 evanescentis
781 2736 894 2757 omnem:
913 2738 956 2756 ar-

161 2780 323 2812 gumentum
346 2783 401 2802 non
420 2775 561 2810 illepidum
581 2775 801 2810 epigrammatis,
816 2781 843 2802 et
861 2777 954 2803 remisi

159 2821 357 2853 molibcntcrc
370 2822 484 2850 tristitia
503 2829 619 2850 morosa:
644 2823 834 2858 orcupultonis
852 2823 878 2849 iu
901 2831 953 2851 non

1003 2227 1124 2250 tororum
1149 2221 1303 2256 principum
1325 2220 1510 2251 Siccularium,
1533 2220 1608 2247 locus
1629 2219 1799 2246 tribueretur

1004 2274 1059 2293 non
1077 2273 1138 2292 cum
1163 2265 1226 2299 jure
1248 2264 1354 2291 ferendi
1380 2263 1415 2290 ad
1445 2264 1613 2293 decisionem
1638 2263 1800 2298 dogmatum

1004 2310 1137 2346 BulTragii,
1148 2310 1196 2338 sed
1210 2314 1240 2336 ut
1256 2315 1339 2337 testes
1351 2314 1444 2336 css‘ent
1461 2314 1584 2336 actorum
1598 2309 1734 2344 primique
1751 2316 1802 2335 co-

1005 2362 1172 2393 gnoscerent
1187 2356 1323 2392 rulganda
1338 2355 1514 2390 postmodum
1534 2356 1561 2383 iu
1580 2355 1706 2390 populos,
1727 2354 1800 2381 inte-

1004 2407 1111 2441 rimque
1125 2405 1291 2432 auctoritate
1317 2412 1349 2432 ac
1369 2409 1505 2439 potestate
1527 2404 1674 2439 principali
1689 2403 1800 2430 liberta-

1005 2458 1071 2485 tem,
1088 2451 1367 2482 securitatem.otium
1384 2451 1597 2478 decernentibus
1619 2451 1744 2477 Putrihus
1762 2451 1802 2476 ln-

1005 2504 1109 2527 cercnt.
1134 2498 1179 2524 sic
1201 2498 1229 2525 in
1252 2497 1399 2525 collatione
1411 2497 1632 2532 Carthaginensi.
1655 2497 1699 2524 ubi
1717 2505 1800 2524 causa

1007 2544 1214 2571 Donatistarum
1231 2544 1413 2574 tractabatur.
1435 2551 1494 2569 cum
1515 2544 1645 2577 episcopis
1664 2543 1798 2576 ingressus

1005 2597 1044 2619 est
1063 2591 1156 2626 (verba
1172 2594 1236 2617 sunt
1254 2590 1381 2624 ephorum
1399 2590 1558 2616 Baroniauw
1575 2589 1716 2624 Spordnui
1734 2597 1798 2615 atlll.

1006 2638 1055 2665 411
1082 2645 1110 2664 n.
1134 2636 1162 2671 4)
1182 2636 1262 2663 etiam
1279 2634 1452 2662 Marcellinus
1474 2636 1499 2662 in
1520 2640 1607 2662 tocnm
1631 2636 1665 2661 ad
1685 2635 1802 2662 collatio-

1006 2693 1064 2712 nem
1081 2688 1223 2719 paratum.
1240 2682 1284 2716 qui
1306 2682 1411 2716 quidem
1427 2689 1476 2707 non
1492 2681 1577 2708 soluat
1593 2681 1715 2708 tribunus
1731 2681 1801 2707 mili-

1008 2731 1075 2757 laris
1097 2734 1165 2760 erat,
1187 2730 1231 2754 sed
1248 2732 1271 2754 et
1290 2729 1421 2756 notarius.
1438 2726 1485 2752 ltoc
1502 2733 1537 2753 est
1559 2735 1575 2753 α
1599 2729 1706 2753 scrrctis
1725 2729 1803 2759 impe—

1008 2777 1117 2808 ratoris,
1136 2781 1163 2802 ut
1177 2779 1277 2801 constat
1290 2782 1319 2800 ea
1335 2773 1410 2800 titulo
1426 2775 1544 2807 epistofte
1556 2774 1749 2800 catholicorum
1766 2775 1799 2800 ad

1008 2825 1092 2857 ipsum
1120 2828 1180 2849 urite
1206 2821 1274 2848 colla
1290 2821 1374 2847 ioucm
1396 2821 1510 2854 srripta‘.
1538 2819 1594 2846 Nec
1612 2825 1697 2846 latltt'tt
1714 2822 1738 2847 in
1756 2822 1802 2848 illa
