1931 3069
207 140 278 174 1115

668 139 702 169 Ρ.
724 137 874 169 POSSlNI
894 137 1222 169 OBSERVATIONUM
1241 137 1316 168 LIB.
1340 137 1382 168 II.

1775 137 1846 171 lll6

197 201 289 230 (Eesiae
311 198 461 231 Latinoque
482 196 586 223 nomini
602 195 795 226 infensissimi,
811 203 881 229 quos
897 196 989 229 potius
1007 204 1027 229 Α
1043 196 1108 229 rjtts.
1120 194 1315 228 Rcspouditille
1329 194 1492 228 imperatori,
1507 203 1515 220 t
1529 193 1766 230 Nuitagnoscoﬁi
1778 196 1842 229 quid

198 254 215 274 ε.
231 244 326 272 Graeco
339 250 365 270 ct
388 241 566 269 scliismatieo
590 241 725 273 scriptore
757 245 786 267 nt
815 241 989 267 turbulentos

197 298 224 320 ct
241 296 417 320 contumaces
444 287 564 318 traduci,
591 294 639 321 pro
666 286 824 313 teStintonio
837 294 929 314 causa:
946 295 990 313 or-

199 339 325 366 l..od0x:e
340 337 447 363 favente
468 333 657 366 arripiomlum
675 338 729 358 est.

235 383 342 410 P.5l6.
384 380 495 413 Georg/io
527 378 699 412 Acropolitaz.
739 377 876 404 Ilabeuius
907 378 989 414 hujus

197 429 379 460 eruditissimi
394 427 444 453 viri
461 425 602 452 historiam
620 429 647 450 et
663 423 824 457 chronicon;
837 424 940 451 scimus
956 431 989 450 ex

198 479 260 506 aliis
277 477 360 503 multa
380 475 413 500 de
425 474 484 508 t-ilts
501 473 554 499 vita
572 478 598 499 ct
618 472 700 498 rebus
718 471 814 505 gestis,
832 479 882 498 nec
897 475 988 498 tamen

198 526 306 560 uspiam
330 523 486 550 invenimus
518 521 644 546 idoneum
675 518 882 545 fundamentum
910 518 988 545 illum

197 569 376 600 insimulandi
406 567 520 594 laxioris
545 564 733 592 conscientiae.
748 563 839 596 Quare
862 563 990 598 suspicor

196 628 229 648 ex
249 618 313 646 odio
329 617 357 644 in
385 623 447 642 eum
467 611 710 640 aeliismatiCorum
736 610 807 636 banc
822 609 988 636 calumniam

197 669 302 693 natam.
317 663 385 690 Cum
400 661 474 688 enim
491 659 537 685 ille
552 658 634 684 homo
650 655 826 691 pereruditus
836 659 864 683 et
882 655 990 682 rectiac

198 711 278 740 liberi
300 707 396 743 ittdicii
412 713 444 733 ex
473 704 590 732 lectione
615 702 728 730 Patrum
755 708 892 734 veterum,
909 701 947 727 ιιιὶ
963 705 990 727 et

196 758 315 788 Veccus,
333 755 492 788 agnovisset
511 757 626 788 causam
648 749 821 780 Latinorum,
835 755 906 781 qttos
930 747 990 774 sine

196 811 280 833 causa
291 802 333 829 sui
346 799 433 827 Grzeei
444 800 650 826 aversarentur.
663 794 808 827 iustiorem
819 800 890 822 esse.
906 791 944 819 uti
962 796 990 818 et

197 850 276 878 tidem
293 847 367 874 circa
382 845 480 878 dogma
503 842 538 869 de
563 839 650 867 sancti
666 839 786 874 Spiritus
800 846 834 865 ex
851 837 931 865 Patre
948 836 991 863 Fi-

197 896 290 929 lioque
316 890 491 926 processioue
525 885 722 916 orthodoxum.
742 887 818 911 totus
833 891 865 910 ex
891 882 991 929 animo

197 928 321 968 incubuit
331 938 359 964 in
374 934 511 969 negotium
519 931 695 960 conﬁcienda:
707 929 783 964 pacis
792 928 990 960 Ecclesiarum,

198 987 306 1016 fidelem
323 984 351 1010 in
369 990 401 1009 eo
417 989 451 1008 ac
473 987 528 1006 non
551 985 647 1012 parum
663 976 756 1003 utilem
774 982 888 1009 operam
907 974 992 1008 impe-

198 1032 284 1061 ratori
299 1036 413 1057 navans.
431 1026 483 1059 Qui
497 1029 523 1052 et
538 1024 566 1051 in
583 1022 701 1051 solemni
715 1021 851 1057 legatione
864 1020 899 1047 ad
923 1019 992 1047 Gre-

198 1077 303 1114 gorium
320 1074 344 1101 Χ
366 1079 462 1108 papam
479 1077 543 1098 eum
569 1068 642 1095 inter
667 1067 814 1094 saeculares
836 1064 990 1101 principem

197 1111 285 1156 misit,
306 1126 335 1148 ut
351 1119 534 1152 Paebymeres
563 1115 654 1146 docet,
672 1121 698 1148 p.
728 1112 792 1143 384.
820 1116 849 1139 et
862 1111 988 1156 euindein

197 1177 260 1197 cum
276 1165 468 1202 espatriarcba
487 1162 626 1189 Germano
643 1166 804 1194 comparere
824 1157 883 1184 \iee
899 1156 942 1184 sui
962 1155 989 1182 in

197 1211 374 1250 Lngdunensi
391 1208 510 1237 concilio
530 1207 628 1240 voluit,
648 1211 678 1232 ut
701 1212 735 1232 ex
758 1203 834 1231 Actis
848 1203 907 1238 cius
927 1210 991 1252 cou-

198 1262 256 1290 eilii
268 1267 339 1287 sess.
356 1257 374 1284 ι
389 1260 507 1283 constat.
522 1253 592 1280 lliuc
603 1251 730 1279 videlicet
745 1258 848 1278 exosus
859 1249 904 1277 hic
918 1249 991 1276 schi-

199 1305 323 1336 smaticis
335 1310 390 1330 non
406 1302 486 1328 ntodo
496 1298 679 1327 contumelias
692 1296 726 1324 ab
748 1296 794 1328 iis.
811 1294 858 1324 sed
869 1294 992 1322 vexatio-

197 1360 248 1380 nes
264 1351 345 1378 etiam
367 1346 545 1382 gravissimas
565 1348 606 1371 est
620 1350 731 1378 passus,
756 1345 822 1376 post
846 1340 989 1368 Michaelis

198 1395 281 1434 654
296 1391 439 1426 Palaeologi
465 1394 581 1417 ntortem
602 1387 812 1423 praevalentibus
834 1385 990 1434 apudap-

199 1431 344 1470 dronieum
364 1436 480 1465 infensis
494 1435 565 1470 paci.
588 1435 642 1467 Qui
660 1437 803 1468 postquam
822 1439 881 1459 eam
898 1431 990 1458 abillo

201 1486 386 1522 abrogandam
410 1482 678 1518 abrumpendamque
698 1487 842 1513 curarunt.
863 1480 944 1506 etiam
965 1479 989 1505 ei

202 1537 351 1562 suaserunt
378 1536 407 1558 ut
431 1530 627 1564 Acropolitant,
654 1535 738 1554 unntn
753 1535 785 1553 ex
808 1525 991 1553 columinibus

201 1580 345 1610 catholicae
365 1578 460 1613 partis.
488 1577 667 1603 incarcerem
683 1573 823 1600 conderet.
839 1571 919 1599 Istam
947 1570 992 1597 ille

201 1627 332 1662 iniuriam
348 1631 429 1660 quam
448 1622 510 1650 forti
524 1622 626 1651 animo.
643 1627 724 1654 quam
740 1618 843 1645 invicta
859 1622 993 1644 constan-

201 1676 239 1702 tia
261 1673 366 1701 tulerit.
382 1671 462 1697 docet
481 1667 597 1703 epistola
616 1665 746 1694 Demetrii
769 1664 865 1691 llaulis
879 1664 993 1691 Cabacis

202 1710 236 1746 ad
257 1719 341 1746 tilium
355 1715 507 1743 lllanueleni
523 1714 627 1743 Graece.
643 1711 690 1738 sed
707 1712 777 1746 stylo
786 1710 989 1740 semibarbaro,

202 1766 315 1800 scripta.
330 1771 362 1790 cx
379 1769 431 1796 qua
449 1768 534 1794 nuper
552 1760 624 1786 edita
641 1758 674 1785 ab
691 1757 728 1784 ill.
748 1757 846 1783 Allatio
873 1757 912 1788 (in
947 1755 996 1782 do-

201 1813 326 1840 ctissimo
341 1816 424 1843 opere
459 1806 689 1833 Exercitationum
726 1805 754 1831 in
784 1803 992 1838 Creyg/ttonnni,

202 1868 228 1893 p.
243 1857 294 1885 6l6
309 1861 336 1884 et
351 1855 421 1889 seq.)
451 1853 572 1879 auctoris
588 1853 690 1883 verbis,
714 1855 743 1878 ut
767 1851 802 1878 ab
827 1851 921 1877 eodem
937 1849 995 1875 viro

203 1911 301 1938 magno
317 1902 409 1928 Latine
427 1899 590 1930 redduntur.
608 1897 725 1924 referam
743 1897 820 1931 plane
846 1896 990 1922 heroicmn

204 1950 286 1984 huius
301 1947 351 1973 viri
370 1946 484 1976 factum,
503 1952 557 1978 quo
580 1944 688 1970 abunde
713 1942 876 1977 purgabitur
893 1941 996 1968 calum-

203 1997 248 2024 nia
266 1995 309 2021 hic
321 1993 345 2020 ei
359 1993 479 2026 impacta
501 1990 613 2016 laxioris
633 1989 820 2015 conscientia}.
847 1987 894 2014 Sic
914 1987 997 2022 igitur

203 2043 241 2070 ait
257 2050 263 2068 :
277 2040 339 2068 Post
359 2037 454 2065 multos
478 2037 580 2071 elapsos
601 2043 696 2067 annos.
722 2043 780 2061 cum
803 2034 889 2060 adhuc
908 2034 997 2060 senior

203 2087 348 2123 iGeorgius
362 2084 518 2118 Acropolita
532 2083 576 2109 hic
590 2084 694 2116 noster)
715 2082 742 2107 in
754 2081 846 2108 exsilio
860 2086 883 2107 et
893 2087 998 2107 carcer:

203 2135 358 2169 perduraret
380 2139 461 2158 causa
477 2129 614 2164 legationis
628 2134 734 2163 propter
744 2129 864 2154 unionem
880 2135 937 2153 cum
950 2135 993 2153 crt-

1042 249 1100 267 t'ero
1127 240 1309 274 argumentari
1331 244 1356 266 et
1382 239 1533 273 conjectura
1554 241 1674 276 persequi
1703 242 1788 266 datur
1809 248 1842 267 ea;

1048 288 1106 313 loro
1123 296 1148 313 in
1159 295 1209 321 quo
1226 288 1356 320 considet,
1372 288 1491 320 princeps
1509 293 1547 314 est
1563 289 1600 314 tui
1623 290 1711 314 sancti
1734 288 1842 323 imperii

1045 334 1188 360 honoribus
1207 333 1359 360 decoratus.
1379 332 1411 359 At
1425 334 1534 368 quinam
1551 334 1597 360 ille
1611 335 1644 361 sit
1661 335 1780 361 nondum
1799 343 1844 361 ca-

1039 379 1110 411 pio.»
1125 377 1264 412 Respondit
1274 379 1429 411 imperator,
1447 387 1455 403 ι
1470 377 1560 405 Filius
1577 383 1637 405 tuus
1652 384 1700 411 est,
1718 380 1842 405 dominus

1042 423 1193 450 Theouorus
1205 431 1316 458 magnus
1335 423 1494 458 logotheta.t
1525 425 1636 457 Abiecti;
1647 426 1719 452 omni
1732 432 1843 452 cuncta-

1041 472 1111 497 tione
1122 471 1194 504 ﬁlius
1208 479 1351 505 assurgat:
1372 471 1472 498 nudato
1489 473 1577 504 capite
1591 478 1695 506 patrem
1710 472 1838 506 aggredi-

1041 522 1094 548 tur,
1110 523 1133 544 et
1147 517 1260 544 salutent
1277 518 1348 544 ultro
1363 522 1480 552 citroque
1490 523 1565 553 pater
1577 524 1599 545 et
1615 519 1688 552 ﬁlius
1696 519 1748 545 sibi
1762 519 1844 545 dede-

1042 567 1114 589 runt.
1141 562 1207 588 Tum
1228 570 1322 588 rursus
1339 562 1482 596 imperator
1497 564 1644 590 orationem
1667 563 1702 590 ad
1725 573 1786 590 eum
1803 566 1846 590 di-

1040 608 1109 634 rea'it
1119 614 1128 634 :
1140 617 1149 633 ι
1168 607 1263 642 Magne
1275 607 1467 642 logotheta,res
1479 609 1516 635 ita
1531 610 1679 636 cecinerunt
1692 615 1847 643 coegerunt‘

1039 662 1088 688 quc
1100 658 1128 680 ut
1144 653 1190 680 tibi
1199 655 1254 681 Ιιιεε
1267 655 1356 681 tristia
1363 659 1388 681 et
1399 655 1424 680 in
1444 663 1569 690 magnum
1582 656 1679 682 malum
1692 655 1845 683 evaderent.

1041 699 1131 731 Quare
1144 699 1187 735 [Ρ.
1200 699 1263 736 459]
1282 700 1360 726 modo
1374 701 1455 727 vitum
1475 705 1514 727 est
1526 701 1590 727 milii
1605 706 1628 728 et
1658 702 1730 728 hisce
1757 710 1845 728 rerum

1040 746 1271 779 gubernatoribus,
1296 751 1324 771 ut
1353 750 1376 772 te
1396 746 1446 772 huc
1478 747 1623 773 adductum
1647 747 1842 782 alloqueremui

1042 791 1074 817 de
1091 800 1122 818 ea
1140 799 1167 818 re
1187 800 1245 826 qua:
1259 792 1332 818 nobis
1357 792 1426 819 bona
1453 798 1532 826 atque
1553 794 1663 820 honesta
1684 795 1803 826 indetur,
1823 794 1845 821 si

1006 852 1026 878 Β
1043 842 1130 863 tamen
1149 842 1195 863 tua
1216 837 1336 864 voluntas
1361 846 1412 864 non
1436 839 1527 865 abnuit
1553 847 1600 866 nos
1625 841 1731 870 audire.
1747 845 1776 866 ut
1793 849 1845 867 una

1042 887 1126 908 mente
1148 889 1225 917 atque
1236 883 1364 910 sententia
1381 884 1515 910 nobiscum
1532 887 1672 912 convenias
1696 887 1772 912 circa
1798 886 1834 912 Et:

1042 929 1128 955 clesite
1145 929 1272 956 dissidia.
1289 929 1347 956 Hoc
1358 931 1428 956 enim
1446 930 1510 957 mihi
1526 936 1550 958 et
1564 931 1620 965 ﬁlio
1634 936 1678 957 tuo
1695 940 1796 965 magna
1810 933 1834 957 to

1041 975 1153 1008 got/tcta:
1169 976 1266 1002 bonum
1284 980 1422 1008 reputatur
1443 980 1467 1003 et
1487 977 1592 1008 decens,
1610 982 1638 1003 ut
1653 977 1730 1003 nobis
1747 978 1834 1004 obtem

1041 1029 1113 1055 pere:
1127 1028 1136 1047 :
1151 1025 1176 1047 et
1193 1022 1283 1048 omnia
1313 1023 1421 1048 vulnera
1439 1030 1470 1048 uc
1490 1024 1590 1053 tristia.
1608 1032 1666 1057 qua:
1688 1026 1845 1050 necessitate

1042 1068 1166 1102 temporis
1181 1069 1208 1094 in
1222 1073 1246 1094 te
1269 1068 1346 1095 illata
1355 1074 1429 1100 sunt,
1443 1069 1625 1096 sanabimus.»
1651 1069 1702 1096 llic
1714 1078 1798 1104 porro
1813 1071 1845 1096 ad

1041 1116 1225 1148 imperatorem
1236 1117 1274 1142 ita
1289 1116 1387 1150 effatur
1401 1124 1410 1143 :
1427 1116 1542 1144 «Sancte
1553 1118 1666 1150 domine,
1680 1127 1846 1154 quartunqu'

1042 1162 1076 1187 ad
1080 1169 1120 1188 me
1127 1162 1273 1188 cnuntiasti
1280 1163 1393 1196 percepi.
1404 1162 1496 1189 Verum
1504 1171 1572 1190 nunc
1581 1166 1723 1197 respondeo
1730 1171 1754 1191 et
1763 1170 1845 1199 ultro

1041 1208 1114 1242 quod
1126 1208 1189 1234 mihi
1199 1209 1226 1234 in
1243 1209 1332 1235 animo
1349 1209 1433 1243 ﬁxum
1443 1215 1491 1236 est.
1501 1209 1607 1236 lustius
1615 1216 1686 1236 estet
1700 1212 1806 1246 mquius
1820 1218 1843 1237 u.‘

1041 1261 1134 1282 sancta
1142 1254 1224 1290 655
1232 1256 1303 1290 regia
1319 1261 1364 1282 tua
1375 1256 1500 1290 ntnjestas
1511 1256 1666 1282 meidomini
1674 1258 1844 1288 imperatoris

1043 1302 1129 1335 patris
1144 1302 1182 1328 tui
1191 1302 1346 1328 sententiam
1356 1302 1542 1337 subsequatur,
1555 1308 1579 1329 et
1591 1303 1664 1337 [ilius
1675 1312 1750 1331 meus
1759 1305 1845 1331 domi~

1043 1357 1092 1376 nus
1107 1348 1259 1376 Theodorus
1281 1356 1377 1380 meum.
1393 1357 1473 1384 quam
1501 1358 1548 1376 nos
1566 1356 1691 1377 vestram.
1712 1360 1722 1376 ι
1735 1351 1769 1378 Et
1781 1340 1845 1378 nihil

1045 1395 1119 1420 ultra
1137 1395 1237 1420 retulit.
1256 1393 1308 1420 Sed
1325 1403 1372 1421 nec
1388 1394 1433 1428 qui
1457 1395 1625 1428 imperatoris
1649 1401 1731 1423 nutus
1755 1405 1846 1423 secun-

1043 1441 1142 1468 dabant
1155 1441 1297 1474 principes.
1312 1448 1358 1467 nec
1380 1441 1434 1474 ipse
1455 1440 1599 1474 imperator
1615 1441 1721 1467 verbum
1737 1450 1846 1476 expres-

1044 1487 1090 1516 sit.
1109 1486 1228 1520 justitia.
1241 1485 1354 1518 ratione,
1375 1491 1549 1519 grnerostlate
1564 1492 1587 1512 et
1605 1486 1806 1520 ntagniﬁcenu‘a
1819 1488 1845 1512 in

1047 1531 1169 1558 ruborem
1181 1531 1286 1565 stt/fusi.
1305 1531 1395 1558 omnia
1409 1531 1550 1565 siquidem.
1567 1531 1712 1558 dummodo
1737 1532 1844 1566 justum

1047 1583 1078 1601 ac
1094 1577 1187 1602 decens
1207 1575 1307 1602 salt-um
1332 1579 1411 1608 esset,
1433 1576 1500 1602 nihil
1522 1576 1672 1611 reputabat.
1701 1577 1767 1604 Ilaec
1788 1577 1844 1608 ibi;

1044 1629 1104 1655 quae
1119 1621 1211 1648 videat
1227 1625 1253 1648 et
1263 1621 1366 1655 iudicet
1387 1629 1483 1656 minus
1498 1622 1584 1649 lector
1598 1631 1631 1649 an
1651 1623 1706 1650 sitit
1721 1624 1843 1650 hominis

1045 1667 1278 1701 κατημελημένως
1289 1667 1344 1694 τῶν
1355 1668 1394 1698 εις
1404 1667 1558 1701 συνείδησιν
1567 1668 1686 1703 ἔχοντος,
1702 1671 1845 1695 minimum

1045 1712 1119 1747 pcnsi
1136 1713 1255 1739 trabeatis
1283 1713 1312 1739 in
1332 1713 1409 1740 rebus
1428 1714 1547 1747 gerendis
1563 1715 1625 1749 quid
1637 1715 1678 1749 fas
1692 1720 1717 1742 et
1733 1716 1845 1750 ofﬁcium

1047 1763 1175 1791 moneret.
1194 1759 1267 1792 quod
1283 1758 1353 1786 falso
1372 1760 1495 1786 videlicet
1511 1761 1535 1786 ci
1550 1760 1649 1789 Noster
1667 1762 1786 1797 imponit
1797 1763 1845 1789 hnc

1047 1805 1118 1832 Ιυιτο.
1138 1805 1191 1832 Sed
1212 1813 1246 1833 ne
1262 1806 1382 1841 cuipiam
1404 1807 1546 1834 videamur
1561 1808 1746 1838 suspiciosius
1763 1817 1844 1844 agere

1045 1859 1107 1878 cum
1126 1851 1304 1887 Pachymere.
1325 1853 1370 1886 qui
1387 1853 1460 1887 quod
1476 1853 1544 1880 alias
1564 1853 1655 1880 fuerat
1678 1860 1776 1881 notare
1801 1864 1844 1889 pr-

1047 1898 1136 1928 tuerit.
1156 1905 1217 1925 eum
1247 1898 1394 1925 mutabiles
1413 1899 1468 1926 sitit
1487 1907 1579 1927 mores
1595 1900 1749 1930 hominum.
1771 1901 1844 1927 dica-

1048 1951 1109 1970 tnus
1121 1951 1198 1976 sane.
1217 1944 1240 1970 si
1258 1945 1438 1978 negligentior
1455 1944 1593 1971 rationum
1609 1944 1695 1970 officii
1712 1945 1781 1971 vixit
1798 1953 1844 1971 nn-

1047 1996 1127 2023 quam
1141 1988 1274 2023 Georgius
1287 1989 1455 2024 Acropolita.
1468 1994 1524 2015 tuin
1538 1996 1650 2016 necesse
1663 1995 1706 2015 est
1719 1989 1746 2016 id
1763 1991 1845 2016 fuisse

1047 2033 1159 2068 quando
1172 2033 1298 2061 addictus
1316 2034 1405 2061 adhuc
1425 2034 1566 2061 schismati
1583 2034 1743 2061 adha-rcbat
1768 2042 1845 2060 erro-

1049 2080 1124 2107 ribus
1153 2079 1309 2107 Graecorum
1338 2088 1345 2107 :
1373 2085 1466 2115 postea
1480 2081 1590 2115 quidem
1609 2088 1691 2115 quam
1712 2080 1845 2108 Ecclesite

1049 2125 1152 2153 Latinae
1171 2126 1363 2153 reconciliatus
1388 2130 1440 2158 est,
1469 2131 1573 2154 tantum
1602 2126 1755 2161 profecisse
1770 2128 1846 2154 illum

205 2181 302 2209 tltolica
318 2178 449 2206 Ecclesia.
467 2176 611 2209 alloquitur
625 2175 768 2208 imperator
787 2173 998 2199 l).Anrtron.-‘cus
1016 2192 1036 2218 υ
1052 2178 1164 2205 apparet
1189 2175 1218 2198 ut
1238 2171 1345 2199 culmen
1369 2172 1457 2207 ipsum
1483 2173 1643 2206 apostolica:
1666 2173 1847 2207 perfectionis

206 2227 292 2262 ﬁlium
307 2223 378 2249 illius
387 2226 544 2254 ceterosque
555 2225 662 2246 saltatus
675 2219 816 2253 principes,
829 2220 888 2244 ante
903 2227 962 2245 eum
972 2218 997 2244 in

203 2271 315 2300 consilio
327 2268 482 2297 assidentes.
496 2276 504 2292 ι
520 2266 664 2299 Principes,
679 2265 814 2292 videturne
823 2266 893 2292 vobis
903 2265 1001 2291 bonum

204 2325 233 2346 ut
249 2324 373 2352 magnum
398 2314 559 2349 logothetant
579 2313 629 2340 huc
648 2313 792 2339 adductth
812 2317 1000 2346 pertentcmus.

206 2375 240 2393 an
251 2364 384 2392 nobiscum
397 2361 531 2388 Conveniat
543 2360 555 2386 ?
565 2363 622 2394 post
646 2364 684 2386 tot
698 2359 810 2386 carceris
823 2364 846 2385 et
860 2359 1002 2385 cxsiliian—

207 2421 255 2439 nos
271 2412 337 2447 [orte
351 2409 422 2436 nobis
440 2406 646 2441 obtemperabit,
663 2411 687 2432 et
703 2405 852 2440 conjunctis
867 2405 1002 2431 sententiis

207 2456 345 2484 nobiscum
375 2452 495 2480 concinet
513 2451 540 2476 in
568 2451 615 2476 hoc
631 2449 810 2476 Ecclesiaium
832 2449 956 2480 discidio,
978 2453 1002 2475 et

207 2502 299 2529 t-itabit
311 2499 576 2533 rcrutnnsperitatent
587 2502 610 2523 et
621 2497 690 2532 quod
707 2502 746 2522 ter
761 2502 834 2523 tanto
845 2496 938 2523 melius
950 2501 1001 2531 cst,

208 2548 328 2574 libertate
342 2545 504 2580 perfruetur,
525 2548 548 2570 et
566 2543 744 2569 uddecentiari
764 2551 828 2568 cura
845 2543 919 2569 illitis
936 2544 1004 2570 rale-

208 2594 294 2621 tudini
315 2592 506 2626 intlulgebitur.
527 2600 535 2616 ι
549 2590 645 2617 Omnes
657 2598 708 2616 uno
731 2598 776 2616 ore
800 2591 1002 2624 responderunt,

209 2650 218 2666 ι
235 2641 336 2667 Bonum
353 2643 402 2668 est.
419 2638 533 2668 domine,
549 2642 572 2664 et
587 2637 748 2664 exsecutioni
773 2638 922 2663 mande/ur.
944 2636 1003 2663 lino

205 2689 282 2724 jussu
299 2693 345 2713 tua
364 2685 431 2711 nulli
447 2686 527 2710 noxia
536 2689 608 2710 sunt.
627 2693 636 2708 I
652 2683 792 2717 Sicituque
816 2691 874 2709 cum
898 2691 1004 2717 respon-

204 2733 315 2764 dissent,
339 2732 483 2765 imperator
505 2730 640 2755 mandavit
661 2734 689 2755 ut
704 2729 900 2761 adduceretur;
923 2738 1002 2764 eoque

205 2782 344 2814 praesente,
359 2783 385 2804 ut
403 2778 492 2804 mitius
509 2777 641 2811 negotium
653 2777 844 2811 disponeretur,
875 2777 912 2804 sic
926 2786 1003 2804 catur-

204 2832 254 2852 sns
269 2828 306 2849 cst
326 2823 472 2848 orationem
484 2822 646 2855 imperator:
659 2830 667 2847 t
685 2822 845 2855 Agnoscich
857 2823 1001 2857 principem

208 2871 296 2900 illum,
310 2867 432 2902 quisnam
450 2867 494 2894 ιιιό
508 2869 563 2894 sit?
580 2877 588 2893 ι
607 2867 637 2895 It't
654 2868 735 2904 digito
750 2871 903 2896 nwnuravit
914 2870 1000 2904 ﬁlium

1053 2217 1174 2252 atlig5ssc
1189 2217 1323 2245 videa'ur.

1089 2262 1118 2289 Ρ.
1137 2263 1199 2290 517.
1219 2263 1337 2290 Eudocin
1351 2271 1445 2297 magno
1466 2265 1535 2297 apud
1553 2265 1642 2291 urbem
1660 2264 1772 2291 domino
1788 2266 1845 2292 e'o-

1053 2314 1115 2336 cata
1127 2315 1174 2336 est.
1191 2310 1258 2342 Quis
1274 2310 1325 2337 iste
1339 2311 1599 2343 maguusslominus
1617 2311 1644 2337 iu
1669 2311 1758 2338 urbe?
1774 2312 1846 2338 Infe-

1054 2357 1123 2388 rius,
1147 2365 1174 2391 p.
1196 2357 1258 2388 3:28,
1276 2357 1408 2383 scribitur
1431 2357 1464 2384 de
1486 2357 1592 2384 Joanne
1609 2358 1689 2389 duce.
1710 2366 1777 2385 cunt
1796 2359 1847 2385 ob-

1054 2411 1160 2430 scssunt
1193 2404 1218 2430 iu
1245 2404 1312 2430 urbe
1337 2403 1380 2430 cui
1411 2411 1509 2429 nomen
1538 2405 1638 2434 Patrae.
1669 2411 1731 2430 cum
1764 2411 1849 2431 nrctu

1055 2449 1209 2484 aufugisset
1221 2451 1328 2476 venisse
1340 2449 1460 2481 Thebas,
1472 2454 1498 2476 et
1519 2450 1553 2476 ibi
1569 2450 1702 2484 reperisse
1715 2458 1849 2485 magnum

1055 2495 1208 2528 dominum,
1222 2496 1268 2522 τὸν
1293 2496 1380 2530 μέγαν
1397 2496 1503 2531 κύριον.
1521 2495 1567 2522 Sic
1585 2501 1711 2522 vocatum
1732 2502 1852 2531 apparet

1055 2543 1213 2569 Thebarum
1240 2543 1390 2576 principem
1423 2542 1513 2569 Latini
1542 2543 1660 2576 generis.
1693 2542 1752 2569 Dici
1785 2551 1851 2577 ergo

1059 2595 1146 2624 potest
1170 2590 1316 2616 liudoeiain
1343 2590 1450 2617 tertiam
1471 2590 1552 2616 tiliam
1582 2589 1708 2616 Lascaris
1731 2591 1849 2623 Auguin

1057 2644 1156 2670 magno
1179 2637 1291 2663 domino
1317 2637 1433 2671 principi
1460 2636 1636 2666 Thebarum,
1668 2636 1751 2669 huius
1779 2637 1848 2664 forte

1055 2691 1137 2717 quem
1159 2683 1281 2710 Joannes
1307 2683 1361 2709 dua
1384 2683 1420 2709 ibi
1450 2684 1552 2716 reperit
1575 2682 1646 2716 patri
1667 2687 1714 2708 aut
1737 2687 1848 2716 patruo.

1057 2731 1142 2757 fuisse
1161 2730 1333 2760 collocatam.
1351 2729 1614 2763 tnatrituoniuinque
1634 2729 1659 2755 id
1678 2730 1847 2756 celebratum

1057 2777 1082 2804 in
1102 2777 1169 2804 urbe
1183 2776 1402 2811 Constantiuupo
1416 2777 1434 2806 ἰ,
1453 2777 1497 2802 tibi
1519 2781 1575 2802 tum
1596 2777 1619 2803 is
1639 2777 1769 2810 princeps
1790 2778 1848 2803 fuc-

1057 2824 1092 2850 rit
1115 2823 1141 2850 iit
1159 2821 1289 2849 comitatu
1312 2822 1484 2856 imperatoris
1501 2822 1591 2848 Latini
1609 2831 1702 2849 rerum
1723 2823 1782 2850 il'lic
1800 2831 1847 2857 po-

1057 2870 1161 2901 llentis,
1179 2869 1215 2896 ita
1234 2874 1261 2896 ιιι
1277 2871 1307 2895 τὸ
1325 2870 1394 2896 κατὰ
1411 2870 1460 2904 τὴν
1480 2869 1557 2895 πόλιν
1576 2868 1608 2895 ad
1631 2870 1724 2897 locum
1741 2877 1849 2905 nuptia-
