1931 3069
204 143 273 174 lilii

659 150 693 181 Ρ.
717 150 872 181 POSSlNi
897 151 1230 184 OBSERVATIONUM
1252 155 1328 187 LIB.
1343 156 1382 186 li.

1760 154 1838 187 11Ξο

197 203 227 227 et
245 201 291 235 qui
314 209 376 228 eum
399 202 492 230 laudnt
526 203 662 232 Henricus
681 206 836 240 Stephanus
863 207 891 234 in
917 207 991 234 Tlte—
1007 216 1028 242 Α
1045 208 1109 243 δρία.
1125 214 1155 236 ιιι
1178 209 1250 236 idem
1267 219 1327 238 esse
1344 212 1494 239 videretur.
1511 211 1596 239 Sonat
1616 215 1706 238 autent
1726 219 1841 246 μεσημ-

199 253 285 274 sauro
308 247 408 275 Cratere
434 250 543 285 lingtue.
562 251 626 278 dum
651 252 776 280 instincti
796 259 911 288 uterque
929 254 991 281 libi-

199 291 263 319 dine
283 294 469 323 calumniandi
493 303 612 324 vetereto
631 306 681 325 usu
700 298 829 326 Ecclesire
846 300 989 334 probatam

200 337 267 365 Novi
282 340 453 368 Testamrnti
472 345 639 375 versionem,
658 346 826 372 contendunt
847 347 993 382 περιπηίιι-

202 393 246 411 σιν
261 386 307 412 illo
321 388 441 421 Apostoli
457 389 515 415 loco
529 398 628 416 sonare
642 392 813 418 assertionem
830 393 887 419 sive
906 393 993 418 uindi-

202 432 344 463 cntionem,
362 435 434 466 quod
452 443 533 468 quam
549 437 584 463 sit
601 437 723 470 int-ptum
736 438 880 471 patebitex
900 439 992 466 consi~

201 476 346 505 deratione
358 480 502 507 verborum
520 483 605 509 sattcti
622 483 708 510 Pauli.
723 483 793 510 Sunt
808 488 898 511 autem
913 484 991 514 haec:

201 523 253 554 Ὃς
267 524 342 550 ἐστιν
358 525 489 560 ἀρραϐὼν
505 529 554 561 τῆς
568 528 754 564 κληρονομίας
771 531 851 566 ἡμῶν
867 532 906 562 εἰς
922 532 991 557 ἀπο-

202 570 340 606 λύτρωσιν
369 572 420 606 τῆς
448 575 666 609 περιποιήσεως.
701 576 767 609 Qua:
797 577 838 604 sic
864 578 992 613 vulgatus

201 618 284 644 vertit
300 627 307 645 :
323 618 376 650 Qui
398 620 538 653 (nimirum
563 621 684 656 Spiritus
697 623 820 657 sanctus)
837 629 876 650 est
899 624 993 658 pignus

201 662 366 690 Itwreditatis
395 671 495 692 noslrre
513 667 539 692 in
564 668 770 700 redemptionem
799 669 995 703 acquisitiouis.

201 707 315 744 Nempe,
332 716 362 737 ut
377 716 487 738 enarrat
503 712 719 747 Chrysostnmus
742 715 814 742 ltnnc
831 715 933 747 locum,
950 716 993 743 his

201 755 248 789 qui
263 756 343 784 ﬁdem
368 761 395 784 et
421 758 582 786 charitatetn
609 761 721 793 habent,
741 761 797 795 jam
818 770 891 789 nttnc
912 763 994 789 datur

199 801 247 835 jus
272 803 305 830 ad
331 803 530 836 hmreditateut,
551 806 632 840 cujus
661 813 874 841 reprmsentatnr
896 811 993 842 pignus

199 854 228 875 et
241 850 324 876 arrlta
344 858 351 876 :
371 851 438 885 qltitt
461 858 487 878 et
503 853 564 885 eius
583 854 661 887 quasi
679 854 834 881 substantia
851 855 993 882 confertur

1044 253 1108 289 ϐρια
1135 255 1290 283 meridiem.
1316 257 1356 283 lbi
1382 257 1446 284 latet
1469 257 1614 284 antithesis
1626 257 1658 284 ad
1680 257 1759 283 σκιὰν
1775 265 1840 283 um-

1043 303 1127 329 bram.
1161 303 1190 330 Id
1217 305 1268 331 etsi
1297 305 1370 332 dictu
1393 313 1519 340 parvum,
1557 304 1734 332 admonuisse
1750 312 1838 339 opor-

1044 349 1106 378 tuit.
1133 356 1165 376 ne
1186 349 1316 376 lectorem
1339 351 1383 378 ltic
1413 351 1562 378 oll'entlcret
1587 351 1776 384 intempestiva
1807 353 1839 377 et

1044 394 1258 429 ἀπροσδιόνυσος
1274 396 1330 422 visa
1347 397 1451 424 umbrae
1464 396 1578 424 mentio.

1080 439 1106 466 Ρ.
1125 441 1188 468 549.
1211 441 1241 468 '0
1261 441 1296 468 δὲ
1308 442 1437 475 Μύτζης.
1456 441 1491 469 Ut
1505 449 1566 475 qua:
1582 441 1633 468 hoc
1649 441 1740 475 capite
1765 440 1841 466 refe-

1045 492 1144 514 runtur
1157 487 1358 522 intelligantur,
1370 489 1548 523 repetendum
1565 496 1598 515 ex
1613 488 1741 522 Superius
1756 494 1838 522 spar-

1045 533 1096 560 sint
1129 533 1249 561 narratis
1280 541 1294 560 a
1315 534 1482 570 Pacltymcre
1509 539 1537 561 et
1567 542 1598 561 es
1625 534 1746 567 Gregora
1782 537 1840 564 est,

1044 578 1176 606 Joannem
1192 579 1399 614 imperatorem.
1417 588 1497 615 quem
1516 580 1696 615 Pachymeres
1715 579 1761 606 hic
1783 579 1839 605 Du-

1045 633 1104 650 cam
1130 630 1219 658 vocat,
1238 626 1459 658 Cantacuzenus,
1480 627 1507 654 in
1529 626 1692 654 Przel'atione
1708 626 1839 652 [listorite

1048 670 1199 704 Batatzam,
1225 673 1269 699 cui
1292 672 1454 707 Theodorus
1484 673 1612 700 Lascaris
1642 673 1717 708 prior
1745 673 1838 699 dotale

1045 717 1189 751 imperium
1209 719 1414 751 transmiserat,
1437 719 1499 746 data
1525 720 1552 755 ei
1576 719 1603 746 in
1621 727 1738 746 uxorem
1761 718 1840 745 Irene

1046 763 1111 794 ﬁlia,
1129 764 1213 791 ﬁlium
1227 769 1254 791 et
1269 772 1456 793 successorem
1471 766 1576 800 imperii
1597 766 1728 792 habuisse
1747 764 1838 791 Theo-

1045 810 1155 843 dorum,
1176 811 1316 838 Lascarim
1336 818 1350 837 ιι
1367 816 1454 838 matre
1471 811 1587 842 dictum,
1606 815 1734 845 nepotem
1748 809 1839 836 Theo-

1045 856 1106 883 dori
1133 855 1259 884 Lascaris
1283 857 1377 892 primi.
1412 856 1480 883 lluic
1507 857 1672 891 desponsam
1704 856 1838 883 lleleuam

201 894 340 924 inlusione
356 899 451 931 gratiae
472 899 632 932 ltabitualis,
652 910 704 935 qua
721 902 918 929 cottstituimur
941 903 986 929 lilii
1006 898 1026 925 Β
1041 901 1320 937 AsanisBulgarorum
1332 903 1404 936 regis
1415 903 1496 929 tiliam
1508 901 1756 936 nztrratGregoras,
1771 901 1790 926 l.
1806 909 1836 932 ιι,

203 940 261 968 Dei.
278 941 383 970 Desunt
398 949 487 972 tamen
503 945 583 973 nobis
599 947 688 973 adltuc
702 949 783 974 ntulta
801 953 826 975 ιιι
846 949 992 983 pervenia-

201 995 264 1016 mus
297 991 328 1015 ad
355 991 550 1023 perlectionem
575 996 692 1025 speratze
717 993 869 1021 felicitatis.
897 994 990 1022 Gratia

199 1034 284 1067 igitur
294 1035 378 1070 658
390 1037 535 1065 ltabitualis
552 1039 765 1074 κλρηρονομίας,
774 1041 937 1068 lim-editam
947 1049 991 1067 vo-

198 1082 297 1108 cabulo
339 1083 582 1118 signaturulona
619 1091 709 1113 autem
741 1087 864 1114 nondum
899 1089 989 1114 habita

200 1130 356 1156 necessaria
369 1138 391 1164 pi
403 1132 637 1159 rducemlisnobis
649 1133 681 1159 ad
694 1133 772 1160 linem
786 1134 913 1160 ultintttttt
924 1142 991 1160 con-

199 1181 342 1202 suntmatze
362 1176 552 1209 beatitudinis,
577 1180 790 1213 περιποιήσεως,
806 1181 989 1215 arqttisitioisia

200 1222 358 1249 indicantur
378 1224 471 1250 verbo.
495 1223 547 1250 Ista
572 1224 644 1251 dona
662 1225 735 1252 \‘clttt
751 1227 776 1252 in
799 1226 889 1252 alii-na
906 1233 988 1252 manu

203 1270 290 1303 posita
309 1270 466 1296 redimenda
483 1271 562 1298 ttohis
587 1277 660 1304 sunt,
679 1272 728 1299 hoc
742 1277 784 1299 est
799 1272 945 1299 eme-renda
962 1276 989 1298 et

199 1315 372 1349 impetranda
391 1316 468 1343 Louis
486 1317 615 1351 operibus
633 1322 659 1343 ct
681 1318 819 1352 precibus.
841 1317 879 1345 Ne
895 1323 986 1345 autent

200 1361 378 1396 desperemus
398 1371 429 1389 ea
449 1363 598 1397 impetrare
613 1371 644 1390 ac
660 1365 808 1398 promereri
827 1373 876 1391 nos
895 1373 987 1399 posse,

201 1409 282 1435 datur
297 1409 377 1436 nobis
399 1408 441 1444 [Ρ.
460 1409 523 1444 484]
542 1418 636 1436 eorum
662 1418 782 1444 prmsens
801 1411 898 1446 pignus
923 1420 986 1438 san-

200 1458 262 1480 ctus
281 1452 414 1487 Spiritus,
438 1454 564 1488 idemque
588 1455 797 1483 efﬁcacissimus
822 1457 932 1490 adjutor
954 1458 986 1484 ad

200 1500 370 1534 operantium
387 1502 459 1535 quod
478 1508 491 1526 a
510 1501 589 1527 nobis
606 1502 743 1535 exigitur,
765 1508 792 1529 ut
818 1504 923 1538 plenam
944 1513 988 1532 sa-

200 1546 284 1574 lutem
304 1554 495 1580 assequamur.
514 1546 595 1574 Juxta
612 1548 683 1574 hunc
702 1556 812 1575 settsttnt
841 1558 922 1583 quam
944 1558 986 1576 re.
1000 1566 1020 1592 ρ

201 1597 245 1620 rte
261 1593 416 1619 coltrereant
436 1593 518 1618 verba
537 1593 658 1627 Apostoli
685 1595 755 1621 Videt
782 1595 904 1628 profecto
925 1604 988 1629 prti-

201 1640 270 1666 dens
285 1639 390 1672 lector;
409 1640 546 1674 simulque
565 1640 691 1674 intelligit
705 1649 786 1675 quam
801 1642 903 1668 uttllant
917 1650 988 1669 emn-

201 1685 310 1712 modam
336 1687 500 1712 sententiam
521 1686 624 1713 efﬁciat
650 1687 818 1715 Genevcnsis
841 1689 986 1723 expositio.

200 1733 266 1765 Quae
284 1737 326 1759 est
340 1732 410 1759 enim
439 1732 581 1764 redemptio
601 1734 754 1761 assertionis
770 1739 816 1761 aut
831 1735 989 1762 vindicatio-

201 1779 262 1806 m's?
283 1780 316 1805 At
332 1780 527 1810 acqtlisitionis,
553 1780 604 1807 hoc
629 1785 683 1813 est,
710 1782 747 1807 rei
776 1781 895 1808 nondum
924 1789 987 1816 pos—

201 1833 284 1852 sessa:
300 1834 313 1852 a
327 1825 479 1858 ljungcudze
499 1827 531 1852 ad
549 1827 573 1852 id
591 1827 663 1860 quod
678 1826 734 1859 jam
750 1827 894 1859 habemus,
908 1827 987 1854 facile

201 1871 291 1905 quivis
313 1871 443 1905 perspicit
458 1871 515 1897 ﬁeri
535 1871 741 1905 redemptionem
757 1880 848 1906 posse,
866 1872 917 1899 hoc
932 1878 985 1902 est.

202 1917 292 1950 parari
318 1925 377 1943 eam
403 1921 427 1943 et
444 1917 524 1949 quasi
541 1917 595 1944 erui
613 1919 752 1952 persoluto
770 1918 858 1952 pretio
878 1919 986 1945 idoneo.

203 1963 281 1989 Certe
293 1962 397 1988 Latinis
413 1962 596 1996 scriptoribus
612 1963 706 1998 prima:
722 1963 818 1990 classis
832 1963 988 1999 arquirendi

200 2006 312 2033 Verbum
334 2007 402 2033 hanc
428 2007 514 2039 ipsam
537 2016 618 2040 quam
642 2010 822 2042 exposuimus
849 2009 986 2035 notionem

202 2053 284 2079 habet
300 2053 438 2084 augmenti
456 2058 482 2079 et
505 2053 655 2080 additionis
670 2062 753 2089 super
773 2055 847 2088 prius
862 2062 986 2089 possessa

201 2100 356 2127 cumulatas.
375 2098 432 2127 Cic.
460 2108 483 2128 et
496 2100 538 2127 ist.
554 2101 580 2132 7,
599 2101 617 2127 Ι.
640 2109 668 2127 ιιι
684 2110 690 2128 :
706 2102 800 2128 Pus/ea
827 2110 884 2128 cera
908 2110 986 2136 quam

200 2147 239 2173 ita
256 2147 354 2178 accepi,
373 2146 409 2172 ita
429 2147 496 2181 gessi
513 2147 623 2179 imperia
639 2149 768 2179 maxime,
791 2153 818 2174 ut
839 2149 903 2174 ιιιὶΙιὶ
920 2149 987 2174 nihil

200 2201 281 2226 ιιείμιε
301 2193 334 2218 ad
351 2193 474 2218 [tenorem
502 2201 582 2225 neque
599 2194 633 2219 ad
657 2193 769 2226 gloriam
797 2195 987 2228 acquirendum

199 2243 331 2273 putarem.
349 2238 419 2264 idem
444 2238 470 2265 in
491 2238 603 2265 Catilio.
627 2238 698 2264 Nam
726 2240 790 2266 milii
809 2239 913 2273 quidem
937 2239 987 2272 ipsi
1001 2232 1027 2262 D

198 2285 262 2319 quid
273 2291 311 2312 est
329 2286 398 2320 quod
412 2285 470 2319 jam
487 2287 521 2311 nd
537 2286 598 2312 uiue
619 2285 735 2319 fructum
767 2286 848 2318 possit
873 2286 986 2319 acquiri.

200 2333 237 2360 Ut
251 2332 351 2359 similia
369 2333 494 2358 omittattt
513 2333 597 2359 multa
612 2334 714 2368 passim
730 2333 820 2359 oluia.
841 2333 902 2360 llaec
919 2334 988 2360 satis

201 2383 267 2406 sunt
290 2378 322 2404 ad
345 2379 525 2405 cvinccndunt
543 2384 638 2406 contra
660 2379 849 2406 cavillationes
873 2385 988 2406 novatn—

202 2434 275 2456 runt,
291 2430 410 2452 veterem
436 2426 613 2458 interpretem
632 2425 772 2461 vulgatum
796 2434 850 2452 non
868 2426 988 2459 potuisse

200 2471 299 2497 melius
322 2472 476 2506 exprimere
501 2473 553 2497 vim
577 2470 678 2498 Grzccte
705 2472 780 2498 vocis
812 2471 988 2506 περιποίησις

200 2525 282 2552 quant
297 2517 333 2550 ei,
348 2521 377 2544 tit
390 2517 464 2546 fecit.
481 2517 644 2551 opponendo
657 2518 817 2544 vocabulum
831 2516 988 2550 (requisitio:

200 2569 252 2589 nec
269 2569 318 2589 nos
331 2563 402 2596 qttod
420 2566 514 2588 ttostcl‘
529 2561 582 2588 ltoc
606 2562 666 2588 loco
684 2562 829 2588 ltis'oricus
852 2563 891 2592 et;
907 2569 987 2594 περι-

200 2599 311 2641 ποίησιν
331 2607 494 2633 attributum
517 2607 595 2638 dicit,
619 2608 689 2633 male
718 2607 872 2633 declaraSse
897 2606 987 2633 verbis

199 2653 255 2680 illis
272 2653 299 2679 in
315 2658 483 2687 augmentum
498 2653 674 2687 fundulionis,
688 2657 742 2679 etc.

236 2697 354 2734 [P.wi]
371 2707 396 2733 p.
415 2699 476 2726 548.
495 2697 536 2725 Ne
556 2699 677 2725 umbram
701 2698 808 2733 quidem
826 2698 905 2724 ullius
926 2706 985 2724 mu-

199 2745 365 2772 nitittnculre.
394 2744 421 2771 lit
447 2745 543 2772 Grtrco
568 2745 635 2779 μηδὲ
657 2745 787 2780 φρουρίου
813 2745 903 2771 σκιάν.
924 2744 985 2771 lltcc

198 2790 325 2817 alludunt
337 2791 369 2817 ad
384 2799 478 2818 vocem
496 2791 686 2826 μεσημῦρείας
702 2799 761 2817 mox
778 2791 906 2825 posiPam.
921 2793 986 2824 Qua:

199 2844 297 2862 lttitth'lt
310 2838 419 2870 quidem
435 2843 493 2864 erat
512 2842 582 2864 nata:
595 2836 682 2869 urbis,
697 2837 731 2864 de
752 2846 803 2872 qua
824 2838 867 2864 hic
881 2838 984 2871 agitur.

199 2881 253 2907 Sed
275 2883 346 2916 quod
370 2887 422 2909 tam
441 2890 525 2918 p:opc
549 2883 690 2911 accederet
706 2883 739 2911 ad
767 2892 858 2912 recent
879 2893 986 2920 μεσημ-

1043 957 1069 983 p.
1087 950 1129 980 l5.
1145 949 1224 983 cujus
1235 957 1315 976 soror
1328 949 1422 985 Mytlze
1435 949 1536 983 conqu
1555 948 1616 980 fuit,
1635 953 1664 974 ut
1679 955 1731 974 nos
1759 947 1839 973 docet

1042 995 1226 1031 Pachymeres
1241 996 1291 1022 ltoe
1311 996 1380 1027 loco,
1396 995 1513 1030 Mytzatn
1525 995 1609 1030 659
1623 998 1647 1021 ct
1661 994 1837 1020 Theodorum

1044 1042 1182 1068 Lascarim
1201 1041 1400 1076 συγγάμὸρους
1422 1049 1534 1069 vocans.
1561 1041 1600 1068 Ex
1628 1041 1679 1068 hoc
1697 1040 1837 1067 Theodori

1041 1087 1169 1115 Lasraris
1191 1087 1306 1114 secundi
1327 1087 1502 1114 matrimonio
1520 1091 1611 1114 natam
1631 1087 1739 1113 lrenem
1765 1086 1837 1113 idm

1042 1133 1162 1162 Jo'tnnes
1188 1133 1276 1161 Ducas
1295 1133 1434 1160 Tlteodori
1453 1139 1529 1167 pater
1545 1133 1634 1160 adhuc
1652 1134 1749 1159 vivens
1765 1132 1838 1158 Con-

1043 1181 1166 1207 stantino
1191 1180 1335 1207 collocarit
1364 1180 1439 1210 huic,
1456 1180 1490 1206 de
1507 1187 1562 1214 quo
1588 1181 1630 1207 hic
1657 1186 1765 1211 nos:er,
1793 1179 1837 1212 qui

1043 1231 1147 1261 partem
1165 1226 1275 1261 generis
1294 1233 1325 1252 ex
1352 1225 1445 1252 Serbia
1475 1227 1611 1252 trahebat.
1638 1225 1722 1252 Recte
1746 1229 1838 1251 autem

1043 1277 1121 1298 vocat
1141 1270 1314 1297 Constantini
1342 1270 1484 1305 conjugent
1502 1269 1607 1297 lrenent
1626 1269 1747 1305 ὲκγόνην
1772 1269 1840 1296 Asa-

1040 1318 1096 1347 nis.
1119 1318 1170 1343 hoc
1193 1322 1235 1344 est
1262 1321 1382 1352 neptem,
1407 1318 1507 1352 quippe
1527 1325 1559 1344 ex
1578 1316 1679 1344 llelena
1703 1316 1839 1351 genitam,

1040 1362 1141 1390 Asan‘s
1161 1363 1225 1390 lilia.

1075 1409 1105 1436 Ρ.
1122 1409 1183 1436 560.
1202 1409 1358 1436 Cardiualu
1373 1418 1430 1445 qum
1442 1417 1501 1441 var,
1515 1413 1568 1436 etc.
1583 1408 1647 1436 Pius
1662 1408 1695 1440 ll,
1712 1408 1840 1435 oratione

1039 1455 1071 1482 ad
1088 1456 1252 1488 cardinales,
1279 1465 1340 1490 quae
1356 1461 1446 1483 exstat
1461 1460 1610 1482 comment.
1640 1455 1659 1482 l.
1678 1463 1716 1485 tv.
1735 1455 1776 1481 sic
1793 1462 1841 1481 eos

1039 1502 1205 1535 conpellat:
1236 1502 1286 1529 Vos
1303 1503 1356 1529 reri
1379 1502 1471 1528 mundi
1487 1502 1619 1532 cardines.
1636 1510 1719 1536 supra
1742 1501 1839 1536 quibus

1040 1548 1179 1575 militantis
1190 1549 1285 1574 ostium
1299 1548 1422 1575 Eccleaite
1433 1547 1582 1574 rolrendum
1593 1555 1624 1573 ac
1636 1546 1776 1582 regendum
1789 1551 1840 1572 eu.

1039 1593 1144 1620 Ostiqu
1161 1598 1251 1620 autem
1270 1601 1338 1627 papa
1356 1596 1466 1620 vocatur
1480 1597 1510 1619 ut
1526 1592 1628 1620 Christi
1646 1591 1775 1621 vicarius,
1793 1591 1839 1625 qui

1039 1641 1072 1667 de
1098 1648 1127 1667 se
1151 1640 1210 1674 ipso
1237 1639 1303 1666 dicit
1328 1638 1454 1670 Joannis,
1473 1647 1499 1669 Χ,
1515 1639 1553 1665 9:
1572 1637 1627 1671 Ego
1642 1646 1699 1663 sum
1727 1637 1838 1663 osliunt.

1043 1686 1122 1720 Quod
1142 1686 1175 1713 de
1194 1693 1260 1712 auro
1276 1685 1320 1712 hic
1336 1685 1469 1712 scribitur
1485 1684 1516 1711 ad
1536 1684 1690 1711 cardinales
1707 1683 1793 1709 misso
1810 1687 1840 1708 ut

1039 1742 1136 1769 papam
1151 1742 1206 1768 quo
1222 1733 1328 1759 volebat
1354 1732 1502 1766 imperator
1521 1730 1672 1759 flecterent.
1691 1729 1791 1763 accipe
1809 1733 1837 1754 ut

1039 1781 1168 1813 scriptum
1192 1787 1207 1806 a
1233 1778 1410 1806 schismatico
1428 1785 1472 1804 res
1487 1777 1645 1804 Latinorum
1660 1781 1686 1803 et
1716 1776 1838 1810 ttegotia-

1041 1828 1140 1853 tionem
1156 1833 1217 1861 quae
1233 1833 1306 1852 ttttnc
1325 1824 1505 1851 inclinabatur
1525 1822 1727 1850 conciliatiOnis
1745 1821 1836 1848 Eccle-

1039 1872 1143 1898 siarum
1163 1871 1296 1898 infamare
1313 1874 1430 1897 certante
1461 1869 1666 1904 suspicionibus
1684 1867 1837 1894 calumnio-

1041 1919 1092 1945 sis.
1112 1917 1200 1950 Quare
1219 1918 1242 1944 is
1259 1917 1450 1943 auctoritatem
1467 1915 1494 1942 in
1512 1916 1563 1942 ltoc
1588 1915 1698 1950 quidem
1723 1920 1776 1939 non
1792 1913 1838 1938 ha-

1040 1963 1097 1995 het,
1114 1963 1158 1990 cui
1187 1967 1245 1990 tuto
1266 1962 1345 1989 inniti
1366 1961 1504 1989 credendo
1523 1961 1644 1996 prudens
1662 1961 1760 1995 possit.
1783 1960 1837 1987 Nec

1039 2016 1107 2042 opus
1123 2013 1183 2035 erat
1210 2008 1414 2042 imperatorem,
1447 2007 1519 2034 ltand
1551 2007 1650 2041 alioqui
1681 2007 1838 2041 prodigitur,

1040 2055 1153 2089 pecunia
1172 2062 1262 2081 emere
1280 2061 1441 2081 consensum
1470 2052 1608 2085 pontiﬁcis
1633 2057 1681 2080 aut
1707 2052 1838 2079 cardine.

1040 2101 1105 2127 littnt
1135 2100 1161 2127 in
1189 2100 1438 2127 reconciliationctn
1460 2099 1658 2131 Eeclesiarum,
1678 2107 1761 2132 quant
1798 2099 1836 2125 illi

1038 2155 1156 2180 semper,
1175 2151 1203 2173 ut
1221 2147 1302 2174 etiant
1320 2151 1413 2173 noster
1429 2146 1493 2172 alibi
1510 2153 1563 2172 non
1580 2145 1745 2176 dissimulat,
1759 2153 1836 2172 sunt-

1039 2194 1089 2220 mis
1118 2194 1190 2220 votis
1205 2198 1375 2227 optaverant,
1394 2193 1468 2219 ultro
1491 2193 1576 2226 parati
1597 2199 1645 2225 pro
1671 2199 1703 2218 ea
1729 2191 1841 2225 quiti-avis

1042 2240 1152 2274 pacisci.
1170 2239 1210 2265 Ad
1229 2239 1429 2273 impelrauduut
1448 2245 1512 2264 vero
1528 2246 1541 2263 a
1558 2237 1685 2272 pontiﬁce
1701 2242 1731 2263 ut
1750 2237 1839 2264 Caro-

1041 2286 1057 2312 li
1093 2285 1165 2320 τρεῖς
1198 2285 1341 2311 adversum
1373 2292 1403 2311 se
1433 2284 1633 2318 expeditionem
1667 2284 1840 2318 prohiberet,

1040 2331 1112 2366 quod
1143 2331 1222 2358 facile
1239 2331 1401 2357 crediderint
1416 2338 1471 2365 pne
1491 2330 1618 2356 omnibus
1637 2330 1756 2356 voluisse
1788 2329 1840 2356 Mi-

1040 2378 1172 2408 cltaclem,
1198 2378 1265 2404 satis
1281 2377 1338 2409 ipse
1367 2377 1534 2409 intelligebat
1563 2376 1621 2402 fore
1636 2383 1730 2402 verum
1749 2384 1834 2402 suum

1040 2424 1066 2451 in
1085 2431 1176 2457 pacem
1201 2423 1382 2450 Ecclesiarum
1404 2421 1600 2456 procurandam
1614 2422 1768 2448 drc'arasse
1784 2428 1842 2448 stu-

1038 2469 1126 2497 dium.
1147 2470 1267 2500 Dcniqne
1296 2469 1338 2495 hic
1365 2472 1469 2495 tantum
1498 2468 1683 2501 qualicunque
1710 2467 1762 2492 title
1782 2467 1837 2492 Pa—

1038 2516 1179 2551 ehytneres
1194 2514 1309 2542 aiﬁrmat
1333 2514 1452 2540 oblatum
1469 2514 1502 2540 ad
1527 2514 1691 2547 imperatore
1707 2511 1838 2538 cardina-

1040 2562 1112 2589 libus
1137 2569 1246 2592 aurutn,
1269 2564 1411 2593 acceptum
1439 2559 1472 2586 ab
1503 2559 1536 2586 iis
1555 2566 1607 2584 non
1643 2558 1751 2584 asserit.
1798 2557 1833 2583 Et

1039 2607 1123 2635 fuisse
1144 2608 1247 2634 scimus
1268 2606 1378 2633 aiinnde
1403 2606 1451 2632 illo
1478 2613 1535 2632 ιιινο
1554 2604 1707 2631 cardinales
1727 2604 1834 2638 aliquos

1039 2657 1094 2679 tam
1112 2656 1233 2683 sam-tos,
1252 2653 1298 2686 qui
1315 2651 1507 2678 abstinentiam
1526 2650 1654 2681 Fabricii,
1679 2649 1833 2675 Samnitum

1040 2706 1137 2725 aurum
1158 2698 1342 2732 aspernantis.
1368 2698 1394 2723 in
1411 2705 1439 2723 se
1458 2696 1606 2723 desiderari
1629 2703 1682 2722 non
1699 2696 1833 2722 sinerent.

1076 2745 1107 2781 [Ρ
1124 2744 1187 2780 462]
1206 2744 1234 2770 l‘.
1262 2743 1411 2777 36!.chii
1444 2743 1643 2769 archidiaconus
1672 2741 1747 2767 cirri.
1777 2739 1834 2767 Sa:-

1039 2791 1100 2825 pius
1117 2791 1143 2817 in
1163 2792 1212 2816 ttae
1237 2790 1350 2817 historia
1368 2791 1547 2824 l'aehyznercs
1572 2789 1673 2814 indicat
1689 2786 1834 2812 fuissecla-

1039 2839 1168 2866 mcsticos
1198 2839 1286 2865 clcros
1322 2837 1486 2872 principatu.
1520 2835 1563 2862 Sir
1591 2835 1728 2865 superius,
1745 2841 1770 2859 c.
1787 2832 1833 2863 22.

1040 2885 1058 2912 l.
1077 2892 1113 2919 tv,
1134 2884 1229 2912 scribit
1258 2883 1417 2918 Josephutn,
1438 2889 1583 2916 antequam
1614 2885 1765 2908 tt.o..act.us
1784 2879 1829 2905 tic-
