1931 3069
78 158 146 191 1121

73 223 126 248 rat,
144 215 255 244 lectoris
276 215 394 242 ofﬁciunt
422 214 593 257 Iexercuisse
616 215 644 242 in
677 214 751 242 clero
778 214 872 241 domc-
888 216 910 244 Α

74 264 147 290 stico
169 262 284 289 domina:
303 261 405 289 Ircnrs.
422 261 484 288 Ilrec
510 261 560 288 fuit
574 261 650 296 prior
671 268 740 288 uxor
761 261 877 293 impera-

74 310 144 336 toris
169 308 285 336 Joannis
314 307 394 334 Dncae
414 309 515 342 smpins
534 308 676 335 memOrati
703 307 729 333 in
755 307 876 334 IIistm-ia

75 354 184 388 Georgii
199 353 371 387 Acropolitae.
386 352 432 379 Sic
445 353 477 379 de
493 353 591 379 Pinat-a
606 352 775 384 Ilcracleota,
787 352 876 387 capite

75 410 139 428 mox
162 401 205 428 2L
238 401 274 428 ibi
305 405 410 430 narrat,
440 401 551 434 quando
579 401 602 427 ci
643 405 755 435 ereptus
787 401 876 427 honor

74 450 128 476 est,
158 445 207 478 ipsi
233 444 334 478 alioqui
361 444 481 475 debitus,
506 444 686 471 consecrandi
715 445 877 478 patriarchae

73 490 198 524 Jusrphi,
224 491 315 516 datum
347 490 372 515 in
403 490 530 516 solatium
555 495 584 516 ιιι
606 490 631 516 in
662 490 764 524 palatio
790 490 876 516 sacris

74 542 246 570 operaretur;
276 543 338 570 qua:
361 543 416 566 res.
446 540 475 562 ut
501 535 599 562 ibidem
613 540 734 567 notatur,
771 536 876 570 magnis

74 581 292 608 aurtoramcntis
325 585 478 614 quaestuosa
511 585 580 607 erat.
605 581 651 608 Sic
679 586 706 608 et
735 581 762 608 in
805 581 876 608 aulis

75 626 298 654 Christianorum
323 626 507 654 Occidentalis
526 627 654 654 Ecclesia:
681 627 874 662 imperatorum

75 681 109 701 ac
138 681 232 708 regum
268 673 393 701 videmus
423 674 523 708 templa
557 674 678 707 ipsorum
724 673 875 700 domestica

77 727 147 747 suos
175 719 238 746 item
256 719 345 747 cteros
360 724 387 746 et
409 727 499 746 omnis
524 719 628 746 ordinis
653 719 796 746 ministros
819 718 874 753 jam

76 765 143 792 olim
175 765 286 791 habere.
312 764 346 791 Ut
368 766 401 791 de
429 765 490 791 aliis
518 765 624 794 sileam,
649 764 674 791 id
695 764 800 798 prolixe
825 764 875 790 (Ιο-

76 814 122 838 eet
152 809 270 837 Historia
298 810 405 837 Sanctae
429 810 563 844 Cappcllae
577 811 675 837 domus
693 810 765 844 regis
790 808 876 836 Fran-

76 857 129 884 eia:
154 856 256 883 dudum
281 856 353 883 edita
381 864 479 890 magno
503 857 653 883 volumine.

114 902 145 930 Ρ.
162 903 225 930 565.
250 902 376 936 Defuncti
390 903 504 929 cadat-er
520 911 568 937 pro
584 903 677 928 merito
693 903 800 934 animat.
821 907 874 930 etc.

79 948 155 975 Satis
170 949 228 975 haec
246 953 429 975 consentanea
458 949 491 976 iis
509 957 570 982 qum
598 947 696 975 Franci
725 949 875 982 scriptores

78 994 192 1022 tradunt
203 995 236 1022 de
245 1001 332 1022 morte
341 995 423 1030 660
432 1000 459 1022 et
471 995 564 1022 fui-ere
576 994 662 1022 sancti
675 996 744 1029 regis
759 994 877 1021 Ludovi-

78 1042 115 1069 ci.
143 1049 176 1068 ex
201 1042 302 1076 quibus
322 1041 484 1076 compendio
510 1041 592 1068 reiert
609 1041 773 1075 Spondanus
802 1047 876 1068 anno

80 1087 160 1117 1270.
179 1095 254 1113 num.
268 1087 296 1114 ιι
312 1086 394 1114 Sarra
407 1087 465 1121 ejus
481 1095 542 1113 ossa
558 1095 638 1114 carne
652 1086 786 1113 denudala
801 1086 877 1112 lotio—

79 1140 112 1159 ne
127 1133 304 1159 mundissima
317 1154 323 1164 ,
341 1134 438 1168 pannis
453 1134 543 1160 sericis
560 1141 619 1160 cum
649 1134 815 1159 aromalibus
832 1133 876 1159 in-

78 1178 180 1208 voluta.
204 1179 230 1204 in
254 1178 339 1205 ioculo
355 1185 486 1206 reservata
500 1179 592 1213 fuisse,
613 1179 754 1209 deferenda
783 1178 817 1205 ad
834 1186 876 1204 ec-

79 1223 187 1249 rlesiam
205 1222 234 1250 S.
257 1223 468 1258 Dionysii,etc..
489 1224 602 1252 Carnem
619 1215 675 1251 vero
695 1231 718 1250 et
736 1224 870 1255 intestina,

83 1277 100 1296 a
115 1278 163 1296 suo
179 1275 268 1304 nepote
288 1270 408 1305 Philippo
427 1279 486 1306 rege
502 1273 654 1305 impetrata,
672 1279 687 1297 a
703 1269 799 1298 Carolo
818 1270 876 1302 eius

80 1317 166 1351 fratre
196 1318 341 1353 honoriﬁce
369 1319 398 1344 in
426 1317 547 1344 Siciliam
573 1317 676 1349 delata,
704 1322 728 1344 et
762 1316 876 1350 reposita

79 1366 108 1392 in
129 1365 239 1392 ecclesia
264 1364 362 1391 Montis
387 1364 493 1399 Regalis
520 1365 674 1391 monasterii
703 1363 806 1390 ordinis
845 1360 874 1389 S.

81 1411 218 1438 Benedicti
238 1418 319 1445 prope
345 1410 519 1437 Panormum.
549 1411 607 1437 IIuc
625 1411 737 1444 respicit
773 1409 874 1436 mentio

80 1464 95 1484 a
115 1462 212 1484 nostro
237 1456 306 1484 facta
337 1457 486 1484 toculorum
506 1457 682 1491 pretiosorum
723 1456 749 1482 in
777 1455 874 1487 plurali

81 1511 206 1530 numero:
231 1503 285 1530 duo
303 1503 376 1530 enim
396 1503 516 1535 fuerunt,
541 1511 656 1537 quorum
675 1503 761 1530 altero
778 1502 806 1529 S.
823 1501 876 1528 Ln-

81 1549 172 1576 dovici
196 1557 259 1576 ossa
289 1549 316 1576 in
339 1549 454 1576 Galliam
479 1554 584 1583 portata
615 1553 690 1581 sunt,
720 1549 806 1576 aluero
833 1549 912 1589 in-c

81 1595 181 1622 testina
208 1599 235 1622 et
263 1602 359 1622 carnes
375 1595 401 1622 in
432 1595 553 1622 Siciliam
575 1597 717 1623 translata.

118 1641 148 1668 P.
166 1642 228 1669 565.
246 1641 322 1669 Verti
353 1646 494 1676 argentum
519 1642 610 1668 vivum
639 1641 759 1676 ἄργυρον
791 1641 874 1676 ὑγρὴν

80 1689 172 1724 χυτόν.
191 1688 313 1715 imitatus
342 1688 496 1716 Aristotelis
515 1689 689 1722 interpretes.
709 1689 728 1714 l.
742 1696 749 1714 I
764 1687 800 1715 De
814 1688 874 1714 aui-

82 1743 137 1767 ma,
161 1735 206 1769 qni
223 1735 264 1762 sic
281 1733 377 1762 Latine
394 1734 509 1761 reddunt
539 1735 660 1769 ἄργυρον
675 1735 767 1769 χυτόν.
795 1733 872 1767 Quod

81 1786 107 1807 et
133 1781 216 1814 ὑγρόν
245 1772 325 1807 recte~
340 1788 355 1808 a
381 1786 477 1808 nostro
499 1781 610 1808 dicitur:
628 1785 670 1807 est
687 1781 759 1807 enim
776 1780 874 1807 humor

80 1826 215 1861 liquidus,
243 1832 266 1854 et
293 1826 379 1861 liquor
402 1831 528 1858 a’lernus,
558 1830 587 1853 ut
613 1825 718 1854 Plinius
744 1827 873 1860 loquitur,

82 1873 149 1900 Nm.
168 1872 240 1900 Hist.
261 1873 279 1900 l.
296 1880 393 1905 χχχιιι,
409 1880 434 1900 c.
455 1873 471 1898 6
488 1877 514 1900 ct
530 1873 558 1903 8.
589 1873 670 1908 guttis
690 1872 772 1899 dividi
787 1872 875 1906 facilis

79 1922 104 1945 et
120 1917 221 1944 lubrico
237 1917 346 1944 humore
362 1917 507 1952 con/luens.
528 1917 704 1953 IIydrargyri,
730 1917 801 1951 quod
818 1917 876 1944 vul-

81 1971 146 1998 gare
159 1964 240 1997 hujus
257 1964 295 1990 rei
314 1971 412 1991 nomon
437 1964 505 1996 scio.
521 1964 653 1991 vocabulo
674 1963 793 1991 abstinui
814 1970 876 1998 pro—

81 2014 175 2043 pterea
189 2009 261 2043 quod
274 2017 336 2036 cum
356 2009 437 2044 hujus
447 2009 564 2044 liquoris
577 2008 676 2043 duplex
691 2016 777 2043 genus
790 2008 825 2035 sit
841 2016 874 2035 ex

81 2054 171 2081 Plinio
190 2055 302 2086 ibidem,
319 2054 435 2081 alterum
452 2054 585 2086 naturale,
601 2054 716 2081 alterum
727 2053 874 2085 fat-tilium.

81 2099 242 2135 hydrargyri
269 2099 417 2134 appellatio
444 2101 546 2133 potius,
574 2105 603 2126 ut
619 2100 689 2127 idem
709 2100 792 2126 tradit
808 2107 833 2127 c.
848 2100 874 2131 8,

81 2145 187 2172 factitio
207 2145 348 2173 tribuitur.
369 2145 408 2173 De
422 2146 507 2180 priori
532 2153 597 2172 vero
611 2146 654 2172 hic
672 2153 753 2180 agere
772 2146 876 2181 Pachy-

80 2199 196 2224 rnerem,
222 2191 355 2219 suadetur
374 2199 406 2218 ex
427 2191 523 2218 effectu
541 2191 707 2226 dcprimendi
724 2191 799 2218 fundi
816 2197 873 2218 ma-

80 2239 131 2272 ris,
161 2246 241 2273 quem
263 2239 287 2265 ei
314 2238 410 2265 tribuit
427 2243 610 2264 consentanee
632 2238 665 2264 iis
691 2245 751 2272 quae
772 2237 806 2264 de
824 2244 872 2264 eo-
890 2229 912 2256 υ

80 2285 142 2312 dem
160 2285 241 2312 tradit
258 2283 363 2312 Plinius
377 2285 437 2311 loco
447 2283 503 2318 jam
519 2284 640 2315 laudato,
655 2291 680 2311 c.
696 2283 722 2315 6,
741 2283 759 2311 l.
773 2291 872 2314 ιιιυιι,

81 2331 127 2358 ubi
144 2330 185 2358 sic
201 2330 343 2357 scribitur:
369 2329 416 2356 Est
441 2335 466 2356 et
485 2329 552 2362 lapis
572 2330 597 2356 in
613 2330 653 2356 ln's
676 2330 745 2356 nmis
763 2329 874 2364 (argen-

80 2375 125 2411 ti),
149 2376 226 2409 cnjus
252 2376 353 2402 vomica
372 2375 483 2410 liquoris
507 2375 598 2401 wlerni
626 2379 764 2409 argentum
789 2374 874 2401 cirum

80 2422 242 2456 appellolur,
267 2429 390 2447 venenum
413 2429 500 2447 rerum
523 2421 650 2448 omnium.
672 2420 753 2446 Exest
768 2427 799 2445 ac
814 2427 873 2453 per-

83 2466 182 2500 rumpit
197 2466 319 2492 universa
334 2474 469 2498 permeans
485 2466 543 2492 tabe
558 2466 629 2492 dira.
659 2465 697 2492 Ita
726 2465 781 2497 ille;
802 2464 875 2492 unde

83 2511 166 2538 facile
189 2516 279 2545 potest
297 2511 413 2546 intelligi
431 2519 480 2538 cur
498 2517 589 2547 aptmn
606 2511 758 2545 judicatum
774 2511 810 2538 sit
825 2519 874 2538 ex-

80 2558 187 2584 edendo
211 2558 466 2592 pcrrttmpendoqtte
485 2562 512 2584 et
539 2558 579 2584 sic
607 2558 690 2585 altius
717 2557 874 2584 excavando

82 2603 171 2630 (nodo
187 2608 293 2638 portus,
311 2603 344 2630 de
358 2611 413 2638 quo
436 2604 480 2630 hic
499 2603 658 2636 historicus,
688 2604 735 2638 qui
760 2604 874 2638 gratiam

83 2649 192 2677 iniisset
214 2657 229 2676 a
250 2649 412 2682 lectoribus,
435 2649 457 2676 si
484 2650 641 2678 distinctius
668 2651 780 2677 modum
798 2657 876 2677 enar-

83 2701 185 2728 rasset,
223 2704 278 2730 quo
304 2696 360 2723 haec
388 2696 528 2730 depressio
547 2696 622 2723 fundi
646 2702 741 2731 portus
765 2704 812 2730 per
828 2703 875 2723 ar-

84 2746 196 2778 gentum
221 2743 310 2769 virum
337 2742 407 2768 facta
423 2747 475 2769 est.
503 2742 638 2770 Credibile
653 2743 754 2778 quippe
774 2746 816 2770 est
830 2751 876 2778 pc-

84 2788 216 2815 culiarem
241 2790 388 2822 quamdam
408 2789 442 2815 ad
472 2789 497 2815 id
525 2792 611 2815 artem
640 2793 668 2816 et
693 2793 782 2817 certas
805 2788 876 2816 forte

83 2834 225 2862 machinas
253 2834 400 2866 adhibitas,
420 2843 480 2869 qua:
503 2834 600 2870 ignotrc
621 2835 701 2863 hodie
721 2836 787 2870 sint,
814 2835 875 2863 usui

83 2881 185 2908 Iuturna
207 2881 230 2908 si
251 2881 399 2909 scirentur.

892 887 912 914 Β

806 157 928 190 NOTAE.

1649 156 1721 191 11-13

958 213 1068 242 P.5G6.
1101 215 1172 248 Quia
1205 215 1373 251 contingebat
1403 216 1533 251 frequenti
1563 215 1719 249 pontiﬁrunt

929 267 1013 288 morte
1038 262 1106 288 alios
1132 269 1164 290 es
1200 263 1262 289 aliis
1289 271 1372 296 papas
1397 263 1468 297 ﬁeri.
1510 261 1576 288 Vere
1603 261 1656 288 hoc
1679 261 1721 288 di-

928 312 1014 334 ctum.
1042 307 1108 334 Nam
1135 308 1254 343 pcrha‘c
1282 313 1404 343 tempora
1435 308 1660 344 βραχυειώτεροι.
1692 311 1722 333 ιιι

928 354 968 379 sic
996 353 1101 387 loquar,
1126 362 1207 387 quam
1239 354 1294 381 fere
1319 355 1386 382 alias
1425 354 1541 381 Romani
1576 353 1722 388 pontifces

928 399 1014 430 fut-re.
1040 400 1173 434 siquidem
1198 401 1353 428 Alexander
1378 401 1409 428 IV
1435 409 1483 428 sex
1506 405 1609 426 tantum
1635 406 1723 426 annos

927 447 1006 479 vixit,
1034 446 1160 474 Urbanus
1172 455 1236 475 vero
1257 447 1290 474 IV
1317 454 1382 478 tres.
1400 455 1449 474 nec
1476 447 1562 474 multo
1578 448 1637 480 plus
1659 445 1722 471 Cle-

928 501 1005 520 mens
1020 493 1066 525 IV,
1080 492 1228 527 Gregorius
1244 493 1267 520 Χ
1284 499 1340 520 tres
1357 501 1419 520 cum
1437 493 1562 524 dimidio,
1585 492 1720 518 Innocen-

929 540 982 565 tius
993 539 1013 565 V
1027 543 1145 574 quatuor
1164 540 1314 569 mensibus,
1328 539 1482 565 Hadrianus
1496 539 1515 564 V
1529 538 1721 571 sesquiml‘nse

927 593 981 612 non
1010 589 1078 615 toto.
1107 585 1225 612 Joannes
1252 584 1313 611 XXI
1335 592 1431 611 novcm
1457 585 1617 612 mensibus.
1637 582 1721 609 Nico-

927 631 988 657 ians
1005 630 1038 657 Ill
1057 639 1110 657 non
1128 631 1192 657 lotis
1209 632 1295 657 trilms
1313 631 1401 657 annis.
1418 630 1469 656 Sed
1485 634 1512 656 et
1535 630 1561 655 in
1587 629 1638 655 hoc
1662 632 1722 655 crat

927 677 1029 710 aliquid
1058 685 1113 711 quo
1143 676 1228 704 Graeci
1255 684 1406 711 agnoscere
1433 680 1544 707 possent
1579 675 1719 700 tm-Ilorcnt

927 722 1056 749 Ecclesiae
1080 722 1266 749 conditionem
1295 729 1326 748 ac
1366 726 1467 749 statum
1503 721 1570 754 apud
1610 720 1721 746 Latinos

927 775 1008 802 quam
1026 768 1096 802 apud
1122 769 1207 802 ipsos.
1241 768 1348 795 Etenim
1380 776 1441 794 cum
1473 767 1565 794 minus
1591 766 1645 793 fere
1662 773 1722 792 crc—

927 813 991 840 bras
1017 813 1238 847 patriarcharum
1282 813 1450 839 mutationes
1483 810 1720 844 Constantinopoli

927 859 1098 894 contingeret
1122 859 1178 886 fieri
1204 866 1285 894 quam
1310 866 1442 894 paparum
1478 857 1581 889 Romae.
1620 857 1721 884 discri-

929 913 990 932 men
1011 909 1070 932 erat
1094 910 1198 937 tamen.
1233 905 1307 940 quod
1333 913 1409 939 papa;
1433 904 1531 931 monis
1558 903 1722 930 ncccssitatc

929 951 1114 984 mutabantur,
1143 951 1304 986 patriarcha!
1330 948 1625 983 Constantinopolitani
1649 948 1722 975 arbi-

929 997 983 1024 trio
1008 998 1183 1031 imperatoris
1211 997 1408 1024 amovebantur
1434 1000 1461 1023 et
1490 996 1720 1029 subrogabantur.

929 1043 1024 1078 Itaque
1041 1043 1140 1079 paucis
1164 1043 1247 1077 hujus
1275 1043 1446 1078 principatus
1472 1042 1553 1069 annis
1588 1040 1721 1068 Arsenius

929 1090 1028 1124 primo,
1048 1089 1110 1116 dein
1133 1088 1315 1123 Nicephorus,
1356 1093 1414 1115 tum
1454 1087 1544 1114 denuo
1577 1085 1719 1116 Arsenins.

929 1144 992 1162 mox
1018 1136 1068 1162 hoc
1093 1136 1213 1170 relegato
1238 1134 1400 1165 Germanus,
1425 1134 1477 1161 hoc
1505 1133 1616 1159 detruso
1643 1130 1722 1158 Josc-

930 1183 1010 1216 phus,
1032 1187 1094 1217 post
1115 1182 1198 1209 istum
1225 1182 1378 1216 depositum
1404 1181 1509 1207 Veccus
1538 1179 1647 1206 fuerunt
1672 1185 1721 1212 pa-

929 1228 1066 1255 triarchae.
1094 1227 1130 1255 Ut
1149 1227 1205 1255 fere
1231 1236 1284 1254 non
1309 1228 1400 1255 minus
1424 1225 1548 1254 Michaeli
1571 1223 1722 1258 Palasologo

929 1275 1084 1305 conveniat,
1109 1274 1182 1308 quod
1209 1274 1378 1306 Ephrzemius
1406 1273 1432 1299 in
1445 1272 1571 1306 catalogo
1600 1269 1720 1305 patriar-

929 1321 1042 1346 charum
1064 1319 1395 1354 Constantinopolitarum
1423 1318 1457 1345 de
1484 1317 1587 1345 Isaacio
1617 1314 1721 1350 Angelo

931 1367 1054 1401 Scripsit:

971 1423 1156 1456 Ἐκκλησία(-
1181 1422 1267 1455 Mum
1285 1420 1481 1455 καινουργῶν,
1504 1420 1617 1454 φύρων,

966 1460 1021 1484 Ὃν
1041 1459 1099 1492 μὲν
1113 1455 1463 1492 καθιστὰρᾷπτιτμιαρχῶν
1485 1456 1513 1487 ἐς
1534 1456 1660 1492 θρόιςον,

967 1495 1022 1520 “Or
1041 1489 1069 1519 δ’
1091 1493 1208 1527 ἐξάγων
1229 1490 1280 1524 αὖ,
1307 1493 1356 1518 και
1380 1489 1462 1526 μόνῃ
1483 1489 1666 1524 προαιρέσει.

963 1549 993 1576 Ρ.
1009 1549 1070 1576 568.
1096 1547 1189 1574 Verum
1217 1547 1273 1574 illis
1296 1551 1325 1574 ut
1341 1554 1391 1573 non
1411 1545 1532 1581 placebat
1549 1543 1720 1579 -—prineipt.

927 1595 989 1622 Ilzec
1013 1601 1040 1623 ct
1067 1603 1127 1629 quae
1153 1602 1214 1621 ιιιοκ
1245 1594 1357 1628 subjirit
1391 1593 1551 1626 superbam,
1581 1591 1721 1625 ignavam,

925 1646 1116 1670 contumacem
1145 1640 1302 1666 (irmcorum
1331 1639 1486 1665 antistitum
1520 1639 1547 1664 in
1573 1637 1722 1664 schismate

926 1687 1105 1722 pertinaciam
1128 1686 1290 1716 declarant;
1317 1692 1386 1718 quos
1419 1688 1448 1711 et
1473 1691 1502 1711 se
1524 1690 1587 1710 cum
1608 1682 1662 1709 illis
1677 1689 1725 1716 pa-

926 1735 967 1762 ria
997 1733 1119 1761 sentiens
1147 1733 1190 1758 hic
1217 1731 1367 1758 historicus
1405 1729 1537 1761 traducit,
1568 1729 1633 1756 dum
1671 1728 1722 1755 ob-

926 1780 1023 1807 noxios
1051 1779 1167 1814 principi
1197 1778 1244 1804 vili
1273 1776 1470 1807 assentatione,
1510 1779 1605 1801 contra
1646 1781 1723 1800 mon.

927 1830 980 1852 tem
1008 1828 1036 1851 et
1066 1831 1177 1851 sensum
1214 1823 1352 1853 intimum,
1382 1820 1553 1855 signiﬁcasse
1593 1820 1631 1846 ait
1670 1819 1723 1846 sibi

926 1871 968 1898 vel
997 1870 1113 1898 maxime
1142 1869 1175 1906 [P
1191 1868 1255 1904 465]
1277 1868 1382 1903 placere
1404 1868 1430 1894 id
1452 1868 1542 1902 ipsum
1558 1874 1572 1893 a
1589 1874 1644 1901 quo
1670 1866 1722 1893 im-

929 1923 1054 1953 potenter
1075 1916 1270 1948 abltorrebanl;
1294 1915 1369 1950 quod
1395 1914 1514 1941 immane
1535 1917 1667 1948 quantum
1686 1914 1724 1938 ab

931 1963 1089 1999 evangelica
1107 1962 1268 1990 sinceritate
1283 1969 1315 1988 ac
1330 1959 1515 1995 generositate
1528 1959 1646 1985 alienum
1668 1962 1722 1988 est.

962 2010 1031 2037 Ibid.
1046 2009 1078 2036 In
1090 2009 1170 2036 semel
1181 2009 1255 2034 adita
1276 2007 1442 2041 possessione
1456 2006 1626 2033 auctoritatis
1647 2005 1714 2032 inde-

927 2055 1081 2090 pendentis;
1101 2060 1153 2081 etc.
1181 2053 1234 2081 Per
1262 2054 1365 2088 gradus
1392 2053 1424 2080 ad
1451 2053 1530 2080 istam
1563 2051 1721 2084 usurpatio-

927 2109 990 2129 nem
1019 2101 1189 2128 auctoritatis
1213 2099 1425 2132 indcpendentis
1450 2098 1537 2125 ϐιαξεί
1564 2097 1723 2125 Constanti-

928 2146 1077 2181 nopolitani
1104 2148 1309 2181 processerunt.
1337 2144 1459 2172 Primum
1483 2143 1589 2178 ρετιωεί
1615 2142 1722 2177 Byzan-

929 2194 993 2220 tinaa
1019 2192 1194 2223 humilitatis,
1219 2199 1272 2226 qua
1295 2191 1360 2217 olim
1384 2191 1411 2217 in
1441 2188 1620 2216 ecclesiarum
1646 2187 1723 2215 ordi-

927 2247 960 2266 ne
975 2238 1068 2265 inlimo
1084 2237 1286 2271 metropolilam
1297 2235 1435 2263 Heracleae
1451 2234 1576 2261 Thraciae
1596 2235 1721 2268 superio-

928 2293 985 2312 rem
1003 2288 1181 2320 agnoverant,
1207 2289 1236 2310 ut
1260 2283 1318 2318 ipse
1341 2282 1420 2323 661
1445 2281 1518 2308 ultro
1541 2279 1722 2315 Pachymeres

929 2331 1039 2362 fatetur.
1068 2338 1094 2364 p.
1116 2330 1179 2361 505.
1197 2330 1277 2357 facile
1292 2330 1474 2363 impetrarunt
1496 2326 1622 2362 ﬂagranti
1648 2326 1721 2360 apud

929 2385 1011 2405 omne
1041 2377 1228 2404 Christianum
1268 2383 1366 2402 nomen
1400 2375 1461 2402 novi
1491 2375 1533 2402 sui
1570 2373 1722 2401 conditorio

928 2423 1101 2450 Constantini
1126 2422 1213 2457 Magni
1246 2421 1345 2457 gratia,
1382 2425 1410 2448 ut
1443 2419 1470 2446 in
1501 2426 1613 2446 censum
1637 2418 1723 2452 majo-

927 2477 986 2496 rum
1015 2469 1207 2501 ecclesiarum,
1236 2476 1296 2503 ηυδε
1325 2473 1420 2503 postea
1450 2466 1622 2500 frequentius
1638 2464 1723 2500 patri-

927 2514 1052 2542 archalcs
1079 2519 1181 2542 vocatze
1203 2520 1280 2547 sunt,
1307 2514 1487 2542 referrentur.
1519 2515 1606 2548 Quem
1641 2518 1723 2538 nemo

924 2563 993 2596 ipsis
1025 2561 1156 2588 honorem
1188 2560 1297 2593 invidit,
1336 2560 1425 2594 quoad
1461 2560 1512 2587 sibi
1541 2558 1720 2595 praeseriptos

927 2606 954 2634 in
991 2606 1053 2642 ejus
1077 2614 1129 2633 usu
1163 2606 1264 2633 limites
1303 2613 1480 2641 perrumpere
1512 2611 1558 2633 aut
1581 2603 1723 2632 transilire

929 2658 993 2680 sunt
1021 2653 1124 2681 cenati.
1159 2652 1228 2679 Cum
1255 2651 1328 2678 cnim
1360 2659 1438 2678 sacra
1461 2651 1569 2679 Nicaena
1600 2648 1723 2685 synodus

929 2698 1019 2725 locum
1046 2698 1113 2732 ipsis
1137 2703 1265 2732 quartum
1293 2699 1364 2725 inter
1387 2697 1508 2732 quinque
1534 2695 1654 2730 majores
1677 2702 1723 2722 as-

928 2744 1076 2779 signasset,
1101 2744 1154 2778 ipsi
1180 2751 1288 2778 tequum
1303 2748 1448 2771 censentes
1481 2750 1579 2770 novam
1605 2741 1723 2768 Romam

929 2796 957 2817 et
986 2790 1091 2825 imperii
1118 2790 1210 2817 sedem
1235 2790 1348 2817 alteram
1374 2790 1457 2817 etiam
1483 2789 1510 2816 in
1537 2786 1722 2816 ecclesiastica

930 2836 1063 2870 dignitate
1081 2835 1192 2871 ἁμέσως
1207 2836 1346 2863 admoveri
1365 2834 1455 2863 Itonia.-
1471 2836 1565 2867 veteri,
1582 2834 1650 2861 nihil
1666 2840 1722 2861 non

928 2886 1074 2910 moverunt
1101 2889 1157 2916 quo
1186 2887 1398 2915 assequcrentur
1428 2887 1457 2910 ut
1485 2881 1673 2909 Aleundriuo
1693 2880 1726 2909 et
