1931 3069
208 205 382 232 Antioclicno
397 203 569 239 patriarcliis.
591 211 707 238 quorum
733 203 778 230 illo
804 205 941 231 secundus
959 202 1001 229 bic
1015 202 1039 231 Α

209 252 306 278 tertius
328 258 342 278 a
369 251 491 277 Romano
511 250 663 284 patriarcha
688 249 722 276 ab
746 249 818 275 omni
847 253 921 275 retro
951 256 999 274 aii—

210 297 338 332 quuitatc
374 297 507 323 numerati
547 295 666 326 fuerant,
710 299 943 329 pricpouerentur,
974 298 1001 321 et

211 343 363 369 secundum
395 343 518 376 protinus
536 349 549 367 a
578 350 644 375 pupa
672 341 844 367 auctoritatis
870 340 1000 367 ecclesia-

212 389 287 416 stica:
309 389 421 424 gradum
456 389 625 415 insisterent.
650 388 738 421 Atque
766 388 816 413 lioc
849 387 937 421 ipsum
954 395 1001 421 pu-

215 434 268 460 laiii
289 435 376 468 prium
407 439 497 467 pelori:
516 441 569 460 uou
589 433 659 464 ausi,
680 437 783 458 tantum
799 438 1002 466 expugnarunt,

213 489 292 507 suum
328 480 399 506 nacti
433 486 539 512 teli-pus
566 487 620 511 quo
647 484 707 506 erat
733 478 1002 512 Constantinopolim

214 535 287 553 anno
327 527 428 552 liliristi
443 526 490 552 Z’iSI
522 526 643 560 synodus
666 530 772 557 coacta,
802 529 830 551 Iit
853 525 886 551 ab
909 533 939 552 ca
958 525 1005 552 de-

214 579 393 599 cernerentur
416 573 475 598 scdi
495 572 805 605 Coiistantiuopolilana:
823 572 857 597 τὰ
873 572 1005 606 πρεσϐεῖα

179 611 183 622 ’
214 619 265 652 τῆς
287 620 383 653 τιμῆς.
413 617 440 644 id
465 618 614 645 univcrsiin
640 622 667 644 et
682 618 808 651 ambigue
824 617 926 644 dictum
943 625 1004 644 cum

215 664 296 698 longo
320 670 440 697 tempore
459 671 538 689 nemo
561 668 683 697 putasset
708 663 844 696 pertinere
870 663 902 689 ail
925 663 1006 689 abro-

216 709 352 743 gatioueui
371 707 470 735 Ναυαξηὶ
498 709 621 740 canonis,
642 716 697 741 quo
717 712 785 740 erat,
818 713 848 735 ut
875 709 1005 740 diximus,

216 753 355 781 secundus
390 758 417 780 et
442 754 539 781 tertius
574 762 587 780 a
627 755 749 779 llomana
775 754 840 781 sede
866 754 1008 788 dignitatis

218 801 293 828 locus
328 800 515 828 Alexandrino
553 806 580 827 et
619 800 790 827 Alllll’tl‘lll‘no
815 800 920 827 thronis
959 800 1009 828 iite

217 847 353 878 Sancilus,
382 846 490 873 tandem
519 847 544 872 iii
576 845 793 873 Clialcctloueusi
824 854 921 880 magna
946 855 1010 878 syn-

217 892 272 919 odo
288 891 432 920 Anatolius
446 892 766 926 Constautiiiopolitanus
782 894 937 928 patriarcha
950 900 1007 919 nia-

217 946 271 972 gno
288 938 389 966 ambitu
413 940 546 971 obtinuit,
575 940 674 966 frustra
697 940 912 967 reclamantibus
937 940 1009 968 sedis

217 984 377 1017 apostolica:
402 984 510 1018 legalis,
540 990 568 1012 ut
593 989 759 1012 statueretur
783 985 1011 1018 Costantinopoli-

218 1035 289 1058 lana:
318 1031 375 1058 sedi
399 1032 516 1066 primum
553 1037 613 1066 post
639 1031 790 1059 Romanam
830 1033 919 1059 locum
950 1039 1011 1059 esse

218 1077 404 1105 tribuendum.
420 1078 476 1111 Qua
495 1078 528 1105 de
546 1086 574 1106 re
593 1077 682 1105 factus
695 1079 797 1105 certior
818 1083 932 1106 sanctus
957 1078 1010 1106 Leo

218 1129 284 1152 tunc
307 1125 426 1160 pontifex
462 1125 602 1154 Rmuanils
635 1126 854 1161 intempestivam
883 1128 1010 1155 ambitio-

217 1178 280 1197 nem
307 1171 379 1198 haud
400 1171 585 1205 perfunctorie
617 1172 730 1203 retudit,
754 1173 863 1207 scriptis
886 1173 919 1200 ad
937 1173 1011 1200 Ana-

219 1217 315 1244 tolium
345 1217 456 1250 litteris,
485 1219 587 1253 quibus
615 1218 656 1246 sic
688 1219 762 1245 illum
785 1219 918 1253 increpat:
949 1219 1011 1246 Post

218 1263 268 1290 i.la
288 1264 376 1297 itaque
399 1265 575 1292 ordinationis
604 1271 656 1292 tute
680 1273 730 1291 non
757 1265 894 1299 inculpata
914 1266 1012 1298 princi-

219 1311 275 1343 pia.
291 1315 348 1343 post
364 1311 588 1337 consecrationem
611 1311 769 1338 Antiucheni
786 1311 910 1345 episcopi.
932 1319 1010 1346 quam

221 1356 323 1383 tibimet
337 1361 428 1384 contra
453 1359 608 1384 canonicam
635 1357 751 1392 regulam
780 1357 936 1388 vindicasti,
960 1358 1010 1383 do-

219 1402 260 1429 leo
277 1403 357 1429 etiam
375 1403 401 1429 in
428 1403 476 1429 hoc
492 1403 658 1430 dilectionem
686 1407 759 1429 tuam
784 1410 840 1429 esse
858 1403 1012 1437 prolapsam

219 1453 249 1474 ut
269 1449 470 1475 sacratissimas
494 1448 665 1475 Nicaeuorum
691 1456 822 1475 canonum
847 1449 1013 1475 constitutio-

221 1502 266 1520 nes
285 1495 421 1521 conareris
441 1494 594 1529 infringere,
620 1499 745 1528 tanquam
765 1500 910 1527 opportune
922 1502 948 1521 se
966 1495 1013 1521 tibi

221 1539 270 1566 hoc
284 1545 383 1572 tempus
407 1540 531 1567 obtulerit
563 1548 612 1574 quo
640 1540 747 1566 secundi
774 1540 882 1566 honoris
910 1538 1046 1573 privile-C

220 1587 294 1622 gium
318 1586 390 1612 sedes
411 1586 597 1612 Alexandrina
625 1585 769 1620 perdiderit
795 1591 820 1611 et
849 1585 1012 1612 Antiocheam

222 1631 342 1657 Ecclesia
369 1631 553 1663 proprietatem
574 1629 658 1655 tertia:
673 1629 810 1663 dignitatis
836 1629 963 1659 amiserit.
984 1635 1012 1656 ut

223 1677 264 1704 liis
288 1676 351 1703 locis
366 1677 424 1710 juri
441 1685 487 1702 suo
502 1676 615 1703 subditis
634 1683 722 1702 omnes
744 1676 939 1708 metropolitani
955 1677 1011 1709 cpi-

222 1724 296 1755 scoiri
322 1724 427 1756 proprio
456 1724 553 1749 honore
585 1722 728 1756 priventur.
758 1722 858 1754 Quibus
886 1723 1013 1749 inauditis

221 1774 246 1796 et
266 1777 397 1803 nunquam
410 1774 471 1795 ante
494 1769 600 1795 tentati:
623 1769 662 1794 ita
686 1769 839 1801 pra‘ceniris
855 1769 1012 1798 excessibus.

222 1819 252 1841 ut
267 1819 387 1842 sanctam
405 1815 546 1848 synodum,
570 1814 603 1839 ad
619 1813 838 1848 exstinguendam
856 1814 940 1840 solum
963 1815 1015 1840 litt-

223 1861 303 1887 resim
332 1865 356 1887 et
382 1861 415 1886 ad
439 1860 664 1893 conﬁrmationem
696 1860 761 1894 ﬁdei
792 1860 930 1886 catltolicte
956 1866 1014 1886 stit-

223 1907 269 1933 dio
293 1906 515 1933 Cliristiauissimi
530 1906 656 1940 principis
675 1910 871 1940 congregatum,
894 1906 921 1932 in
937 1913 1015 1932 occa-

225 1953 325 1979 sionem
352 1952 470 1978 ambitus
493 1952 595 1983 trahas,
618 1957 641 1978 et
667 1956 695 1978 ut
724 1952 915 1978 conniventiani
940 1959 1015 1978 suam

226 1999 274 2025 tibi
290 1999 333 2025 det
352 1998 482 2032 impellits,
501 2002 628 2032 tanquam
643 1996 760 2031 refutari
776 2001 887 2031 nequeat
901 1998 968 2031 quod
983 1997 1016 2023 il-

225 2045 295 2072 licite
322 2045 431 2071 uoluerit
461 2043 614 2072 multitudo.
637 2048 662 2069 et
692 2043 740 2069 illa
771 2042 941 2070 Nica'norum
970 2052 1016 2070 ca-

225 2100 322 2118 nonum
341 2099 387 2124 per
413 2090 542 2124 Spiritum
575 2098 632 2117 vere
659 2094 781 2116 sanctum
806 2090 929 2116 ordinata
956 2098 1017 2116 con-

224 2138 291 2165 ditio
317 2139 344 2164 in
375 2137 464 2171 aliqua
491 2145 605 2172 unquam
635 2136 669 2163 sit
702 2141 777 2170 parte
805 2136 938 2168 solubilis,
962 2142 1015 2163 etc.

226 2185 317 2219 Pergit
341 2184 413 2211 enim
440 2184 476 2210 ibi
499 2183 556 2210 fuse
588 2182 617 2209 S.
644 2182 766 2216 pontifex
794 2183 851 2216 pari
887 2182 1019 2216 gravitate

227 2240 309 2266 prave
323 2234 481 2257 attciitatain
499 2230 634 2263 castigare
650 2229 808 2255 novitatem.
827 2228 866 2255 At:
886 2230 1015 2262 quoniam

226 2277 371 2303 Anatolius
398 2276 449 2302 sibi
479 2276 614 2302 [aventem
643 2274 941 2308 Constantiuopolitani
975 2282 1021 2301 su—

227 2330 276 2357 pra
303 2322 444 2348 memorati
474 2322 590 2347 canonis
612 2320 870 2354 interpretationem
894 2319 1020 2346 ambitio-

227 2370 254 2395 ui
267 2369 349 2403 662
365 2375 420 2394 sua!
433 2366 631 2401 praetendebat,
645 2368 716 2392 hunc
732 2370 890 2399 prmtextum
904 2365 943 2392 sic
956 2373 1022 2399 pau-

227 2416 254 2442 lo
271 2419 332 2450 post
352 2415 504 2441 submovet:
530 2413 703 2440 Persuasioni
726 2413 793 2439 enim
823 2418 875 2439 tuaz
901 2412 927 2438 in
948 2411 1021 2438 nullo

227 2463 332 2495 penitus
363 2460 529 2494 cii/fragatur
559 2459 735 2494 quorumdam
766 2458 947 2492 episcoporum
977 2465 1022 2483 nn.

229 2513 253 2534 te
267 2508 416 2542 sexaginta,
431 2511 458 2532 ut
470 2506 572 2540 jactas,
588 2514 672 2532 annos
689 2506 763 2540 facta
780 2504 936 2537 subscriptio
953 2512 1023 2529 nitu-

227 2561 357 2588 quamque
372 2561 386 2579 tt
399 2551 634 2587 pradacessoribus
651 2551 701 2578 tuis
720 2551 753 2577 ad
778 2550 927 2584 apostolicae
956 2549 1025 2576 sedis

231 2598 388 2624 transmissa
415 2597 592 2626 notitiain,cui
612 2597 644 2622 ab
663 2595 738 2622 initio
761 2603 816 2622 sua!
839 2594 946 2621 τίμιαι-ιε
972 2594 1022 2620 du-

230 2646 344 2678 dumque
370 2643 495 2677 collapsw
526 2651 584 2669 sera
602 2650 670 2669 nunc
690 2646 714 2668 et
749 2641 859 2668 inutilia
891 2640 1023 2674 subjicere

233 2693 349 2725 fomenta
368 2691 486 2722 coluisti,
514 2690 642 2716 eliciendo
658 2696 673 2715 η
690 2688 817 2722 fratribus
838 2688 946 2720 speciem
965 2695 1026 2714 con-

234 2737 376 2766 sensionis.
393 2745 471 2770 quam
497 2736 545 2761 tibi
573 2736 600 2761 in
621 2743 697 2761 suam
726 2733 854 2768 iujuriam
870 2732 1026 2760 uerecundia

237 2783 350 2818 fatigata
368 2783 503 2817 pra-bcret.
520 2781 588 2808 Post
605 2788 665 2815 qua:
683 2779 762 2813 quasi
780 2778 944 2805 sententiain
962 2785 1026 2812 pro-

239 2829 371 2855 nuntians
394 2828 516 2855 ultimam
541 2831 567 2854 et
583 2828 655 2854 litem
678 2825 828 2852 decreturic
847 2824 953 2855 ﬁniens,
969 2823 1027 2850 lucc

241 2873 327 2900 addit:
353 2874 413 2901 Non
429 2873 609 2900 convellantur
630 2870 829 2907 provincialium
845 2869 910 2905 jura
928 2869 1028 2904 prima-

1024 869 1045 897 Β

1035 2213 1057 2241 D

683 147 715 177 Ρ.
736 146 887 176 POSSINI
907 144 1234 177 OBSERVATIONUM
1259 147 1333 177 LIB.
1355 147 1397 177 Ιῐ.

1779 146 1856 176 ῙΙΞί

1054 208 1138 234 tuum,
1169 213 1214 230 nec
1244 205 1388 239 privilegiis
1426 204 1572 238 antiquitus
1600 202 1731 230 institutis
1753 208 1859 228 inc/ro-

1050 249 1165 282 politani
1192 250 1352 283 fraudentur
1378 251 1521 277 antistites.
1556 249 1632 276 Nihil
1659 249 1857 275 Alexandrini:

1050 296 1117 326 sedi.
1141 305 1220 330 quam
1238 304 1283 328 per
1307 301 1428 323 sanctum
1444 296 1561 323 Marcum
1577 295 1766 329 evangelistam
1782 295 1857 320 beati

1053 342 1126 368 Petri
1150 343 1307 376 discipulum
1324 343 1428 374 meruit,
1444 346 1532 376 pereat
1547 341 1697 375 dignitatis,
1709 349 1756 367 nec
1777 340 1860 365 Dio;-

1054 396 1114 414 coro
1138 389 1281 421 impietatis
1304 396 1360 415 suco
1382 387 1530 421 pertinacia
1551 391 1699 418 corritente,
1725 385 1858 419 splendor

1055 437 1137 458 tanta:
1153 432 1280 460 Ecclesia,-
1304 433 1415 459 tenebris
1442 432 1596 458 obscuretur
1611 432 1714 457 alienis.
1740 431 1772 466 μ»
1787 429 1856 465 itii]

1055 478 1217 505 Antiochcna
1238 487 1338 513 quoque
1361 478 1492 510 Ecclesia,
1517 478 1544 504 in
1569 485 1622 511 qua
1648 478 1764 512 primum
1784 484 1856 508 pnt-

1056 522 1163 549 dicante
1192 523 1269 549 brato
1300 523 1422 557 apostolo
1446 522 1525 549 Petro
1545 521 1728 548 Christianum
1760 529 1858 546 nomen

1056 575 1175 596 exortum
1199 574 1246 599 est,
1274 569 1299 595 in
1323 573 1440 602 patentia
1466 567 1664 594 constitutionis
1685 567 1780 593 ordine
1797 575 1859 598 per-

1057 621 1166 646 severet,
1197 620 1221 641 et
1248 615 1274 640 in
1299 614 1383 649 gradu
1414 615 1489 640 tertio
1509 613 1638 640 collocata
1664 621 1801 646 nunquam
1832 620 1859 638 :e

1058 661 1106 695 fiat
1134 661 1254 694 inferior.
1284 661 1340 687 Nec
1366 664 1511 687 contentus
1534 664 1647 686 sanctus
1679 658 1732 685 Leo
1765 658 1859 691 ipsum

1059 707 1214 734 Anatolium
1254 706 1431 741 redarguere,
1466 705 1577 739 scripsit
1611 705 1645 730 ad
1684 704 1859 731 Marcianum

1059 753 1216 788 Augustum
1235 753 1368 779 instanter
1384 758 1466 779 orans
1481 755 1511 777 ut
1525 751 1716 777 auctoritatem
1732 757 1861 784 operam-

1060 806 1114 833 que
1147 805 1224 825 suaui
1258 797 1443 831 interponeret
1469 797 1502 823 ad
1538 795 1722 823 coercendum
1756 796 1862 821 Anato-

1061 845 1126 871 lium
1154 851 1188 871 ne
1207 843 1247 871 sic
1275 843 1302 870 in
1331 843 1439 869 illicita!
1476 842 1626 876 prosiliret.
1659 841 1698 868 Ex
1726 841 1782 868 ista
1804 842 1862 874 epi-

1061 890 1143 923 stola,
1164 897 1224 924 qute
1247 890 1273 915 in
1294 889 1338 916 ed.
1357 888 1438 916 Rom.
1456 888 1490 916 57
1506 892 1676 919 numeratur,
1701 887 1859 921 qua-quein

1061 936 1168 971 synodo
1192 935 1314 962 Romana
1352 935 1403 962 sub
1433 933 1574 961 Bonifacio
1598 933 1618 960 ll
1645 933 1681 960 ab
1715 932 1860 959 llolswnio

1062 981 1137 1008 edita
1164 988 1226 1016 pag.
1254 980 1306 1008 l0'l
1327 984 1354 1007 et
1374 987 1432 1015 seq.
1454 980 1564 1014 legitur,
1591 979 1648 1006 haec
1677 984 1754 1006 sunt:
1785 979 1858 1010 Apud

1061 1027 1242 1055 Christianum
1266 1031 1291 1054 et
1309 1035 1366 1054 rere
1381 1026 1532 1061 religiosum
1553 1033 1660 1061 uereque
1682 1024 1861 1051 orthodozuu

1061 1075 1206 1108 principem
1226 1073 1329 1108 loquor.
1348 1071 1465 1099 Multum
1485 1071 1626 1098 Anatolius
1642 1071 1784 1105 episcopus
1800 1079 1862 1104 pro-

1061 1121 1120 1154 prio
1145 1120 1261 1147 detrahit
1279 1120 1383 1149 merita.
1399 1119 1424 1146 si
1447 1118 1542 1144 illicita
1561 1125 1678 1144 crescere
1704 1122 1782 1151 optat
1797 1125 1861 1149 aug-

1063 1171 1159 1193 mento.
1188 1164 1305 1196 Habeat,
1323 1165 1390 1191 sicut
1407 1168 1541 1197 optamus,
1560 1161 1858 1194 Constantinopolitano

1062 1211 1155 1238 civitas
1182 1211 1296 1245 gloriam
1333 1217 1420 1241 suam,
1450 1217 1481 1234 ac
1504 1211 1651 1241 protegente
1676 1207 1788 1233 dextera
1815 1206 1859 1233 Dei

1061 1259 1188 1285 diuturno
1211 1258 1356 1285 clementia:
1380 1261 1471 1283 vestra!
1495 1256 1603 1289 fruatur
1631 1255 1756 1288 imperio.
1799 1254 1857 1280 Alia

1063 1310 1150 1331 tamen
1168 1304 1236 1329 ratio
1251 1307 1290 1329 est
1306 1310 1392 1329 rerum
1417 1300 1600 1329 sweularium.
1618 1298 1675 1325 alia
1697 1299 1857 1327 divinarum,

1065 1359 1110 1377 nec
1127 1355 1223 1384 praeter
1246 1349 1322 1375 illam
1348 1348 1468 1379 Petram,
1494 1354 1574 1381 quam
1605 1345 1733 1372 Dominus
1759 1345 1785 1371 in
1802 1345 1860 1378 fun-

1063 1397 1187 1423 damenta
1212 1395 1311 1428 posuit,
1332 1393 1437 1421 stabilis
1460 1393 1510 1420 erit
1527 1392 1583 1418 ulla
1610 1391 1776 1418 constructio
1802 1398 1860 1424 pro-

1063 1443 1133 1477 pria.
1160 1441 1252 1468 Perdit
1280 1440 1325 1475 qui
1356 1438 1475 1466 indebita
1506 1437 1679 1470 concupiscit.
1719 1435 1794 1462 Satis
1826 1443 1860 1463 sit

1064 1488 1132 1522 quod
1146 1487 1274 1523 pra-dicto
1290 1490 1383 1513 oestro:
1399 1484 1507 1518 pietatis
1527 1481 1642 1514 auxilio,
1664 1486 1689 1508 ct
1718 1482 1770 1508 mei
1789 1481 1847 1516 faro

1063 1535 1100 1562 ris
1118 1541 1237 1564 assensu,
1253 1533 1433 1566 episcopatum
1456 1533 1539 1556 tanta:
1561 1529 1635 1555 urbis
1652 1528 1782 1556 obtinuit.
1802 1526 1859 1553 Non

1066 1580 1220 1614 dedignatur
1235 1579 1334 1612 regiam
1348 1577 1494 1613 ciuitatem,
1509 1583 1589 1610 quam
1606 1574 1783 1608 opastolicam
1809 1581 1857 1599 non

1067 1628 1153 1659 potest
1179 1624 1266 1658 facere
1288 1621 1388 1653 sedem;
1416 1628 1462 1647 nec
1489 1619 1544 1646 ullo
1570 1623 1654 1653 speret
1679 1618 1769 1648 modo,
1795 1617 1860 1651 quod

1066 1679 1112 1705 per
1136 1671 1251 1697 aliorum
1278 1667 1361 1703 possit
1401 1665 1557 1700 offensiones
1582 1665 1683 1699 augeri.
1721 1663 1861 1697 Pricilega

1069 1717 1139 1743 enim
1154 1715 1334 1742 Ecclesiarum
1350 1719 1502 1740 sanctorum
1524 1711 1636 1738 Patrum
1659 1710 1808 1736 canonibus
1827 1710 1863 1734 iii-

1067 1763 1172 1794 stituta,
1187 1766 1212 1788 et
1224 1759 1378 1787 venerabilis
1397 1758 1517 1785 Nica'na:
1538 1756 1633 1791 synodi
1658 1755 1714 1789 fixa
1739 1755 1862 1784 decretis.

1069 1808 1142 1834 nulla
1164 1811 1273 1841 possunt
1301 1805 1471 1840 improbitate
1497 1802 1617 1834 convelli,
1645 1802 1722 1827 nulla
1750 1801 1862 1827 novitate

1070 1848 1181 1881 mutari.
1209 1852 1243 1879 In
1269 1860 1321 1888 quo
1341 1859 1424 1882 opere,
1442 1849 1589 1876 auxiliante
1616 1846 1731 1877 Christo,
1751 1846 1861 1880 ﬁdeliter

1068 1900 1246 1934 exsequendo,
1268 1906 1371 1926 necesse
1389 1901 1425 1924 est
1447 1905 1487 1923 me
1514 1899 1721 1930 perseuerantem
1741 1894 1860 1919 (Iltiberl

1069 1946 1245 1980 famulatum,
1272 1944 1396 1979 quoniam
1423 1942 1585 1977 dispensatio
1611 1941 1676 1967 mihi
1699 1941 1858 1969 creditaest.

1069 1996 1093 2019 et
1116 1991 1149 2017 ad
1176 1999 1216 2017 me
1242 1990 1327 2017 tendit
1355 1993 1469 2019 reatum,
1499 1988 1523 2014 si
1558 1992 1729 2022 paternarum
1768 1986 1860 2020 regula

1070 2037 1249 2067 sanctiouum,
1275 2042 1334 2070 qua:
1357 2034 1384 2060 in
1401 2034 1502 2069 synodo
1522 2031 1634 2059 Nitwna
1654 2031 1688 2058 ad
1708 2031 1792 2057 totius
1815 2030 1861 2056 Ec-

1071 2084 1157 2110 clesito
1181 2083 1294 2115 regimen
1318 2080 1414 2114 spiritu
1439 2079 1486 2105 Dei
1508 2079 1655 2104 instruente
1679 2082 1742 2104 sunt
1773 2077 1861 2102 condi-

1073 2134 1116 2162 ιω,
1142 2136 1193 2160 me,
1214 2128 1283 2162 quod
1300 2125 1379 2156 absit,
1407 2125 1558 2151 connivente
1584 2123 1724 2154 violentur,
1741 2127 1766 2148 et
1781 2122 1863 2156 major

1072 2175 1106 2202 sit
1130 2174 1200 2208 apud
1220 2181 1259 2200 me
1276 2173 1353 2198 unius
1384 2171 1476 2205 fratris
1501 2170 1623 2197 voluntas
1655 2177 1735 2202 quam
1763 2168 1863 2194 univer-

1070 2228 1106 2247 sa:
1138 2220 1232 2246 domus
1259 2217 1364 2245 Domini
1397 2216 1541 2243 communis
1580 2215 1695 2241 utilitas.
1727 2214 1761 2240 Et
1798 2214 1861 2244 ideo,

1069 2267 1153 2294 sciens
1178 2266 1320 2300 gloriosam
1350 2263 1515 2290 clementiam
1533 2267 1645 2289 vestram
1679 2260 1862 2288 ecclesiastico:

1070 2313 1175 2340 studere
1198 2311 1279 2346 663
1306 2309 1466 2340 concordite,
1485 2315 1508 2335 et
1529 2309 1569 2335 his
1593 2315 1652 2342 qua:
1672 2306 1792 2340 paci/iac
1809 2314 1863 2332 con-

1072 2362 1170 2393 gruunt
1209 2356 1306 2383 unitati
1339 2356 1486 2389 piissimum
1518 2357 1645 2387 pra-stare
1687 2358 1861 2379 consensum,

1072 2412 1164 2437 precor
1180 2408 1204 2429 et
1224 2402 1316 2429 sedula
1338 2401 1501 2436 suggestione
1522 2407 1565 2425 vos
1589 2398 1706 2428 obsecro,
1730 2402 1759 2422 ut
1787 2403 1862 2422 ausus

1076 2450 1218 2486 improbos,
1236 2449 1332 2476 unitati
1348 2447 1507 2475 Christiana:
1523 2446 1630 2480 pacique
1649 2444 1810 2474 contrarios,
1836 2445 1864 2467 ab

1078 2498 1149 2526 omni
1177 2496 1283 2529 pietatis
1314 2500 1408 2521 vestra:
1432 2492 1561 2519 abdit-etis
1583 2498 1701 2520 assensu.
1726 2494 1749 2515 et
1775 2489 1864 2522 fratris

1079 2545 1130 2572 mei
1153 2542 1270 2571 Anatolii
1295 2540 1442 2567 nocituram
1465 2538 1525 2572 ipsi,
1544 2538 1565 2562 si
1581 2535 1735 2568 perstiterit.
1764 2534 1864 2566 cupitli-

1075 2597 1154 2620 tatem
1170 2587 1312 2615 salubriter
1330 2583 1521 2619 coniprimatis.
1541 2581 1678 2608 Auiiuisse
1694 2587 1777 2614 porro
1807 2587 1865 2605 sau-

1074 2638 1113 2666 cti
1142 2635 1241 2663 Leonis
1268 2632 1405 2667 postulato
1426 2629 1595 2657 Marcianum
1627 2627 1780 2660 Augustum
1811 2625 1864 2660 ipse

1077 2685 1190 2711 sanctus
1204 2680 1258 2707 Leo
1276 2677 1421 2713 signiﬁcat,
1445 2675 1497 2701 alia
1523 2677 1584 2708 post
1611 2672 1644 2698 ad
1665 2671 1789 2698 eumdem
1809 2671 1864 2703 epi-

1077 2730 1147 2758 stola
1171 2726 1284 2760 scripta,
1312 2731 1372 2758 quin
1393 2725 1463 2748 intcr
1497 2720 1598 2751 editas,
1625 2719 1733 2752 opinor,
1755 2717 1790 2744 60
1814 2721 1862 2746 est.

1080 2781 1107 2804 et
1124 2775 1241 2802 refertur
1267 2771 1293 2797 in
1321 2768 1488 2795 (Iollectione
1513 2765 1635 2792 Romana
1662 2763 1794 2790 llolstcnii
1811 2769 1862 2797 ap.

1081 2822 1143 2849 1‘27.
1169 2817 1277 2853 Incipit:
1307 2816 1467 2842 Litterarum
1492 2811 1635 2838 clementia:
1666 2814 1760 2836 vestrm
1780 2806 1864 2835 multi-

1082 2868 1142 2896 plex
1163 2865 1250 2900 gratia
1275 2863 1361 2890 debita
1382 2868 1399 2887 a
1421 2867 1460 2886 me
1485 2857 1649 2886 veneratione
1672 2859 1794 2890 suscepta
1819 2857 1862 2885 est,
