1931 3069
88 141 158 173 1135

836 139 957 168 ΝΟΤιΕ.

1657 140 1727 171 112s

87 206 111 226 et
141 197 311 233 gratulanter
338 196 431 231 agnovi
457 203 535 230 quam
553 195 624 229 piam
650 202 742 221 curant
759 194 886 221 Cltristia-
901 197 921 224 Α
937 194 1066 222 omnibus
1090 195 1167 221 Anna
1185 193 1338 227 Contnena,
1363 193 1381 220 l.
1399 193 1409 220 ι
1425 193 1575 226 Aleziadis,
1591 201 1618 229 p.
1633 193 1663 220 2|
1683 194 1725 221 ed.

87 253 129 272 na:
157 244 302 278 religionis,
327 249 353 269 ut
380 242 536 274 consuestis,
565 240 695 272 habeatis,
727 249 786 267 cum
815 241 882 266 inter

89 288 196 315 Domini
215 286 364 313 sacerdotes
384 293 442 312 eain
469 285 548 311 vultis
574 285 683 319 ﬁrmare
697 284 882 315 concordiam,

87 341 146 368 quru
174 339 197 360 et
224 331 367 359 universali
395 331 520 358 Ecclesia:
542 335 567 357 et
590 331 677 357 divino
695 334 758 363 apta
774 331 808 356 sit
826 329 884 356 cul-

88 379 137 405 tui.
166 378 251 405 Paulo
279 382 354 412 post:
382 375 453 403 Nam
480 381 504 402 ct
529 382 616 403 vestra
643 376 816 402 mansuetudo
841 377 883 402 in-

89 424 270 450 sinuationem
302 431 386 450 meam
403 427 456 448 tam
472 421 583 448 libenter
599 422 709 455 accepit,
728 425 756 447 ut
773 426 797 447 et
813 429 883 448 sent-

88 478 134 503 rer
169 469 283 496 scribere
310 467 480 503 dignaretur,
511 472 536 493 et
563 468 619 493 litat:
642 471 739 501 ageret,
768 471 796 492 ut
826 473 884 500 qute

89 511 158 541 nunc
181 519 299 541 correcta
326 518 386 540 sunt
411 518 504 540 vestra:
521 513 613 547 gloria-
638 512 792 539 debeantur.
817 512 885 538 Cor-

89 565 195 588 rectum
213 567 274 587 esse
288 559 347 593 jam
367 563 493 590 testatur,
517 562 665 592 cooperato
686 560 713 584 iu
747 558 773 584 id
791 557 883 592 Augu-

89 607 145 636 sto,
168 607 195 631 et
224 607 380 630 revocatum
408 602 481 637 quod
507 608 609 630 temere
631 602 773 630 Anatolius
798 607 884 630 atteu-

88 654 196 676 tzn'erat
226 649 415 683 perturbanth
431 649 556 676 ordinem
577 648 683 675 sedith
703 653 729 675 et
748 648 883 675 Conslan-

89 693 301 728 liuopulitauam
330 693 480 720 secundant
508 700 522 718 a
550 693 672 719 Romana
701 692 882 719 numerando.

91 738 132 765 Ex
161 739 203 766 his
230 743 344 774 apparet
381 739 546 765 sententiam
582 738 708 772 rescripti
740 738 882 771 Marciani,

90 785 164 819 quod
192 792 246 811 non
264 788 362 816 exstat,
374 791 433 811 eam
451 783 537 811 fuisse
556 784 676 818 qualem,
695 784 742 818 qui
767 784 883 816 viderat,

89 832 226 866 expressit
243 831 381 859 Gelasius:
395 830 511 857 Probari
525 830 783 857 sibiobservantiant
796 830 883 857 sancti

935 239 1016 274 Begu:
1035 241 1087 268 Ka‘t
1099 241 1214 276 μάλιστα
1232 241 1248 275 ἡ
1263 241 1291 267 ὲν
1304 240 1459 274 Χαλκηδόνι
1476 240 1585 271 σύνοδος
1600 241 1640 272 εἰς
1655 249 1728 269 πῖον-

934 287 1012 320 ωπὴν
1038 286 1173 320 μεγίστην
1200 286 1248 311 καὶ
1263 285 1421 320 πρωτίστην
1441 285 1487 311 τὺν
1507 285 1733 312 Κωνσταντινου-

934 332 1038 361 πόλεως
1062 332 1156 366 θρόνον
1169 330 1414 365 ἀναϐιϐασαμένη,
1433 330 1482 362 τὰς
1498 331 1548 356 ἀνὰ
1572 329 1621 364 τὴν
1639 331 1733 356 οἶκοι-

936 378 1021 411 μένην
1041 378 1149 403 ἃπασαν
1165 376 1317 411 διοικήσεις
1339 376 1391 402 ὑπὸ
1416 376 1513 402 τοῦτον
1537 376 1663 409 ἐποίησε.
1685 375 1728 402 S‘c

934 423 1013 449 Anna
1043 430 1074 449 ex
1102 422 1201 449 codice
1216 422 1344 456 plcuiori,
1363 421 1441 456 cujus
1469 421 1534 448 mihi
1559 427 1619 455 post
1635 421 1729 448 editio-

934 476 997 495 nem
1024 469 1104 503 copia
1128 468 1253 502 contigit.
1285 467 1378 502 itaque
1407 467 1434 494 iu
1459 471 1515 493 tota
1541 468 1593 494 ista
1618 474 1723 501 prensa

936 515 1009 541 tione
1034 515 1134 541 summi
1159 513 1271 540 honoris
1293 517 1375 547 caput
1397 513 1486 547 ipsuut
1509 513 1565 547 spei
1594 520 1625 539 ac
1649 520 1723 539 sum—

936 567 979 587 ma
1002 559 1108 587 ﬁducia
1132 558 1446 592 Conslantinopolitanis
1471 558 1498 584 in
1517 565 1622 585 canone
1640 557 1721 585 Chal»

935 606 1081 632 cedonensi
1112 605 1264 639 repositum
1296 604 1358 631 iuit.
1395 602 1622 638 Desperatissima
1648 604 1730 638 igitur

935 659 1019 678 causa
1042 652 1165 686 ipsorum
1183 654 1266 678 estet
1282 658 1397 685 prorsus
1419 650 1517 677 insana
1540 650 1646 684 petitio,
1666 657 1729 677 cum

935 702 998 724 ante
1012 698 1102 724 omnia
1125 696 1158 724 de
1178 697 1298 731 primatu
1321 697 1347 722 in
1380 696 1539 722 universum
1571 696 1664 721 ot-hetn
1696 701 1732 722 ne

935 751 984 778 per
1011 744 1147 770 somnium
1175 743 1285 778 quidem
1313 741 1547 769 Chalcrdoueusis
1575 749 1662 768 canon
1685 749 1732 768 co-

935 789 1014 824 gitet;
1033 794 1090 816 tum
1120 789 1146 816 id
1178 789 1267 824 ipsum
1285 788 1357 823 quod
1383 795 1463 823 agere
1476 787 1576 820 .voluit,
1594 791 1623 813 ut
1639 788 1725 814 sedcn:

936 835 1272 869 Constantinopolitanam
1293 842 1326 861 ex
1340 838 1439 868 quarto
1459 833 1485 860 in
1500 833 1651 860 secundum
1666 839 1715 866 pro

90 878 185 906 Leonis
209 877 241 905 de
266 877 391 904 custodia
416 885 547 903 canonum
573 882 756 911 paternorum,
777 881 802 904 et
834 872 923 904 sibiB
939 885 1059 909 moveret
1091 881 1219 916 gradum,
1251 880 1418 908 reclamante
1441 879 1566 916 Rgmano
1602 877 1729 912 pontiﬁce

90 925 194 958 placere
209 928 238 950 ut
255 927 279 950 et
297 923 363 957 ﬁdes
384 919 497 950 Nicaena
519 931 596 950 suam
625 923 742 950 obtineat
770 923 886 957 firmita-

93 977 143 998 tem
159 975 183 998 et
199 970 339 1005 privilegia
358 969 539 996 Ecclesiarum
565 969 670 996 illibata
692 972 886 1002 permanerent.
899 1001 917 1011 ‘

91 1016 151 1050 Qua
174 1024 203 1043 re
220 1016 371 1043 deterritus
396 1015 542 1042 Anatolius
563 1014 704 1042 humiliter
725 1018 753 1042 et
768 1014 888 1042 obnoxie

93 1066 195 1090 sancto
211 1061 295 1089 Leoni
305 1061 427 1094 scripsit,
447 1061 605 1095 signiﬁcans
616 1068 646 1088 se
658 1060 791 1088 desistere
803 1067 818 1087 a
827 1067 889 1095 pro-

93 1109 196 1144 posito.
226 1108 322 1136 Exstat
352 1107 410 1134 haec
434 1106 551 1142 epistola
572 1107 599 1134 in
623 1106 737 1134 Collect.
765 1105 846 1133 Rom.
871 1113 888 1133 a

92 1163 121 1188 ι).
147 1154 208 1186 152,
233 1161 267 1180 ex
293 1161 346 1188 qua
374 1153 418 1180 hic
441 1153 596 1180 exscribam
622 1159 683 1186 quae
704 1152 737 1179 sd
776 1151 890 1179 demon-

93 1200 236 1230 strandum
257 1199 330 1235 quod
343 1199 398 1226 dixi
424 1199 571 1234 pertinent.
597 1197 720 1226 Primum
751 1199 786 1226 ibi
808 1198 889 1233 proﬁ—

94 1252 168 1275 tetur
192 1246 342 1274 uuiversim
368 1252 408 1277 se,
435 1252 606 1280 quaecunque
640 1245 773 1279 imperata
800 1245 824 1272 ei
850 1244 890 1271 io-

94 1296 156 1319 rent
179 1290 295 1318 Roruani
322 1288 460 1324 pontiﬁcis
476 1289 586 1322 litteris,
606 1294 732 1324 paratuut
750 1295 812 1316 esse
825 1289 891 1315 obe-

95 1337 204 1365 dienter
226 1337 352 1371 exsequi;
380 1337 409 1364 in
439 1343 495 1370 quo
524 1336 596 1363 inest
627 1336 710 1363 tacita
739 1335 888 1362 declaratio

94 1383 215 1411 revocati
237 1383 337 1418 prioris
360 1383 404 1410 sul
424 1382 535 1411 consilii
556 1382 630 1410 circa
647 1382 813 1409 desiderium
828 1389 890 1416 gra-

95 1428 148 1456 dus
169 1428 284 1456 secundi
309 1432 372 1463 post
396 1427 549 1456 Romanam
576 1428 682 1459 sedem.
704 1427 777 1461 quod
792 1427 818 1454 id
835 1427 890 1454 cla-

96 1481 126 1502 re
154 1474 339 1509 improbatum
375 1473 402 1501 in
432 1474 521 1501 sancti
545 1473 647 1502 Leonis
664 1473 775 1509 scriptis
807 1473 840 1500 ad
860 1480 889 1500 se

95 1520 195 1548 litteris
220 1520 341 1549 viderat.
368 1520 438 1556 Ejus
467 1520 526 1547 haec
549 1520 632 1547 verba
657 1523 734 1547 sunt:
760 1520 829 1546 Nam
845 1527 888 1554 pe—

96 1567 168 1594 nitus
193 1566 263 1594 absit
279 1571 308 1593 ut
336 1574 382 1602 ego
404 1566 453 1599 eis,
481 1573 645 1601 quacunque
672 1566 736 1592 mihi
773 1566 885 1600 fuissent

96 1613 226 1640 mandata
252 1621 298 1647 per
325 1613 440 1645 litteras,
461 1615 629 1640 adversarer.
661 1611 764 1640 Deinde
789 1612 887 1639 distin-

98 1660 171 1688 ctius
192 1660 266 1687 circa
294 1659 410 1693 factum,
430 1659 463 1686 de
492 1666 547 1692 quo
572 1660 715 1694 agebatur,
728 1662 842 1686 excusat
859 1659 885 1684 in

96 1706 171 1733 hunc
188 1705 309 1733 modum:
338 1705 378 1732 De
405 1704 445 1732 Itis
472 1709 560 1731 autem
585 1712 643 1739 qua:
659 1704 887 1738 Constantinopo-

98 1753 192 1780 litante
218 1751 308 1786 gratia
329 1751 398 1778 sedis
423 1751 526 1778 sancita
554 1755 616 1778 sunt
640 1751 677 1778 int
693 1749 887 1778 Chalcedonen-

97 1799 121 1826 si
137 1806 220 1833 nuper
235 1797 378 1824 universali
395 1797 506 1832 synodo,
524 1805 571 1831 pro
599 1801 670 1823 certo
696 1795 829 1822 beatitudo
845 1803 887 1822 ve-

96 1850 155 1873 stra
170 1845 225 1870 lues
243 1843 347 1875 habeat,
364 1843 466 1870 nullam
489 1850 545 1870 esse
556 1842 661 1876 culpam
683 1842 711 1868 in
726 1850 777 1874 me,
802 1843 887 1869 homi-

100 1898 132 1918 ne
149 1890 194 1925 qui
221 1896 323 1922 semper
340 1889 422 1914 otium
441 1893 464 1915 et
482 1889 606 1923 quietem,
627 1887 655 1914 in
677 1888 826 1916 humilitate
847 1897 888 1916 me

96 1937 243 1968 continens,
260 1935 292 1961 ab
308 1935 414 1961 ineunte
429 1942 487 1961 mea
496 1938 573 1961 aetate
584 1934 739 1961 dilexerim:
756 1936 800 1961 sed
815 1933 888 1962 Con-

97 1982 343 2017 stantinopolitanae
351 1980 382 2016 [Ρ
390 1979 455 2016 465]
465 1979 589 2007 Ecclesia:
600 1981 823 2008 reuerentissimus
832 1981 887 2008 cle-

97 2039 144 2057 rus
169 2035 219 2062 est,
238 2031 283 2065 qui
308 2030 356 2056 hoc
379 2028 470 2055 habuit
489 2028 617 2061 studium,
637 2033 663 2055 et
686 2029 799 2056 istarum
826 2037 889 2064 par-

98 2078 164 2104 tium
189 2076 378 2112 religiosissimi
410 2075 569 2107 sacerdotes,
600 2077 646 2111 qui
675 2076 702 2103 in
736 2076 785 2103 liae
816 2077 889 2111 fuere

97 2122 240 2151 concordes
267 2127 291 2148 et
312 2121 362 2149 sibi
391 2122 491 2156 pariter
520 2121 667 2155 adjutores.
707 2122 767 2150 Mox
797 2129 887 2150 autent

97 2169 282 2204 quodcunque
319 2171 452 2194 tentatum
478 2167 504 2193 in
530 2167 581 2194 huc
613 2175 711 2200 genere
737 2167 826 2195 fuerat
852 2169 888 2195 ir-

939 928 1046 955 irritunt
1071 931 1099 954 et
1119 927 1216 954 eﬁ'ectu
1240 934 1349 954 cassum
1367 926 1508 953 manserit.
1526 925 1566 952 Ac
1586 925 1648 953 licet
1664 930 1728 951 tem—

938 972 1054 1008 poribus
1078 971 1225 999 Justiniani
1250 971 1305 999 seri
1328 977 1505 997 successores
1522 969 1652 1001 Anatolii,
1676 976 1730 1003 quo

937 1018 1000 1053 jure
1028 1025 1117 1053 quave
1139 1017 1252 1052 injuria,
1290 1016 1477 1043 Alexandrino
1504 1015 1731 1049 Antiochenqu

940 1064 1104 1099 patriarchis
1134 1062 1275 1098 praepositi
1306 1062 1430 1096 legantur
1455 1061 1482 1088 in
1509 1060 1630 1088 Novellis
1656 1061 1730 1087 illius

940 1110 1125 1144 imperatoris,
1141 1113 1230 1136 tamen
1248 1108 1274 1135 id
1292 1108 1360 1134 citra
1373 1107 1563 1142 prasjudicium
1596 1108 1731 1143 primatus

940 1155 1071 1183 Romanas
1097 1155 1154 1182 sedi
1173 1155 1355 1188 competentis
1380 1156 1480 1181 factum
1513 1153 1658 1182 manifeste
1684 1154 1732 1182 de-

941 1203 1027 1229 clarat
1056 1202 1115 1236 ipse
1149 1200 1323 1228 Justiuianus
1354 1200 1381 1227 in
1412 1208 1463 1227 suo
1495 1200 1591 1227 codice
1616 1199 1647 1227 L.
1679 1200 1730 1228 Cos

940 1256 1072 1284 gnoscere,
1093 1248 1139 1275 ubi
1162 1249 1194 1274 de
1216 1248 1340 1276 Romano
1374 1247 1502 1281 pontiﬁce
1534 1247 1655 1281 loquitur
1688 1247 1731 1274 his

940 1293 1041 1320 verbis:
1065 1291 1120 1319 Nec
1135 1294 1204 1319 enim
1221 1293 1340 1326 patimur
1354 1296 1382 1318 ut
1397 1291 1542 1326 quidquam
1559 1300 1650 1318 eorum
1672 1299 1730 1327 qut:

946 1339 981 1366 ad
1007 1339 1214 1366 ecclesiasticum
1237 1339 1368 1373 pertinent
1397 1343 1509 1369 statum,
1525 1346 1576 1364 non
1597 1339 1677 1365 etiam
1696 1341 1730 1365 ad

944 1384 1062 1419 ejusdem
1086 1384 1219 1417 referatur
1244 1383 1443 1415 beatitudinem,
1468 1391 1528 1409 cum
1550 1391 1581 1410 ea
1602 1385 1636 1410 sit
1653 1388 1731 1417 caput

940 1431 1057 1456 omnium
1083 1430 1309 1456 sanctissintorum
1336 1428 1382 1455 Dei
1407 1429 1587 1456 sacerdotum.
1620 1428 1683 1456 Haec
1701 1429 1732 1455 il-

940 1476 976 1509 le;
996 1476 1030 1503 ad
1050 1483 1111 1510 quae
1135 1475 1176 1503 sic
1198 1475 1321 1507 adnotat,
1347 1475 1448 1510 alioqui
1475 1482 1574 1509 expers
1601 1474 1732 1502 Romana:

941 1513 1152 1554 communionis,
1172 1521 1247 1556 llugo
1265 1521 1385 1554 Grotius,
1402 1521 1430 1548 in
1449 1520 1593 1556 Sparsione
1609 1520 1731 1554 Florum,

940 1577 966 1604 p.
983 1569 1045 1596 5H:
1065 1569 1130 1596 lltec
1150 1572 1276 1603 perpetua
1300 1569 1351 1603 fuit
1372 1569 1477 1602 piorum
1500 1568 1648 1602 principum
1673 1576 1732 1594 rett-

941 1616 1026 1642 tentia
1056 1616 1089 1641 ad
1117 1616 1243 1642 tuendam
1276 1613 1408 1641 Ecclesia:
1439 1615 1568 1640 unitatem
1607 1621 1730 1647 perquam

939 1661 1096 1688 necessaria.
1116 1660 1189 1687 Idem
1211 1661 1302 1686 dicunt
1327 1659 1532 1686 Valentinianus
1557 1664 1582 1686 et
1606 1658 1733 1685 Placidia

939 1709 965 1735 in
992 1708 1063 1734 Actis
1085 1711 1145 1733 ante
1171 1706 1314 1733 concilium
1337 1705 1558 1736 Cltalcsdonense.
1588 1705 1694 1739 judices
1715 1713 1733 1732 α

939 1751 1074 1778 Martiano
1101 1750 1168 1781 dati,
1195 1755 1217 1776 et
1244 1750 1300 1783 ipsa
1317 1749 1433 1783 synodus
1454 1747 1674 1775 Chalcedonensis
1693 1757 1731 1780 ιγ,

938 1801 990 1824 act.
1019 1796 1062 1824 16.
1092 1796 1168 1822 Adde
1199 1794 1341 1821 Novellum
1374 1794 1435 1821 151.
1466 1794 1556 1826 Quare
1575 1794 1656 1820 aliam
1675 1801 1732 1821 suae

938 1843 1107 1870 auctoritatis
1123 1841 1322 1876 independentis
1340 1840 1639 1875 Constantinopolitani
1664 1848 1733 1868 con-

939 1891 1118 1918 ﬁrtnatiOnem
1133 1893 1267 1924 quaerant.
1283 1888 1350 1915 Nam
1369 1889 1426 1916 hinc
1439 1889 1549 1923 quidem
1565 1896 1619 1924 qua
1634 1895 1662 1916 se
1678 1895 1729 1916 um

938 1937 988 1964 niti
1002 1936 1132 1968 fatentur,
1148 1943 1162 1963 e
1182 1943 1287 1963 cattouc
1305 1935 1537 1969 Chalcedonensi,
1555 1937 1645 1971 palam
1660 1936 1729 1970 οἶχε-

938 1992 991 2014 sat,
1008 1990 1042 2010 ne
1054 1983 1120 2017 ipsis
1138 1982 1247 2016 quidem
1262 1983 1350 2017 (tanta
1368 1982 1409 2010 vis
1428 1982 1551 2010 veritatis
1566 1982 1630 2017 cst),
1647 1983 1731 2011 etiam

939 2030 1084 2061 postquam
1121 2026 1256 2053 Photiano
1293 2026 1443 2054 Schismate
1480 2026 1599 2054 frontem
1634 2027 1732 2063 periri-

940 2077 1068 2103 cueruut.
1094 2072 1271 2099 dissimulare
1303 2072 1440 2099 interdum
1472 2074 1639 2100 valentihus.
1659 2073 1730 2106 Quid

939 2119 1011 2146 cnim
1027 2118 1100 2145 aliud
1121 2118 1222 2145 iudicat
1249 2119 1274 2145 id
1299 2118 1371 2152 quod
1392 2119 1517 2153 superius
1538 2119 1589 2146 hoc
1609 2119 1667 2154 ipso
1689 2123 1731 2146 est

939 2165 1029 2199 capite
1053 2168 1207 2195 narratum,
1237 2168 1432 2198 congregatum
1460 2164 1511 2191 sub
1535 2163 1640 2191 Joanne
1660 2164 1731 2192 liueat

96 2217 181 2242 ritum
208 2213 332 2247 agnoscit
362 2220 394 2239 cx
422 2220 476 2247 quo
504 2212 569 2239 illud
593 2212 733 2240 Romanus
765 2214 885 2248 pontifex
905 2211 1104 2249 Dimperatore
1131 2209 1288 2236 Graecorum
1314 2209 1449 2244 synodum
1477 2209 1631 2237 decrevisse
1661 2210 1733 2245 lcga-

97 2259 293 2294 intprobasscl.
323 2256 369 2284 Sic
384 2257 455 2284 enim
473 2258 603 2284 continuo
618 2258 767 2292 subjungit:
787 2257 852 2285 Cum
867 2263 891 2285 et

97 2305 138 2332 sic
156 2309 288 2339 gestorum
304 2304 341 2329 uis
358 2303 443 2328 omnis
462 2308 483 2328 et
498 2303 665 2337 confirmatio
684 2304 836 2330 auctoritati
852 2312 892 2330 re-

100 2353 166 2376 stra:
187 2347 361 2374 beatitudinis
392 2347 471 2381 fuerit
500 2346 583 2382 664,
611 2355 755 2375 reservata.
783 2348 821 2375 Ita
846 2349 891 2376 ille

98 2395 167 2423 satis
198 2394 326 2428 judicans
352 2393 421 2419 nihil
452 2398 628 2420 consecutam
659 2395 721 2420 novi
744 2394 815 2428 juris
843 2399 890 2422 aut

99 2441 152 2469 loci
177 2439 513 2474 (loustanliuopolilanam
545 2440 637 2466 sedem
667 2447 714 2474 pcr
740 2440 890 2468 Chalcedo-

97 2495 213 2515 nensetn
239 2494 383 2517 cauonetu,
401 2485 460 2519 qui,
479 2489 507 2511 ut
522 2484 575 2511 vim
591 2485 713 2518 haberet,
731 2486 888 2514 conﬁrmari

98 2533 227 2561 debuerit
260 2540 274 2558 a
306 2531 432 2558 Romano
454 2531 594 2565 pontiﬁce,
616 2538 678 2558 cum
699 2539 759 2558 eum
799 2536 889 2559 lanient

101 2580 148 2607 ille
173 2578 374 2613 rrprobaverit.
398 2577 449 2604 Uhi
466 2582 508 2604 est
538 2584 603 2611 ergo
624 2577 670 2603 illa
684 2578 822 2612 possessio
847 2578 890 2605 in-

96 2624 279 2659 dcpcudcntis
306 2623 489 2654 auctoritatis,
515 2628 561 2649 aut
586 2630 641 2657 quo
662 2623 724 2657 jure
747 2631 780 2650 ac
805 2632 892 2658 quau-

97 2670 134 2697 do
163 2670 242 2701 inita,
259 2676 340 2704 quam
363 2676 393 2696 sc
424 2669 494 2695 tueri
519 2674 609 2695 certos
630 2669 672 2696 hic
701 2669 787 2696 Graeci
805 2670 893 2697 schis-

97 2715 191 2743 matici
202 2715 354 2742 aﬁirmant?
364 2714 435 2741 Sane
450 2715 488 2741 illi
501 2714 613 2741 fundum
628 2716 738 2742 unicum
752 2720 799 2742 aut
820 2723 890 2750 pra:-

97 2763 211 2797 cipuum
227 2762 392 2796 αὐτονομίας
410 2761 502 2792 istius.
525 2765 552 2788 ct
570 2761 661 2788 liberae
679 2762 712 2789 ab
734 2762 808 2789 outui
836 2762 889 2789 Ro-

97 2815 186 2835 tnante
210 2808 285 2836 sedis
320 2807 515 2842 jurisdietione
542 2809 693 2842 potestatis,
740 2808 892 2836 Chalcedo-

98 2860 211 2882 nenscm
237 2855 318 2881 istum
346 2861 478 2882 cauoncm
504 2854 666 2890 przcdicaut.
685 2855 818 2882 Audiatur
840 2863 890 2890 pro

941 2255 1043 2283 tionem
1071 2255 1105 2283 ad
1130 2262 1240 2290 papam,
1259 2263 1315 2290 qua
1342 2255 1428 2282 iuncti
1449 2263 1477 2282 re
1502 2255 1559 2289 ipsa
1585 2256 1641 2283 sint
1675 2256 1729 2291 cpi-

941 2302 1017 2336 scopi
1042 2301 1108 2334 duo,
1139 2300 1284 2328 Sardeusis
1315 2300 1503 2334 Andronicus,
1527 2305 1556 2328 ct
1579 2301 1731 2337 Cyziccnus

941 2347 1088 2382 Georgius,
1101 2355 1150 2381 per
1159 2354 1240 2382 quam
1254 2346 1447 2381 proﬁterentur
1463 2355 1489 2374 se
1503 2352 1610 2381 paratos
1626 2348 1730 2381 obsequi

941 2395 1061 2429 pontiﬁci
1092 2394 1208 2420 Romano
1239 2394 1347 2429 ejusque
1378 2394 1405 2420 in
1425 2402 1504 2420 sacra
1519 2393 1600 2429 665
1623 2394 1731 2429 lilnrgia

942 2441 1102 2467 mentionem
1113 2441 1162 2467 rite
1172 2441 1268 2475 facere,
1277 2441 1299 2466 si
1308 2441 1330 2466 is
1340 2440 1490 2466 societatem
1500 2440 1664 2474 abrumperet
1674 2449 1730 2468 cum

941 2486 1044 2513 Latinis
1081 2487 1170 2513 urbem
1208 2486 1466 2520 Constantinopolim
1493 2486 1651 2519 tenentibus,
1676 2492 1731 2513 etc.

941 2532 1035 2567 Neque
1049 2532 1133 2565 enim,
1149 2533 1213 2559 dum
1241 2533 1293 2560 hoc
1311 2532 1523 2567 pollicebantur,
1535 2540 1634 2559 novum
1646 2533 1688 2566 jus
1702 2539 1732 2560 se

941 2580 1064 2607 conferre
1092 2579 1218 2607 Romano
1247 2579 1364 2606 antistiti
1400 2582 1546 2614 putattaut,
1575 2579 1623 2606 sed
1654 2585 1732 2607 vetus

941 2631 969 2653 ct
998 2626 1032 2652 ab
1070 2625 1164 2653 ultima
1197 2625 1333 2651 ﬁrmatum
1372 2626 1536 2660 antiquitate
1573 2633 1732 2660 agnoscere.

941 2670 1011 2703 Quid
1028 2671 1101 2697 aliud
1126 2671 1298 2698 demonstrat
1324 2671 1408 2705 quod,
1426 2678 1452 2704 p.
1471 2670 1533 2704 2M,
1550 2670 1668 2698 Michael
1682 2672 1734 2697 i‘ao

941 2717 1073 2751 leeologus
1099 2716 1240 2751 Augustus
1257 2718 1289 2744 ad
1320 2718 1452 2752 synodum
1475 2717 1634 2744 Graecorum
1662 2719 1734 2744 auli-

942 2764 1038 2790 stitum
1059 2770 1209 2798 perorans,‘
1227 2764 1270 2791 ubi
1284 2769 1357 2792 esset
1380 2769 1494 2799 questus
1514 2764 1548 2792 de
1563 2764 1663 2792 duritie
1685 2772 1733 2792 ca-

941 2809 1063 2836 nonibus
1089 2806 1216 2836 damnata
1234 2810 1396 2844 patriarcha:
1415 2808 1521 2836 Arsctiii
1541 2810 1666 2844 negantis
1680 2811 1733 2839 sibi

942 2855 1085 2889 poenitenti
1105 2856 1369 2889 reconciliationem,
1394 2862 1522 2892 tauquam
1550 2866 1582 2885 cx
1608 2858 1731 2886 domina
