1931 3069
206 148 278 184 1127

201 213 262 241 quae
285 205 311 232 in
336 204 463 233 confesso
491 203 562 239 apud
589 211 685 232 omnes
703 208 785 236 esset,
819 204 858 230 ait
889 208 990 237 tempus
1009 206 1028 232 Α

200 261 256 281 eue
269 253 422 288 procidendi
447 251 481 278 ad
503 251 580 286 pedes
607 258 681 285 papa:
706 250 796 277 Roma-
823 249 947 279 sedentis,
972 251 996 274 et

201 300 234 327 ab
251 308 280 327 eo
293 299 445 334 suppliciter
459 298 561 331 petendi
580 297 698 324 salutare
719 298 818 330 peccati
839 295 994 327 remedium,

203 347 256 374 nisi
291 350 394 372 certum
434 348 462 370 et
486 343 586 369 nemini
618 342 767 369 dubitabile
791 341 836 373 jus
868 347 938 371 esse,
973 339 995 366 si

204 391 315 426 quando
339 387 660 422 Constautinopnl'tanus
683 386 835 420 patriarcha
862 391 875 410 a
905 382 996 417 regula

200 437 351 471 disciplime
369 435 468 461 veteris
493 433 643 463 deﬂexerit.
669 431 835 466 pt‘ovorantli
854 429 886 455 ad
906 428 998 463 potiti-

204 484 282 508 ticem
307 480 461 507 Romanum
490 483 516 504 et
546 479 578 504 ab
601 485 632 504 eo
659 477 711 503 rite
737 480 806 510 petet
818 475 843 502 di
862 473 998 500 sumi-udi.

203 535 257 562 que
269 534 329 561 quae
343 525 445 560 injuste
464 532 477 550 a
493 522 797 556 Constantinopolitano
815 521 870 547 sint
887 523 994 553 negata.

204 574 262 601 Non
282 573 363 607 igitur
379 570 498 605 legitima
515 569 653 604 possessio
669 569 726 594 hate
740 567 800 597 fuit,
817 565 864 593 scd
883 565 999 600 iniquis.

202 620 270 647 sima
296 617 438 652 usurpatio
458 615 626 642 auctoritatis
643 613 850 648 imlependeutis.
870 611 914 647 [P.
932 608 995 645 466]

202 672 283 699 quam
301 672 330 691 se
353 669 445 689 tenere
462 662 495 689 ad
511 665 662 687 extremum
679 660 746 686 velle
763 659 807 684 hic.
831 657 997 684 schismatici

202 715 349 738 testantur.
378 708 431 735 Sed
457 708 504 742 qui
532 715 564 733 ex
594 706 660 740 ipsis
686 708 731 731 aut
758 711 853 730 eorum
881 702 998 737 posteris

202 761 298 791 postea
325 754 513 788 resipuerunt.
538 759 597 779 eam
624 750 798 781 abdicarunt,
825 754 851 775 ut
881 747 997 782 professi

203 803 303 830 deinde
317 805 382 829 sunt
399 801 426 827 in
448 799 566 826 concilio
582 797 752 828 Florentino,
771 803 840 823 sess.
855 795 900 826 25,
916 793 998 827 p.516

203 849 247 876 ed.
265 847 330 882 Reg.
349 847 390 874 his
404 845 506 873 verbis:
519 844 586 879 Περὶ
596 844 645 879 τῆς
658 843 745 878 ἀρχῆς
757 842 804 868 τοῦ
818 842 920 868 πάππα
933 841 998 874 ὁμη-

203 894 339 928 λογοῦμεν
357 892 440 919 αὑτὸν
465 891 550 926 ἄκρον
566 889 698 926 ἀρχιερέα
721 888 769 914 καὶ
785 887 934 921 ἐπίτροπον
949 887 996 912 καὶ

202 939 395 974 τοποτηρητὴν
412 938 459 964 καὶ
475 937 600 972 βεκάριον
614 935 660 962 τοῦ
682 932 817 969 Χριστοῦ.
835 932 952 967 ποιμένα
967 939 997 957 τε

204 989 252 1014 καὶ
266 984 428 1012 διδάσκαλον
449 983 561 1009 πάντων
577 979 765 1016 Χριστιανῶν,
791 979 893 1005 ἰθύνειν
907 986 935 1003 τε
950 977 998 1004 καὶ

203 1031 341 1066 κυϐερνᾷν
352 1031 401 1064 τὴν
423 1028 590 1064 Ἐκκλησίαν
603 1027 651 1054 τοῦ
666 1026 750 1053 Θεοῦ.
772 1025 808 1052 De
822 1025 937 1058 primatu
951 1031 999 1058 pa—

203 1086 244 1112 pa
259 1077 413 1111 conﬁtentur
422 1075 506 1110 ipsum
516 1082 647 1101 summum
661 1072 810 1106 pontiﬁcem
824 1076 847 1096 et
862 1070 999 1103 dispensa-

205 1130 300 1154 torem.
318 1128 342 1150 et
360 1123 444 1149 locum
463 1125 594 1148 tenentem
609 1127 639 1146 ac
655 1118 783 1145 vicarium
816 1116 925 1145 Christi.
951 1123 999 1149 pa-

204 1175 355 1204 storemque
379 1173 404 1195 et
421 1167 554 1194 doctorem
566 1165 684 1191 omnium
708 1163 932 1192 Christianorum,
958 1167 999 1187 re-

205 1223 315 1251 gereque
330 1222 361 1241 ac
377 1213 524 1249 gubernare
545 1211 694 1238 Ecclesium
716 1209 777 1236 Dei.
802 1208 871 1236 Cum
888 1215 943 1243 quo
960 1209 1000 1242 ip-

205 1263 244 1289 sis
271 1260 436 1295 permissum
454 1263 505 1288 est,
533 1255 726 1283 dissimulante
754 1259 864 1290 propter
896 1254 997 1280 bonum

206 1307 284 1342 pacis
303 1305 434 1337 Ecclesia,
453 1307 483 1330 ut
501 1310 581 1329 suum
596 1300 931 1335 Constantinopolitanum
952 1306 999 1333 pa-

207 1352 355 1380 triarcham
371 1349 556 1377 Alexandrino
577 1351 776 1383 praeponerent,
800 1350 880 1381 prout
899 1345 997 1371 ibidem

210 1399 304 1426 statim
325 1397 439 1423 addunt:
457 1395 625 1429 Σωζομένων
639 1393 694 1420 τῶν
710 1392 867 1428 προνομίων
882 1391 928 1417 καὶ
944 1389 998 1415 τῶν

207 1444 319 1471 δικαίων
336 1441 391 1468 τῶν
418 1440 598 1475 πατριαρχῶν
615 1439 666 1472 τῆς
683 1438 844 1472 Ἅνατολῆς,
858 1436 903 1463 τὸν
921 1437 999 1462 Κων-

209 1483 456 1513 σταντινουπόὶεως
471 1481 598 1516 δεύτερον
623 1478 693 1506 εἶναι
723 1480 792 1514 μετὰ
807 1479 853 1504 τὸν
870 1478 997 1509 πάππαν,

207 1529 268 1557 εἷται
291 1529 337 1556 τὸν
362 1526 580 1561 Ἀλεξανδρείας,
607 1530 660 1552 etc.
683 1524 770 1552 Salvis
801 1523 946 1558 priuilegiis
974 1528 998 1550 et
1014 1535 1035 1563 ο

208 1575 312 1608 iuribus
335 1572 551 1608 patriarcharum
576 1570 704 1603 Orientis,
725 1575 754 1596 ut
781 1569 1002 1603 Constantinopo-

208 1624 307 1650 litanus
317 1621 446 1648 secitndua
457 1619 492 1646 sit
504 1627 520 1646 a
531 1627 611 1653 popa,
620 1619 713 1645 deinde
723 1618 933 1649 Alexandrinus,
946 1621 1000 1644 etc.

243 1668 308 1702 Pag.
322 1666 385 1694 568.
399 1665 555 1699 Conponunt
569 1669 592 1691 el
606 1663 745 1691 illiberalis
754 1664 835 1690 sortis
847 1662 1002 1689 homuncio-

208 1722 281 1741 num.
308 1712 410 1739 idiotas
435 1710 548 1738 Latinos
568 1715 595 1737 et
612 1717 668 1745 prae
690 1717 720 1737 se
746 1709 813 1736 viles
840 1709 1001 1743 supercilio—

208 1759 311 1787 sissimi
333 1763 360 1785 et
387 1757 459 1784 [astu
488 1757 562 1784 inani
592 1755 692 1790 turgidi
717 1755 885 1782 schismatici
917 1755 1000 1781 habe-

209 1806 287 1836 bant,
311 1805 427 1838 ideoque
452 1803 506 1830 illis
526 1803 650 1837 quamvis
675 1802 821 1828 manili-Sto
845 1801 907 1835 jure
925 1800 1001 1827 debi-

209 1858 264 1878 tatn
281 1850 477 1883 subjectionem
494 1853 602 1882 negant,
615 1848 732 1874 immane
745 1852 876 1882 quantum
898 1854 912 1872 a
922 1846 1001 1873 Chri-

210 1897 298 1924 stiana
310 1895 464 1922 humilitate
485 1894 675 1925 abhorrentes,
701 1901 762 1927 quae
787 1894 938 1927 piscatores
966 1891 1000 1918 ab

211 1943 291 1970 initio
308 1941 482 1977 philosophis
510 1939 637 1973 praetulit.
658 1939 710 1966 Sed
734 1939 815 1965 istam
845 1938 999 1972 superbiam

207 1989 283 2024 justa
294 1988 360 2015 ultio
377 1987 494 2020 excepit,
509 1990 538 2012 ut
549 1985 595 2020 qui
609 1985 708 2019 subjici
721 1984 881 2019 apostolicis
895 1984 998 2011 Christi

210 2035 324 2063 vicariis
347 2034 547 2060 contumaciter
572 2033 738 2066 spreverint,
759 2031 883 2066 tyrannis
900 2031 1000 2058 barba-

213 2081 252 2107 ris
280 2079 433 2106 miserrime
460 2084 533 2105 nunc
557 2077 688 2104 serviant.

245 2125 329 2161 666
341 2123 370 2151 P.
384 2123 448 2151 372.
462 2124 606 2150 Attentatte
621 2121 765 2149 additionis
788 2123 822 2149 ad
839 2121 998 2158 symbolum.

210 2171 373 2206 Magi-opere
388 2177 417 2197 se
428 2173 567 2196 ostentant
578 2169 603 2195 in
617 2169 667 2195 hac
677 2169 778 2202 passim
789 2168 903 2196 historia
913 2168 1000 2195 scitis-

212 2219 305 2245 matici
319 2217 406 2244 Graeci
421 2224 453 2243 ex
471 2217 522 2243 hoc
538 2216 609 2247 loco,
624 2215 714 2249 quasi,
731 2215 864 2250 quidquid
882 2215 916 2242 de
933 2215 999 2250 dog-

212 2269 284 2291 mate
312 2262 500 2298 processionis
525 2261 643 2295 Spiritus
669 2262 757 2289 sancti
781 2269 814 2288 ex
830 2261 909 2289 Patre
925 2262 998 2296 pari-

212 2316 253 2338 ter
279 2317 310 2336 ac
339 2309 408 2336 Filio
441 2313 590 2341 statuatur,
626 2308 719 2343 fugere
742 2307 832 2334 Latini
862 2311 1000 2342 nequeant

211 2357 279 2391 quiti
296 2357 392 2383 saltem
410 2354 572 2381 temeritatis
588 2354 739 2380 manifestae
754 2357 909 2385 teneantur,
927 2353 1000 2388 quod

213 2403 344 2437 Symbolo
363 2399 668 2434 Constantinopolitano
694 2406 788 2426 vocem
806 2397 928 2433 Filioque
946 2406 1001 2425 non

212 2449 396 2474 dubitaverint
415 2446 573 2480 adiungere.
595 2444 685 2477 Quare
700 2446 886 2472 necessarium
906 2445 1002 2472 existi-

213 2502 257 2520 mo
281 2493 482 2523 demonstrare,
509 2491 580 2526 quod
600 2492 673 2518 clare
695 2498 738 2518 me
755 2490 891 2518 facturum
907 2499 1001 2525 spero.

213 2540 315 2566 nullam
334 2540 360 2565 in
389 2540 440 2564 hoc
469 2538 652 2564 temeritatem
678 2537 776 2564 fuisse.
803 2537 842 2570 Id,
866 2538 893 2564 ni
910 2537 1000 2569 fallor,

213 2593 347 2619 assequar
378 2585 485 2611 duobus
519 2583 656 2617 capitibus
693 2583 854 2616 tractandis,
883 2591 1001 2618 quorum

212 2633 289 2667 prius
308 2631 448 2658 historiam
470 2633 497 2656 et
517 2629 629 2663 factum,
654 2629 767 2655 alterum
783 2629 830 2663 jus
854 2630 932 2664 lacti,
958 2638 1002 2657 ra-

214 2677 301 2704 tiones
322 2676 428 2704 scilict-t
455 2676 489 2702 ob
509 2682 578 2709 quas
606 2673 696 2701 Latini
727 2675 753 2701 id
773 2676 840 2702 citra
861 2676 942 2703 ullam
957 2677 1002 2711 ju-

212 2729 281 2752 stam
301 2722 539 2758 rcprehensionetn
560 2729 641 2756 agere
658 2726 818 2756 potuerunt,
833 2722 951 2751 dilucide
968 2731 1002 2751 ac

213 2770 332 2797 breviter
360 2771 488 2802 exponet.

248 2815 290 2850 μ».
318 2813 382 2850 M7]
400 2814 520 2841 llistoria
544 2812 604 2848 ejus
624 2813 772 2841 additionis
788 2815 828 2842 sic
854 2821 885 2843 se
910 2814 1000 2843 habet.

210 2859 281 2893 ,Cum
308 2862 409 2888 exortis
435 2865 496 2895 post
519 2861 619 2888 Ariaua
657 2865 780 2896 tempora
811 2863 888 2890 novis
916 2862 1002 2891 hatre-

1014 2199 1038 2228 D

671 148 705 180 P.
722 147 879 178 POSSlNI
900 129 1230 176 OBSERVATIONUM
1255 141 1330 173 LIB.
1351 141 1393 171 Ῑῐ.

1772 137 1847 170 ΗΞΒ

1045 201 1123 228 sibus
1139 199 1278 230 Eunomii,
1305 197 1457 225 Macedonii
1483 202 1510 224 et
1529 196 1644 223 aliorum
1663 195 1752 223 sancti
1781 195 1848 229 Spi-

1047 249 1117 274 ritus
1131 247 1302 274 divluitatem
1320 243 1551 279 oppugnantium,
1570 243 1648 277 quasi
1666 249 1698 269 ex
1717 249 1752 268 eo
1769 241 1846 275 quod

1046 294 1079 320 de
1094 291 1163 318 Filio
1183 292 1242 318 solo
1261 291 1363 317 diserte
1385 289 1483 316 fuisset
1502 289 1529 315 in
1551 295 1648 322 magna
1667 287 1778 321 synodo
1799 285 1846 312 Ni-

1046 346 1120 364 ΗΡΙιᾶ
1144 337 1289 364 detlnilum
1307 334 1574 362 consubstantialem
1591 340 1654 360 eum
1671 332 1747 359 Patri
1772 340 1847 363 esse,

1053 385 1086 410 de
1124 383 1230 417 Spiritu
1263 389 1360 408 sancto
1394 386 1567 415 sequeretur,
1608 379 1724 406 minime
1763 378 1843 404 illum

1047 438 1060 456 a
1079 429 1159 456 Patre
1179 428 1339 462 procedere,
1358 427 1526 454 celebratum
1547 429 1588 453 est
1609 425 1848 458 Constantinopo-

1046 475 1064 501 li
1095 475 1245 500 concilium
1284 473 1412 508 generale
1453 473 1617 504 seeuudum,
1654 471 1792 497 indictum
1831 477 1847 495 a

1047 521 1164 548 Damaso
1183 527 1262 555 papa,
1290 524 1470 546 convocatum
1500 526 1516 545 a
1544 517 1700 544 Theodosio
1727 515 1839 542 seniore

1045 567 1180 602 Augusto,
1201 567 1228 593 in
1257 566 1329 601 quod
1351 568 1539 592 convenerunt
1570 568 1679 591 centum
1698 563 1842 597 quinqua-

1047 614 1122 649 ginta
1135 613 1258 648 episcopi
1270 619 1342 639 anno
1356 611 1459 638 Christi
1472 610 1534 637 58L
1551 610 1589 637 Ibi
1599 609 1729 636 damnata
1745 607 1839 634 Pncu-

1049 659 1285 687 niatomachorum
1317 656 1498 692 blasphemia,
1526 656 1614 682 visum
1642 658 1684 682 est
1712 653 1845 680 Patribus

1047 705 1241 741 apponendum
1261 704 1362 738 aliquid
1379 703 1487 730 Ntczeno
1505 702 1640 737 symbolo,
1660 701 1732 735 quod
1762 701 1844 727 i5tam

1049 753 1180 786 deinceps
1209 751 1336 777 hmrcsim
1362 751 1521 784 perimeret.
1558 747 1620 773 ll.rc
1647 747 1732 780 igitur
1762 748 1845 771 vrri-xl

1049 799 1073 826 ei
1096 798 1224 832 adjuncta
1254 803 1321 824 tunc
1349 800 1425 823 sunt:
1461 795 1493 822 Et
1511 795 1537 821 in
1564 793 1691 826 Spiritum
1719 797 1844 818 sanctum

1050 846 1190 873 Dominum
1208 850 1230 871 et
1254 844 1440 878 vivificantem.
1455 842 1499 876 qui
1513 849 1544 867 ea:
1560 841 1642 867 Patre
1654 838 1786 873 prou‘dil,
1800 838 1845 870 qui

1049 901 1109 919 cum
1125 891 1206 918 Patre
1217 896 1240 918 et
1254 889 1325 916 Filio
1344 887 1424 916 simul
1439 887 1568 914 aduratur
1578 891 1601 912 et
1614 883 1843 918 tong‘ortﬁm'ur,

1049 938 1094 974 qui
1107 937 1210 964 locutus
1220 942 1256 963 est
1266 944 1311 970 per
1322 933 1472 969 prop/tetas.
1483 932 1556 958 Satis
1570 932 1621 957 hoc
1634 931 1720 956 \iﬂllll
1733 929 1765 954 ad
1779 937 1845 961 μηκ-

1049 990 1155 1012 sentem
1170 991 1262 1010 usum.
1276 982 1328 1008 Sed
1344 988 1406 1007 etim
1424 979 1547 1006 insanire
1561 977 1739 1003 nihilominus
1754 975 1844 1001 Eun-.-

1049 1030 1134 1058 miaui
1167 1032 1337 1064 pergerent,
1371 1027 1450 1060 sequi
1478 1033 1510 1052 ex
1533 1028 1636 1052 statuto
1664 1025 1794 1057 cogitante
1813 1022 1844 1047 ﬁ-

1049 1079 1114 1105 lium
1131 1077 1194 1104 Filii
1208 1075 1342 1111 Spiritum
1357 1073 1438 1109 667
1453 1077 1577 1100 sanctum
1592 1079 1652 1098 esse
1665 1070 1843 1103 cavillantes;

1049 1124 1123 1160 quod
1140 1127 1230 1150 autem
1255 1122 1322 1149 satis
1353 1124 1495 1147 constaret
1528 1119 1638 1144 unicum
1675 1125 1738 1143 esse
1778 1123 1844 1142 cnn-

1050 1168 1262 1198 substantialem
1288 1167 1365 1194 Patri
1394 1166 1504 1196 Filium,
1539 1164 1670 1198 Spiritum
1704 1167 1842 1191 sanctum,

1050 1215 1096 1250 qui
1114 1214 1175 1241 Filii
1203 1213 1274 1240 lilius
1298 1216 1382 1245 esset,
1417 1219 1431 1238 a
1450 1209 1601 1237 divinitatis
1631 1208 1842 1243 participatione

1055 1259 1253 1287 removendum
1270 1261 1298 1285 et
1315 1258 1348 1284 ad
1369 1262 1559 1284 creaturarum
1584 1255 1699 1281 classem
1730 1255 1844 1280 submo-

1049 1306 1169 1333 vendum
1186 1305 1301 1331 omnino
1327 1310 1399 1331 esse:
1430 1303 1542 1337 quidam
1565 1306 1593 1327 ut
1621 1300 1664 1328 isti
1691 1306 1841 1334 argumen-

1050 1351 1148 1378 tationi
1182 1353 1373 1381 occurrerent,
1400 1356 1500 1384 negare
1532 1350 1676 1381 cmpcruut
1708 1345 1841 1379 Spiritum

1051 1406 1066 1424 a
1096 1396 1166 1424 Filio
1192 1396 1352 1429 procedere,
1371 1395 1422 1428 sic,
1440 1399 1469 1421 ut
1486 1394 1554 1428 ipsis
1582 1393 1739 1423 videbatur,
1765 1391 1843 1425 plau-

1051 1444 1159 1471 sibilius
1180 1441 1308 1476 rejecturi
1329 1441 1530 1468 Eunomianum
1558 1439 1712 1473 sophisma,
1742 1437 1842 1463 recita-

1051 1494 1108 1516 tum
1135 1497 1150 1516 a
1166 1493 1261 1516 Sancto
1292 1487 1390 1515 Basilio
1419 1487 1444 1513 in
1462 1493 1544 1520 opere
1566 1489 1662 1512 contra
1677 1483 1840 1510 Eunomium

1053 1536 1095 1562 his
1129 1534 1219 1561 verbis
1237 1542 1244 1560 :
1261 1532 1342 1559 nam
1375 1532 1481 1566 λέγεις·
1499 1531 1529 1558 Ει
1557 1530 1624 1556 Θεθῦ
1648 1529 1699 1564 μὲν
1730 1528 1841 1554 εἰκὼ-λὺ

1052 1581 1127 1613 Υἱὸς,
1144 1580 1210 1607 me
1232 1580 1261 1606 δὲ
1277 1579 1307 1605 τὸ
1334 1579 1454 1612 Πνεῦμα,
1470 1579 1517 1604 καὶ
1541 1578 1565 1604 εἰ
1591 1575 1659 1603 Θεοῦ
1689 1576 1740 1609 μὲν
1757 1575 1841 1608 Λόγος

1051 1628 1066 1653 ὀ
1085 1626 1285 1661 1¹ἱὺς,ρἧαδὲ
1309 1625 1372 1651 Υἱοῦ
1392 1625 1422 1651 τὸ
1446 1623 1568 1658 Πνεῦμα,
1589 1623 1632 1649 διὰ
1658 1623 1685 1649 τί
1719 1624 1758 1656 μὴ
1787 1622 1840 1652 tuo;

1052 1673 1118 1699 Υἱοῦ
1145 1673 1175 1698 τδ
1201 1672 1315 1706 Πνεῦμα
1327 1671 1446 1706 sip-qut;
1473 1671 1562 1704 τούτῳ
1589 1669 1644 1704 γὰρ
1672 1669 1841 1702 ἰσχυίοτᾱιτῳ

1053 1719 1121 1754 πρὸς
1142 1719 1271 1745 ἀσέϐειαν
1301 1719 1418 1753 ἐχρήσω.
1448 1717 1484 1743 Ἢ
1514 1717 1568 1751 γὰρ
1600 1715 1658 1742 υἱὸν
1691 1715 1709 1749 ἢ
1740 1714 1840 1747 κτίτμα

1052 1765 1172 1796 κελεύεις
1193 1766 1274 1797 νοεῖν,
1305 1765 1350 1790 καὶ
1380 1764 1421 1789 ὃτι
1454 1763 1492 1798 μὴ
1519 1763 1576 1794 υἱὸς
1597 1762 1769 1796 ὡνόμαδται,
1797 1761 1839 1787 ca

1051 1811 1130 1838 τοῦτο
1148 1810 1250 1845 κτίσμα
1274 1808 1344 1836 εἶναι
1373 1809 1554 1844 βλασφημεῖς.
1581 1807 1681 1835 Verum
1711 1809 1841 1834 adversus

1053 1857 1125 1884 hanc
1156 1856 1390 1891 imperitisnimatn
1416 1855 1622 1888 responsionem
1645 1854 1840 1886 reclatnarunt,

1052 1904 1203 1938 prasertim
1221 1903 1249 1929 in
1266 1902 1426 1933 Occidente,
1440 1901 1587 1932 Catholici,
1603 1905 1754 1934 utrumque
1767 1900 1839 1935 justi

1051 1949 1235 1976 nrthodoxum
1260 1955 1392 1975 canonem
1417 1955 1450 1975 ex
1469 1955 1546 1982 teque
1568 1946 1752 1981 proﬁtendum
1773 1946 1842 1973 adir-

1052 1999 1167 2027 mantcs,
1188 1999 1215 2021 et
1232 1994 1382 2029 procedere
1402 1998 1527 2021 sanctum
1552 1993 1687 2028 Spiritum
1709 2000 1742 2020 ex
1766 1993 1842 2020 Patre

1056 2041 1138 2068 Slllllll
1154 2044 1181 2066 ct
1193 2039 1273 2072 Filio,
1296 2044 1323 2066 et
1352 2044 1443 2066 tanien
1459 2046 1522 2066 eum
1539 2047 1589 2066 nec
1604 2039 1693 2066 Patris
1715 2047 1767 2067 nec
1783 2038 1840 2066 Filzi

1051 2087 1135 2113 tilium
1157 2094 1227 2113 esse.
1252 2086 1292 2112 Ac
1306 2085 1548 2120 perseverantibus
1561 2085 1663 2112 Grarcis
1677 2085 1840 2119 quibusdam

1051 2133 1077 2160 in
1100 2132 1224 2167 negando
1244 2136 1371 2159 sanctutn
1393 2132 1524 2165 Spiritum
1552 2138 1567 2158 a
1587 2130 1658 2158 Filio
1681 2130 1840 2165 procedere,

1051 2184 1078 2205 et
1106 2179 1132 2205 in
1160 2179 1202 2205 sui
1219 2178 1322 2205 erroris
1341 2177 1578 2204 confirmationem
1599 2177 1756 2212 symbolum
1774 2177 1843 2204 Cou-

1054 2224 1330 2259 stantinopolitanum
1349 2223 1531 2258 rapientibus,
1559 2223 1587 2250 in
1607 2230 1662 2257 quo
1686 2223 1778 2250 solum
1804 2222 1843 2250 di-

1053 2275 1161 2296 ceretur
1191 2269 1326 2303 Spiritum
1352 2276 1386 2296 ex
1413 2268 1494 2295 Patre
1528 2269 1688 2303 procedere,
1722 2269 1842 2304 theologi

1053 2314 1154 2350 passim
1170 2314 1324 2346 orthodoxi,
1345 2315 1493 2349 praesertim
1511 2313 1602 2341 Romae
1618 2323 1650 2342 ac
1667 2323 1716 2350 per
1733 2317 1843 2350 provin-

1052 2363 1109 2388 cias
1127 2361 1214 2388 Latini
1233 2362 1311 2393 ritus,
1330 2361 1556 2387 contestabautur
1575 2361 1611 2387 ita
1635 2361 1687 2387 dici
1716 2361 1744 2388 in
1773 2361 1843 2389 Con-

1051 2407 1296 2441 stantinopolitano
1315 2405 1444 2441 Symbolo
1464 2405 1595 2440 Spiritum
1613 2413 1628 2432 a
1642 2406 1723 2433 Patre
1747 2414 1843 2440 prece-

1052 2453 1127 2485 dere,
1143 2458 1172 2479 ut
1195 2461 1247 2479 non
1271 2452 1432 2479 excludatur
1452 2451 1622 2479 consortium
1643 2451 1714 2483 Filii,
1731 2454 1776 2479 cui
1792 2437 1847 2479 Ρει-ἶ

1053 2503 1094 2526 ter
1117 2498 1210 2526 omnia
1233 2506 1283 2525 sua
1304 2499 1488 2525 communicet
1513 2503 1611 2532 prater
1635 2505 1695 2525 esse
1719 2497 1839 2529 Patrem,

1053 2551 1085 2571 ac
1100 2547 1300 2578 consequenter
1317 2544 1495 2578 spiratiouem
1517 2551 1626 2579 quoque
1639 2546 1756 2571 activam
1774 2544 1845 2572 con;

1053 2589 1135 2622 ferat,
1163 2597 1216 2624 qua
1244 2590 1290 2616 ille
1313 2591 1358 2616 liat
1385 2598 1477 2617 secum
1501 2598 1584 2617 unum
1610 2591 1729 2625 Spiritus
1754 2592 1839 2618 sancti

1053 2636 1232 2671 principium;
1249 2644 1333 2670 quare
1345 2644 1407 2664 cum
1419 2641 1530 2664 sanctus
1546 2637 1666 2671 Spiritus
1675 2645 1689 2663 a
1698 2637 1778 2664 Patre
1789 2647 1838 2664 non

1053 2681 1312 2716 quomodocunque,
1326 2683 1372 2709 sed
1388 2689 1436 2716 per
1448 2680 1560 2714 Filium,
1574 2686 1604 2708 ut
1619 2681 1715 2709 Patres
1728 2681 1840 2718 quidam!

1054 2727 1140 2755 Graeci
1172 2726 1359 2761 loquerentur,
1377 2729 1517 2761 procedat,
1533 2735 1598 2755 vere
1625 2733 1652 2755 et
1680 2729 1714 2755 ad
1746 2736 1838 2756 aucto-

1054 2781 1115 2800 rum
1136 2780 1249 2799 sensum
1265 2773 1394 2807 explicari
1411 2772 1744 2808 Constantinopolitanum
1765 2776 1841 2811 Sym-

1054 2819 1158 2849 bolum,
1197 2825 1252 2853 quo
1287 2819 1347 2846 loco
1367 2819 1406 2846 ait
1423 2819 1553 2854 Spiritum
1581 2825 1705 2848 sanctum
1725 2828 1740 2848 a
1764 2820 1841 2849 Patre

1055 2865 1215 2899 procedere,
1236 2863 1411 2900 adiungendo
1431 2873 1493 2893 eum
1518 2873 1533 2894 a
1555 2865 1624 2895 Filio
1652 2875 1763 2903 quoque
1778 2875 1840 2903 pro-
