1931 3069
186 129 255 162 ’1131

646 129 677 158 Ρ.
700 127 853 158 POSSINI
873 124 1198 156 OBSERVATIONUM
1221 125 1295 155 LIB.
1317 125 1359 155 Il.

1757 124 1828 156 1232

189 196 223 223 pa
240 186 373 222 reposuit:
393 185 434 212 Ita
457 185 549 220 procul
568 185 647 212 dubia
663 194 678 212 a
696 190 786 212 nostra
802 190 877 220 parte
894 185 982 211 decer-
997 184 1019 211 A
1034 181 1140 217 dejecto
1169 190 1201 209 ex
1231 190 1261 210 ea
1285 187 1312 210 et
1332 183 1445 210 detruso
1463 182 1489 209 in
1513 190 1650 210 carcerem
1671 184 1762 211 Leone
1786 185 1826 215 Υ,

186 232 272 264 nitur;
297 232 335 258 ita
357 239 458 266 quoque
488 236 516 257 ut
539 239 555 258 a
578 235 663 258 vestra
693 232 867 263 auentiatur,
895 238 911 256 ιι
938 238 983 256 ηο-

188 278 229 305 bis
249 277 398 304 omninodis
422 277 558 304 suadetur.
579 276 641 303 Hace
656 284 689 304 ex
705 277 776 304 actis
789 277 862 304 illius
886 275 984 311 Aquis-

189 324 334 359 granensis
353 323 474 355 concilii,
496 331 510 350 a
535 323 693 354 Sirmondo,
723 327 789 349 tom.
805 322 825 348 ll
846 322 984 349 Concilio-

189 378 251 397 rum
265 370 361 397 Gallia:
377 369 469 401 editis,
487 369 695 404 descripsimus.
716 369 745 396 In
761 369 867 403 quibus
883 369 979 396 obser-

189 418 249 446 vari
271 425 361 453 operte
379 418 497 452 pretium
516 418 563 449 sit,
582 418 709 452 usurpari
727 417 837 452 quidem
855 417 908 452 jam
927 421 982 444 tum

190 465 219 492 in
239 465 326 491 Gallia
353 468 474 499 eti-plum
505 468 536 491 ut
565 463 725 498 Symbolum
754 471 815 490 eum
844 463 983 490 additiouc

189 510 317 538 vocabuli
345 509 468 544 Filioque
483 510 509 536 in
526 510 651 538 ecclesiis
671 509 742 536 inter
766 517 843 536 sacra
867 517 982 537 canere-

189 561 248 583 tur.
275 556 302 583 [sl
330 557 402 583 enim
431 556 551 582 innuunt
580 556 624 582 illa
656 555 738 583 verba
759 555 921 590 legatorum:
952 554 984 582 Si

189 604 268 630 sciret
290 604 437 637 paternitas
464 608 509 629 tua
528 609 628 638 quanta
656 608 716 629 sunt
743 603 821 629 hodie
845 602 929 628 millia
955 602 983 628 id

189 649 330 676 scientium
355 650 417 682 quia
435 654 571 676 cantatur.
588 648 641 675 Sed
667 648 740 675 hunc
766 656 871 675 morem
891 657 905 675 a
923 648 982 676 Ro-

190 701 272 721 mano
303 695 433 728 pontiﬁce
454 694 573 720 nondum
600 698 666 721 tunc
694 693 778 722 luisse
802 695 983 729 approbatum

191 741 244 774 ipsi
262 741 309 775 qui
340 740 511 774 usurpabant
535 745 645 772 norant,
669 740 732 767 dum
761 741 820 774 ejus
847 740 983 775 approba.

188 787 291 814 tionem
321 791 419 822 petunt
441 787 474 814 Et
501 787 610 822 quidem
640 787 684 815 hic
709 786 832 823 pontifex
864 787 920 814 Leo
950 786 983 813 111

189 833 257 860 adeo
274 833 324 860 fuit
343 833 369 860 in
390 834 441 860 hoc
466 833 610 868 proposito
628 833 709 867 ﬁxus,
736 838 775 865 ut,
795 834 868 867 quod
884 833 982 860 Petrus

189 878 361 906 Lombardus
378 879 395 906 Ι.
415 887 421 905 1
441 878 651 912 Sententiarum,
686 879 750 906 dist.
787 879 817 905 il
853 883 979 912 testatur,

188 924 387 957 transcriptum
417 924 539 960 Symboli
576 924 635 951 sine
667 924 808 952 additione
848 924 982 959 Filioque,

188 969 271 1004 quale
292 970 422 996 nimirum
451 970 477 996 in
501 970 583 997 missa
605 970 711 997 cantari
735 970 847 997 omnino
864 971 982 1002 volebat,

188 1016 333 1051 reliquerit
361 1015 388 1043 in
421 1015 515 1043 tabula
550 1020 680 1051 argentea
707 1021 769 1050 post
797 1017 882 1044 altare
911 1017 983 1045 beati

188 1059 278 1087 Pauli.

225 1108 391 1135 Perventum
419 1111 511 1134 tamen
537 1107 686 1142 aliquando
704 1107 737 1135 ad
762 1108 844 1136 istum
870 1109 982 1136 tertium

189 1161 355 1188 progressus
390 1153 418 1180 in
444 1153 594 1180 additionis
619 1154 730 1188 negotio
756 1154 871 1187 gradum
899 1155 984 1182 fuisse

188 1199 366 1228 manifestum
384 1203 436 1232 est,
463 1203 494 1226 ut
520 1200 663 1232 nimirum,
677 1200 760 1235 67o
782 1200 864 1227 etiam
883 1208 984 1235 appro-

190 1250 272 1276 bante
298 1247 428 1283 pontiﬁce
453 1247 589 1282 Romano,
621 1247 782 1283 Symbolum
810 1256 872 1275 cum
907 1248 985 1275 addi-

190 1299 312 1322 tamento
343 1294 464 1329 Filioque
491 1294 563 1321 inter
594 1301 671 1321 saera
696 1298 852 1322 caneretur.
881 1293 903 1321 A
929 1301 984 1329 quo

189 1345 282 1368 autem
306 1340 332 1368 id
363 1342 481 1375 primum
507 1339 636 1374 pontiﬁce
667 1339 749 1367 fuerit
765 1340 924 1371 admissum,
943 1340 984 1367 in-

189 1391 296 1414 certum
328 1390 381 1413 est.
410 1386 552 1413 Nicolaum
568 1390 595 1412 et
616 1385 767 1412 Adrianum
793 1386 905 1420 quidam
935 1393 984 1413 no-

189 1433 308 1460 minant.
327 1431 380 1460 Sed
406 1432 530 1459 Andreas
552 1431 676 1458 Rhodius
691 1439 801 1459 causam
823 1432 983 1460 Latinorum

190 1485 274 1514 agens
299 1478 328 1505 in
353 1477 472 1504 concilio
504 1477 662 1505 Florentino
688 1477 722 1504 de
751 1483 868 1512 utroque
891 1484 981 1514 negat,

1035 236 1151 263 eamque
1181 237 1229 263 per
1255 237 1302 255 sex
1331 235 1439 256 menses
1469 229 1566 258 tenuit.
1599 229 1664 256 Pust
1682 237 1752 263 quos
1780 238 1827 256 cr-

1035 275 1115 310 pulso
1137 279 1164 301 et
1192 276 1219 301 in
1246 274 1354 301 vincula
1380 275 1504 308 conjecto
1535 274 1735 310 Christophoro
1763 274 1827 303 Ser—

1035 320 1096 354 gius
1122 319 1155 346 111
1181 319 1279 346 iterum
1311 319 1490 354 apostolicum
1514 319 1643 346 th'ronum
1667 321 1780 351 insedit.
1797 320 1826 347 in

1035 373 1124 400 eoque
1144 366 1265 400 perstitit
1287 374 1374 400 usque
1397 365 1432 393 ad
1453 370 1567 393 mortem
1583 374 1670 398 suam,
1687 375 1747 401 qua:
1761 375 1827 394 con-

1036 411 1095 446 tigit
1121 412 1239 440 triennio
1264 418 1335 444 post,
1366 419 1440 439 anno
1465 412 1567 439 Christi
1598 412 1661 439 910.
1683 413 1748 440 1111ιὶ
1771 421 1825 440 ιιοιι

1035 457 1144 489 videtur
1168 457 1349 484 iuverisimile
1372 457 1510 484 Andream
1537 458 1673 485 Rhodium
1700 458 1823 485 Graecum

1035 503 1175 530 hominem
1196 503 1318 538 ejusdem
1340 504 1418 531 istius
1441 504 1527 531 Gr:eci
1549 505 1748 534 commentarii.
1779 513 1826 531 eu—

1031 550 1078 584 jus
1104 549 1244 584 exemplar
1271 549 1368 577 habuit
1391 550 1535 582 Barnnius.
1562 552 1686 578 notitiam
1715 551 1826 578 habuis.

1035 603 1075 628 se;
1100 597 1225 631 adeoque
1249 603 1398 623 memorem
1417 597 1485 632 quid
1506 597 1544 624 ibi
1569 598 1690 632 legisset,
1707 606 1738 624 ea
1765 606 1826 633 qua:

1035 641 1232 675 deseripsimus
1257 641 1285 668 in
1304 642 1422 669 concilio
1447 642 1548 670 dixisse.
1565 662 1572 674 ,
1591 643 1757 670 abstinuisse
1777 650 1826 669 au-

1036 691 1088 714 tem
1106 695 1121 714 a
1137 688 1277 716 rnentioue
1295 688 1459 715 distinctiori
1473 696 1547 723 papae
1562 688 1764 722 Christophori,
1783 687 1826 714 vel

1034 733 1107 767 quod
1125 737 1233 768 putaret
1250 734 1413 768 scriptorem
1435 734 1512 760 illum
1537 733 1662 761 Gnaeum
1688 734 1714 760 in
1731 741 1765 760 eo
1784 741 1828 761 er-

1034 787 1121 812 rasse,
1132 779 1327 807 confundendo
1337 788 1399 807 eum
1411 787 1473 807 eum
1486 788 1535 807 suo
1547 788 1706 807 successore
1721 785 1768 807 aut
1781 788 1828 814 ρο-

1035 825 1090 852 tius
1102 826 1248 860 expulsare
1262 825 1368 861 Sergio;
1383 826 1423 853 vel
1441 827 1514 860 quod
1540 828 1682 860 utriusque
1711 827 1826 854 ist->rum

999 860 1019 888 Β
1035 875 1088 898 tam
1112 871 1250 898 maculosa
1276 874 1341 905 vita.
1367 877 1422 900 tam
1444 872 1516 899 tanta
1538 874 1671 899 memoria
1693 877 1778 903 esset.
1797 877 1826 899 ut

1034 916 1061 943 in
1085 924 1215 944 consessu
1232 922 1286 945 tam
1301 915 1396 953 'gravi,
1423 919 1466 945 cui
1491 919 1641 952 praesertim
1659 919 1827 946 interessent

1034 963 1111 990 multi
1137 971 1233 998 parum
1251 965 1322 997 arqui
1344 965 1474 992 Romana;
1493 965 1634 997 Ecclesiae,
1658 966 1703 992 illa
1732 966 1826 993 infeli-

1032 1008 1208 1036 cissimorum
1228 1010 1289 1044 ejus
1313 1015 1466 1045 temporum
1492 1011 1593 1045 probra
1617 1011 1751 1045 relrirare
1769 1019 1826 1039 rne-

1034 1055 1169 1083 morando
1194 1064 1249 1083 non
1268 1056 1383 1084 duceret
1405 1063 1601 1092 opportunum.
1621 1058 1728 1085 Recitat
1755 1059 1826 1086 idem

1033 1102 1167 1130 Baronius
1192 1102 1226 1130 ad
1252 1111 1355 1137 annum
1381 1104 1483 1132 Christi
1511 1105 1752 1140 nongentesimum
1779 1113 1824 1132 no-

1035 1156 1110 1180 num,
1131 1150 1177 1183 qui
1201 1149 1255 1176 fuit
1275 1150 1414 1178 secundus
1429 1150 1516 1186 Sergii
1542 1152 1586 1184 Ill,
1611 1152 1759 1179 concilium
1784 1159 1823 1178 cc-

1033 1195 1171 1222 lebratum
1199 1196 1226 1223 in
1248 1204 1317 1231 pago
1335 1197 1393 1224 sive
1417 1198 1558 1232 provincia
1575 1197 1783 1229 Suessionensi.
1799 1197 1825 1224 in

1034 1242 1094 1269 loco
1119 1242 1243 1270 Trosleio
1271 1243 1356 1274 dicto,
1379 1244 1544 1278 praesidente
1568 1244 1674 1272 Herveo
1691 1244 1829 1279 archiepi-

1034 1295 1118 1322 scopo
1148 1288 1310 1320 Bhemensi,
1328 1288 1408 1324 671
1444 1298 1528 1322 anno,
1545 1295 1574 1318 ut
1600 1291 1639 1318 ibi
1674 1290 1700 1318 in
1734 1291 1825 1318 fronte

1034 1334 1187 1365 scribitur.
1209 1333 1355 1362 Dominicaz
1390 1337 1582 1363 incarnationis
1628 1339 1826 1372 nongentaimo

1033 1387 1112 1411 nouo,
1144 1379 1285 1407 indictione
1320 1381 1487 1414 duodecima,
1521 1382 1552 1418 [P
1569 1382 1631 1418 ΠΟ]
1678 1389 1751 1410 sexto
1769 1383 1827 1410 Ka-

1036 1425 1128 1465 lendas
1154 1427 1250 1454 mensis
1267 1427 1344 1454 Julii.
1364 1428 1392 1455 ln
1410 1436 1465 1463 quo
1486 1429 1634 1464 praesidens
1653 1430 1760 1466 synodo
1783 1439 1827 1457 ar—

1036 1472 1230 1508 chiepiscopus
1255 1478 1317 1508 post
1346 1475 1432 1502 multa
1461 1483 1522 1508 qum
1552 1477 1682 1510 proponit
1709 1477 1761 1504 alia
1789 1477 1825 1504 ibi

189 1525 320 1560 quoniam
342 1528 470 1551 neutrum
491 1531 524 1551 eo
540 1523 652 1551 nomine
667 1524 780 1551 Photius
798 1526 980 1558 accusaverit,
996 1534 1017 1562 ο
1037 1519 1191 1550 tractanda.
1222 1519 1274 1548 hoc
1300 1528 1411 1556 quoque
1439 1521 1473 1549 de
1499 1523 1687 1550 controversia
1713 1531 1826 1558 proces-

189 1571 351 1606 neutiquam
365 1570 399 1598 dc
417 1571 464 1597 tali
477 1578 516 1604 re,
527 1570 548 1598 si
566 1575 639 1597 esset
654 1578 730 1604 vera,
745 1572 890 1599 taciturus.
901 1573 985 1600 Addit

189 1617 265 1644 idem
287 1617 420 1650 Andreas,
449 1624 528 1645 conc.
559 1617 632 1645 Flor.
660 1625 728 1645 sess.
755 1618 782 1649 7,
807 1626 834 1653 p.
864 1618 914 1645 l22
938 1619 982 1647 ed.

189 1665 284 1699 Reg.:
309 1664 341 1690 'H
382 1663 525 1698 Ῥωμαῖκὴ
557 1663 706 1698 Ἐκκλησία
731 1664 893 1699 ἠναγκάσθη
924 1665 985 1699 βλέ-

189 1719 279 1736 πουσα
304 1709 349 1736 τὸν
376 1709 552 1744 ἐπικείμενον
577 1707 665 1743 μέγαν
690 1708 824 1735 κίνδυνον·
853 1709 985 1744 ἐφάλλετο

189 1755 245 1791 γὰρ
273 1755 323 1791 ἤδη
348 1755 378 1781 ὲν
397 1756 457 1785 ταῖς
481 1754 610 1785 Palliai;
629 1754 675 1780 καὶ
707 1754 870 1785 Ἱσπανίαις.
902 1755 983 1781 Ὤπε

189 1803 289 1838 ἤρεσεν
316 1801 414 1835 ἐκείνῳ
431 1801 470 1835 τῷ
487 1800 564 1836 ἄκρῳ
590 1801 726 1836 ἀρχιερεῖ,
744 1801 813 1836 μετὰ
838 1801 982 1836 συνεδρίου

190 1847 297 1874 πολλῶν
326 1846 456 1882 Ιῐατέρων
487 1846 603 1872 δυτικὼν
628 1846 682 1872 τῶν
709 1846 858 1880 γεγονότων
882 1847 913 1873 οὗ
942 1855 986 1881 μι-

190 1893 258 1927 κροῦ
273 1890 430 1925 ἀξιώματος
447 1890 463 1925 ἢ
484 1890 576 1923 ὀλίγου
591 1889 720 1924 ἀριθμοῦ,
741 1889 894 1923 ἀναπτύξαι
914 1890 986 1917 ἐκεῖ-

190 1939 249 1966 νοὸ
277 1939 405 1972 λέγομεν,
432 1936 479 1963 καὶ
501 1936 538 1968 ὡς
564 1936 593 1962 ὲν
613 1935 654 1971 τῷ
678 1935 812 1970 Συμῦόλῳ
835 1935 983 1970 ψάλλομενν

191 1983 292 2012 Coacta
306 1986 343 2010 est
366 1981 484 2009 Ecclesia
501 1980 622 2008 Romana
642 1980 797 2015 (admittere
822 1986 853 2009 ut
872 1989 985 2009 canere-

191 2034 238 2056 tur
255 2028 414 2064 Symbolum
432 2033 494 2054 cum
519 2025 659 2053 additione
683 2024 820 2062 Filioque)
838 2034 896 2053 cum
924 2036 984 2055 ma-

190 2083 272 2111 gnum
298 2075 395 2102 rideret
416 2073 568 2108 impendere
589 2071 736 2106 periculum
752 2073 830 2108 :jarn
851 2075 922 2101 enim
940 2083 985 2102 ca-

192 2122 305 2149 uebatur
331 2121 359 2147 in
379 2119 472 2148 Galliis
489 2123 512 2146 et
526 2119 674 2153 Hispaniis.
688 2118 776 2151 Quare
797 2119 896 2154 placuit
911 2128 985 2147 sum-

191 2176 233 2194 mo
265 2166 306 2193 illi
341 2165 470 2201 pontifici,
504 2173 562 2191 eum
590 2164 735 2191 multorum
770 2164 983 2193 Occidentalium

190 2213 305 2240 Patrum
335 2220 466 2245 consessu,
494 2211 540 2246 qui
570 2219 616 2238 nee
654 2211 785 2246 dignitate
812 2216 902 2240 tenues
936 2221 982 2240 net:

191 2260 285 2287 modici
311 2263 387 2286 erant
413 2265 534 2288 numero,
558 2257 627 2284 illud
654 2257 786 2291 explicare
815 2259 884 2293 quod
915 2259 983 2286 dici-

192 2313 259 2338 mus,
278 2309 301 2331 et
330 2305 398 2330 sicut
419 2303 448 2329 in
471 2302 593 2338 Symltolo
621 2303 752 2330 canimus.
781 2303 837 2331 Hoc
863 2308 915 2337 est,
937 2304 984 2332 de-

191 2358 304 2378 cernere
332 2354 362 2376 ut
390 2349 522 2382 deinceps
549 2355 601 2374 vox
632 2347 756 2383 Filioque
789 2348 919 2384 Symbolo
955 2350 982 2377 in

191 2397 309 2425 ecclesia
334 2398 444 2422 cantato
470 2393 631 2421 adderetur.
656 2392 722 2426 Quis
740 2393 826 2420 fuerit
843 2393 894 2421 iste
910 2402 984 2422 sum-

192 2453 253 2471 mus
280 2442 403 2478 pontifex
428 2449 483 2468 non
509 2440 646 2467 indicatus
674 2440 719 2467 hic
742 2440 915 2474 nominatim,
937 2441 984 2468 ad-

191 2491 246 2518 huc
264 2487 484 2523 investigandum
511 2490 649 2520 superest.
675 2486 808 2513 Baronius
823 2486 855 2513 ad
880 2494 982 2514 annum

189 2537 293 2564 Christi
324 2536 376 2562 885
396 2535 442 2569 (p.
461 2533 512 2561 596
539 2533 583 2559 ed.
612 2532 691 2560 Rom.
712 2533 775 2559 anni
793 2533 878 2567 1602)
899 2533 983 2561 refert

142 2599 145 2601 -
191 2582 219 2609 in
241 2589 291 2608 sua
312 2579 478 2607 bibliotheca
496 2577 672 2605 Vallicellaua
696 2578 830 2604 asservari
855 2578 982 2605 volumen

189 2627 334 2662 antiquum
360 2625 447 2652 Graeci
476 2623 596 2651 auctoris
616 2623 758 2658 auonymi.
779 2623 825 2663 qui
851 2623 981 2650 distincte

188 2673 307 2701 allirmat
326 2671 493 2698 additionem
514 2670 588 2696 vocis
616 2669 739 2704 Filioque
768 2669 800 2695 ad
823 2668 981 2704 Symbolum

189 2719 263 2755 quod
284 2718 394 2746 canitur
421 2717 448 2743 in
469 2716 596 2748 ecclesia,
632 2715 752 2751 primum
780 2715 928 2742 admissam
956 2720 983 2742 et

191 2761 329 2793 tleeretam
357 2771 371 2790 a
398 2762 597 2796 Christophoro
631 2769 711 2796 papa.

226 2811 275 2838 llic
290 2809 516 2842 Christophorus,
542 2812 573 2834 ut
597 2808 669 2834 idem
696 2808 827 2835 Buronius
846 2807 909 2835 alibi
935 2808 983 2834 tl!)—

190 2860 246 2888 cet,
271 2857 420 2884 Romanam
449 2854 540 2880 sedem
567 2854 664 2881 invasit
696 2862 767 2882 anno
796 2855 895 2883 Christi
918 2855 979 2887 907,

1036 1564 1122 1592 sionis
1147 1565 1266 1600 Spit-itus
1289 1567 1376 1594 sancti
1397 1572 1541 1599 memorat,
1561 1568 1604 1596 his
1620 1568 1723 1597 verbis:
1754 1569 1827 1596 Sane

1036 1611 1100 1645 quia
1130 1612 1244 1638 innotuit
1271 1612 1344 1639 nobis
1368 1617 1462 1639 sancta
1483 1613 1557 1640 sedes
1574 1614 1718 1648 apostolica
1740 1615 1826 1641 adhuc

1037 1665 1140 1685 errores
1165 1663 1191 1685 et
1221 1659 1397 1693 “asp/tentias
1417 1661 1555 1695 cujusdam
1580 1661 1666 1695 vigere
1690 1661 1778 1688 Phot‘i
1800 1662 1837 1688 iu-

1036 1705 1155 1739 partibus
1179 1705 1304 1737 Orientis,
1325 1706 1351 1732 in
1368 1705 1497 1741 Spiritum
1522 1713 1653 1739 sanetum,
1679 1709 1750 1743 quod
1774 1717 1826 1736 non

1037 1759 1054 1777 a
1075 1751 1154 1783 Filio,
1181 1752 1232 1778 nisi
1259 1755 1365 1778 tantum
1391 1759 1423 1779 ex
1443 1752 1525 1779 Patre
1543 1754 1679 1788 procedat,
1704 1755 1826 1790 blasphe-

1036 1798 1144 1830 mantis,
1175 1799 1316 1825 hortamur
1345 1804 1459 1826 vestram
1481 1799 1678 1834 fraternitatem
1706 1805 1735 1828 ut
1773 1810 1827 1829 una

1037 1851 1148 1875 mecum,
1170 1844 1314 1871 secundant
1340 1845 1548 1872 admonitionem
1570 1845 1670 1872 domini
1697 1845 1827 1874 Romana.-

1035 1888 1105 1915 sedis
1128 1889 1258 1922 pra'sidit,
1281 1890 1380 1925 singuli
1404 1895 1523 1918 nostrum
1547 1892 1688 1927 perspectis
1714 1893 1827 1921 Patrum

1035 1934 1226 1962 catholicorum
1241 1937 1389 1968 sententiis,
1410 1937 1441 1963 de
1463 1937 1558 1964 divinw
1572 1937 1719 1972 Scriptura:
1733 1941 1828 1974 pltare-

1036 1981 1084 2008 tris
1105 1986 1198 2008 acutas
1215 1982 1382 2016 proferamus
1402 1984 1525 2017 sagittas,
1546 1989 1664 2020 potentes
1686 1986 1722 2012 ad
1743 1987 1827 2018 eonﬁ-

1036 2025 1155 2053 ciendam
1171 2026 1286 2053 belluam
1300 2028 1411 2054 monstri
1430 2029 1591 2055 renascenti:
1603 2033 1628 2055 et
1641 2029 1675 2055 ad
1689 2029 1828 2056 terebra:-

1035 2073 1100 2099 dum
1119 2077 1197 2107 caput
1218 2073 1370 2108 nequissimi
1383 2074 1520 2109 serpentis.
1547 2074 1608 2102 Haec
1628 2075 1676 2107 ibi;
1695 2083 1758 2110 quae
1775 2076 1826 2103 Ba-

1036 2119 1131 2146 ronius
1145 2118 1291 2153 descripsit
1309 2128 1342 2147 ex
1358 2120 1452 2148 codice
1470 2121 1581 2148 Antonii
1599 2121 1757 2154 Augustini,
1783 2131 1827 2149 ar-

1035 2169 1116 2200 cepto
1135 2173 1168 2192 ex
1195 2166 1362 2194 bibliotheca
1390 2167 1419 2194 S.
1438 2167 1553 2202 ltetnigii
1583 2168 1760 2196 Rhemcnsis.
1791 2171 1827 2197 l-x

996 2207 1023 2237 Ι)
1037 2211 1078 2238 his
1095 2211 1160 2238 licet
1173 2211 1320 2246 suspicari,
1333 2213 1602 2241 increbresceutibns
1616 2222 1665 2248 per
1680 2214 1828 2249 Hispanias

1035 2260 1062 2283 et
1076 2255 1177 2284 Gallias
1192 2256 1427 2291 disputationilms
1440 2259 1473 2285 de
1493 2258 1621 2293 dogmate
1641 2261 1827 2294 processiouis

1035 2302 1153 2336 Spiritus
1180 2302 1267 2330 sancti
1291 2311 1323 2330 ex
1342 2303 1422 2330 Patre
1445 2304 1527 2330 simul
1559 2309 1587 2331 et
1612 2305 1692 2335 Filio.
1712 2308 1826 2334 consu'-

1035 2352 1089 2376 tam
1106 2348 1140 2375 de
1162 2356 1238 2375 more
1261 2349 1354 2376 sedem
1370 2351 1546 2383 apostolicam
1570 2354 1714 2378 mandasse
1739 2353 1828 2387 inqu-

1035 2394 1163 2421 sitionem
1191 2394 1218 2421 in
1238 2395 1348 2429 synodis
1375 2395 1593 2429 provincialibus
1614 2397 1647 2424 de
1675 2397 1728 2424 ista
1753 2407 1826 2433 qua-

1034 2439 1124 2467 stione
1140 2439 1218 2473 ﬁeri;
1242 2448 1274 2467 ac
1290 2441 1401 2474 perlatis
1418 2447 1522 2475 postea,
1539 2445 1568 2468 ut
1592 2447 1635 2469 est
1661 2443 1824 2475 verisimile,

1034 2486 1145 2514 Patrum
1164 2486 1247 2518 votis,
1264 2486 1421 2513 damnatam
1431 2487 1556 2514 hmresim
1567 2487 1735 2521 Grrecorum,
1749 2495 1778 2517 et
1792 2490 1824 2517 ad

1033 2539 1093 2559 eam
1116 2532 1332 2566 exstirpandam,
1360 2535 1440 2566 prout
1461 2532 1555 2560 Patres
1577 2534 1660 2560 etiam
1677 2534 1825 2569 Aquisgra-

1034 2585 1133 2605 nenses
1151 2577 1352 2612 judicaverant,
1378 2579 1445 2606 utile
1459 2579 1643 2614 iudicantium
1667 2581 1730 2608 addi
1748 2582 1823 2617 Sym-

1034 2624 1097 2651 bolo
1121 2623 1147 2650 in
1172 2624 1295 2651 ccclesiis
1309 2629 1418 2651 cantato
1432 2633 1528 2652 vocem
1549 2625 1681 2661 Filioque,
1693 2629 1821 2656 annuisse

1034 2671 1152 2705 denique
1172 2671 1325 2697 Romanum
1347 2671 1514 2705 pontiﬁcem,
1537 2681 1595 2699 cum
1612 2681 1737 2708 magnum
1754 2675 1823 2701 eide-

1034 2722 1072 2744 ret
1094 2717 1245 2752 impendere
1270 2717 1426 2752 periculum,
1446 2723 1475 2746 ut
1498 2718 1621 2753 loquitur
1639 2719 1774 2755 Andreas,
1796 2726 1821 2749 et

1034 2763 1113 2789 multi
1142 2770 1246 2797 magna:
1269 2763 1443 2790 auctoritatis
1463 2763 1653 2792 Occidentales
1680 2766 1776 2795 Patres
1795 2767 1819 2794 id

1033 2807 1220 2835 necessarium
1242 2807 1408 2840 jttdicarenl.
1426 2809 1458 2835 Et
1482 2810 1518 2836 ita
1537 2809 1664 2845 deinceps
1683 2804 1820 2840 communi

1035 2853 1145 2882 decreto
1160 2861 1210 2888 per
1225 2859 1312 2881 totout
1328 2853 1506 2882 Occidentem
1524 2855 1683 2890 Symbolum
1702 2866 1764 2886 cum
1779 2860 1821 2886 ad-
