1931 3069
161 134 229 167 11⁷33

914 133 966 164 ΝΟ
969 134 990 162 Τ
996 133 1026 162 ,Ε
1030 156 1038 163 .

1714 135 1784 168 11δὶ

156 190 259 217 dilione
291 188 412 223 Filioque
438 188 464 215 in
490 188 572 216 missa
599 193 748 220 cantatum;
776 192 822 214 aut
854 188 946 222 potius
962 192 983 219 Α
999 187 1061 214 bolo
1074 187 1372 223 Constantinopolitani
1386 190 1550 218 meumenici
1564 190 1690 222 secundi,
1705 199 1786 226 quam

155 242 217 262 cum
237 234 264 261 id
285 239 363 262 antea
379 242 428 269 per
453 234 565 261 Galliam
591 240 619 262 et
637 234 794 268 lliSpaniam
817 233 944 260 volunta-

155 280 196 308 ria
218 280 398 308 ecclesiarum
413 285 442 307 et
456 280 650 315 episcoporum
670 280 815 307 devotione
830 287 945 314 usurpa—

155 332 242 359 rctur,
259 334 371 354 assensu
400 327 519 362 denique
543 326 658 354 Romani
686 326 826 362 pontificis
844 331 884 354 est
900 326 946 353 fir-

155 378 270 400 malum.

190 420 320 448 Dedimus
345 420 480 448 hactenus
511 419 656 447 historiam
681 419 833 448 additionis
867 419 945 447 \‘ocis

154 465 278 501 Filioque
301 467 334 494 ad
350 467 684 501 Constantinopolitanum
710 467 882 502 Symbolum,
901 474 944 493 ar-

155 513 246 540 ticulis
265 518 419 547 temporum
433 517 460 540 et
477 513 680 548 progressionis
696 513 829 547 gradibus
842 513 926 540 distin
937 527 943 532 ι

154 562 242 590 vtam;
265 566 299 585 ex
322 559 400 593 cujus
423 559 466 586 vel
494 559 612 593 simplici
632 559 806 594 expositione
833 559 943 586 confido

153 609 286 637 apparere
308 604 497 631 innocentiam
511 608 538 631 et
553 605 710 638 aequitatem
730 605 790 639 ejus
814 604 890 638 facti,
913 609 944 633 ut

152 654 222 681 pene
238 648 376 681 potuerim
395 648 558 676 lucrifacere
572 656 684 684 operam
703 650 819 677 secundi
833 658 866 677 ex
881 657 943 684 pro-

153 693 251 726 positis
270 694 381 727 capitnli
404 694 552 727 tractandi,
579 702 633 729 quo
650 703 710 722 sum
734 695 873 730 pollicitus
895 695 943 723 de-

154 744 371 767 monstraturum
391 748 434 767 me
445 740 525 774 justis
540 745 567 767 et
588 741 696 768 idoneis
711 741 744 768 de
759 742 850 769 causis
861 742 942 769 istam

151 794 214 814 esse
239 795 254 813 a
283 786 388 814 Latinis
413 787 583 814 additionem
604 787 798 814 ᾔκασαν-ΝΜ]
821 788 940 822 primum

152 831 264 866 quidem
289 832 440 860 additionis
458 832 571 860 modum
596 837 625 859 et
647 833 773 868 gradum,
798 841 853 868 quo
881 842 940 861 ma-

151 878 229 913 gistri
249 883 277 905 et
295 878 413 913 theologi
428 878 557 906 catholici
575 879 722 912 allegatum
734 879 762 906 in
779 880 939 914 prmsidium

152 925 254 952 erroris
269 932 283 951 a
303 925 468 960 negantibus
479 929 603 952 sanctum
618 924 748 959 Spiritum
762 934 778 953 a
791 925 859 953 Filio
875 934 940 962 pro-

151 971 250 998 cedere
268 971 458 998 testimonium
482 970 782 1006 Constantinopolitani
806 972 939 1008 Symboli,

151 1017 241 1044 Patris
262 1017 348 1044 solius
363 1018 391 1044 in
409 1017 592 1051 productione
609 1018 695 1044 sancti
713 1018 833 1052 Spiritus
852 1020 942 1047 diser-

150 1069 206 1091 tam
224 1065 393 1092 mentionem
410 1064 547 1097 facientis,
561 1065 600 1092 sic
612 1065 787 1100 explicabant
798 1070 828 1093 ut
841 1067 940 1099 Filium

153 1118 215 1137 eum
234 1111 313 1138 Patre
328 1111 533 1146 conspirantem
548 1111 663 1146 intelligi
677 1116 805 1146 oportere
825 1118 941 1140 conten-

154 1157 262 1190 derent,
279 1165 310 1186 ac
323 1158 364 1185 sic
381 1165 448 1186 voce
466 1162 548 1186 tenus
565 1166 661 1186 vocem
678 1158 797 1194 Filioque
812 1160 942 1195 Symbolo

151 1203 298 1236 adderent,
317 1203 380 1238 quis
394 1203 456 1239 jure
478 1204 566 1238 possit
589 1204 805 1238 reprehendere,
824 1213 886 1233 cum
909 1213 942 1233 ca

151 1256 206 1276 non
225 1253 279 1276 tam
294 1249 399 1276 additio
413 1257 495 1283 quam
507 1249 643 1283 expositio
661 1249 754 1282 fuerit,
774 1257 833 1278 rem
852 1251 943 1285 profc-

152 1303 215 1322 rens
224 1295 279 1322 illic
287 1294 488 1328 absconditam,
500 1302 554 1322 non
565 1294 709 1322 intrudcns
717 1295 827 1322 aliunde
838 1296 942 1331 impor-

153 1345 234 1368 latam
243 1341 376 1369 ?Andreaa
385 1341 506 1376 episcopi
521 1340 609 1368 Rhodi
618 1341 700 1377 672
708 1343 758 1370 hac
767 1342 825 1376 ipsa
833 1342 865 1370 de
875 1343 942 1371 rein

151 1387 269 1414 concilio
281 1387 448 1420 Florentino,
458 1394 526 1414 sess.
535 1386 562 1419 6,
571 1387 736 1422 disputantis
745 1388 876 1422 probatus
884 1389 943 1424 ejus

151 1439 235 1459 sacra:
243 1428 338 1468 synodi
350 1439 462 1459 assensu
475 1432 649 1468 syllogismus
657 1432 711 1461 huc
721 1433 787 1461 facit
799 1441 806 1461 :
823 1433 944 1469 Οὐδεμία

151 1477 272 1509 ἔκθεσις,
292 1478 446 1510 ἀνάπτυξις
466 1479 482 1514 ἥ
503 1479 640 1513 σαφήνειά
656 1487 730 1510 τινος
754 1479 943 1516 ἐπιστήμηςῆ

998 233 1051 267 ipsi
1069 233 1375 270 Constantinopolitano
1391 237 1512 264 secundo
1526 236 1616 264 fuerat
1629 239 1785 271 apponcnati

998 281 1083 307 verba
1100 280 1225 315 qua-dam
1244 281 1374 317 Symbolo
1397 283 1474 318 prius
1488 282 1563 310 edito
1576 290 1591 309 a
1606 283 1715 310 Mea-na
1733 284 1781 318 pri-

997 332 1041 352 ma
1065 327 1186 360 generali
1205 335 1304 362 magna
1329 328 1451 363 synodo?
1470 328 1601 363 Apposita
1632 337 1699 355 vero
1729 330 1785 363 juvtll

997 371 1120 406 symbolo
1146 380 1196 408 per
1220 374 1378 408 generalem
1403 375 1537 410 synodum
1556 382 1622 401 voce
1652 373 1784 409 Filioque,

996 416 1063 451 quin
1086 417 1161 445 illam
1182 423 1293 447 cantare
1313 427 1423 454 quoque
1454 420 1527 447 inter
1549 427 1627 447 sacra
1655 421 1786 447 continuo

996 463 1120 497 potuerit
1138 464 1204 491 citra
1226 466 1470 499 reprehensionem
1490 466 1574 493 ullam
1591 466 1712 494 Ecclesia
1733 467 1787 493 llo—

996 515 1086 542 mana,
1107 510 1234 538 dubitare
1252 519 1334 539 nemo
1353 512 1453 546 poterit
1474 513 1521 547 qui
1546 517 1655 547 reputet
1683 514 1785 540 nullam

995 555 1061 590 ﬁngi
1078 556 1248 590 probabilem
1265 558 1400 585 rationem
1416 566 1507 593 posse,
1528 567 1578 586 cur
1597 559 1755 595 Symbolum
1770 568 1786 586 a

994 599 1300 638 Constantinopolitana
1325 605 1445 631 secunda
1466 605 1586 640 generali
1616 605 1721 632 editum
1743 612 1788 640 sy-

994 647 1068 674 nodo
1083 652 1156 676 recte
1168 649 1314 676 incautum
1330 650 1548 677 ecclesiasticum
1570 651 1606 677 sit
1626 655 1785 685 receptum;

994 692 1066 720 idem
1092 693 1253 728 Symbolum
1283 695 1401 722 auctiori
1425 699 1452 722 et
1468 696 1640 730 explicatiori
1664 696 1786 723 editione

994 738 1135 773 vulgatum
1154 747 1169 766 a
1184 740 1293 768 Nicama
1309 741 1429 768 secunda
1448 741 1569 775 generali
1595 742 1711 776 septima
1725 750 1787 776 syn-

994 784 1057 816 odo,
1078 785 1155 812 nctus
1182 786 1268 813 fuerit
1296 787 1493 815 ecclesiasticis
1512 787 1600 822 aptati
1619 788 1748 819 modulis,
1760 793 1788 815 et

997 829 1024 856 in
1037 830 1134 864 choro,
1155 831 1221 859 dum
1241 839 1321 859 sacra
1349 838 1530 868 peraguntur,
1558 833 1660 861 audiri.
1690 834 1788 861 Dicent

995 875 1112 903 fortasse
1131 884 1216 912 genus
1234 878 1370 906 mendacii
1389 879 1475 907 fuisse
1492 879 1652 915 Symbolum
1673 881 1750 915 quasi
1771 890 1786 909 a

992 920 1306 957 Constantinopolitanis
1325 924 1452 952 secunda:
1467 925 1564 960 synodi
1584 926 1711 954 Patribus
1729 927 1787 954 edi—

993 971 1049 993 tum
1077 973 1198 1001 cantare,
1217 976 1279 998 cum
1295 970 1481 998 additamenta
1501 976 1576 999 tanto
1591 973 1729 1007 posterius
1745 973 1785 1000 illi

992 1020 1007 1040 a
1022 1014 1137 1047 septima
1153 1016 1391 1052 generalisynodo
1409 1017 1522 1050 inserto,
1535 1026 1569 1046 ex
1589 1026 1643 1053 quo
1657 1027 1711 1046 non
1730 1019 1787 1054 jam

992 1060 1110 1094 amplius
1134 1061 1162 1088 id
1188 1062 1317 1090 secunda:
1329 1062 1425 1098 synodi
1450 1064 1610 1099 Symbolum
1633 1070 1719 1099 esset,
1737 1066 1784 1093 sed

992 1105 1066 1133 aliud
1087 1107 1221 1142 septimze.
1246 1109 1411 1144 Respondeo
1431 1111 1477 1138 :-si
1496 1111 1583 1138 multa
1603 1111 1686 1139 verba
1709 1120 1724 1138 a
1743 1119 1787 1139 se-

993 1152 1084 1180 cunda
1116 1154 1239 1188 generali
1261 1155 1368 1190 synodo
1392 1155 1521 1192 Symbolo
1546 1157 1663 1184 Nicmnaz
1690 1157 1787 1191 prima:

993 1200 1129 1234 generalis
1145 1200 1237 1228 addita
1252 1208 1308 1228 non
1322 1201 1495 1229 obstiterunt
1505 1203 1655 1237 quominus
1669 1204 1694 1230 id
1710 1203 1788 1239 Sym—

993 1245 1088 1272 bolum
1115 1246 1256 1274 Nica‘num
1277 1248 1369 1275 vocari
1397 1253 1598 1283 perseveraret,
1629 1257 1679 1277 cur
1702 1250 1785 1277 unius

993 1291 1206 1326 quadrisyllaba
1236 1293 1341 1320 voculze
1361 1293 1466 1321 additio
1497 1295 1629 1330 impediet
1664 1303 1699 1322 ne
1721 1303 1787 1323 vere

994 1336 1066 1365 idem
1099 1337 1258 1374 Symbolum
1285 1339 1621 1375 Constantinopolitanum
1652 1347 1682 1370 ut
1706 1346 1785 1369 antea

994 1383 1081 1417 possit
1106 1383 1181 1411 dici?
1203 1384 1316 1412 Nicmno
1335 1385 1464 1420 Symbolo
1485 1387 1566 1422 673
1591 1387 1785 1415 Constantino-

995 1428 1110 1462 politani
1126 1433 1236 1456 centum
1255 1430 1455 1466 quinquaginta
1473 1431 1569 1460 Patres
1586 1433 1782 1467 adjunxernm,

995 1478 1058 1509 post
1073 1474 1118 1502 illa
1142 1475 1225 1502 verba
1240 1484 1247 1502 :
1264 1475 1346 1503 Chdo
1370 1477 1396 1503 in
1417 1476 1546 1512 Spiritum
1560 1479 1759 1508 sanctumditcc
1776 1487 1781 1503 :

152 1524 318 1559 μαθήματος
337 1523 435 1559 ῥηθείη
453 1524 486 1552 ἂν
511 1525 668 1560 προσθήκη.
690 1525 770 1553 Ἀλλὰ
787 1526 817 1553 τὸ
838 1526 873 1554 ἐκ
889 1527 941 1554 τοῦ

997 1520 1138 1548 Dominum
1153 1525 1177 1548 et
1190 1522 1377 1556 viviﬁcantem,
1392 1524 1436 1559 qui
1451 1532 1482 1551 ex
1502 1524 1585 1551 Patre
1598 1527 1724 1560 procedit,
1739 1527 1785 1560 qui

156 1570 224 1598 Υἰοῦ
235 1570 385 1606 λεγόμενον
400 1572 428 1597 ὲν
441 1571 481 1605 τῷ
496 1571 624 1606 συμϐόλῳ
637 1572 834 1607 ἐμπεριέχεται
847 1574 878 1608 τῇ
892 1573 939 1600 aut

150 1615 198 1643 τοῦ
213 1617 320 1651 Harpe;
340 1617 431 1652 φωνῇ,
448 1617 579 1652 ἐξήγησις
595 1617 625 1645 ὃν
651 1617 735 1644 αὑτοῦ
753 1619 801 1646 καὶ
816 1620 940 1646 ἀνάπτυ-

154 1661 208 1694 ξις.
218 1663 276 1689 Οὐκ
287 1663 341 1697 ἄρα
355 1663 414 1690 ἐστὶ
429 1664 585 1699 προσθήκη.
601 1663 684 1691 Nulla
704 1665 843 1699 expositio,
857 1666 941 1699 expli-

150 1709 220 1736 catio
232 1714 278 1736 aut
295 1709 440 1737 declaratio
457 1710 583 1737 doctrinm
598 1710 746 1746 cujuspiam
763 1716 809 1738 aut
826 1712 939 1747 dogma-

152 1756 186 1782 ti:
211 1761 280 1782 recte
305 1761 410 1783 vocetur
437 1756 548 1783 additio.
578 1757 658 1791 Atqui
682 1765 731 1784 eoa:
753 1766 762 1783 ι
789 1757 911 1792 Filioque
927 1767 936 1784 ι

151 1803 226 1829 uerbo
242 1806 317 1830 tenus
331 1802 457 1835 adjuncta
471 1801 593 1837 Symbolo
612 1802 673 1836 jam
684 1802 757 1836 prius
774 1802 801 1829 in
816 1811 845 1829 eo
858 1803 940 1833 cauti-

153 1849 275 1881 nebatur,
301 1849 387 1875 latens
408 1853 432 1875 et
458 1848 641 1875 subintellacta
666 1849 692 1876 in
723 1849 780 1884 ipsa
807 1849 939 1879 mentione

150 1895 242 1922 Patris
255 1903 264 1927 ;
280 1894 356 1928 cujus
372 1894 487 1921 abstrusi
511 1902 602 1922 tensus
616 1895 671 1922 ltwc
687 1898 789 1921 tantum
801 1895 939 1922 enarratio

151 1944 175 1966 rt
190 1940 332 1974 explicatio
348 1944 396 1966 est.
416 1939 475 1967 Non
500 1943 538 1966 est
558 1939 640 1974 igitur
656 1939 766 1967 additio.
791 1940 854 1967 Scio
865 1940 940 1968 Grat—

151 1993 199 2012 cos
213 1985 406 2012 schismaticos
417 1988 513 2011 contra
530 1984 668 2019 excipere,
685 1984 801 2011 vetitum
815 1991 877 2012 esse
891 1991 941 2012 no—

153 2031 278 2058 minatim
295 2037 433 2065 apponere
446 2029 596 2065 quidquam
610 2028 740 2065 Symbolo
759 2029 842 2058 etiam
856 2037 940 2065 expo-

153 2075 262 2103 sitionis
285 2082 378 2103 causa.
409 2074 464 2102 Sed
483 2081 531 2102 eos
550 2074 696 2102 submovet
721 2074 795 2102 idem
814 2074 940 2102 Andreas

151 2122 279 2149 Rhodius
300 2121 402 2149 diserte
417 2127 520 2156 negans
537 2120 565 2148 id
580 2128 701 2155 unquam
716 2120 800 2148 fuisse
817 2120 941 2156 prohibi—

153 2172 222 2196 tum.
244 2167 333 2195 Verba
343 2167 402 2202 ejus
416 2169 475 2194 haec
491 2171 555 2194 sunt
573 2166 673 2194 concil.
689 2166 810 2194 Florent.
825 2173 895 2194 sess.
911 2166 938 2198 7,

995 1574 1053 1593 cum
1074 1567 1155 1595 Patre
1172 1572 1196 1594 ct
1220 1567 1296 1595 Filio
1314 1569 1394 1596 simul
1410 1570 1540 1597 adoretur
1559 1575 1583 1598 et
1600 1572 1786 1607 congloriﬁca-

995 1615 1049 1644 tur,
1065 1613 1110 1647 qui
1127 1612 1229 1640 locutus
1244 1618 1282 1640 est
1301 1621 1348 1648 per
1364 1614 1516 1649 prophetas.
1539 1615 1575 1642 Et
1598 1620 1688 1642 tamen
1705 1615 1785 1652 Sym-

994 1656 1089 1684 bolum
1109 1657 1148 1685 sic
1165 1663 1276 1685 auctum
1290 1659 1432 1687 Nicatnum
1452 1660 1635 1688 nihilominus
1652 1661 1784 1697 deinceps

994 1703 1124 1731 catholici
1150 1703 1293 1732 dixerunt.
1314 1704 1462 1732 Durandus
1486 1705 1514 1732 in
1537 1706 1674 1734 Rationali
1695 1707 1783 1735 divin.

994 1747 1065 1775 ollic.
1082 1747 1101 1774 l.
1116 1755 1152 1780 IV,
1164 1756 1188 1775 c.
1201 1748 1246 1778 25.
1258 1752 1403 1783 postquam
1420 1751 1601 1785 apostolicum
1617 1757 1645 1780 et
1660 1753 1783 1780 Albana-

994 1793 1100 1821 sianum
1107 1793 1236 1829 Symbola
1247 1800 1437 1828 memorasset,
1449 1796 1590 1831 subiungit
1602 1805 1609 1825 :
1620 1797 1735 1825 Tertium
1748 1803 1785 1827 est

993 1838 1140 1872 Nicwnum,
1158 1840 1227 1875 quod
1246 1840 1378 1868 Damasus
1390 1850 1461 1877 papa
1476 1850 1507 1869 ea:
1524 1844 1712 1871 constitutione
1724 1846 1786 1872 uni-

994 1886 1107 1914 versalis
1119 1887 1214 1921 synodi
1235 1887 1306 1922 apud
1319 1887 1577 1924 Constantinopolim
1591 1889 1729 1917 celebratw
1745 1892 1786 1919 iu-

993 1934 1089 1966 st‘ituit.
1100 1933 1234 1962 Similiter
1242 1934 1370 1970 Magister
1378 1934 1594 1967 Sententiarum,
1605 1936 1623 1963 l.
1632 1944 1650 1968 ι,
1661 1936 1728 1964 dist.
1740 1938 1784 1971 11,

993 1985 1022 2006 ct
1035 1980 1191 2007 Alexander
1203 1980 1312 2010 Alensis
1326 1985 1396 2016 part.
1412 1988 1452 2014 HI,
1462 1981 1610 2016 qurest.69,
1625 1982 1748 2011 membro
1757 1984 1784 2015 5.

994 2025 1153 2061 Symbolum
1173 2026 1248 2060 quod
1265 2026 1292 2053 in
1309 2026 1390 2053 missa
1405 2031 1532 2054 cantatur
1541 2027 1681 2055 Niczenum
1692 2036 1723 2056 ac
1738 2029 1787 2056 Ni~

994 2078 1132 2099 caenorum
1158 2071 1270 2099 Patrum
1285 2075 1396 2099 vocant.
1424 2072 1512 2107 llujus
1542 2073 1613 2100 ratio
1639 2078 1682 2103 est
1712 2074 1785 2109 quod

994 2116 1099 2144 additio
1115 2116 1489 2152 Constantinopolitanorum
1512 2118 1625 2145 Patrum
1647 2119 1723 2153 nihil,
1737 2128 1787 2148 no-

993 2171 1057 2189 vum
1075 2163 1168 2190 intulit
1186 2163 1298 2191 Nicaeno
1321 2163 1461 2199 Symbolo.
1478 2164 1525 2191 sed
1541 2164 1664 2198 quaedam
1679 2173 1740 2200 quae
1757 2167 1788 2194 in

153 2223 181 2249 p.
196 2214 245 2241 107
263 2214 328 2241 tomi
343 2213 443 2241 XXXII
455 2212 644 2240 Conciliorum
661 2213 705 2240 ed.
722 2212 790 2247 Reg.
809 2221 816 2239 :
839 2211 899 2246 Ἀφ’
910 2207 941 2238 οὗ
956 2221 981 2251 Ι)
994 2217 1028 2237 eo
1042 2209 1168 2236 latebant
1188 2209 1352 2244 explicatius
1371 2209 1498 2244 protulit.
1517 2209 1574 2237 Hoc
1593 2209 1708 2238 allirmat
1723 2219 1786 2240 san-

151 2269 252 2295 ἕπεται
265 2260 306 2286 ὅτι
319 2259 401 2295 ἡνίκα.
423 2258 603 2294 συμπερανθῇ
618 2259 648 2285 τὸ
664 2258 809 2294 σύμϐολον,
828 2258 876 2285 καὶ
891 2267 945 2285 κω·

150 2306 244 2332 λύεται
262 2305 292 2332 τὺ
322 2305 496 2340 προσθεῖναι,
523 2306 627 2332 νοεῖται
653 2305 716 2331 ὅσον
739 2303 808 2339 προς
821 2303 866 2330 τὸν
881 2303 944 2330 νοῦν

152 2351 199 2377 καὶ
214 2350 282 2385 πρὸς
297 2350 396 2386 ἑτέραν
420 2350 542 2376 διάνοιαν
554 2357 562 2365 ·
580 2350 644 2376 ὅσον
667 2349 696 2376 δὲ
720 2349 787 2384 πρὸς
802 2348 940 2382 διασάφη-

151 2405 204 2430 σιν,
224 2396 355 2423 οὐδέποτε
376 2397 392 2431 ή
416 2395 568 2430 Ἐκκλησῖα
585 2395 665 2422 τοῦτο
686 2395 842 2421 κεκώλυκε.
867 2393 940 2423 Unde

150 2443 271 2477 sequitur
294 2442 494 2477 prohibitionem
511 2441 638 2473 addendi,
669 2449 728 2475 qua:
758 2444 958 2473 consummato,

147 2490 206 2523 iam
226 2489 350 2525 Symbolo
375 2493 413 2516 est
440 2489 574 2524 apposita,
596 2486 800 2522 intelligendam
829 2493 883 2514 esse
910 2487 941 2512 de

148 2536 283 2562 additione
297 2536 356 2562 novi
371 2543 462 2562 sensus
473 2535 634 2568 diversa-que
647 2533 800 2564 sententiis,-
813 2540 874 2558 nam
888 2532 939 2558 ad-

148 2582 273 2608 ditioucm
298 2589 357 2616 quis
387 2581 421 2607 ad
448 2588 550 2607 meram
577 2578 786 2606 declarationem
814 2577 937 2613 pertinet,

148 2636 286 2662 nunquam
301 2624 432 2663 prohibuit
451 2625 583 2653 Ecclesia.

186 2674 330 2702 Secundus
357 2673 510 2701 additionis
529 2673 641 2707 gradus,
657 2671 822 2699 auctoritate
841 2670 937 2706 synodi

149 2721 265 2748 Nicaeum
282 2720 421 2753 secundus,
439 2719 576 2754 generalis
589 2719 720 2754 septimae,
736 2718 834 2750 factus,
846 2718 939 2752 apolu-
961 2741 969 2748 ,

148 2767 191 2802 gia
210 2774 265 2793 non
297 2766 410 2800 indiget.
432 2766 540 2797 Quotus
558 2764 632 2791 enim
662 2763 779 2798 quisque
801 2769 857 2788 non
876 2769 939 2788 sen-

150 2814 181 2840 t't
200 2812 242 2848 [Ρ.
259 2812 322 2848 471]
340 2812 408 2839 nihil
434 2812 526 2838 minus
547 2810 617 2845 juris
632 2809 805 2838 mcumcuico
819 2808 937 2835 conciiio

149 2858 257 2887 Nsmno
275 2858 396 2886 secundo
414 2858 498 2885 luisse
515 2855 671 2883 declarandi
697 2853 799 2889 aliquid
817 2854 843 2880 in
861 2853 937 2888 Sym-

997 2260 1060 2282 ctus
1075 2255 1226 2290 Gregorius
1242 2254 1445 2288 Nazianlenus,
1464 2263 1536 2283 unus
1551 2263 1566 2283 e
1583 2255 1633 2283 l50
1648 2255 1786 2284 Constan-

996 2301 1187 2336 tinopolitanis
1212 2301 1358 2334 Panibus,
1381 2301 1504 2329 scribens
1531 2301 1564 2329 ad
1591 2302 1752 2330 (lledonium
1776 2298 1804 2330 ι’

1002 2346 1108 2382 Ἡμεῖς,
1135 2346 1236 2381 inquit,
1267 2348 1318 2380 τῆς
1341 2346 1412 2373 κατὰ
1437 2347 1556 2374 Νίκαιαν
1588 2349 1707 2379 πίστεως
1731 2348 1785 2374 τῶν

995 2391 1080 2426 ἁγίων
1101 2392 1229 2427 Πατέρων
1242 2391 1296 2418 τῶν
1314 2392 1402 2418 ἐκεῖσε
1424 2393 1605 2420 συνελθόντων
1620 2394 1666 2420 ἐπὶ
1691 2394 1786 2420 κριθαί-

997 2437 1070 2472 ρέσει
1087 2437 1138 2471 τῆς
1162 2437 1343 2473 Ἀρειανικῆς
1357 2437 1491 2472 αἱρέσεως
1503 2438 1579 2465 οὐδὲν
1598 2437 1659 2465 οὔτε
1677 2448 1786 2474 προετι-

997 2483 1125 2519 μήσαμέν
1142 2491 1208 2509 ποτε
1223 2481 1286 2509 οὔτε
1302 2483 1443 2517 προτιμᾷν
1471 2483 1621 2518 δυνάμεθα,
1635 2483 1691 2510 ἀλλ’
1712 2485 1786 2511 ἐκεῖ-

994 2539 1040 2563 v.1;
1059 2529 1142 2564 ἐσμὲν
1169 2528 1291 2559 πίστεως
1307 2529 1355 2555 σὺν
1379 2528 1440 2563 Θεῷ
1456 2529 1501 2555 καὶ
1517 2529 1646 2564 ἐσόμεθα.
1665 2530 1784 2557 Tantum

992 2576 1070 2603 addit
1100 2583 1129 2603 se
1153 2582 1216 2602 cum
1233 2575 1291 2602 suis
1315 2574 1342 2602 in
1370 2575 1416 2602 illa
1443 2582 1520 2603 sacra
1539 2575 1650 2611 Synodo
1672 2577 1786 2612 collegis

994 2622 1169 2649 articulatius
1192 2613 1365 2656 exposuisse,
1398 2629 1460 2655 quae
1482 2622 1577 2649 minus
1605 2622 1785 2655 sufﬁcienter,

995 2668 1090 2695 habita
1112 2668 1220 2694 ratione
1249 2666 1350 2695 deinde
1373 2666 1554 2694 subortarum
1578 2667 1724 2700 hanrcsum,
1751 2668 1787 2696 de

994 2719 1090 2742 sancto
1108 2714 1212 2748 Spiritu
1227 2713 1365 2740 declarata
1383 2720 1398 2740 a
1418 2712 1536 2741 Nicatnis
1554 2713 1675 2741 fuerant.
1694 2715 1784 2749 [lpos-

994 2760 1188 2796 διαροροῦντες
1209 2760 1240 2786 τὸ
1255 2760 1374 2791 ἐλλιπῶς
1391 2760 1536 2794 εἰρημένον
1557 2760 1621 2794 περὶ
1641 2760 1687 2786 τοῦ
1706 2760 1785 2794 ἁγίου

995 2807 1164 2840 Ιινεύματος.
1188 2807 1218 2834 ln
1242 2814 1303 2841 qua:
1333 2805 1501 2832 Nazianzeni
1521 2806 1605 2833 verba
1627 2806 1790 2834 scholiastes

989 2854 1049 2888 eius
1068 2853 1141 2881 Elias
1159 2852 1198 2881 sic
1216 2857 1289 2880 recte
1305 2855 1511 2880 commentatur
1529 2861 1536 2881 ς
1551 2852 1596 2888 Τῷ
1615 2852 1664 2888 μὲν
1681 2851 1790 2888 σώματι
