1931 3069
191 206 245 233 τῶν
265 205 365 239 λέξεων
387 204 597 241 παρελὲλειπτο,
611 207 643 240 τῇ
660 206 687 232 δὲ
704 205 778 241 ψυχῇ
801 205 882 240 (λέγω
899 204 931 240 δὴ
947 203 982 230 τὰ

189 254 245 281 τῶν
261 252 415 289 νοημάτων)
433 252 569 287 οὐδαμῶς.
584 252 629 278 Διὸ
642 252 688 278 καὶ
702 253 716 278 ὁ
731 252 808 285 ἅγιος
827 251 856 278 οὔ
873 252 903 277 τὸ
926 259 979 277 πα-

192 301 418 337 ραλελειμμένον,
431 299 499 326 ἀλλὰ
519 299 548 325 τὸ
563 299 679 330 ἐλλιπῶς
695 299 840 333 εἰρημένρν
862 297 910 324 τοῦ
925 296 979 324 σώ-

192 357 278 383 ματος
290 348 365 381 λέγει
381 345 526 381 διαρθροῦν
541 347 600 381 ἦτοι
621 344 784 379 ἐξακριϐοῦν
799 345 846 371 καὶ
867 344 980 379 διαμορ-

191 395 268 430 φοῦν.
285 393 347 421 Haec
366 393 428 426 ille;
447 393 548 427 quibus
562 391 697 427 significat
717 399 770 418 non
786 391 979 418 sensibus‘aut

192 440 270 474 quasi
285 439 382 466 anima:
401 438 516 473 symboli
539 437 642 466 Nietetti
668 436 789 463 defuisse
804 435 919 469 aliquid,
936 435 980 462 di-

192 494 254 513 cere
267 485 427 520 Gregorium
441 484 622 518 Tltcologum.
636 482 684 509 sed
702 489 770 509 sono
785 481 932 508 verborum
948 488 979 507 ac

191 532 276 559 veluti
289 530 410 566 corpori,
423 535 476 558 etc.
493 529 570 557 Unde
585 529 710 562 sequitur
720 527 888 554 additionem
903 526 980 553 iden-

193 578 264 605 titati
283 586 338 604 non
356 577 481 604 obstare.
500 575 573 602 ldetn
594 582 667 601 nunc
681 573 741 608 pari
763 573 825 607 jure
849 572 977 599 dicimus.

192 625 278 657 Quam
292 624 416 651 roculatn
434 622 544 649 Nicrena
560 620 679 648 secunda
695 619 829 654 synodus,
843 617 979 653 generalis

193 670 322 705 septima,
338 668 466 703 Symbolo
491 675 504 693 a
531 665 833 699 Constantinopolitano
858 663 976 698 generali

194 714 313 743 secunda
330 714 404 741 edito
420 712 536 742 addidit.
549 720 580 739 ea
594 719 655 739 cum
668 716 798 738 extranea
816 718 870 737 non
882 709 976 743 fuerit,

194 761 241 788 sed
256 769 288 787 ex
306 759 462 787 visceribus
477 758 564 793 ipsius
577 757 699 793 Sytnboli
717 757 848 784 doctrinm
863 764 893 783 ac
908 756 979 782 Cott-

194 806 503 840 stantinopolitanorum
524 804 634 830 Patrum
653 802 796 830 sentcnthe
817 805 906 834 eruta,
922 809 978 828 nott

194 853 259 880 facit
279 857 309 880 ut
337 855 399 886 post
415 851 496 885 hujus
522 850 697 884 epenthesin]
718 848 877 884 Symbolum
902 846 976 874 aliud

193 900 333 926 diversum
358 897 384 924 id
409 897 507 924 debeat
532 895 648 923 censeri.
676 895 787 921 Nullum
813 901 878 928 ergo
900 893 982 920 fuerit

194 945 380 976 mendacium,
401 943 427 970 id
446 941 781 975 Constantinopolitanum
796 945 825 966 ut
841 943 921 966 antea
937 946 983 966 vc-

195 1000 268 1019 eare.
287 991 365 1024 Quod
384 997 452 1017 vero
464 988 593 1016 Ecclesiae
610 987 702 1014 Gallim
718 991 745 1013 et
763 984 899 1020 llispaniaa
919 992 983 1011 ean-

197 1044 254 1065 tare
267 1037 425 1072 Symbolum
437 1035 463 1062 in
477 1041 554 1061 sacro
569 1041 631 1060 eum
644 1032 784 1059 additione
800 1031 918 1065 Filioque
934 1037 983 1064 per

194 1093 225 1112 se
244 1084 435 1113 instituerunt,
451 1081 476 1108 id
504 1080 635 1107 nimirum
650 1078 702 1105 sibi
719 1078 801 1105 licere
823 1076 981 1108 credidere,

194 1136 342 1166 pestquam
368 1129 419 1155 ista
440 1126 544 1154 additio
575 1133 623 1160 per
648 1124 802 1160 generalem
836 1122 982 1157 septimam

195 1175 330 1212 synodum
344 1172 520 1211 comprobata
535 1176 563 1198 et
579 1175 708 1204 usurpata
727 1168 934 1199 fuerathnde,
952 1172 983 1194 ut

194 1221 323 1256 superius
338 1219 469 1251 vidimus,
485 1217 542 1244 Leo
557 1216 656 1244 tertius
678 1215 801 1250 pontifex
827 1214 854 1241 id
879 1214 981 1241 factttm

194 1276 251 1296 non
279 1271 309 1294 ut
333 1265 469 1294 nefarium
487 1263 637 1293 damnavit.
653 1261 701 1289 sed
723 1266 828 1288 tantum
846 1265 876 1288 ιιι
899 1261 933 1288 ab
948 1268 981 1287 eo

195 1313 364 1341 desisterent
382 1310 468 1338 suasit
488 1315 602 1344 propter
618 1315 729 1335 causam
748 1315 830 1342 quam
848 1306 885 1334 ibi
908 1314 983 1333 eom-

195 1362 341 1386 memorat.
373 1355 416 1391 [P.
450 1353 513 1389 472]
539 1353 593 1380 Sed
626 1353 671 1379 illa
699 1351 815 1379 Romani
844 1349 982 1386 pontificis

195 1402 358 1434 moderatio,
373 1405 403 1428 ut
416 1404 481 1428 tunc
500 1399 552 1426 fuit
574 1398 733 1430 laudabilis,
754 1397 793 1424 sic
818 1401 911 1431 postea
933 1403 980 1430 per

194 1450 353 1478 Graecorum
364 1447 446 1483 674
460 1445 580 1473 schisma
593 1443 691 1479 haeresi
705 1443 903 1471 cumulantium
920 1451 983 1477 pcr—

194 1494 328 1523 vicaciam
340 1493 430 1521 evasit
445 1490 650 1525 intempestiva.
663 1489 772 1516 Etenim
789 1488 828 1515 illi
843 1489 981 1515 abstinere

195 1550 210 1568 a
224 1544 306 1567 cantu
328 1538 450 1574 Symboli
465 1545 526 1564 eum
543 1535 685 1563 additione
698 1534 817 1568 Filioque
836 1542 884 1569 pro
903 1534 981 1569 signo

196 1585 384 1621 profitentium
407 1589 483 1610 suam
501 1581 534 1608 de
556 1581 735 1616 processione
757 1579 879 1614 Spiritus
894 1579 982 1606 sancti

196 1639 230 1658 ex
247 1630 325 1657 Patre
341 1629 399 1656 solo
415 1626 541 1655 ltzeresim
557 1625 707 1653 habebant.
723 1624 769 1652 Sic
782 1624 898 1651 Photius
912 1624 982 1651 Leo-

196 1683 258 1703 nem
281 1675 394 1702 tertium
418 1677 546 1707 tanquam
575 1671 627 1698 sibi
650 1669 867 1698 consentientem
884 1669 911 1697 in
930 1669 982 1697 ista

196 1720 365 1756 blasphemia
392 1719 496 1750 laudat,
521 1717 595 1752 quod
619 1716 751 1742 nimirum
777 1715 823 1742 ille
847 1715 981 1742 noluisset

196 1766 300 1795 cantari
331 1764 492 1801 Symbolum
524 1770 586 1789 cum
624 1761 813 1788 additamenta
849 1760 978 1796 Filioque.

194 1812 286 1841 Coac-ti
302 1818 368 1845 ergo
390 1817 452 1836 vere
468 1812 543 1841 sunt,
561 1811 592 1834 ut
611 1807 733 1842 loquitur
758 1806 882 1834 Andreas
904 1807 980 1834 Rho-

195 1861 257 1887 dius
283 1858 412 1892 superius
439 1856 552 1886 relatus,
578 1854 693 1881 Romani
710 1853 856 1888 pontiﬁces
874 1854 981 1881 cantari

191 1907 290 1951 Ῑιψυτο
321 1903 480 1938 Symbolum
511 1900 556 1927 tali
589 1899 730 1927 additione
756 1904 878 1934 auctum,
903 1901 980 1936 justo

193 1946 268 1979 metu
287 1949 378 1985 gravis
397 1947 529 1978 scandali,
548 1951 605 1973 luat
627 1946 699 1980 apud
722 1946 844 1977 Latinos,
861 1954 979 1981 quorum

194 1998 325 2026 Ecclesize
352 1996 490 2031 pleraeque
506 1994 562 2028 jam
581 1992 607 2020 ttl
623 2000 652 2019 ro
669 1997 780 2019 cantttm
798 1993 875 2020 illum
898 2001 980 2021 usur-

195 2048 301 2080 parant,
317 2048 374 2069 tum
391 2040 463 2076 apud
479 2039 600 2072 Graecos,
617 2039 665 2074 qui
677 2039 737 2074 ejus
749 2039 788 2066 rei
800 2039 980 2068 emissionem

193 2092 221 2118 in
249 2089 353 2118 erroris
379 2087 420 2115 sui
451 2085 637 2122 patrocinium
663 2085 819 2118 trahebant,
842 2089 871 2113 et
889 2089 980 2114 tamen

192 2137 235 2164 vel
254 2135 293 2162 sie
305 2133 391 2161 coacti
406 2135 594 2166 temperarunt
610 2129 718 2157 Graecos
734 2129 808 2164 ipsos
822 2130 932 2165 adigere
945 2131 980 2158 ad

192 2184 219 2215 id
231 2181 387 2218 Symbolum
397 2187 460 2206 cum
477 2177 534 2212 pari
548 2176 688 2204 additioue
700 2177 727 2203 in
744 2176 856 2203 ecclesia
866 2182 980 2205 cantan-

642 151 674 180 P.
698 150 848 181 POSSlNl
871 147 1200 180 OBSERVATIONUM
1223 150 1295 181 LIB.
1322 151 1364 182 ΙῘ.

1008 71 1026 85 \u

1743 150 1806 184 113i

996 203 1019 234 Α
1033 206 1106 240 quod
1128 207 1318 241 promiseram,
1331 215 1359 235 et
1376 207 1443 236 satis
1457 207 1570 235 evicisse
1587 207 1688 234 nullam
1703 208 1730 234 in
1743 207 1807 235 facto

1031 251 1182 280 additionis
1202 254 1279 281 vocis
1300 254 1419 289 Filioque
1434 253 1468 281 ad
1481 253 1807 288 Constantinopolitanum

1031 299 1193 334 Symbolum
1221 299 1403 327 temeritatem
1432 299 1590 326 Latinorum
1619 307 1698 333 posse
1716 299 1808 331 notari,

1031 345 1079 372 sed
1095 353 1230 372 summam
1249 346 1341 380 potius
1356 351 1384 374 et
1400 346 1517 374 Rotnani
1535 346 1671 381 pontificis
1685 350 1712 373 et
1727 347 1807 373 eccle-

1031 392 1134 419 siarum
1159 392 1316 420 Occidentis
1336 400 1470 427 apparere
1484 400 1547 419 ettm
1563 391 1751 419 fundatissima
1766 399 1806 418 ra-

1033 439 1109 466 tione
1126 439 1343 466 moderationem
1359 447 1391 466 ae
1410 439 1587 473 sapientiam.
1612 438 1639 464 in
1653 438 1806 466 necessitate

1031 485 1181 512 obsistcndi
1194 485 1326 519 grassanti
1347 485 1458 517 hmresi,
1471 484 1681 519 temperantium
1694 488 1776 511 tamen
1786 483 1809 510 id

1031 539 1045 558 a
1059 531 1160 558 ϐιηθεὶς
1170 532 1291 566 exigere,
1305 539 1359 566 quo
1372 531 1434 558 illos
1447 530 1652 565 exasperandos
1666 535 1691 557 et
1705 530 1809 564 quadam

1030 578 1243 612 exprobratione
1256 577 1388 612 prmteriti
1403 577 1508 605 erroris
1520 576 1726 604 confundendos
1738 576 1810 603 intel-

1030 623 1160 657 ligcbant,
1170 629 1197 651 et
1206 625 1257 651 ista
1266 624 1381 658 benigna
1391 624 1641 650 aceommodutione
1655 623 1810 650 stridentium

1029 677 1078 696 eos
1093 669 1127 696 ad
1142 669 1298 696 unanimam
1317 669 1495 696 eeeiesiarum
1510 669 1621 696 allicere
1638 668 1810 696 concordiam-

1066 716 1096 743 Ρ.
1113 716 1176 743 590.
1197 715 1231 742 Τὸ
1243 716 1319 749 πρὸς
1331 717 1385 742 τὸν
1407 715 1537 750 Ἀϐραὰμ
1550 715 1604 742 τοῦ
1620 714 1702 741 Θεοῦ.
1712 714 1810 748 Aliquid

1030 762 1235 798 quodammodo
1252 762 1342 789 simile
1360 762 1465 789 dictum
1488 762 1652 788 Abraamoa
1665 761 1719 787 Deo
1739 767 1809 791 rcge-

1031 810 1103 836 ritur
1120 809 1221 836 Cenes.
1237 817 1283 841 xu,
1303 809 1320 835 2
1337 817 1343 834 :
1361 808 1518 836 Benedicnm
1536 807 1744 835 benediceutibus
1761 806 1809 837 tibi.

1032 859 1086 882 etc.
1106 853 1243 882 Caeterum
1263 853 1358 885 verba,
1372 857 1402 880 ut
1425 853 1469 880 hic
1483 853 1588 888 jacent,
1606 853 1697 887 potius
1711 856 1809 886 sumpta

1033 899 1163 927 videntur
1182 907 1216 926 ex
1228 899 1327 926 Gencs.
1346 906 1429 929 xxvn,
1448 898 1483 925 29
1500 906 1505 923 :
1522 897 1572 930 Qui
1587 897 1742 924 beucdircrit
1759 895 1808 928 tibi,

1033 946 1066 972 sit
1081 946 1134 979 ipse
1150 945 1321 976 benedictus;
1336 944 1380 978 qui
1397 943 1563 970 mulcdixerit
1587 943 1641 974 libi,
1659 941 1810 968 maledictio-

1035 989 1108 1015 nibus
1138 988 1281 1023 repleatur.
1312 987 1366 1014 Sed
1397 987 1455 1014 haec
1483 995 1539 1014 non
1565 987 1696 1014 diettntttr
1720 994 1734 1013 a
1764 986 1810 1013 Deo

1033 1035 1181 1067 Abraamo,
1197 1034 1244 1061 sed
1263 1033 1297 1061 ab
1321 1033 1413 1061 Isaaco
1437 1033 1550 1065 Jaeobo,
1578 1037 1607 1060 ut
1631 1033 1699 1060 forte
1719 1032 1767 1059 hoc
1781 1031 1810 1058 sit

1035 1080 1200 1114 μνημονικὶν
1219 1079 1331 1114 σφάλμα
1347 1079 1531 1114 Pachytneris.

1068 1124 1134 1159 Cap.
1151 1124 1196 1151 20.
1214 1124 1329 1157 Quando
1355 1125 1503 1159 cctttigerit
1526 1124 1579 1151 ltoc
1597 1123 1686 1158 capite
1711 1128 1808 1150 narrata

1034 1171 1216 1198 ineomitiatio
1244 1170 1364 1198 rhetoris
1383 1170 1505 1197 eceiesite
1533 1169 1677 1200 Holobali.
1693 1169 1808 1196 ostende-

1034 1225 1094 1244 mus
1109 1217 1180 1244 infra
1192 1217 1220 1244 in
1234 1216 1443 1251 Chronologici‘s
1454 1217 1472 1244 Ι.
1493 1224 1521 1243 ιιι
1537 1216 1636 1243 harum
1653 1215 1810 1243 observatio-

1032 1271 1109 1294 nutn.
1125 1271 1150 1290 c.
1172 1263 1197 1295 ξ’),
1222 1270 1250 1289 ιι.
1273 1262 1398 1295 6;nune
1424 1262 1598 1290 occasionem
1622 1269 1676 1289 non
1697 1263 1808 1288 omittam

1033 1308 1241 1337 demonstrandi
1251 1308 1415 1335 Vaticanum
1430 1308 1640 1342 paraphrastetn
1649 1314 1807 1342 nequaquam

1033 1356 1123 1391 ipsum
1139 1354 1221 1390 675
1235 1355 1319 1382 fuisse
1340 1355 1548 1390 Pacltymerem,
1572 1356 1620 1390 qui
1647 1355 1725 1382 aliam
1739 1354 1807 1388 quasi

1032 1402 1182 1429 editionem
1197 1402 1238 1428 sui
1253 1401 1346 1436 operis
1361 1405 1535 1428 commutans
1548 1401 1669 1436 plurima
1692 1401 1806 1435 vulgave-

1034 1448 1087 1479 rit;
1105 1447 1131 1474 id
1146 1447 1218 1482 quod
1234 1448 1323 1474 virum
1337 1447 1529 1474 doctissimum
1543 1447 1712 1482 suspicatum
1725 1446 1804 1473 video.

1035 1495 1063 1522 Si
1084 1494 1157 1521 enirn
1171 1495 1194 1521 is
1207 1494 1266 1528 ipse
1284 1499 1369 1524 esset.
1387 1501 1443 1520 non
1465 1494 1501 1521 ita
1516 1494 1663 1521 manifeste
1683 1501 1698 1520 a
1715 1500 1742 1520 se
1757 1492 1806 1527 ipso

995 1551 1017 1580 α
1035 1539 1221 1571 dissensisset.
1242 1543 1271 1566 ut
1300 1539 1347 1566 hic
1368 1539 1444 1566 facit.
1463 1539 1531 1566 Cum
1558 1540 1634 1567 enitn
1663 1539 1688 1566 in
1716 1537 1806 1565 nostris

1033 1585 1147 1619 optimis
1164 1584 1184 1611 Β
1198 1590 1226 1612 et
1239 1585 1258 1611 A
1275 1585 1358 1612 codd.
1374 1585 1556 1619 Paehymeres
1574 1585 1625 1613 hoc
1644 1586 1702 1613 loco
1720 1584 1805 1612 habent

1034 1631 1105 1666 πλὴν
1120 1631 1170 1657 οὐχ
1183 1631 1229 1657 ἐπὶ
1243 1630 1338 1657 τούτου
1354 1631 1400 1657 τοῦ
1419 1631 1514 1666 καιροῦ
1530 1631 1656 1666 γεγονὸς,
1672 1631 1736 1658 ἀλλὰ
1750 1629 1805 1664 πρό-

1033 1685 1125 1713 τερον,
1137 1677 1331 1712 paraphrastes
1343 1677 1383 1704 sic
1400 1677 1474 1704 hunc
1493 1677 1585 1705 locum
1598 1677 1677 1706 effert
1687 1677 1804 1712 πρότερον

1035 1723 1086 1759 μὲν
1098 1723 1208 1758 συμϐὰν
1226 1724 1296 1758 μετὰ
1309 1723 1340 1749 τὸ
1365 1723 1542 1757 ἐξαιρισοῆναι
1569 1723 1737 1758 πατριάρχην
1752 1721 1804 1756 ’Λρ-

1034 1771 1132 1798 σένιον.
1155 1769 1194 1796 lta
1214 1769 1269 1800 ille.
1291 1773 1320 1796 et
1335 1777 1397 1796 mox
1410 1774 1439 1797 ttt
1453 1769 1504 1797 sibi
1525 1770 1672 1801 eohmreat,
1689 1769 1731 1796 ubi
1746 1775 1802 1795 con-

1033 1819 1132 1843 ventus
1147 1820 1189 1842 est
1203 1815 1305 1842 mentio
1319 1815 1405 1842 habiti
1419 1816 1593 1850 congregatis
1607 1815 1738 1850 episcopis
1748 1821 1802 1840 ettnt

1032 1862 1200 1898 patriarcha,
1215 1863 1381 1897 imperatore
1402 1867 1550 1897 prazsente,
1574 1862 1616 1898 [Ρ.
1631 1861 1692 1897 475]
1709 1861 1803 1888 Vatica-

1032 1915 1085 1935 nus
1117 1908 1301 1940 patriarcham
1331 1913 1396 1935 tunc
1424 1907 1509 1935 fuisse
1533 1908 1698 1935 Germanum
1714 1907 1802 1934 diserte

1034 1954 1116 1981 tradit
1132 1959 1229 1981 contra
1253 1954 1425 1981 manifestam
1444 1954 1619 1990 Pachymeris
1643 1953 1800 1983 sententiam,

1032 1999 1080 2035 qui
1094 2000 1164 2027 nihil
1179 2000 1291 2027 omnino
1306 1999 1339 2026 de
1357 1999 1560 2026 conciliationis
1574 2000 1750 2027 Ecclesiarum
1762 2005 1802 2024 ne-

1032 2046 1107 2081 gotio
1137 2049 1296 2076 tractatum,
1320 2045 1444 2080 quandiu
1476 2045 1692 2080 patriarcltatum
1724 2043 1800 2071 tenuit

1031 2091 1196 2124 Germanus,
1227 2091 1321 2118 tradit.
1339 2091 1394 2118 Nec
1415 2094 1506 2125 potest
1524 2099 1586 2119 esse
1604 2091 1714 2118 dubium
1743 2088 1799 2123 quin

1032 2137 1189 2172 patriarcha
1205 2137 1261 2164 illic
1280 2137 1361 2164 tacito
1383 2136 1520 2164 indicatus
1546 2137 1657 2164 nomine
1680 2134 1800 2168 Jost‘plttts

1031 2183 1132 2215 fuerit;
1152 2183 1202 2210 sub
1217 2190 1272 2217 quo
1289 2183 1397 2210 demttm
1412 2183 1539 2209 tractatio
1556 2181 1705 2209 cene-ordia:
1725 2178 1801 2206 Eccle.

998 881 1018 909 Β

191 2229 267 2256 dum.
285 2227 361 2254 Licet
385 2233 438 2252 non
461 2224 590 2251 deessent
604 2222 777 2253 fervidiorcs.
795 2221 841 2256 qui
863 2222 888 2249 id
904 2223 977 2251 Graz-
993 2231 1015 2259 υ
1029 2229 1131 2256 εῑςπυιη
1149 2228 1251 2254 moveri
1273 2232 1362 2261 empta
1377 2232 1428 2254 est.
1443 2227 1476 2253 Et
1493 2227 1605 2261 quidem
1627 2225 1740 2260 Josepho
1761 2231 1801 2258 pa-

191 2275 231 2302 cis
248 2273 353 2309 iniungi
375 2271 536 2298 suaderent.
559 2268 660 2296 Contra
679 2276 748 2302 quos
769 2268 879 2295 videtur
895 2268 978 2296 Joan-

191 2328 240 2348 nes
253 2319 410 2349 l‘arastron,
424 2316 525 2343 missus
543 2314 808 2348 Constantinopolim
836 2322 850 2341 ιι
874 2314 977 2350 Grego.

190 2367 233 2393 rio
248 2365 284 2395 Χ,
306 2364 353 2391 illa
370 2362 452 2390 verba
469 2369 483 2388 a
498 2361 666 2395 Paehymere
685 2359 735 2386 hoc
751 2360 841 2393 capite
862 2360 976 2388 recitata

191 2411 354 2447 protulisse;
372 2417 422 2443 per
447 2415 507 2442 qua:
534 2406 649 2433 suadere
665 2405 757 2431 studet
784 2404 861 2432 Italis
889 2409 918 2432 ut
934 2406 975 2432 di-

191 2458 270 2484 misso
285 2459 425 2488 amotoque
441 2452 582 2480 addiliauis
597 2451 631 2477 ad
652 2450 803 2485 Symbolum
832 2451 857 2485 (a
874 2451 976 2479 Graecis

189 2502 318 2528 videlicet
332 2499 482 2534 exigendae)
507 2496 646 2527 scattdalo,
667 2505 726 2523 cum
755 2497 894 2532 fratribus,
912 2506 975 2532 quos

189 2549 304 2575 viderent
322 2547 412 2581 pulum
439 2545 536 2572 (.‘rwcis
561 2543 708 2575 conciliari,
737 2551 798 2569 vera
815 2544 853 2570 ita
870 2543 975 2570 demum

188 2594 318 2621 coalitum
334 2601 407 2627 pate,
421 2591 526 2618 vellent.
548 2589 592 2616 Uti
610 2593 636 2616 et
651 2588 771 2615 vicissim
789 2588 899 2616 Graecos
912 2597 974 2616 mox

188 2642 263 2675 ipsos
278 2640 406 2665 hortatur
426 2636 459 2663 ad
473 2634 655 2662 admittendus
673 2638 701 2660 et
720 2634 787 2660 satis
801 2634 974 2669 accipiendas

187 2685 379 2714 excusationes
408 2690 476 2718 quas
504 2681 594 2708 Latini
623 2680 773 2715 allegarent
799 2687 849 2715 pro
869 2679 975 2707 addita-

187 2737 280 2758 mento
296 2730 329 2757 ad
344 2728 514 2764 Symbolum,
529 2726 580 2752 hoe
594 2731 635 2752 est
653 2733 702 2759 pro
719 2733 752 2752 eo
772 2725 844 2759 quod
860 2724 975 2760 Symbo-

187 2778 244 2803 lutn
262 2784 327 2802 voce
349 2774 467 2808 Filioque
483 2778 593 2799 auctum
613 2772 639 2798 in
661 2771 717 2798 suis
736 2772 860 2798 ecclesiis
877 2777 974 2798 canta-

189 2827 260 2852 rent.
276 2826 357 2856 prout
377 2821 458 2855 justis
474 2824 501 2846 et
520 2819 684 2845 necessariis
699 2818 731 2844 de
747 2818 837 2844 causis
854 2819 972 2853 majores

188 2868 312 2901 ipsorum
341 2867 366 2892 id
390 2865 581 2892 instituissent.
604 2864 767 2891 Praszitissc
787 2865 853 2891 mihi
876 2865 972 2892 videor

1032 2273 1213 2300 triarchatum
1236 2280 1331 2307 gerere
1353 2272 1502 2307 incipiente
1519 2273 1642 2299 nondum
1667 2271 1746 2298 fuisse
1760 2269 1799 2295 dc-

1031 2318 1179 2344 l'ormatum
1204 2317 1299 2344 infami
1320 2317 1455 2351 supplicio
1475 2317 1650 2349 llolobolutn,
1670 2315 1799 2343 manifeste

1030 2366 1106 2396 patet
1120 2370 1153 2389 ex
1170 2370 1229 2396 cap.
1246 2363 1329 2396 hujus
1346 2363 1408 2389 libri
1430 2363 1470 2393 l2.
1482 2370 1537 2397 quo
1553 2368 1680 2389 narratur
1693 2362 1798 2395 impeta‘

1032 2413 1118 2435 torem
1135 2409 1240 2435 ursisse
1257 2408 1441 2441 patriarebam
1457 2409 1615 2442 (Josqnhum
1631 2406 1758 2439 videlicet)
1774 2408 1798 2431 et

1030 2454 1164 2488 quosdam
1180 2462 1213 2481 ex
1229 2454 1303 2480 clero
1322 2454 1354 2480 ad
1371 2455 1576 2481 assentiendum
1592 2455 1649 2488 paci
1663 2461 1737 2489 quam
1752 2457 1798 2478 tra-

1030 2500 1123 2526 ctabat
1150 2507 1212 2527 cum
1238 2500 1361 2526 Ecclesia
1390 2500 1524 2533 Enniana,
1547 2499 1750 2535 suifragantibus
1773 2497 1795 2524 in

1030 2546 1082 2573 hoc
1100 2546 1151 2580 ipsi
1168 2546 1363 2573 arehidiaeono
1387 2546 1571 2579 Meleteniota,
1587 2546 1698 2580 Georgio
1711 2544 1795 2580 Cyprio

1028 2591 1272 2626 prolapostolario,
1288 2596 1314 2619 et
1342 2591 1393 2618 hoc
1419 2593 1478 2626 ipso
1492 2592 1635 2624 llolobolo,
1651 2599 1726 2626 quem
1742 2590 1795 2617 inde

1029 2643 1104 2673 patet
1118 2639 1240 2666 nondttm
1258 2639 1328 2666 male
1341 2639 1487 2666 multatum
1502 2640 1537 2666 ab
1551 2640 1722 2674 imperatore,
1738 2636 1794 2672 (ιυῐιι

1028 2683 1111 2710 etiam
1128 2683 1155 2710 in
1173 2684 1259 2718 gratia
1281 2687 1346 2711 tunc
1362 2685 1433 2719 apud
1449 2692 1512 2711 enm
1529 2685 1622 2716 fuisse,
1646 2684 1727 2711 donec
1742 2688 1792 2709 eam

1029 2729 1076 2756 illo
1093 2730 1151 2764 ipso
1170 2735 1308 2757 conventu
1327 2730 1513 2764 imprudentia
1529 2739 1575 2758 sua
1594 2730 1716 2765 perdidit.
1731 2727 1792 2755 Alibi

1029 2776 1111 2803 etiam
1133 2775 1277 2803 observavi
1307 2777 1470 2810 scriptorem
1489 2777 1560 2804 hunc
1589 2785 1602 2804 a
1625 2774 1792 2808 Pacltymcris,

1029 2831 1110 2857 quem
1128 2823 1284 2856 interpolat,
1305 2827 1396 2849 mente
1411 2823 1550 2851 aberrare.
1568 2824 1619 2851 Sed
1636 2824 1685 2850 hoc
1701 2823 1724 2849 in
1737 2827 1791 2856 spc-

1029 2868 1117 2895 citnen
1135 2867 1228 2894 talium
1245 2867 1353 2895 abunde
1373 2869 1407 2896 sit
1426 2869 1470 2896 hic
1494 2877 1666 2897 memorasse.
