1931 3069
153 136 218 170 ΗΠ

903 137 1021 168 ΝΟΤίΕ.

1707 144 1775 176 1138

185 195 214 222 P.
232 194 294 220 595.
312 193 439 220 Pu‘uitcre
459 202 486 220 se
511 195 582 228 prius
596 199 722 220 actorum.
739 193 808 226 Quid
836 193 942 221 viderat
958 195 978 222 A
995 193 1168 228 Hellesponto
1183 195 1332 222 vehemens
1342 196 1469 230 spiraret.
1488 197 1573 225 Hodie
1589 198 1629 226 lue
1650 200 1775 228 t-iiitatcs

152 240 301 267 llolobolus
316 240 349 266 de
369 248 439 266 novo
469 244 498 266 ut
516 243 633 266 mutaret
652 239 828 272 sententiam,
850 243 878 266 et
906 247 939 266 ex

151 285 283 320 probante
305 285 450 312 consilium
468 285 732 312 reconciliandarum
752 286 938 313 Ecclesiarum

152 335 267 364 repente
282 330 308 357 iu
326 331 384 365 ejus
401 330 475 364 pacis
495 330 685 357 adversarium
703 331 876 357 mutaretur?
889 331 939 357 Ni-

152 378 190 404 hil
205 385 271 404 sane
286 377 338 404 nisi
356 384 384 403 se
399 376 490 403 minus
506 376 658 403 honoritice
683 384 764 411 quam
783 376 864 403 vellet
881 380 938 404 tra-

151 428 253 450 ctatum
267 423 302 450 ab
316 423 457 457 Augusto;
474 430 555 457 quam
574 423 628 455 ille,
657 427 686 450 ut
703 423 827 457 putabat,
843 427 939 450 contu-

150 469 259 496 meliam
280 469 486 503 perseverantia
511 469 539 496 iu
562 468 710 496 schismate
732 472 760 495 et
784 469 938 502 pervicacia

150 515 244 542 ulcisci
254 514 370 541 studuit.
384 515 422 541 En
432 522 487 548 quo
498 514 595 548 spiritu
606 513 691 541 Graeci
704 514 870 541 sehismatici
881 514 936 540 fero

150 563 255 586 rentur.
272 559 328 586 Non
346 567 394 586 eos
411 559 489 591 ratio,
502 567 555 586 non
572 559 731 590 auctoritas,
743 566 798 585 non
812 559 937 586 veritatis

150 612 226 637 cura,
245 604 292 631 sed
312 604 427 631 ambitio
443 609 470 631 et
485 604 614 638 superbia
632 604 801 639 privatzeque
817 604 938 631 rationes

151 650 373 685 prmcipitabant,
401 651 459 685 ipso
476 650 509 678 iis
537 650 647 677 addicto
671 650 804 677 historico
824 650 936 677 fatente.

149 695 209 722 Non
226 695 262 722 ita
287 694 402 722 Joannis
428 694 510 722 Vecci
529 703 561 722 ex
582 695 740 722 adversario
757 695 784 722 in
802 695 936 722 fautorem

149 740 310 767 Latinorum
327 741 441 768 mutatio
450 741 564 776 contigit
581 741 707 775 superius
719 749 743 768 c.
757 741 791 767 25
807 745 915 768 narrata
930 750 936 773 ;

150 786 197 814 ille
222 787 358 822 siquidem
385 788 474 822 quoad
507 787 612 822 putavit
639 795 749 815 causam
780 787 937 815 Gra'corum

152 833 269 860 veritate
281 834 344 866 niti,
356 834 479 860 modeste
494 833 597 860 restitit
616 833 775 868 imperatori
794 841 878 867 usque
902 833 935 860 ad

149 879 354 913 perpessionem
378 879 498 906 carceris
512 887 519 912 ;
532 879 578 905 ubi
597 886 662 906 vero
687 887 736 913 per
758 879 844 906 otium
859 879 937 906 lectis

149 922 260 950 Patrum
271 924 349 952 libris
362 925 434 952 clare
451 925 519 952 vidit
533 926 625 959 potius
639 926 684 960 jus
695 932 754 952 esse
766 925 936 958 Latinorum,

150 970 243 996 statim
258 971 376 1004 agnitum
394 971 537 997 veritatem
557 975 600 998 est
613 970 754 1005 professus
766 975 794 998 ct
809 976 937 998 constan-

151 1015 256 1042 tissime
276 1015 411 1043 defendit.

185 1061 216 1088 P.
232 1061 295 1088 59.5.
312 1061 446 1089 Intcstt'nis
470 1063 555 1089 ovium
576 1063 632 1096 ipso
659 1063 744 1090 adhuc
759 1063 822 1098 ﬁmo
836 1064 938 1099 refertis

150 1107 270 1141 imph'citi
286 1108 433 1143 onustique.
451 1108 506 1136 Etsi
521 1109 592 1136 hanc
619 1109 720 1137 {tedam
736 1110 938 1139 traductionem

149 1151 340 1179 damnatorum
360 1161 407 1188 per
424 1154 521 1181 urbem
534 1155 627 1181 καινὸν
641 1154 775 1190 θρίαμϐον
787 1155 939 1191 Pachyme-

149 1205 194 1226 res
209 1204 297 1230 vocat,
314 1206 510 1234 praecesserant
534 1205 623 1228 tamen
641 1202 700 1236 ejus
727 1203 851 1237 exempla
867 1202 939 1229 Con-

150 1245 341 1279 stantinopoli.
372 1246 439 1272 Vide
457 1246 563 1274 Annam
584 1246 762 1279 Comncnam,
775 1247 840 1282 quid
856 1248 939 1283 676

151 1291 209 1324 ipsa
226 1291 314 1318 simile
342 1291 451 1323 viderit,
469 1293 644 1320 reTerentem.
660 1293 680 1320 l.
692 1301 730 1320 xtt
743 1293 892 1327 Alexiadis,
910 1303 936 1330 p.

151 1335 204 1362 555
219 1335 264 1362 ed.
284 1336 362 1370 Reg,
381 1337 424 1363 tibi
442 1337 618 1371 peculiariter
631 1339 657 1365 in
680 1346 737 1366 rem
753 1344 875 1367 nostram
889 1348 939 1368 no-

152 1384 191 1407 tat
205 1388 254 1408 eos
266 1382 311 1416 qui
328 1381 379 1409 hoc
401 1383 482 1409 modo
506 1383 783 1413 circumducebantur
809 1386 938 1414 habuisse

152 1427 242 1462 capita
258 1428 395 1455 intestinis
422 1428 504 1455 boum
521 1430 670 1464 oviumque
688 1431 764 1465 quasi
783 1425 816 1458 ad
834 1431 938 1459 ridicu-

151 1474 208 1501 lum
233 1480 359 1502 ornatum
380 1476 487 1503 cincta:
508 1476 563 1508 Τὰς
590 1477 617 1503 δὲ
631 1477 761 1511 κεφαλὰς,
778 1478 877 1513 inquit,
893 1479 937 1504 ὲν-

151 1520 267 1552 τοσϐἱοις
284 1521 353 1555 βοῶν
365 1521 411 1547 καὶ
428 1521 575 1556 πρηῦάτων
600 1523 705 1554 ταινίας
724 1523 802 1557 δίκην
831 1524 934 1558 κοσμή-
952 1537 973 1565 c

153 1573 259 1596 σαντες,
274 1566 302 1593 ln
320 1567 422 1601 optimo
440 1575 491 1594 ms.
511 1567 669 1602 Pugetiano,
688 1575 749 1595 cum
765 1576 820 1603 quo
835 1569 937 1597 editam

150 1612 205 1646 jatn
220 1612 376 1640 Alexiadcm
401 1614 505 1641 contuli
530 1619 558 1641 et
589 1615 650 1649 plus
676 1622 757 1649 quam
776 1615 850 1643 mille
869 1615 939 1644 locis

152 1657 307 1690 emendavi,
323 1657 420 1692 legitur
440 1660 712 1694 κατακοσμήσαντες.

189 1702 209 1729 P
225 1702 286 1730 397.
300 1704 332 1736 Il;
344 1703 377 1735 ὸς
403 1704 547 1737 Μεθώνην
570 1705 712 1739 γίνονται.
732 1705 777 1734 Sic
795 1706 939 1734 contextus

154 1747 236 1774 trium
252 1748 334 1775 simul
357 1748 482 1776 codicum
496 1758 502 1775 :
516 1749 562 1777 sed
578 1750 604 1777 in
622 1750 773 1778 Barberino
786 1759 869 1786 supra
882 1753 940 1778 Με-

154 1792 242 1828 οώνην
260 1793 408 1829 ascriptum
426 1794 452 1821 in
470 1794 567 1830 glossze
595 1795 706 1822 modum
724 1796 855 1831 Κορώνην
871 1797 940 1832 legi-

153 1846 223 1866 mus.
245 1839 302 1866 Hoc
318 1839 351 1866 ab
369 1840 478 1868 erudito
491 1840 593 1868 lectore
611 1841 732 1868 additum
760 1848 888 1877 putamus
905 1843 939 1870 ad

153 1884 370 1918 praevertendum
399 1885 618 1921 ambiguitatem,
648 1894 709 1921 quae
736 1892 829 1921 posset
857 1888 939 1923 objici

152 1929 244 1956 minus
257 1931 346 1957 cautis
370 1938 385 1957 a
408 1931 542 1958 vocabulo
568 1931 711 1966 Μεθώνης.
730 1933 784 1960 lsto
799 1934 872 1960 enim
889 1942 940 1961 no-

155 1975 229 2002 mine
243 1980 285 2002 est
298 1976 363 2003 urbs
377 1976 500 2004 Thracia:
512 1977 583 2012 apud
596 1977 708 2004 Suidam
720 1983 747 2005 ct
759 1978 939 2014 Stephanum;

153 2021 218 2048 item
233 2021 285 2048 alia
300 2021 464 2049 Macedonia:
481 2022 508 2049 in
526 2023 675 2058 Magnesia,
691 2025 768 2059 cujus
792 2025 941 2054 meminere

154 2065 336 2102 Thucydides,
351 2067 459 2099 Strabo,
479 2067 645 2102 Stephanus,
680 2069 794 2103 Plinius,
816 2075 869 2098 etc.
886 2071 942 2098 Me-

155 2112 256 2139 thonen
271 2112 354 2140 etiam
374 2114 401 2140 in
429 2113 569 2141 Thessalia
587 2120 720 2142 memorat
735 2114 894 2151 llesychius,
911 2116 942 2143 il-

152 2157 204 2183 lam
222 2157 292 2185 forte
319 2158 353 2185 de
383 2166 436 2194 qua
457 2159 562 2187 Seneca
582 2160 666 2188 choro
689 2165 766 2188 actus
779 2162 795 2188 4
810 2161 941 2190 Troadum

153 2203 196 2230 his
208 2204 350 2232 versibus:

256 2260 298 2298 An
314 2261 454 2298 frequen:
465 2263 546 2290 fuscis
575 2263 674 2290 levibus
702 2264 833 2298 Met/Ione,

276 2296 340 2328 Qum
355 2297 401 2323 sub
416 2296 516 2324 (Elatia
536 2297 668 2325 latebrosa
682 2299 765 2331 silvis,
775 2304 819 2327 etc

151 2342 230 2370 Nulla
256 2349 340 2377 porro
362 2343 460 2370 harum
486 2344 514 2370 in
540 2343 614 2371 hunc
625 2345 714 2371 locum
733 2346 869 2379 quadrat:
886 2353 941 2372 non

153 2388 226 2414 enim
241 2392 386 2422 provectos
399 2396 414 2416 a
431 2388 516 2415 Malea
533 2389 659 2416 Laconia:
674 2391 863 2424 promontorio
879 2391 942 2418 Hel~

152 2433 303 2467 lespontias
328 2438 427 2461 ventus
457 2435 546 2469 plenis
571 2435 641 2462 velis
660 2443 708 2471 per
727 2441 810 2464 totam
832 2441 940 2464 noctem

154 2478 309 2513 impellens,
328 2480 400 2514 quod
421 2480 463 2507 hic
483 2481 596 2514 dicitur,
612 2482 748 2516 appellere
763 2487 838 2510 retro
852 2484 941 2517 potuit

154 2524 181 2551 in
195 2524 380 2552 Macedoniam
408 2531 454 2553 aut
481 2526 635 2554 Thraciam.
653 2527 700 2554 Est
717 2535 783 2563 ergo
802 2529 860 2555 haec
884 2530 940 2555 Με-

154 2569 226 2604 θώνη
248 2578 329 2604 quam
355 2570 504 2599 Pausanias
528 2572 661 2608 Μοθώνην
679 2573 785 2605 scribit,
802 2573 942 2601 Messenia).

154 2615 222 2642 urbs
241 2615 380 2643 maritima
399 2616 426 2643 in
442 2617 551 2644 modico
568 2618 769 2652 promontorio,
784 2619 828 2646 cui
841 2619 941 2646 adver—

154 2669 214 2688 sum
230 2661 303 2688 aliud
319 2666 435 2697 angusto
446 2662 508 2689 sinu
522 2662 689 2698 diremptum
704 2663 813 2691 Coronc
829 2664 940 2697 insidet,

155 2707 209 2734 alia
223 2708 300 2739 urbs,
316 2708 358 2743 [Ρ.
377 2708 440 2744 ﬁt]
460 2709 538 2743 cujus
549 2714 692 2744 propterea
710 2711 876 2737 mentionem
893 2718 941 2744 op-

156 2756 275 2786 portune
289 2753 410 2788 suggerit
423 2754 559 2788 glossema
578 2762 632 2781 non
650 2754 746 2782 inutile
760 2755 793 2782 ad
810 2755 941 2783 deterrui-

156 2798 277 2825 nandum
294 2799 327 2826 de
348 2807 400 2833 qua
416 2799 543 2827 Methone
563 2800 608 2827 hic
623 2805 739 2834 agatur:
754 2809 816 2828 nam
831 2801 857 2828 in
871 2802 941 2829 hanc

156 2849 210 2869 tton
229 2842 414 2871 inverisimilis
431 2852 528 2872 cursus
544 2852 557 2871 a
574 2844 657 2871 Malea
674 2844 724 2871 iuit
744 2850 825 2873 vento
837 2846 883 2879 qui
907 2847 940 2874 ab

991 245 1090 264 nomen
1108 237 1165 265 fere
1184 241 1326 273 antiquum
1345 240 1372 267 in
1391 241 1497 275 mappis
1515 243 1716 271 recentioribus
1728 245 1777 271 ob-

991 282 1088 313 tinent,
1112 283 1224 318 signatm
1244 285 1384 312 vocabulis
1410 285 1506 313 Medon
1522 291 1548 313 et
1569 287 1664 315 Coron.
1691 290 1776 316 Porro

989 327 1036 360 qui
1053 327 1142 354 sinum
1166 328 1309 356 Modoncm
1328 331 1398 357 inter
1414 336 1440 358 et
1459 331 1594 359 Curonem
1616 334 1697 360 situm
1727 335 1775 361 in-

991 376 1053 405 trat,
1068 373 1090 400 is
1111 378 1140 400 ut
1155 374 1309 402 Melhonem
1330 376 1370 403 sic
1386 383 1410 403 et
1429 377 1564 404 Curoneni
1580 380 1702 406 tenuisse
1720 380 1774 407 dici

989 423 1090 454 potest,
1112 425 1142 447 ut
1157 420 1224 447 nihil
1239 421 1372 456 glossator
1399 423 1505 450 auctori
1522 425 1689 452 contrarium
1708 426 1776 453 alle-

989 465 1072 491 verit.

1024 508 1054 536 P.
1072 509 1135 537 420.
1149 509 1197 537 Cui
1211 510 1331 538 Manut'ti
1346 520 1441 540 nomen
1468 518 1525 540 erat
1548 515 1685 542 Zur/toria:
1708 516 1774 550 ﬁlio.

990 554 1058 581 Puta
1069 555 1126 582 haec
1138 555 1269 584 Manuelis
1280 562 1306 584 et
1316 557 1455 586 Zachariae
1466 561 1594 588 vocabula
1606 564 1776 596 praenomina

989 599 1073 628 fuisse
1105 601 1247 629 hominum
1268 603 1368 637 quibus
1397 612 1542 633 commune
1556 607 1626 634 foret
1652 607 1777 636 Catani-te

989 646 1078 680 gentis
1097 654 1208 676 nomen.
1224 648 1281 675 lloc
1305 650 1377 676 enim
1400 650 1548 679 dicendum
1563 655 1720 681 necessario
1736 655 1777 681 vi-

989 691 1079 725 detur,
1098 697 1127 720 ut
1143 693 1324 727 Paehymeres
1340 703 1401 722 cum
1421 696 1541 731 Gregora
1566 705 1683 733 euntque
1700 700 1774 727 Dura

990 736 1130 764 Michaelis
1147 744 1257 773 nepote,
1271 740 1349 775 cujus
1373 741 1524 776 historiam;
1537 743 1578 769 vir
1597 743 1777 772 doctissimus

990 780 1085 810 lsniael
1103 783 1243 812 Bnlialdus
1256 790 1318 813 ante
1331 787 1381 814 hos
1398 795 1486 815 annos
1498 789 1656 823 quindecim
1673 791 1778 824 primus

991 827 1087 860 edidit,
1104 829 1261 861 conveniat,
1275 831 1411 865 siquidem
1431 831 1470 858 illi
1493 833 1576 859 ambo
1600 834 1701 860 docent
1727 835 1777 860 lili-

989 873 1113 902 chaelem
1142 875 1322 911 Palmologum
1353 877 1426 904 hunc
1449 883 1573 905 nostrum
1606 881 1776 907 concessisse

990 919 1132 947 Phocmam
1150 920 1288 948 Cataneis.
1301 922 1339 949 Ac
1355 922 1490 957 Gregoras
1516 924 1626 958 quidem
1649 925 1700 952 sub
1723 926 1777 952 ini—

990 966 1056 993 tium
1069 966 1131 992 libri
1145 974 1181 999 x1,
1196 975 1221 1001 p.
1235 967 1299 1000 “259,
1311 975 1395 1003 agens
1409 968 1442 996 de
1453 969 1555 997 Catane
1568 969 1688 998 Phoctraa
1700 972 1778 1006 prin-

989 1011 1058 1045 cipe,
1075 1015 1103 1039 et
1119 1019 1182 1039 eum
1199 1012 1353 1048 Mitylenem
1380 1018 1444 1041 tunc
1471 1022 1621 1050 occupasse
1652 1016 1775 1044 referens

990 1057 1017 1083 in
1031 1064 1149 1092 eamque
1164 1058 1345 1092 immigrasse,
1358 1061 1486 1094 prtesidio
1499 1065 1588 1089 tamen
1602 1063 1691 1090 valido
1704 1064 1777 1091 Pho-

989 1109 1051 1129 cmze
1065 1102 1172 1134 relicto,
1192 1105 1284 1130 statim
1314 1105 1426 1133 subdit:
1445 1106 1552 1141 κλῆρος
1580 1107 1602 1133 δ’
1628 1109 1701 1143 αὐτῷ
1725 1118 1776 1135 περ

990 1147 1105 1182 ριελοὼν
1117 1146 1150 1184 ἦν
1162 1149 1216 1176 ἀπὸ
1232 1151 1373 1185 προγόνων
1390 1153 1405 1187 ἡ
1421 1152 1533 1179 Φώκαια
1550 1154 1617 1188 πρὸς
1632 1155 1678 1181 τοῦ
1697 1154 1775 1190 βασι-

989 1193 1056 1226 λέως
1081 1195 1127 1221 καὶ
1140 1196 1252 1222 πάππου
1273 1197 1319 1223 τοῦ
1341 1198 1474 1232 βασιλέως
1499 1199 1573 1233 σφίσι
1595 1200 1700 1226 δοθεῖσα
1715 1202 1776 1226 ἐπι-

989 1242 1092 1276 τροπῆς
1111 1241 1192 1268 ἕνεκα.
1206 1243 1252 1268 καὶ
1267 1243 1417 1278 χρημάτων
1430 1244 1523 1279 ι677
1538 1245 1610 1277 τινὸς
1627 1247 1773 1281 πορισμοῦ.

990 1287 1034 1312 Διὸ
1057 1287 1190 1313 καὶκατὰ
1205 1289 1315 1322 χρόνους
1339 1291 1456 1322 τακτοὺς
1470 1292 1493 1316 ot
1518 1291 1622 1326 ταύτης
1645 1293 1775 1326 ἐφορείαν

989 1331 1174 1367 διαδεχόμενοι
1190 1334 1337 1369 γράμμασι
1361 1335 1510 1370 βασιλικοῖς
1526 1337 1703 1369 ἀνανεοῦντες
1729 1339 1772 1364 ἀεὶ

989 1378 1124 1405 διετέλουν
1139 1379 1189 1415 τὴν
1199 1380 1272 1406 δόσιν
1287 1381 1333 1406 τοῦ
1344 1381 1455 1416 κλήρου,
1467 1387 1521 1409 etc.
1533 1383 1655 1415 Quorum
1668 1391 1773 1410 summa

989 1425 1199 1458 est,Catanem,
1216 1427 1264 1461 qui
1292 1427 1344 1454 sub
1369 1427 1532 1455 Andronico
1562 1428 1674 1464 juniore
1701 1429 1776 1463 prin-

990 1478 1054 1505 ceps
1087 1471 1208 1500 Phocea:
1237 1477 1384 1505 erat,eum
1407 1474 1592 1508 principatum
1622 1474 1776 1502 obtinuisse

990 1516 1165 1544 lnereditario
1187 1518 1249 1553 jure
1273 1519 1462 1546 transmissum
1489 1527 1503 1546 a
1531 1520 1588 1547 suis
1614 1520 1775 1555 majoribus,

989 1563 1089 1598 quibus
1107 1562 1182 1590 illum
1199 1563 1346 1598 imperator
1364 1572 1482 1598 proavus
1506 1566 1657 1592 Andronici
1675 1565 1774 1592 Junio-

989 1609 1027 1636 ris
1044 1609 1107 1644 (fuit
1123 1609 1146 1636 is
1161 1609 1277 1637 Michael
1295 1610 1462 1646 Palteologus
1475 1611 1561 1646 prior)
1576 1612 1660 1639 certis
1670 1611 1777 1646 legibus

990 1657 1018 1684 in
1048 1657 1171 1689 l'eudum,
1199 1661 1230 1684 ut
1256 1657 1417 1692 loquuntur,
1451 1658 1644 1685 concessisset.
1686 1658 1777 1691 Quare

989 1702 1098 1737 quoties
1115 1702 1141 1729 in
1155 1710 1188 1729 eo
1201 1702 1356 1737 principatu
1373 1703 1420 1729 lilii
1438 1703 1562 1737 patribus
1580 1703 1775 1733 succederent.

990 1747 1108 1782 diploma
1123 1747 1300 1782 imperatoris
1315 1749 1462 1782 impetrare
1478 1749 1538 1776 illos
1552 1749 1706 1783 oportebat,
1720 1757 1776 1784 quo

990 1793 1017 1820 in
1031 1793 1111 1820 istius
1133 1792 1266 1828 dynastia‘.
1295 1793 1442 1828 legitimam
1461 1794 1662 1828 possessionem
1682 1794 1776 1821 mitte-

989 1842 1095 1866 rentur.
1113 1839 1152 1866 Ita
1167 1839 1204 1866 ibi
1220 1839 1365 1874 Gregoras.
1382 1840 1471 1867 Ducas
1486 1844 1577 1867 autem
1596 1847 1621 1867 e.
1634 1840 1669 1867 20
1684 1838 1754 1866 Hist.
1767 1860 1775 1869 .

990 1892 1018 1918 ι).
1034 1884 1067 1912 89
1088 1883 1133 1912 ed.
1149 1885 1214 1919 licg.
1234 1885 1274 1912 sic
1289 1885 1390 1912 habet:
1413 1886 1456 1911 ‘Ev
1474 1887 1533 1917 ταῖς
1547 1886 1664 1921 ἡμέραις
1677 1886 1704 1912 δὲ
1727 1885 1776 1912 τοῦ

992 1930 1123 1964 βασιλέως
1149 1931 1261 1966 Μιχαὴλ
1284 1932 1332 1957 τοῦ
1361 1931 1556 1965 Πιλαιολόγου.
1583 1931 1631 1957 τοῦ
1661 1932 1778 1966 πρώτως

992 1975 1203 2008 βασιλεύσαντος
1217 1976 1246 2002 ἐν
1262 1976 1468 2009 Παλαιολόγῡις,
1491 1974 1573 2011 ἦλθόν
1589 1985 1661 2007 τινες
1683 1976 1778 2004 Ἰταλοὶ

991 2021 1131 2053 αἰτοῦντες
1145 2022 1174 2048 τὸ
1191 2022 1253 2056 ὄρος
1267 2022 1335 2057 (agit
1356 2023 1389 2048 de
1407 2027 1500 2048 monte
1515 2022 1654 2056 Phocidis)
1667 2022 1777 2056 δοϐἦνοι

991 2068 1094 2100 αὐτοῖς,
1115 2068 1163 2094 καὶ
1187 2068 1338 2102 λαμϐάνειν
1365 2068 1426 2094 κατ’
1461 2067 1520 2098 ἔτος
1537 2068 1564 2094 τὺ
1583 2068 1776 2102 συμ’έωνηοἑνι.

991 2113 1144 2149 Imperantc
1165 2112 1294 2139 Miclmcle
1324 2112 1488 2147 Palwologo,
1503 2121 1531 2139 eo
1557 2114 1602 2147 qui
1625 2113 1725 2147 primus
1750 2113 1779 2139 in

991 2159 1099 2186 domum
1113 2157 1296 2193 Palwologam
1310 2158 1448 2192 imperitat:
1462 2158 1562 2189 intulit,
1578 2159 1777 2193 aenei-unqui-

956 2215 979 2243 ι)
993 2206 1056 2233 dant
1082 2204 1148 2232 Itali
1164 2209 1279 2239 petentes
1311 2209 1427 2231 montem
1446 2203 1562 2231 Pliarww
1578 2205 1627 2230 sibi
1657 2205 1716 2230 dari
1731 2204 1778 2230 sub

992 2253 1167 2288 pensitatione
1194 2251 1277 2278 annui
1294 2251 1396 2278 tributi.
1427 2251 1490 2277 llzec
1507 2250 1608 2281 Ducas,
1630 2250 1676 2285 qui
1693 2258 1781 2284 quan-

993 2307 1074 2334 quam
1092 2298 1138 2326 hic
1157 2306 1211 2325 non
1230 2298 1353 2325 nominat
1365 2298 1432 2324 istos
1446 2297 1540 2329 Italos,
1567 2296 1648 2331 paulo
1663 2296 1780 2323 inferius

993 2349 1085 2372 tamen
1114 2343 1217 2371 indicat
1233 2350 1280 2370 eos
1306 2351 1321 2370 e
1349 2348 1428 2378 gente
1445 2342 1563 2370 Catanea
1592 2342 1686 2374 fuisse,
1713 2341 1779 2368 dum

993 2391 1089 2418 scribit
1102 2398 1110 2416 :
1121 2387 1212 2417 Ἦσαν
1229 2390 1256 2415 δὲ
1267 2390 1292 2416 οἱ
1308 2389 1437 2424 ῥηθέντες
1451 2390 1499 2422 τῆς
1514 2387 1616 2418 πόλεως
1632 2388 1706 2422 (νέας
1720 2387 1780 2413 Φω-

993 2436 1084 2472 καίας)
1109 2436 1242 2471 κτήτορες
1259 2437 1291 2461 ὲκ
1304 2435 1359 2461 τῶν
1387 2434 1535 2461 Κατανὲων
1551 2434 1702 2465 Γενουῖται,
1720 2432 1782 2458 ’Λν-

993 2483 1073 2518 δρέας
1094 2483 1141 2509 καὶ
1174 2481 1314 2513 Ἰάκωϐος,
1329 2485 1385 2508 etc.
1412 2480 1500 2507 Erant
1527 2484 1615 2506 autent
1642 2479 1782 2506 memorati

993 2528 1063 2555 urbis
1092 2535 1165 2555 nocte
1187 2527 1304 2554 Pliocwa:
1326 2526 1425 2553 domini
1449 2534 1462 2552 ε
1488 2526 1612 2552 Cataneis
1631 2525 1781 2552 Cannenses

994 2573 1114 2600 Andreus
1141 2577 1165 2599 et
1187 2571 1311 2604 Iacobus,
1338 2571 1440 2606 posteri
1467 2570 1593 2597 videlicet
1611 2570 1718 2597 illorutn
1734 2575 1782 2596 aut

994 2619 1068 2646 illius
1087 2618 1134 2654 qui
1152 2626 1214 2646 cum
1232 2617 1364 2645 Michaelc
1385 2617 1536 2652 Palatologo
1553 2616 1636 2651 priori
1654 2616 1687 2643 de
1705 2624 1783 2642 mon-

995 2666 1029 2694 tis
1043 2667 1163 2693 Phocaam
1180 2665 1303 2693 dominio
1318 2668 1501 2700 transegerat.
1518 2663 1594 2690 Unde
1617 2662 1784 2698 intelligitur

995 2713 1068 2740 hunc
1093 2713 1172 2747 cujus
1199 2711 1326 2739 meminit
1352 2711 1405 2738 hoc
1434 2710 1494 2738 loco
1518 2710 1710 2745 Pachymeres,
1731 2710 1780 2744 qui

995 2759 1099 2793 primus
1112 2764 1233 2786 montem
1248 2758 1379 2786 Phocidis
1396 2757 1529 2785 beneﬁcio
1547 2757 1720 2792 imperatoris
1731 2756 1782 2782 ob-

996 2804 1088 2836 tinuit,
1102 2804 1253 2831 lllanuclem
1269 2804 1415 2831 Cataneam
1432 2803 1515 2831 fuisse
1534 2808 1672 2834 vocatum,
1695 2802 1780 2829 tilium

995 2849 1131 2877 Zacharize
1146 2851 1272 2878 (Zatancae
1288 2851 1345 2879 sive
1357 2851 1480 2879 Catanci.
1499 2850 1662 2885 “operimus
1677 2855 1703 2876 et
1728 2850 1779 2876 (1a.
