1931 3069
134 140 206 178 ma

587 148 619 180 P.
641 148 794 181 POSSINI
813 146 1143 182 OBSERVATIOXUM
1162 151 1238 182 LIB.
1258 147 1302 182 ῙῘ.

1697 145 1769 182 Ilii)

136 202 249 230 telusios
264 207 396 230 vocatos:
414 210 476 230 nam
496 203 543 238 qui
570 204 648 231 multi
667 205 694 232 in
712 205 836 233 historiis
852 205 922 233 cite-

987 207 1030 238 οἷς
1057 206 1157 242 ἄκροις
1184 207 1239 233 τῶν
1265 206 1405 241 ὕποὸόχων
1432 204 1552 239 ἀγγείων
1575 206 1770 239 πεπαγομένος

135 246 218 273 rioris
236 247 324 275 astatis
338 247 541 275 Catelusiorum
567 251 751 284 appellatione
769 259 924 278 memoran-

137 298 192 324 tur,
213 299 246 320 ex
262 293 356 320 eadem
372 301 433 321 cum
450 292 576 322 Catancis
587 301 647 323 esse
664 296 765 324 familia
780 301 855 324 certo
866 297 925 324 col-

136 338 232 373 ligitur
259 346 293 366 ex
321 339 468 367 collatione
495 341 636 368 variorum
659 342 784 369 locorum
800 342 924 376 Villanii,

137 383 250 411 Laonici
265 390 293 411 et
308 385 424 412 aliorum
441 385 635 414 thtoricorum
652 388 699 422 qui
724 396 769 415 res
793 389 926 424 quingen-

137 433 229 458 tarum
244 437 318 458 retro
332 439 470 458 annorum
485 433 589 468 scripto
606 433 741 468 complexi
768 439 843 461 sunt.
867 434 926 461 Nec

138 483 208 503 nova
226 484 271 504 res
287 481 329 505 est
343 478 443 505 mutari
457 478 563 514 aliquid
589 478 618 506 in
641 479 800 506 nominibus
815 487 927 514 magna-

139 530 200 550 rum
214 521 356 556 domuum,
365 531 427 551 cum
440 524 504 551 olim
516 525 635 553 sciamus
644 526 774 553 Cloantos
787 526 815 552 in
830 526 927 553 Cluen-

138 569 202 600 tios,
220 568 319 597 Lamos
334 569 361 596 in
379 569 496 603 Lamias,
508 570 625 598 Clausos
637 571 664 599 in
678 572 808 599 Claudios
821 577 849 600 et
862 572 926 600 Clo-

139 614 210 648 dios,
227 614 389 644 Hortensios
406 617 490 644 etiam
511 617 539 644 in
556 617 683 645 Hortalos
696 619 838 652 transisse,
851 619 927 646 nullo

139 663 167 690 id
195 663 221 691 in
248 670 440 699 argumentum
464 665 591 693 trahente
611 666 721 694 familia:
744 667 877 699 diversa};
898 669 928 693 ut

138 709 264 736 omittam
279 710 379 738 similia
394 711 513 746 plurima
540 712 642 746 passim
667 712 812 739 observata
826 712 854 739 in
871 719 928 739 me-

138 754 227 781 moria
244 755 429 783 recentiorum
447 756 572 792 adeoque
590 757 672 784 hodie
686 758 839 792 vigentium
862 757 928 784 stir-

140 800 227 834 pium.
240 800 300 828 Non
314 801 388 829 enim
398 802 442 829 his
454 802 594 830 immorari
607 803 684 830 locus
699 807 746 830 aut
763 803 929 838 praescripta:

140 845 285 875 brevitatis
314 847 381 875 sinit
409 848 519 880 modus,
535 856 617 884 quem
634 849 746 884 quidem
761 850 816 884 jam
834 856 929 876 exces-

141 892 210 920 sisse
232 900 276 921 me
298 886 441 929 paululum
468 895 568 928 sentio,
584 878 689 922 scilicet
711 878 802 922 ofﬁcio
827 895 930 922 clatum
946 878 967 905 Β

141 938 212 972 grati
229 938 314 966 animi
326 947 390 974 erga
402 940 534 967 familiam
561 940 773 974 nobilissimam,
790 941 869 976 cujus
883 947 930 967 ve-

143 988 201 1011 tera
228 984 471 1020 illustrissimaque
493 990 602 1014 exstant
618 994 682 1021 erga
699 994 787 1015 meam
813 987 930 1022 patriam

143 1029 255 1057 Galliam
271 1030 334 1057 ﬁdei
349 1031 602 1067 benevolentiteque
630 1040 683 1060 non
698 1033 818 1068 vulgaris
833 1041 932 1060 monu-

142 1081 245 1104 menta.
270 1077 358 1105 Rufus
381 1078 493 1113 quippe,
522 1079 583 1106 aliis
615 1079 753 1111 Ruﬂinus,
784 1079 931 1112 Cataneus,

143 1127 325 1157 cognomento
357 1123 400 1159 [Ρ.
420 1123 482 1159 475)
510 1123 544 1152 de
571 1124 658 1158 Volta,
678 1125 795 1160 Philippi
817 1125 933 1160 Augusti

143 1167 237 1195 Gallia:
256 1169 329 1204 regis
347 1169 561 1197 archithalassus
574 1170 636 1203 fuit,
651 1175 678 1197 et
691 1179 753 1198 eum
768 1175 829 1205 post
846 1179 932 1205 expu-

143 1220 252 1249 gnatam
266 1215 404 1243 Acconem
419 1215 574 1250 deportavit
592 1216 619 1243 in
639 1217 776 1251 Apuliam,
793 1221 822 1243 ut
836 1216 933 1251 Rigor-

144 1261 197 1288 dns
224 1261 305 1289 docet
322 1261 350 1288 in
378 1261 450 1289 libro
468 1261 507 1288 De
527 1262 606 1297 gestis
627 1259 744 1297 Philippi
768 1263 890 1297 Augusti,
903 1270 930 1297 p.

144 1307 208 1334 142.
225 1306 351 1335 Salvator
365 1307 450 1335 etiam
468 1307 565 1335 Vitalis
578 1308 606 1334 in
618 1307 703 1343 678
715 1307 852 1335 Chronico
864 1307 931 1335 Cor-

144 1356 209 1382 sica:
224 1355 316 1388 tradit,
332 1356 360 1383 in
377 1356 552 1391 expeditione
574 1355 602 1383 S.
627 1354 760 1382 Ludovici
789 1363 841 1390 qua
859 1355 933 1390 cepit

145 1401 296 1434 Pelusium,
316 1409 400 1428 unum
418 1409 451 1428 ex
467 1401 563 1429 eadem
578 1401 665 1436 stirpe
694 1401 877 1428 Cataneorum
898 1400 932 1427 de

145 1445 223 1475 Volta
237 1447 309 1474 inter
323 1447 408 1475 duces
421 1448 560 1474 exercitus
575 1440 669 1474 fuisse.
681 1445 761 1473 Anno
772 1445 837 1473 item
850 1444 932 1473 Chri-

145 1493 180 1522 sti
196 1493 275 1526 1596,
290 1501 352 1521 cum
371 1493 524 1521 Genuensis
549 1500 593 1520 res
620 1491 728 1526 publica
745 1492 773 1517 in
791 1491 864 1526 gravi
881 1497 932 1517 suo

976 252 990 278 ὁ
1014 251 1106 286 ζωμὸς
1120 250 1167 277 καὶ
1183 251 1378 285 ὑπεραυγίζων
1404 250 1507 284 ὁμοίως
1525 249 1698 285 κρυστάλλῳ,
1714 253 1770 276 etc.

978 297 1035 324 lloc
1054 302 1098 324 est
1128 305 1161 324 ex
1185 297 1314 324 versione
1334 297 1470 324 Bulialdi:
1500 295 1533 322 In
1560 295 1684 326 Phocide,
1712 302 1772 329 qute

980 343 1067 371 lonia:
1092 343 1210 378 adjacet,
1235 351 1309 370 mons
1333 347 1390 370 erat
1419 341 1662 369 mctalliuluminis
1676 340 1770 376 ferax;

978 391 1115 425 cunctique
1138 390 1250 424 lapides,
1275 390 1320 425 qui
1340 390 1368 417 in
1391 389 1614 420 uerticemontis,
1639 389 1665 415 in
1683 388 1771 421 ignem

977 437 1104 472 primunt,
1133 436 1299 469 postmodum
1327 436 1355 462 in
1384 443 1485 469 aquam
1509 433 1584 460 missi
1607 433 1634 459 in
1659 440 1771 459 arenam

977 483 1207 510 comminuuntur.
1232 482 1293 508 Hrec
1317 489 1349 509 ea:
1373 482 1431 508 istis
1461 480 1592 516 lapidibus
1611 478 1721 506 collecta
1743 479 1771 505 in

977 529 1103 556 cacubum
1119 536 1189 563 aqua
1203 529 1281 555 mista
1298 529 1458 558 demittitur,
1476 535 1507 554 ac
1534 527 1579 552 ubi
1592 534 1686 561 parum
1701 533 1772 560 aqua

978 575 1077 608 iniecta
1091 574 1195 609 ferbuit,
1211 581 1293 600 arena
1317 573 1432 608 liquefit.
1445 571 1521 604 Quod
1532 572 1642 598 densum
1653 575 1690 597 est
1702 572 1772 604 ejus,

977 621 1038 655 offic
1051 619 1148 651 simile,
1164 619 1199 646 ad
1217 619 1325 646 modum
1355 618 1431 645 lactis
1449 619 1475 644 in
1503 625 1611 644 caseum
1638 616 1773 652 coaguluti

978 672 1119 694 seruatur:
1136 665 1207 701 quod
1219 665 1316 692 durum
1335 668 1361 692 el
1377 668 1511 696 terrestre,
1535 669 1563 690 ut
1588 662 1683 690 inutile
1701 663 1772 697 abji-

979 713 1057 739 cilur.
1077 711 1133 747 Offa
1154 719 1214 738 vero
1232 710 1281 737 illa
1294 711 1321 737 in
1336 719 1401 737 vasa
1419 710 1513 745 diﬂ'usa
1527 717 1573 744 per
1589 713 1705 743 quatuor
1716 708 1772 734 dies

979 759 1006 785 in
1023 759 1060 786 eis
1075 757 1207 790 subsidit;
1221 761 1362 792 posteaque
1388 757 1458 783 circa
1484 764 1545 783 oras
1562 763 1681 782 summas
1698 762 1772 780 vaso-

980 813 1039 832 rum
1052 809 1173 831 tancreta
1192 803 1387 838 splendensque
1403 802 1437 829 ad
1452 802 1540 829 instar
1556 799 1677 836 crystalli
1700 807 1774 834 repe-

980 850 1057 881 ritur,
1085 853 1139 876 etc.
1167 849 1240 882 Satis
1252 848 1325 876 enim
1357 848 1416 874 hzec
1442 851 1508 874 sunt
1538 846 1572 873 ad
1594 844 1772 872 indicandum

982 895 1063 923 istius
1092 895 1138 922 hic
1161 892 1306 921 memorati
1333 892 1438 920 laboris
1462 891 1587 918 modum.
1604 889 1775 923 Quaestuosa:

982 948 1066 977 porro
1091 939 1277 968 dislraclionis
1306 939 1387 974 hujus
1421 937 1522 966 mercis
1550 945 1660 964 causam
1684 936 1774 963 Ducas

983 991 1045 1015 mox
1060 991 1207 1019 memorat,
1233 985 1307 1020 quod
1323 985 1433 1012 alumen
1450 983 1617 1011 tinctoribus
1643 989 1776 1010 necessa-

982 1034 1054 1062 rium
1078 1033 1112 1061 sit
1131 1041 1138 1060 :
1154 1033 1232 1059 Ἐστι
1255 1032 1283 1058 δὲ
1297 1032 1446 1065 ἀναγκαῖον
1465 1031 1561 1066 χρῆμα
1589 1029 1774 1060 δευσοποιοῖς.

982 1080 1047 1114 Quae
1062 1080 1227 1107 conlirmant
1240 1078 1266 1106 id
1284 1077 1358 1113 quod
1373 1082 1466 1104 noster
1481 1077 1562 1111 paulo
1576 1075 1692 1103 inferius
1705 1075 1777 1102 scri-

982 1127 1043 1154 bit:
1064 1126 1130 1154 Inde
1145 1125 1277 1160 siquidem
1306 1125 1358 1151 vim
1389 1123 1488 1158 inferre
1506 1131 1629 1156 magnam
1651 1121 1694 1148 illi
1710 1120 1777 1154 (Ge-

982 1172 1112 1206 nnenscs)
1134 1176 1294 1198 consuerant
1309 1170 1385 1197 istius
1402 1170 1494 1196 mercis
1512 1167 1665 1202 (aluminis)
1678 1167 1774 1194 uendi-

983 1218 1041 1245 bilis
1060 1218 1088 1244 in
1115 1217 1218 1252 primis,
1235 1215 1360 1251 quoniam
1377 1213 1518 1249 plurimus,
1543 1217 1620 1246 prout
1647 1211 1780 1242 hodieque

983 1265 1110 1292 cernitur.
1123 1264 1179 1297 ejus
1196 1271 1257 1289 usus
1274 1266 1311 1288 est
1325 1262 1353 1288 in
1374 1261 1469 1296 pannis
1485 1268 1497 1286 e
1511 1259 1575 1286 lana
1597 1262 1669 1284 texta
1686 1256 1777 1283 colore

983 1310 1056 1337 vario
1070 1308 1154 1344 679
1168 1308 1300 1343 fucandis.
1310 1307 1358 1334 llis
1369 1305 1496 1333 omnibus
1508 1305 1578 1332 addo
1591 1303 1776 1331 Catancoruin

984 1355 1200 1390 imperitantium
1230 1354 1351 1381 Phocaea:
1371 1352 1539 1379 mentionem
1565 1350 1648 1377 etiam
1664 1353 1775 1376 e\stare

983 1401 1056 1436 apud
1073 1401 1308 1431 Cantacuzenum,
1326 1397 1347 1424 l.
1369 1406 1400 1430 ιι,
1414 1404 1439 1424 c.
1451 1396 1496 1429 29,
1513 1404 1539 1430 p.
1558 1395 1611 1422 290
1622 1394 1668 1421 ed.
1683 1393 1750 1428 Reg.
1765 1412 1773 1424 ,

983 1447 1030 1474 ubi
1049 1445 1186 1477 eamdem,
1205 1449 1235 1472 ut
1257 1448 1379 1479 apparet,
1401 1451 1460 1470 rem
1486 1449 1602 1468 narrans
1619 1448 1699 1475 quam
1724 1448 1774 1468 su-

984 1492 1078 1528 perius
1094 1492 1239 1519 retulimus
1252 1499 1267 1518 e
1280 1490 1410 1525 Gregora,
1428 1488 1570 1523 lliitylenes
1581 1487 1710 1514 videlicet
1724 1493 1774 1513 oc-

145 1539 272 1575 periculo
297 1539 485 1567 necessarium
513 1537 668 1565 censuisset-
684 1536 820 1571 sulijicere
835 1543 864 1562 Se
881 1536 933 1562 im-
946 1549 967 1576 ο
983 1538 1159 1574 cupationem
1184 1545 1234 1572 per
1249 1536 1386 1564 Catancos
1402 1536 1523 1563 Phocaeae
1538 1534 1647 1569 regulos
1661 1533 1774 1564 factam,

144 1585 224 1620 perio
236 1584 326 1612 Caroli
339 1584 373 1612 Vl
390 1584 463 1619 regis
477 1583 581 1615 Gallia),
595 1583 696 1610 missus
711 1582 744 1609 ad
760 1581 835 1608 illum
860 1587 933 1607 com-

144 1630 225 1658 muni
238 1630 355 1658 consilio
371 1630 519 1657 Damianus
533 1628 672 1656 Catancus
693 1634 800 1654 summa
814 1626 934 1660 pruden-

144 1678 185 1704 tia
212 1677 327 1712 parique
356 1676 489 1704 felicitate
517 1675 656 1710 negotium
692 1673 819 1705 confecit,
848 1673 934 1699 relato

147 1725 258 1752 domum
275 1730 308 1752 ex
324 1724 398 1759 regia
415 1723 502 1758 gratia
518 1723 598 1749 titulo
620 1726 702 1755 atque
716 1721 821 1747 honore
846 1725 936 1746 mare-

148 1771 244 1798 schalli
260 1770 392 1798 Francize.
409 1768 652 1802 Pcrsevcravitque
668 1766 784 1794 allectus
800 1766 827 1792 in
845 1769 936 1800 postc-

149 1816 187 1843 ris
201 1824 254 1843 non
276 1815 335 1843 sine
352 1819 454 1842 mutuze
472 1822 566 1849 regum
581 1813 782 1841 benevolentia:
805 1812 891 1847 signis
904 1811 936 1838 il-

148 1862 283 1889 lustribus
296 1870 302 1893 ;
317 1861 398 1895 quale
415 1861 467 1887 fuit
483 1859 555 1894 quod
574 1859 730 1886 Ludovicus
746 1857 804 1890 Xll,
820 1856 935 1884 solemni

149 1915 248 1942 pompa
267 1908 389 1934 Genuam
406 1907 542 1938 invectus,
560 1905 653 1932 villam
670 1902 935 1931 LaurentiiCatanei

150 1954 210 1989 ejus
225 1953 341 1980 invitatu
361 1951 558 1979 humanissime
575 1950 649 1982 visit,
666 1949 831 1977 delectatum
847 1955 875 1974 se
886 1947 938 1974 ho-

150 2000 234 2035 spitio
257 1999 413 2035 gratissime
440 1997 712 2033 prmfcrcns.gQuare
741 1996 768 2022 in
794 1994 938 2022 occasione

150 2048 319 2083 legationum
335 2047 368 2075 ad
385 2054 462 2082 reges
479 2046 601 2073 Franciae
615 2044 728 2072 Catanci
745 2051 760 2070 a
786 2042 939 2070 Genuensi-

150 2097 204 2123 bus
223 2095 397 2130 plerumque,
416 2097 446 2120 ut
472 2092 510 2120 ibi
539 2091 663 2127 gratiosi,
693 2089 866 2125 legebantur.
893 2087 938 2115 Sic

150 2150 223 2170 anno
240 2141 307 2169 “99
325 2140 552 2175 Christophorus,
572 2145 644 2165 anno
671 2137 736 2164 15H
754 2136 873 2163 Thomas
885 2134 939 2162 Ca-

151 2188 237 2221 tanei,
254 2194 325 2215 anno
341 2186 408 2214 1515
424 2187 495 2214 alius
510 2186 575 2214 itcm
590 2185 736 2216 Cataneus,
750 2183 831 2219 legati
845 2182 939 2210 Genua

151 2236 179 2263 in
194 2235 309 2263 Galliam
327 2234 435 2262 venisse
452 2233 641 2269 reperiuntur.

186 2282 252 2316 Pag.
268 2280 332 2308 4'20.
349 2280 481 2307 Numinis
501 2279 608 2314 foditur.
621 2277 687 2310 Quis
703 2277 748 2304 hic
773 2276 850 2304 labor
867 2278 941 2302 esset

152 2332 181 2356 et
197 2331 332 2362 quantum
352 2334 386 2353 ex
405 2333 438 2352 eo
454 2325 573 2356 lucrum,
587 2324 720 2351 discimus
742 2331 775 2350 ex
791 2323 875 2353 Duca.
893 2321 939 2356 qui

152 2372 324 2400 domicilium
343 2378 372 2398 sc
387 2370 517 2398 habuisse
535 2369 561 2396 in
576 2369 625 2396 ista
638 2377 708 2396 nova
724 2368 836 2395 Phocaea
856 2367 941 2402 proli-

153 2423 225 2451 tcns,
239 2425 301 2452 quae
318 2416 403 2444 refert
424 2420 562 2450 spectasse
588 2414 675 2441 oculis
691 2414 830 2441 creditur:
850 2411 894 2438 Ἐν
907 2413 940 2446 τῇ

153 2465 255 2492 Φωκίδι
273 2464 306 2498 τῇ
325 2462 396 2489 κατὰ
410 2461 459 2496 τὴν
480 2460 586 2488 Ἰωνίαν
600 2460 661 2495 ὅρος
673 2457 706 2495 ἦν
721 2461 749 2486 ὲν
811 2458 942 2494 μέταλλον

155 2511 330 2546 στυπτηρίας
344 2508 532 2544 ὑπάρχειυκαὶ
549 2508 562 2533 ὁ
579 2507 653 2537 λίθος
678 2506 752 2537 ἄπας
777 2505 828 2540 τῆς
849 2505 942 2539 ἀκρω-

156 2559 231 2595 ρείας
245 2557 313 2594 πυρὶ
327 2555 549 2592 προσομιλήσας,
567 2551 626 2580 εἶτα
650 2552 738 2583 ὕδατι,
763 2551 800 2582 ὡς
829 2551 943 2586 ψάμμος

102 2597 106 2600 ’
153 2607 270 2640 γίνεται.
283 2604 340 2639 Τὴν
349 2603 377 2629 δὲ
391 2602 444 2630 ἀπὸ
459 2601 506 2627 τοῦ
521 2599 596 2626 λίθου
611 2598 762 2633 γενομένην
776 2597 890 2632 ψάμμον
904 2597 943 2628 εἰς

155 2652 257 2687 λέϐητα
269 2650 412 2685 βάλλοντες
425 2648 473 2674 σὺν
486 2646 574 2678 ὕδατι,
591 2645 639 2672 καὶ
655 2643 839 2679 καχλάζοντος
851 2643 882 2670 οὗ
900 2642 944 2668 τό·

155 2698 241 2732 σον,ἡ
257 2695 386 2732 βληθεῖσα
398 2694 511 2729 ψάμμος
527 2690 683 2719 διαλύεται·
697 2690 745 2717 καὶ
757 2690 787 2716 τὸ
803 2688 853 2724 μὲν
868 2687 942 2723 παχὺ

154 2745 202 2771 καί
224 2741 355 2773 οὐσιῶδες
390 2740 476 2775 αὐτῆς
505 2739 533 2765 ὲν
551 2738 591 2772 τῷ
615 2736 699 2772 ζωμῷ
718 2736 799 2771 μένον
816 2735 855 2767 ὡς
873 2734 945 2769 γάλα

155 2790 287 2826 πυρῶδες.
299 2789 330 2815 τὸ
342 2787 425 2823 ξηρὸν
442 2787 490 2813 καὶ
507 2784 609 2819 γεῶδες
623 2783 708 2818 αὐτῆς
729 2782 781 2814 ἔξω
801 2781 945 2817 ῥίπτουσιν

157 2838 194 2868 ὡς
211 2837 351 2870 ἄχρηστον
362 2843 368 2849 ·
384 2835 430 2860 τδν
446 2833 474 2860 δὲ
492 2831 583 2867 ζωμὸν
598 2831 638 2862 εἰς
655 2829 762 2864 σκάφας
775 2827 945 2859 κενώσαντες

162 2881 242 2915 lim;
259 2879 371 2914 ἡμερῶν
383 2879 524 2919 τεσσάρων
542 2876 733 2913 παραδρομὴν,
746 2875 945 2911 sipiens-tactv

984 1586 1011 1613 in
1028 1592 1062 1612 eo
1077 1583 1187 1612 videtur
1205 1591 1220 1610 a
1239 1583 1360 1617 Gregora
1388 1582 1555 1615 discrepare,
1571 1579 1645 1615 quod
1671 1579 1776 1606 factum

986 1630 1011 1657 id
1028 1629 1173 1657 Dominico
1188 1627 1310 1655 Catauia:
1325 1627 1440 1654 Andreae
1453 1627 1509 1653 tilio
1526 1625 1632 1656 tribuit,
1655 1632 1711 1652 non
1727 1632 1777 1650 au-

986 1680 1040 1704 tem
1061 1675 1113 1710 ipsi
1130 1675 1247 1702 Andreae
1263 1677 1292 1702 et
1302 1673 1404 1702 Jacobo
1415 1672 1475 1708 ejus
1492 1671 1582 1699 fratri.
1604 1671 1691 1698 Verba
1705 1670 1778 1697 Can-

986 1721 1112 1749 tacuzcni
1139 1721 1198 1748 bzec
1212 1724 1297 1748 sunt:
1333 1717 1497 1753 Ἠγγέλλετο
1522 1717 1561 1748 ὡς
1589 1716 1739 1751 Δομένικος
1764 1715 1778 1741 ὁ

993 1767 1121 1804 ’Δνδρέου
1141 1765 1189 1793 τοῦ
1207 1765 1343 1798 Κατανία,
1359 1764 1389 1796 ὃς
1413 1765 1463 1798 τῆς
1485 1763 1548 1796 νέας
1564 1762 1693 1794 Φωκαίας
1706 1759 1778 1797 ἧρχι

989 1815 1121 1850 βασιλέως
1137 1812 1307 1848 παραδόντος
1323 1811 1395 1838 κατὰ
1409 1811 1500 1846 χάριν,
1515 1809 1561 1836 τοῦ
1581 1809 1684 1843 πατρὸς
1698 1809 1775 1843 αὐτῷ

987 1860 1171 1890 ἀποθανόντος
1180 1858 1350 1893 κληρονόμος
1361 1857 1411 1892 τῆς
1426 1856 1521 1887 οὐσίας
1535 1855 1684 1886 καταστὰς,
1694 1854 1779 1880 πλού-

990 1914 1047 1937 σιος
1060 1905 1089 1932 δὲ
1103 1903 1147 1941 ἦν,
1163 1905 1220 1936 τοῖς
1248 1904 1373 1939 χρήμασι
1389 1902 1522 1938 φυσηθεὶς
1539 1901 1643 1928 Λέσϐον
1666 1901 1778 1934 διανοη-

989 1952 1049 1986 θείη
1077 1950 1223 1985 Ῥωμαίων
1242 1949 1410 1983 ἀφελόμενος
1434 1947 1502 1975 ἰδίαν
1519 1947 1609 1982 ἑαυτῷ
1628 1947 1782 1982 περιποιή-

990 1997 1146 2031 σασθαιήγε
1153 1995 1295 2031 μονίαν,οι
1307 1999 1405 2022 caetera
1421 2001 1481 2030 qua
1501 1993 1537 2021 ibi
1551 1993 1641 2028 pergit
1653 1999 1779 2022 narrare,

989 2043 1091 2079 quibus
1108 2042 1217 2078 egregie
1238 2041 1440 2069 conﬁrmantur
1454 2048 1516 2076 qua:
1538 2041 1572 2067 de
1594 2032 1713 2066 Phocum:
1729 2037 1781 2064 do-

990 2090 1073 2117 minis
1092 2089 1227 2117 benelicio
1242 2087 1439 2122 imperatorum
1465 2086 1680 2120 Palaeologorum
1697 2083 1779 2111 Cata-

989 2137 1051 2164 neis
1080 2136 1209 2168 diximus,
1239 2133 1396 2162 necesssrio
1425 2133 1460 2160 ad
1484 2131 1665 2167 supplendam
1683 2130 1712 2158 in
1725 2130 1781 2157 hoc

990 2182 1051 2210 loco
1065 2185 1166 2209 nostra:
1185 2180 1309 2208 historiae
1325 2179 1357 2215 [Ρ
1376 2178 1440 2215 476]
1456 2177 1648 2212 ἀποσιώπησιν
1675 2176 1782 2211 Pachy-

956 2218 978 2245 θ
993 2229 1088 2259 meris.
1107 2227 1218 2255 familia:
1245 2234 1345 2254 nomen
1372 2225 1528 2253 omittentis
1552 2225 1581 2250 in
1598 2221 1781 2250 memorando

992 2274 1116 2302 Manuele
1132 2272 1271 2300 Zachariae
1292 2272 1358 2303 tilio,
1377 2270 1465 2304 primo
1483 2269 1605 2296 Phocum:
1620 2275 1783 2303 possessore

992 2329 1024 2349 er
1042 2319 1224 2348 concessione
1241 2316 1383 2346 Michaelis
1400 2315 1616 2350 Palzeologorum
1631 2313 1714 2349 primi
1726 2313 1785 2340 Au-

992 2365 1083 2402 gusti.‘

1028 2433 1059 2460 P.
1083 2431 1146 2460 l‘ll.
1171 2425 1272 2459 vocem
1297 2428 1533 2464 ὲνσκευατάμενοι
1557 2433 1590 2454 ex
1609 2426 1731 2461 margine
1756 2425 1784 2453 in

995 2483 1155 2507 contextum
1178 2477 1270 2510 intuii,
1288 2480 1426 2511 expuncto
1444 2475 1616 2510 νηῐσάμενοι,
1640 2473 1724 2500 verbo
1741 2471 1785 2499 ni-

995 2525 1056 2553 hili.

1031 2592 1064 2622 Ρ.
1089 2593 1151 2622 429.
1176 2593 1242 2626 Quae
1257 2592 1309 2620 hoc
1327 2599 1387 2626 cap.
1406 2594 1557 2618 narrantur
1579 2589 1612 2617 de
1636 2588 1720 2616 Maria
1740 2596 1785 2616 re.

998 2641 1060 2676 gina
1085 2640 1220 2675 Bulgaria:
1246 2639 1274 2666 in
1290 2638 1457 2665 avunculum
1483 2637 1690 2671 imperatorem,
1718 2634 1784 2661 odio

998 2687 1074 2722 pacis
1089 2685 1276 2714 Ecclesiarum
1290 2684 1324 2711 ab
1339 2691 1372 2713 eo
1389 2686 1554 2718 procurata,
1573 2681 1713 2708 concitare
1728 2679 1786 2707 sul-

998 2738 1091 2761 tanem
1119 2731 1203 2768 Syriae
1226 2735 1357 2761 conante.
1385 2729 1464 2756 facile
1491 2727 1643 2755 ostendunt
1668 2733 1784 2761 pravum

999 2778 1242 2808 schismaticorum
1266 2776 1407 2804 animum:
1425 2774 1466 2801 uti
1489 2779 1518 2800 et
1542 2781 1603 2808 qua:
1629 2773 1717 2806 capite
1740 2779 1785 2799 εει

1000 2826 1094 2863 quenti
1117 2829 1145 2853 et
1163 2824 1294 2858 deinceps
1308 2826 1465 2853 narrantur,
1481 2827 1561 2855 quam
1584 2818 1713 2849 crudelis,
1732 2818 1784 2844 im-

999 2873 1054 2910 pia,
1071 2872 1225 2901 lacinorosa
1251 2870 1309 2898 lucc
1338 2868 1437 2896 mulier
1463 2866 1547 2895 fuerit
1572 2866 1783 2895 demonstrant;
