1931 3069
140 146 203 181 liii

890 150 954 179 N01
967 148 1007 179 .E.

1694 153 1766 185 1142

134 214 221 242 quare
236 205 281 233 illa
298 205 464 240 protectrice
480 206 649 234 SCltiSlllallci
667 206 782 234 rebelles
801 205 919 242 gloricn-
934 204 959 234 Δ
972 206 1034 233 time
1043 205 1261 242 nihilprohibeat
1273 207 1424 243 quominus
1433 208 1530 243 aliquis
1547 208 1630 236 ducat
1650 217 1763 237 uxorem

135 257 181 280 tur
200 252 275 282 lit'et,
292 252 375 286 digno
392 253 490 286 patella
507 254 650 287 operculo.

170 299 201 327 P.
218 299 280 326 456.
302 298 366 332 Qua:
382 300 427 326 hic
450 304 543 326 narrat
558 301 750 335 Pachymercs,
767 307 797 327 se
814 299 923 326 adhibi-

135 349 194 372 tum
214 345 249 372 ab
267 345 435 380 imperatore
449 345 482 371 ad
504 345 574 372 clam
600 346 800 380 explorandum
819 346 922 380 ecquid

135 389 308 417 Theodosius
332 390 493 421 monachus,
513 391 534 416 si
553 391 744 418 Antiochcnus
761 391 921 425 patriarcha

135 435 224 468 ﬁeret,
245 435 401 462 obstiturus
425 440 499 463 esset
523 437 634 471 negotio
652 437 854 464 conciliationis
871 436 924 464 Ec—

135 483 291 514 clesiarum.
316 490 372 509 rem
401 483 474 509 illam
494 490 528 510 ex
556 483 672 518 Augusti
697 483 835 510 sententia
863 490 924 517 ges-

135 529 215 560 sisse,
233 528 382 555 ostendunt
399 529 473 556 hunc
497 533 634 559 nostrum.
651 529 703 556 etsi
721 529 805 556 tacito
818 528 924 562 judicio

134 574 218 601 animi
235 574 378 600 schismati
396 574 512 606 faveret,
529 578 558 601 ut
572 575 656 601 multa
672 574 861 602 demonstrant
874 574 926 601 hu-

134 621 180 654 jus
198 620 324 647 historize
339 621 411 652 loca,
429 626 520 648 tamen
537 620 713 655 imperatoris
726 620 851 649 consiliis
866 621 926 655 ejus

135 668 245 702 generis
271 667 344 694 haud
373 668 462 702 palam
491 667 678 695 adversatum.
704 667 763 694 lmo
791 666 925 700 suspicari

136 713 208 740 forte
233 721 288 740 non
316 713 455 741 immerito
482 721 626 749 possemus
652 721 716 741 eum
743 713 852 740 vivente
875 712 925 739 bli-

136 759 232 786 chaelc
248 766 312 786 vere
326 763 352 786 et
368 766 401 786 cx
417 759 502 786 animi
519 759 560 786 sui
577 759 714 786 sententia
738 758 838 786 favisse
854 758 925 793 paci,

139 804 187 832 sed
212 805 340 832 eumdem
366 804 509 832 historiam
535 804 635 832 deinde
662 805 733 832 hanc
758 804 927 832 scribentem

139 849 190 876 sub
213 849 382 882 Andronico,
402 850 449 884 qui
463 857 492 877 se
516 849 616 877 iterum
632 858 647 876 a
663 849 786 876 Romana
805 848 927 876 Ecclesia

139 895 259 923 abscidit
276 896 402 923 rescissis
423 897 546 931 paternis
568 896 648 929 actis,
667 896 788 923 servisse
808 894 927 930 tempori

139 943 296 970 revolutum
313 943 341 969 in
357 942 507 970 familiares
521 950 642 970 errores.

175 988 205 1014 P.
217 988 280 1015 ΗΟ.
293 987 334 1015 Ea:
346 988 491 1015 renonibus
510 989 645 1023 quondam
659 997 674 1015 a
687 988 787 1016 Sisinio
807 987 928 1023 perlatis.

138 1033 198 1060 Non
216 1037 259 1060 est
275 1033 320 1060 hic
335 1032 455 1061 Sisinius
475 1033 523 1060 ille
538 1033 672 1068 antiquus
695 1033 930 1066 Constantinopo-

139 1079 242 1107 litauus
266 1080 437 1114 patriarcha,
465 1081 512 1114 qui
541 1087 614 1107 anno
639 1080 741 1107 Christi
766 1080 818 1107 426
838 1078 931 1106 Attico

139 1126 282 1159 successit,
296 1131 325 1153 ut
340 1131 434 1154 narrat
448 1126 585 1160 Socrates,
599 1127 618 1154 Ι.
632 1135 681 1160 vn,
691 1126 770 1158 c.26.
786 1126 834 1153 sed
848 1125 929 1158 alius,

142 1177 173 1199 ut
189 1177 314 1207 apparet,
339 1173 421 1207 longe
438 1173 587 1208 posterior,
604 1173 651 1208 qui
672 1180 744 1200 anno
760 1172 863 1201 Christi
879 1173 932 1202 995

138 1219 252 1247 Nicolao
266 1219 450 1255 Chrysobcrgi
464 1219 598 1246 suffectus
614 1224 666 1246 est.
682 1218 748 1246 Nam
764 1218 838 1246 hunc
850 1219 932 1247 Joan-

140 1273 189 1292 nes
203 1265 383 1300 Guropalates
397 1266 481 1300 δεῖ)
496 1266 523 1292 ἱιι
537 1265 607 1292 llist.
621 1265 655 1292 ad
670 1273 735 1293 ann.
750 1264 847 1292 mundi
862 1265 932 1292 6505

142 1316 262 1339 testatur
279 1319 400 1339 canones
416 1312 450 1339 de
471 1311 658 1339 matrimoniis
673 1311 809 1339 sanxisse.

175 1358 244 1386 lbid.
261 1358 366 1387 Gradus
385 1359 531 1393 affinitatis.
548 1359 625 1386 Anna
641 1358 695 1386 filia
718 1358 861 1386 Michaelis
876 1359 933 1386 Au-

142 1405 226 1440 gusti,
251 1412 352 1439 sponsa
368 1405 506 1432 destinata
528 1404 655 1432 Michacli
677 1404 809 1439 despotic,
833 1410 932 1440 quarto

140 1451 390 1485 consanguinitatis
414 1451 499 1485 gradu
533 1451 711 1486 contingebat
732 1451 838 1479 Annam
864 1451 933 1480 alte-

141 1505 209 1530 ram,
228 1497 310 1524 ﬁliam
333 1498 436 1524 sororis
463 1497 548 1532 patris
573 1497 630 1529 sui,
645 1501 758 1532 nuptam
774 1498 932 1532 Nicephoro

976 259 1098 279 sororem
1111 253 1204 280 uxoris
1219 253 1313 281 fratris
1325 254 1366 281 sui
1378 255 1478 281 :altera
1491 254 1561 289 quod
1577 255 1604 281 in
1616 263 1765 282 numeran-

976 297 1018 325 dis
1028 299 1197 333 cognationis
1214 304 1241 326 et
1253 299 1391 327 aflinitatis
1402 300 1534 335 gradibus
1547 305 1676 335 parentes
1691 308 1765 328 nunc

976 352 1032 371 non
1045 344 1228 379 imputentur,
1241 346 1288 374 sed
1303 346 1408 381 primus
1420 347 1523 382 gradus
1534 347 1720 374 constituatur
1737 348 1765 374 in

977 390 1120 423 fratribus,
1136 398 1210 422 cum,
1237 396 1267 418 ut
1293 396 1420 419 numerat
1438 393 1491 420 hoc
1507 393 1569 420 loco
1596 397 1700 425 noster,
1720 400 1767 420 ne-

977 443 1056 463 cesse
1079 435 1114 463 sit
1130 436 1249 470 primum
1264 437 1377 471 gradum
1401 442 1529 472 respectu
1555 438 1641 472 patris
1665 445 1696 465 ac
1709 445 1767 465 ma-

980 479 1030 508 tris
1046 482 1124 515 poni,
1138 482 1290 509 secundum
1306 488 1432 517 respectu
1447 483 1563 510 fratrum
1578 491 1610 510 ac
1625 491 1764 510 sororum.

979 526 1025 554 Sic
1042 526 1116 554 enim
1137 531 1242 555 tantum
1262 528 1436 563 Nicephorus
1457 530 1582 564 despota,
1609 531 1656 564 qui
1682 530 1766 558 filiam

978 573 1084 600 sororis
1101 573 1278 608 imperatoris
1292 575 1319 601 in
1336 575 1513 603 matrimonio
1529 577 1658 608 habebat,
1672 576 1706 603 ab
1726 577 1767 610 ip-

979 621 1036 648 sius
1059 621 1231 656 imperatoris
1256 622 1311 649 filia
1334 628 1434 657 quarto
1456 622 1595 650 afﬁnitatis
1616 623 1702 658 gradu
1726 623 1768 650 di-

980 671 1053 695 stare
1069 671 1186 702 poterat,
1204 672 1286 702 prout
1304 669 1348 695 hic
1368 668 1482 695 dicitur.

1017 713 1047 740 Ρ.
1075 714 1137 741 448.
1168 713 1281 747 Quando
1306 715 1417 742 ducente
1441 715 1545 742 lsaacio
1568 716 1698 750 Augusto,
1712 720 1767 742 etc.

982 761 1050 787 Rem
1065 761 1111 788 hic
1127 760 1273 788 indicatam
1304 761 1363 789 fuse
1381 770 1497 789 narrans
1520 761 1656 796 Gecrgius
1681 762 1768 789 Acro-

981 805 1063 840 polita
1075 805 1212 841 (Ilistorite
1224 814 1279 833 suae
1289 807 1461 843 c.ii,p.10,
1473 808 1516 835 ed.
1531 808 1609 842 Reg.)
1622 808 1648 835 in
1662 815 1769 835 summa

982 851 1064 879 docet
1087 852 1224 880 lsaacium
1250 853 1405 888 Augustum
1433 854 1459 881 in
1477 855 1619 890 Bulgaros,
1645 855 1692 890 qui
1718 862 1769 882 au—

982 901 1058 925 ctore
1085 897 1245 926 rebellionis
1262 900 1352 927 Asane
1378 907 1392 927 a
1413 908 1442 928 sc
1468 900 1638 933 defecerant,
1660 901 1771 936 expedi-

982 944 1056 971 tione
1073 949 1212 979 suscepta,
1239 945 1357 973 Asanem
1374 953 1436 973 cum
1461 946 1594 981 prmsidiis
1611 952 1670 974 arta
1693 946 1771 974 obsi-

981 990 1064 1018 dione
1084 991 1205 1018 cinxisse
1219 992 1291 1018 intra
1305 991 1464 1026 oppidulum
1480 992 1640 1019 Strinobum
1655 992 1772 1024 dictum,

984 1031 1127 1067 ἐντόίταῦ
1154 1037 1294 1072 πολιχνίου
1315 1035 1346 1064 οὗ
1371 1037 1403 1072 δὴ
1438 1037 1468 1064 τὸ
1499 1037 1586 1072 ὄνομα
1612 1037 1769 1072 Στρὶνοὸος.

982 1082 1097 1110 Videtur
1135 1083 1301 1118 amplificata
1338 1083 1438 1111 deinde
1473 1083 1508 1111 ab
1540 1085 1630 1111 Asane
1666 1084 1771 1111 victore

982 1128 1040 1156 haec
1086 1128 1194 1160 civitas,
1236 1129 1340 1164 quippe
1369 1137 1452 1164 quam
1487 1134 1580 1157 noster
1612 1130 1771 1157 Ternobuiu

982 1181 1092 1206 vocans,
1134 1174 1237 1209 regiam
1286 1175 1424 1209 Bulgaria:
1459 1175 1555 1202 urbem
1595 1175 1679 1203 fuisse
1716 1183 1773 1203 non

983 1220 1067 1247 semel
1100 1220 1212 1247 indicat.
1254 1221 1346 1256 Pergit.
1382 1221 1541 1256 Acropolita
1574 1221 1677 1252 dicere,
1709 1229 1773 1248 cum

982 1265 1065 1300 681
1083 1265 1111 1292 in
1125 1270 1249 1293 extremo
1262 1265 1421 1293 discrimine
1437 1274 1480 1293 res
1492 1266 1589 1293 Asanis
1605 1270 1631 1293 et
1643 1266 1774 1301 Bulgaro—

984 1320 1044 1339 rum
1057 1317 1160 1344 essent,
1179 1319 1249 1347 quos
1268 1320 1302 1340 ne
1319 1313 1346 1340 in
1368 1313 1464 1340 lsaacii
1478 1313 1591 1348 Augusti
1608 1316 1772 1347 potestatem

984 1365 1048 1385 mox
1066 1359 1190 1385 venirent
1205 1358 1278 1386 nulla
1295 1367 1339 1385 res
1356 1359 1502 1392 prohibere
1521 1358 1681 1385 humanitus
1696 1362 1775 1393 pote-

984 1410 1042 1437 rat,
1070 1405 1171 1432 exiisse
1205 1405 1239 1431 ab
1266 1405 1335 1432 urbe
1363 1404 1476 1432 obsessa
1504 1404 1650 1439 quemdam
1681 1403 1775 1438 specie

985 1451 1163 1486 transfugam,
1180 1451 1226 1486 qui
1245 1451 1350 1485 trepide
1366 1451 1526 1485 imperatori
1550 1450 1691 1477 nuntiaret
1711 1457 1775 1477 mox

985 1497 1144 1532 irrupturos
1159 1497 1187 1524 in
1203 1497 1262 1532 ejus
1274 1503 1363 1524 castra
1376 1492 1497 1523 maximo
1508 1503 1623 1523 numero
1638 1495 1773 1530 Scythas:

142 1545 261 1579 tlcspotze
277 1564 285 1576 ,
311 1542 451 1571 Michaelis
485 1544 607 1578 despotm
639 1552 789 1578 germano;
814 1549 843 1572 et
867 1544 930 1579 quia
947 1554 968 1583 α
985 1551 1040 1578 quo
1054 1543 1098 1569 ille
1112 1542 1215 1569 indicio
1231 1543 1372 1577 perculsus
1386 1547 1466 1569 nocte
1478 1547 1590 1576 repente
1601 1541 1773 1569 obsidionem

141 1590 314 1624 Nicephorus
328 1595 354 1618 ct
372 1592 448 1617 Anna
464 1591 602 1625 conjuncti
616 1591 792 1618 matrimonio
808 1598 857 1626 pro
875 1599 929 1618 uno

141 1636 337 1669 censebantur,
363 1637 446 1664 etiam
477 1637 635 1672 Nicephoro
665 1642 694 1664 et
724 1642 929 1673 consequenter

142 1683 267 1711 Michaeii
294 1684 353 1719 ejus
379 1684 456 1711 fratri
487 1684 602 1711 totidem
629 1683 770 1712 affinitatis
798 1685 930 1719 gradibus

143 1729 350 1756 admovebatur.
373 1730 460 1757 Porro
479 1730 592 1758 Michael
609 1731 694 1757 Annae
714 1730 794 1757 uxori
817 1730 859 1757 sui
876 1729 931 1756 fra-

144 1775 195 1802 tris
211 1775 350 1802 afiinitatis
365 1775 450 1809 gradu
472 1775 593 1802 secundo
606 1775 785 1809 jungebatur,
802 1774 866 1808 quia
881 1781 932 1800 suo

143 1828 274 1855 germano
287 1820 347 1855 ejus
362 1820 421 1847 viro
436 1819 558 1847 secundo
582 1819 833 1854 consanguinitatis
846 1819 931 1854 gradu

143 1867 258 1902 junctus
270 1871 341 1893 erat.
357 1866 506 1893 Afiinitatis
520 1866 623 1900 quippe
637 1865 750 1900 gradus,
766 1868 796 1891 ut
812 1864 932 1900 theologi

144 1919 172 1941 et
187 1913 259 1949 juris
287 1913 411 1940 canonici
430 1912 548 1940 consulti
567 1913 624 1939 htec
648 1916 797 1940 tractantes
820 1911 931 1943 docent,

144 1960 205 1995 pari
222 1967 305 1995 passu
328 1963 484 1994 sequuntur
500 1959 602 1994 gradus
623 1958 882 1994 consanguinitatis.
899 1958 934 1985 Ut

144 2013 211 2041 ergo
229 2005 478 2039 consanguinitatis
492 2004 599 2038 primus
622 2004 724 2038 gradus
748 2008 790 2030 est
814 2003 863 2038 qui
884 2011 932 2037 pa-

145 2057 238 2080 rentes
262 2047 336 2079 iriter
360 2055 387 2079 et
406 2051 510 2078 liberos
535 2050 693 2080 intercedit,
719 2049 857 2076 secundus
880 2049 934 2076 fra-

147 2104 218 2125 trum
235 2097 268 2125 ad
283 2097 393 2129 fratres,
419 2096 520 2124 tertius
535 2095 632 2123 fratris
654 2095 796 2122 sororisve
814 2095 932 2122 filiorum

146 2144 179 2172 ad
194 2148 320 2178 patruos,
338 2143 607 2174 avunculos,amitas
621 2147 649 2170 et
665 2146 838 2174 materteras,
851 2149 935 2176 quar-

147 2197 191 2218 tus
202 2190 433 2218 consobrinorum
449 2190 482 2217 ad
497 2189 689 2221 consobrinos,
706 2189 742 2216 ita
755 2193 783 2216 et
794 2188 935 2216 ailinitatis

984 1589 1095 1616 solvens
1109 1588 1176 1623 fugit
1192 1589 1226 1615 ab
1241 1588 1342 1622 oppido
1357 1587 1490 1622 postridie
1503 1587 1641 1619 dedendo,
1657 1591 1684 1614 et
1699 1586 1774 1622 eius-

984 1636 1046 1662 dem
1062 1635 1209 1670 proditoris
1221 1635 1303 1661 etiam
1317 1634 1344 1661 in
1361 1634 1430 1669 fuga:
1443 1635 1486 1660 via
1498 1634 1643 1660 consilium
1657 1632 1774 1660 fraudu-

984 1681 1089 1708 lentum
1112 1688 1230 1715 sequens
1250 1687 1279 1707 se
1299 1687 1418 1714 suosque
1433 1680 1552 1714 conjcclt
1572 1680 1600 1707 in
1622 1679 1773 1715 angustias,

986 1726 1033 1753 ubi
1052 1734 1114 1753 mox
1139 1726 1251 1760 plurimi
1282 1733 1297 1752 a
1320 1725 1415 1760 paucis
1439 1725 1539 1752 misere
1567 1725 1689 1760 oppressi
1711 1731 1775 1753 sunt

985 1773 1119 1808 Bulgaris,
1129 1772 1176 1807 qui
1191 1780 1223 1799 ex
1240 1772 1392 1807 composito
1407 1771 1434 1798 in
1447 1772 1649 1798 circumventos
1665 1771 1774 1799 irruen-

986 1822 1028 1845 tes
1049 1818 1186 1844 ltomanos
1211 1817 1358 1851 plerosque
1382 1816 1502 1848 caedunt,
1525 1817 1689 1851 imperatore
1710 1824 1773 1844 cum

986 1873 1042 1892 non
1061 1865 1154 1892 nmltis
1166 1871 1235 1899 aegre
1255 1871 1283 1891 se
1304 1863 1432 1890 intutum
1451 1862 1612 1898 recipiente,
1631 1863 1705 1890 omni
1724 1871 1774 1898 ap-

988 1914 1083 1944 paratu
1100 1913 1127 1936 et
1145 1909 1320 1943 itnperatoria
1349 1909 1512 1944 supellectili
1530 1908 1653 1936 hostibus
1666 1909 1773 1937 relicta.

987 1957 1019 1983 Οἱ
1039 1956 1078 1987 δὲ,
1097 1956 1134 1983 ait
1155 1955 1323 1990 Acropolita,
1342 1956 1522 1986 διασωθέντες
1541 1957 1610 1992 μετὰ
1633 1956 1680 1982 τοῦ
1697 1956 1776 1990 βασι-

987 2002 1056 2032 λέως
1076 2001 1176 2037 γυμνοὶ
1195 2011 1223 2028 τε
1244 2000 1314 2037 ἦσαν
1344 2003 1389 2028 καὶ
1413 2002 1499 2035 ὀλίγοι
1520 2003 1604 2030 πάνυ.
1633 2003 1775 2030 Ἐντεῦθεν

988 2048 1127 2082 ὲφυσιώθη
1146 2048 1175 2074 τὸ
1188 2048 1242 2074 τῶν
1258 2048 1422 2082 Βουλγάρων
1438 2048 1520 2082 φῦλον
1532 2048 1607 2075 λείαν
1627 2049 1727 2083 πολὶὴν
1742 2049 1775 2075 ἐκ

987 2095 1042 2121 τῶν
1061 2093 1205 2128 Ῥωμαίων
1223 2094 1369 2128 κερδῆσαι),
1386 2094 1456 2120 ἀλλὰ
1469 2094 1501 2129 δὴ
1522 2095 1567 2121 καὶ
1585 2095 1616 2120 ἐκ
1632 2095 1685 2122 τῶν
1698 2095 1774 2130 βασι-

988 2141 1072 2168 λικὼν
1097 2139 1271 2174 παρασήμων
1298 2139 1332 2165 τὰ
1353 2138 1521 2174 τιμιώτερα·
1541 2141 1590 2171 τάς
1606 2148 1634 2166 τε
1650 2142 1704 2176 γὰρ
1726 2141 1775 2167 τοῦ

991 2187 1123 2224 βασιλέως
1148 2186 1307 2222 πυραμίδας
1335 2186 1497 2213 ἀνελὰὄοντο
1524 2187 1570 2213 καὶ
1598 2188 1696 2220 φιάλας
1720 2188 1775 2214 τῶν

146 2241 328 2263 numerantur
354 2236 467 2263 totidem
482 2243 489 2267 ;
505 2236 601 2270 quales
626 2242 723 2262 revera
748 2235 775 2261 in
806 2235 857 2262 hac
880 2234 930 2261 filia

989 2233 1135 2268 ἐπισήμων
1157 2233 1204 2258 καὶ
1226 2233 1320 2266 χρῆμα
1340 2232 1380 2262 ei;
1398 2231 1498 2266 πλῆθος
1522 2233 1568 2259 καὶ
1582 2233 1664 2259 αὑτὸν
1680 2232 1712 2269 δὴ
1730 2233 1776 2260 τὸν

146 2281 286 2309 Michaelis
308 2281 425 2316 Augusti
442 2285 569 2315 respectu
593 2280 686 2315 sponsi
701 2281 726 2307 ei
742 2280 872 2307 destinati
887 2279 936 2307 Mi-

146 2327 250 2354 chaelis
273 2326 394 2361 despotte
406 2326 633 2353 numerabantur.
647 2325 726 2352 Unde
739 2332 774 2352 ex
786 2324 838 2352 hac
847 2329 934 2359 parte,

146 2376 176 2398 ut
192 2373 230 2398 ait
248 2371 412 2401 historicus.
439 2375 560 2406 quatuor
583 2376 661 2398 erant
687 2371 853 2398 euvmxesiou
877 2371 935 2398 sive

147 2417 286 2445 aﬁinitatis
312 2417 425 2452 gradus,
450 2425 483 2444 ex
514 2422 592 2452 parte
623 2425 690 2444 vero
721 2416 817 2452 sponsi
846 2417 936 2451 ipsius

146 2463 286 2490 Michaelis
302 2463 422 2497 despoue
439 2468 567 2497 respectu
591 2462 685 2489 fratris
700 2463 759 2497 ejus
779 2462 930 2497 NicephOri

147 2514 175 2536 et
192 2510 252 2544 ejus
275 2509 398 2544 conjugis
415 2509 499 2536 Annae
523 2513 592 2536 natm
612 2517 646 2535 ex
671 2516 765 2535 sorore
786 2509 931 2536 Michaelis

147 2555 274 2590 Augusti,
293 2555 363 2588 duo;
391 2555 454 2589 quia
480 2559 510 2581 ut
536 2554 568 2590 [P
592 2553 654 2590 477]
681 2555 932 2589 consanguinitatis

150 2602 234 2637 gradu
251 2602 373 2629 secundo
390 2601 605 2628 connectebatur
628 2600 714 2628 frater
729 2601 820 2634 fratri,
841 2601 878 2629 ita
894 2609 938 2629 se-

148 2648 239 2676 cundo
269 2648 372 2682 pariter
405 2647 545 2674 aﬂinitatis
576 2647 662 2683 gradu
694 2648 936 2682 conjungcbantur

149 2693 218 2720 levir
242 2697 269 2719 ct
285 2692 391 2720 fratria.
418 2691 480 2719 ΙΙ.υο
499 2699 577 2719 mens
603 2692 685 2727 hujus
710 2693 762 2719 loci
777 2696 837 2725 est;
865 2693 937 2720 circa

150 2746 230 2774 quem
253 2738 373 2765 notanda
389 2738 465 2765 venit
483 2737 584 2772 duplex
597 2738 757 2766 Grmcorum
779 2739 853 2766 illius
873 2743 940 2766 tem-

150 2785 227 2820 poris
242 2792 256 2811 a
281 2784 387 2812 Latinis
413 2784 558 2812 hodiernis
581 2783 777 2819 discrepantia.
801 2785 881 2812 Prior
896 2790 940 2813 est

150 2831 235 2865 quod,
252 2835 282 2858 ut
297 2830 361 2857 hinc
375 2836 500 2865 apparet,
525 2831 596 2865 apud
617 2831 726 2858 Gratcos
744 2836 809 2859 tunc
824 2831 939 2859 aflinitas

151 2877 310 2904 ailinitatcm
325 2876 459 2911 pariebat,
482 2876 642 2904 cuminusu
662 2877 716 2913 jam
737 2877 866 2905 Ecclesia:
888 2876 938 2904 La-

989 2279 1128 2316 βασιλικὸν
1151 2279 1277 2313 σταυρόν,
1296 2284 1349 2306 etc.
1367 2278 1430 2306 Ilaec
1453 2284 1518 2306 sunt
1537 2287 1597 2314 qua:
1620 2284 1714 2307 noster
1731 2280 1776 2307 hic

989 2331 1068 2353 vocat
1084 2326 1198 2360 insignia
1215 2326 1328 2360 imperii.
1350 2326 1377 2352 In
1395 2325 1495 2360 quibus
1510 2325 1582 2360 quod
1598 2326 1646 2358 τὰς
1660 2325 1706 2352 τοῦ
1727 2327 1777 2361 βα-

989 2372 1086 2403 σιλέως
1102 2371 1259 2407 πυραμὶδας
1274 2371 1441 2407 imperatoris
1457 2371 1606 2406 pyramides
1620 2371 1775 2406 Acmpolita

989 2421 1126 2449 numerat,
1144 2418 1236 2444 lumen
1259 2417 1359 2452 accipit
1376 2424 1410 2444 ex
1428 2417 1482 2444 alio
1500 2418 1559 2452 ejus
1575 2417 1644 2449 loco,
1665 2417 1733 2445 Hist.
1749 2427 1775 2449 (τ,

989 2462 1034 2495 40,
1048 2470 1076 2497 p.
1091 2462 1136 2494 56,
1149 2462 1195 2489 tibi
1211 2462 1244 2489 de
1260 2462 1406 2489 Theodoro
1422 2462 1524 2497 Angclo
1539 2461 1645 2495 imperii
1660 2462 1776 2495 insignia

990 2508 1144 2543 deponente
1164 2508 1203 2535 sic
1218 2507 1313 2535 scribit
1329 2516 1336 2534 :
1353 2507 1394 2533 τὰ
1417 2507 1466 2542 μὲν
1487 2508 1540 2542 γὰρ
1560 2506 1664 2541 ἐρυθρὰ
1681 2508 1777 2534 πέδιλα

989 2554 1159 2580 ἀπεϐάλὶετο
1177 2554 1222 2580 καὶ
1234 2554 1283 2587 τὴν
1296 2552 1508 2587 περῖμαργαρνλν
1518 2551 1669 2585 πυραμίδα,
1687 2553 1727 2583 εἰς
1741 2553 1775 2587 ἣν

989 2599 1037 2626 καὶ
1063 2598 1137 2630 λίϐος
1163 2598 1353 2634 ὑπερκάθηται
1383 2598 1518 2630 κόκκινος,
1539 2597 1665 2632 βασιλικὰ
1689 2599 1776 2626 ταῦτα

991 2645 1122 2680 σὺμῦολα.
1133 2644 1190 2671 Iloc
1200 2648 1285 2671 estex
1298 2643 1422 2670 versione
1435 2642 1587 2670 der-tissimi
1599 2642 1774 2677 interpretis:

990 2691 1111 2725 Namque
1124 2690 1196 2716 rubri
1207 2690 1287 2716 calcei
1302 2689 1414 2721 dimissi,
1430 2693 1454 2715 et
1466 2689 1603 2716 rationibus
1611 2688 1776 2716 interstincta

990 2738 1117 2772 pyramis,
1127 2744 1205 2771 super
1217 2744 1296 2771 quam
1310 2735 1377 2769 lapis
1394 2735 1486 2762 rubens
1501 2734 1641 2767 emicabat,
1658 2736 1776 2770 quwim-

992 2788 1143 2818 portitorum
1160 2783 1277 2817 insignia
1288 2785 1360 2808 sunt.

1027 2829 1113 2864 Capp.
1127 2830 1130 2832 '
1143 2828 1177 2854 10
1199 2832 1226 2855 et
1242 2827 1284 2854 Η.
1314 2828 1380 2860 Qua:
1396 2827 1440 2856 hic
1460 2832 1608 2856 narrantur
1634 2827 1667 2855 de
1688 2827 1778 2854 Vecco

993 2875 1080 2902 libere
1120 2881 1231 2902 causam
1262 2881 1413 2909 pauperum
1443 2873 1544 2910 injuste
1578 2881 1778 2909 oppressorum
