1931 3069
126 149 196 183 iw.

878 152 901 182 Ν
907 151 998 183 ΟΤἙ.

1687 155 1754 186 11ϊῖ

124 209 235 237 νευτέον
257 208 311 243 γὰρ
339 207 406 235 Θεοῦ
435 208 538 243 μᾶλλον
555 208 570 242 ἢ
590 209 805 235 ἀναπνευστὲον.
837 209 909 242 Quot

969 211 1013 238 hic
1029 211 1125 245 positis
1148 216 1237 246 potest
1263 213 1360 238 astrui.
1387 212 1466 238 Prius
1485 217 1525 238 cst
1541 212 1753 241 Constantinum

125 255 258 290 deinceps
272 255 317 283 hic
335 255 486 282 historicus
500 254 593 289 culpat
607 255 788 281 orthodoxam
802 256 916 289 patriar-

125 302 207 329 cham
231 301 361 333 Vcecum,
379 301 443 335 quia
459 301 482 327 is
504 302 614 335 scriptis
637 301 762 327 refellere
782 301 915 327 schisma-

126 348 196 375 ticos
226 347 263 374 sit
288 354 442 382 aggressus,
461 347 643 374 schismaticze
670 346 789 382 loliginis
816 355 914 374 succus

126 398 178 425 est,
211 393 286 420 nullo
308 393 376 420 satis
390 393 515 427 specioso
545 393 661 420 tectorio
689 393 801 420 lividam
833 393 914 419 mali-

125 440 257 474 gnitatem
285 440 388 467 velans.
412 439 506 474 Itaque
533 440 634 467 oblitus
660 448 741 475 quam
771 440 914 473 magniﬁce

127 491 208 513 antea
227 486 417 520 prtedicaverit
433 487 551 513 nobilem
567 492 594 513 et
609 487 723 513 liberam
741 487 821 514 Vccci
838 487 914 513 indo-

125 532 180 558 lem
201 532 235 559 ab
257 533 332 559 omni
356 532 486 559 adulandi
505 533 638 560 servitute
658 533 912 567 disjunctissimam,

127 585 211 608 nunc,
231 578 252 604 si
268 579 375 612 superis
388 578 486 612 placet,
502 586 565 605 eum
584 578 694 605 exhibet
707 579 789 606 Persa
817 580 914 613 quovis

116 623 303 663 ’ttbjectiorcm
331 623 359 649 in
387 623 562 655 assentando,
588 623 735 658 prodigum
757 623 911 656 titulorum,

126 673 154 696 et
166 669 234 695 nihil
256 669 307 696 sibi
325 669 472 696 facientem
492 669 592 704 reliqui
607 670 634 696 in
649 670 806 697 extollendo
823 669 912 696 hono—

127 715 205 742 ribus
230 715 362 742 indcbitis
385 715 566 749 Ephesinum,
592 716 671 751 cujus
698 724 782 750 opera
809 720 911 750 egeret,

124 760 287 793 antistitem,
303 769 357 795 quo
384 762 421 788 ita
445 762 496 788 sibi
526 770 589 789 cum
620 763 782 789 devincirct.
805 762 910 793 Scribit,

125 806 215 840 inquit
230 814 256 840 p.
280 807 344 839 479,
364 807 398 834 ad
414 807 584 842 Epltest'nwn,
604 816 725 843 eumque,
745 812 772 834 ul
798 808 854 843 ipse
871 809 912 834 in-

115 847 267 887 iseriptione
288 855 475 886 demereretur,
505 862 556 880 non
569 853 726 889 simpliciter
754 853 910 888 ἱερώτατον,

125 898 170 933 qui
185 897 252 925 solet
269 897 361 924 titulus
376 899 499 933 episcopis
518 899 605 931 tribui,
628 898 674 926 sed
707 898 909 933 πανιερὼτατον
927 896 946 922 Β

123 944 150 970 in
163 945 249 978 fronte
268 944 417 971 litterarum
431 950 576 979 nuncupat.
588 945 627 972 ita
652 945 851 979 Paehymeres;
867 943 913 978 qui

124 989 234 1016 videtur
255 991 312 1017 lucc
333 990 456 1018 scribens
480 998 620 1024 nunquam
643 990 741 1025 legisse
766 990 866 1016 librum
885 989 912 1016 in

124 1036 225 1065 Grzecia
241 1039 413 1066 notissimum
425 1039 590 1074 ,Liturgiam
601 1038 799 1074 Chrysostomi.
812 1038 840 1064 lu
859 1045 912 1072 qua

123 1084 253 1111 sacerdos
280 1084 423 1112 celebrans
454 1092 520 1112 voce
549 1085 656 1111 sublata
679 1085 745 1111 dicit
765 1084 910 1119 μνήςεητι.

123 1129 221 1164 Κύριε,
237 1130 440 1165 πανιερωτάτου
455 1130 653 1165 μητροπθλίτου
763 1130 851 1165 ἡμῶν,
865 1130 910 1156 τοῦ

121 1175 207 1206 δεῖνος
225 1175 385 1213 εΜεηιεηιο,
404 1175 525 1209 Domine,
539 1176 744 1211 πανιερωτάτου
762 1176 912 1210 metropoli-

121 1226 155 1250 ιω
169 1224 253 1250 nostri
272 1223 307 1250 N.
325 1223 359 1250 Et
383 1223 482 1250 iterum
509 1231 570 1250 mox
584 1222 632 1249 toﬁ
661 1223 744 1254 Baito;
773 1231 910 1257 πανιερω-

120 1267 202 1294 niteo
235 1268 436 1302 μητροπῡλίτῡυ
467 1268 483 1303 ἢ
513 1269 665 1294 ἐπισκόπου
681 1269 755 1299 ὅστις
774 1268 806 1294 ἂν
821 1266 849 1305 ᾗ.
874 1267 908 1295 Ν.

121 1313 299 1347 paulu'crotali
311 1313 483 1348 metropolin
498 1317 543 1340 aut
560 1314 691 1348 episcopi,
708 1314 854 1348 quicunque
864 1313 908 1339 sit.

121 1359 201 1392 Quod
225 1360 247 1387 si
260 1360 430 1387 sacerdotem
443 1359 587 1387 facientem
603 1359 635 1386 ad
648 1363 772 1392 aram,ct
788 1360 815 1385 in
831 1367 909 1386 sacro

122 1410 222 1432 ornatu
238 1406 338 1433 Christi
359 1413 503 1440 personam
519 1410 773 1440 reprmsentanlem.
791 1413 844 1432 non
861 1405 908 1432 dc-

123 1451 202 1479 decet
224 1452 428 1486 πανιερωτςὶτου
458 1452 567 1479 deferre
587 1451 696 1478 titulum
715 1451 829 1478 cuilibet
848 1452 908 1485 epi-

123 1505 217 1532 seopo,
237 1498 299 1532 quis
322 1498 483 1532 patriarcha:
502 1498 622 1532 prii-alas
637 1497 744 1525 litteras
764 1497 798 1524 ad
815 1497 907 1531 Ephe-

123 1545 190 1572 sime
205 1545 404 1579 antiquissima:
422 1549 450 1571 et
463 1544 686 1571 honoratissima:
700 1543 774 1571 sedis
799 1543 908 1570 antisti~

123 1596 177 1618 tcm
196 1591 271 1617 danti
289 1595 367 1625 putet
383 1591 450 1618 vitio
466 1591 627 1618 vertendum
644 1591 665 1617 si
684 1591 731 1617 tali
749 1598 811 1617 eum
829 1590 908 1616 titulo

121 1636 164 1673 [P.
180 1637 243 1672 480]
258 1637 569 1672 compellaverit?Ergo
582 1637 635 1664 alia
651 1636 760 1671 quidem
777 1636 909 1663 schisma-

122 1685 168 1712 tici
187 1685 317 1720 obiiciant
342 1685 442 1716 Vecco,
456 1684 478 1711 si
499 1684 627 1711 habent:
645 1683 715 1718 αὕτη
741 1682 796 1717 γὰρ
821 1683 837 1717 ἡ
858 1683 908 1717 μή-

123 1731 214 1766 ρινθος
233 1730 308 1757 οὐδὲν
327 1730 443 1757 ἔσπασε.

160 1777 189 1804 Ρ.
203 1777 267 1804 489.
307 1777 449 1804 Enimvero
477 1775 665 1804 scandalorum
677 1795 684 1807 ,
702 1779 755 1802 etc.
773 1773 844 1802 Satis
860 1782 909 1800 au-

122 1825 226 1856 dacter,
246 1831 279 1850 ne
293 1823 381 1850 dicam
406 1823 581 1856 impudenter
595 1826 623 1849 et
649 1821 732 1856 impie
749 1821 908 1848 schismati-

120 1878 170 1898 cus
180 1871 224 1897 hic
234 1869 352 1904 scriptor
360 1873 469 1896 sanctos
479 1868 606 1895 Ecclesia:
616 1867 708 1894 Patres
721 1867 908 1893 scamlalorum

123 1924 281 1952 magnorum
300 1923 398 1942 causas
416 1915 524 1941 dedisse
541 1914 590 1945 ait,
608 1913 673 1940 dum
687 1920 794 1940 sacrum
811 1913 909 1947 dogma

120 1963 154 1989 de
169 1961 344 1997 proccssione
359 1960 479 1995 Spiritus
489 1959 577 1986 sancti
589 1967 621 1985 ex
638 1959 718 1985 Patre
732 1966 782 1993 per
797 1958 907 1988 Filium,

121 2008 173 2035 hoc
189 2012 230 2034 est.
255 2006 335 2033 simul
351 2006 434 2033 etiam
458 2012 492 2031 ex
511 2004 591 2037 Filio,
606 2008 680 2030 recte
702 2008 730 2030 et
755 2003 909 2030 orthodoxe

120 2053 269 2087 explicant.
283 2051 391 2084 Quanto
406 2051 557 2085 sapientius
572 2050 685 2082 laceret,
697 2050 719 2077 si
735 2057 796 2077 cum
809 2050 907 2080 Vccco,

123 2107 201 2134 quem
230 2098 275 2125 hic
291 2097 430 2124 immerito
456 2097 558 2131 culpat,
571 2100 744 2123 exserentem
762 2103 791 2123 se
806 2096 907 2122 verita-

122 2150 188 2177 tem,
203 2152 284 2179 quam
308 2144 384 2178 prius
411 2144 594 2178 ignoraverat,
617 2142 786 2173 adtnitieret,
802 2146 830 2168 et
847 2149 907 2168 cum

121 2190 228 2218 Latinis
244 2190 421 2225 proﬁteretur
438 2197 495 2216 rem
509 2197 524 2216 a
542 2189 599 2215 suis
615 2188 682 2223 ipsis
698 2187 800 2215 Grtl’CiS
817 2187 907 2214 Patri-

968 258 1040 284 hunc
1052 265 1177 286 aversum
1188 266 1217 285 se
1233 266 1246 284 a
1261 266 1326 292 pace
1341 259 1525 285 Ecclesiarum
1542 259 1630 293 palam
1648 261 1754 289 tulisse:

967 305 1039 338 quod
1059 312 1113 331 non
1138 309 1180 332 est
1202 304 1352 332 verisimile
1378 305 1513 331 facturum
1534 313 1609 337 cum,
1636 307 1658 333 si
1675 312 1754 340 patrr

967 352 1037 385 ejus,
1071 351 1146 385 pacis
1169 352 1228 386 ejus
1246 352 1325 385 quasi
1349 357 1444 378 auctor
1468 356 1495 377 et
1518 352 1751 382 studiosissimus.

968 396 1083 423 viveret.
1109 395 1243 427 Alterum,
1270 396 1464 430 imperatorem
1482 395 1665 423 Constantino
1688 405 1752 423 suc—

967 445 1125 468 ccnsentem
1141 448 1174 468 eo
1194 442 1305 468 nomine
1320 449 1376 467 rem
1393 441 1426 468 ad
1445 446 1549 476 patrem
1562 442 1671 475 juvenis
1698 450 1752 468 non

966 487 1097 514 detulisse
1106 492 1133 514 ct
1147 488 1171 514 ei
1189 488 1272 514 ﬁlium
1290 488 1477 523 castigandum
1496 496 1550 514 non
1569 488 1752 515 commisisse.

967 533 1019 560 Sed
1037 534 1067 560 ad
1083 533 1202 567 primunt
1220 533 1338 560 dicimus
1355 536 1455 560 mirum
1474 542 1528 560 non
1544 541 1603 560 csse
1618 533 1754 560 Constan-

968 580 1054 606 tinum
1082 588 1097 606 a
1122 584 1199 614 patre
1220 579 1394 611 dissensisse.
1417 587 1479 607 cum
1504 580 1630 614 superius
1645 579 1752 614 Pachy-

966 635 1056 654 mercs
1068 626 1193 653 docuerit
1208 626 1234 652 in
1246 626 1361 660 singulis
1375 627 1460 653 ferme
1473 631 1537 652 tunc
1552 626 1664 652 fatniliis
1675 627 1751 660 paria

967 673 1125 707 euntigisse.
1143 672 1223 699 Certe
1244 672 1270 699 in
1287 672 1345 706 ipsa
1363 672 1540 706 imperatoria
1556 671 1681 698 videmus
1699 671 1752 696 lit:-

965 719 1065 753 logiam
1088 718 1228 745 Michaelis
1242 717 1355 752 Augusti
1377 725 1535 752 germanam
1561 716 1750 743 charissimam

965 764 1054 799 palam
1077 764 1105 790 in
1121 764 1209 798 ipsum
1231 764 1266 790 ob
1283 771 1377 798 pacein
1399 763 1497 789 factam
1514 762 1708 793 insurrexisse,
1725 766 1752 787 ct

965 810 1033 837 alios
1045 809 1265 844 consanguineos
1279 809 1363 835 etiam
1377 816 1463 843 usque
1472 809 1504 835 ad
1513 815 1650 839 carceres,
1665 815 1751 834 excae-

966 856 1088 882 cationcs
1111 859 1140 882 et
1162 863 1258 882 necem
1276 855 1362 889 ipsam
1384 854 1538 889 pertinaces
1555 854 1582 880 in
1604 853 1752 880 schismate

966 900 1061 928 fuisse.
1094 900 1134 927 Ad
1164 900 1316 927 secundum
1350 900 1504 934 respondeo
1532 899 1602 925 forte
1630 897 1751 924 abfuisse

966 953 1032 974 tunc
1044 947 1078 974 ab
1096 947 1158 973 aula
1177 946 1323 982 Georgium
1340 953 1469 980 magnum
1484 945 1659 980 logothetam,
1677 944 1752 978 lcga—

966 994 1040 1020 Iione
1061 993 1152 1027 aliqua
1176 993 1219 1020 vel
1248 992 1410 1027 provinciali
1434 991 1599 1026 prmfectura
1617 990 1682 1017 alibi
1706 998 1752 1016 us-

964 1041 1036 1074 piam
1048 1039 1201 1067 detentum.
1218 1039 1409 1073 Superrisissc
1424 1045 1506 1073 porro
1522 1037 1597 1064 illum
1613 1036 1749 1068 Michaeli,

963 1091 991 1113 ct
1015 1087 1048 1113 ab
1063 1086 1221 1113 Andronico
1239 1089 1352 1120 propter
1370 1084 1534 1119 legationem
1551 1084 1583 1110 ad
1606 1091 1702 1117 papam
1720 1087 1748 1108 ct

963 1132 996 1159 ad
1011 1132 1159 1160 concilium
1187 1132 1369 1167 Lugdunense
1393 1130 1475 1166 685
1501 1138 1550 1165 pro
1577 1137 1657 1156 causa
1674 1129 1748 1164 pacis

963 1179 1064 1205 obitam
1079 1179 1107 1205 in
1123 1185 1261 1205 carcerem
1283 1178 1450 1213 conjectura.
1467 1176 1648 1203 disertissime
1666 1175 1749 1201 tradit

964 1225 1080 1251 idoneus
1095 1228 1194 1251 auctor
1211 1223 1366 1250 Demetrius
1389 1222 1491 1249 Baulos
1504 1221 1625 1248 Cztbaccs
1637 1228 1669 1247 ex
1686 1220 1747 1247 Plc-

963 1271 1047 1298 thone
1063 1270 1196 1302 Gcmislo,
1220 1271 1266 1304 qui
1291 1269 1386 1296 videre
1404 1268 1493 1303 potuit
1511 1275 1570 1301 qua:
1585 1266 1663 1298 dicit,
1685 1273 1747 1293 cum

961 1313 1201 1348 Constantinopoli
1232 1313 1283 1340 sub
1311 1313 1441 1340 blicltacle
1466 1317 1494 1339 ct
1520 1317 1580 1346 post
1598 1312 1671 1338 hunc
1695 1311 1747 1337 sub

960 1359 1118 1387 Andronico
1134 1359 1246 1389 vixerit.
1263 1359 1346 1386 etiam
1361 1366 1376 1386 λ
1390 1358 1556 1393 Pachymere
1568 1361 1745 1384 memoratus.

960 1405 1026 1432 Vide
1043 1414 1102 1440 qua:
1123 1405 1277 1432 notavimus
1295 1404 1328 1431 ad
1346 1412 1372 1438 p.
1394 1403 1456 1430 5H.

995 1454 1025 1479 P.
1044 1452 1106 1479 496.
1130 1452 1158 1478 In
1181 1451 1332 1485 Acropolita
1349 1451 1451 1486 quidem
1467 1450 1613 1477 ulciscendo
1631 1450 1698 1476 iram
1721 1452 1748 1476 in

960 1502 1086 1532 potestate
1098 1497 1199 1524 lmbuit.
1217 1496 1279 1524 Scio
1293 1496 1381 1523 visum
1399 1496 1432 1523 iri
1446 1496 1564 1530 cuipiam
1580 1495 1674 1522 Grmca
1687 1495 1744 1525 illa,

960 1545 1007 1570 καὶ
1024 1544 1157 1578 κρείττω-ι
1172 1542 1225 1569 τῶν
1243 1542 1304 1568 κατ’
1330 1543 1434 1568 ἐκεῖ-ναν
1450 1543 1495 1567 τὸν
1512 1541 1595 1576 deum
1609 1539 1671 1575 ἦγε,
1692 1549 1746 1567 non

961 1589 988 1615 id
1013 1588 1084 1623 quod
1111 1593 1191 1615 sonat
1213 1588 1315 1619 vcrsio,
1335 1587 1382 1615 sed
1411 1587 1488 1622 quasi
1509 1587 1677 1615 contrarium
1703 1595 1748 1613 so-

961 1643 1038 1662 nare.
1055 1635 1155 1662 Verum
1172 1635 1342 1661 adversativa
1357 1642 1418 1668 qua:
1436 1642 1497 1660 mox
1516 1634 1651 1668 sequitur,
1663 1632 1700 1668 τῷ
1718 1633 1746 1659 δὲ

960 1680 1122 1713 Μῡυζάλωνι
1137 1682 1184 1706 καὶ
1200 1681 1259 1706 λίαν
1277 1680 1452 1715 χολούμενος,
1471 1681 1523 1706 hoc
1541 1679 1654 1713 intelligi
1671 1678 1746 1713 quod

959 1727 1146 1761 expressimus
1160 1726 1187 1753 in
1205 1726 1344 1760 prioribus
1358 1726 1450 1752 verbis
1468 1726 1580 1757 indicat,
1596 1731 1745 1760 quantum-

961 1774 1002 1800 vis
1028 1773 1074 1799 illa
1099 1773 1154 1799 huc
1179 1772 1262 1798 inrita
1283 1771 1487 1805 pcrtrahantur,
1508 1771 1587 1805 plane
1609 1770 1744 1805 siquidem

960 1818 1113 1854 signiﬁcare
1121 1817 1177 1844 vult
1185 1825 1280 1844 auctor
1291 1817 1438 1851 diversoac
1450 1817 1506 1844 fere
1515 1816 1653 1844 contrario
1665 1816 1747 1842 modo

961 1873 990 1893 se
1005 1865 1121 1900 gessisse
1136 1864 1288 1899 Augustum
1320 1871 1381 1890 cum
1415 1862 1523 1890 duobus
1557 1863 1642 1894 hisce,
1672 1862 1745 1889 (Συη-

960 1913 1083 1940 stautino
1098 1912 1254 1946 Acropolita
1271 1916 1298 1938 et
1318 1911 1462 1937 Theodoro
1483 1910 1639 1942 Muzalone;
1662 1917 1747 1943 quare

960 1959 1061 1986 diserte
1091 1958 1227 1984 aﬁirmans
1254 1957 1368 1984 effusam
1398 1957 1424 1983 in
1455 1957 1529 1983 hunc
1548 1956 1582 1983 ab
1606 1963 1638 1982 eo
1663 1960 1745 1982 totam

960 2005 1137 2032 acerbitatem
1156 2004 1213 2035 irte,
1239 2004 1291 2030 hoc
1316 2003 1375 2037 ipso
1394 2003 1583 2029 necessitatem
1599 2001 1678 2028 nobis
1696 2001 1746 2027 im-

960 2051 1036 2086 ponit
1058 2050 1226 2085 intelligcndi
1255 2049 1348 2075 mitius
1367 2049 1454 2083 egisse
1471 2056 1533 2075 cum
1555 2048 1652 2080 altero,
1667 2051 1694 2073 ct
1718 2048 1745 2072 in

959 2105 992 2124 eo
1009 2095 1318 2126 multandojracundiaz
1339 2095 1453 2121 frtenum
1472 2094 1626 2124 attraxisse,
1647 2098 1745 2119 utcun-

959 2151 1013 2177 que
1034 2143 1060 2169 id
1075 2149 1131 2168 nou
1147 2141 1219 2168 clare
1243 2141 1392 2175 archetypa
1407 2140 1571 2174 exprimant.
1585 2139 1744 2172 Quanquam

959 2189 1057 2224 siquis
1079 2187 1198 2222 penitius
1221 2187 1401 2220 introspiciat,
1430 2186 1538 2213 conﬁdo
1555 2185 1745 2219 deprehensu-

120 2237 181 2267 bus,
203 2241 231 2264 ut
249 2236 352 2263 fatetur
377 2236 433 2270 ipsc
453 2243 574 2269 quoque.
600 2235 743 2261 manifeste
766 2234 903 2261 traditam.
923 2242 1020 2271 Drum
1054 2234 1136 2261 etiam
1171 2233 1204 2260 ad
1238 2241 1395 2267 expressam
1422 2241 1436 2259 a
1465 2232 1545 2258 nobis
1580 2232 1744 2258 sententiain

154 2282 183 2309 P.
203 2283 265 2309 48L
286 2281 332 2307 Illi
348 2289 410 2315 ergo
431 2280 507 2306 ambo
528 2279 578 2306 soli
602 2279 727 2313 gloriam,
745 2283 800 2305 etc.
828 2277 905 2309 Quod

119 2327 164 2355 hic
178 2327 255 2354 vides
271 2325 375 2353 laudari
391 2325 545 2359 pertinaces
565 2324 592 2350 in
609 2323 758 2350 schismate
772 2329 856 2355 usque
872 2319 906 2346 ad

90 2393 102 2418 ς
119 2371 326 2408 perpetiendam
350 2371 530 2398 etlessionem
548 2370 704 2399 oculorum.
723 2369 827 2402 imputo
839 2367 906 2393 vitio

99 2413 242 2453 ,historici
259 2419 360 2453 palam,
378 2423 408 2444 ut
433 2418 535 2444 dictum
553 2419 605 2448 est,
624 2415 765 2442 schismati
789 2413 905 2440 addicti.

118 2465 153 2493 Et
170 2465 308 2500 pertinere
335 2463 388 2490 huc
410 2468 475 2497 puta
498 2463 608 2497 sapiens
625 2461 736 2487 emtum
753 2459 839 2486 sancti
856 2458 907 2493 Cy-

117 2511 218 2547 priani,
244 2510 400 2540 hazrcticos,
422 2509 468 2544 qui
490 2516 539 2543 pro
560 2508 601 2535 sui
620 2500 723 2534 erroris
744 2505 905 2533 defensione

118 2557 178 2584 dira
194 2560 344 2583 mortemve
364 2560 534 2589 paterentur,
561 2561 616 2581 non
640 2552 753 2588 gloriam
780 2550 904 2586 martyrii

109 2603 229 2635 ‘mereri,
247 2602 293 2629 sed
307 2609 415 2636 poenam
432 2602 508 2628 luere
525 2600 656 2636 perﬁdiae.

153 2649 184 2676 P.
205 2647 499 2677 495.Lotistatttinum
515 2645 698 2680 Acropolitam
713 2653 729 2672 α
747 2648 822 2680 patre
848 2652 906 2670 ma-

118 2702 169 2729 gno
191 2693 322 2728 logotlteta
352 2697 498 2727 acceptum.
526 2691 619 2719 Vidcri
657 2691 757 2725 poterit
785 2690 903 2724 cuipiam

117 2739 266 2774 Georgium
290 2738 477 2772 Acropolitam
503 2745 630 2772 magnum
660 2736 825 2771 logothetam
851 2736 904 2763 hoc

116 2789 242 2820 tempore
263 2783 318 2819 jam
340 2783 426 2810 fuisse
442 2786 595 2810 mortuum.
610 2782 639 2809 ld
655 2782 727 2809 enim
745 2790 778 2809 ex
797 2781 904 2809 duobus

153 2871 191 2908 (ι)
209 2871 250 2900 Cl“.
269 2871 335 2900 Obs.
352 2871 384 2900 ad
399 2871 548 2900 Andronic.
565 2871 583 2898 l.
603 2879 634 2905 tt,
651 2879 676 2899 c.
697 2871 721 2898 l.

960 2281 1054 2308 Cra-ca
1070 2280 1136 2307 satis
1155 2287 1234 2314 posse
1248 2278 1450 2305 accommodari
1465 2279 1514 2311 tt).

993 2326 1036 2362 [P.
1052 2325 1116 2361 481]
1133 2325 1162 2352 Ρ.
1188 2326 1249 2352 438.
1275 2325 1315 2352 Ad
1341 2324 1456 2351 Montem
1479 2324 1600 2358 Nigrum.
1615 2323 1744 2357 Supplevi

958 2372 990 2399 ad
1009 2371 1053 2398 illa
1069 2371 1160 2398 Grtrca
1176 2370 1245 2404 πρὸς
1258 2370 1287 2395 τὸ
1310 2369 1394 2404 μέλαν
1413 2369 1577 2396 vocabulum
1595 2369 1657 2402 ιρης
1676 2377 1747 2394 nion-

959 2422 1021 2444 [ειη.
1038 2417 1124 2444 Erant
1137 2417 1165 2443 in
1179 2416 1270 2443 Monte
1285 2415 1369 2450 Nigro
1386 2416 1514 2442 monachi
1531 2414 1653 2449 plurimi,
1670 2419 1696 2439 et
1711 2413 1744 2438 ad

958 2462 1154 2497 capessendam
1180 2462 1359 2488 monasticam
1375 2460 1573 2495 professionem
1591 2467 1746 2486 accommo-

957 2511 1039 2537 datus
1078 2509 1124 2536 illc
1164 2509 1252 2536 locus.
1279 2507 1375 2543 itaque
1413 2507 1470 2534 illic
1502 2507 1653 2533 monachus
1680 2506 1744 2531 olim

957 2555 1063 2582 vixerat
1093 2553 1248 2581 Germanus
1277 2559 1371 2587 postea
1399 2552 1566 2587 patriarcha,
1595 2556 1625 2579 ut
1651 2556 1747 2578 noster

957 2601 1047 2634 docet,
1065 2609 1092 2635 p.
1115 2600 1168 2627 280
1181 2608 1188 2632 ;
1203 2599 1377 2626 Theodosius
1399 2600 1462 2626 item
1482 2598 1620 2633 princeps.
1646 2597 1746 2624 deinde

957 2647 1114 2683 patriarcha
1144 2646 1345 2677 Antiochenus,
1375 2649 1404 2672 ut
1431 2645 1548 2672 habetur
1563 2645 1582 2671 l.
1614 2652 1640 2676 ν,
1656 2651 1680 2671 c.
1699 2644 1744 2670 Si.

956 2694 1066 2722 Poterat
1077 2696 1104 2720 et
1115 2692 1148 2719 ad
1163 2691 1194 2718 τὸ
1206 2692 1291 2727 μέλαν
1307 2691 1474 2726 ευὴῑιιιιιηὶεἱ
1489 2689 1674 2725 σχῆμα,‹ιυοά
1700 2698 1747 2716 vc-

956 2740 1006 2767 stis
1018 2738 1217 2767 monachorum
1231 2745 1280 2773 per
1289 2737 1427 2765 Orientem
1439 2737 1514 2772 nigra
1526 2741 1614 2764 esset:
1628 2737 1674 2763 sed
1684 2742 1745 2761 vrr-

955 2785 1022 2814 bum
1048 2784 1221 2819 καταφυγεῖν
1249 2784 1422 2812 commodius
1449 2783 1568 2811 refertur
1591 2783 1623 2810 ad
1655 2784 1745 2810 locum
