1931 3069
116 155 186 189 ΠΗ

657 156 731 186 LlB.
754 157 811 188 ill.
832 171 864 175 -
885 155 1223 190 CIIRONOLOGICUS.

1681 163 1751 195 Ηῡο

113 214 163 248 τὸς
179 213 225 240 καὶ
244 214 487 249 μεγιλεπήὅο).ο;,
504 215 517 240 ὁ
535 214 737 250 Κομνηνοξυὴς
762 216 896 242 Παλαιολό

961 216 1068 249 guando
1098 221 1280 243 consueverat.
1314 217 1405 245 Codex
1440 217 1607 247 Barl'crinus
1634 221 1748 250 formam

115 268 172 293 γων
190 260 316 294 βλαστὸς.
332 261 379 287 καὶ
404 260 515 295 σύμπαν
539 260 771 295 ἀξιοοαύμαστος.
789 261 909 297 Inclytus

116 306 143 332 in
166 306 369 340 imperatoribus
393 305 517 334 Michael.
540 315 666 341 magnum
690 307 866 334 Orientalium
885 314 909 335 et

116 350 291 379 Occiduorum
319 356 453 379 tractuum
476 361 582 383 nomen,
609 357 656 380 aut
679 355 764 388 poIius
795 359 910 390 quatuor

116 399 210 425 mundi
221 399 360 426 cardinum
382 404 468 426 terror
485 403 510 426 et
523 399 622 434 gloria,
634 401 734 434 pietate
749 403 909 429 constantis-

113 446 193 475 simo,
218 445 315 479 fiducia
336 447 362 472 in
388 446 471 472 Deum
490 447 599 473 ardente
622 447 725 481 pariter
742 452 766 473 ει
782 449 909 475 immitta-

114 491 179 522 bili;
199 491 244 526 qui
258 500 304 527 per
318 497 401 518 totum
413 493 494 519 vitam
508 501 585 528 scopo
600 493 699 520 illustri
713 494 761 521 sibi
774 496 907 528 proposito

113 537 176 571 ﬁdei
190 539 308 570 sincerte,
330 543 424 566 cuncta
442 547 500 573 qum
517 540 551 566 ad
567 541 636 567 lianc
649 541 830 571 conducerent,
849 550 919 577 quin.

113 583 190 610 illam
206 584 439 620 quomadorunque
453 585 592 619 referrent,
609 595 664 621 pra:
677 589 749 614 oraui
762 596 850 622 opere,
865 598 907 616 co-

113 629 250 664 gitatione,
265 630 385 661 consilio,
409 631 480 657 omni
498 632 573 658 modo
596 637 620 658 et
635 637 759 667 tempore,
782 635 905 667 sedendo,

112 677 245 710 surgentia
272 678 299 703 in
313 678 384 704 attriti
398 683 470 705 motu
486 687 517 705 ac
528 687 608 713 passu
619 681 744 714 spectavit
756 681 907 715 amp/emus-

113 730 162 757 que
181 726 229 749 est.
246 722 379 758 Indefcssa
403 732 485 754 meus.
504 733 660 759 magnorum
675 726 752 752 homo
770 735 904 760 sensuum,

112 768 233 798 adistis.
259 777 358 803 magna
382 776 518 804 operatus.
541 771 657 805 iugentia
675 776 801 804 conatus;
825 771 907 799 Come

113 822 182 841 uena
209 816 300 842 mistlts
325 817 407 851 stirpe
434 816 646 851 Palu'ologorum
668 818 800 849 surculus.
825 819 905 853 pla-ne

113 860 290 888 admiratione
311 863 416 896 dignus.
444 863 505 890 llaec
525 863 563 890 ibi
583 863 718 898 Georgius
738 865 902 898 Metochita;

112 914 173 940 quae
193 914 242 933 nos
267 908 391 935 encomia
414 908 499 943 688
524 909 626 937 laudati
647 910 779 942 auctoris,
808 912 903 939 ortho-

112 952 175 979 doxi
193 953 294 987 quippe
311 953 489 987 confessoris,
510 955 555 988 qui
570 959 671 983 tetrum
689 965 703 984 a
716 957 901 985 schismaticis

113 1004 250 1025 carcerem
267 1006 318 1033 pro
334 999 387 1026 ﬁ-Ic
405 1000 555 1034 apostolica
574 1001 695 1029 Romana
711 1003 804 1030 multis
820 1004 900 1031 annis

113 1051 200 1078 usque
232 1044 265 1070 ad
294 1049 410 1072 mortem
440 1046 541 1073 invicta
570 1048 724 1075 constantia
756 1049 898 1081 sustinuit,

111 1094 220 1116 mortuo
238 1090 398 1125 imperatori
425 1096 520 1120 nostro
536 1100 585 1127 pro
607 1093 716 1121 funebri
741 1095 898 1124 laudatione

111 1134 308 1169 impendimus,
338 1137 379 1164 sic
406 1142 489 1172 prout
518 1146 664 1173 possumus
687 1140 901 1174 ἁντιτηκοῧντες

111 1184 310 1215 εοηιρεηεαηιρδ
337 1183 528 1211 conviciorum
549 1185 682 1219 plaustra,
716 1195 776 1221 qurc
798 1189 900 1222 passim

111 1225 138 1252 in
159 1233 223 1252 eum
238 1226 384 1255 cﬁ‘undunt
398 1228 484 1256 Graeci
501 1230 671 1258 sehismatici
695 1237 722 1258 et
737 1232 826 1260 Latini
843 1234 899 1261 hze-

111 1271 208 1304 rctici,
239 1273 389 1307 perlectam
415 1274 450 1302 ab
483 1283 516 1302 eo
542 1275 726 1305 Eeclesiaruru
755 1278 901 1308 Orientalis

111 1323 174 1344 cum
190 1318 311 1346 Oecidua
329 1320 553 1348 conciliationem
576 1321 664 1350 livore
680 1323 809 1351 Satanico
827 1325 900 1353 iudi-

112 1367 238 1397 gnantes.

148 1407 190 1443 [l’.
216 1408 280 1445 485}
306 1410 336 1438 P.
359 1412 420 1439 552.
442 1412 567 1448 Sigillum
590 1415 660 1450 quod
679 1415 802 1444 adhibere
831 1417 902 1445 obsi-

128 1526 451 1541 *ιε-ξ

456 1537 938 1550 Ἅ-

961 261 1067 296 ellingit
1084 262 1166 297 hujus
1182 263 1351 290 characteris
1368 264 1393 290 in
1414 264 1487 291 hunc
1502 265 1625 292 tutulum.

955 825 1058 853 Prmlcr
1083 835 1142 854 eam
1169 835 1252 862 porro
1278 837 1360 863 quam
1385 830 1465 857 alTert
1495 831 1539 858 hic
1564 832 1750 867 Pachymcrcs

921 885 939 912 η
956 872 1037 907 hujus
1052 875 1086 900 Πῖ
1100 874 1228 909 triplicati
1246 876 1391 908 rationem,
1410 885 1442 904 ex
1465 878 1557 905 divina
1578 879 1748 913 prmnotione

955 919 1045 945 exitus
1076 919 1217 947 Michaelis
1243 921 1387 957 Palatologi
1413 923 1539 957 politam,
1565 925 1649 951 fuisse
1665 925 1747 951 aliam

955 965 1081 998 oportuit
1097 965 1124 992 in
1141 970 1232 993 mente
1246 967 1297 1001 ipsi
1311 967 1448 1000 Michaeli,
1469 969 1564 1004 utiqrrc
1581 970 1675 1004 ignaro
1691 970 1746 997 dici

953 1018 985 1037 ac
1001 1010 1053 1038 loci
1067 1019 1122 1038 sua!
1135 1012 1240 1043 mortis,
1253 1021 1315 1039 cum
1332 1021 1391 1040 eam
1405 1014 1476 1041 ultro
1490 1023 1522 1042 ac
1539 1015 1628 1043 libens
1641 1024 1748 1042 assum-

953 1056 1016 1090 psit.
1031 1056 1153 1084 Putaritn
1167 1058 1295 1092 equidem
1317 1067 1379 1086 eum
1394 1068 1440 1094 per
1453 1060 1525 1087 istud
1545 1062 1625 1088 tertio
1645 1062 1747 1096 repeti-

954 1106 1010 1128 tum
1030 1103 1066 1128 Πῖ
1083 1103 1203 1130 voluisse
1218 1103 1339 1132 indicare
1353 1105 1378 1132 id
1396 1106 1468 1141 quod
1486 1106 1565 1134 initio
1586 1107 1668 1141 hujus
1682 1107 1745 1134 libri

953 1150 1189 1181 monuimus,esse
1201 1158 1229 1177 se
1244 1151 1425 1187 Palaeologurn
1438 1161 1491 1180 non
1503 1162 1537 1180 ex
1551 1158 1628 1188 patre
1644 1154 1744 1186 solum,

952 1195 1000 1222 sed
1027 1196 1110 1222 etiam
1136 1205 1167 1223 ex
1189 1202 1286 1229 matre,
1314 1206 1345 1225 ac
1360 1204 1507 1234 propterea
1526 1200 1623 1234 majori
1653 1201 1747 1228 littera

952 1240 987 1266 Πῖ
1002 1240 1026 1267 iu
1047 1241 1140 1268 medio
1166 1243 1255 1277 posita
1278 1251 1306 1271 se
1328 1245 1416 1279 ipsrrnr
1440 1251 1663 1280 repracsentasse.
1685 1247 1747 1275 aliis

954 1286 1062 1314 duabus
1079 1295 1094 1314 a
1110 1289 1205 1316 dextra
1239 1294 1266 1316 et
1291 1291 1403 1318 sinistra
1429 1296 1570 1326 parentem
1598 1298 1748 1327 utrumque

953 1334 1186 1367 signiﬁcantibus.
1211 1336 1278 1363 Nam
1303 1337 1484 1372 l‘alaeologunr
1513 1339 1670 1372 signiﬁcare
1694 1339 1746 1367 ista

953 1378 998 1411 Ili,
1016 1379 1118 1407 indicat
1133 1380 1227 1408 littera
1243 1383 1261 1408 A
1279 1381 1306 1409 in
1323 1388 1421 1410 ventre
1437 1384 1520 1411 medii
1533 1385 1633 1419 posita.
1751 1388 1753 1391 “

940 1545 1740 1562 Ἣ

510 1640 747 1705 PETRI
802 1642 1110 1709 POSSINI
1148 1646 1214 1712 S.
1270 1649 1331 1710 J.

337 1776 483 1825 OBSE
495 1780 857 1828 RVATIONUM
892 1783 1502 1834 PACHYMERIANARUM

628 1895 837 1953 LIBER
886 1896 1220 1971 TERTIUS,

757 2012 1094 2046 CHRONOLOGICUS.

310 2188 394 2230 639
409 2194 441 2231 [Ρ
456 2194 519 2230 iss]
537 2194 651 2224 CAPUT
669 2195 690 2222 ι.

145 2262 184 2291 De
200 2262 345 2291 nominibus
362 2263 491 2289 mensium
509 2272 525 2290 α
542 2262 704 2298 Pachymere
720 2264 862 2298 usurpatis.

146 2333 211 2366 Qua:
233 2336 327 2360 noster
341 2331 500 2364 historicus,
522 2336 622 2366 praeter
644 2339 747 2358 moreru
764 2340 898 2367 usuruqrre

110 2384 284 2409 cancrorum,
298 2377 326 2403 iu
343 2376 483 2403 mensibus
500 2377 671 2411 appellandis
686 2379 779 2409 novat,
802 2385 833 2404 ea
846 2378 897 2405 etsi

110 2424 197 2452 videri
208 2427 332 2459 poterant
341 2422 373 2449 ad
383 2423 587 2457 grammaticam
598 2424 737 2460 pertinere
751 2423 897 2455 rationem,

111 2470 156 2497 hic
180 2473 270 2495 tamen
295 2467 459 2501 exponenda
483 2467 574 2502 potius
598 2475 679 2502 quam
707 2468 734 2494 in
760 2467 899 2495 Glossario

110 2514 225 2551 putavi,
252 2514 317 2549 quia
339 2521 464 2541 errorem
492 2514 520 2540 in
546 2513 724 2548 chronologia
749 2514 898 2542 obtrudere

111 2560 206 2588 lectori
228 2564 356 2594 poterant
383 2559 436 2586 nisi
462 2559 496 2586 de
519 2559 551 2586 iis
571 2565 798 2594 praernoncretur.
828 2560 896 2587 Cum

109 2607 183 2635 cnim
198 2607 260 2641 quis
279 2606 396 2640 exempli
414 2606 502 2641 gratia
517 2606 621 2640 legeret
642 2607 832 2641 inauguratum
849 2607 900 2633 im-

109 2658 265 2687 peratorem
290 2652 454 2679 lilitbaelem
479 2651 624 2679 neomenia
649 2652 897 2685 llecatombaaonis,

109 2699 155 2726 vix
177 2702 279 2733 posset,
300 2698 374 2725 veris
394 2705 426 2725 ac
445 2697 562 2731 vulgatis
579 2703 785 2733 pmoccupatus
805 2699 897 2725 notio-

108 2746 202 2777 nibus,
226 2744 300 2772 aliud
323 2745 415 2771 animo
430 2744 567 2779 subjicere
584 2752 665 2778 quam
680 2744 756 2771 Junii
773 2748 820 2771 aut
833 2744 899 2772 Julii

59 2815 63 2819 i
110 2790 213 2817 mensis
228 2790 256 2817 id
279 2790 410 2817 Kalendis
425 2789 538 2817 factum.
555 2789 638 2824 Atqui
652 2782 759 2817 erraret
779 2791 817 2817 ita
837 2798 899 2818 cre-

108 2834 178 2862 dens
198 2839 256 2862 toto
270 2835 351 2867 coelo,
367 2840 394 2862 et
410 2835 535 2861 brunratn
554 2834 581 2861 in
601 2835 748 2862 solstitium
762 2836 897 2868 mstivum,

109 2881 269 2909 Ianuarium
283 2881 309 2908 in
329 2880 479 2914 Quintilem
500 2883 603 2908 temere
627 2881 797 2910 transferret.
816 2882 897 2910 Edis-

911 2197 934 2228 C
951 2199 1059 2222 seratur
1077 2195 1122 2222 hic
1138 2193 1222 2229 igitur
1238 2194 1265 2222 iu
1281 2194 1377 2222 limine
1396 2195 1612 2231 Pachymeriana
1629 2200 1755 2226 rronrcrr’

954 2240 1036 2267 elatio
1052 2241 1199 2272 mensium,
1213 2248 1247 2267 ne
1261 2247 1314 2275 qua
1331 2241 1450 2276 cuipiam
1462 2243 1490 2269 in
1503 2242 1555 2270 hoc
1568 2251 1670 2278 genere
1685 2244 1746 2272 hal-

954 2286 1086 2313 lucinatio
1100 2286 1226 2321 obrepat.

989 2334 1294 2368 EKATOMBAIDNm.
1315 2333 1359 2365 96,
1382 2334 1619 2370 Ἑκατυμεαιῶνος
1644 2345 1747 2372 νουμη-

952 2378 1008 2404 νία.
1020 2377 1048 2404 In
1076 2378 1199 2413 margine
1228 2379 1372 2414 utriusque
1404 2381 1507 2409 codicis
1519 2382 1539 2407 Β
1551 2387 1579 2409 et
1595 2383 1617 2409 Δ
1633 2388 1747 2410 notatur

959 2424 1136 2459 Ἰανουαρίου,
1150 2424 1223 2459 quod
1239 2426 1327 2453 solrrnr
1345 2426 1371 2452 in
1386 2432 1515 2454 contextu
1532 2423 1678 2456 Vaticanus
1696 2437 1746 2456 ex-

953 2471 1059 2505 primit.
1072 2471 1204 2506 Idemque
1222 2476 1382 2499 constanter
1398 2473 1563 2501 observatur
1586 2475 1745 2510 ubicunque

952 2517 1020 2544 alias
1038 2516 1276 2552 Ἑκατομϐαιῶνος
1293 2526 1392 2545 nomen
1405 2521 1528 2554 ponitur.
1538 2521 1747 2556 Ἐκατομϐαιὼν

954 2563 1118 2590 vocabulum
1143 2564 1288 2598 antiquum
1314 2569 1356 2592 est
1387 2566 1468 2600 primi
1497 2568 1599 2594 mensis
1626 2568 1654 2595 in
1673 2576 1745 2595 anno

953 2608 1055 2639 Attico,
1067 2608 1101 2635 ab
1113 2608 1284 2636 becatombis
1297 2609 1354 2636 sive
1366 2610 1510 2638 sacriﬁciis
1524 2617 1635 2638 centum
1650 2613 1744 2644 boum,

954 2662 1014 2689 qua:
1031 2654 1207 2689 auspicandis
1225 2656 1291 2682 anni
1310 2655 1374 2682 novi
1396 2655 1527 2683 Kalendis
1550 2657 1666 2684 solemni
1689 2658 1745 2685 ritu

954 2701 1067 2733 ﬁebant,
1080 2700 1239 2728 deductum.
1255 2701 1343 2729 Verus
1359 2701 1387 2727 in
1403 2702 1465 2730 (ξαιΙὶ
1480 2703 1588 2730 ratione
1601 2704 1671 2731 situs
1684 2703 1746 2731 Iru-

949 2746 994 2781 jus
1007 2747 1120 2778 mensis,
1131 2751 1161 2773 ut
1173 2746 1232 2774 fuse
1243 2746 1416 2774 demonstrat
1427 2747 1604 2777 doctissimus
1618 2749 1751 2777 Petaviul'

953 2796 1010 2819 tota
1025 2792 1212 2827 descriptione
1231 2794 1295 2820 anni
1317 2793 1414 2827 Attici,
1430 2795 1583 2829 prasertim
1599 2802 1624 2823 c.
1640 2796 1683 2828 ll,
1697 2796 1716 2823 Ι.
1733 2800 1745 2824 ι

955 2836 993 2863 De
1004 2837 1125 2865 doctrina
1147 2842 1306 2874 temporum,
1327 2837 1380 2865 fuit
1404 2839 1478 2867 circa
1493 2840 1598 2874 τροπὰς
1615 2841 1725 2876 θερινὰς
1737 2855 1751 2874 φ

954 2881 1092 2910 solstitium
1109 2884 1239 2911 (cstit'um.
1260 2883 1335 2912 Unde
1353 2882 1440 2912 Graeci
1466 2889 1594 2914 auctores
1616 2886 1722 2915 classici
1736 2899 1750 2920 φ
