1931 3069
195 149 258 183 ttat

642 153 673 184 P.
695 153 843 184 POSSlNl
864 151 1187 182 OBSERVATIONUM
1208 151 1281 182 LIB.
1302 150 1358 182 lli.

1779 149 1832 179 ιδῃ

192 209 239 242 qui
253 216 296 234 res
313 208 448 235 Romanas
464 213 630 240 trartaruztt,
644 208 898 235 Hecatomlxeonem
920 214 981 234 cum
999 207 1017 234 Α
1033 206 1134 232 festum
1151 210 1273 240 agerent,
1291 204 1396 240 putavit
1411 205 1519 232 erudite
1535 213 1564 233 se
1579 205 1716 232 iacturum
1736 206 1759 232 si
1777 215 1834 232 un-

193 261 286 280 mense
300 254 399 281 Juliani
416 255 480 280 anni
495 255 576 282 Junio
589 254 646 281 fere
660 259 831 288 comparant,
845 253 976 280 Januario

193 303 282 326 autem
301 299 408 326 Juliano
431 301 521 333 potius
543 298 728 326 Gamelionem
751 302 905 333 opponunt.
923 297 978 323 lle-

192 346 328 373 centiores
344 350 435 372 autem
456 345 537 380 630
555 353 623 380 expc
635 345 709 371 titius
725 345 847 371 Ronuna
866 343 978 370 nomina

191 391 293 418 Graecis
310 391 410 418 litteris
433 392 602 425 exprimunt,
635 390 813 423 Ίλνουάριον,
843 388 981 423 Φεϐρουά-

194 444 261 471 ριον,
277 431 408 470 Μᾶρτιον,
434 441 461 462 et
478 435 518 462 sic
531 435 573 467 de
590 435 698 462 ercteris
714 434 867 460 scribentes
889 442 896 459 :
919 439 981 459 nam

192 481 294 515 alioqui
315 481 400 508 Graeci
420 489 527 507 menses
552 481 662 507 lunares
685 484 780 507 exacte
806 478 979 513 respondere

192 526 308 554 Julianis
320 527 431 553 minime
445 526 587 553 lunaribus
600 529 750 559 nequeunt.
769 524 868 551 Nostro
887 528 980 550 tamen

192 572 354 607 Pacbymeri
371 572 458 599 visum
474 577 516 599 est
531 572 599 598 nulli
621 572 713 598 tritam
737 575 861 598 veterum
876 573 922 596 aut
934 569 982 604 ju-

193 618 302 645 niorum
316 619 387 646 viam
403 619 583 645 insistere.Ae
599 626 659 645 curn
677 618 733 644 fere
743 616 833 644 exteri
848 615 984 649 Ἐκατςμσ

194 663 310 695 ϐαιῶνος
326 671 392 690 voce
417 663 530 690 Junium
548 668 595 690 aut
618 663 721 690 Julium
745 663 900 697 designenl,
933 661 984 695 ipsi

193 707 278 736 libuit
300 707 328 736 id
357 715 457 734 nomen
483 707 614 734 Januario
639 706 770 732 tribuere.
796 705 825 732 ln
841 711 896 738 quo
917 704 984 730 satis

194 759 308 789 apparet
334 761 416 787 quam
446 752 581 779 rationem
606 751 642 778 sit
669 756 793 778 secutus.
817 749 887 782 Quia
911 748 986 775 enim

194 801 314 836 primum
325 800 388 826 anni
414 799 495 826 Attici
513 807 635 826 tnensem
657 796 887 830 Ἐκχτομῧζιὼνα
915 795 986 822 scie-

194 846 240 873 bat
257 845 289 881 [P
307 845 368 880 586]
383 845 497 876 dictum,
514 844 566 870 isto
580 850 690 878 quoque
713 841 846 868 vocabulo
870 840 911 868 fas
933 840 986 867 sibi

193 892 300 927 putavit
317 891 434 925 primum
453 886 517 917 item
539 888 656 916 Romani
671 888 735 915 anni
754 894 875 914 mensem
892 886 985 920 appel-
1002 875 1025 903 Β

193 937 260 968 lare.
277 945 373 972 parum
392 941 486 963 curato
501 935 661 961 discrimine
681 937 887 968 tempestatum.
899 933 935 958 Ac
951 932 989 958 si-

196 983 290 1010 miletn
315 983 342 1009 in
368 982 482 1009 aliorum
511 981 593 1008 etiam
622 980 829 1007 nomenclatura
853 979 989 1004 mensium

196 1029 335 1057 licentiam
352 1035 490 1061 usurpans
504 1026 677 1061 implicuerat
693 1026 810 1052 lectores
827 1031 891 1051 suos
902 1023 989 1050 ambi-

195 1073 298 1107 guitate
326 1071 558 1106 perincommoda,
573 1071 624 1096 nisi
638 1070 697 1104 ejtts
712 1069 815 1096 librarii
833 1068 988 1096 succurris-
1005 1092 1007 1094 .

196 1123 257 1146 sent
273 1118 394 1145 notando
412 1117 470 1144 fere
487 1117 588 1151 ubique
604 1116 632 1143 in
647 1123 695 1142 ora
715 1114 844 1149 marginis
858 1122 924 1141 vero
940 1121 989 1141 no-

196 1164 270 1190 mine
285 1163 388 1189 mensis
404 1162 527 1189 indicati.

231 1199 406 1240 ΑΠΑἉῘΩΝ,
421 1216 446 1242 p.
464 1207 525 1235 506.
547 1207 577 1234 ’Π
596 1207 678 1242 μηνῖς
694 1206 849 1241 Ληναιῶνος
865 1204 987 1240 δευτέρα..

196 1255 225 1282 lu
242 1255 361 1289 margine
373 1254 516 1280 amborum
529 1254 697 1288 optimorum
714 1253 793 1279 codd.
808 1252 827 1278 Β
841 1256 868 1279 et
882 1251 902 1278 A
915 1256 942 1278 et
958 1253 986 1278 itt

197 1305 325 1327 contextu
343 1301 362 1326 V
378 1299 563 1334 Φείρουαρίου
587 1299 729 1326 scribitur.
752 1299 789 1326 Ac
805 1307 848 1325 res
869 1299 926 1333 ipsa
948 1298 989 1324 1ο-

197 1347 291 1379 quitur
312 1345 490 1372 Februarium
512 1344 556 1371 hic
578 1343 692 1378 signari,
707 1344 787 1379 cujus
802 1343 846 1369 die
869 1342 989 1369 secunda

197 1393 296 1419 festum
307 1392 496 1426 ’Υπαπαντῆς,
510 1391 583 1426 quod
599 1389 822 1419 Puriﬁcationcm
837 1391 920 1418 beatte
928 1391 991 1418 Dei-

197 1445 270 1472 parae
294 1437 380 1464 Latini
406 1438 535 1469 dicimus,
561 1438 696 1464 celebrari
723 1438 898 1464 manifestum
927 1442 988 1464 est.

198 1483 236 1510 De
259 1483 311 1510 hoc
331 1488 422 1510 autem
445 1484 515 1511 [esto
538 1483 582 1510 hic
606 1488 700 1510 noster
723 1483 780 1517 agit
804 1483 988 1509 nominatim.

200 1528 277 1557 Unde
299 1533 393 1556 autem
418 1529 444 1556 in
462 1535 582 1556 mentem
602 1529 654 1563 ipsi
670 1529 777 1555 venerit
803 1528 987 1555 Februarium
1003 1548 1025 1576 ο

198 1575 346 1610 Ληναιῶνα
365 1583 474 1606 vocare.
492 1574 612 1602 diilicilis
629 1575 790 1609 conjectura
807 1579 868 1601 est:
896 1582 988 1609 neque

198 1622 271 1648 enim
298 1621 370 1648 ullus
385 1621 538 1648 Atticorum
565 1621 648 1655 vulgo
670 1626 885 1648 memoratarum
901 1629 932 1648 ac
955 1629 990 1648 ne

198 1669 436 1696 Macedonicorum
449 1669 569 1703 quidem,
582 1668 800 1703 Bithynieorum.
812 1669 988 1704 Pythieorum

199 1720 247 1742 aut
263 1715 377 1742 omnino
404 1715 487 1742 ullius
502 1714 596 1742 Graice
621 1715 720 1742 locutae
743 1714 832 1749 gentis
854 1714 989 1741 mensium

201 1762 253 1789 hoc
267 1769 377 1793 nomen,
398 1761 471 1796 quod
488 1763 584 1793 sciam,
604 1761 665 1788 fuit.
686 1761 788 1788 Scribit
809 1762 918 1796 quidem
939 1761 990 1787 Pe-

201 1809 300 1839 tavius,
317 1809 335 1835 l.
351 1816 359 1835 I
380 1807 416 1834 De
435 1808 509 1834 Dect.
526 1813 605 1842 temp.
617 1826 625 1838 .
642 1815 667 1834 c.
686 1807 733 1836 δι.
749 1807 898 1833 Bonna-.20:
911 1806 992 1834 Bmo-

199 1858 291 1880 torum
307 1854 424 1887 primum
448 1860 569 1880 mensem
591 1852 735 1886 Ληναιῶνα
748 1851 840 1878 vocari
857 1851 890 1878 ab
905 1851 991 1886 Ilesy-

200 1899 274 1926 chio.
293 1899 395 1925 Verum
408 1918 415 1930 ,
435 1898 508 1932 quod
528 1898 580 1925 viri
603 1897 703 1924 summi
725 1904 792 1931 pace
813 1897 941 1929 dixerim,
964 1897 991 1924 id

199 1943 271 1978 apud
288 1942 453 1978 llesychium
471 1950 526 1969 non
548 1943 619 1977 lego,
639 1942 699 1969 loco
715 1949 796 1975 quem
813 1943 870 1975 ipse
885 1942 990 1974 citavit,

198 1989 284 2016 verbo
301 1988 406 2015 scilicet
419 1989 557 2023 Ληναιὼν,
575 1988 621 2014 tibi
634 1994 732 2015 contra
745 1987 783 2014 sic
796 1987 929 2022 scriptum
947 1995 993 2015 ex-

199 2039 271 2062 stat:
298 2034 425 2069 Ληναιὼν
452 2035 527 2069 μήν.
553 2033 654 2060 Οὐδένα
681 2034 736 2060 τῶν
764 2034 857 2069 μηνῶν
879 2035 992 2061 Βοιωτοὶ

199 2081 271 2108 οὕτω
283 2081 423 2107 κιλνιῦσιν.
442 2081 556 2113 Εἱκάζει
572 2082 625 2108 ﬁeri
641 2080 816 2116 Πλούταρχος
829 2080 990 2107 Βουκάτιον·

200 2128 247 2154 καὶ
267 2129 321 2162 γὰρ
340 2128 442 2163 ψυχρός
464 2129 549 2155 ἐστιν.
572 2129 659 2154 Ἔνιοι
675 2127 703 2154 δὲ
721 2127 767 2153 τὸν
792 2128 923 2162 Ἑρμαῖον
936 2147 942 2159 ,
963 2127 992 2158 ὃς

201 2175 272 2209 μετὰ
288 2174 436 2200 Βουκάτιον
456 2175 542 2201 ἐστιν·
563 2175 611 2201 καὶ
630 2175 685 2209 γὰρ
709 2174 848 2208 Ἀθηναῖοι
868 2175 918 2206 τὴν
937 2173 992 2200 τῶν

199 2221 327 2257 Ληναίων
343 2221 439 2256 ἑορτὴν
453 2222 481 2248 ὲν
496 2221 569 2256 αὐτῷ
585 2222 708 2255 ἄγουσιν,
729 2220 786 2247 Hoc
803 2225 862 2246 est:
877 2220 988 2247 Lenwan
1007 2214 1027 2241 ο

198 2267 304 2294 mensis.
316 2267 424 2294 Nullum
442 2267 569 2294 mensium
583 2267 664 2293 Βαξοιί
674 2267 711 2293 sic
723 2266 871 2301 appellant.
882 2265 986 2292 Iudicat

198 2318 288 2340 autem
315 2313 475 2340 Plu/archus
495 2313 651 2340 Bttcatiunt:
671 2322 733 2340 nam
756 2317 779 2339 ct
796 2313 907 2347 [rigidus
926 2317 962 2339 est
979 2331 986 2339 .

197 2359 288 2395 Aliqui
299 2368 358 2386 vero
367 2359 527 2392 Hermazum,
546 2361 591 2394 qui
605 2365 661 2395 post
677 2359 816 2386 Bucalium
827 2364 880 2388 est:
893 2361 989 2387 etenim

197 2408 366 2435 Athenienses
390 2407 545 2434 Lemrorum
559 2408 655 2442 festum
674 2408 701 2434 iu
721 2409 777 2443 ipso
800 2411 895 2442 agunt.
913 2407 990 2434 llunc

197 2452 289 2480 locum
314 2453 441 2488 llesychii
466 2452 611 2487 descripsi,
639 2453 703 2487 quia
730 2461 763 2480 ex
790 2452 837 2479 illo
866 2452 991 2486 suspicor

199 2499 319 2526 oblatam
338 2499 512 2527 occasionem
533 2498 695 2534 Pachymcri
713 2500 847 2526 Lcnzeona
865 2499 989 2526 Februa-

199 2545 272 2572 rium
288 2545 414 2572 vocandi.
433 2545 568 2572 Nimirum
587 2553 647 2572 cum
667 2545 729 2572 inde
743 2549 836 2572 noster
850 2544 991 2571 didicisset

198 2590 350 2618 secundum
367 2591 546 2618 Thebzeorum
562 2599 682 2618 mensem
700 2591 746 2626 qui
763 2590 904 2618 Bucatium
923 2590 988 2617 anni

199 2636 322 2664 Thebani
334 2642 415 2671 caput
425 2638 515 2664 statim
529 2638 656 2672 sequitur
665 2641 693 2664 et
710 2637 839 2671 Ἑρμαῖος
850 2636 986 2663 Hennam:

199 2689 300 2710 nomen
325 2682 417 2715 habet,
443 2683 582 2718 aliquibtts
602 2683 689 2710 videri
711 2682 855 2710 Lenmonis
874 2689 985 2716 quoque

200 2728 284 2755 verbo
300 2727 483 2763 designatum,
501 2728 604 2756 ideirco
623 2728 697 2762 quod
718 2728 790 2755 circa
811 2731 920 2761 tempus
939 2734 983 2754 sc<

200 2773 284 2800 cundi
307 2773 409 2801 mensis
432 2774 588 2802 Bmotorum
616 2773 800 2801 Athenienses
825 2773 985 2800 Lenteorum

235 2862 268 2893 (‘)
279 2863 315 2888 Cf.
329 2863 435 2889 Glossar.
449 2862 554 2888 alterum
567 2871 588 2888 ν.
603 2863 721 2891 Amudin.

1031 259 1088 278 sam
1111 259 1143 278 ex
1168 259 1201 278 eo
1218 252 1353 279 arriocret
1376 251 1490 278 secundi
1506 252 1695 278 lietnanorum
1721 251 1833 278 mensis

1031 297 1128 324 eodem
1150 296 1294 324 Lena-onis
1311 297 1445 324 vocabulo
1466 297 1603 331 Signandi.
1623 297 1685 324 lla'e
1705 297 1834 331 scripse-

1033 351 1090 369 ram
1115 350 1176 369 eum
1195 343 1278 370 incidi
1304 343 1331 370 in
1356 344 1446 370 locum
1471 343 1706 378 llarpocrationis.
1729 343 1778 370 ubi
1802 343 1832 369 in

1033 389 1236 423 Diagrammate
1254 390 1390 416 mensium
1406 390 1560 417 Atticorum
1579 390 1833 423 ﬂonianorumque

1033 435 1184 470 Ληναιὼνὸ
1196 436 1242 461 καὶ
1252 435 1402 462 Ποσειδεὼν
1418 435 1498 470 691
1513 444 1528 462 e
1544 437 1655 471 regione
1669 437 1831 471 opponitur

1033 481 1218 517 Φεὸρουπρίῖςι.
1243 481 1271 509 ld
1289 487 1414 509 secutum
1440 483 1492 510 hoc
1508 482 1569 509 loco
1593 487 1719 510 nostrum
1736 482 1834 510 credi-

1035 528 1117 555 bilius
1140 533 1183 554 est
1200 528 1243 563 (θ).

1071 574 1242 603 ΚΡΟΧΙΟΣ.
1269 575 1434 602 Constanter
1447 574 1500 602 hoc
1516 575 1626 603 nomine
1641 575 1836 606 Paehvmeres

1036 622 1163 649 Martium
1189 629 1308 649 mensem
1327 622 1464 657 indigitat.
1481 622 1548 649 Nam
1577 630 1604 656 p.
1632 622 1698 654 2H,
1716 622 1766 648 ubi
1795 622 1836 649 sic

1036 669 1170 702 scriptum
1182 673 1239 695 est:
1250 668 1302 694 Τοῦ
1312 668 1333 694 δ’
1344 668 1426 694 αὐτοῦ
1441 668 1517 700 ἔτους
1533 668 1618 703 μηνὸς
1633 668 1767 703 Κρονίου,
1780 668 1837 694 τῶν

1038 714 1118 740 θείων
1133 714 1245 748 ἡμερῶν
1270 714 1319 748 τῆς
1347 714 1477 747 νηστείας
1499 714 1685 749 τελουμένων,
1713 719 1837 748 uterque

1037 768 1071 788 eo
1083 761 1124 787 lex
1137 760 1155 786 Β
1171 765 1198 787 et
1216 760 1237 787 A
1256 768 1271 787 e
1298 760 1410 794 regione
1428 761 1503 787 vocis
1531 761 1645 794 Κρονίου
1663 760 1690 787 in
1709 761 1838 795 margine

1040 812 1154 834 aunotat
1170 808 1313 841 Mapztou;
1328 812 1356 833 et
1372 807 1469 841 jejunii
1495 807 1708 842 quadragenarii
1730 807 1838 833 mentio

1040 854 1067 880 in
1085 861 1148 880 eum
1171 860 1294 880 mensem
1323 853 1496 880 incurrentis
1513 854 1593 887 plane
1615 853 1706 880 Martii
1733 853 1837 880 chara-

1042 905 1144 927 cterem
1158 900 1248 927 habet.
1265 900 1398 927 Praeterea
1413 908 1439 934 p.
1460 900 1523 932 555,
1541 901 1574 927 ad
1602 908 1633 927 ea
1658 900 1747 927 verba
1765 901 1838 934 Κρο-

1042 946 1099 972 νίου
1115 946 1200 980 μηνὸς
1222 946 1376 977 ἐνστάντος.
1407 951 1522 980 uterque
1542 946 1628 974 codex
1648 946 1681 973 ad
1708 955 1787 973 oram
1806 947 1838 973 li-

1042 992 1083 1019 bri
1100 992 1224 1027 Μὲιρτιον
1237 992 1311 1019 clare
1324 992 1457 1020 nominat.
1478 992 1564 1020 Vutic.
1581 1000 1694 1027 quoque
1706 994 1742 1020 de
1758 1000 1836 1019 ntere

1041 1037 1167 1073 Μαρτίου
1187 1045 1237 1072 pro
1252 1038 1371 1072 Κρονίου
1397 1038 1424 1064 in
1452 1043 1582 1065 contextu
1609 1039 1740 1066 collocat.
1756 1039 1836 1070 Quod

1042 1084 1107 1111 item
1125 1084 1188 1111 facit
1202 1092 1229 1118 p.
1245 1084 1307 1115 396,
1326 1084 1372 1111 ubi
1392 1084 1448 1112 lucc
1467 1085 1584 1111 aliorum
1604 1084 1732 1111 codicum
1752 1085 1837 1111 verba

1042 1129 1158 1165 Κρονίου
1175 1130 1327 1164 ἀρχομένου
1354 1130 1449 1164 μηνὸς,
1465 1130 1523 1164 ipse
1539 1130 1628 1157 reddit
1641 1131 1771 1165 Maptfou
1790 1131 1837 1164 ip-

1042 1176 1159 1210 χομένου
1189 1177 1283 1211 μηνός.
1309 1176 1344 1203 Ut
1364 1177 1507 1204 dubitandi
1526 1177 1604 1204 locus
1626 1185 1680 1204 non
1711 1177 1836 1212 supersit

1042 1221 1109 1255 quin
1128 1221 1240 1248 Martius
1259 1223 1360 1248 mensis
1379 1222 1404 1248 in
1432 1222 1481 1248 hac
1497 1222 1612 1248 historia
1629 1222 1742 1248 dicatur
1765 1222 1836 1255 Κρί-

1042 1276 1107 1298 νιος.
1131 1267 1184 1294 Sed
1203 1275 1284 1302 quam
1307 1268 1483 1295 manifestum
1503 1269 1615 1299 factum,
1633 1273 1689 1295 tam
1715 1269 1836 1296 obscura

1043 1314 1106 1341 facti
1123 1322 1205 1341 causa
1221 1321 1272 1342 est.
1285 1314 1356 1347 Quid
1376 1315 1449 1341 enim
1476 1315 1625 1343 verisimile
1637 1316 1836 1342 eomminisea-
1871 1321 1874 1322 '

1042 1368 1104 1386 mur
1119 1369 1170 1387 cur
1187 1361 1292 1394 primus
1307 1366 1333 1387 et
1359 1369 1430 1388 unus
1448 1361 1630 1396 Pucbymeres
1647 1369 1742 1388 vocem
1767 1363 1837 1396 K96-

1042 1415 1098 1437 νιος
1131 1406 1157 1432 in
1187 1406 1356 1441 ignotissima
1385 1407 1483 1440 priscis
1507 1407 1584 1441 juxta
1615 1407 1834 1442 recentibusque

1043 1452 1155 1479 notione
1172 1453 1370 1486 usurpaverit?
1383 1453 1449 1479 Dum
1465 1453 1538 1479 aliud
1553 1454 1739 1487 opportunius
1753 1462 1834 1487 sagax

1043 1498 1129 1525 lector
1143 1498 1280 1533 expediet,
1293 1506 1343 1532 ego
1360 1498 1521 1532 suspicabar
1535 1504 1671 1529 nu5trnm.
1685 1507 1748 1526 eum
1765 1499 1835 1526 forte

1043 1544 1158 1571 vidisset
1174 1545 1200 1571 in
1227 1544 1452 1578 llarpoerationis
1481 1544 1679 1578 Diagrammate
1698 1546 1834 1573 mensium

1041 1589 1172 1624 superius
1197 1590 1312 1617 laudato
1348 1590 1572 1617 llecatomlneoni
1602 1599 1651 1625 pro
1681 1599 1835 1627 synonyma

1043 1635 1173 1663 Cronium
1202 1636 1314 1671 apponi,
1341 1641 1369 1663 et
1397 1632 1506 1663 aliunde
1521 1637 1604 1664 sciret
1623 1637 1752 1664 .‘llartium
1770 1638 1834 1666 oEitn

1043 1682 1127 1709 fuisse
1145 1683 1262 1717 primum
1280 1683 1344 1709 anni
1364 1681 1480 1710 Romani
1508 1691 1631 1711 mensem
1649 1684 1737 1718 (juxta
1766 1684 1834 1710 illud

1043 1729 1216 1756 tritissimum
1231 1729 1332 1756 Tibulli
1347 1737 1354 1756 :

1078 1784 1110 1820 [Ρ
1125 1784 1187 1818 4871
1205 1785 1299 1812 Martis
1316 1785 1428 1812 Romani
1442 1786 1514 1820 festa!
1529 1793 1622 1812 venere
1647 1784 1798 1813 Kuleun’w.‘

1162 1820 1287 1847 Exoriens
1302 1822 1397 1847 nostris
1413 1821 1453 1847 ltic
1470 1821 1517 1856 fuit
1532 1829 1617 1848 mutus
1633 1821 1712 1856 aris),

1043 1865 1091 1893 sed
1119 1870 1215 1900 postea
1235 1865 1338 1892 additis
1363 1865 1519 1893 decimestri
1537 1874 1609 1893 anno
1627 1866 1738 1893 duobus
1760 1874 1834 1894 meu-

1043 1912 1121 1938 sibus
1137 1912 1268 1938 bonoretn
1281 1912 1398 1939 ducendi
1414 1920 1515 1939 annum
1536 1913 1667 1940 Januario
1685 1913 1833 1946 tril-utum.

1045 1958 1252 1993 Pachynterem,
1277 1958 1400 1993 inquam,
1427 1959 1479 1986 hoc
1507 1967 1536 1986 se
1566 1967 1647 1986 nosse
1669 1961 1834 1994 gestientcm

1045 2009 1194 2036 ostentare,
1212 2005 1320 2032 duobus
1339 2005 1479 2033 mensibus
1494 2007 1572 2040 quasi
1588 2007 1620 2033 de
1638 2007 1760 2040 primatu
1778 2015 1837 2035 cer-

1044 2051 1167 2078 tantibus
1185 2051 1212 2077 in
1230 2051 1355 2078 Romano
1369 2060 1452 2084 anno,
1477 2053 1610 2080 vocabula
1627 2053 1683 2080 duo
1703 2054 1834 2082 divisisse

1043 2105 1104 2132 qtne
1128 2097 1212 2124 Attici
1241 2097 1305 2124 anni
1333 2099 1421 2132 primo
1438 2099 1524 2126 mensi
1549 2100 1743 2127 convenirent.
1771 2101 1834 2128 Dia-

1045 2150 1167 2177 gramma
1194 2142 1261 2170 illud
1290 2145 1376 2171 semel
1401 2144 1447 2171 hic
1471 2145 1628 2173 describere
1652 2147 1721 2173 tanti
1744 2146 1834 2174 risum

1045 2192 1097 2215 est.

1153 2235 1301 2268 Ὀνόματα
1315 2235 1423 2269 μηνῶν
1438 2236 1515 2262 κατὰ
1538 2237 1724 2271 Ἀθηναίους.

1081 2290 1312 2325 Ἐκατομΰαιὼνὸ
1322 2291 1369 2317 καὶ
1383 2291 1454 2326 Κρὸ-
1489 2294 1502 2318 ὁ
1516 2293 1704 2328 Σεπτέμϐριος

1077 2334 1134 2362 νιος
1273 2360 1277 2362 ἓ
1489 2329 1502 2354 ὸ
1518 2328 1642 2362 Ὀκτιῦϐρ
1649 2338 1686 2359 to;

1078 2360 1283 2398 Metaq'et-rvatto
1488 2365 1502 2389 ὁ
1519 2364 1585 2389 Δεκέ
1592 2360 1690 2398 με’ριος

1080 2396 1241 2433 ηυανεψιὼν
1272 2430 1277 2433 _
1489 2399 1503 2424 ὁ
1525 2396 1692 2433 Ἰανουάριος

1077 2430 1324 2468 Μαιμτκτηριῲνώ
1388 2466 1430 2468 Δ.
1489 2430 1704 2468 ὁΦΞϐρουᾶριος

1076 2466 1205 2503 [invadite
1219 2466 1232 2492 ὁ
1245 2467 1290 2492 καὶ
1303 2466 1454 2494 Ποσειδεὼν
1493 2469 1506 2493 ὁ
1521 2466 1648 2503 mpm;

1078 2501 1228 2537 Γαμηλιών
1256 2535 1260 2537 Δ
1492 2504 1505 2529 ὁ
1524 2501 1681 2537 Ἀτέρίλλιος

1083 2535 1283 2569 ’Λνοέστηρυῦν
1491 2539 1505 2564 ὁ
1525 2535 1612 2570 ludio;

1077 2570 1282 2606 Ἐλαφηϐολιών
1490 2575 1504 2599 ὁ
1531 2574 1642 2606 Ἰούνιος

1078 2606 1241 2640 Μουνυχιὼν
1491 2609 1505 2634 ὁ
1523 2609 1636 2641 Ἰούλιος

1077 2641 1242 2679 θαργγηὶιών
1253 2676 1259 2679 Δ
1492 2644 1506 2670 ὁ
1525 2645 1684 2679 Αὔγουστος

1077 2676 1280 2712 Σκιρροφοριών

1073 2724 1155 2759 692
1173 2725 1413 2752 ΒΟΗΔΡΟΜΙΩΝ.
1427 2732 1455 2759 p.
1472 2724 1524 2752 957
1539 2724 1742 2760 Βοηδρομιῶνος
1756 2725 1830 2753 ιστα-

1043 2771 1135 2806 μένου.
1157 2765 1278 2806 Uterque
1293 2770 1355 2799 cod.
1380 2770 1441 2798 Bet
1465 2771 1487 2798 Α
1516 2771 1543 2798 in
1568 2777 1615 2798 ora
1640 2770 1700 2798 libri
1719 2769 1826 2806 ’Λπριλ-
