1931 3069
106 129 174 160 125'}

757 109 1087 158 cunoxmtiicicus.

1670 132 1736 165 Ῑιῦί

103 185 174 216 lion,
189 182 276 211 Vatic.
294 182 355 209 τότε
371 183 459 210 τοίνυν
475 182 631 218 Ἃπρι).λίυυ
645 183 812 218 ἀρχομένου,
829 183 892 210 Boc-

948 186 1031 213 fui'ssc
1045 186 1232 214 Gamelioncm
1248 210 1255 220 ,
1274 196 1355 223 quem
1377 195 1452 216 cert.)
1472 190 1591 218 vidimus
1609 191 1735 226 Septem-

105 230 279 256 dromionem
297 229 409 256 tertium
426 229 510 257 fuisse
531 237 653 256 mensem
670 229 696 256 in
714 237 785 256 anno
800 229 893 256 Attico

104 276 274 302 demonstrat
291 275 429 306 Petavius,
444 275 463 302 1.
478 284 485 302 ι
503 275 539 302 De
555 275 629 302 Doct.
647 280 725 308 temp.
743 283 768 302 c.
784 275 827 307 ‘ll,
853 279 892 302 tc-

101 322 238 349 stimoniis
250 321 418 352 Aristotelis,
429 322 611 356 Theophrasti
624 327 651 348 et
662 322 753 349 Plinii.
766 321 818 348 Sed
830 329 892 348 cum

103 368 216 394 tertium
235 368 326 394 locum
340 367 395 402 jam
412 372 573 402 occupasset
590 367 768 402 Pachymeris
783 367 891 401 judicio

103 414 235 444 Cronius,
263 419 394 448 quartum
422 413 461 440 illi
490 414 652 448 assignavit,
681 419 728 441 aut
749 413 823 440 aliud
851 419 893 440 est

103 466 217 488 secutus
236 461 309 495 quod
340 468 389 487 nos
410 460 486 487 latet.
519 461 556 487 De
579 468 608 487 re
631 460 688 495 ipsa
712 465 828 491 constat,
847 460 892 486 hic

103 505 206 533 Julid’ni
223 505 287 532 anni
305 505 426 539 Aprilem
440 503 568 539 intelligi,
583 511 644 530 cum
659 503 833 530 describatur
854 503 892 529 fc-

104 555 178 578 stum
199 550 348 577 ἀχάοιστον
374 550 489 580 dictum,
516 550 624 584 jejunio
649 557 734 575 verno
758 548 890 575 celebrari

104 597 229 628 solitum,
264 595 385 623 Sabbato
417 595 548 622 videlicet
584 595 687 629 quinuc
714 594 892 621 hebdomade:

104 641 335 676 Quadragesimm,
359 646 388 668 ut
405 641 578 668 ostendimus
599 641 626 667 in
644 641 783 667 Glossario
806 641 891 666 verbo

106 688 264 719 ἁκάῦιςτος.
280 688 339 720 Quo
354 688 397 714 die
414 687 516 714 Pascha
528 687 575 714 illo
591 695 663 714 anno
678 687 771 717 fuerit,
784 691 812 713 et
823 694 891 713 con-

104 739 254 770 sequenter
270 734 297 762 in
312 741 392 768 quem
409 734 509 768 Aprilis
526 741 570 760 res
587 734 631 760 hic
651 738 760 759 narrata
787 733 892 760 int-ide-

106 781 151 813 rit,
168 780 291 807 dicemus
305 780 387 811 intra,
401 780 447 807 ubi
460 780 494 807 de
513 779 722 807 characteribus
737 779 891 806 chronolo-

105 825 174 860 gicis
190 826 274 860 hujus
292 825 413 852 historia:
427 828 536 860 agetur.

141 871 372 902 ΠΥΑΝΕΨΙΩΝ,
402 878 431 904 p.
459 871 522 903 405,
550 871 659 905 εἰκοστῇ
679 871 727 905 μὲν
751 870 799 897 καὶ
823 871 890 906 ἕκτῃ

106 917 308 951 Πυανεψιῶνος.
326 917 346 944 Ε
363 917 474 952 regione
493 918 568 944 vocis
596 917 788 952 Πυανεψιῶνος
812 917 891 945 codd.

105 963 167 991 Bel
181 963 201 990 A
219 963 321 990 habent
346 964 446 995 Maian,
465 964 539 998 quod
566 965 586 992 V
614 965 647 990 de
672 972 747 991 more
767 964 793 991 in
826 971 890 991 con-

105 1015 210 1038 textum
234 1010 341 1044 recipit.
364 1010 420 1037 Nec
449 1011 563 1037 dubium
597 1011 765 1045 nrlinuuitur
777 1019 810 1037 ex
826 1010 892 1037 cha-

105 1061 212 1084 ractere
232 1065 294 1083 mox
313 1064 445 1091 expresso
462 1056 524 1083 festi
550 1057 678 1083 instantis
703 1057 891 1090 Pentecostes,

106 1107 136 1129 ut
151 1102 264 1130 inferius
279 1102 542 1133 demonstrabinms.
562 1103 629 1137 quin
647 1103 732 1129 Maius
755 1103 800 1130 hic
814 1111 892 1129 men-

104 1150 144 1177 sis
161 1148 306 1176 indicetur.
322 1148 399 1176 Unde
416 1148 610 1183 corrigendum
643 1148 751 1174 videtur
770 1148 843 1182 quod
866 1156 891 1182 p.

105 1196 159 1223 270
174 1196 306 1223 scribitur
320 1195 508 1226 πυαντιῶνοςς
525 1199 567 1222 est
580 1195 653 1221 enim
671 1195 709 1221 ibi
724 1194 752 1221 in
770 1195 892 1229 margine

106 1249 159 1269 Vox
178 1242 279 1272 Μαΐου,
297 1241 410 1275 antiqua
432 1249 525 1273 manu,
540 1241 583 1268 cui
605 1241 738 1275 glossema
759 1241 894 1267 recentio-

107 1287 147 1315 ris
164 1295 261 1314 manus
272 1287 448 1322 subjungitur
461 1286 715 1321 μεταγειτεινιῶνος
739 1286 792 1313 Res
810 1294 893 1320 porro

107 1335 166 1369 ipsa
180 1339 207 1361 et
227 1333 279 1361 loci
293 1333 442 1365 sententia,
459 1338 490 1360 ut
507 1333 524 1359 Ι.
546 1333 562 1360 5
588 1333 805 1359 Observationum
818 1340 842 1359 c.
857 1332 873 1358 5
885 1353 893 1365 ,

106 1381 179 1408 clare
193 1381 422 1410 demonstramus.
439 1379 552 1406 omnino
568 1379 666 1406 Maium
691 1379 786 1413 exigit.

143 1426 445 1457 ΜΑΙΜΑΚΤΗΡῘΩΝ,
460 1433 486 1460 [ι.
505 1425 568 1452 450.
597 1425 716 1460 Δευτέρᾳ
738 1425 765 1451 δὲ
781 1426 894 1458 Μαιμα-

107 1473 270 1508 κτηριῶνος.
286 1472 312 1498 In
330 1474 452 1507 margine
468 1471 523 1499 duo
539 1471 620 1499 codd.
642 1472 765 1499 Ἰουνίου.
783 1472 894 1499 Tertius;

945 233 1023 260 brem
1037 241 1107 260 esse.

980 280 1215 310 MOTNYXIQN,
1231 288 1292 315 pag.
1322 281 1386 308 518.
1414 283 1506 317 tum;
1532 283 1734 318 Μουνυχιῶνος.

944 324 1031 352 Codd.
1047 325 1107 353 lict
1129 327 1149 353 Α
1168 327 1357 362 Μουνιχιῶνος
1373 329 1508 362 glossema
1528 330 1639 357 solitum
1650 331 1735 357 ascri-

945 370 1035 403 bunt,
1057 371 1209 399 Romanum
1236 375 1339 400 mensis
1370 375 1429 409 ejus
1454 375 1615 402 vocabulum
1644 377 1734 411 expri-

944 424 1035 449 mens,
1055 417 1210 453 Νοεμϐρίου
1242 419 1406 447 Novembris.
1428 421 1506 453 Quod
1535 429 1597 450 vero
1623 422 1731 449 initium

945 462 970 488 id
988 462 1072 490 fuisse.
1097 465 1160 490 anni
1179 465 1261 492 verba
1281 466 1325 492 illa
1344 467 1470 499 ἐπιόντος
1495 468 1571 499 ἔτους
1598 469 1732 501 indicant,

945 508 1119 536 referendum
1148 510 1181 536 ad
1199 511 1391 544 indictionum,
1408 522 1468 546 qua:
1494 515 1634 548 peculiare
1662 515 1728 541 anni

944 554 1108 589 principium
1138 555 1257 583 ducebat
1286 565 1300 584 ει
1334 558 1512 592 Septembri,
1538 567 1601 586 cum
1626 559 1731 594 al‘oqui

943 600 1033 626 civilis
1047 601 1109 626 anni
1130 606 1212 635 caput
1231 601 1257 628 in
1276 602 1335 629 Kal.
1351 603 1492 630 Jununriis
1510 604 1593 631 {istim
1608 609 1691 632 esset.

979 647 1253 675 ΣΧΙΡΡΟΦΟΡΙΩΝ.
1265 649 1369 676 Nomen
1387 650 1438 677 hoc
1452 652 1523 685 apud
1536 652 1730 686 Pachymerem

945 692 1031 718 ultimi
1059 694 1161 719 mensis
1189 700 1231 721 est
1257 694 1436 728 Decembris,
1461 701 1490 723 ut
1513 696 1674 731 intelligitur
1697 705 1732 724 ex

942 738 1035 764 verbis
1053 747 1112 772 pag.
1130 738 1182 765 505'
1199 748 1205 766 ξ
1228 740 1258 765 Ὀ
1281 740 1409 774 βῖσιλεὺς
1423 741 1518 768 τοῦτον
1543 743 1730 776 προϐάλλεται

943 784 1026 817 μηνὸς
1043 784 1279 820 Σκιρροφοριῶνος
1306 788 1414 822 εἰκοστῇ
1442 788 1533 823 ὀγδὸῃ,
1562 789 1601 815 Ad
1634 790 1732 824 margi-

944 837 1006 856 nem
1027 837 1041 856 ρ
1054 831 1167 864 regione
1188 831 1214 857 in
1232 832 1292 859 cod.
1308 833 1326 858 Β
1342 834 1474 860 scribitur
1489 835 1671 868 Δεκεμϐρῐου,
1690 836 1729 863 ιιιί

945 879 972 901 et
987 883 1048 910 pag.
1067 876 1129 907 ὃδὴ,
1148 877 1194 903 ubi
1212 877 1246 904 de
1271 878 1436 912 imperatore
1462 881 1595 907 scribitur
1617 882 1730 917 θνήσκει

944 920 971 946 δὲ
987 922 1223 957 Σκιρροφοριῶνος
1258 924 1406 960 ἑνδεκάτῃ,
1423 926 1449 952 in
1478 927 1597 961 margine
1627 928 1733 962 Δεκεμ-

945 967 1034 1001 ϐρίου.
1053 968 1130 1001 Quod
1149 970 1295 1004 utrobique
1315 971 1335 997 Υ
1357 972 1383 998 in
1403 977 1559 1000 contextum
1577 966 1684 1008 recipit.

1255 1029 1368 1057 CAPUT
1390 1030 1421 1058 li.

945 1085 1055 1112 Initium
1076 1086 1181 1119 imperii
1207 1085 1336 1113 Theodori
1356 1086 1478 1114 Lasmris
1507 1088 1636 1118 Jnuioris.
1664 1089 1732 1115 unde

980 1122 1034 1158 hic;
1046 1121 1155 1158 historia
1172 1123 1299 1158 procedit,
1322 1122 1468 1148 rut’ouibus
1488 1123 1680 1158 c/n'ono/oyicis
1706 1128 1731 1151 et

980 1156 1076 1182 ca'lesti
1092 1156 1244 1182 charactere
1259 1157 1315 1182 dum
1321 1163 1409 1183 oneum
1415 1162 1467 1183 tur.

981 1202 1002 1228 l.
1019 1202 1079 1228 Non
1096 1209 1243 1236 possumus
1264 1210 1295 1228 ex
1316 1204 1508 1237 opportuniori
1527 1204 1631 1239 cpocha
1651 1204 1732 1240 hujus

944 1248 1067 1275 historia:
1080 1252 1162 1282 caput
1186 1249 1288 1275 ducere
1307 1257 1389 1283 quam
1416 1257 1448 1276 ex
1467 1250 1546 1276 initio
1562 1251 1732 1285 principatus

945 1294 1082 1321 Theodori
1100 1294 1225 1321 Lascaris
1243 1303 1275 1321 eo
1293 1295 1404 1322 nomine
1421 1297 1545 1326 secundi.
1564 1297 1610 1324 lilii
1627 1302 1655 1324 et
1672 1305 1734 1325 suc-

945 1339 1063 1366 ceswris
1078 1339 1105 1365 in
1131 1340 1247 1374 imperio
1261 1339 1376 1367 Joannis
1394 1341 1485 1373 Duca',
1503 1341 1618 1368 Datame
1633 1350 1733 1376 cogno-

944 1385 1052 1412 minati.
1071 1385 1225 1419 lnsigniora
1242 1386 1315 1412 enim
1331 1394 1448 1420 qumque
1475 1387 1509 1414 de
1535 1388 1663 1415 Michaele
1681 1389 1732 1416 Pa-

946 1431 1059 1466 laeologo
1083 1431 1173 1458 adhuc
1192 1432 1299 1466 privato
1320 1433 1364 1458 hic
1388 1438 1495 1460 narrata
1515 1433 1565 1461 hoc
1587 1434 1732 1462 Theodoro

947 1477 1098 1509 imperante
1113 1477 1299 1510 contigerunt,
1314 1478 1392 1512 Cujus
1414 1483 1609 1512 praematurum
1625 1479 1730 1507 obitum

107 1525 137 1546 ut
164 1519 233 1546 solet
260 1518 287 1545 id
315 1526 414 1545 nomen
435 1518 574 1545 conlcxllli
601 1518 698 1544 inserit.
715 1526 764 1545 nec
791 1518 889 1545 fcslllm
907 1527 927 1554 ε
945 1523 1034 1549 statim
1053 1524 1108 1549 fere
1124 1523 1264 1550 Michaelis
1279 1524 1400 1558 ejusdem
1424 1523 1450 1550 in
1466 1524 1609 1559 imperium
1623 1526 1730 1553 evcctio

108 1566 288 1594 l'entecostcs
305 1566 333 1592 in
354 1566 503 1593 secundam
518 1565 564 1592 illo
580 1573 653 1592 anno
668 1565 742 1592 Junii
758 1565 893 1597 incidens,

107 1617 138 1639 ut
155 1620 205 1640 suo
223 1612 283 1639 loco
299 1612 472 1643 docebimus,
488 1611 602 1638 dubium
619 1611 752 1646 relinquit
767 1612 832 1646 quin
848 1611 893 1638 Ju-

106 1659 169 1685 nius
182 1657 341 1693 Paehymeri
352 1656 575 1691 Μιιμακτηριὼν
588 1656 634 1682 sit.
648 1655 683 1681 Τὸ
695 1656 736 1681 ὅτι
748 1659 891 1682 tenemus:

106 1703 136 1730 τὸ
150 1703 227 1735 διότι,
245 1707 274 1730 ut
291 1703 318 1730 in
334 1703 452 1733 creteris,
467 1701 658 1736 quzerenduiu.
672 1701 737 1729 Davi
754 1702 828 1728 enim
847 1709 894 1729 su-

107 1756 180 1782 mus,
195 1757 250 1776 non
265 1748 364 1783 OEdipi
381 1749 424 1784 (').

141 1795 173 1831 [P
185 1795 249 1831 488]
261 1797 527 1825 ΑΝΘΕΣΤΗΡΙΩΝ.
540 1803 567 1831 p.
580 1796 643 1827 286,
655 1796 668 1821 ὁ
683 1794 891 1829 Ἀνθεστηριῶν.

106 1842 127 1869 Ε
148 1842 259 1877 regione
283 1844 309 1869 in
340 1843 460 1877 margine
486 1842 606 1873 Ἰούλιος.
634 1841 655 1867 γ
687 1841 712 1868 id
747 1841 835 1867 solum
865 1841 893 1867 in

104 1893 235 1916 contextu
255 1888 348 1916 habet.
365 1888 461 1920 Antea,
480 1896 505 1922 p.
528 1888 588 1920 ΗΞ),
613 1887 708 1922 Ἑορτῇ
725 1887 773 1919 τῆς
792 1886 894 1920 Θεομή-

105 1943 184 1970 copo;
195 1935 295 1970 ’Λννης
310 1934 394 1969 μηνὸς
416 1933 656 1969 Ἀνθεστηριῶνος.
666 1933 771 1959 Rursus
787 1931 871 1965 p.483
884 1940 890 1958 :

105 1982 173 2007 Τότε
188 1981 278 2007 τοίνυν
297 1981 435 2016 δωδεκάτῃ
451 1980 678 2014 ’Λνοεστηριῦινος
696 1978 792 2012 μηνύς.
808 1977 892 2004 Utro-

106 2027 190 2062 bique
208 2027 289 2054 codd.
317 2027 350 2054 de
378 2035 453 2054 more
482 2026 590 2052 Ἰούλιον
616 2025 757 2052 adnotant.
778 2023 892 2058 Augusti

106 2074 208 2101 mensis
237 2073 481 2108 Pachymerianum
510 2080 609 2099 nomen
638 2072 665 2098 in
693 2071 743 2098 hac
759 2070 891 2103 historia,

105 2121 178 2156 quod
195 2120 378 2152 meminerim,
397 2128 451 2146 non
471 2124 559 2146 exstat
572 2120 626 2153 (").

140 2166 334 2196 ΓΑΜΠΛΙΩΝ,
352 2173 378 2199 p.
403 2164 466 2194 393,
486 2163 660 2197 Γαμηλιῶνος
689 2162 784 2196 μηνός.
804 2160 890 2189 Codd.

107 2211 128 2238 Β
139 2217 166 2239 et
180 2211 201 2238 A
215 2219 229 2238 θ
241 2211 352 2245 regione
376 2209 538 2236 adscribunt
563 2209 594 2234 Σε
602 2208 766 2242 πτεμΰρίου,
790 2209 891 2236 silente

106 2262 204 2292 praeter
222 2264 327 2284 morem
340 2256 372 2288 ν,
386 2256 432 2290 qui
448 2255 499 2281 hoc
525 2262 630 2281 comma
646 2254 777 2281 transilit.
804 2255 891 2281 Antea

106 2315 130 2342 ρ,
147 2305 211 2337 299,
227 2305 280 2339 μὴν
295 2303 323 2329 δὲ
349 2302 509 2337 ὲφειπτήκει
536 2301 596 2327 τότε
629 2300 788 2335 Γαμηλιὼν,
807 2301 891 2336 ἧγεεο

105 2354 134 2381 δὲ
167 2354 182 2388 ἡ
204 2350 252 2377 τοῦ
276 2350 368 2384 τι.μὶου
401 2348 518 2380 σταυροῦ
538 2347 634 2381 ἑορτὴ,
661 2347 762 2374 festum
789 2347 892 2374 exalta-

106 2398 190 2427 tionis
209 2396 238 2423 S.
263 2394 360 2422 Crucis
384 2393 415 2419 lt
442 2392 613 2426 Septembris
643 2391 727 2418 etiam
750 2399 764 2418 a
791 2391 893 2418 Graecis

106 2442 287 2472 celebratum.
311 2439 450 2466 Consueta
469 2442 497 2464 et
519 2437 556 2463 ibi
572 2435 655 2463 codd.
671 2436 830 2468 admonent,
845 2436 892 2462 sed

106 2489 172 2517 satis
188 2496 220 2514 ex
239 2487 299 2514 festi
318 2485 457 2512 mentione
475 2483 638 2518 intelligitur
653 2482 826 2516 September.

140 2534 222 2569 393
239 2531 509 2559 ΕΛΑΦΗΒΟΛΙΩΝ.
521 2537 581 2564 pag.
612 2529 674 2556 sat.
691 2527 894 2562 amensam-

106 2589 150 2612 νος
167 2581 236 2615 ’ἐκτῃ
254 2579 349 2614 μηνός.
367 2577 534 2612 Suggerunt,
548 2581 578 2603 ut
596 2577 696 2607 solent,
719 2575 800 2602 codd.
824 2575 843 2601 Β
868 2579 895 2601 ct

106 2627 126 2654 A
143 2626 171 2653 in
188 2624 310 2659 margine
327 2623 453 2650 Latinum
468 2622 571 2649 mensis
589 2630 689 2649 nomen
710 2621 891 2655 ὐκτώϐριον⁹

105 2672 260 2701 Octobrem,
279 2678 360 2705 quem
375 2675 403 2696 et
423 2669 483 2704 ipse
499 2669 577 2696 locus
589 2677 637 2702 per
651 2676 680 2695 se
696 2667 812 2698 indicat,
830 2675 893 2694 cum

107 2719 135 2745 in
162 2725 195 2744 eo
218 2717 368 2743 aﬂirmetnr
403 2715 609 2749 praecedentem
637 2714 748 2749 ἀμέσως
772 2721 893 2741 mensem

141 2822 171 2850 i')
190 2821 224 2845 Ci.
239 2820 345 2845 Glossar.
359 2819 432 2844 alter.
451 2826 472 2843 ν.
487 2819 684 2849 Μαιμακτηριών.

141 2853 182 2881 ("l
197 2852 230 2878 Ci.
250 2851 354 2877 Ulossar.
368 2853 475 2875 alterum
488 2856 509 2874 ν.
529 2850 674 2874 Ποσειδεὼν.

945 1568 1062 1602 excepit.
1092 1568 1154 1595 Scio
1182 1568 1232 1595 sub
1256 1568 1361 1595 Joanne
1390 1576 1500 1604 quoque
1523 1571 1649 1597 nonnihil
1671 1572 1731 1605 ejus

945 1614 1064 1647 generis,
1081 1621 1141 1648 cap.
1156 1615 1181 1644 6,
1199 1614 1247 1641 lib.
1265 1623 1272 1640 1
1290 1615 1441 1641 memorari
1460 1624 1466 1642 :
1481 1623 1575 1642 verum
1590 1621 1615 1642 et
1630 1616 1655 1643 id
1673 1617 1733 1644 obi-

946 1664 987 1686 ter
1007 1660 1175 1686 insinuatum
1193 1661 1326 1687 duntaxat
1349 1662 1426 1695 quasi
1454 1663 1616 1695 praetexitur
1635 1663 1730 1696 operi;

944 1711 972 1732 et
987 1706 1053 1732 illud
1067 1706 1155 1740 ipsum
1171 1706 1233 1740 jure
1253 1706 1382 1740 imputari
1404 1707 1550 1734 Theodoro
1566 1708 1654 1742 potuit
1671 1713 1731 1736 tan-

945 1757 1001 1779 tum
1025 1760 1078 1778 non
1099 1752 1242 1786 imperanti
1259 1757 1286 1778 et
1299 1752 1371 1785 apud
1388 1757 1529 1786 parentem
1547 1753 1683 1780 seniorem
1697 1761 1730 1781 co

944 1797 1038 1830 gratia:
1059 1804 1091 1823 ac
1104 1797 1234 1830 potentia:
1250 1797 1335 1831 gradu
1351 1797 1462 1828 nitenti,
1477 1798 1587 1832 qualem
1605 1806 1654 1832 par
1671 1803 1731 1825 erat

944 1843 1085 1877 unigenito
1095 1843 1182 1870 virilis
1191 1843 1291 1877 adepto
1302 1843 1498 1878 plenitudinem
1506 1843 1604 1876 relatis,
1612 1844 1654 1879 μ’.
1667 1844 1729 1880 489]

945 1889 1016 1916 haud
1032 1888 1116 1916 dubio
1132 1889 1288 1916 successori
1314 1889 1453 1916 declarato
1472 1895 1500 1916 et
1513 1889 1568 1924 jam
1583 1897 1656 1916 nune
1672 1890 1730 1917 iere

944 1935 1058 1969 collega:
1085 1934 1180 1961 tribui.
1207 1935 1290 1961 Recte
1321 1935 1404 1969 igitur
1433 1939 1526 1962 noster
1547 1935 1626 1961 initio
1648 1935 1731 1962 modo

944 1981 1046 2007 laudati
1067 1981 1164 2014 capitis
1182 1981 1208 2011 7,
1233 1981 1306 2007 velut
1326 1981 1471 2007 historiam
1497 1980 1562 2008 inde
1586 1989 1662 2008 suam
1680 1989 1730 2008 au-

944 2028 1054 2062 spicans
1070 2027 1179 2058 scribit,
1205 2027 1359 2061 imperante
1385 2027 1529 2054 Theodoro
1546 2028 1654 2054 Lascari
1669 2031 1731 2062 post

944 2079 1062 2109 patrem.
1081 2073 1240 2100 Michaelem
1257 2073 1441 2108 Palmologum
1457 2081 1567 2107 semper
1580 2074 1729 2101 obnoxium

944 2120 1065 2147 ail'ectati
1083 2120 1160 2153 regni
1178 2119 1386 2153 suspicionibus
1403 2119 1497 2151 fuisse,
1520 2128 1574 2154 quo
1597 2128 1629 2146 ex
1654 2120 1728 2146 fonte

946 2167 1080 2192 malorum
1109 2165 1250 2194 omnium,
1272 2172 1332 2199 qua:
1360 2169 1425 2192 tunc
1448 2169 1490 2192 est
1517 2173 1623 2198 passus,
1640 2173 1729 2192 causa:

947 2211 1086 2238 ﬂuxerint.
1104 2212 1214 2245 Utergo
1235 2211 1317 2237 limen
1334 2211 1411 2244 quasi
1429 2215 1626 2245 prmstruanms
1640 2211 1728 2238 hile-

946 2258 992 2284 ri;e
1010 2265 1090 2291 quam
1105 2257 1271 2283 illustratum
1295 2256 1378 2287 inuis,
1398 2263 1459 2284 ante
1475 2257 1565 2283 omnia
1582 2257 1728 2283 elaborati-

946 2304 1010 2331 dum
1037 2303 1116 2329 nol.is
1137 2308 1179 2330 est
1204 2303 1230 2329 in
1248 2303 1441 2329 constituendo
1465 2305 1577 2338 przccise
1595 2307 1727 2336 tenuiore.

946 2357 1000 2383 quo
1013 2349 1095 2383 ca‘pit
1113 2348 1276 2374 Theodorus
1290 2347 1414 2374 hastaris
1432 2348 1527 2374 .lunior
1542 2348 1661 2374 habenas
1676 2348 1729 2374 im-

947 2394 1017 2429 perii
1041 2398 1169 2420 tractare.
1192 2391 1379 2427 Negiigentius
1404 2393 1431 2419 in
1457 2392 1508 2418 hoc
1526 2393 1683 2420 deﬁniendo
1703 2397 1730 2420 et

947 2440 1024 2474 quasi
1048 2439 1080 2466 de
1095 2447 1145 2465 suo
1161 2439 1272 2465 nomine
1290 2439 1534 2473 πίιχυμερέστερον
1551 2439 1633 2475 694
1654 2439 1730 2467 vide-

948 2490 993 2512 tur
1007 2491 1101 2511 noster
1117 2485 1427 2511 historicusdefunctus.
1443 2485 1498 2511 Sed
1515 2485 1646 2511 habemus
1660 2493 1730 2519 quos

948 2530 1130 2556 adhibeamus
1161 2529 1287 2556 subsidio
1313 2529 1465 2563 locupletes
1494 2535 1621 2556 aut-tores
1640 2529 1728 2562 duos,

946 2576 1093 2611 Georgium
1109 2575 1295 2609 Acropoiitum
1311 2580 1339 2601 et
1354 2575 1539 2609 Nicephorum
1554 2574 1703 2609 Greguram
1721 2582 1728 2601 :

947 2630 1064 2656 quorum
1080 2621 1153 2656 prior
1167 2620 1390 2650 accuratissimus
1403 2626 1430 2647 et
1445 2627 1564 2654 praesens
1578 2620 1729 2654 inspector,

947 2676 1016 2702 quas
1035 2671 1138 2699 narrat,
1152 2674 1245 2693 rerum
1262 2674 1286 2693 c.
1304 2666 1338 2692 5'2
1353 2665 1421 2692 llist.
1440 2665 1538 2700 prioris
1553 2673 1613 2700 pag.
1631 2665 1664 2692 56
1683 2666 1729 2694 ed.

949 2713 1014 2747 Heg.
1039 2713 1078 2740 sic
1106 2712 1228 2739 scribit:
1254 2711 1410 2746 Ἐτεῢνὴκει
1440 2710 1567 2746 βασιλεὺς
1604 2710 1731 2745 Ἰωάννης
