1931 3069
151 138 222 176 1139

603 148 635 180 P.
658 148 810 182 POSSINI
829 148 1159 185 OBSERV’ATIONUM
1178 154 1253 185 LIB.
1274 151 1317 186 ΪῘ.

1713 151 1743 188 Ῑί
1752 150 1790 187 40

151 201 265 228 lelusios
280 205 412 230 vocatos:
430 210 492 229 nam
512 203 559 237 qui
586 205 663 232 multi
683 206 709 232 in
728 207 851 234 historiis
868 207 937 235 cile-

995 210 1045 241 τοῖς
1073 209 1172 244 ἄκροις
1199 210 1254 236 τῶν
1281 210 1420 245 ὑποδύχων
1447 209 1568 244 ἀγγείων
1591 212 1786 244 πεπαγομένος

151 244 233 272 rioris
251 246 339 274 aetatis
354 246 556 275 Catelusiorum
582 251 767 285 appellatione
784 260 940 280 memoran-

152 295 208 322 tur,
228 298 261 318 ex
277 291 371 319 eadem
387 300 449 320 cum
465 292 591 322 Cataneis
602 302 662 324 esse
678 296 780 325 familia
795 303 870 325 certo
881 299 940 326 col-

151 336 247 371 ligitur
274 345 308 364 ex
336 338 483 366 collatione
510 341 651 368 variorum
674 342 799 370 locorum
815 343 938 377 Villanii,

152 381 265 409 Laonici
280 388 307 410 et
322 383 439 411 aliorum
455 385 650 414 thtoricorum
666 389 714 422 qui
738 396 784 416 res
808 390 941 425 quingen-

152 432 243 455 torum
259 435 332 457 retro
347 438 484 458 annorum
500 433 604 468 scripto
620 434 756 469 complexi
782 440 857 462 sunt.
882 435 940 463 Nec

152 481 222 501 nova
241 482 285 502 res
301 480 343 503 est
358 477 456 504 mutari
472 478 577 513 aliquid
603 479 632 506 in
655 480 814 508 nominibus
828 489 941 515 magna-

152 527 214 547 rum
228 519 370 554 domuum,
379 530 441 550 cum
453 523 518 550 olim
530 525 649 553 sciamus
658 526 788 554 Cloantos
801 527 829 554 in
844 527 941 554 Cluen-

152 566 216 598 tios,
234 566 332 595 Lamos
348 567 375 595 in
392 568 510 602 Lamias,
522 569 637 599 Clausos
651 571 678 599 in
692 572 822 600 Claudios
835 578 862 601 et
875 573 940 601 Clo-

152 612 224 645 dios,
240 612 403 642 Ilortensios
420 616 504 643 etiam
525 617 552 643 in
570 617 696 646 Hortalos
709 620 851 653 transisse,
864 621 940 648 nullo

152 660 180 688 id
208 661 235 689 in
261 668 453 697 argumentum
477 665 604 694 trahente
624 665 734 694 familia:
757 668 891 701 diversa;
911 670 941 695 ut

151 707 277 734 omittam
292 709 392 737 similia
407 710 526 745 plurima
553 713 654 746 passim
680 713 825 741 observata
839 713 867 740 in
884 721 941 741 me-

151 751 240 779 moria
257 754 442 782 recentiorum
460 755 584 791 adeoque
603 757 684 784 hodie
699 758 852 793 vigentium
875 759 940 786 stir-

152 797 240 831 pium.
253 798 313 826 Non
327 800 400 827 enim
411 801 455 828 his
466 801 607 830 immorari
620 803 697 831 locus
711 808 759 831 aut
775 805 941 839 praescripta

152 842 297 873 brevitatis
326 846 393 873 sinit
414 848 531 888 Vmodus,
547 855 629 883 quem
647 849 758 884 quidem
773 851 828 885 jam
846 857 942 878 exces-

153 890 223 918 sisse
244 899 287 919 me
311 893 452 927 paululum
479 895 579 928 sentio,
596 895 702 922 scilicet
722 895 814 923 ofﬁcio
839 896 942 923 elatum

153 936 224 970 grati
240 936 326 964 animi
338 945 402 973 erga
414 938 545 966 familiam
573 940 784 974 nobilissimam,
801 942 881 977 cujus
895 949 942 969 ve-

154 985 212 1009 tera
240 982 482 1020 illustrissimaque
504 990 613 1014 exstant
629 995 693 1022 erga
710 995 798 1015 meam
825 989 942 1024 patriam

154 1026 266 1055 Galliam
282 1028 345 1056 ﬁdei
361 1029 614 1067 benevolentiaque
641 1041 694 1060 non
709 1034 830 1069 vulgaris
844 1042 943 1062 monu-

153 1079 256 1102 menta.
281 1075 369 1103 Rufus
392 1077 504 1112 quippe,
533 1078 593 1106 aliis
626 1079 763 1111 Bullinus,
795 1080 942 1114 Cataneus,

153 1125 336 1155 cognomento
367 1122 411 1158 μ’.
430 1123 492 1158 475]
520 1123 555 1151 de
581 1124 669 1157 Volta,
688 1125 805 1161 Philippi
827 1126 943 1161 Augusti

154 1165 248 1194 Gallia:
267 1167 339 1202 regis
357 1169 572 1197 archithalassus
585 1170 646 1203 fuit,
661 1175 689 1198 et
701 1179 764 1198 eum
778 1177 840 1206 post
857 1180 943 1207 expu-

154 1218 262 1247 gnatam
277 1213 415 1241 Acconem
429 1215 584 1249 deportavit
602 1216 629 1242 in
649 1217 786 1251 Apuliam,
803 1222 832 1244 ut
847 1218 943 1253 Rigor-

154 1258 207 1285 dus
234 1259 315 1287 docet
333 1260 361 1287 in
388 1260 460 1288 libro
478 1260 517 1287 De
537 1262 616 1296 gestis
637 1260 753 1298 Philippi
778 1264 900 1298 Augusti,
913 1272 940 1298 p.

155 1304 217 1331 142.
235 1304 361 1333 Salvator
376 1307 460 1334 etiam
478 1306 574 1335 Vitalis
588 1308 615 1334 in
628 1307 712 1343 678
725 1307 862 1336 Chronico
874 1309 941 1336 Cor-

154 1353 218 1380 sica:
233 1353 326 1387 tradit,
342 1355 370 1382 in
386 1355 562 1390 expeditione
583 1355 612 1383 S.
637 1355 769 1383 Ludovici
798 1364 850 1391 qua
868 1357 942 1391 cepit

154 1398 305 1432 Pelusium,
325 1407 409 1427 unum
427 1407 460 1427 ex
476 1401 572 1428 eadem
588 1401 674 1436 stirpe
703 1401 887 1428 Cataneorum
907 1402 941 1428 de

154 1440 232 1472 Volta
246 1446 318 1473 inter
332 1446 418 1473 duces
429 1447 569 1474 exercitus
583 1441 677 1474 fuisse.
689 1446 769 1474 Anno
780 1446 846 1474 item
859 1445 941 1474 Chri-

154 1491 189 1519 sti
205 1491 283 1524 1596,
299 1499 361 1520 cum
380 1492 533 1520 Genuensis
558 1499 601 1519 res
628 1491 736 1526 publica
754 1492 781 1518 in
800 1492 873 1526 gravi
890 1499 941 1518 suo

991 254 1006 280 6
1029 253 1121 288 ζωμὸς
1135 253 1182 280 καὶ
1198 254 1393 289 ὐπεραυγίζων
1419 255 1522 289 ὁμοίως
1541 255 1714 290 κρυστάλλῳ,
1729 260 1785 282 ctc.

993 299 1050 327 lloc
1069 305 1113 327 est
1143 307 1176 327 ex
1200 301 1329 328 versione
1349 301 1486 329 Bulialdi:
1515 300 1549 328 In
1575 300 1699 332 Phocide,
1727 308 1787 335 quia

994 346 1082 373 lenite
1106 346 1224 381 adjaeet,
1250 355 1324 373 mons
1348 351 1405 373 erat
1434 346 1538 374 metalli
1552 346 1677 374 aluminis
1690 346 1785 381 ferax;

992 393 1130 428 cunctique
1153 393 1265 428 lapides,
1290 394 1335 428 qui
1355 394 1382 421 in
1405 395 1628 425 verticemontis,
1653 395 1680 420 in
1697 394 1785 427 ignem

992 440 1118 474 primum,
1147 439 1313 472 postmodum
1341 439 1369 466 in
1398 447 1499 474 aquam
1524 439 1598 465 missi
1621 438 1648 465 in
1673 446 1785 465 arenam

992 486 1221 512 comminuuntur.
1245 485 1307 512 lltec
1331 494 1363 513 ea:
1387 486 1445 512 istis
1476 485 1606 520 lapidibus
1625 484 1735 511 collecta
1757 486 1784 511 in

991 531 1116 558 cacubum
1133 539 1203 566 aqua
1217 533 1295 559 mista
1312 532 1472 563 demittitur.
1490 540 1521 558 ac
1548 532 1593 558 ubi
1605 540 1700 566 parum
1715 539 1785 566 aqua

991 577 1090 610 iniecta
1104 577 1209 612 ferbuit,
1225 585 1307 604 arena
1331 577 1445 612 lique/it.
1459 576 1535 609 Quod
1546 577 1656 604 densum
1666 581 1704 603 est
1715 577 1784 611 ejus,

991 623 1051 658 οΙῙω
1064 622 1161 654 simile,
1178 623 1212 649 ad
1231 622 1338 649 modum
1369 622 1445 649 lactis
1462 623 1489 649 in
1517 629 1624 649 caseum
1651 622 1787 657 coagulati

991 675 1132 696 servatur:
1149 669 1220 704 quod
1233 668 1329 696 durum
1349 673 1374 696 et
1390 673 1524 701 terrestre,
1548 674 1576 695 ut
1601 668 1696 695 inutile
1714 669 1785 704 abji-

992 715 1070 742 citur.
1090 714 1146 750 Οπιι
1167 723 1227 741 uero
1245 713 1293 741 illa
1307 715 1334 742 in
1349 723 1414 741 vasa
1432 715 1527 749 diffusa
1540 723 1586 749 per
1601 718 1718 749 quatuor
1729 714 1785 740 dies

992 761 1019 787 in
1036 762 1073 788 eis
1087 759 1220 794 subsidit;
1234 765 1375 795 posteaque
1400 761 1471 788 circa
1497 769 1558 788 oras
1575 769 1694 787 summas
1711 768 1785 786 vaso-

992 814 1051 834 rum
1064 811 1186 834 concreta
1205 807 1399 842 splendensque
1415 807 1450 834 ad
1465 807 1552 841 instar
1569 805 1689 841 crystalli
1712 813 1786 840 repe-

992 852 1069 884 ritur,
1097 857 1151 879 etc.
1179 852 1252 884 Satis
1264 852 1337 879 enim
1370 852 1428 879 hmo
1454 855 1520 879 sunt
1550 851 1584 878 ad
1606 851 1785 878 indicandum

995 898 1075 925 istius
1105 898 1150 925 hic
1173 897 1318 924 memorati
1345 896 1449 924 laboris
1475 897 1599 923 modum.
1616 895 1787 928 Qumstuosa:

994 951 1078 979 porro
1103 943 1289 971 distractionis
1318 943 1398 978 hujus
1433 942 1534 970 mercis
1561 950 1672 970 causam
1696 942 1786 969 Ducas

994 998 1056 1017 mox
1072 994 1218 1022 memorat,
1245 989 1318 1024 quod
1335 989 1445 1016 alumen
1462 988 1629 1016 tinctoribus
1655 995 1787 1015 necessa-

993 1036 1066 1064 rium
1089 1036 1123 1064 sit
1142 1044 1149 1062 :
1165 1036 1243 1062 Ἔστι
1267 1036 1294 1062 δὲ
1308 1036 1457 1069 ἀναγκαῖον
1476 1035 1572 1071 χρῆμα
1600 1035 1784 1066 δευσοποιοῖς.

993 1082 1058 1116 Qua:
1073 1082 1238 1109 confirmant
1251 1082 1278 1109 id
1295 1082 1369 1117 quod
1384 1086 1478 1109 noster
1492 1081 1572 1116 paulo
1587 1081 1704 1109 inferius
1715 1081 1787 1108 seri-

993 1129 1053 1156 bit:
1075 1129 1141 1156 Inde
1156 1129 1288 1163 siquidem
1317 1129 1369 1155 vim
1399 1128 1498 1163 inferre
1516 1136 1639 1162 magnam
1661 1127 1705 1154 illi
1721 1126 1787 1160 (Ge-

993 1175 1123 1208 nuenses)
1145 1179 1304 1201 consuerant
1319 1174 1396 1201 istius
1412 1174 1505 1200 mercis
1522 1173 1675 1207 (aluminis)
1689 1173 1784 1200 vendi-

992 1220 1051 1247 bilis
1070 1220 1098 1246 in
1126 1220 1228 1255 primis,
1245 1220 1371 1254 quoniam
1387 1218 1529 1253 plurimus,
1553 1222 1630 1251 prout
1657 1217 1790 1248 hodieque

993 1267 1119 1295 cernitur.
1133 1267 1188 1300 ejus
1206 1274 1267 1292 usus
1284 1270 1321 1292 est
1336 1266 1362 1292 in
1384 1265 1479 1300 pannis
1495 1273 1508 1290 e
1521 1264 1585 1291 lana
1607 1267 1679 1290 texta
1696 1262 1787 1289 colore

993 1313 1066 1339 uario
1079 1311 1163 1347 679
1178 1311 1309 1346 facundis.
1320 1311 1368 1338 llis
1378 1310 1506 1337 omnibus
1518 1310 1588 1337 addo
1600 1308 1785 1336 Cataneoruxn

993 1358 1210 1392 imperitantium
1239 1357 1360 1384 Pliocarce
1380 1357 1548 1383 mentionem
1575 1355 1657 1382 etiam
1673 1359 1785 1381 e\stare

992 1403 1065 1438 apud
1083 1403 1317 1435 Cantacuzenum,
1336 1401 1356 1428 1.
1379 1410 1409 1434 n,
1423 1409 1448 1428 c.
1461 1401 1505 1434 29,
1522 1409 1548 1435 p.
1567 1400 1620 1428 290
1632 1400 1677 1427 ed.
1692 1399 1760 1434 Reg.
1775 1418 1783 1430 ,

993 1449 1040 1476 ubi
1058 1449 1195 1480 eamdem,
1214 1453 1244 1476 ut
1266 1452 1387 1483 apparet,
1411 1455 1469 1474 rem
1494 1454 1611 1473 narrans
1627 1454 1709 1480 quam
1734 1454 1783 1474 su-

993 1495 1087 1530 perius
1103 1495 1248 1522 retulimus
1261 1502 1275 1521 e
1289 1494 1419 1529 Grcgora,
1436 1493 1579 1528 Mitylenes
1589 1492 1719 1519 videlicet
1733 1499 1782 1519 oc-

153 1537 280 1572 periculo
306 1537 493 1565 necessarium
522 1537 676 1564 censuisset
693 1537 829 1572 subiicere
843 1544 872 1564 se
890 1537 942 1563 im-
954 1550 976 1578 ο
992 1541 1168 1576 cupatioucm
1193 1549 1242 1576 per
1258 1540 1394 1568 Cataneos
1410 1540 1532 1567 Ριιοειεεε
1546 1539 1656 1574 regulos
1670 1539 1782 1570 factam,

153 1582 232 1618 peric
244 1582 334 1610 Caroli
347 1582 382 1611 Vl
398 1583 470 1618 regis
486 1582 589 1614 Gallitc,
603 1583 704 1609 missus
719 1582 752 1609 ad
768 1582 843 1609 illum
868 1589 941 1608 com-

152 1627 233 1656 muni
246 1628 363 1656 consilio
379 1628 526 1656 Damianus
541 1627 680 1655 Cataneus
701 1635 807 1655 summa
822 1627 942 1661 pruden-

152 1675 193 1702 tia
220 1675 335 1711 parique
364 1675 497 1703 felicitate
525 1675 663 1710 negotium
699 1674 827 1707 confecit,
856 1674 942 1701 relato

154 1722 266 1749 domum
283 1729 316 1750 ex
331 1723 405 1758 regia
423 1722 509 1757 gratia
525 1722 606 1748 titulo
628 1726 710 1755 atque
723 1721 829 1748 honore
854 1727 943 1747 mare-

155 1769 251 1796 schalli
268 1768 399 1796 Francize.
416 1768 660 1802 Perseveravitque
675 1767 791 1794 aﬂ'ectus
807 1767 834 1793 in
852 1770 943 1801 postc—

155 1814 194 1841 ris
208 1822 261 1841 non
283 1814 342 1841 sine
358 1818 461 1840 mutu:c
479 1821 573 1848 regum
589 1813 790 1841 benevolentia:
812 1813 898 1848 signis
912 1813 943 1839 il-

155 1860 290 1887 lustribus
303 1868 309 1892 ;
323 1860 404 1893 quale
421 1859 473 1887 fuit
489 1859 562 1893 quod
581 1858 737 1886 Ludovicus
753 1858 810 1891 ΧΠ,
827 1858 942 1885 solemni

156 1913 255 1940 pompa
273 1905 395 1933 Genuam
412 1906 549 1937 invectus,
567 1904 659 1932 villain
676 1904 819 1931 Laurentii
830 1903 942 1931 Catanei

157 1952 216 1986 ejus
231 1951 347 1979 invitatu
367 1950 565 1978 humanissime
582 1950 656 1982 visit,
672 1949 837 1977 delectatum
853 1956 881 1976 se
893 1948 944 1976 lio-

156 1998 240 2033 spitio
264 1998 419 2032 gratissime
446 1996 718 2032 prcherens.tQuare
747 1996 774 2023 in
800 1995 944 2023 occasione

156 2046 325 2080 legationum
341 2046 374 2074 ad
391 2053 468 2081 reges
486 2045 608 2073 Francim
621 2044 734 2072 Catanei
751 2052 765 2071 a
791 2043 945 2071 Genuensi-

155 2094 209 2121 bus
229 2093 403 2128 plerumque,
422 2096 452 2119 ut
477 2091 516 2119 ibi
544 2091 669 2127 gratiosi,
699 2090 871 2125 legebantur.
899 2089 944 2116 Sic

155 2147 228 2168 anno
246 2139 313 2167 1409
331 2139 557 2174 Christophorus,
577 2145 649 2165 anno
676 2137 741 2164 1511
759 2136 878 2164 Thomas
891 2136 945 2163 Ca-

157 2186 242 2219 tanei,
259 2192 330 2214 anno
346 2184 413 2213 l5l3
429 2186 500 2213 alius
515 2186 579 2213 item
595 2185 741 2217 Cataneus,
755 2184 836 2220 legati
850 2183 944 2211 Genua

156 2234 183 2260 in
199 2233 314 2261 Galliam
332 2233 440 2260 venisse
457 2233 646 2268 reperiuntur.

190 2280 256 2314 Pag.
272 2278 336 2306 4'20.
354 2279 486 2306 Alumim's
505 2279 612 2313 fodinis.
625 2278 691 2310 Quis
708 2277 753 2305 hic
777 2277 855 2304 labor
872 2280 945 2303 esset

156 2330 185 2353 et
201 2329 336 2360 quantum
357 2332 391 2352 cx
409 2332 443 2351 eo
458 2325 577 2356 lucrum,
592 2324 724 2352 discimus
746 2331 779 2350 ex
795 2324 880 2354 Duco,
897 2322 944 2357 qui

157 2370 328 2398 domicilium
347 2377 376 2396 se
391 2369 520 2397 habuisse
538 2369 566 2396 in
579 2369 630 2396 ista
642 2377 712 2396 nova
728 2369 840 2396 Phocum
860 2369 946 2403 proli-

157 2421 228 2449 tcns,
243 2423 305 2450 qutc
323 2415 407 2442 refert
428 2419 566 2449 spectasse
592 2414 679 2442 oculis
695 2414 834 2441 creditur:
854 2413 898 2440 Ἐν
911 2414 944 2448 τῇ

156 2463 258 2489 Φωκίδι
276 2463 309 2497 τῇ
329 2460 400 2488 κατὰ
413 2460 462 2495 τὴν
484 2460 590 2487 Ἰωνίαν
603 2460 665 2495 ὅρος
677 2458 710 2495 ἧν
724 2461 753 2486 ὲν
814 2459 945 2495 μέταλλον

159 2509 333 2544 στυπτηρίας
347 2508 477 2543 ὑπάρχει·
487 2507 536 2533 καὶ
552 2507 565 2533 ὁ
582 2506 656 2538 λίϐος
681 2506 756 2538 ἄπας
781 2506 831 2540 τῆς
852 2506 946 2540 ἀκρω-

159 2557 234 2592 ρείας
247 2556 316 2592 πυρὶ
330 2554 552 2590 προσομιλήσας,
569 2551 629 2580 εἶτα
653 2552 742 2584 ὕδατι,
766 2552 803 2584 ὡς
832 2552 946 2587 ψάμμος

105 2595 107 2597 ί
156 2604 273 2637 γίνεται.
286 2603 342 2637 Τὴν
352 2601 380 2628 δὲ
393 2601 447 2629 ἀπὸ
462 2600 509 2627 τοῦ
524 2599 600 2626 λίθου
614 2599 765 2633 γενομένην
779 2598 893 2633 ψάμμον
907 2599 946 2629 εἰς

157 2650 259 2685 λέὄητα
271 2648 414 2684 βάλλοντες
427 2647 475 2673 σὺν
488 2645 576 2678 ὕδατι,
593 2645 641 2672 καὶ
658 2643 842 2680 καχλάζοντος
854 2644 885 2671 οὑ
902 2644 947 2670 τό-

158 2696 243 2730 σον,ὴ
260 2693 388 2730 βληθεῖσα
400 2693 514 2728 ψάμμος
530 2690 685 2718 διαλύεται·
700 2690 747 2717 καὶ
760 2691 790 2716 τὸ
806 2689 855 2725 μὲν
871 2689 945 2725 παχὺ

156 2743 205 2769 καὶ
226 2739 357 2772 οὐσιῶδες
392 2739 478 2774 αὐτῆς
507 2739 535 2765 ἐν
553 2737 593 2773 τῷ
617 2737 701 2772 ζωμῷ
720 2737 801 2772 μένον
819 2736 857 2768 ὡς
875 2736 947 2770 γάλα

157 2788 289 2824 τυρῶδες.
301 2787 331 2814 τὸ
344 2786 427 2823 ξηρὸν
444 2786 492 2812 καὶ
509 2784 611 2819 γεῶδες
624 2784 710 2818 αὐτῆς
730 2783 783 2815 ἔξω
803 2783 947 2818 ῥίπτουσιν

159 2835 196 2866 ὡς
212 2835 352 2869 ἄχρηστον
363 2842 369 2849 ·
385 2835 432 2860 τὸν
447 2832 476 2859 δὲ
493 2831 585 2867 ζωμὸν
600 2831 640 2862 εἰς
657 2830 764 2864 σκάφας
777 2828 946 2861 κενώσαντες

163 2880 242 2915 ἄχρις
260 2879 371 2915 ἡμερῶν
385 2879 525 2920 τεσσάρων
544 2877 734 2914 παραδρομὴν,
747 2876 946 2912 εὖρίσκεται¹ἐν

993 1588 1020 1615 in
1037 1595 1070 1615 eo
1086 1586 1195 1614 videtur
1213 1595 1228 1614 a
1248 1587 1368 1621 Gregora
1384 1586 1564 1620 discrepare,
1579 1585 1653 1620 quod
1679 1584 1784 1612 factum

993 1632 1019 1660 id
1037 1632 1181 1660 Dominico
1196 1631 1317 1659 Catauiaa
1333 1631 1449 1658 Andreae
1461 1631 1517 1658 tilio
1535 1630 1640 1662 tribuit,
1663 1638 1719 1657 non
1735 1638 1785 1656 au-

994 1682 1048 1706 tem
1068 1678 1120 1713 ipsi
1138 1678 1255 1705 Andreae
1270 1677 1411 1706 etJacobo
1422 1676 1483 1712 ejus
1500 1676 1590 1704 fratri.
1611 1676 1699 1704 Verba
1713 1676 1785 1703 Can-

994 1724 1120 1751 tacuzcni
1147 1724 1204 1751 [nec
1219 1727 1304 1751 sunt:
1341 1722 1504 1757 Ἠγγέλλετο
1530 1722 1568 1754 ὡς
1596 1721 1747 1756 Δομένιχος
1771 1722 1785 1747 ὁ

1000 1769 1128 1806 ’Δνδρέου
1148 1769 1196 1796 τοῦ
1215 1768 1350 1802 Kal-savia,
1366 1768 1396 1801 ὃς
1419 1769 1470 1803 τῆς
1492 1767 1555 1800 νέας
1571 1767 1700 1800 Φωκαίας
1713 1764 1786 1803 ἦρχε

996 1817 1127 1852 βασιλέως
1144 1815 1313 1850 παραδόντος
1329 1815 1401 1842 κατὰ
1415 1815 1506 1850 χάριν,
1522 1814 1568 1841 τοῦ
1588 1814 1690 1848 πατρὸς
1705 1814 1782 1849 αὐτῷ

995 1862 1178 1893 ἀποθανόντος
1187 1861 1357 1896 κληρονόμος
1367 1861 1417 1896 τῆς
1433 1860 1527 1892 obuia;
1541 1861 1692 1891 καταστὰς,
1701 1859 1785 1886 πλού-

997 1917 1053 1940 σιος
1067 1907 1096 1935 δὲ
1109 1906 1154 1944 ἦν,
1170 1908 1227 1939 τοῖς
1254 1908 1379 1943 χρήμασι
1395 1906 1528 1941 φυσηθεὶς
1545 1906 1650 1933 Λέσΰον
1673 1907 1785 1940 διανοη-

995 1954 1056 1989 θείη
1083 1953 1230 1988 Ῥωμαίων
1248 1952 1416 1987 ἀφελόμενος
1440 1951 1508 1979 ἰδίαν
1525 1952 1616 1987 ἑαυτῷ
1634 1952 1788 1987 περιποιή-

996 1999 1096 2026 caueat
1105 1999 1265 2034 ἠγεμονίαν,
1274 2003 1302 2026 et
1313 2003 1411 2026 caetera
1426 2006 1487 2034 qua:
1507 1998 1543 2025 ibi
1557 1998 1647 2033 pergit
1659 2005 1785 2028 narrare,

995 2045 1097 2081 quibus
1114 2045 1223 2080 egregie
1244 2045 1445 2072 conﬁrmantur
1459 2052 1521 2080 qua:
1544 2045 1578 2072 de
1599 2037 1719 2071 Phoctcze
1735 2043 1787 2070 do-

995 2092 1079 2119 minis
1098 2091 1233 2119 beneﬁcio
1247 2091 1445 2126 imperatorum
1470 2091 1685 2126 Palzeologorum
1702 2089 1785 2117 Cata-

995 2139 1056 2166 neis
1085 2138 1214 2171 diximus,
1245 2137 1401 2165 necessrrio
1431 2137 1464 2164 ad
1489 2136 1670 2172 supplendam
1689 2135 1716 2163 in
1731 2136 1786 2163 hoc

995 2184 1057 2212 loco
1071 2188 1172 2211 nostra:
1190 2183 1314 2211 historiae
1329 2183 1362 2219 [P
1381 2183 1444 2219 476]
1461 2182 1653 2217 ἀποσιώπησιν
1681 2181 1787 2216 Pachy-

961 2219 984 2247 θ
998 2231 1093 2261 meris,
1112 2230 1223 2257 familia:
1251 2237 1350 2257 nomen
1377 2229 1532 2257 omittentis
1557 2229 1586 2255 in
1603 2227 1786 2255 memorando

996 2277 1120 2304 Manucle
1137 2275 1276 2303 Zachariae
1296 2275 1362 2306 tilio,
1382 2274 1470 2308 primo
1487 2274 1609 2302 Phoctea:
1625 2280 1787 2308 possessore

997 2331 1029 2351 ex
1047 2323 1228 2350 concessione
1246 2318 1387 2349 Michaelis
1404 2320 1621 2355 Palmologorum
1635 2319 1718 2354 primi
1731 2319 1789 2346 Au-

996 2368 1088 2404 gusti:

1032 2435 1063 2463 P.
1086 2434 1149 2462 HI.
1174 2427 1276 2462 vocem
1302 2432 1537 2468 ἐνσκευασάμενοι
1561 2438 1594 2460 ex
1613 2432 1735 2467 margine
1759 2431 1788 2459 in

998 2485 1158 2509 contextum
1182 2480 1273 2513 intuli,
1291 2484 1430 2514 expuncto
1447 2480 1620 2515 νηῖσάμενοι,
1643 2478 1728 2506 verbo
1746 2478 1789 2504 ni-

999 2527 1059 2555 bili.

1035 2596 1066 2624 P.
1091 2596 1154 2624 429,
1179 2596 1244 2629 Quae
1260 2595 1312 2623 hoc
1331 2603 1390 2630 cap.
1409 2599 1560 2622 narrantur
1582 2594 1616 2622 de
1639 2594 1723 2621 Maria
1744 2601 1788 2622 rc-

1000 2643 1062 2679 gina
1087 2643 1222 2678 Bulgaria:
1249 2643 1277 2670 in
1293 2641 1460 2669 avunculum
1487 2642 1694 2675 imperatorem,
1721 2639 1787 2667 odio

1000 2689 1076 2724 pacis
1092 2687 1278 2716 Ecclesiarum
1293 2687 1327 2715 ab
1342 2695 1375 2717 eo
1392 2691 1557 2722 procurata,
1576 2686 1715 2714 concitare
1731 2685 1789 2712 sul-

1001 2740 1093 2764 tanem
1121 2734 1206 2770 Syria:
1228 2739 1360 2765 conante,
1388 2733 1467 2760 facile
1493 2732 1646 2760 ostendunt.
1671 2739 1787 2767 pravum

1001 2781 1244 2810 schismalicorum
1268 2780 1409 2807 animum:
1427 2778 1468 2806 uti
1492 2783 1520 2805 et
1544 2786 1606 2813 qua:
1631 2778 1720 2812 capite
1743 2785 1788 2805 ses

1002 2829 1096 2865 qucnti
1119 2832 1147 2856 et
1165 2827 1295 2861 deinceps
1310 2830 1468 2858 narrantur,
1483 2832 1563 2859 quam
1585 2823 1715 2854 crudelis,
1735 2823 1786 2850 im-

1001 2875 1055 2912 pia,
1073 2875 1227 2904 facinorosa
1253 2873 1311 2901 lucc
1340 2872 1439 2900 mulier
1465 2871 1548 2899 fuerit
1573 2870 1786 2901 demonstrant;
