1931 3069
150 142 212 176 illi

900 146 964 175 Nm

1704 151 1777 183 1142

144 209 230 236 quare
246 201 291 228 illa
307 200 474 235 protectrice
490 202 660 230 schismatici
678 202 793 230 rebelles
811 202 929 238 glorien-
944 201 969 231 Α
982 202 1045 229 tinze
1054 202 1122 230 nihil
1133 203 1272 239 prohibeat
1284 205 1434 240 quominus
1444 206 1541 241 aliquis
1557 205 1640 234 ducat
1661 215 1773 235 uxorem

145 252 190 275 tur
210 247 284 277 licet.
302 247 385 281 (ligno
401 248 500 281 patella
517 249 660 282 operculo.

180 294 210 322 P.
228 294 290 321 456.
311 293 376 326 Quae
391 295 436 322 hic
460 299 553 321 narrat
568 296 760 331 Pacltymeres,
778 303 807 323 se
824 295 933 323 adhibi-

145 344 203 367 tum
224 340 258 367 ab
276 339 444 375 imperatore
459 340 492 367 ad
513 341 584 367 clam
610 342 810 376 explorandum
829 342 932 377 ecquid

144 384 317 411 Theodosius
341 385 503 417 monachus,
522 386 544 412 si
562 387 754 414 Autiochenus
771 387 931 421 patriarcha

144 430 232 463 fieret,
254 430 410 457 obstiturus
434 435 508 458 esset
532 432 643 467 negotio
661 433 865 460 conciliationis
881 432 934 460 Ec-

144 477 301 508 clesiarum,
325 485 382 504 rem
410 478 483 505 illam
504 486 537 505 ex
565 479 681 513 Augusti
706 479 845 506 sententia
872 486 933 513 ges-

144 523 224 555 sisse,
242 523 391 550 ostendunt
408 524 482 551 hunc
506 528 643 554 nostrum.
660 524 712 552 etsi
731 525 815 552 tacito
828 524 934 559 judicio

144 569 227 596 animi
245 569 387 596 sehismati
406 570 521 601 faveret,
538 574 567 596 ut
580 570 665 597 mttlta
681 570 871 598 demonstrant
883 570 935 597 hu-

143 615 190 649 jus
207 615 333 642 historia:
349 615 420 647 loca,
437 622 529 643 tamen
545 616 722 651 imperatoris
735 616 861 645 consiliis
875 617 936 651 ejus

144 663 254 696 generis
280 662 353 689 haud
382 663 471 697 palam
500 662 688 690 adversatuut.
714 663 773 690 lmo
801 662 935 696 suspicari

144 708 217 735 forte
242 715 297 735 non
325 708 464 736 immerito
490 717 635 744 possemus
661 717 725 737 eum
752 709 862 736 vivente
884 708 935 735 Mi-

145 754 241 781 chaclc
257 761 320 781 vere
335 758 362 781 et
377 761 411 780 ex
426 754 510 781 animi
528 755 569 781 sui
586 755 723 781 sententia
747 754 847 782 favisse
864 754 935 789 paci,

148 799 196 826 sed
221 799 348 827 eumdem
375 799 518 827 historiam
543 800 644 827 deinde
671 800 742 828 hanc
767 800 936 827 scribentem

147 844 199 871 sub
223 844 391 877 Andronico,
410 845 458 880 qui
472 852 501 872 se
525 845 625 872 iterum
640 853 655 872 a
671 845 794 872 Romana
813 844 935 871 Ecclesia

147 890 268 918 abscidit
285 891 411 918 rescissis
432 892 555 926 paternis
577 892 657 925 actis,
675 891 797 919 servisse
817 891 936 925 tempori
951 878 973 906 Β

148 937 305 964 revolutum
322 937 349 964 in
365 937 515 965 familiares
530 945 651 966 errores.

184 983 213 1009 P.
225 982 289 1010 ΗΟ.
302 982 343 1010 Ea:
355 983 499 1010 rationibus
519 984 653 1018 quondam
667 992 682 1010 ιι
696 983 796 1011 Sirinio
815 983 937 1019 perlatis.

146 1027 207 1055 Non
224 1032 267 1055 est
283 1028 328 1055 hic
343 1027 463 1056 Sisinius
484 1029 531 1055 ille
546 1029 680 1063 antiquus
704 1028 938 1062 Constantinopo-

147 1074 251 1101 litanus
275 1074 445 1109 patriarcha,
473 1075 520 1110 qui
549 1083 622 1102 anno
647 1075 748 1103 Christi
774 1075 826 1103 426
846 1074 939 1102 Attico

147 1121 290 1154 successit,
304 1125 334 1148 ut
348 1126 443 1148 narrat
456 1122 593 1155 Socrates,
607 1122 626 1150 l.
640 1130 689 1155 vn,
699 1122 778 1154 c.26,
794 1121 842 1149 sed
856 1121 938 1154 alius,

150 1171 181 1194 ut
197 1171 323 1202 apparet,
347 1167 429 1202 longe
446 1168 594 1203 posterior,
612 1169 659 1203 qui
679 1176 752 1195 anno
767 1168 870 1196 Christi
887 1169 940 1198 993

147 1214 260 1241 Nieolao
275 1213 458 1249 Chrysobergi
472 1215 606 1242 suffectus
622 1219 674 1242 est.
690 1214 756 1241 Nam
772 1214 846 1242 hunc
858 1215 940 1243 Joan-

148 1267 197 1287 nes
211 1259 392 1294 Curopalates
406 1261 489 1295 680
504 1261 530 1287 in
545 1260 615 1288 Hist.
629 1261 663 1288 ad
677 1269 743 1288 ann.
758 1260 854 1288 mundi
870 1260 940 1288 6505

149 1311 270 1334 testatur
287 1314 408 1334 canones
424 1307 457 1334 de
478 1307 665 1334 matrimoniis
680 1307 817 1335 sanxisse.

183 1353 252 1380 lbid.
269 1353 374 1381 Gradus
393 1354 539 1388 afﬁnitatis.
555 1354 632 1381 Anna
648 1354 702 1381 filia
726 1354 868 1382 Michaelis
884 1355 940 1382 Au-

149 1399 234 1434 gusti,
259 1407 359 1434 sponsa
376 1399 514 1427 destinata
536 1400 662 1428 Michacli
684 1400 816 1435 despotae,
840 1406 940 1436 quarto

148 1445 397 1479 consanguinitatis
422 1445 507 1480 gradu
540 1446 718 1481 contingebat
739 1447 846 1475 Annam
872 1448 940 1476 alte-

149 1499 217 1524 ram,
236 1492 317 1519 ﬁliam
340 1493 444 1519 sororis
471 1492 556 1527 patris
581 1493 637 1524 sui,
652 1497 765 1528 nuptam
781 1494 939 1528 Nicephoro

986 256 1108 276 sorOrem
1121 250 1214 278 uxoris
1229 250 1323 278 fratris
1335 251 1376 278 sui
1388 252 1488 278 :altera
1501 252 1572 287 quod
1588 253 1614 279 in
1627 261 1776 280 numeran-

986 294 1029 321 dis
1039 296 1208 330 COgnationis
1225 301 1252 323 et
1264 296 1402 324 affinitatis
1413 298 1544 332 gradibus
1558 303 1686 333 parentes
1701 307 1775 326 nunc

986 348 1042 368 non
1055 341 1238 376 imputcntur,
1251 343 1299 371 sed
1314 344 1418 378 primus
1431 345 1533 379 gradus
1545 345 1731 372 constituatur
1747 346 1775 373 iu

987 387 1130 419 fratribus,
1145 395 1220 419 eum,
1247 393 1277 416 ut
1303 394 1430 417 numerat
1449 390 1501 417 hoc
1517 391 1580 418 loco
1606 395 1711 424 noster,
1730 399 1777 419 ne-

988 439 1066 460 cesse
1089 432 1124 459 sit
1140 433 1259 467 primum
1274 434 1388 468 gradum
1411 440 1539 469 respectu
1565 436 1652 470 patris
1675 443 1707 463 ac
1720 443 1777 463 ma.

990 476 1040 504 tris
1056 478 1134 512 poni,
1148 479 1300 506 secundum
1316 485 1442 514 respectu
1457 481 1573 508 fratrum
1588 489 1620 508 ac
1635 489 1774 509 sororum.

989 522 1035 550 Sic
1052 523 1126 550 enim
1147 528 1252 551 tantum
1272 525 1447 560 Nieephorus
1467 527 1592 562 despota,
1619 528 1666 563 qui
1692 528 1776 556 filiam

988 569 1094 596 sororis
1111 570 1287 605 imperatoris
1303 573 1329 599 in
1346 574 1523 601 matrimonio
1540 574 1668 606 habebat,
1681 575 1716 602 ab
1736 575 1777 608 ip-

989 617 1046 645 sius
1068 618 1240 653 imperatoris
1266 619 1321 647 filia
1344 625 1443 654 quarto
1466 620 1605 648 afﬁnitatis
1626 622 1712 656 gradu
1736 621 1777 648 di-

990 667 1062 691 stare
1078 669 1196 698 potcrat,
1213 670 1297 700 prout
1314 666 1358 692 hic
1378 665 1492 693 dicitur.

1026 710 1056 737 Ρ.
1084 711 1147 738 “8.
1178 710 1291 744 Quando
1316 711 1426 740 ducente
1450 713 1555 740 [saucio
1577 713 1707 748 Augusto,
1722 718 1777 741 etc.

991 757 1060 783 Rem
1075 757 1120 784 hic
1136 757 1282 786 indicatam
1313 758 1372 786 fuse
1391 767 1506 787 narrans
1529 759 1665 794 Georgius
1691 760 1778 787 Acro-

990 802 1073 836 polita
1084 802 1221 837 (Historia:
1232 811 1288 830 suae
1299 811 1323 832 c.
1336 804 1414 840 H,p.
1427 805 1470 837 10,
1482 805 1525 832 ed.
1541 805 1618 841 Reg.)
1630 806 1657 833 in
1671 813 1779 833 summa

990 847 1073 875 docet
1096 849 1233 876 lsaacium
1259 850 1414 885 Augustum
1441 851 1468 878 in
1487 853 1628 887 Bulgaros,
1654 854 1701 888 qui
1727 861 1778 880 au-

991 898 1066 921 ctore
1093 894 1255 923 rebellionis
1271 897 1361 924 Asane
1387 905 1401 924 a
1422 905 1451 925 se
1477 898 1647 931 defecerant,
1669 899 1780 934 expedi-

990 941 1064 968 tione
1081 945 1221 977 suscepta,
1247 942 1366 970 Asanem
1383 951 1444 970 cum
1469 944 1602 979 praesidiis
1620 950 1678 972 arta
1702 944 1779 972 obsi-

989 986 1072 1014 dione
1093 987 1214 1015 cinxisse
1227 989 1299 1015 intra
1313 989 1473 1023 oppidulum
1489 989 1648 1017 Striuobum
1664 990 1780 1022 dictum,

993 1027 1135 1064 ὲντδξτιῦ
1163 1033 1302 1068 πολιχνίου
1323 1032 1354 1061 οὗ
1379 1034 1411 1070 δὴ
1446 1035 1476 1061 τὸ
1508 1035 1595 1069 ὄνομα
1621 1035 1777 1070 Στρινοὸος.

990 1078 1105 1106 Videtur
1143 1080 1309 1115 amplificata
1346 1080 1446 1108 deinde
1481 1081 1516 1108 ab
1549 1082 1639 1108 Asane
1674 1082 1779 1109 victore

990 1124 1049 1152 luec
1095 1125 1202 1157 civitas,
1245 1126 1348 1160 quippe
1377 1134 1460 1160 quam
1494 1132 1588 1154 noster
1621 1127 1780 1155 Ternobum

990 1177 1101 1202 vocans,
1142 1171 1246 1206 regiam
1294 1172 1432 1206 Bulgaria:
1467 1172 1563 1199 urbem
1603 1172 1687 1201 fuisse
1724 1181 1780 1201 non

991 1216 1075 1243 semel
1109 1216 1220 1244 indicat.
1262 1217 1354 1253 Pergit
1389 1218 1549 1253 Aeropolita
1581 1218 1685 1250 dicere,
1717 1227 1781 1246 eum

990 1261 1072 1296 681
1092 1262 1118 1288 in
1133 1267 1257 1289 extremo
1270 1262 1429 1290 discriminc
1445 1271 1488 1290 res
1499 1263 1597 1290 Asanis
1613 1267 1639 1290 et
1650 1263 1782 1298 Bulgaro—

992 1317 1052 1335 rum
1065 1314 1168 1341 essent,
1187 1317 1257 1344 quos
1276 1317 1310 1336 ne
1327 1310 1354 1337 in
1376 1309 1471 1337 lsaaeii
1486 1310 1599 1345 Augusti
1615 1314 1780 1344 potestatem

992 1362 1056 1382 mox
1074 1356 1199 1382 venirent
1212 1355 1286 1382 nulla
1303 1363 1346 1383 res
1363 1356 1510 1389 prohibere
1528 1356 1688 1383 humanitus
1704 1360 1782 1390 pote-

992 1406 1050 1433 rat,
1078 1401 1178 1429 exiisse
1213 1401 1247 1428 ab
1274 1402 1342 1429 urbe
1371 1401 1483 1429 obsessa
1511 1402 1658 1436 quemdam
1688 1401 1782 1436 specie

992 1448 1171 1483 transfugam,
1187 1448 1233 1483 qui
1252 1447 1358 1482 trepide
1374 1447 1533 1482 imperatori
1557 1448 1698 1475 nuntiaret
1719 1455 1783 1475 mox

993 1493 1151 1529 irrupturos
1167 1494 1194 1520 in
1210 1493 1270 1528 ejus
1281 1499 1370 1521 castra
1383 1490 1504 1521 maximo
1515 1501 1630 1520 nttmero
1645 1492 1760 1528 Scythas
1771 1501 1781 1521 :

149 1539 269 1573 despota:
285 1559 292 1571 ,
319 1537 459 1566 Michaelis
493 1538 614 1573 despotm
646 1547 796 1574 germano;
821 1545 850 1568 et
874 1540 937 1575 quia
954 1551 975 1579 ο
992 1547 1047 1574 quo
1061 1539 1105 1566 ille
1120 1539 1223 1566 indicio
1238 1539 1380 1574 perculsus
1394 1544 1473 1566 nocte
1486 1545 1597 1574 repente
1609 1539 1780 1567 obsidionem

149 1584 321 1619 Nicephorus
335 1590 362 1612 et
379 1587 456 1612 Anna
471 1586 610 1620 conjuncti
623 1587 800 1614 matrimonio
815 1594 864 1622 pro
882 1595 936 1614 uno

149 1631 344 1663 censebantur,
370 1632 453 1659 etiam
483 1632 642 1667 Nicephoro
673 1632 700 1660 et
731 1638 936 1668 consequenter

149 1678 274 1705 Mirltaeti
301 1679 360 1713 ejus
386 1679 463 1706 fratri
494 1679 609 1706 totidem
637 1679 777 1707 affinitatis
805 1680 938 1715 gradibus

150 1723 357 1751 admovebatur.
380 1725 466 1752 Porro
486 1725 600 1752 Michael
616 1726 701 1752 Anum
721 1725 801 1753 uxori
824 1726 866 1752 sui
883 1725 939 1753 fra-

151 1770 202 1796 tris
218 1769 357 1796 afiiuitatis
371 1770 457 1804 gradu
478 1770 600 1797 secundo
613 1770 792 1805 jungcbatur,
808 1769 873 1804 quia
888 1777 938 1796 suo

150 1823 281 1850 germano
294 1815 354 1849 ejus
369 1815 428 1842 viro
443 1815 565 1842 secundo
589 1815 840 1849 consanguinitatis
852 1815 937 1850 gradu

150 1862 264 1897 junctus
277 1865 348 1888 erat.
364 1861 512 1888 Affinitatis
527 1861 630 1895 quippe
644 1861 756 1895 gradus,
773 1864 802 1887 ut
819 1860 938 1895 theologi

151 1913 178 1935 et
194 1908 266 1943 juris
293 1907 418 1934 canonici
436 1907 555 1934 consulti
574 1908 631 1934 haec
654 1911 804 1935 tractantes
826 1907 937 1939 docent,

151 1954 211 1989 pari
229 1962 311 1989 passu
334 1957 490 1989 sequuntur
506 1954 608 1989 gradus
629 1953 888 1989 consanguinitatis.
905 1953 940 1982 Ut

151 2007 217 2035 ergo
235 2000 484 2034 consanguinitatis
499 2000 605 2034 primus
628 1999 730 2034 gradus
754 2003 797 2026 est
821 1999 869 2034 qui
891 2007 939 2033 pa-

152 2051 245 2074 rentes
269 2042 342 2074 inter
366 2050 394 2074 ct
412 2046 516 2073 liberos
542 2045 699 2076 intercedit.
725 2045 863 2072 secundus
886 2045 940 2072 fra-

153 2098 225 2120 trum
241 2091 274 2119 ad
290 2091 399 2124 fratres,
426 2091 526 2119 tertius
542 2091 638 2118 fratris
660 2091 802 2118 sororisre
820 2091 938 2118 filiorum

152 2138 185 2166 ad
200 2143 326 2173 patruos,
345 2138 613 2170 avunculos,amitas
627 2143 655 2165 et
671 2142 844 2169 materteras,
857 2145 941 2172 quar-

154 2191 198 2212 tus
209 2185 440 2213 consobrinorum
455 2185 488 2212 ad
503 2185 695 2217 consobrinos,
711 2184 748 2211 ita
761 2189 789 2211 ct
800 2184 940 2212 aflinitatis

991 1586 1102 1613 solvens
1117 1585 1183 1620 fugit
1199 1585 1234 1612 al)
1249 1585 1349 1619 oppido
1365 1585 1497 1620 postridie
1511 1585 1648 1616 dedendo,
1664 1589 1691 1612 et
1706 1584 1780 1620 ejus-

991 1632 1053 1659 dem
1069 1631 1216 1666 proditoris
1228 1632 1310 1658 etiam
1325 1631 1351 1658 in
1369 1631 1437 1666 fuga:
1450 1632 1493 1658 via
1506 1631 1650 1658 consilium
1664 1630 1781 1658 frauduo

991 1677 1096 1704 lentum
1119 1684 1237 1711 sequens
1257 1684 1286 1704 se
1305 1685 1424 1711 suosqtte
1441 1678 1559 1711 conjecit
1580 1678 1607 1704 in
1629 1677 1780 1713 angustias,

993 1723 1040 1750 ubi
1059 1731 1121 1749 mox
1147 1722 1259 1757 plurimi
1290 1730 1304 1749 a
1327 1723 1422 1757 paucis
1447 1723 1546 1749 misere
1574 1723 1696 1757 oppressi
1718 1729 1782 1751 sunt

992 1769 1126 1804 Bulgaris,
1136 1769 1183 1804 qui
1197 1777 1230 1796 ex
1247 1769 1399 1803 composito
1414 1768 1441 1795 in
1453 1769 1655 1796 circumventos
1673 1769 1781 1797 irruen-

993 1818 1034 1842 tes
1055 1815 1193 1841 ltomanos
1218 1814 1364 1848 plerosque
1390 1813 1509 1846 credunt,
1531 1814 1696 1848 imperatore
1717 1822 1780 1842 eum

992 1869 1048 1888 non
1068 1861 1161 1888 nmltis
1172 1868 1242 1896 aegre
1261 1868 1290 1888 se
1310 1860 1338 1887 in
1351 1865 1439 1887 tutum
1458 1860 1620 1895 recipiente,
1637 1861 1712 1888 omni
1731 1868 1781 1896 ap-

994 1910 1090 1941 paratu
1106 1910 1134 1933 et
1151 1905 1327 1940 imperatoria
1356 1906 1519 1941 supellectili
1536 1906 1660 1934 hostibus
1673 1907 1780 1934 relicta.

993 1953 1025 1979 Οἱ
1046 1952 1085 1983 δὲ,
1103 1952 1141 1980 ait
1162 1952 1330 1987 Acropolita,
1348 1952 1529 1983 διασωθέντες
1547 1955 1616 1988 μετὰ
1640 1954 1686 1980 τοῦ
1704 1954 1782 1987 βασι-

994 1998 1062 2028 λέως
1082 1998 1182 2033 γυμνοί
1201 2007 1230 2024 τε
1250 1996 1321 2034 ἦσαν
1350 2001 1396 2025 καὶ
1420 1999 1505 2032 ὀλίγοι
1526 2000 1611 2027 πάνυ.
1640 2001 1781 2028 Ἐντεῦθεν

995 2044 1134 2079 ἐφυσιώθη
1152 2044 1182 2070 τὺ
1194 2044 1248 2070 τῶν
1265 2044 1429 2079 Βουλγάρων
1444 2046 1526 2079 φῦλον
1539 2046 1613 2072 λείαν
1633 2046 1733 2081 πολλὴν
1749 2047 1781 2072 ἐκ

994 2091 1048 2117 τῶν
1067 2090 1211 2124 Ῥωμαίων
1229 2091 1376 2124 κερόἧσιν,
1393 2091 1462 2117 ἀλλὰ
1476 2091 1507 2126 δὴ
1527 2093 1574 2118 καὶ
1591 2093 1622 2118 ἐκ
1639 2093 1691 2120 τῶν
1704 2093 1781 2128 βασι-

994 2137 1078 2164 λικῶν
1104 2136 1277 2170 παρασήμων
1305 2136 1339 2162 τὰ
1360 2135 1527 2172 τιμιώτερα·
1548 2137 1596 2168 τάς
1612 2146 1640 2164 τε
1656 2140 1710 2173 γὰρ
1732 2138 1781 2165 τοῦ

997 2183 1129 2220 βασιλέως
1155 2183 1313 2218 πυριμίδας
1341 2183 1503 2210 ἀνελὰὅοντο
1530 2185 1576 2210 καὶ
1604 2185 1702 2218 φιάλας
1727 2186 1782 2212 τῶν

152 2236 334 2258 numerantur
360 2231 607 2265 totidem;qualcs
632 2238 729 2257 revera
754 2230 781 2257 in
812 2230 863 2257 hac
886 2230 938 2257 ﬁlia

995 2229 1141 2264 ἐπισήμων
1163 2230 1210 2254 καὶ
1232 2230 1327 2263 χρῆμα
1346 2229 1386 2260 εἰς
1403 2228 1504 2263 πλῆθος
1528 2230 1574 2255 καὶ
1589 2230 1670 2256 αὐτὸν
1686 2230 1718 2266 δὴ
1736 2231 1782 2258 τὸν

153 2275 293 2303 Michaelis
314 2275 431 2310 Augusti
448 2280 575 2310 respectu
599 2275 693 2310 sponsi
707 2277 732 2302 ei
748 2275 877 2302 destinati
893 2275 942 2302 Mi-

152 2321 256 2348 chaelis
279 2321 400 2355 despotic
412 2321 639 2347 numerabantur.
653 2320 732 2347 Unde
745 2328 780 2347 ex
792 2320 844 2347 hac
853 2325 939 2354 parte,

153 2370 182 2393 ut
198 2367 236 2392 ait
255 2365 417 2395 historicus,
445 2371 566 2400 quatuor
589 2371 667 2393 erant
693 2366 859 2392 συνοικεσίου
883 2366 941 2394 sive

153 2411 293 2438 afﬁnitatis
318 2411 431 2445 gradus,
456 2419 489 2438 cx
520 2417 598 2446 parte
629 2419 696 2438 vero
727 2411 823 2446 sponsi
852 2411 942 2446 ipsius

152 2456 291 2484 Michaelis
308 2456 428 2490 despotrc
445 2462 573 2491 respectu
597 2457 690 2484 fratris
705 2457 766 2491 ejus
785 2457 936 2492 Nieephori

153 2507 181 2530 ct
198 2502 258 2537 ejus
281 2502 404 2537 conjugis
421 2503 505 2530 Annze
529 2507 598 2529 natm
617 2511 651 2530 ex
676 2511 771 2530 sorore
792 2503 936 2531 Michaelis

152 2549 279 2584 Augusti,
299 2549 368 2581 duo;
397 2549 460 2583 quia
486 2553 516 2576 ut
541 2548 573 2583 [P
597 2548 660 2584 477]
687 2549 938 2584 consanguinitatis

155 2595 239 2631 gradu
257 2595 378 2623 secundo
395 2595 610 2622 connectebatur
633 2595 719 2622 frater
734 2596 825 2629 fratri,
846 2597 883 2624 ita
899 2604 943 2624 se-

154 2642 244 2669 cundo
274 2642 377 2676 pariter
410 2641 550 2668 aflinitatis
581 2642 666 2677 gradu
699 2643 941 2677 conjungcbantur

154 2687 223 2714 lcvir
246 2691 274 2714 et
289 2686 396 2714 fratria.
422 2685 484 2714 lLec
504 2693 581 2714 mens
608 2687 690 2722 hujus
714 2688 767 2714 loci
782 2692 841 2720 est;
869 2688 942 2715 circa

155 2739 236 2768 quem
259 2732 378 2760 notanda
394 2733 469 2759 venit
487 2731 588 2767 duplex
602 2732 761 2760 Gratcorum
783 2734 858 2762 illius
877 2739 945 2761 tem-

156 2779 232 2813 poris
247 2786 261 2805 a
286 2778 391 2806 Latinis
418 2779 562 2806 hodicruis
586 2778 781 2814 discrepantia.
805 2781 885 2808 Prior
901 2786 944 2809 est

155 2824 240 2859 quod,
257 2829 286 2852 ut
301 2825 365 2852 hinc
379 2830 504 2860 apparet,
529 2825 600 2860 apud
621 2825 730 2853 Gnneos
749 2831 813 2854 tunc
828 2826 944 2855 afﬁnitas

156 2870 314 2898 eiliaitatem
329 2870 463 2905 pariebat,
486 2878 548 2898 cum
562 2871 646 2899 inusu
666 2872 720 2908 jam
741 2872 870 2901 Ecclesia:
892 2872 943 2899 La-

995 2275 1134 2311 βισιλικὸν
1157 2276 1283 2310 σταυρόν,
1302 2281 1356 2303 etc.
1373 2275 1436 2303 "me
1459 2281 1524 2303 sunt
1542 2284 1603 2311 qua:
1626 2282 1720 2304 noster
1737 2277 1782 2305 hic

994 2326 1074 2349 vocat
1090 2323 1204 2356 insigniri
1221 2323 1334 2357 imperii.
1356 2322 1383 2349 In
1401 2322 1500 2357 quibus
1515 2323 1588 2357 quod
1604 2323 1652 2355 τὰς
1666 2323 1712 2349 τοῦ
1733 2324 1782 2357 βα-

995 2367 1092 2399 σῖὶέως
1107 2368 1264 2403 πυραμίδας
1280 2369 1446 2403 imperatoris
1462 2369 1611 2403 pyramides
1625 2368 1781 2403 Acropolila

995 2417 1132 2446 numerat,
1150 2414 1242 2440 lumen
1265 2414 1365 2448 accipit
1382 2421 1416 2441 ex
1433 2414 1488 2441 alio
1505 2415 1564 2449 ejus
1580 2414 1650 2446 loco,
1671 2415 1739 2442 Ilist.
1755 2424 1781 2446 c_

995 2457 1040 2490 40,
1054 2466 1082 2492 p.
1097 2458 1141 2491 56,
1155 2458 1200 2485 ubi
1216 2458 1250 2485 de
1266 2458 1412 2486 Theodoro
1427 2459 1530 2493 Angclo
1545 2459 1650 2492 imperii
1665 2459 1781 2493 insignia

995 2503 1150 2538 deponcnte
1170 2504 1209 2531 sic
1224 2504 1318 2531 scribit
1335 2512 1341 2530 :
1359 2505 1400 2530 Τὰ
1423 2505 1472 2539 μὲν
1492 2505 1546 2539 γὰρ
1565 2504 1669 2538 ἐρυθρὰ
1687 2505 1782 2531 πέδιλα

994 2549 1164 2576 ἁπεῧὰ).λετο
1182 2549 1228 2576 καὶ
1239 2550 1288 2583 τὴν
1302 2549 1513 2584 περίμαργαρῠν
1523 2548 1674 2583 πυραμίδα,
1692 2550 1733 2580 εἰς
1747 2550 1781 2584 ἦν

995 2595 1042 2621 καὶ
1068 2594 1142 2626 λίθος
1169 2595 1358 2630 ὑπερκάοηται
1388 2595 1523 2627 κόκκινος,
1544 2594 1671 2629 βασιλικὰ
1694 2596 1781 2623 ταῦτα

996 2641 1128 2676 σὺμῦοῗλλα.
1139 2641 1194 2667 lloc
1205 2644 1290 2667 estex
1302 2640 1427 2667 versione
1440 2640 1592 2666 doctissimi
1605 2639 1779 2674 interpretis:

995 2687 1116 2721 Namque
1129 2686 1201 2713 rubri
1212 2686 1292 2713 calcei
1307 2686 1419 2718 dimissi,
1435 2690 1458 2712 et
1471 2686 1607 2712 unianiqu
1616 2686 1781 2713 interstincta

995 2734 1122 2768 pyramis,
1132 2741 1210 2767 super
1221 2741 1301 2767 quam
1314 2732 1382 2766 lapis
1399 2732 1491 2759 rubens
1506 2731 1646 2764 emicabat,
1663 2740 1722 2768 qua:
1733 2733 1781 2760 int-

996 2784 1148 2815 pcmtorum
1165 2779 1281 2813 insignia
1292 2782 1364 2804 sunt.

1031 2825 1117 2860 Capp.
1131 2826 1133 2829 '
1148 2824 1181 2850 10
1203 2829 1230 2851 ct
1246 2824 1289 2851 11.
1319 2825 1384 2857 Qua:
1401 2825 1445 2853 hic
1465 2829 1612 2852 narrantur
1639 2825 1672 2852 de
1693 2825 1783 2852 Vccco

997 2871 1084 2898 libere
1124 2877 1236 2899 causam
1266 2878 1417 2906 pauperum
1447 2870 1548 2907 injuste
1583 2879 1782 2907 oppressorqu
