1931 3069
137 148 206 183 ttta

889 150 1008 183 ΝΟΤΈ.

1697 155 1764 187 illi

134 209 244 236 νευτέον
266 207 321 242 γὰρ
349 207 417 234 Θεοῦ
445 208 548 242 μᾶλλον
565 207 580 242 ἦ
600 207 815 234 ἀναπνευσῖέον.
848 209 917 241 Quot

980 211 1023 238 hic
1039 211 1135 245 positis
1159 217 1247 246 poti-st
1273 213 1370 238 aslrtii.
1397 212 1476 239 Prius
1495 217 1535 239 est
1551 212 1763 241 CJtislttHliittlm

135 254 267 290 deinceps
282 255 327 282 hic
345 254 496 282 historicus
510 254 603 288 culpat
617 255 798 281 orthodoxiiin
812 256 926 288 patriar-

135 301 217 328 cham
240 300 371 332 Veccum,
388 300 452 334 quia
469 300 492 326 is
514 301 624 334 scriptis
647 301 772 327 refellere
792 301 925 327 schisma-

136 347 206 374 ticos
236 347 272 373 sit
297 353 451 381 aggressus,
471 346 653 373 schisuiaticae
679 346 800 381 loliginis
825 355 924 374 succus

135 397 187 424 est,
220 393 296 420 nullo
318 393 385 419 satis
399 393 525 427 specioso
554 392 671 419 tectorio
698 393 811 419 lividam
843 393 924 419 muli-

135 439 267 474 gnitatein
295 439 398 466 velans.
422 439 516 473 itaque
542 440 644 466 ohlitus
669 447 751 474 quam
781 440 924 473 magnifice

137 491 218 512 antea
237 485 426 519 przcdicaverit
442 485 561 512 nobilem
576 491 603 512 et
619 486 733 513 liberam
751 486 831 513 Vccci
848 486 924 513 indo-

135 531 189 558 lem
211 531 245 558 ab
267 531 342 558 otiini
365 532 495 558 adulandi
514 532 647 559 servitute
668 532 922 567 disjtiiictissimam,

137 584 221 608 nunc,
240 576 262 604 si
278 579 385 611 superis
397 577 496 611 plaeet,
512 585 574 604 eum
594 577 703 604 exhibet
717 578 798 605 Persa
827 579 924 612 quovis

125 621 312 662 rabjectiorcin
341 622 368 648 in
396 623 572 654 assentando,
597 622 744 657 prodigum
766 622 921 655 titulorum,

135 673 163 695 et
176 668 244 694 nihil
265 668 317 695 sibi
335 667 481 695 facientem
502 669 601 703 reliqui
616 669 643 695 in
658 669 816 696 extollendo
833 669 922 696 hono-

136 714 214 741 ribus
240 714 371 742 indebitis
395 714 575 749 Ephesinum,
601 716 680 750 cujus
708 723 791 749 opera
818 720 921 750 egeret,

133 759 297 792 antistitem,
313 768 367 794 quo
394 761 430 787 ita
455 761 506 788 sibi
536 769 598 788 cum
629 762 792 789 devineiret.
815 761 920 793 Scribit,

135 805 225 839 inquit
240 813 266 840 ρ.
290 807 353 838 479,
373 807 407 833 ad
424 807 594 842 Ep/iesimvn,
613 815 735 842 eumque.
754 812 782 834 ut
808 808 865 842 ipso
881 809 922 834 in-

126 846 277 886 scriptione
297 853 485 885 demereretur,
515 861 565 880 non
579 853 736 888 simpliciter
764 853 920 887 ἱερώτιιτον,

134 897 180 931 qui
195 896 261 924 solet
278 897 370 924 titulus
385 899 509 932 episcopis
527 898 615 930 tribui,
638 898 684 925 sed
716 897 919 932 ππνιερώτατον
936 896 956 922 Β

132 943 160 969 in
172 944 259 977 fronte
277 943 426 970 litterarum
441 949 585 978 nuncupat.
598 945 636 971 lta
662 944 861 980 Pachymeres;
877 943 922 978 qui

133 988 243 1015 videtur
265 989 322 1016 hinc
342 989 466 1017 scribens
489 998 629 1024 utinquam
652 990 750 1024 legisse
775 989 876 1016 librum
895 989 921 1015 in

133 1036 235 1064 Graecia
251 1038 423 1065 notissimum
434 1038 600 1073 ,Liturgiam
611 1038 809 1074 Chrysostomi.
821 1037 850 1064 In
868 1045 921 1072 qua

133 1083 263 1110 sacerdos
289 1083 433 1111 celebrans
464 1091 530 1111 voce
559 1084 665 1111 sublata
688 1084 755 1110 dicit
774 1084 920 1119 μνὴπϐητι.

132 1128 230 1163 Κύριε,
246 1130 450 1164 πανιερωτάτου
464 1130 663 1164 μητροπολίτου
773 1129 860 1164 ἡμῶν,
874 1129 920 1156 τοῦ

130 1174 216 1206 δεῖνος
234 1174 396 1212 :Mcmenlo,
414 1174 535 1208 Domine,
549 1176 754 1210 πανιερωτάτου
772 1176 921 1210 metropoli-

130 1225 165 1249 ιω
178 1223 262 1249 nostri
280 1221 316 1249 Ν.
335 1222 369 1249 Ει
392 1222 491 1249 iterum
519 1230 580 1249 mox
594 1222 642 1248 τοῦ
670 1222 754 1254 δεῖν,ος
782 1231 920 1257 πανιερω-

129 1266 211 1293 τάτου
243 1267 446 1302 immo-nolint)
477 1267 493 1302 ἢ
523 1268 674 1294 ὲπισχόπηυ
691 1268 764 1299 ὅστις
783 1268 815 1294 ἂν
831 1266 859 1304 ᾖ,
883 1267 918 1294 Ν.

131 1312 309 1346 panhierotati
321 1312 492 1347 meti-apolin
507 1317 553 1339 aut
570 1313 684 1348 episcopi
694 1333 701 1346 ,
717 1313 863 1347 quicunque
873 1313 918 1339 sil.

131 1359 211 1391 Quod
235 1359 256 1386 si
269 1359 439 1386 sacerdotem
452 1359 596 1386 facientem
613 1359 645 1386 ad
658 1363 782 1392 aram,ct
798 1359 825 1385 iii
841 1367 919 1386 sacro

131 1409 231 1432 ornatu
247 1405 347 1432 Christi
368 1412 512 1439 personam
528 1410 782 1439 reprmsentantem.
800 1413 854 1431 non
871 1404 918 1432 dc-

132 1450 212 1478 decet
233 1451 438 1486 πανιερωτάτου
467 1451 576 1478 deferre
597 1451 706 1477 titulum
725 1451 838 1478 cuilibet
858 1451 918 1485 epi-

132 1504 226 1531 scopo,
247 1497 308 1531 quis
332 1497 492 1532 patriarcha:
512 1497 631 1531 privatas
647 1497 753 1524 litteras
774 1496 807 1523 ad
825 1497 917 1531 Ephe-

132 1545 199 1571 sinic
215 1544 413 1578 antiquissimte
432 1549 459 1570 et
473 1543 695 1570 honoratissimo:
710 1543 783 1570 sedis
808 1543 917 1570 antisti-

132 1595 186 1616 tem
205 1590 280 1616 danti
299 1594 377 1624 putet
393 1591 460 1617 vitio
475 1590 636 1617 vertendum
653 1590 674 1616 si
694 1590 740 1617 tali
758 1598 821 1616 eum
839 1589 917 1616 titulo

131 1635 174 1672 [P.
190 1635 252 1672 480]
268 1637 578 1672 conipellaverit?Ergo
591 1637 644 1663 alia
660 1636 770 1670 quidem
786 1636 918 1663 schisma-

131 1684 177 1711 tici
196 1683 327 1718 obiiciant
352 1683 487 1715 Vecco,si
509 1683 612 1710 habent
628 1691 636 1709 :
653 1682 724 1718 αὕτη
749 1682 805 1717 γὰρ
830 1683 846 1717 ὴ
867 1683 918 1717 μή-

132 1730 223 1765 ρινοος
243 1730 318 1756 οὐδὲν
336 1729 452 1756 ἔσπασε.

169 1777 198 1804 l’.
213 1776 277 1803 $32.
317 1776 458 1802 Enimvero
486 1774 674 1802 scandalorum
687 1794 693 1806 ,
711 1779 765 1801 etc.
782 1773 853 1801 Satis
869 1781 918 1800 an.

131 1824 236 1855 ilaeter,
255 1830 289 1849 ne
302 1822 391 1849 dicam
415 1822 590 1856 impudenter
604 1826 632 1848 et
658 1820 741 1855 impie
759 1820 917 1847 schismati-

130 1877 179 1897 eus
189 1869 233 1896 hic
243 1868 361 1903 scriptor
369 1872 478 1895 sanctos
488 1867 616 1894 Ecclesia:
625 1867 717 1893 Patres
731 1866 918 1893 scantlilloru'n

132 1923 290 1951 magnorum
309 1922 407 1941 causas
425 1913 534 1940 dedisse
551 1913 599 1944 ait,
617 1913 681 1939 dum
697 1920 803 1939 sacrum
821 1912 917 1946 dogma

130 1961 164 1988 de
179 1960 354 1996 proccssione
369 1959 488 1994 Spiritus
498 1959 586 1985 sancti
598 1966 631 1985 ex
647 1958 727 1984 Patre
742 1965 791 1992 per
806 1957 916 1988 Filiiiin,

130 2007 182 2034 hoc
199 2011 240 2033 est
264 2004 344 2032 simul
361 2005 444 2032 etiam
468 2012 501 2031 ex
520 2003 600 2036 Filio,
615 2007 689 2030 recte
711 2008 740 2030 ct
764 2002 918 2030 orthodoxe

130 2051 278 2086 explicant.
292 2050 400 2084 Quanto
416 2050 566 2084 sapientius
581 2049 694 2082 faceret,
705 2050 728 2076 si
744 2057 805 2077 cum
818 2050 916 2080 Veeco,

132 2106 210 2132 quem
240 2097 284 2124 hic
300 2096 439 2124 immerito
465 2097 567 2130 culpat,
580 2100 753 2123 exserentem
771 2103 799 2123 se
815 2096 917 2122 verita-

131 2148 197 2176 tem,
212 2151 293 2178 quam
318 2143 393 2177 prius
421 2143 603 2178 ignoravcrat,
626 2142 712 2169 admit
725 2146 795 2173 cret,
811 2145 839 2168 et
855 2149 916 2168 cuni

131 2189 236 2216 Latinis
253 2189 430 2224 profiteretur
447 2196 504 2215 rem
518 2197 533 2215 a
551 2188 608 2215 suis
624 2188 691 2222 ipsis
707 2187 808 2215 Graecis
826 2187 916 2214 Patii-

978 258 1051 284 liiiiic
1062 265 1187 285 aversum
1199 265 1228 285 se
1243 266 1257 284 a
1272 266 1336 293 pace
1351 259 1536 286 Ecclesiarnm
1553 260 1640 293 palam
1658 262 1764 289 tulisse:

977 305 1049 339 quod
1070 312 1123 332 non
1148 309 1190 332 est
1213 304 1362 331 verisimile
1389 305 1523 332 laetarum
1545 313 1619 337 enin,
1646 307 1668 334 si
1685 313 1764 341 pate'r

977 351 1047 385 ejus,
1081 351 1157 385 pacis
1179 352 1238 386 ejus
1257 352 1335 385 quasi
1359 357 1455 378 auctor
1478 357 1505 378 et
1528 353 1761 382 studiosissimus,

978 395 1093 423 viveret.
1119 395 1254 427 Alterum,
1281 396 1474 430 imperatorem
1492 396 1675 423 Constantino
1699 405 1763 424 suc-

977 445 1135 467 ccitsentein
1151 449 1184 468 co
1204 442 1316 468 nomine
1331 449 1387 468 rem
1404 441 1436 468 ad
1455 446 1559 476 patrem
1572 442 1681 476 juvenis
1708 451 1762 468 llttll

976 487 1107 514 detulisse
1117 492 1143 514 ct
1157 487 1182 514 ei
1199 488 1282 514 lilium
1300 488 1488 523 castigandum
1506 496 1560 515 non
1579 489 1762 516 commisisse.

977 533 1030 560 Sed
1047 533 1078 560 ad
1094 533 1212 566 primum
1230 533 1348 560 dicimus
1365 537 1466 561 mirum
1485 542 1538 560 non
1554 542 1613 561 esse
1628 534 1764 560 Constat:-

977 580 1065 606 iinum
1092 587 1107 606 a
1131 584 1209 614 patre
1230 579 1404 612 dissensisse,
1428 588 1489 607 cum
1514 580 1640 615 superius
1656 580 1762 614 Pachy-

977 634 1066 653 nicres
1079 626 1203 653 doCUerit
1219 626 1244 653 in
1257 627 1371 661 singulis
1385 627 1470 654 ferme
1483 632 1548 653 tunc
1563 626 1674 653 familiis
1685 627 1762 661 paria

977 673 1136 707 ciiiitigisse.
1153 672 1234 699 Certe
1255 672 1281 699 in
1297 673 1355 706 ipsa
1374 672 1550 706 imperatoria
1567 672 1692 698 videmus
1709 671 1762 697 lit:-

976 719 1075 752 logiain
1098 718 1238 745 Michaelis
1252 718 1366 753 Augusti
1387 725 1545 752 germanam
1571 717 1760 744 charissimam

975 764 1065 798 palam
1087 764 1116 790 in
1131 764 1219 798 ipsum
1242 763 1276 790 ob
1294 771 1387 798 pacem
1409 763 1507 790 factam
1525 762 1718 793 insiirretisse,
1735 767 1762 788 et

975 810 1043 837 alios
1055 809 1275 844 consanguineos
1290 809 1373 836 etiam
1387 817 1474 843 usque
1483 809 1514 835 ad
1524 816 1660 839 carceres,
1674 815 1761 834 exc-ii:—

976 856 1099 882 eatinnes
1121 859 1150 882 et
1173 863 1268 882 necem
1286 855 1372 890 ipsam
1393 855 1548 890 pertinacas
1565 854 1592 880 in
1614 853 1761 880 schismate

976 900 1072 928 fuisse.
1103 900 1144 927 Ad
1175 901 1327 927 secundum
1360 900 1514 934 respondeo
1541 899 1612 926 forte
1640 898 1761 925 abfuisse

976 952 1042 974 tunc
1055 947 1088 974 ah
1106 947 1168 974 aula
1187 947 1333 982 Georgium
1350 954 1479 981 magnum
1495 946 1670 980 logotlietam,
1687 944 1762 979 lega-

976 994 1050 1020 tione
1071 993 1162 1028 aliqua
1186 993 1229 1020 vel
1258 993 1420 1028 provinciali
1444 992 1609 1027 pra-lectura
1628 991 1692 1018 alibi
1716 999 1761 1017 us-

974 1041 1045 1074 piam
1058 1039 1211 1066 detentum.
1228 1039 1419 1073 Siipervixisse
1435 1046 1516 1073 porro
1532 1038 1607 1064 illum
1622 1037 1759 1069 Michaeli,

973 1091 1001 1113 et
1024 1086 1058 1113 ab
1073 1086 1232 1113 Andronico
1249 1090 1362 1120 propter
1380 1085 1543 1120 legationem
1561 1084 1594 1110 ad
1616 1091 1712 1118 papam
1730 1088 1758 1109 et

973 1132 1006 1159 ad
1021 1133 1169 1159 concilium
1196 1132 1379 1167 Lugiluiiense
1403 1131 1485 1166 685
1511 1138 1560 1165 pro
1586 1137 1668 1157 causa
1684 1129 1758 1164 pacis

972 1179 1073 1205 obitam
1089 1179 1116 1205 in
1133 1186 1271 1205 carcerem
1292 1178 1459 1212 conjectum,
1477 1177 1658 1204 disertissime
1676 1176 1759 1202 tradit

974 1225 1090 1251 idoneus
1105 1228 1203 1251 auctor
1220 1223 1376 1250 Demetrius
1400 1222 1501 1249 [tonics
1514 1221 1635 1248 Cahaees
1647 1229 1679 1248 ex
1696 1221 1757 1248 Ple-

973 1271 1057 1298 thone
1072 1270 1206 1302 Gemisto,
1229 1271 1276 1304 qui
1301 1269 1395 1296 videre
1414 1268 1503 1303 potiiit
1521 1276 1580 1302 qua)
1595 1267 1673 1298 dicit,
1695 1274 1756 1293 eum

970 1313 1210 1348 Constantinopoli
1242 1313 1293 1340 sub
1320 1313 1451 1340 lilicliacle
1475 1317 1503 1340 et
1529 1318 1589 1346 post
1607 1312 1680 1338 hunc
1705 1312 1756 1338 sn!)

970 1359 1128 1386 Andronico
1144 1359 1255 1390 vixerit,
1273 1360 1356 1386 etiam
1370 1366 1385 1385 a
1399 1358 1566 1393 Pacliymcre
1578 1362 1755 1385 memoratus.

970 1405 1036 1432 Vide
1053 1413 1112 1440 qua:
1132 1405 1287 1432 notavimus
1305 1404 1337 1431 ad
1355 1412 1382 1439 p.
1403 1403 1466 1430 3H.

1004 1453 1034 1479 P.
1053 1452 1115 1478 496.
1139 1451 1168 1478 In
1191 1451 1342 1486 Acropolita
1358 1451 1461 1486 quidem
1476 1450 1622 1477 ulciscendo
1640 1451 1708 1477 iram
1731 1452 1757 1476 in

969 1502 1096 1532 potestate
1108 1496 1208 1524 habuit.
1226 1496 1288 1524 Scio
1303 1497 1390 1523 visum
1409 1497 1441 1523 iri
1455 1497 1573 1530 cuipiam
1589 1495 1683 1522 (ἔγ-ωειλ
1696 1495 1752 1526 illa,

931 1563 952 1592 Ε
969 1544 1016 1570 καὶ
1034 1543 1166 1577 κρείττων
1181 1542 1234 1569 τῶν
1253 1542 1313 1568 κατ’
1340 1543 1443 1568 ἐκεῖνον
1459 1543 1504 1568 τὸν
1522 1542 1605 1576 duo?”
1618 1539 1680 1576 ἦγε,
1701 1549 1755 1567 non

971 1589 997 1615 itl
1022 1588 1094 1623 quod
1120 1593 1200 1615 sonat
1223 1588 1324 1620 versio,
1344 1588 1392 1615 sed
1420 1588 1497 1622 quasi
1519 1588 1686 1615 Contrarium
1713 1595 1757 1614 so.

970 1643 1047 1661 nare.
1065 1634 1164 1662 Verum
1181 1635 1351 1661 adversativa
1367 1643 1427 1669 qua:
1445 1642 1507 1661 mox
1525 1634 1660 1669 sequitur,
1672 1633 1709 1668 τῷ
1727 1634 1756 1659 δὲ

969 1680 1131 1712 Μρυζάὶω-ιι
1147 1682 1193 1707 xz".
1208 1681 1268 1706 λίαν
1286 1680 1462 1715 χολούμενος,
1480 1681 1532 1707 hoc
1550 1679 1663 1714 intelligi
1680 1679 1755 1713 quod

969 1726 1155 1761 expressimus
1169 1726 1196 1752 iii
1215 1726 1353 1760 prioribus
1367 1726 1459 1753 verbis
1477 1726 1589 1758 indicat,
1605 1731 1754 1761 quantum-

969 1773 1011 1799 vis
1037 1773 1083 1799 illa
1109 1773 1163 1799 hnc
1188 1772 1271 1799 invita
1293 1771 1496 1806 pertrahuntur,
1517 1771 1597 1806 plane
1618 1771 1753 1806 siquidem

969 1818 1122 1853 signiﬁcare
1130 1817 1186 1844 vult
1194 1825 1289 1844 auctor
1299 1817 1447 1852 diversoac
1459 1818 1515 1844 lete
1524 1817 1663 1844 contrario
1674 1817 1756 1843 modo

970 1873 999 1892 se
1014 1864 1130 1900 gessisse
1146 1864 1297 1899 Angustum
1329 1871 1390 1890 cum
1425 1863 1533 1890 duobus
1566 1863 1650 1894 hisee,
1681 1862 1754 1890 Cou-

969 1913 1092 1939 staiitino
1107 1911 1262 1946 Acropolita
1280 1916 1307 1938 ct
1327 1911 1472 1937 Thr-odoro
1492 1910 1648 1942 analone;
1671 1917 1756 1943 quare

969 1959 1070 1985 diserte
1099 1958 1236 1984 :illirinaiis
1263 1958 1377 1984 ciIusani
1407 1958 1433 1983 in
1465 1957 1537 1984 hunc
1557 1956 1591 1983 ab
1615 1964 1648 1983 eo
1671 1960 1754 1982 totam

969 2005 1147 2032 acerbitatem
1166 2004 1222 2035 irie,
1248 2003 1300 2030 hoc
1325 2004 1384 2037 ipso
1402 2003 1592 2029 necessitatem
1608 2001 1688 2028 nobis
1705 2001 1756 2028 iui-

969 2051 1045 2085 ponit
1067 2050 1235 2085 intelligendi
1264 2049 1357 2075 initins
1376 2049 1463 2083 egisse
1480 2057 1542 2075 enin
1564 2049 1661 2080 altero,
1677 2051 1703 2074 et
1727 2048 1755 2073 iii

968 2105 1001 2124 eo
1018 2095 1326 2125 multandojracmidim
1347 2095 1462 2121 frientiin
1481 2094 1635 2123 attraxisse.
1656 2098 1755 2119 utcun-

968 2150 1022 2177 que
1043 2142 1069 2168 id
1084 2149 1140 2168 non
1156 2141 1228 2168 clare
1252 2141 1401 2175 archetypa
1417 2140 1580 2174 exprimant.
1594 2139 1753 2173 Quanquam

968 2189 990 2216 si
1005 2189 1066 2223 quis
1087 2187 1207 2222 penitius
1230 2186 1410 2219 introspiciat,
1438 2186 1547 2213 confido
1565 2185 1754 2219 deprehensu—

129 2236 190 2265 hus.
212 2240 241 2262 ut
258 2235 361 2262 fatetur
386 2235 442 2269 ipse
463 2242 583 2269 quoque.
610 2234 752 2261 manifeste
775 2234 912 2261 traditam.
931 2242 1030 2271 Drum
1063 2234 1145 2261 etiam
1181 2233 1213 2259 ad
1247 2240 1404 2267 expressain
1431 2240 1445 2258 a
1475 2232 1554 2258 nobis
1589 2232 1753 2258 sententiain

163 2281 193 2308 Ρ.
212 2282 274 2308 484.
295 2280 342 2306 ΙΙιί
358 2287 419 2314 ergo
440 2279 516 2305 ambo
537 2278 587 2305 soli
611 2278 736 2313 gloriam,
754 2283 809 2304 etc.
837 2277 914 2309 Quod

128 2325 173 2354 hic
187 2326 264 2352 vides
280 2325 385 2351 laudari
400 2323 554 2357 pertinaces
574 2323 601 2349 in
618 2322 767 2349 schismate
780 2327 865 2355 usque
881 2318 915 2345 ad

100 2392 112 2417 ς
127 2370 336 2407 perpetiendum
360 2370 539 2397 etl'ossionem
557 2369 713 2399 oculorum,
732 2368 835 2402 imputa
849 2366 914 2392 vitio

109 2417 251 2451 ,historici
268 2417 369 2451 palam,
387 2421 417 2442 ut
442 2415 544 2442 dictum
562 2418 613 2447 est,
633 2414 774 2441 sehismati
798 2411 914 2439 addicti.

127 2463 162 2491 Et
179 2462 318 2498 pertinere
344 2461 398 2488 huc
419 2466 485 2495 piita
507 2461 617 2495 sapiens
634 2459 745 2486 effatum
762 2457 848 2485 sancti
865 2457 916 2492 Cy-

127 2509 227 2545 priani,
253 2508 409 2538 haereticos,
431 2507 477 2541 qui
499 2514 548 2541 pro
568 2506 610 2533 sui
628 2498 731 2533 erroris
753 2504 914 2531 defensione

128 2555 186 2582 dira
203 2559 353 2582 mortemve
373 2558 543 2587 paterentur,
570 2559 624 2579 non
648 2551 762 2586 gloriam
788 2549 913 2584 martyrii

120 2601 237 2633 ‘niereri,
255 2600 302 2628 sed
316 2607 424 2635 poenam
440 2599 516 2626 luere
533 2598 665 2634 perfidiae.

162 2647 192 2674 Ρ.
214 2645 507 2675 495..£onstantinuin
523 2644 707 2678 Acropolitam
721 2653 737 2670 a
755 2647 831 2678 patre
856 2651 914 2669 ma-

127 2701 178 2727 gno
200 2691 331 2727 Iogotheta
361 2695 506 2725 acceptum.
534 2690 627 2717 Videri
665 2690 766 2724 poterit
793 2689 911 2724 cuipiam

126 2737 274 2773 Georgium
299 2737 485 2771 Acropolitain
511 2743 639 2771 magnum
668 2735 833 2770 logotlictain
859 2735 912 2762 hoc

126 2787 250 2818 tempore
271 2782 327 2817 jam
349 2781 434 2809 fuisse
450 2786 602 2809 mortuum.
618 2781 647 2808 ld
663 2781 735 2808 enim
753 2788 786 2808 ex
804 2780 911 2808 duobus

161 2869 200 2906 (Ι)
218 2869 259 2898 Cf.
277 2869 343 2898 Obs.
360 2870 392 2899 ad
407 2870 557 2899 Andronic.
573 2870 591 2898 l.
612 2879 642 2904 ii,
659 2878 684 2898 c.
706 2870 730 2897 Ι.

969 2280 1063 2308 Graica
1078 2279 1145 2306 satis
1164 2287 1243 2314 posse
1257 2278 1459 2305 accommodari
1474 2279 1523 2311 tl).

1002 2325 1045 2362 [Ρ.
1061 2325 1125 2361 481]
1142 2325 1171 2352 Ρ.
1197 2325 1258 2352 498.
1284 2325 1324 2352 Διί
1350 2324 1466 2351 Montem
1487 2324 1609 2358 Nigrum.
1624 2323 1752 2357 Sitpplevi

967 2371 999 2398 ad
1017 2371 1062 2398 illa
1077 2370 1169 2398 Gul-ea
1185 2369 1253 2404 πρδς
1267 2370 1296 2396 τὸ
1318 2370 1403 2404 μέλαν
1421 2370 1585 2396 vocabulum
1604 2369 1665 2403 apo;
1684 2377 1756 2394 mou-

967 2421 1030 2444 tem.
1047 2417 1132 2443 Erant
1146 2417 1173 2443 in
1188 2415 1279 2443 Monte
1294 2415 1377 2450 Nigro
1394 2416 1522 2442 monachi
1539 2415 1661 2449 plurimi,
1679 2419 1703 2440 et
1719 2413 1753 2439 ad

966 2462 1162 2497 capessendam
1188 2462 1367 2489 monasticam
1383 2461 1581 2496 professionem
1599 2467 1754 2487 accommo-

965 2510 1047 2537 datus
1087 2509 1132 2536 ille
1172 2509 1260 2536 locus.
1287 2508 1382 2543 Itaque
1420 2507 1478 2534 illic
1510 2507 1661 2534 monachus
1687 2506 1752 2532 oliui

965 2554 1072 2581 vixerat.
1101 2552 1256 2581 Germanus
1285 2560 1378 2588 postea
1406 2553 1572 2588 patriarcha,
1602 2557 1632 2579 ut
1658 2556 1753 2578 noster

965 2601 1056 2633 docet,
1074 2608 1101 2635 p.
1123 2600 1176 2627 280
1189 2608 1196 2632 ;
1211 2599 1384 2626 Theodosius
1405 2600 1468 2626 item
1488 2599 1627 2633 princeps,
1653 2597 1753 2624 deinde

965 2647 1122 2682 patriarcha
1152 2646 1352 2678 Antiochenus,
1381 2650 1409 2672 ut
1437 2645 1555 2673 habetur
1569 2645 1588 2672 Ι.
1620 2653 1687 2676 v,c.
1706 2644 1750 2671 Ξίι

964 2694 1075 2721 Poterat
1086 2697 1112 2720 et
1122 2692 1155 2720 ad
1171 2692 1201 2719 τὺ
1213 2692 1297 2727 μέλαν
1313 2691 1479 2726 subintrlligi
1494 2691 1598 2726 σχῆμα,
1608 2690 1680 2726 quod
1706 2699 1752 2717 ve-

963 2740 1014 2766 stis
1026 2739 1223 2766 monachorum
1238 2746 1286 2773 per
1294 2738 1432 2766 Orientem
1444 2738 1519 2773 nigra
1531 2742 1619 2765 esset:
1633 2737 1679 2764 sed
1689 2744 1751 2763 γαιν-

963 2785 1029 2813 bum
1056 2785 1227 2820 καταφυγεῖν
1254 2784 1427 2812 commodius
1453 2784 1574 2812 refertur
1595 2784 1628 2811 ad
1660 2785 1750 2811 locum
