1931 3069
111 159 180 193 litt

651 156 724 186 LIB.
747 157 805 188 lll.
825 170 857 174 -
879 154 1216 187 CHRONOLOGICUS.

1674 157 1745 189 tuo

107 217 158 252 γδς
173 217 220 244 καὶ
238 216 482 252 μεγαλεπήϐθλος,
499 217 512 242 ὁ
529 216 731 250 Κάμνηνοξυὴς
756 215 903 242 "0111qu-

959 214 1062 248 7nando
1092 218 1273 240 consueverat.
1307 214 1399 240 Codex
1433 213 1601 241 Barl'crinns
1628 215 1742 243 formam

110 272 167 297 γων
185 263 311 298 βλαστὸς.
327 263 374 290 καὶ
398 262 510 296 σύμπαν
534 261 766 296 ἀξιοῦαὑμαπτος.
783 261 903 296 Inclyta:

111 310 138 335 in
161 309 364 343 imperatoribus
388 307 512 335 Michael.
535 315 661 342 magnum
685 307 861 334 Orientalium
879 313 904 334 et

112 354 286 382 Occiduarunt
313 359 448 382 tractuum
471 362 577 384 nomen.
604 358 651 380 aut
674 355 759 388 portus
790 358 904 389 quatuor

112 403 206 428 mundi
216 402 356 428 cardinum
377 406 464 428 terror
480 405 505 427 et
519 400 617 435 gloria.
630 402 730 435 pietate
745 402 904 428 constantis-

109 450 188 478 simo.
214 448 311 482 ﬁducia
332 449 357 474 in
384 447 467 474 Deum
486 448 595 474 ardente
618 449 721 481 pariter
738 452 761 473 et
778 448 904 474 immuta-

110 495 175 526 bili;
195 495 240 530 qui
255 503 300 530 per
314 500 397 521 totum
409 495 490 521 vitam
504 502 581 528 scopo
596 494 695 520 illustri
709 494 757 520 sibi
770 495 903 528 proposito

110 541 172 575 ﬁdei
186 542 305 573 sincera,
326 545 420 568 cuncta
438 549 496 575 qua?
513 542 547 567 ad
564 542 633 568 Itum:
645 542 826 571 ermduccront.
845 550 915 576 qua;

111 587 187 614 illam
203 587 435 622 quantm/acuitque
450 587 588 622 referrent,
606 595 661 622 pne
673 589 745 614 omni
758 596 846 622 opere,
861 597 904 615 co-

110 633 247 668 gitutiortt’.
262 632 382 664 consilio,
405 633 478 659 ωιιηὶ
495 633 570 659 modo
593 638 617 659 et
632 637 756 668 tempore.
779 634 902 666 sedendo,

109 680 242 714 surgentia
269 681 296 706 in
310 680 381 706 omni
395 685 467 707 motu
483 688 514 706 ac
525 688 605 714 passu
616 681 740 714 spectavit
753 681 904 715 anni/mtur-

110 734 159 760 que
178 730 226 752 est.
242 725 376 760 Iudefossa
400 734 482 756 mena.
501 734 658 760 magnorum
672 726 748 752 homo
767 735 901 759 sensuum,

111 772 230 801 ocellatis.
257 780 356 806 magna
380 777 515 807 operatus.
538 772 655 806 ingentia
672 776 798 804 conatus;
822 771 904 799 Com-

111 826 180 844 iterm
206 819 299 845 misttts
323 819 406 853 stirpe
432 818 644 853 Palu’ologornm
666 818 798 849 surculus.
822 819 902 853 plane

955 259 1061 295 efﬁngit
1078 260 1160 295 hujus
1177 261 1345 287 eharactcris
1362 260 1387 286 in
1408 260 1481 286 hunc
1496 260 1619 287 modum.

952 824 1056 852 Pro-ter
1080 833 1140 852 eam
1167 815 1257 859 porro
1275 833 1358 860 quam
1383 826 1463 853 alTert
1492 826 1536 853 hic
1561 827 1746 862 Pachymercs

111 864 288 891 admiratione
309 865 414 898 dignus.
441 865 503 891 [huc
524 865 561 891 ibi
582 864 716 899 Georgius
736 865 900 911 hlctocllilai
919 884 937 911 η
954 871 1035 906 hujus
1050 873 1084 898 l'li
1098 871 1226 906 triplicztti
1244 872 1389 904 rationem,
1407 881 1439 899 ex
1462 873 1555 900 divina
1576 873 1745 908 prtenotione

111 917 172 944 quae
192 917 241 936 nos
265 910 389 937 encomia
412 910 498 945 688
522 910 624 938 laudati
645 910 777 941 auctoris.
806 911 900 938 ortho-

111 955 174 982 doxi
191 956 293 990 quippe
309 956 488 988 confessoris.
508 957 553 989 qui
569 961 669 984 tetrum
688 965 702 984 a
714 957 899 985 schismaticis

112 1008 249 1028 carcerem
266 1009 317 1036 pro
333 1001 386 1028 ﬁde
404 1002 554 1036 apostolica
573 1002 694 1029 Romana
709 1003 803 1029 multis
819 1003 899 1030 annis

113 1054 200 1081 usque
231 1047 265 1074 ad
293 1051 409 1074 mortem
439 1047 540 1074 invicm
569 1048 723 1075 constantia
755 1049 897 1080 sustinuit.

111 1097 220 1119 mortuo
238 1093 397 1128 imperatori
424 1097 519 1121 nostro
535 1101 584 1128 pro
607 1094 715 1121 funebri
740 1095 898 1123 laudatione

112 1137 308 1172 impendimus,
338 1139 378 1167 sic
406 1144 489 1174 prout
518 1148 664 1174 possumus
686 1141 900 1173 ἅντιπηκοῦντες

111 1187 310 1218 compensant“
337 1185 527 1213 conviciorum
549 1186 682 1220 plaustra.
716 1195 776 1221 quae
798 1188 900 1222 passim

112 1228 139 1255 in
160 1237 223 1256 eum
239 1229 384 1257 effundunt
398 1230 484 1258 (ἔα-ςιξοί
501 1231 671 1258 schismatici
695 1237 722 1259 et
737 1232 826 1259 Latini
843 1233 900 1260 ha:-

111 1275 208 1307 rctici.
240 1275 389 1310 perfectam
415 1276 450 1303 ab
483 1284 516 1304 eo
543 1277 727 1305 Ecclesiarum
755 1278 902 1307 Orientalis

112 1327 175 1348 cum
191 1321 311 1348 Occidua
329 1322 554 1350 conciliaticnem
577 1322 665 1350 livore
680 1323 810 1351 Satanico
828 1324 901 1352 indi-

113 1371 239 1401 gnantcs.

149 1411 192 1447 [Ρ.
218 1411 281 1448 485]
307 1413 337 1441 Ρ.
360 1414 421 1442 532.
443 1413 568 1450 Sigillum
591 1415 661 1451 quod
681 1415 804 1443 adhibere
832 1416 903 1444 obsi-

130 1530 453 1543 ‘————_—

953 918 1043 944 exitus
1075 917 1215 944 Michaelis
1240 917 1385 953 Palaeologi
1411 919 1537 952 potitant,
1563 919 1647 946 fuisse
1664 919 1745 945 aliam

953 963 1079 997 oportuit
1096 963 1123 989 in
1139 967 1231 990 mente
1244 964 1295 998 ipsi
1310 964 1447 996 Michaeli,
1467 964 1562 999 utique
1579 965 1673 999 ignaro
1689 964 1745 991 dici

952 1017 984 1036 ac
1000 1009 1052 1036 loci
1066 1016 1121 1036 sua:
1133 1009 1239 1040 mortis.
1251 1017 1314 1036 cum
1331 1018 1389 1036 eam
1403 1010 1475 1037 ultro
1489 1018 1521 1037 ac
1537 1011 1626 1038 libens
1640 1017 1747 1036 assunt-

952 1055 1016 1089 psit.
1030 1055 1152 1082 Putarim
1166 1055 1294 1090 equidem
1316 1064 1378 1082 cum
1392 1063 1440 1090 per
1452 1056 1524 1082 istud
1543 1056 1624 1083 tertio
1643 1055 1746 1090 repeti-

953 1104 1010 1127 tum
1029 1101 1064 1126 Ili
1082 1101 1202 1127 voluisse
1217 1101 1338 1128 iudicare
1352 1101 1378 1128 id
1395 1102 1467 1136 quod
1486 1102 1565 1129 initio
1585 1102 1666 1136 hujus
1682 1101 1744 1128 libri

953 1148 1120 1179 monuimus.
1129 1155 1189 1175 esse
1200 1155 1228 1174 se
1244 1148 1425 1183 Palaeologum
1437 1156 1491 1175 non
1503 1157 1536 1175 ex
1551 1153 1628 1183 patre
1643 1149 1744 1179 solum.

952 1193 1000 1221 sed
1027 1195 1109 1220 etiam
1136 1202 1167 1220 ex
1189 1198 1286 1226 matre,
1314 1202 1345 1222 ac
1360 1200 1507 1229 propterea
1526 1195 1623 1229 majori
1653 1195 1746 1222 littera

952 1239 987 1265 Πί
1002 1239 1027 1265 in
1047 1239 1139 1266 medio
1166 1240 1255 1274 posita
1278 1248 1306 1267 se
1328 1241 1416 1275 ipsum
1440 1246 1663 1275 reprzesentasse.
1685 1241 1748 1269 aliis

954 1285 1062 1312 duabus
1079 1293 1094 1312 a
1110 1287 1205 1313 dextra
1239 1291 1266 1313 et
1292 1287 1403 1314 sinistra
1429 1292 1571 1322 parentem
1599 1292 1748 1321 utrumque

954 1332 1187 1366 signiﬁcantibus.
1211 1333 1278 1360 Nam
1304 1332 1485 1368 l‘alzeologum
1514 1333 1671 1367 signiﬁcare
1695 1333 1746 1361 ista

954 1377 999 1410 Πῐ,
1017 1377 1119 1405 indicat
1135 1378 1228 1405 littera
1244 1379 1263 1404 A
1280 1378 1307 1406 in
1324 1384 1421 1406 ventre
1438 1379 1521 1407 medii
1535 1379 1634 1414 posita.

941 1543 1743 1556 -αἭ

512 1641 750 1705 PETRI
805 1641 1113 1708 POSSINI
1151 1643 1216 1709 S.
1273 1646 1334 1707 J.

340 1778 860 1829 OBSERVATIONUM
896 1782 1506 1829 PACHYMERIANARUi/I

632 1895 841 1953 LIBER
890 1895 1225 1968 TERTIUS,

762 2012 1099 2044 CHRONOLOGICUS.

317 2196 400 2233 689
415 2196 447 2233 [P
462 2196 525 2232 485]
543 2195 657 2224 CAPUT
675 2195 696 2223 l.

152 2266 191 2294 De
206 2265 352 2293 nominibus
369 2265 498 2292 mensium
515 2273 531 2291 a
549 2263 711 2299 Puclrymt're
726 2263 869 2298 usurpatis.

153 2337 218 2370 Qua:
239 2339 334 2362 noster
349 2333 507 2365 historicus,
529 2337 629 2367 printer
651 2339 754 2358 morem
771 2339 906 2365 usumque

118 2387 292 2411 caaterorum,
307 2379 334 2405 in
351 2377 491 2405 Iliensibus
508 2377 678 2412 appellandis
693 2378 786 2408 novat,
810 2384 840 2403 ea
854 2376 905 2403 etsi

118 2427 205 2455 videri
216 2429 340 2461 poterant
349 2424 381 2450 ad
391 2423 595 2458 grammaticam
607 2423 744 2459 pertinere
759 2423 904 2453 rationem.

119 2473 164 2500 hic
188 2476 278 2498 tamen
304 2468 467 2503 exponenda
491 2467 582 2502 potius
606 2475 687 2501 qualn
716 2467 742 2494 in
768 2467 907 2494 Glossario

119 2517 233 2554 putavi,
261 2516 325 2550 quia
348 2522 472 2543 errorem
500 2514 528 2540 in
554 2512 732 2547 chronologia
757 2512 907 2540 obtrudere

120 2563 214 2592 lectori
237 2565 364 2597 poterant
393 2560 445 2587 nisi
470 2560 504 2587 de
527 2560 559 2586 iis
579 2564 807 2594 praemoneretur.
836 2558 904 2586 Cum

118 2611 192 2638 enim
207 2610 268 2644 quis
287 2607 405 2642 exempli
422 2606 511 2642 gratia
525 2606 630 2641 legeret
651 2606 841 2640 inauguratum
857 2605 908 2632 im-

119 2661 274 2691 peratorem
300 2653 463 2682 lllithaelcm
488 2651 633 2680 neomcnia
658 2651 906 2684 llecatontbzeonis,

119 2702 165 2729 vix
187 2705 288 2737 posset,
309 2700 383 2728 veris
403 2706 435 2726 ac
454 2697 570 2733 vulgatis
587 2703 794 2733 praeoccupatus
815 2698 906 2724 notio-

120 2749 212 2780 nibus,
235 2747 309 2774 aliud
332 2747 424 2773 animo
439 2745 576 2780 subjicere
593 2751 674 2779 quam
689 2743 764 2771 Junii
781 2747 830 2770 aut
842 2743 908 2771 .lulii

70 2819 74 2823 .
120 2794 223 2820 mensis
239 2793 265 2820 id
289 2791 420 2820 Kalendis
435 2791 548 2818 factum.
565 2790 648 2824 Atqui
661 2782 768 2817 erraret
789 2790 826 2816 ita
846 2797 908 2816 crc-

120 2837 189 2865 dcns
209 2842 266 2864 toto
279 2837 361 2869 caelo,
376 2841 403 2864 et
420 2836 544 2863 brumam
564 2835 590 2862 in
611 2835 757 2862 solstitium
771 2835 907 2867 mstivum,

121 2883 279 2912 Ianuarium
293 2882 319 2910 in
339 2882 489 2916 Quintilem
511 2885 612 2909 temch
637 2881 807 2909 transferret.
826 2881 906 2909 Edis-

918 2196 941 2227 C
957 2197 1065 2220 seratur
1084 2192 1128 2219 hic
1145 2191 1228 2227 igitur
1244 2191 1271 2218 in
1287 2191 1384 2218 limine
1402 2191 1618 2226 I‘achymeriana
1636 2194 1761 2220 nomctr'

961 2239 1043 2265 elatio
1058 2238 1205 2269 mensium,
1220 2245 1254 2264 nc
1267 2244 1320 2272 qua
1337 2236 1456 2271 cuipiam
1469 2238 1496 2264 in
1510 2237 1562 2264 hoc
1575 2245 1677 2273 genere
1692 2238 1752 2266 hal-

961 2284 1092 2311 lucinatio
1107 2283 1232 2318 obrepat.

996 2331 1301 2365 ΕΚΑΤΟΜΒΑΙΩΝ,ρ.
1322 2330 1366 2362 96,
1389 2330 1626 2365 Ἐκατομὸαιῶνος
1651 2339 1754 2366 νουμη-

959 2375 1055 2402 νία.Ιη
1083 2375 1206 2410 margine
1235 2376 1380 2410 utriusque
1412 2376 1546 2403 codicisB
1559 2382 1586 2404 et
1603 2377 1624 2404 A
1640 2382 1754 2404 notatur

967 2421 1144 2456 ‘lavouaptou,
1157 2421 1230 2456 quod
1246 2422 1334 2450 solum
1352 2422 1379 2449 in
1393 2427 1523 2449 contextu
1539 2422 1686 2451 Vaticanus
1703 2431 1754 2450 ex-

961 2469 1067 2503 primit.
1080 2469 1212 2503 ldcmque
1229 2473 1390 2496 constanter
1405 2469 1570 2496 observatur
1593 2470 1753 2504 ubicunque

960 2515 1028 2542 alias
1046 2514 1284 2549 Ἑκατομϐαιῶνος
1301 2522 1400 2542 nomen
1413 2515 1535 2550 ponitur.
1546 2515 1755 2551 Ἐκατομῦαιὼν

962 2561 1126 2588 Vocabulum
1150 2561 1296 2595 antiquum
1322 2565 1364 2588 est
1395 2561 1476 2596 primi
1505 2562 1608 2589 mensis
1635 2563 1662 2589 in
1681 2570 1754 2589 anno

961 2606 1063 2637 Attico.
1075 2606 1110 2633 ab
1122 2605 1292 2632 hecatotnbis
1305 2605 1362 2632 sive
1375 2606 1518 2633 sacriﬁciis
1533 2612 1643 2633 centum
1658 2607 1753 2638 boum,

963 2660 1023 2688 qum
1040 2651 1216 2687 auspicandis
1234 2652 1300 2678 anni
1319 2651 1382 2678 novi
1405 2651 1536 2679 Kalendis
1558 2651 1675 2679 solemni
1698 2652 1753 2679 ritu

964 2699 1076 2731 ﬁebant,
1088 2698 1248 2726 deductum.
1264 2697 1352 2725 Verus
1368 2697 1396 2724 in
1412 2697 1474 2725 ραιΙὶ
1489 2698 1597 2725 ratione
1609 2699 1680 2725 situs
1693 2697 1756 2724 hu—

958 2745 1004 2779 jus
1016 2744 1129 2776 mensis,
1141 2748 1170 2770 ut
1181 2743 1241 2771 l‘use
1252 2743 1425 2771 demonstrat
1437 2743 1614 2771 doctissimus
1628 2743 1761 2771 Petaviul'

963 2795 1019 2818 tota
1034 2790 1222 2825 descriptione
1240 2791 1304 2817 anni
1327 2790 1424 2823 Attici,
1440 2790 1592 2825 praesertim
1609 2797 1633 2818 e.
1649 2790 1692 2822 il,
1706 2790 1726 2817 l.
1743 2794 1754 2818 ι

964 2835 1002 2862 De
1013 2835 1135 2862 doctrina
1157 2839 1315 2870 temporum,
1337 2835 1390 2862 l'uit
1413 2835 1487 2862 circa
1503 2835 1607 2870 τροπὰς
1624 2835 1735 2870 θερινὰς
1747 2848 1761 2868 τ

963 2879 1102 2908 solstitium
1119 2881 1248 2909 a’sllt'ttm.
1270 2880 1345 2909 Unde
1363 2879 1450 2908 Graeci
1475 2884 1603 2908 auctores
1626 2879 1732 2909 classici
1746 2892 1760 2914 κ
