1931 3069
203 147 267 181 llrl

650 155 681 186 Γ.
704 156 853 186 POSSlNl
873 156 1195 188 OBSERVATIONUM
1217 158 1289 188 LIB.
1311 159 1366 190 llI.

1765 162 1830 192 lli!

200 207 246 240 qui
261 214 304 233 res
321 207 455 236 Romanas
471 214 637 241 tractarunt,
652 209 906 238 Hecatombmonem
927 219 989 238 cum
1007 213 1026 238 Α
1041 211 1141 238 festum
1159 217 1280 246 agerent.
1298 213 1404 247 putarit
1420 214 1527 241 erudite
1543 222 1572 242 se
1588 215 1723 243 facturum
1743 218 1764 244 si
1782 227 1831 244 an-

200 259 293 279 mense
307 253 407 280 Juliani
424 255 486 281 anni
502 255 584 282 Junio
597 255 653 282 fere
668 262 839 291 comparant,
853 257 984 284 Januario

200 302 290 324 autem
308 298 415 325 Juliano
438 301 528 333 potius
550 300 735 327 Gantelionem
759 305 912 336 opponunt.
931 301 986 327 llc~

199 344 334 371 coutiorcs
351 350 441 371 atttcm
462 345 544 380 690
562 347 716 381 expellitius
732 347 854 374 Romana
873 348 985 373 nomina

198 388 299 416 Graecis
315 390 416 416 litteris
439 392 608 425 exprimunt,
642 392 819 426 Ἰανουάριον,
849 392 988 427 Φεϐρουά-

200 442 266 468 ριον.
283 428 413 469 Μαρτιον,
439 441 466 462 et
484 436 524 462 sic
537 436 579 467 _dc
596 437 703 463 ceteris
720 437 873 464 scribentes
895 446 901 463 :
925 444 987 463 nam

197 479 299 513 alioqui
321 479 406 507 Caeci
425 489 533 508 Ilienses
557 482 668 508 lunares
691 487 786 509 exacte
812 482 984 517 respondere

197 524 313 551 Julianis
325 525 436 553 minime
450 526 592 554 lunaribus
605 531 755 561 nequeunt.
775 527 873 554 Nostro
892 532 985 554 tamen

197 570 358 606 Pacbymeri
376 571 463 598 visunt
479 578 520 599 est
536 573 604 599 nulli
626 574 718 600 tritam
742 578 865 600 veterum
881 577 927 599 aut
939 573 986 608 ju-

197 616 306 644 niorum
321 618 390 644 viam
407 618 587 646 insistereAc
603 628 664 646 eum
681 620 737 646 fere
747 620 838 646 cmteri
852 619 988 653 Ἑκατομ-

197 661 314 693 ϐαιῶνος
329 670 396 689 voce
421 663 534 690 Junium
552 669 598 690 aut
622 665 724 692 Julinm
749 665 904 700 designent,
936 665 988 700 ipsi

197 705 281 733 libuit
303 706 331 734 id
360 715 460 733 nomen
487 707 617 734 Januario
642 708 773 735 tribuere.
799 709 828 734 ln
844 715 899 742 quo
921 708 988 734 satis

197 757 311 786 apparet
337 760 418 786 qtmm
449 753 584 779 rationem
609 753 645 780 sit
672 759 796 780 secutus.
821 753 890 786 Quia
914 753 989 779 cnim

196 799 316 833 primum
328 799 391 825 anni
416 799 498 826 Attici
516 808 637 827 mensem
659 800 890 833 Ἑκατομϐαιῶνα
919 800 988 826 scic-

195 843 242 871 bat
259 843 290 879 [Ρ
309 843 370 880 486]
385 844 500 876 dictum,
517 844 568 871 isto
583 852 692 879 quoque
714 845 848 871 vocabulo
873 844 913 871 fas
935 844 987 872 sibi

195 890 302 924 putavit
319 891 436 924 primum
456 888 519 916 item
541 890 657 917 Romani
673 890 736 916 anni
756 897 877 916 mensem
894 890 987 924 appel-
1003 879 1026 908 Β

195 934 261 966 lare,
279 944 374 970 parum
394 941 487 962 curato
503 935 663 962 discriminc
682 940 888 970 tempestatum.
900 937 936 962 Ae
952 936 990 962 si-

197 981 290 1008 milem
317 982 343 1008 in
369 981 484 1008 aliorum
513 982 594 1008 etiam
623 982 830 1008 nomenclatura
854 983 990 1008 mensium

197 1028 336 1054 licentiam
352 1035 490 1061 usurpans
505 1026 678 1061 implicuerat
693 1027 810 1054 lectores
828 1035 891 1054 suos
903 1027 990 1054 ambi-

195 1071 298 1105 guitate
327 1071 558 1104 perincommoda,
574 1072 624 1097 nisi
638 1072 697 1106 ejus
712 1071 815 1098 librarii
834 1072 988 1098 succurris-

195 1121 257 1143 sent
273 1117 394 1143 notando
412 1117 470 1143 fere
486 1117 588 1151 ubique
604 1117 631 1144 in
647 1125 695 1144 ora
714 1117 843 1152 marginis
859 1125 923 1145 vero
940 1125 989 1145 no-

196 1161 269 1187 mine
284 1162 388 1188 mensis
403 1162 527 1188 iudicati.

230 1208 405 1240 ΑΗΛΆΙΩΝ,
420 1216 445 1241 p.
463 1207 524 1235 506.
546 1208 576 1234 'll
595 1209 677 1243 μηνδις
693 1209 847 1243 Ληναιῶνος
863 1208 986 1244 δευτέρα.

195 1252 224 1279 ln
241 1254 360 1288 margine
372 1254 514 1280 amborum
528 1255 695 1288 optimorum
712 1255 792 1281 codd.
806 1255 826 1281 Β
840 1259 866 1282 et
880 1255 901 1282 A
913 1260 941 1282 et
957 1257 985 1282 in

195 1303 324 1325 eoatcx'u
342 1299 360 1325 V
376 1299 561 1334 Φεϐρουαρίῳ)
585 1301 727 1327 scribitur.
749 1301 787 1328 Ac
803 1309 846 1328 res
867 1302 924 1336 ipsa
947 1302 987 1328 lo-

195 1345 289 1376 quitur
309 1343 488 1371 Februarium
510 1345 554 1371 hic
576 1345 689 1379 signari,
705 1346 784 1381 cujus
799 1346 844 1372 die.
867 1346 987 1373 secunda

195 1390 293 1417 festum
305 1391 493 1426 ’Υπατταντῆς,
507 1392 580 1427 quod
597 1390 819 1420 Purilicationem
834 1394 917 1421 beata:
925 1395 988 1421 Dei-

195 1443 267 1470 parze
291 1436 378 1463 Latini
403 1437 531 1469 dicimus,
558 1439 693 1465 celebrari
720 1440 895 1468 manifestum
924 1446 985 1468 est.

196 1481 233 1508 De
255 1481 307 1508 hoc
327 1487 418 1509 autem
442 1483 511 1510 testo
534 1483 578 1511 hic
603 1489 697 1511 uoster
720 1486 776 1520 agit
800 1487 984 1513 nominatim.

197 1525 273 1554 Unde
295 1532 389 1554 autem
414 1529 440 1555 in
458 1535 578 1557 mentem
599 1530 650 1564 ipsi
666 1531 773 1558 venerit
800 1531 983 1559 Februarium

193 1573 341 1608 Ληναιῶνα
360 1581 470 1604 Voearc.
488 1574 608 1602 dillicilis
625 1577 785 1611 conjectura
802 1582 864 1604 est:
892 1586 983 1612 neque

193 1619 266 1646 enim
293 1619 366 1646 ullus
380 1621 533 1648 Atticorum
561 1622 643 1657 vulgo
665 1628 880 1651 memoratarum
896 1632 927 1651 ac
951 1633 985 1652 ne

193 1666 431 1695 Macedonicorum
443 1668 564 1702 quidem,
577 1669 795 1704 Bithynieorum,
806 1671 983 1706 Pythicorum

193 1718 241 1739 aut
257 1713 371 1740 omnino
398 1714 482 1742 ullius
497 1715 590 1742 Graece
615 1716 714 1743 locuta:
737 1717 826 1751 gentis
848 1718 983 1745 mensium

195 1759 247 1786 hoc
261 1768 371 1792 nomen,
392 1761 464 1796 quod
482 1762 577 1794 sciam,
598 1762 659 1790 fuit.
680 1763 782 1790 Scribit
803 1765 911 1798 quidem
933 1765 984 1791 Pe-

194 1806 294 1837 tavius,
310 1807 329 1834 Ι.
344 1815 352 1833 ι
374 1807 410 1833 De
429 1807 502 1834 Doct.
520 1813 599 1843 temp.
611 1827 618 1839 ,
635 1816 660 1835 c.
680 1809 725 1838 5t.
743 1810 891 1836 Βουκάτιο)
905 1810 985 1837 Boeo-

193 1855 284 1877 torum
300 1853 417 1885 primucu
441 1860 563 1880 mensem
584 1853 728 1887 Ληναιῶνα
741 1855 833 1881 vocari
850 1855 883 1881 ab
898 1855 984 1890 llcsy-

193 1896 267 1923 chio.
285 1897 407 1929 Verum,
428 1898 501 1931 quod
521 1898 573 1925 viri
595 1899 695 1926 summi
718 1907 784 1933 pace
805 1900 933 1932 dixerim,
957 1901 983 1928 id

191 1941 263 1975 apud
280 1940 445 1975 Hesychium
464 1950 518 1969 non
541 1943 611 1977 lego,
632 1943 692 1970 loco
707 1951 788 1978 quem
805 1945 862 1978 ipse
878 1945 982 1978 citavit,

190 1987 276 2014 Verbo
292 1987 398 2014 scilicet
410 1988 548 2022 Ληναιὼν,
567 1989 612 2015 ubi
626 1996 724 2016 contra
737 1990 775 2017 sic
788 1990 921 2025 scriptum
938 1999 985 2018 ex-

191 2037 262 2059 stat:
290 2033 417 2067 Ληναιὼν
443 2035 518 2069 μήν.
545 2035 646 2061 Οὐδένα
673 2036 727 2062 τῶν
755 2037 848 2072 μηνῶν
870 2038 983 2065 Βοιωτοὶ

190 2078 262 2105 οὕτω
274 2079 414 2107 καλοῦσιν.
434 2081 547 2113 Εἱκάζει
564 2083 591 2108 δὲ
604 2083 616 2108 ὁ
632 2082 806 2118 Πλούταρχος
820 2083 981 2111 Βουκάτιον

191 2126 237 2152 καὶ
257 2127 311 2160 γὰρ
330 2126 433 2162 ψυχρός
455 2129 539 2155 ἐστιν.
563 2129 649 2155 Ἔνιοι
665 2129 694 2155 δὲ
711 2129 757 2155 τὸν
783 2130 933 2164 Ἑρμαῖον,
953 2131 982 2163 ὃς

191 2173 262 2206 μετὰ
278 2173 426 2200 Βουκάτιόν
447 2174 531 2201 ἐστιν·
554 2175 602 2202 καὶ
620 2176 675 2211 γὰρ
699 2176 837 2210 Ἀθηναῖοι
859 2178 908 2210 τὴν
927 2177 982 2203 τῶν

188 2219 316 2254 Δηναίων
332 2220 428 2256 ἑορτὴν
442 2221 470 2248 ὲν
485 2221 559 2256 αὐτῷ
574 2223 697 2255 ἄγουσιν,
718 2223 775 2250 Hoc
792 2227 851 2249 est:
866 2223 977 2251 Lemnon

187 2265 293 2291 mensis.
306 2265 414 2292 Nullum
431 2267 559 2294 mensium
572 2267 654 2295 Πανοιί
663 2269 701 2295 sic
712 2268 860 2303 appellant.
872 2269 975 2296 Iudicat

187 2315 278 2337 autem
303 2310 464 2339 Plu/archus
484 2313 640 2341 Bucolium:
660 2323 721 2342 nam
745 2320 768 2341 et
785 2316 896 2350 frigidus
915 2321 951 2344 est
968 2336 975 2344 .

186 2356 276 2392 Aliqui
287 2366 347 2384 vero
356 2358 516 2392 Hermwum,
535 2362 579 2395 qui
593 2366 649 2396 post
664 2361 804 2389 Bucalium
816 2367 868 2392 est:
882 2365 977 2391 etenim

185 2405 355 2433 Athenienses
377 2405 532 2434 Lemtorum
547 2409 644 2442 festum
662 2410 690 2436 in
709 2411 765 2444 ipso
788 2414 882 2445 agunt.
900 2411 978 2438 llunc

185 2449 277 2477 locum
302 2451 429 2487 llesycbii
454 2452 599 2487 descripsi.
626 2455 690 2489 quia
717 2463 751 2482 ex
777 2455 824 2482 illo
853 2456 978 2490 suspicor

185 2496 306 2524 oblatam
325 2499 499 2526 occasionem
520 2498 681 2535 Pacbymcri
700 2501 834 2529 Lenazona
852 2502 976 2529 Februa-

186 2543 259 2570 rium
275 2543 401 2572 roeandi.
420 2545 555 2572 Nimirum
573 2553 634 2573 cum
653 2546 715 2574 inde
729 2552 822 2574 noster
836 2547 977 2575 didicisset

184 2588 336 2616 secundum
353 2589 532 2618 Thebanorum
549 2599 668 2619 mensem
687 2593 732 2627 qui
749 2593 890 2621 Bueatium
909 2594 974 2621 anni

185 2634 309 2661 Thebani
320 2641 401 2670 caput
410 2637 501 2663 statim
515 2639 641 2673 sequitur
650 2643 678 2666 et
695 2639 825 2673 Ἑρμαῖος
835 2639 972 2667 Hennam

184 2687 285 2707 nomen
310 2680 403 2713 habet,
428 2682 567 2717 aliquibus
587 2684 674 2711 videri
697 2684 840 2712 Lenmonis
860 2693 970 2720 quoque

184 2726 270 2752 verbo
284 2726 468 2761 designatum.
486 2728 589 2756 idcirco
609 2729 682 2764 quod
703 2730 775 2757 circa
796 2734 904 2764 tempus
924 2737 967 2757 se-

184 2770 269 2797 cundi
292 2772 394 2799 mensis
417 2773 573 2802 Bazotorum
601 2774 784 2804 Athenienses
809 2775 969 2804 Lenaeorum

219 2859 253 2890 (‘)
264 2860 299 2884 Cl,
314 2860 419 2886 Glossar.
433 2861 538 2887 alterum
551 2871 571 2888 ν.
586 2864 704 2892 Ληναεὼν.

1038 264 1095 283 sam
1119 265 1151 283 ex
1176 265 1209 284 co
1225 259 1361 287 arrioerct
1384 260 1497 287 secundi
1515 261 1702 288 Romanorum
1729 265 1831 291 mensis

1038 302 1135 329 eodem
1157 303 1301 331 Lena‘onis
1318 305 1453 332 vocabulo
1473 307 1611 341 Signandi.
1631 308 1692 335 llare
1712 309 1831 343 scripse-

1039 356 1096 374 ram
1122 356 1183 376 Clllll
1201 350 1285 377 incidi
1310 351 1337 378 in
1363 351 1452 378 locum
1478 353 1712 387 llarpocrationis.
1735 355 1780 381 ubi
1802 356 1829 382 iu

1039 394 1242 429 Diagramutate
1260 398 1396 424 mensium
1413 399 1566 426 Atticorum
1585 401 1830 436 Romanorumque

1039 441 1190 475 Ληναιὼνό
1201 443 1248 468 καὶ
1258 443 1408 470 Ποσειδεὼν
1424 445 1504 479 691
1520 453 1534 471 α
1550 447 1661 481 regione
1675 449 1828 482 opponitur

1039 487 1224 522 Φεϐρουαρίῳ.
1249 489 1276 516 ld
1294 494 1420 518 secutum
1446 492 1498 519 hoc
1514 492 1575 520 loco
1598 498 1723 521 nostrum
1741 495 1830 522 credi-

1040 533 1122 561 bilius
1145 539 1188 561 cst
1205 534 1248 570 (').

1075 581 1246 609 ΚΡΟΛἸΟΣ.
1274 581 1439 610 Constanter
1452 583 1505 611 hoc
1521 585 1632 613 nomine
1647 587 1832 617 Paehvmcres

1041 627 1166 655 Martium
1193 636 1312 656 mensem
1331 630 1468 665 indigitat.
1485 632 1552 658 Nam
1582 641 1609 667 p.
1637 633 1701 665 ΞΗ,
1719 634 1766 660 ubi
1793 635 1832 662 sic

1040 674 1174 708 scriptum
1185 679 1243 701 est:
1254 675 1306 702 Τοῦ
1316 676 1337 702 δ’
1348 676 1430 702 αὑτοῦ
1446 677 1521 709 ἔτους
1537 679 1622 712 μηνὸς
1637 680 1767 714 Κρονίου,
1779 681 1832 706 τῶν

1042 720 1122 746 θείων
1136 720 1248 755 ἡμερῶν
1274 721 1322 756 τῆς
1351 723 1480 756 νηστείας
1503 724 1688 759 τελουμένων,
1715 731 1832 760 uterque

1040 773 1073 793 co
1086 766 1127 793 lex
1139 766 1158 792 Β
1173 771 1201 793 et
1218 766 1239 794 A
1259 775 1274 794 e
1301 768 1413 802 regione
1431 770 1507 796 vocis
1534 771 1648 804 Κρονίου
1666 771 1692 798 in
1710 773 1833 806 margine

1042 817 1157 840 annotat
1173 814 1316 848 Μαρτίους
1331 819 1359 841 et
1375 815 1472 850 jejunii
1497 817 1709 852 quadragenarii
1730 819 1833 845 mentio

1042 859 1069 885 in
1086 866 1150 885 eum
1173 867 1297 887 mensem
1325 861 1499 889 iucurrcutis
1516 863 1596 897 plane
1617 864 1706 892 Martii
1733 865 1832 892 chara-

1043 910 1145 932 cterem
1159 906 1250 934 habet.
1266 907 1399 935 Praeterea
1414 917 1441 943 p.
1463 909 1524 942 555.
1544 911 1576 937 ad
1603 919 1635 938 ea
1660 911 1745 938 verba
1763 913 1833 947 Κρο-

1043 951 1100 977 νίου
1116 952 1200 986 μηνὸς
1223 954 1377 985 ἐνστάντος,
1408 960 1524 989 uterque
1544 957 1630 984 codex
1649 958 1683 984 ad
1708 966 1785 985 oram
1802 959 1833 985 li-

1043 997 1084 1024 bri
1100 998 1224 1033 Μάρτιον
1238 999 1312 1026 clare
1325 1001 1458 1028 nominat.
1478 1002 1565 1030 Vatic.
1583 1011 1694 1038 quoque
1706 1005 1740 1031 de
1757 1012 1833 1032 more

1042 1043 1168 1079 Μαρτίου
1188 1052 1237 1079 pro
1253 1046 1371 1079 Κρονίου
1398 1047 1424 1073 in
1453 1053 1582 1075 contextu
1610 1050 1738 1077 collocat.
1754 1051 1832 1082 Quod

1042 1089 1107 1116 item
1124 1089 1188 1117 facit
1202 1099 1229 1125 p.
1246 1091 1307 1123 596,
1327 1092 1372 1118 ubi
1392 1093 1448 1120 hcce
1467 1094 1584 1121 aliorum
1603 1095 1731 1122 codicum
1749 1098 1832 1124 verba

1042 1135 1157 1170 Κρονίου
1175 1136 1327 1171 ἀρχομένου
1354 1139 1448 1172 μηνὸς,
1465 1139 1523 1174 ipse
1538 1140 1628 1168 reddit
1641 1142 1768 1176 Μαρτίου
1787 1143 1833 1177 ἁρ-

1041 1181 1159 1215 χομένου
1188 1183 1282 1217 μηνός.
1308 1183 1344 1211 Ut
1362 1185 1506 1212 dubitandi
1525 1187 1603 1214 locus
1625 1196 1680 1215 non
1709 1189 1832 1223 supersit

1041 1226 1107 1260 quin
1126 1226 1239 1254 Martius
1258 1230 1359 1256 mensis
1378 1230 1403 1256 in
1431 1231 1480 1257 hac
1496 1231 1612 1258 historia
1628 1233 1739 1259 dicatur
1762 1234 1832 1267 [ipi-

1041 1281 1105 1304 νιος.
1129 1273 1182 1300 Sed
1201 1282 1282 1308 quam
1306 1276 1481 1304 manifestum
1501 1278 1614 1310 factum,
1631 1283 1687 1306 tam
1713 1280 1832 1308 obscura

1040 1319 1104 1346 lacti
1121 1327 1203 1347 causa
1219 1327 1269 1349 eSI.
1283 1321 1354 1354 Quid
1375 1323 1447 1350 enim
1475 1324 1623 1353 verisimile
1636 1327 1832 1355 comminisca-
1867 1333 1870 1335 λ

1040 1373 1101 1392 mur
1117 1374 1168 1392 cur
1184 1367 1289 1400 primus
1304 1373 1330 1395 et
1357 1377 1428 1396 unus
1446 1370 1628 1405 Pacbymcres
1644 1380 1738 1400 vocem
1763 1375 1833 1408 Κρά-

1039 1419 1096 1442 νιος
1128 1412 1154 1438 in
1183 1412 1353 1447 ignotissima
1382 1416 1480 1448 priscis
1504 1416 1582 1451 juxta
1612 1418 1831 1454 recentibusque

1039 1457 1152 1485 notione
1168 1460 1344 1493 usurpaverit
1356 1461 1367 1486 ?
1379 1461 1446 1487 Dum
1462 1462 1535 1489 aliud
1550 1465 1735 1498 opportunius
1748 1474 1831 1499 sagax

1038 1503 1125 1530 lector
1139 1505 1276 1539 expediet.
1289 1513 1339 1540 ego
1356 1507 1517 1541 suspicabar
1531 1514 1667 1540 nostrum,
1681 1518 1743 1537 cum
1760 1511 1831 1538 forte

999 1553 1021 1580 ο
1040 1549 1154 1576 vidisset
1170 1550 1196 1577 in
1223 1551 1448 1586 llarpocrationis
1477 1553 1675 1588 Diagramntate
1693 1558 1830 1585 mensium

996 2218 1016 2246 D

1037 1595 1168 1629 superius
1192 1596 1307 1624 laudato
1344 1598 1568 1627 llecatombtconi
1597 1609 1646 1635 pro
1676 1609 1832 1638 synonyma

1037 1641 1168 1669 Cronium
1196 1643 1309 1677 apponi,
1337 1649 1364 1671 ct
1391 1640 1501 1673 aliunde
1516 1647 1599 1674 sciret
1618 1647 1745 1675 Martium
1764 1650 1830 1678 olim

1037 1687 1121 1715 fuisse
1139 1689 1257 1722 primum
1275 1690 1338 1717 anni
1359 1689 1474 1719 Romani
1503 1700 1626 1720 mensem
1644 1694 1731 1729 (juxta
1760 1695 1830 1722 illud

1037 1734 1210 1761 uilissimum
1226 1735 1326 1763 Tibulli
1341 1745 1348 1764 :

1071 1790 1103 1826 [Ρ
1119 1790 1181 1828 48η
1198 1791 1292 1818 Martis
1310 1793 1422 1821 Romani
1436 1795 1507 1828 {estw
1523 1803 1616 1822 venere
1641 1795 1791 1825 Kulcna’w:

1155 1826 1280 1854 Καθ’-ἕρπε
1295 1830 1390 1855 nostris
1407 1826 1446 1855 liii:
1463 1831 1510 1864 [uit
1525 1839 1610 1858 minus
1627 1831 1705 1867 aris),

1036 1870 1084 1898 sed
1112 1876 1208 1905 pestea
1228 1872 1330 1900 additis
1355 1873 1512 1902 decimestri
1530 1884 1602 1902 anno
1619 1877 1731 1904 duobus
1752 1886 1830 1905 mcu—

1035 1917 1113 1944 sibus
1130 1917 1261 1945 honorem
1273 1919 1390 1947 ducendi
1406 1928 1507 1948 annum
1529 1922 1659 1950 Januario
1677 1925 1827 1958 tributum.

1037 1963 1245 1999 Paebymerem.
1270 1965 1392 2000 inquam,
1419 1967 1471 1995 hoc
1499 1976 1528 1995 se
1558 1977 1639 1997 nosse
1661 1972 1828 2005 gestientcm

1036 2015 1186 2043 ostentare,
1204 2012 1312 2039 duobus
1330 2013 1470 2042 mensibus
1486 2017 1563 2050 quasi
1579 2017 1612 2043 de
1630 2017 1750 2051 primatu
1769 2027 1831 2046 ecr-

1035 2057 1158 2083 tantibus
1177 2058 1204 2084 in
1221 2057 1346 2086 Romano
1360 2068 1444 2093 anno,
1468 2063 1601 2090 voeabula
1619 2064 1674 2091 duo
1695 2066 1828 2094 dirisisse

1033 2110 1095 2137 quae
1119 2103 1203 2130 Attici
1231 2105 1295 2131 anni
1324 2106 1412 2140 primo
1429 2109 1515 2136 mensi
1540 2110 1733 2138 convenirent.
1761 2113 1827 2140 Dia-

1035 2155 1158 2182 gramma
1184 2149 1251 2177 illud
1281 2152 1366 2178 semel
1391 2152 1437 2180 hic
1461 2153 1618 2183 describere
1643 2159 1711 2184 tanti
1734 2158 1827 2186 risum

1035 2197 1087 2220 est.

1142 2241 1290 2275 Ὀνόματα
1304 2243 1412 2277 μηνῶν
1428 2245 1505 2272 κατὰ
1528 2246 1714 2282 Ἀθηναίους.

1071 2296 1301 2332 Ἐκατομϐαιὼνὸ
1311 2299 1358 2325 καὶ
1372 2299 1443 2334 Κρό-
1478 2303 1491 2328 ὁ
1506 2302 1694 2338 Σεπτέμϐριος

1066 2340 1123 2372 ’έξοί
1260 2367 1266 2372 _
1478 2338 1491 2363 ὁ
1507 2337 1675 2372 Ὃκτώίῐρὶος

1066 2367 1272 2409 Ῑὲεταγςιῖνειὼ
1476 2374 1490 2398 ὁ
1508 2367 1678 2409 Δεκέίιέριοξ

1068 2402 1229 2444 Πυανεψιῶνα
1259 2438 1265 2444 1
1513 2402 1681 2444 flavo-05pm;

1065 2436 1312 2478 Ιξῐαιμαικτηριιῖξνκ
1374 2475 1384 2478 _
1413 2475 1418 2478 _
1477 2443 1491 2468 ὁ
1507 2436 1692 2478 Φεῦρουᾶριος

1064 2472 1193 2513 {invath
1207 2473 1219 2498 ὁ
1232 2474 1277 2500 καὶ
1290 2474 1441 2503 Ποσειδεὼν
1480 2478 1493 2502 ὁ
1509 2472 1635 2513 Μάρτιοξ

1065 2506 1215 2547 Pagnium
1242 2543 1248 2547 _
1479 2513 1492 2538 6
1511 2506 1669 2547 Ἀτέρίλλιος

1070 2541 1145 2580 Ἁνθέ
1152 2543 1270 2580 σῖηριῷν
1478 2548 1491 2573 ὸ
1511 2541 1599 2580 Maio;

1064 2576 1268 2616 Ἐλαφηϐολιών
1476 2584 1490 2608 ὁ
1517 2576 1628 2616 Ἰούνίος

1064 2612 1227 2652 ΙχῙουνυχιῲν
1477 2618 1491 2643 ὁ
1509 2612 1622 2652 Ἰούλιοξ

1063 2647 1228 2689 gap-179tth
1238 2683 1244 2689 Ι
1478 2653 1492 2679 ὁ
1511 2647 1670 2689 Δῦγουᾶτος

1061 2683 1266 2718 Σκιρροφοριὼν

1058 2729 1140 2765 692
1158 2732 1398 2760 ΒΟΗΔΡΟΜΙΩΝ.
1413 2741 1440 2768 p.
1456 2733 1510 2761 257
1525 2734 1729 2770 Βοηδρομιῶνος
1743 2737 1823 2766 ἱστα-

1028 2776 1120 2811 μένου.
1141 2772 1262 2812 Uterquc
1278 2777 1340 2806 cod.
1365 2778 1384 2805 Β
1398 2784 1426 2806 et
1449 2781 1471 2807 Α
1501 2780 1528 2807 in
1552 2788 1599 2808 ora
1624 2781 1686 2808 libri
1705 2782 1820 2818 Ἀπριλ-
