1931 3069
122 114 192 147 11.37

771 114 820 143 Cll
827 90 1104 144 llthOLOGKiUS.

1691 116 1757 148 ltSS

122 170 207 204 polita
225 169 332 199 scribit,
352 176 378 202 p.
397 168 430 195 57
445 177 452 194 :
469 167 610 201 Πέφοακεν
635 168 647 194 ὁ
663 169 833 203 πατριὶρχης
853 169 906 194 Mr

967 176 998 193 t‘t)
1023 168 1081 203 ipso
1099 169 1171 202 quod
1189 168 1425 203 prtcsiguiftcatan‘t
1443 169 1487 196 ilia
1503 169 1598 204 eelipsi
1613 170 1754 197 Theodori

121 217 203 251 νουὴλ
221 216 319 250 μικρὸν
335 223 361 241 τι
386 214 433 241 τοῦ
456 215 589 250 βασιλέως
612 214 739 241 Ἰωάννου
766 215 912 249 προτελευ-

120 263 212 295 ’δῆσαι¹
238 261 348 288 Munna!
368 261 521 296 patriarcha
540 261 621 296 paulo
645 267 708 288 ante
724 261 834 288 Joannis
850 263 912 288 Λιι-

119 310 190 344 gusti
205 313 315 334 "tortam
331 308 488 334 decrsccrut.
509 307 691 334 Aceesseruut
703 307 912 335 deliberationis

120 356 148 382 in
162 356 312 390 qumrcndo
333 355 415 389 digno
439 362 540 386 mone,
565 359 592 381 et
609 360 670 388 post
694 355 911 389 designationem

120 401 267 435 Nieepltori
295 401 454 428 Blenunida:
484 401 567 436 hujus
594 401 742 433 recusatio,
767 401 818 428 sub
840 402 911 429 ltauc

120 447 291 473 consultatio
309 454 378 473 nera
394 455 400 474 :
419 452 445 474 ct
465 452 526 480 post
541 448 641 474 multos
657 446 795 481 sigillatint
808 455 910 482 expett-

119 499 184 525 sos,
208 493 255 526 qui
280 492 365 519 variis
396 492 429 519 de
455 492 546 519 causis
574 500 627 519 non
652 493 815 526 placuerunt
839 501 910 520 novo

119 538 248 572 principi,
273 538 374 565 electio
403 538 530 564 monachi
553 538 660 565 Arscnii
679 539 860 573 cvecatioque
876 547 909 566 ex

120 583 290 610 monasterio
308 581 361 609 sito
377 582 409 609 ad
427 583 616 616 Apolloniatlis
633 583 733 614 lacutn,
750 582 812 609 inde
828 583 909 618 hujus

118 637 261 656 sacrarunt
283 629 413 655 ordinum
433 628 556 662 expertis
576 629 694 655 ittitiatio
712 636 759 663 per
772 629 873 662 gradus
893 637 907 656 a

118 676 265 702 diaconatu
283 674 316 702 ad
345 674 561 709 patriarchatunt
585 682 637 701 una
666 674 838 702 hebdomade
861 675 910 702 de—

119 725 276 755 properata.
303 720 364 746 lla-e
390 719 468 746 facile
484 723 570 746 totum
586 719 771 747 Noretnbrcm
788 725 908 755 partem-

119 773 174 800 que
188 765 348 792 Decembris
361 770 520 797 tettueruttt,
530 766 565 792 ita
579 771 608 792 ut
623 766 764 806 coronatio
779 767 908 794 solemnis

118 811 182 838 novi
212 810 327 845 Augusti
352 818 402 845 per
425 819 527 838 novum
547 811 733 846 patriareltam
767 812 818 839 rite
845 821 907 847 per—

118 857 223 892 petrari
247 854 432 892 vix‘potuerit
457 862 521 884 ante
542 857 612 884 festa
638 857 777 890 Natalitia,
801 863 828 885 et
844 867 904 886 erc-

118 903 204 930 dibile
221 907 264 930 est
279 903 338 937 ipso
365 902 468 929 Christi
489 902 588 934 Natali,
606 910 661 937 quo
678 902 723 930 die
739 905 906 938 auspicatior

119 948 234 982 reperiri
253 948 323 976 alius
335 949 476 983 nequiret,
497 956 603 976 sacram
616 948 696 976 istant
712 951 906 984 caeremoniam

118 999 268 1029 peractam.

154 1041 198 1069 ιν.
215 1041 262 1068 llis
288 1041 324 1068 ita
351 1040 459 1076 positis,
477 1048 538 1075 quae
565 1041 664 1076 partim
690 1043 845 1070 certissima
863 1042 906 1070 di-

119 1092 192 1114 serta
220 1086 413 1114 testificatione
443 1086 609 1122 Acropolilzp
639 1091 704 1115 tunc
737 1088 855 1116 virentis
879 1093 906 1115 et

119 1132 264 1166 prtesentis
291 1140 322 1158 ac
353 1131 481 1167 Grcgnrm
509 1133 728 1167 compertissiuta
751 1141 784 1160 ex
803 1136 906 1162 retenti

119 1178 254 1205 memoria
272 1177 428 1209 scribetttis,
447 1180 562 1212 partim,
579 1179 652 1212 quod
674 1179 772 1207 attinet
791 1180 823 1207 ad
850 1181 907 1207 eir-

118 1224 318 1251 eumstantiam
349 1224 403 1253 diei
434 1224 537 1252 Christi
573 1225 677 1253 Natalis
706 1226 739 1253 ad
769 1226 906 1254 Theodori

119 1270 326 1297 coronationem
350 1271 448 1303 electi,
484 1271 509 1298 in
531 1271 642 1298 silentio
674 1273 840 1306 scriptorum
873 1281 905 1301 ex

118 1316 189 1343 serie
217 1315 334 1343 naturali
367 1324 459 1343 rerum
488 1317 689 1344 verisiutillinta
719 1324 793 1350 sunt,
821 1318 904 1346 oﬂert

118 1363 200 1389 ttobis
223 1363 334 1397 qttidam
366 1363 468 1398 alioqui
493 1363 690 1398 peritttricatus
717 1369 744 1392 et
771 1365 907 1394 obscurus

118 1407 294 1443 Paehymeris
310 1409 399 1436 nostri
421 1409 498 1436 locus
512 1409 686 1437 occasionem
702 1411 815 1437 minime
827 1419 905 1445 sper-

117 1454 236 1482 nendant
260 1454 426 1489 insigniendi
458 1455 600 1482 luculento
623 1455 728 1482 ccclein
743 1456 906 1484 charactere

965 218 1080 241 mortem
1110 215 1227 247 asserit;
1247 215 1279 241 ad
1307 215 1380 249 quod
1418 223 1531 242 necesse
1555 215 1607 243 fuit
1629 217 1754 251 eclipsim

965 264 1052 287 ntorte
1080 260 1164 287 fuisse
1184 261 1316 294 priorem.
1342 260 1459 288 Erraudi
1490 262 1663 289 occasionem
1687 263 1754 290 viris

964 304 1039 332 hisce
1058 306 1163 340 magnis
1180 306 1362 340 ['acltymeres
1385 306 1504 340 praebuit
1523 307 1709 340 perfunctorie
1722 315 1755 336 ac

963 351 1092 386 perplexe
1118 351 1269 386 deliquium
1297 352 1369 378 istud
1395 353 1461 380 solis
1490 361 1658 385 memorans,
1684 355 1746 381 sine

963 401 1036 423 certa
1058 397 1133 429 anni,
1152 398 1266 430 mensis,
1290 398 1400 430 diei,ut
1415 398 1441 425 in
1457 398 1499 425 his
1516 399 1625 431 assolet,
1646 400 1752 427 iudica-

963 443 1050 475 tione,
1065 444 1130 478 quin
1154 445 1235 471 etiant
1252 445 1343 471 alieno
1367 444 1393 471 id
1420 445 1480 472 loco
1499 446 1634 474 referens.
1657 452 1684 474 et
1707 447 1754 481 ju-

962 492 1031 515 stam
1046 488 1182 523 oltjicieus
1200 490 1299 523 legenti
1317 498 1426 517 causam
1443 491 1574 525 opinandi
1597 492 1663 518 illu.l
1683 500 1752 526 pau—

962 535 1001 561 cis
1015 535 1113 562 diebus
1129 540 1277 570 antequam
1294 536 1457 563 'l‘ltvodorus
1477 542 1632 564 moreretur
1650 539 1750 570 \isunt,

961 587 1023 606 cuttt
1041 579 1154 607 aliunde
1172 587 1343 616 compertum
1365 582 1400 608 sit.
1418 583 1519 608 nullam
1541 587 1597 610 toto
1613 583 1660 610 illo
1676 591 1750 610 anno

962 627 1040 660 1259,
1057 635 1112 662 quo
1136 633 1212 655 certe
1229 634 1337 655 constat
1359 629 1460 655 obiisse
1485 629 1670 662 Theodorum,
1686 631 1752 657 solis

960 674 1083 709 eclipsim
1097 672 1193 701 Nicaeae
1209 680 1255 701 aut
1282 675 1349 701 locis
1371 675 1494 702 finitimis
1514 676 1601 703 videri
1619 677 1750 710 potuisse.

960 721 1051 753 Quare
1073 729 1126 747 non
1144 721 1282 748 immerito
1300 721 1402 747 Setinus
1419 721 1554 748 Calvisius
1579 722 1605 749 itt
1627 723 1753 750 Chrono-

960 767 1029 802 logia
1052 767 1188 795 Wolfiana
1208 776 1280 795 anno
1296 769 1399 795 Christi
1422 769 1489 795 125,5
1513 768 1689 804 l‘achyuzcris
1705 777 1753 796 ex-

960 818 1052 848 cerpta
1074 813 1134 840 falsi
1156 814 1256 847 arguit,
1272 822 1332 848 quin
1351 815 1530 848 reprehensio
1545 815 1608 847 etsi,
1627 815 1751 842 utmodo

958 859 1073 891 fatebar,
1087 860 1176 894 ipsunt
1196 861 1372 895 amplectitur
1386 861 1593 895 Pacltyuterem,
1608 865 1698 887 tamen
1716 869 1751 889 ne

960 905 1055 941 iujusti
1077 906 1173 939 simus,
1189 911 1293 940 partem
1319 907 1379 940 ejus
1399 906 1448 941 ipsi
1468 914 1579 941 quoque
1601 914 1679 933 suam
1704 907 1753 934 de-

958 952 1057 980 bemus
1072 952 1172 980 Wolﬁo
1194 960 1350 988 aspergere,
1375 954 1420 988 qui
1441 954 1488 979 sub
1506 954 1603 980 obitum
1622 953 1751 981 Theodori

958 997 1091 1025 defecisse
1111 998 1196 1025 solent
1211 999 1245 1025 de
1261 1007 1310 1025 suo
1335 999 1445 1033 adjecit,
1465 1006 1527 1025 cum
1557 998 1582 1025 id
1600 999 1752 1034 Paeltyme-

959 1051 1003 1070 res
1026 1052 1079 1070 tton
1098 1044 1253 1078 scripserit.
1270 1045 1336 1071 Nam
1356 1045 1428 1079 quod
1449 1053 1481 1072 ex
1499 1045 1644 1072 Occasione
1657 1046 1750 1074 obitus

959 1089 1096 1117 Theodori
1113 1090 1269 1117 meminerit
1286 1091 1442 1118 istiusmodi
1464 1091 1573 1125 eclipsis
1585 1112 1592 1124 ,
1611 1082 1683 1126 qui;
1694 1100 1749 1119 non

958 1135 1034 1162 videt
1059 1143 1140 1170 qttaut
1168 1135 1306 1163 infirmum
1335 1141 1528 1171 argumentum
1553 1137 1589 1163 sit
1617 1138 1748 1173 opinandi

958 1191 1016 1210 eam
1034 1188 1098 1210 tunc
1112 1183 1218 1210 visam?

994 1229 1026 1256 V.
1043 1230 1097 1264 Ego
1114 1238 1178 1256 vero
1192 1229 1256 1256 dum
1269 1234 1394 1256 crateram
1417 1229 1535 1257 indolem
1550 1230 1686 1265 Jueifuga:
1702 1239 1750 1259 cu-

956 1277 1078 1314 jusdam,
1109 1275 1273 1310 ambagiosa:
1298 1283 1329 1302 ac
1356 1277 1696 1314 σκθτοδασυπυκνότριχος,
1719 1282 1749 1304 ιιι

957 1323 1083 1351 Gelliano
1099 1327 1127 1350 et.
1147 1322 1348 1356 Aristophaneo
1364 1322 1456 1349 verbis
1471 1327 1543 1358 utar,
1557 1323 1749 1358 Pacltymeria-

958 1377 999 1396 nte
1016 1369 1144 1396 dictionis
1169 1369 1272 1403 cogito,
1291 1369 1410 1402 dumque
1429 1373 1561 1402 prmtcrca
1577 1374 1668 1396 mente
1691 1377 1748 1396 aut-

958 1415 1054 1450 plexns
1073 1413 1155 1441 simul
1177 1417 1274 1440 cuneta
1290 1421 1350 1447 quae
1367 1413 1411 1439 hic
1430 1413 1590 1439 referuntur
1607 1413 1746 1447 sigillatim

957 1468 1077 1495 expensa
1100 1459 1210 1497 colligo,
1237 1459 1305 1486 mihi
1322 1459 1418 1486 videor
1436 1459 1655 1487 animadvertere
1673 1460 1746 1488 indi-

117 1501 235 1528 frontent
251 1500 323 1527 hanc
350 1501 435 1535 ipsam
459 1505 486 1527 et
509 1501 586 1535 quasi
604 1501 746 1535 capitalem
773 1502 905 1536 epocltaut

959 1507 1010 1533 ciis
1029 1501 1099 1532 haud
1121 1506 1197 1533 ranis
1220 1506 1340 1532 voluisse
1365 1511 1489 1543 nostrum
1514 1505 1676 1532 historicum
1689 1506 1746 1533 sal-

117 1545 200 1581 ltujus
212 1553 294 1580 qualn
310 1545 419 1572 edimus
436 1545 568 1572 ltistorize.
585 1545 665 1572 Ponit
681 1550 778 1573 auctor
798 1552 904 1579 noster.

116 1593 124 1620 l
151 1600 170 1624 ι,
187 1600 214 1619 e.
232 1592 275 1622 l5,
289 1592 346 1619 haec
364 1592 422 1626 ipsa
438 1592 517 1626 plane
528 1591 613 1619 verba
626 1592 659 1619 de
676 1592 794 1626 quadam
810 1594 906 1628 eelipsi

117 1640 183 1666 solis
197 1646 257 1673 qtae
276 1638 415 1665 Theodori
444 1644 636 1672 prmtttaturum
667 1639 773 1666 obitum
804 1648 906 1674 prorsa-

116 1685 220 1719 gierit:
240 1685 273 1710 Ὃ
298 1683 330 1719 δὴ
353 1684 400 1710 καὶ
425 1685 602 1718 πριεσήμανέ
630 1693 655 1710 τι
681 1686 809 1719 σημεῖον·
831 1685 906 1720 ἥλιος

117 1731 172 1765 γὰρ
189 1730 342 1757 ἐκλελοίπει
357 1730 400 1764 ἐφ’
416 1729 492 1764 ὥραν
510 1730 607 1765 τρίτην
630 1730 678 1764 τῆς
695 1730 777 1765 ἕκτης
789 1731 904 1765 ἡμέρας,

117 1777 162 1803 x11
180 1775 248 1811 βαθὺ
265 1775 360 1807 σκότςις
373 1776 402 1802 τὸ
416 1776 469 1801 πᾶν
482 1776 653 1809 κατειλήφει,
670 1775 741 1802 ὥστε
758 1777 804 1802 καὶ
817 1776 904 1811 ἄστρα

116 1823 234 1858 φανῆναι
251 1821 313 1848 κατ’
340 1822 467 1856 οὐρανόν.
493 1821 547 1848 Καὶ
562 1821 593 1856 δὴ
619 1821 773 1856 ἁρπάζεται
789 1822 835 1848 καὶ
852 1822 904 1857 πρὸ

116 1867 190 1902 ὧρας
205 1867 276 1903 ἀνὴρ
293 1866 442 1901 βασιλικῶς
469 1867 518 1901 μὲν
544 1867 592 1893 καὶ
618 1866 756 1902 γεννηθεὶς
774 1868 822 1894 καὶ
838 1877 905 1903 τρα-

115 1914 185 1948 φείς,
203 1917 257 1940 etc.
277 1913 340 1939 Haec
356 1913 390 1940 ad
402 1912 517 1940 verbum
531 1912 776 1946 scrupulosissinta
797 1913 848 1940 fide
865 1914 905 1941 sic

117 1960 211 1988 Latine
239 1963 362 1986 sonant:
381 1959 423 1995 [P.
452 1957 614 1994 49l1‘Qund
643 1962 667 1984 et
691 1959 905 1994 prwsiyrtiﬁcuait

114 2007 221 2041 signum
244 2005 387 2040 quoddam.
415 2004 462 2031 Sol
493 2005 561 2031 enim
588 2003 718 2039 defecerat
749 2005 784 2032 ad
812 2006 906 2033 Irarum

115 2053 220 2079 tertiam
238 2056 317 2078 sexta:
334 2051 398 2084 diei,
421 2055 445 2077 et
471 2051 559 2078 densa:
580 2051 694 2077 tenebrae
714 2056 808 2078 cuncta
833 2060 906 2079 com-

115 2097 321 2133 prehenderant,
337 2096 400 2123 adeo
415 2100 442 2122 ut
459 2099 620 2131 apparerent
642 2094 726 2122 stella:
742 2096 903 2130 peractum.

115 2145 211 2180 Itaque
224 2143 379 2179 prwripitur
394 2142 490 2169 acerba
509 2146 591 2168 morte
608 2142 647 2168 νίν
660 2143 730 2176 regie
755 2144 859 2178 qui/lem
881 2147 904 2170 et

115 2195 196 2216 natus
211 2194 235 2216 et
252 2190 388 2220 educatus,
403 2193 456 2216 etc.
474 2187 535 2214 llate
551 2187 578 2214 in
591 2194 721 2222 excerpta
738 2196 785 2215 sua
802 2189 905 2224 Paclty-
919 2181 944 2212 D

115 2235 239 2263 tneriana
263 2242 415 2269 congeretts
430 2233 546 2261 Woll‘tus
559 2233 599 2260 sic
620 2233 699 2261 cﬂ‘ert
717 2241 723 2259 :
737 2234 791 2260 Sub
805 2235 904 2262 obitum

115 2281 244 2309 Theodori
255 2280 378 2307 Lascaris
389 2284 462 2306 serto
475 2279 515 2305 dic
530 2278 570 2305 sol
585 2287 630 2313 per
644 2279 736 2305 lteram
751 2280 904 2307 obscurutus

114 2332 162 2360 est,
182 2326 346 2361 teltcbra‘que
364 2330 522 2358 operuerunt
541 2325 642 2356 omnia,
662 2325 727 2351 adeo
743 2325 866 2352 utsleltw
878 2327 905 2353 in

115 2373 179 2400 casto
197 2376 370 2407 apparerent.
387 2371 523 2398 llettricus
535 2371 700 2404 Spondattus
715 2371 742 2398 itt
760 2372 906 2400 continua-

115 2419 192 2446 tione
224 2415 370 2442 Annalium
392 2415 500 2442 Baronii
532 2415 566 2441 ad
592 2422 657 2442 ann.
673 2415 756 2448 1259,
770 2425 847 2443 nunt.
863 2418 905 2451 15,

115 2463 212 2492 scribit
229 2462 280 2490 sub
294 2462 398 2489 obitum
420 2461 558 2487 Theodori
581 2460 706 2488 Lasmris
720 2462 843 2490 Junioris
857 2467 905 2491 ἐρα

115 2509 167 2536 lem
185 2517 231 2544 per
256 2509 350 2534 harant
373 2506 540 2533 obscuratum
568 2514 632 2538 esse,
649 2507 686 2532 ita
714 2513 740 2534 ut
753 2508 838 2535 stella:
858 2519 906 2545 up-

115 2558 251 2591 purt‘t'ent.
268 2553 392 2587 Sumpsit
408 2552 434 2579 id
450 2552 579 2578 nimirum
600 2559 634 2578 ex
644 2551 754 2579 Wolfio.
771 2554 906 2584 Odoricus

115 2599 267 2627 Rainaldus
291 2605 370 2625 num.
393 2597 427 2624 54
448 2604 513 2623 ann.
531 2596 610 2629 1239,
625 2602 742 2624 utorteut
761 2598 903 2628 Theodori

117 2649 252 2680 referens,
280 2646 404 2681 ejusdem
429 2645 555 2672 meminit
575 2645 701 2678 eclipsis,
720 2653 802 2679 quant
827 2651 904 2674 sexto

116 2696 150 2722 ab
172 2695 232 2729 ejus
260 2694 337 2720 O'ttittl
361 2693 405 2719 die
426 2691 574 2726 contigisse
592 2690 673 2725 697
689 2690 738 2720 ait.
761 2696 903 2720 auctorem

116 2741 232 2768 laudans
251 2739 458 2774 P.‘.(:'.t)'tn(‘.r(‘tll.
473 2738 507 2764 At
521 2737 575 2767 hic,
589 2737 653 2763 licet.
672 2736 727 2763 diei
744 2743 827 2764 sexta:
846 2747 904 2766 tne-

117 2786 238 2815 minerit,
258 2785 329 2811 haud
350 2790 439 2811 tanten
465 2791 525 2811 eam
553 2783 752 2810 nuu‘terandam
777 2784 846 2813 dixit
870 2786 905 2813 ab

115 2833 192 2861 obitu
219 2831 367 2864 Theodori,
387 2831 432 2857 sed
456 2830 549 2866 potius
571 2829 702 2856 iudicavit
720 2832 902 2865 contrarium,

959 1557 1012 1579 tem
1035 1552 1151 1579 obscure
1174 1552 1301 1583 innuero,
1327 1551 1350 1578 si
1368 1550 1459 1578 minus
1485 1551 1558 1578 clare
1585 1551 1745 1585 praedicare,

957 1598 1108 1633 deliquium
1127 1598 1227 1630 stulare,
1250 1600 1324 1632 quod
1344 1597 1395 1624 hoc
1414 1598 1472 1624 loco
1493 1602 1637 1631 memorat,
1665 1598 1745 1633 longe

957 1649 1020 1670 ante
1037 1644 1090 1671 hoc
1110 1648 1232 1678 tempus,
1255 1644 1281 1670 itt
1298 1651 1352 1677 quo
1379 1644 1516 1670 narrando
1534 1650 1669 1674 versatur.
1697 1652 1746 1679 pa»

958 1694 1059 1717 tratum
1077 1694 1104 1716 et
1127 1693 1278 1724 spectatum
1295 1689 1389 1716 fuisse.
1412 1689 1610 1722 Argumentum
1630 1690 1669 1716 sie
1684 1697 1747 1716 sen-

958 1735 1044 1763 tiendi
1061 1735 1179 1770 printum
1194 1742 1273 1761 sunto
1289 1743 1323 1761 ex
1339 1735 1606 1769 plusquamperfecto
1619 1740 1745 1770 tempore

956 1780 1030 1816 quod
1047 1782 1074 1808 in
1086 1781 1171 1807 verbo
1188 1779 1231 1806 bis
1244 1779 1364 1812 allectat,
1380 1787 1435 1806 non
1450 1780 1574 1807 scribens
1590 1781 1746 1807 ἐκλέλοιπεν

956 1827 1041 1862 ἥλιος,
1061 1825 1108 1853 sed
1126 1825 1288 1857 ἐκλελοίπει,
1300 1829 1327 1852 et
1342 1826 1432 1852 statim
1450 1829 1521 1860 post,
1534 1827 1628 1857 σκότος
1643 1826 1673 1851 τὺ
1689 1826 1745 1853 πᾶν

956 1870 1115 1905 κατείληφε,
1133 1869 1180 1896 sed
1202 1870 1374 1905 κατειλήφει.
1402 1869 1550 1907 Defecerat,
1577 1871 1675 1906 inquit,
1692 1872 1743 1903 sol,

955 1923 1011 1942 non
1027 1920 1119 1942 autent
1135 1920 1195 1941 tunc
1212 1915 1325 1949 defecit;
1343 1919 1370 1942 et
1389 1915 1509 1942 tenebrae
1523 1915 1647 1942 universa
1665 1917 1747 1942 abduc

954 1965 1061 1998 (rerum7
1080 1961 1166 1987 multo
1188 1960 1293 1987 scilicet
1317 1961 1403 1995 prius,
1423 1969 1477 1988 non
1499 1966 1591 1988 autent
1617 1966 1678 1988 tunc
1701 1963 1746 1989 ob-

956 2006 1097 2033 duxerunt.
1113 2006 1190 2038 Quod
1205 2006 1226 2032 si
1246 2006 1307 2040 quis
1322 2011 1426 2040 quterat
1440 2008 1534 2040 quanti
1553 2008 1685 2041 temporis
1701 2008 1745 2034 in-

957 2052 1101 2078 tervallum
1128 2051 1186 2078 hare
1206 2051 1290 2078 verbo
1317 2051 1435 2077 indicata
1452 2052 1597 2085 pra-cessio
1612 2052 1744 2089 postulet,

956 2103 1065 2133 reputet
1081 2105 1206 2132 qua-nant
1223 2101 1320 2124 eventa
1340 2097 1501 2131 pra-signata
1517 2097 1600 2124 fuisse
1615 2099 1666 2124 isto
1681 2106 1745 2132 por-

958 2148 1032 2171 tento
1059 2147 1155 2170 auctor
1170 2147 1290 2170 censeat.
1311 2142 1383 2169 Satis
1407 2142 1465 2169 fuse
1489 2151 1521 2170 ac
1539 2143 1666 2170 distincte
1683 2152 1746 2178 per-

957 2194 1069 2216 secutus
1088 2189 1158 2215 mala
1184 2196 1244 2223 quae
1265 2188 1403 2215 Theodori
1423 2188 1606 2223 principatum
1635 2189 1746 2217 infesta«

958 2239 1033 2266 runt,
1050 2233 1178 2261 morbum
1195 2241 1278 2268 prope
1295 2233 1468 2264 continuum,
1481 2234 1653 2268 suspiciones
1667 2243 1746 2262 acres

956 2287 984 2309 et
1009 2281 1133 2313 miseras,
1153 2280 1323 2307 arersiouem
1344 2280 1499 2315 principum
1517 2280 1550 2307 ab
1567 2281 1635 2315 ipso,
1652 2281 1745 2308 brevi-

958 2331 1041 2353 tatem
1056 2326 1136 2361 spatii
1154 2325 1298 2352 cdueendo
1316 2325 1342 2351 itt
1364 2324 1505 2352 robustam
1521 2331 1627 2352 aetatem
1644 2325 1744 2353 ltmredi

956 2371 1046 2400 locum
1062 2376 1217 2406 negantem,
1235 2375 1333 2406 prater
1355 2376 1467 2398 ceteros
1486 2371 1671 2398 tumultuosos
1685 2380 1744 2398 mo-

959 2422 1002 2446 lus
1024 2418 1206 2445 rebellionum
1228 2421 1255 2444 ct
1282 2417 1416 2444 belloruut
1434 2422 1490 2443 toto
1516 2417 1563 2444 illo
1587 2425 1638 2444 nec
1664 2419 1744 2452 pleno

957 2463 1139 2500 quadriennio
1163 2470 1271 2498 semper
1292 2463 1414 2496 undique
1443 2462 1636 2500 coorientiuut,
1656 2467 1745 2490 totum

957 2511 984 2538 id
1011 2509 1225 2537 infortuniorum
1243 2513 1345 2535 textum
1371 2507 1485 2534 relativo
1498 2509 1512 2534 ὃ
1525 2508 1679 2543 iudigitavit
1694 2508 1745 2535 Pa-
1778 2529 1781 2533 .

957 2557 1109 2593 eltymcrcs,
1125 2556 1190 2582 dum
1208 2555 1304 2582 scribit
1319 2554 1371 2590 ὃδὴ
1388 2555 1433 2581 καὶ
1445 2555 1628 2589 προεσήμανε,
1642 2554 1709 2589 quod
1721 2557 1746 2581 et

957 2601 1183 2638 prazsigni/iruvit.
1199 2600 1267 2628 Cum
1287 2608 1351 2627 vero
1365 2599 1401 2626 sit
1414 2599 1588 2626 manifestum
1605 2599 1746 2634 praesigni-

959 2649 1112 2675 ticationem
1125 2647 1282 2674 necessario
1303 2646 1471 2673 anteriorem
1487 2654 1548 2672 esse
1564 2653 1592 2672 re
1605 2645 1746 2680 prazsigni-

958 2694 1047 2724 ticata,
1064 2693 1126 2727 quis
1149 2700 1201 2718 ttott
1220 2691 1348 2726 iutell‘git
1366 2692 1521 2725 oportuisse
1547 2691 1654 2726 signum
1671 2691 1745 2718 istud

958 2741 1030 2767 circa
1046 2739 1102 2772 ipsa
1118 2737 1224 2772 itttperii
1240 2737 1375 2763 Theodori
1385 2737 1468 2771 698
1483 2737 1615 2771 principia
1632 2744 1748 2772 conspe-

957 2791 1029 2813 ctum
1041 2786 1052 2810 ἲ
1064 2783 1132 2816 Quid
1152 2783 1195 2810 illa
1214 2791 1295 2810 sexui:
1313 2782 1366 2809 dici
1384 2783 1486 2809 mentio
1500 2783 1618 2810 ?Nonne
1635 2783 1746 2810 eviden-

959 2836 1000 2859 ter
1019 2830 1102 2865 exigit
1118 2830 1253 2863 insignem
1272 2830 1392 2864 aliquant
1410 2829 1480 2857 unde
1497 2834 1658 2858 uuttteretur
1679 2838 1751 2868 cpo-A
