1931 3069
135 126 203 159 iiill

784 121 1014 153 CliRON’OLOti
1023 119 1121 150 1CUS.

1697 115 1766 148 [lC-2

137 192 211 212 mere
229 182 406 215 describitur,
424 182 466 209 vel
488 190 521 209 eo
537 189 608 209 anno
629 181 670 208 vel
686 182 712 208 in
725 186 812 208 morte
827 181 918 207 Thoo-
937 183 957 208 Α
971 177 1064 211 eclipsi
1083 183 1237 203 sermonem
1256 176 1374 211 iinfcrat.
1400 175 1467 202 nihil
1492 175 1525 202 de
1547 175 1626 202 initio
1653 175 1762 210 imperii

135 229 195 257 deri
227 229 269 255 vel
297 229 323 254 in
352 228 582 259 autumnofacta,
610 233 706 254 auctor
722 228 792 254 alius
827 228 919 255 nullus

136 275 269 303 meminit.
287 279 313 300 ct
329 274 387 300 ﬁeri
402 274 484 301 ullam
502 275 623 309 potuisse
641 274 713 307 leges
730 274 922 300 astronomica:

136 331 190 350 non
210 321 384 356 permittunt.
408 321 552 347 Novilunia
582 321 655 346 enim
683 321 745 346 anni
778 320 846 347 ωδε)
876 324 923 347 aut

137 367 263 401 mliptica
289 366 364 392 nulla
380 366 467 397 fuere,
487 371 533 391 aut
559 374 612 392 non
629 366 869 400 Constantinopoli
891 373 924 391 ac

138 415 204 441 locis
218 413 324 444 vicinis,
352 417 380 438 et
395 418 523 439 auctores
542 412 704 445 chronologi
733 416 760 439 et
782 411 924 438 annalium

139 459 302 494 scriptores,
321 458 368 492 qui
387 458 453 484 solis
470 457 595 492 eclipsim
630 465 699 492 pene
717 457 828 484 totalcm
854 458 926 483 refc-

140 511 203 532 rnnt
221 506 253 532 ad
276 512 377 531 annum
397 504 501 531 Christi
526 504 594 531 12.39
616 504 643 530 in
661 509 749 530 morte
772 503 924 532 Theodori.

139 561 193 579 non
213 553 321 579 tabulas
332 551 546 583 astronontieas,
564 551 611 578 sed
621 556 762 578 auctorem
777 551 926 585 Pachyni»:—

138 607 195 626 rem
210 604 376 633 sequuntur.
398 598 436 625 lla
463 598 537 624 enim
565 596 701 625 Odoricfls
719 597 875 632 liaynaldus
892 597 924 623 ad

138 654 239 672 annum
268 645 370 672 Christi
401 644 480 676 1⁵259,
508 647 618 670 narrata
636 643 774 670 Theodori
792 647 880 669 morte
899 643 925 668 in

140 700 233 718 mense
246 693 379 726 Augusto,
395 691 433 716 ait
452 689 625 725 paragrapho
644 690 677 716 bi
693 698 700 715 :
719 688 799 715 Sexto
823 689 854 714 ab
869 688 926 722 ejus

139 739 207 764 ulritu
222 739 262 764 die
276 738 358 764 tradit
371 737 543 772 Pacltymcrrs
563 737 692 771 insignem
719 736 782 762 solis
803 735 928 769 defectio-

140 793 198 810 m’m
214 785 304 818 fuisse,
328 784 393 810 adeo
418 787 446 809 ut
469 783 545 809 totius
571 784 642 809 hanc
664 782 751 816 spatio
767 782 928 808 densissima:

141 832 275 857 horrerent
293 830 405 856 latebra:
420 829 555 863 stellazqne
572 829 598 855 in
618 829 681 855 c0310
698 832 866 862 apparerent.
889 827 926 853 lla

974 223 1141 257 signiﬁcans.
1164 222 1266 256 justam
1289 227 1362 249 certe
1384 230 1438 248 non
1463 222 1536 248 aliul
1553 223 1762 249 attendentibus

974 269 1078 295 erroris
1096 277 1204 296 causam
1218 269 1305 295 dedit.
1322 269 1388 295 Atsi
1407 269 1469 302 quis
1484 277 1539 295 rem
1557 274 1661 296 attente
1674 270 1765 296 consi-

975 315 1112 341 deravcrit
1127 320 1154 341 et
1165 321 1227 340 com
1243 314 1355 340 historia
1366 314 1439 340 illius
1455 315 1587 348 temporis
1601 315 1762 346 contulerit,

977 360 1003 385 in
1018 359 1049 385 iis
1068 359 1188 386 tenebris
1202 359 1291 386 lucem
1308 359 1439 386 inveniet.
1464 359 1508 386 Sic
1529 365 1620 386 autem
1640 368 1700 387 eam
1715 369 1764 387 ex-

978 405 1057 439 plieo.

1013 450 1175 477 Theodorus
1187 450 1295 476 vivendi
1307 451 1386 477 linem
1407 452 1471 478 tecit
1485 460 1557 478 anno
1570 452 1672 479 Christi
1685 452 1764 483 l259,

978 507 1070 526 mense
1090 499 1222 533 Augusto.
1245 498 1371 525 Historia:
1393 500 1476 526 totius
1491 499 1549 526 lucc
1574 501 1641 527 ﬁdes
1662 505 1714 532 est,
1731 501 1765 527 de

977 555 1029 580 qua
1041 546 1168 572 dubitare
1185 553 1239 571 non
1256 545 1330 572 licet.
1344 546 1526 580 Paehymcrcs
1539 547 1564 573 id
1581 547 1689 579 asserit,
1702 555 1778 574 cum.

978 592 1016 618 ;ιὶι
1038 592 1139 619 factum
1164 599 1294 628 vergente
1320 593 1347 619 in
1373 598 1536 620 autumnum
1562 601 1644 626 anno,
1668 601 1766 628 [iolllpd

979 640 1052 666 inter
1060 632 1206 666 solstitium
1216 639 1340 666 {cstivum
1350 644 1374 667 et
1385 639 1582 674 azquinoctinm
1595 640 1765 667 autumnale.

980 686 1143 713 Theodorus
1153 686 1261 713 initium
1276 687 1405 721 regnandi
1418 687 1481 714 fecit
1492 695 1564 714 anno
1575 687 1675 714 Christi
1689 687 1766 716 12.35.

981 734 1059 763 patre
1079 735 1187 756 mortuo
1206 730 1258 757 sub
1280 731 1360 758 ﬁnem
1382 731 1522 765 Octobris,
1554 740 1606 759 non
1627 732 1766 759 declarato

982 775 1038 801 ﬁlio
1060 783 1230 809 successore,
1249 777 1294 811 qui
1318 777 1379 804 ideo
1394 779 1499 805 tardius
1514 779 1629 810 electus,
1646 780 1783 806 elevatus.

982 822 1007 848 in
1024 822 1131 857 clypeo,
1154 828 1254 850 unctus
1275 829 1303 851 et
1325 830 1473 851 coronatus
1491 831 1543 855 est,
1573 830 1629 852 tum
1656 832 1770 860 ιιι-(ψιθί-

143 877 278 904 Henricus
301 877 468 911 Spomlanus
483 876 515 902 ad
532 875 660 902 eumdem
678 882 797 904 annum;
816 875 853 900 ita
869 874 926 904 alii,
945 869 964 895 Β
981 868 1088 895 diversa
1107 869 1200 903 populi
1217 870 1317 900 studia.
1336 875 1392 897 tum
1408 872 1443 898 ob
1457 872 1589 899 Manuelis
1605 874 1769 906 patriarcha:

142 924 187 957 qui
204 923 285 957 hujus
297 922 460 949 defectionis
473 922 632 953 meminere,
647 921 822 955 Pachymeris
835 926 928 946 aucto-

144 971 225 996 ritate
241 977 270 996 se
290 974 377 996 tectos
401 972 499 1004 putant
526 968 585 995 sine
614 968 667 994 alio
688 966 825 998 examine,
842 971 869 992 ct
884 975 929 992 er-

143 1022 215 1048 rant,
232 1021 260 1043 et
272 1016 341 1043 alios
356 1015 383 1051 in
400 1022 523 1042 errorem
541 1015 685 1041 inducunt.

180 1060 292 1087 Acutior
303 1060 364 1086 aliis
374 1060 475 1087 Sethus
486 1059 622 1086 Calvisius
638 1059 663 1085 in
677 1058 781 1086 Chron.
800 1066 844 1085 an.
863 1058 931 1085 1255

144 1106 320 1141 Pachymeris
344 1106 494 1140 fragmenta
512 1106 616 1132 erroris
645 1106 746 1140 arguit,
773 1106 846 1140 quod
870 1113 929 1133 cam

144 1152 210 1179 solis
225 1151 349 1185 eclipsim
368 1152 395 1178 in
413 1151 491 1178 obitu
506 1151 644 1178 Theodori
663 1151 857 1182 indicaverint,
876 1159 931 1185 quo

145 1206 217 1225 anno
234 1203 260 1225 ct
278 1198 460 1232 sequentibus
475 1198 550 1224 nulla
569 1198 630 1224 talis
646 1198 813 1229 inveniatur,
832 1202 930 1224 eteam

147 1249 225 1278 putat
246 1243 378 1270 accidisse
395 1243 422 1270 in
446 1247 534 1269 morte
548 1243 662 1269 Joannis
678 1243 768 1274 Duczc,
794 1247 856 1276 post
872 1243 932 1275 ejus

146 1290 251 1316 obitum
268 1290 311 1316 die
327 1289 352 1319 6,
365 1289 399 1315 50
417 1289 587 1316 Decembris.

182 1336 227 1363 Sic
241 1336 386 1368 Calvisius,
408 1343 441 1361 ex
460 1341 538 1369 parte
554 1335 666 1370 quidem
688 1343 762 1367 vere,
782 1341 810 1362 ut
829 1335 862 1363 ab
884 1344 933 1362 an-

147 1385 222 1408 ctorc
236 1382 263 1408 in
282 1382 363 1408 rebus
390 1381 584 1409 astronomicis
610 1382 680 1408 bene
697 1387 817 1414 versato,
839 1382 886 1409 sed
900 1390 934 1409 ex

148 1433 224 1462 parte
237 1434 333 1455 contra
352 1427 474 1454 historia:
486 1428 630 1455 veritatem
649 1428 793 1455 manifeste
809 1436 934 1463 pugnan-

149 1475 197 1502 tia.
214 1475 326 1502 Certum
341 1475 414 1501 enim
431 1474 537 1508 estjatn
551 1474 633 1508 paulo
646 1479 708 1502 ante
725 1476 860 1509 prolatum
884 1477 933 1503 l’a~

150 1522 308 1557 cbymerem
325 1521 400 1555 loqui
421 1520 454 1547 de
474 1520 551 1547 obitu
565 1520 704 1547 Theodori
715 1521 748 1548 ~in
766 1530 858 1549 mense
881 1525 935 1549 Au-
948 1537 970 1567 ρ

148 1573 239 1603 gusto,
255 1574 338 1600 anno,
355 1571 385 1593 ut
400 1567 458 1601 ipse
471 1567 519 1598 ait,
534 1566 568 1593 ad
590 1571 752 1595 autumnum
767 1568 933 1600 inclinante;

150 1622 205 1649 quo
226 1622 278 1641 non
303 1614 420 1649 quadrat
440 1621 514 1640 mors
528 1613 653 1646 Joannis,
668 1622 729 1648 qum
754 1615 781 1641 in
805 1617 839 1642 50
855 1615 935 1642 Octo—

150 1661 208 1688 bris
221 1660 347 1691 ineurrit,
365 1665 395 1686 ut
421 1661 503 1686 etimit
523 1660 606 1694 paulo
624 1661 752 1695 superius
779 1661 933 1689 docuimus.

151 1706 255 1733 Deinde
273 1705 338 1740 quid
351 1709 489 1739 spectaret
501 1705 534 1730 ad
551 1710 668 1731 mortem
687 1705 837 1736 Theodori,
853 1713 934 1739 quatit

151 1753 284 1781 describit
303 1757 396 1786 aperte
414 1751 608 1786 Paehymeres,
636 1751 759 1778 narratio
784 1757 838 1778 tam
856 1759 936 1778 aecn—

151 1804 209 1826 rata
230 1798 342 1832 eclipsis
358 1798 424 1824 solis
442 1798 519 1824 facta:
543 1797 570 1823 in
595 1803 683 1823 morte
709 1796 795 1830 patris
817 1801 937 1830 quatuor

152 1846 209 1872 fere
223 1850 286 1871 ante
301 1851 399 1875 annos,
416 1843 491 1870 nulla
510 1843 564 1869 alia
579 1842 665 1877 patris
681 1842 821 1869 mentione
844 1841 936 1868 habita

148 1897 196 1918 aut
210 1891 239 1918 iri
256 1890 381 1924 exigente
402 1897 484 1916 causa
502 1888 680 1915 rationabili?
694 1887 837 1921 Quomodo
856 1887 936 1914 deni»-

148 1947 203 1972 qne
216 1937 337 1972 eclipsis.
365 1945 426 1971 qua:
442 1937 557 1971 contigit
579 1935 612 1963 50
635 1936 679 1962 die
696 1935 863 1968 Decembris,
883 1935 935 1962 dici

149 1988 239 2019 potest
268 1983 402 2010 accidisse
419 1987 497 2009 sexto
525 1983 570 2009 die
598 1987 659 2016 post
674 1987 790 2008 mortem
813 1982 935 2012 Joannis.

150 2032 196 2065 qui
218 2030 279 2057 vitze
294 2030 366 2056 diem
384 2034 538 2055 extremum
559 2028 656 2054 habuit
675 2028 708 2054 30
725 2027 874 2054 Octobris?

187 2076 247 2103 lla'e
266 2076 347 2110 igitur
365 2075 477 2102 Calvisii
502 2074 704 2101 animadversio
723 2082 776 2101 non
803 2075 873 2101 tollit
890 2079 937 2101 aut

153 2123 252 2150 minuit
270 2121 430 2156 qtnestionis
444 2120 643 2151 diﬁieultatcm,
668 2120 715 2146 sed
738 2126 819 2154 auget
835 2121 934 2154 potiusl

150 2175 177 2195 et
196 2169 231 2195 ita
247 2168 368 2201 itnplieat
385 2172 413 2193 ut
431 2165 604 2193 insolubilem
622 2165 710 2192 facere
728 2166 864 2192 videatur.

188 2215 234 2241 Sic
250 2215 332 2249 igitur
356 2213 549 2247 Pachymercnl
576 2212 783 2247 intelligendum
808 2213 936 2241 arbitror,

151 2266 180 2288 ut
203 2268 299 2288 revera
316 2263 432 2286 mortem
450 2258 587 2285 Theodori
604 2258 754 2289 describat,
782 2258 937 2292 factamque

149 2315 214 2334 vere
240 2310 344 2333 asserat
363 2305 515 2331 inclinante
540 2304 573 2330 ad
601 2309 764 2330 autumnum
780 2311 864 2335 anno,
890 2304 936 2330 sed

151 2353 278 2387 eclipsim
297 2352 367 2378 solis
377 2351 501 2384 tit-signet
517 2358 571 2376 non
585 2358 644 2384 qua:
668 2349 695 2375 in
713 2348 789 2376 obitu
813 2349 936 2383 ejusdem

151 2396 290 2424 Theodori
311 2396 352 2431 [Ρ.
380 2394 525 2429 ιίϋιμὶὶυιίι
553 2394 588 2420 sit
618 2394 656 2427 (id
671 2394 745 2420 enim
771 2399 860 2421 textus
883 2402 936 2420 non

151 2445 234 2475 dicit;
249 2448 277 2469 et
294 2442 386 2476 inepta
397 2449 429 2467 ea
444 2445 516 2467 esset
531 2439 564 2466 ad
584 2439 880 2474 prtesigniﬁcatiouem,
904 2441 937 2467 de

149 2497 203 2523 qua
223 2489 249 2515 in
263 2495 296 2514 eo
310 2487 413 2513 mentio
431 2486 495 2520 est).
511 2485 559 2512 sed
575 2493 635 2519 qua:
648 2485 727 2512 initio
741 2486 849 2520 imperii
865 2487 938 2521 ejus-

148 2538 211 2562 deni
228 2533 376 2564 Theodori,
391 2532 469 2567 quasi
491 2531 645 2566 pmountia
662 2531 755 2558 brevis
776 2537 805 2559 ct
820 2531 937 2559 infelicis

147 2582 210 2616 ejus
227 2587 313 2613 regni,
329 2578 404 2613 quod
421 2585 474 2604 non
492 2576 577 2603 multo
594 2576 655 2610 plus
671 2575 792 2603 triennio
807 2577 894 2607 stetit,
910 2582 938 2602 et

149 2629 177 2654 in
193 2632 331 2654 (‘Otlllltltts
344 2625 422 2660 701
440 2624 503 2650 belli
525 2623 646 2649 motibus
674 2627 702 2649 et
732 2623 821 2650 morbi
851 2623 937 2650 malc-

149 2672 264 2700 stissimi
291 2679 360 2705 stupe
391 2668 516 2703 repetitis
538 2667 707 2703 gravissimis
739 2667 936 2694 tentationibus

151 2726 242 2746 actum
261 2726 322 2744 eum
336 2717 389 2743 vita
405 2716 511 2742 ﬁnitum
523 2720 565 2741 est
578 2722 650 2740 anno
663 2714 751 2740 anatis
766 2714 800 2740 56
814 2714 934 2740 nondum

148 2766 295 2800 completo.

184 2816 248 2845 Qtne
259 2819 347 2838 tatncn
361 2818 423 2837 cum
434 2817 488 2836 non
501 2809 567 2836 satis
579 2806 730 2843 distinguat
743 2808 934 2843 Paebymeres.

147 2865 174 2887 ct
191 2859 282 2885 statim
298 2862 357 2892 post
375 2856 538 2890 descriptam
554 2861 670 2882 mortem
685 2855 822 2884 Theodori
840 2856 872 2882 de
889 2856 933 2882 illa

315 2907 448 2934 turnus.
470 2904 529 2934 CIR.
555 2903 688 2938 CXLllL

981 916 1064 949 paulo
1086 921 1150 942 ante
1168 917 1269 943 mortui
1295 917 1475 949 desiderium,
1492 919 1637 954 Niccpliori
1661 920 1687 947 in
1711 922 1770 956 ejus

981 961 1071 988 locum
1086 962 1166 988 electi
1182 963 1343 990 modestiam
1361 964 1388 990 in
1407 965 1558 992 recusanda
1576 966 1719 1000 dignitate.
1739 975 1771 994 ac

981 1008 1090 1035 Arscnii
1110 1009 1219 1036 tandem
1238 1010 1324 1036 vocati
1343 1011 1376 1036 ad
1395 1011 1551 1045 ungendum
1579 1017 1607 1039 et
1633 1020 1771 1040 coronan-

982 1053 1048 1081 dnm
1070 1054 1265 1089 imperatorem
1289 1055 1440 1090 longiorem
1460 1064 1578 1088 moram,
1602 1066 1663 1092 qum
1679 1059 1784 1088 oumiai

983 1101 1043 1126 fuse
1056 1100 1218 1127 describunt
1233 1100 1406 1135 Nicephorus
1423 1101 1557 1136 Gregoras
1570 1104 1648 1130 initio
1661 1104 1679 1131 l.
1698 1113 1727 1137 ιι,
1742 1111 1770 1133 et

972 1146 1118 1181 -Georgius
1133 1146 1289 1180 Aempolita
1308 1155 1331 1174 c.
1348 1148 1391 1174 535.
1409 1147 1570 1176 Theodorus
1586 1151 1676 1177 statim
1691 1151 1770 1178 initio

985 1193 1058 1226 regni
1080 1193 1187 1219 infestis
1211 1193 1289 1220 bellis
1309 1198 1405 1220 contra
1425 1194 1557 1228 Bnlgaros
1580 1201 1607 1222 et
1624 1195 1784 1224 Thessalos.

984 1249 1071 1275 usque
1091 1241 1124 1267 ad
1150 1242 1213 1267 vim
1232 1232 1335 1267 exitium
1363 1241 1511 1268 infeliciter
1529 1248 1682 1276 occupatus
1709 1250 1769 1272 est;

984 1287 1151 1314 (liﬁicillimis
1172 1287 1290 1321 negotiis
1318 1288 1484 1322 implicatus,
1511 1290 1718 1324 suspicionibus
1743 1297 1772 1318 ct

986 1335 1100 1361 humore
1114 1334 1311 1361 Inelancbolieo
1328 1335 1361 1361 ad
1374 1336 1496 1370 qumdam
1513 1344 1561 1363 sua
1575 1338 1715 1372 majestate
1733 1338 1786 1365 iu-.

985 1383 1066 1416 digna
1079 1383 1161 1409 etiam
1178 1383 1311 1409 adversus
1326 1383 1430 1409 aulicos
1446 1383 1580 1417 dignitate
1595 1388 1622 1410 et
1641 1384 1693 1411 ﬁde
1707 1393 1783 1420 erga,
1806 1375 1810 1379 ”

985 1437 1049 1456 cum
1067 1435 1228 1463 pra-stantes
1240 1430 1423 1463 perpetranda
1441 1431 1587 1461 adductus.
1604 1432 1671 1458 vixit
1688 1433 1771 1459 misc-

986 1475 1130 1502 rabiliter.
1153 1475 1316 1502 Theodorus
1337 1477 1414 1510 longa
1440 1476 1549 1504 tandem
1571 1479 1659 1505 macie
1679 1480 1770 1505 confc-

987 1528 1058 1553 ctus,
1075 1527 1131 1549 toto
1147 1530 1263 1556 corpore
1277 1524 1420 1556 exsmigni,
1437 1523 1538 1550 frustra
1553 1525 1665 1551 tentatis
1682 1526 1786 1551 omni-.

987 1568 1040 1595 bus
1052 1568 1180 1595 humanis
1193 1569 1330 1600 remediis,
1343 1574 1419 1596 extra
1435 1570 1546 1604 regiam,
1567 1571 1594 1597 in
1610 1571 1684 1605 gravi
1698 1573 1785 1600 luctu.

988 1615 1156 1649 pmnitcntiae
1171 1619 1199 1641 et
1217 1615 1310 1642 habitu
1330 1616 1469 1656 religiosi»,
1489 1615 1584 1643 dolens
1604 1619 1676 1652 quod
1694 1619 1775 1646 (lhri-

989 1665 1060 1686 stum
1080 1659 1257 1689 deseruisset.
1279 1668 1362 1694 regno
1382 1661 1463 1687 simul
1484 1667 1510 1688 et
1531 1663 1584 1688 vita
1605 1664 1727 1697 privatur
1748 1665 1785 1691 in.

987 1705 1075 1731 atatis
1092 1704 1169 1734 ﬁere,
1186 1713 1259 1731 anno
1278 1710 1382 1731 tantum
1400 1711 1477 1732 sexto
1495 1714 1576 1741 supra
1593 1707 1785 1740 triecsimunn

989 1748 1094 1783 imperii
1113 1753 1222 1784 quarto.
1238 1749 1409 1780 Theodorus,
1429 1750 1605 1778 vehementer
1624 1752 1722 1778 anxius
1741 1753 1786 1779 de-

988 1794 1041 1822 ﬁde
1056 1799 1084 1822 et
1099 1794 1218 1822 amicitia
1237 1794 1377 1823 Michaelis
1394 1796 1547 1831 l’aLcoiogi,
1567 1797 1651 1823 ﬁliolo
1669 1798 1702 1824 ad
1722 1798 1770 1824 iur

988 1841 1057 1875 perii
1072 1841 1258 1875 gubernacula
1283 1841 1387 1876 inepto,
1402 1841 1453 1869 sub
1477 1842 1595 1869 hominis
1619 1844 1730 1870 obscuri
1747 1850 1774 1870 et

988 1888 1039 1914 sub
1056 1887 1220 1922 patriarchae
1237 1887 1330 1918 tutela.
1349 1888 1381 1914 ad
1402 1888 1532 1915 invidiam
1549 1889 1703 1923 dignitatis,
1721 1899 1784 1924 qua-

989 1934 1063 1961 brevi
1081 1935 1203 1968 dcjectus
1220 1940 1272 1965 est.
1298 1935 1404 1967 relicto,
1432 1940 1627 1963 testamentum
1652 1938 1776 1964 condidit

989 1981 1014 2006 in
1027 1981 1141 2015 gratiam
1158 1981 1258 2007 tutoris
1276 1981 1348 2007 illius
1363 1981 1522 2013 Mnaalonis,
1538 1990 1620 2016 quem
1637 1983 1771 2011 [tormina-

988 2034 1047 2052 rum
1065 2034 1156 2053 rerum
1173 2026 1314 2053 domimun
1329 2028 1527 2059 constituebat,
1548 2030 1638 2063 quoad
1655 2031 1725 2057 ﬁlius
1738 2031 1771 2058 ad

988 2073 1136 2106 perfectam
1155 2072 1275 2099 venisset
1285 2077 1402 2102 mtatem.
1419 2081 1481 2099 cum
1497 2075 1656 2107 gravissima
1674 2085 1770 2109 procc-

989 2126 1048 2145 rum
1065 2118 1226 2148 oll'cnsionc,
1248 2126 1329 2152 quam
1355 2123 1448 2144 secuta
1468 2126 1511 2147 οδῐ
1534 2119 1643 2154 imperii
1663 2128 1772 2156 pertur-

989 2163 1062 2190 batio
1079 2168 1106 2190 et.
1126 2164 1152 2190 in
1181 2163 1320 2190 Michaelis
1343 2164 1474 2190 familiam
1495 2166 1621 2192 transitio
1639 2169 1774 2195 crudelis«

957 2219 976 2244 υ
990 2210 1068 2235 sima.
1088 2209 1149 2236 Fuit
1165 2209 1209 2236 hic
1226 2209 1398 2236 miserrimus
1413 2210 1550 2238 Theodori
1570 2213 1647 2247 regni
1667 2220 1695 2240 et
1713 2215 1774 2242 vita:

989 2261 1075 2282 status
1089 2260 1116 2282 cl
1140 2255 1263 2282 luctuosa
1290 2255 1387 2282 mortis
1402 2256 1535 2288 conditio,
1564 2263 1644 2292 quam
1662 2259 1774 2287 brevius

990 2301 1171 2334 Nieephnrus,
1189 2301 1276 2327 fusius
1295 2302 1452 2336 Acropolita
1477 2303 1618 2337 describit,
1635 2306 1682 2339 qui
1711 2315 1772 2333 eum

989 2346 1097 2380 imperii
1117 2347 1254 2380 logotheta
1280 2348 1436 2379 exsisteret,
1456 2347 1585 2383 frequens
1613 2350 1774 2385 imperatori

989 2393 1095 2419 ratione
1113 2392 1192 2419 cilicii
1211 2393 1316 2423 aderat,
1331 2399 1357 2420 et
1373 2401 1433 2428 qua:
1450 2402 1570 2428 prmens
1587 2396 1646 2424 ﬁeri
1663 2396 1774 2426 videbat

989 2446 1084 2472 magna
1102 2438 1154 2464 tidc.
1168 2442 1194 2464 et
1210 2437 1350 2473 diligentia
1367 2444 1473 2465 narrat.

1025 2485 1068 2512 \‘l.
1085 2484 1146 2512 llaec
1163 2484 1245 2518 igitur
1256 2486 1341 2511 voluit
1354 2485 1492 2513 insinuare
1504 2487 1697 2523 Pachymeres,
1710 2497 1773 2516 cunt

988 2530 1097 2564 scripsit
1115 2530 1232 2557 infelicis
1252 2532 1325 2563 regni
1344 2536 1371 2557 et
1389 2531 1507 2558 luctuosi
1526 2534 1619 2559 obitus
1636 2534 1785 2562 Theoderi.

988 2577 1168 2611 prtcnuntiam
1181 2578 1319 2604 chtitiSse
1331 2577 1513 2604 defectionem
1526 2578 1591 2605 solis
1603 2579 1773 2611 horribilem.

987 2632 1048 2657 qua:
1061 2625 1112 2650 sub
1135 2623 1242 2650 initium
1262 2624 1337 2657 regni
1353 2624 1414 2656 ejus
1435 2623 1504 2650 facta
1527 2629 1580 2655 cst.
1605 2626 1685 2660 792
1707 2627 1787 2654 hora,

989 2672 1068 2696 tertia
1082 2675 1143 2704 post
1159 2671 1314 2702 meridiem,
1330 2674 1407 2696 sexto
1424 2670 1478 2701 die,
1496 2671 1622 2698 videlicet
1639 2680 1700 2706 post
1715 2675 1775 2708 ejus

988 2719 1194 2745 (.oronationem
1210 2723 1237 2744 Cl
1251 2718 1407 2744 unctionem
1423 2710 1590 2745 Slii‘illillt‘lll.’

1025 2763 1143 2794 Etenim,
1162 2764 1183 2790 si
1194 2765 1360 2798 Conjectura:
1375 2772 1427 2791 non
1444 2765 1618 2798 improbabili
1637 2766 1712 2792 locus
1725 2767 1774 2793 da—

988 2814 1042 2838 tur.
1059 2810 1168 2836 \idetnr
1185 2810 1254 2836 facta
1269 2811 1412 2837 coronatio
1429 2810 1566 2838 Theodori
1585 2812 1641 2846 ipsa
1659 2814 1785 2840 solemni,

988 2857 1136 2883 festivitate
1164 2857 1320 2885 Nativitatis
1343 2856 1445 2884 Christi
1463 2858 1581 2888 llomini,
1607 2859 1665 2886 sive
1690 2865 1718 2886 ut
1741 2868 1785 2888 ex:

1537 2906 1582 2936 37.
