1931 3069
196 151 262 184 ῙῙἾΙ

633 148 668 178 Ρ.
685 145 838 178 POSSINI
854 141 1180 175 OBSEltVATlONUM
1203 141 1277 172 LlB.
1298 139 1357 169 ἶΙῘ.

1755 133 1827 164 11τέ

195 209 229 236 ad
259 207 412 238 Nicmnutn,
429 210 474 245 ‘ttt
497 204 668 239 intelligatur
694 201 785 237 qualis
810 204 867 227 tota
886 198 982 226 Nicaeae
996 203 1020 233 Α
1034 197 1145 223 minime
1169 195 1342 222 fortunatum
1363 192 1547 229 portendisse,
1565 199 1626 219 cum
1650 189 1734 220 dixit,
1756 189 1770 215 ὃ
1793 189 1827 223 δὴ

194 254 295 290 partim
311 253 368 280 visa
386 252 485 286 partim
500 251 590 278 latens
600 248 749 277 exstiterit.

231 299 313 336 714
326 299 372 326 XI.
388 299 523 326 Caeterum
545 300 576 323 ut
589 295 658 323 nihil
683 295 783 322 merlto
807 291 982 333 desideretur

195 335 241 373 ad
255 345 404 380 perfectam
426 350 522 371 eorum
548 348 609 377 quae
625 341 658 368 ad
674 340 746 368 hanc
759 338 883 373 eclipsim
900 335 982 371 perti-

195 396 263 419 nent
293 389 514 425 intelligentiam.
535 391 622 415 restat
650 384 897 414 demonstrandum
924 381 983 409 nul-

195 438 251 465 lum
276 437 359 464 alium
378 435 444 463 solis
461 433 599 462 defectum
617 434 690 460 circa
712 431 818 458 obitum
841 427 980 456 Theodori

196 483 355 518 contigisse.
384 481 428 509 cui
451 479 630 516 Pachymeris
657 477 807 512 descriptio
834 474 982 503 convenire

197 528 296 564 possit.
313 528 346 555 Et
361 527 413 554 hoc
429 526 541 562 quidem
559 525 599 552 sic
613 525 830 552 demonstratur.

230 574 343 602 Certum
366 577 407 600 est
422 580 455 599 ex
473 572 580 606 legibus
603 568 797 597 astronomicis
813 574 885 594 anno
902 566 983 593 Chri-

197 620 232 648 sti
253 619 334 652 l259,
355 626 410 653 quo
425 617 590 645 Theodorus
610 617 682 643 diem
703 614 813 645 clausit,
829 618 984 640 extremum

198 665 417 699 menseAugusto
425 663 597 691 n0vilunium
607 667 662 688 tam
672 660 790 688 medium
801 667 882 694 quam
889 665 984 684 verum

197 710 345 745 contigisse
355 713 435 737 nocte
442 709 530 736 media
542 708 613 734 inter
622 706 758 734 decimum
769 712 872 732 nonttm
882 709 909 730 et
918 703 987 729 vice-

199 757 299 784 simum
315 756 389 783 diem
403 754 526 790 ejusdem
541 753 661 784 mensis;
674 756 702 778 et
718 750 845 785 quamvis
865 748 986 776 interdiu

198 802 363 834 exstitisset,
378 801 537 836 eclipticum
552 805 643 827 tamen
659 806 714 825 tton
729 798 837 828 fuisset,
852 795 916 831 quia
930 802 987 821 me-

198 848 262 876 dius
286 853 377 875 motus
397 847 550 874 latitudinis
573 846 646 872 lunae
659 844 731 879 sign.
743 843 760 870 5
772 842 805 871 G.
820 842 864 874 17,
881 842 925 873 56,
940 841 985 871 51,

199 893 361 928 longissime
377 892 508 919 terminos
521 890 664 924 eclipticos
677 886 912 923 praetergreditur.

234 939 349 966 Constat
365 945 475 973 quoque
496 937 573 972 juxta
593 935 702 963 easdem
721 935 795 968 leges
817 931 891 959 aliud
908 930 987 958 novi-

199 986 305 1018 lunium
322 985 480 1019 eclipticum
495 983 594 1010 eodem
615 989 688 1009 anno
710 986 774 1008 ante
791 986 912 1006 mensem
932 977 988 1004 Au-

200 1035 310 1066 gustum
326 1035 354 1057 et
367 1029 502 1056 Theodori
519 1033 635 1055 mortem
646 1027 751 1054 nullum
765 1024 906 1052 exstitisse
920 1030 988 1058 pra:-

200 1082 326 1112 terquam
344 1076 371 1103 in
392 1083 486 1103 mense
508 1075 594 1110 Aprili
611 1074 656 1101 die
672 1073 717 1104 25,
735 1072 827 1099 medio
851 1074 924 1098 motu
949 1069 987 1095 la-

200 1122 330 1149 titudinis
345 1121 417 1149 luna:
435 1120 465 1148 S.
487 1121 518 1147 0.
533 1120 566 1147 G.
589 1120 633 1150 15.
649 1120 676 1151 4,
691 1119 738 1151 22,
757 1118 830 1144 intra
854 1115 988 1143 terminos

201 1167 358 1202 possibiles.
390 1166 469 1200 Quod
496 1166 579 1193 etiam
611 1165 675 1199 quia
700 1164 798 1191 Nicaeae
823 1162 905 1198 paulo
924 1165 988 1188 ante

201 1213 320 1240 mediam
342 1217 450 1240 noctem
484 1212 654 1239 celebratum
680 1214 732 1241 est,
756 1209 823 1237 solis
849 1208 988 1235 defectum

201 1259 339 1286 visibilem
368 1266 424 1286 non
455 1257 593 1285 exhibuit.
625 1256 810 1290 Quamobrem
839 1255 931 1282 nullus
956 1261 989 1280 eo

202 1311 276 1331 anno
292 1304 358 1332 solis
376 1303 501 1331 defectus
515 1308 594 1338 aptus
609 1302 661 1330 fuit
671 1302 704 1330 ad
720 1300 925 1336 signiﬁcandam
942 1303 990 1326 aut

202 1349 386 1376 nuntiandam
410 1347 550 1376 Theodori
575 1352 692 1374 mortem
708 1355 714 1373 :
730 1345 817 1372 ntulto
839 1344 941 1374 minus,
967 1341 990 1369 si

203 1395 268 1429 quis
282 1394 429 1429 contigerit
441 1394 521 1421 annis
536 1391 737 1427 superioribus,
751 1390 806 1418 nisi
822 1390 845 1416 is
857 1388 991 1416 duntaxat

204 1439 253 1474 qui
272 1439 299 1466 in
318 1438 393 1466 aditu
409 1439 469 1473 ejus
489 1437 600 1472 imperii
614 1445 629 1464 a
648 1436 816 1469 Paehymere
833 1438 991 1468 assumptus

204 1490 233 1512 et
250 1489 305 1512 tam
329 1484 485 1512 horrendus
508 1484 666 1518 designatus
691 1486 743 1510 est.
767 1481 814 1516 qui
838 1484 866 1508 et
882 1479 992 1507 anobis

205 1531 252 1559 hic
265 1531 324 1559 suis
336 1531 419 1558 certis
438 1529 645 1557 characteribtts
658 1529 804 1563 insignitus
816 1532 844 1554 et
859 1526 892 1554 ad
910 1526 991 1553 tinent

205 1577 272 1605 anni
284 1581 345 1613 post
357 1576 496 1604 Christum
513 1575 584 1602 1255
597 1575 713 1610 positus.

245 1624 285 1652 Ad
301 1624 381 1660 cujus
396 1623 582 1657 chrottologia:
604 1621 844 1649 confirmationem
865 1623 924 1647 tuto
949 1626 993 1646 re-

206 1671 272 1700 ferri
288 1675 404 1706 possunt
419 1670 478 1697 aliae
498 1669 560 1696 dua:
587 1668 659 1703 apud
684 1667 872 1702 Nicephorum
889 1666 993 1699 Grego—

206 1725 266 1745 ram
281 1717 302 1744 l.
323 1724 349 1744 Ix
365 1716 435 1743 Hist.
453 1723 478 1743 c.
498 1715 596 1742 ultimo
617 1714 769 1741 observata:
789 1713 906 1746 eclipses
922 1712 994 1738 circa

207 1768 325 1791 mortem
352 1762 503 1790 Andronici
528 1761 656 1793 senioris,
682 1760 766 1787 altera
791 1759 863 1786 luna:
883 1765 915 1784 eo
935 1757 995 1792 ipso

207 1810 254 1838 die
281 1817 337 1845 quo
358 1817 423 1837 eum
447 1809 517 1836 mori
537 1807 662 1842 contigit,
691 1806 725 1833 12
752 1805 894 1833 Februarii
922 1811 995 1831 anno

208 1857 311 1885 Christi
326 1856 406 1888 1352,
432 1855 520 1882 altera
538 1854 615 1884 solis,
631 1860 691 1888 qut:
704 1857 741 1879 tot
762 1852 860 1879 diebus
877 1855 995 1878 mortem

209 1904 386 1939 imperatoris
412 1901 565 1937 praecessit,
597 1904 666 1935 qttot
687 1900 745 1934 ipse
770 1898 849 1925 annis
875 1898 902 1924 in
927 1898 997 1924 vivis

209 1951 311 1978 fuerat.
332 1949 539 1983 Ἐπισκότησις,
554 1947 653 1981 inquit,
666 1946 766 1981 ἡλιακὴ
778 1944 914 1976 τοσαύτας
927 1944 997 1979 ἡμέ-

211 2006 262 2032 ρας
279 1996 464 2031 προειληφυῖα
480 1994 529 2030 τὴν
554 1993 637 2020 αὑτοῦ
652 1991 795 2027 τελευτὴν,
814 1992 865 2018 ὅσα
884 1992 932 2017 καὶ
948 1990 996 2016 αὖ·

210 2043 258 2075 τὸς
278 2041 313 2078 ἦν
338 2042 387 2077 ἔτη
409 2042 444 2068 τὰ
457 2041 547 2067 πάντα
570 2039 720 2074 βεϐιωκώς.
747 2038 811 2066 Dies
830 2037 996 2073 agnoscendi

211 2092 277 2117 sunt
299 2088 333 2115 74
350 2098 355 2115 :
374 2088 488 2115 totidem
515 2089 589 2114 enitn
614 2086 787 2115 Andronicus
811 2091 898 2111 annos
917 2083 996 2115 vixit,

211 2136 258 2171 qui
276 2135 309 2163 50
324 2135 381 2162 fere
394 2134 528 2170 regnavit.
541 2133 718 2168 Septuaginta
731 2136 823 2159 autem
837 2135 865 2158 et
879 2135 997 2165 quatuor

212 2181 273 2209 dies
290 2181 362 2208 inter
374 2181 434 2208 illas
453 2179 570 2214 eclipses
587 2180 806 2205 intercesserunt
823 2185 830 2203 :
847 2184 910 2203 nam
928 2176 994 2202 solis

1032 241 1210 278 προεσήμηνέ
1223 249 1249 267 τι
1263 241 1385 275 σημεῖον.
1403 240 1498 270 Ἥλιος
1516 238 1581 272 γάρ,
1597 242 1651 264 etc.

1069 288 1128 316 ΧΠ.
1155 288 1193 315 Ex
1211 295 1265 322 qua
1286 287 1403 314 duorttm
1428 290 1585 314 auctorum.
1612 290 1732 318 quorum
1760 281 1826 308 ecli-

1033 341 1097 369 pses
1119 333 1247 368 exposui,
1272 332 1306 360 de
1332 340 1429 360 earum
1453 329 1654 364 signiﬁcatione
1673 329 1824 357 sententia,

1035 381 1077 416 [Ρ.
1090 379 1152 415 5οἲ5]
1173 379 1206 406 ad
1226 379 1327 406 calcem
1348 377 1562 408 dissertationis,
1575 376 1602 402 in
1618 383 1672 410 qua
1691 375 1824 401 hactenus

1036 425 1196 452 historicum
1211 428 1239 450 et
1248 427 1441 450 asironomum
1451 429 1530 454 agere
1542 428 1584 447 me
1593 419 1825 453 oportuitqua'sn

1037 476 1066 498 ut
1082 471 1148 497 mihi
1165 470 1248 497 liccat
1269 470 1402 502 tantisper
1420 475 1500 502 agere
1526 466 1695 500 theologum,
1711 469 1739 491 et
1753 466 1825 491 circa

1036 515 1255 550 significationes
1287 513 1474 540 defeetinuum
1504 511 1648 545 utriusque
1679 509 1826 536 luminaris

1036 561 1151 588 delinire
1166 560 1298 592 breviter,
1313 564 1340 586 at
1355 559 1452 587 solide.
1468 557 1532 592 qttid
1550 557 1725 584 Christianus
1742 555 1825 582 homo

1037 607 1136 634 debeat
1150 611 1198 633 aut
1222 606 1309 641 possit
1324 605 1367 632 vel
1380 605 1483 632 sentire
1502 603 1623 638 legitime
1639 602 1682 628 vel
1700 601 1728 627 in
1744 609 1825 627 usum

1037 654 1170 681 adltibere
1190 653 1249 680 sine
1274 653 1341 679 vitio
1363 651 1519 678 timiditatis
1534 655 1581 676 aut
1602 649 1661 675 sine
1685 655 1756 674 non
1781 655 1827 673 su-

1039 700 1220 734 perstitionis,
1236 706 1356 734 qttorum
1372 698 1490 724 alterum
1512 697 1640 722 humana:
1655 693 1825 723 fortitudini.

1037 747 1153 774 alterum
1170 746 1331 775 Christiana:
1342 744 1466 778 religioni
1483 746 1629 776 repugnat.

1074 793 1163 820 Unum
1176 792 1324 827 igiturhoc
1339 790 1499 825 pronuntio.
1516 789 1634 822 eclipses
1647 787 1714 814 solis
1730 791 1758 814 et
1784 786 1827 813 lu-

1038 846 1080 865 n:c
1099 846 1158 865 esse
1177 837 1303 865 defccttts
1328 836 1476 866 naturales.
1505 836 1548 862 vel
1574 835 1686 862 luminis
1712 833 1741 861 in
1770 833 1828 866 ipsa

1000 878 1022 908 B
1039 885 1103 911 luna
1124 885 1151 911 in
1177 884 1301 910 umbram
1327 888 1408 910 terra:
1437 883 1606 912 inettrrente,
1624 881 1666 908 vel
1682 879 1836 907 radiorum'

1039 931 1104 957 solis
1128 930 1154 956 in
1172 934 1257 960 terra,
1273 930 1337 956 luna
1355 936 1385 956 se
1410 928 1481 955 inter
1497 932 1646 961 utrumque
1671 926 1828 960 injiciente.

1039 976 1105 1003 Tam
1123 976 1261 1002 naturales
1276 980 1366 1002 autem
1383 978 1411 1001 et
1428 974 1561 1001 ordinatae
1576 977 1641 1000 sunt
1653 972 1830 1007 conjunctio-

1039 1031 1089 1050 ncs
1102 1022 1328 1057 etoppositiones
1339 1021 1482 1055 eclipticte,
1493 1027 1574 1054 quam
1589 1023 1654 1046 sunt
1668 1018 1720 1053 ipsi
1735 1023 1829 1045 motus

1039 1069 1218 1096 luminarium
1243 1072 1272 1095 et
1297 1067 1413 1102 syzygiae
1430 1074 1485 1093 non
1500 1065 1646 1099 eclipticte.
1665 1072 1748 1099 quam
1763 1068 1828 1091 sunt

1041 1116 1102 1143 dies
1116 1119 1143 1142 et
1159 1119 1266 1144 noctes,
1285 1121 1366 1148 quatn
1381 1112 1500 1139 solstitia
1512 1116 1540 1138 et
1551 1110 1727 1145 aequinoctia,
1744 1116 1827 1143 quam

1039 1168 1149 1189 menses
1165 1165 1194 1187 et
1209 1160 1272 1187 anni
1289 1169 1295 1187 :
1312 1158 1434 1193 pendent
1457 1158 1529 1184 enim
1550 1157 1608 1184 htee
1629 1156 1721 1182 omnia
1742 1154 1828 1181 simili

1040 1207 1123 1236 modo
1136 1216 1149 1234 a
1165 1207 1251 1243 prima
1264 1206 1323 1241 lege
1334 1210 1362 1233 et
1373 1204 1549 1233 ordinatione
1563 1202 1730 1232 conditoris,
1742 1208 1827 1236 quam

1040 1255 1119 1282 coalis
1145 1260 1174 1281 et
1202 1253 1338 1281 sideribus
1360 1251 1530 1287 praescripsit
1560 1251 1593 1276 ab
1618 1249 1698 1276 initio
1717 1248 1830 1275 molitor

1042 1301 1126 1331 Deus.
1146 1308 1228 1335 quam
1250 1300 1338 1334 legem
1358 1301 1529 1326 constantem
1550 1301 1576 1323 et
1602 1295 1761 1322 inviolatam
1784 1301 1830 1320 res

1041 1354 1141 1376 creata:
1169 1352 1352 1379 conservant;
1381 1354 1442 1380 quae
1470 1353 1552 1372 cattsa
1575 1348 1617 1372 est
1638 1351 1688 1370 cur
1710 1342 1830 1376 eclipses

1042 1396 1229 1431 prandicanutr
1250 1394 1431 1422 infallibilitcr
1458 1400 1473 1420 a
1493 1391 1589 1426 peritis
1617 1397 1680 1418 cum
1707 1389 1829 1415 circum-

1042 1441 1152 1469 stantiis
1171 1440 1369 1474 magnitudinis
1391 1443 1419 1466 et
1443 1438 1610 1468 durationis,
1636 1436 1731 1463 habita
1764 1443 1829 1462 exa-

1043 1489 1164 1515 ctissima
1179 1487 1283 1514 ratione
1303 1490 1456 1520 lemportttn
1478 1489 1506 1511 et
1522 1484 1658 1511 locorum,
1675 1481 1702 1508 in
1727 1481 1829 1516 quibus

1045 1534 1097 1560 illa:
1113 1534 1287 1566 contingunt.
1309 1531 1423 1558 Accedit
1448 1531 1519 1563 quod
1537 1537 1668 1556 nttmcrtts
1683 1529 1828 1562 eclipsium

1045 1588 1161 1615 magnus
1177 1580 1212 1606 sit
1226 1583 1253 1605 et
1265 1585 1397 1605 occursus
1419 1577 1549 1610 frequens
1565 1585 1572 1602 :
1590 1580 1721 1608 quatuor,
1747 1575 1830 1601 inter-

1045 1627 1110 1653 dum
1128 1630 1155 1652 ‹-ῐ
1171 1626 1266 1660 plures
1286 1632 1334 1658 per
1354 1623 1477 1657 singulos
1490 1629 1577 1649 annos
1597 1622 1676 1652 fiunt,
1689 1626 1718 1648 et
1738 1621 1793 1655 jam
1814 1629 1829 1647 a

1044 1672 1139 1700 mundi
1152 1671 1265 1699 exordio
1278 1671 1340 1706 plus
1361 1677 1443 1705 quam
1466 1669 1582 1696 vieesirs
1604 1668 1678 1695 tnille
1693 1666 1830 1694 numerari

1046 1722 1171 1754 possunt.

1082 1764 1183 1792 Eadem
1199 1771 1281 1799 porro
1294 1762 1483 1792 Providentia.
1506 1769 1567 1796 quae
1585 1760 1649 1788 fecit
1677 1759 1703 1787 in
1727 1759 1830 1786 mundo

1046 1810 1102 1837 duo
1128 1810 1186 1837 haec
1213 1808 1359 1836 lutuinaria
1384 1815 1493 1843 magna.
1522 1806 1652 1833 luminare
1682 1806 1782 1839 majus.
1805 1809 1830 1830 ut

1047 1861 1167 1892 prmesset
1183 1856 1243 1886 diei.
1261 1860 1284 1881 et
1303 1855 1435 1882 luminare
1458 1855 1556 1884 minus,
1575 1857 1603 1879 ut
1617 1856 1739 1887 pra'esset
1753 1851 1830 1881 nocti,

1047 1908 1075 1930 ut
1091 1903 1206 1930 lacerent
1221 1909 1299 1936 super
1319 1906 1419 1928 terram
1432 1904 1456 1927 et
1474 1899 1618 1926 dividerent
1632 1901 1715 1924 lucem
1732 1907 1748 1925 α
1762 1902 1832 1924 (cne-

1047 1950 1101 1976 bris
1125 1948 1202 1979 (Gen.
1230 1949 1259 1983 t),
1281 1947 1376 1974 eadem
1402 1947 1508 1981 pariter
1533 1953 1581 1972 sua
1606 1945 1730 1971 bonitate
1748 1948 1775 1970 et
1790 1950 1832 1969 sa-

1049 1995 1150 2031 pientia
1169 1999 1259 2021 motus
1272 2001 1367 2020 eorum
1380 1997 1407 2020 et
1427 1992 1624 2019 conversiones
1644 1990 1785 2017 ordinavit
1801 1989 1832 2015 ad

1048 2041 1154 2068 felicem
1178 2040 1272 2067 mundi
1298 2039 1534 2074 gubernationem.
1558 2037 1591 2064 ad
1615 2037 1768 2063 electorum
1793 2044 1833 2062 sa-

1048 2087 1134 2115 lutem
1159 2091 1185 2113 et
1212 2094 1289 2113 suam
1312 2086 1445 2119 gloriam;
1469 2091 1520 2110 nee
1541 2082 1656 2109 dttbittm
1674 2081 1742 2116 qttin
1766 2081 1834 2115 ipsas

1049 2132 1259 2167 cenjunctimms
1269 2135 1301 2158 et
1319 2129 1520 2165 oppositiones,
1538 2128 1604 2155 solis
1615 2132 1640 2154 et
1659 2127 1732 2154 lunae
1761 2126 1834 2153 defe-

1050 2184 1111 2206 ctus
1120 2183 1147 2205 et
1163 2177 1387 2209 illutninationes,
1400 2174 1575 2202 constittterit
1587 2174 1613 2200 in
1626 2181 1753 2201 numero.
1768 2180 1835 2206 pon-

211 2228 324 2263 quidem
349 2227 420 2254 facla
444 2232 486 2254 est
508 2225 542 2253 50
560 2225 604 2252 die
616 2223 781 2251 Novembris
801 2230 873 2249 anno
893 2221 995 2249 Christi
1013 2220 1036 2248 Ι)
1050 2224 1115 2251 dere
1130 2228 1158 2250 et
1174 2229 1312 2252 mensura,
1328 2229 1410 2256 quam
1427 2220 1531 2248 sciebat
1544 2223 1571 2245 et
1589 2218 1699 2245 volebat
1715 2217 1835 2244 humano

213 2275 279 2302 1551
302 2274 330 2301 in
355 2272 507 2302 novilunio.
529 2271 601 2306 quod
620 2275 686 2297 tunc
699 2268 816 2300 exstitit,
834 2268 906 2294 lunae
932 2274 998 2294 vero

212 2320 241 2346 in
255 2318 419 2354 plenilunio.
438 2316 511 2352 qttod
529 2316 645 2350 contigit
658 2322 729 2341 anno
748 2318 880 2349 sequente
901 2313 935 2340 12
950 2313 1000 2340 Fc-

211 2365 329 2392 bruarii.
352 2364 386 2391 Et
413 2363 449 2390 ita
478 2369 525 2389 eas
541 2361 641 2388 tabulae
662 2365 763 2387 nostra:
787 2363 998 2394 repraesentant.

212 2411 248 2438 Et
269 2409 404 2438 Callisius
425 2409 452 2436 in
476 2407 660 2442 Chronologia
675 2413 749 2433 anno
760 2405 863 2433 Christi
880 2405 945 2432 1551
971 2408 1000 2432 et

214 2457 286 2485 1552
311 2456 431 2491 priorem
460 2455 588 2482 observat
611 2453 645 2481 50
671 2452 834 2480 Novembris
857 2451 902 2479 die
931 2453 1000 2478 festo

214 2504 245 2532 S.
260 2503 389 2534 Andreze,
403 2506 431 2530 et
450 2506 512 2536 post
529 2501 588 2527 dies
600 2501 634 2527 74
652 2503 774 2527 secutam
793 2499 830 2526 ait
849 2498 1000 2525 Andronici

213 2554 331 2577 mortetn
352 2549 397 2576 die
417 2548 451 2575 η
467 2547 622 2579 Februarii,
643 2545 717 2574 nulla
734 2546 873 2573 mentione
890 2544 1001 2576 eclipsis

213 2597 286 2624 luuzc
311 2595 416 2624 habita.
439 2602 502 2622 cutn
530 2598 620 2620 tamen
649 2593 831 2627 Nicephorum
859 2595 1001 2618 auctorem

213 2642 320 2674 laudet,
336 2642 382 2676 qui
400 2640 542 2674 utriusque
558 2640 661 2666 diserte
673 2638 800 2666 meminit
813 2641 841 2665 et
854 2641 1001 2671 utramque

213 2689 292 2724 ponit
320 2688 393 2715 inter
421 2687 497 2722 signa
525 2690 640 2713 mortem
666 2683 842 2719 imperatoris
868 2682 1002 2710 divinitus

214 2733 439 2770 praenuntiantia,
455 2740 516 2759 cum
537 2731 586 2762 ait,
603 2731 770 2765 προσημείαι
797 2729 895 2756 πολλαὶ
921 2737 1003 2764 apo:-

217 2780 351 2813 μὴνυσαν,
378 2786 433 2813 quo
459 2777 587 2805 similiter
614 2777 696 2803 modo
718 2776 900 2811 Pachymeres
915 2775 1002 2802 voluit

216 2824 353 2850 defectum
367 2823 433 2850 solis
448 2830 462 2849 a
481 2830 509 2848 se
525 2821 704 2856 descriptum,
721 2825 749 2848 et
768 2829 782 2848 a
796 2821 876 2848 nobis
893 2820 1001 2848 ailixum

217 2868 245 2894 in
272 2868 346 2894 adittt
373 2868 478 2902 imperii
511 2867 661 2900 Theodori,
692 2867 772 2902 715
790 2867 872 2895 breve
894 2866 959 2894 illud
974 2870 1001 2893 et

1051 2269 1144 2304 generi
1162 2268 1195 2295 ad
1214 2268 1329 2295 salutem
1345 2271 1373 2294 et
1387 2266 1545 2294 felicitatem
1562 2264 1748 2299 profuturam.

1089 2314 1159 2340 Xlll.
1180 2313 1219 2340 Ex
1236 2304 1367 2339 bouum:
1389 2310 1566 2345 pronuntiato
1587 2309 1695 2335 tollitur
1720 2308 1834 2334 admira-

1051 2361 1143 2388 bilitas
1153 2365 1182 2386 et
1198 2358 1270 2393 vulgi
1285 2358 1396 2393 quidam
1413 2363 1520 2392 stupor.
1543 2355 1590 2390 qui
1606 2355 1724 2389 eclipses
1740 2362 1834 2381 conse-

1057 2407 1152 2441 quitur
1170 2413 1177 2431 :
1193 2405 1281 2432 oritur
1303 2404 1378 2431 enim
1402 2411 1435 2430 ex
1460 2402 1615 2437 ignorantia
1638 2408 1700 2427 cum
1721 2401 1836 2435 quadam

1052 2454 1174 2481 novitate
1190 2456 1218 2479 et
1234 2451 1346 2478 raritate
1361 2450 1433 2485 apud
1449 2458 1497 2476 eos
1511 2449 1557 2483 qui
1571 2456 1621 2475 nec
1635 2455 1728 2474 earum
1742 2454 1836 2473 causas

1053 2499 1210 2533 intelligunt
1227 2505 1278 2524 nec
1298 2504 1346 2523 eas
1360 2496 1461 2530 Strpius
1479 2496 1670 2524 observarunt,
1688 2501 1751 2520 cum
1774 2501 1835 2519 con-

1053 2549 1094 2571 tra
1115 2544 1255 2578 sapientes
1274 2547 1302 2570 et
1318 2541 1392 2568 docti
1407 2548 1454 2568 eas
1474 2541 1531 2566 suis
1553 2538 1724 2572 temporibus
1749 2536 1834 2563 securi

1052 2593 1222 2624 exspectent,
1250 2593 1278 2615 et
1294 2587 1439 2614 occasione
1460 2586 1486 2612 in
1505 2583 1681 2612 commodum
1707 2589 1834 2609 conversa

1052 2634 1152 2663 elleetu
1179 2634 1249 2661 bene
1274 2637 1396 2663 utantur,
1419 2638 1444 2658 et
1465 2630 1626 2665 perniciem,
1644 2628 1667 2655 si
1684 2635 1738 2662 qua
1751 2626 1830 2653 credi-

1054 2687 1099 2709 tur
1113 2681 1266 2712 imminere,
1285 2683 1370 2706 totam
1386 2679 1412 2705 in
1428 2678 1522 2704 hostes
1537 2675 1674 2702 derivent.

1090 2727 1127 2754 lta
1157 2726 1222 2753 olim
1250 2725 1382 2759 Sulpititts
1413 2723 1516 2754 Gallus,
1537 2726 1567 2748 ut
1591 2721 1712 2747 referunt
1735 2718 1834 2749 Livius,

1055 2775 1073 2801 Ι.
1087 2781 1159 2804 xttv.
1175 2778 1203 2800 et
1213 2773 1286 2800 Plut.
1307 2771 1334 2798 in
1349 2770 1434 2798 Paulo
1449 2769 1569 2798 lEmilio,
1583 2767 1617 2795 de
1633 2766 1731 2801 insigni
1749 2765 1836 2792 detec-

1054 2820 1128 2846 tione
1159 2818 1241 2849 lunae,
1263 2824 1344 2852 quam
1373 2814 1538 2850 prteviderat
1564 2811 1646 2847 716
1670 2811 1696 2836 itt
1719 2809 1836 2837 exercitu

1054 2866 1177 2893 llutuano
1188 2885 1194 2894 η
1207 2864 1234 2891 itt
1259 2871 1314 2893 (tuo
1341 2862 1469 2888 tribunus
1487 2859 1537 2887 sub
1554 2858 1718 2888 imperatore
1732 2855 1838 2883 Aimilio
