1931 3069
169 153 250 185 ’3Υ75

626 155 653 183 l‘.
677 153 828 183 PUS‘SlNl
844 153 1172 182 flliSERVATlONUM
1189 155 1196 182 l
1213 154 1258 184 l3.
1280 154 1337 184 lll.

1733 153 1800 183 1175

178 216 213 239 tte
229 212 272 237 vrl
290 212 394 239 allicttr.
416 217 452 237 ita
470 211 595 237 videlictt
621 210 783 236 innocentes
808 209 924 242 eclipst‘s
939 213 967 234 et
985 212 1003 238 Α
1057 209 1137 244 719
1154 209 1190 236 Ε(
1215 209 1296 236 dit-tis
1322 210 1483 243 intelligitur
1508 217 1567 243 qua:
1594 208 1660 235 fides
1678 208 1804 236 habenda

178 256 367 285 indifferentes
379 257 478 284 habita:
493 255 566 286 sunt}
588 261 616 282 ut
630 256 653 282 al
669 257 690 281 is
718 256 822 284 faustae.
841 255 902 280 aliis
919 263 967 280 uo-

179 304 230 330 xiat:
251 308 279 330 et
306 305 440 330 n'alorum
471 303 630 337 pramontia:
667 303 838 334 viderentur;
872 302 906 327 ita
921 307 967 326 cas

178 349 297 385 quisque
313 350 345 376 aul
360 357 407 376 sua
428 355 489 376 vota
501 349 648 376 convertit.

217 405 309 432 Multa:
344 405 519 432 luminarium
544 403 720 431 defectiones.
742 408 877 429 annotatte
905 407 969 428 sunt

168 452 316 479 ‘mortibus
333 451 540 486 imperatorum,
555 454 649 485 plures
665 455 725 484 post
747 455 862 476 mortem
890 454 917 475 et
942 449 968 475 i:t

179 499 302 525 exordiis
329 497 418 524 notari
454 501 611 532 potuerunt;
652 496 743 522 mnl'm
772 498 970 530 praecesserunt

178 545 271 572 cla‘lcs
287 551 444 579 regnorum,
467 544 607 570 vastitates
630 545 805 577 populorum.
838 541 969 567 bellorcm

180 595 208 618 et
227 591 383 616 morborum
399 590 560 624 perniciem.
591 589 683 624 plures
704 593 857 614 consecutze
883 592 947 613 sunt
963 595 969 612 :

179 643 261 669 atque
289 641 316 662 ιιι
331 641 532 670 consequentes
553 643 640 662 causa:
664 643 717 661 non
734 634 859 660 dicantur
883 634 971 659 bono-

182 691 241 709 rum
265 691 325 716 qure
342 682 441 708 finibus
458 682 593 707 ntalorttm
611 688 717 707 annexa
746 684 820 709 sunt.
853 679 889 705 ita
922 687 972 704 nec.

181 729 368 763 prmecdeutcs
383 729 477 755 haberi
494 728 596 754 debent
611 727 701 754 fontes
718 726 853 752 malorunt
867 725 910 751 vel
932 725 972 750 in—

179 776 266 805 dices.
284 774 306 801 si
319 783 380 809 qua:
394 783 455 802 cum
475 774 527 800 illis
543 777 717 800 concurrant.
747 771 828 799 Medii
853 775 916 798 sunt
944 769 972 796 hi

181 823 361 850 luminariqu
381 821 505 848 defectus
520 821 591 847 inter
604 820 674 846 bona
692 824 719 846 et
736 819 804 845 mala
818 825 909 844 rerum
921 816 974 843 ltu-

183 868 442 899 manarum;nullos
461 866 487 892 in
516 873 562 892 eas
591 865 711 892 inflnxus
737 863 849 892 habent;
870 868 973 889 conne-

182 919 296 941 ctuntur
308 913 419 947 quidem
435 920 496 939 cum
516 912 578 943 illis,
594 911 639 937 sed
654 917 731 939 casn,
746 916 800 935 non
815 906 971 938 cllieicntia,

181 960 463 994 meracontingentia,
488 966 542 985 non
562 957 734 984 necessitate.

215 1016 381 1044 Necessariae
400 1022 464 1043 sunt
479 1023 575 1041 omnes
597 1014 713 1048 cclipscs
728 1013 794 1040 solis
808 1017 834 1038 ct
854 1011 934 1041 lunzc.
946 1014 974 1036 et

183 1063 348 1090 necessariis
364 1061 516 1088 intervallis~
533 1061 682 1090 distincte,
696 1059 829 1086 ordinata:
843 1058 914 1084 inter
926 1063 970 1083 sc-

183 1118 222 1141 sc,
237 1114 265 1137 ct
281 1109 317 1136 ita
332 1108 535 1144 quodammodo
548 1111 730 1133 toneatenata:
747 1111 776 1132 ut
793 1105 848 1132 sint
872 1103 973 1130 infaili-

182 1157 252 1184 biles
268 1160 295 1183 et
309 1154 503 1182 inevitabiles:
520 1153 632 1180 humani
650 1157 741 1179 autent
758 1159 849 1181 casus,
867 1154 972 1184 pestes,

184 1203 267 1233 bella,
286 1205 390 1228 mortes
417 1199 573 1234 principum
594 1199 672 1233 plane
689 1198 878 1231 contingentes
891 1199 974 1222 etso-

186 1251 249 1276 luta:
260 1248 400 1276 colla-rent
413 1246 604 1274 accidentibus
620 1250 647 1271 et
663 1243 889 1272 circumstantiis,
914 1248 974 1274 qua:

185 1301 214 1323 at
229 1303 262 1322 ex
281 1295 422 1321 hominum
437 1294 521 1320 libera
537 1292 680 1319 voluntate
707 1295 734 1318 et
751 1289 864 1316 fortuito
879 1295 974 1314 causa-

184 1351 246 1370 rum
259 1348 397 1370 concursu
414 1339 545 1374 pendent,
556 1339 592 1365 ita
605 1337 748 1364 mutationi
760 1339 824 1363 sunt
836 1333 973 1362 Obnoxiam

184 1395 214 1417 et
228 1387 363 1416 anteverti
379 1387 422 1413 vel
441 1385 567 1420 impediri
584 1388 708 1419 possunt.
723 1383 809 1415 Quam
834 1388 902 1414 ergo
931 1380 974 1406 itt—

184 1442 337 1469 congrmun
350 1438 377 1460 et
395 1431 555 1459 irrationale
576 1431 664 1458 facere
677 1437 721 1456 res
747 1427 916 1455 necessarias
949 1430 976 1452 ct

186 1479 372 1508 immutabilcs
404 1485 500 1504 causas
527 1477 675 1504 ellectuum
708 1473 924 1508 contingentium
948 1477 976 1499 et

186 1526 381 1555 mutabilium?

221 1583 290 1611 XVI.
313 1583 378 1610 Tam
397 1582 475 1608 facile
490 1581 543 1607 diei
563 1585 653 1614 pos~et
673 1583 762 1605 orlunt
793 1577 857 1603 solis
869 1581 914 1602 aut
929 1583 974 1600 σι’-
989 1567 1012 1596 C

186 1639 282 1660 casum
299 1631 370 1657 lunae
388 1636 497 1655 causam
513 1634 572 1654 esse
588 1626 740 1661 iurgiorum
767 1629 796 1650 et
820 1622 975 1650 contentio-

187 1685 264 1708 num.
278 1684 339 1711 qua:
353 1675 395 1702 vcl
412 1674 530 1701 interdiu
547 1673 587 1699 vel
611 1676 692 1698 nocttt
706 1671 878 1704 contingunt,
893 1676 975 1702 quem

187 1725 305 1759 eclipses
317 1722 475 1749 morborum
494 1725 522 1747 ct
536 1718 732 1748 calamitatum,
760 1724 821 1751 qme
844 1720 903 1750 post
917 1715 976 1741 illas

190 1772 269 1798 tlunt.
285 1770 364 1797 Certe
381 1767 552 1803 thninoetiis
564 1770 589 1793 et
615 1765 748 1792 solstitiis.
767 1771 829 1798 qua:
844 1767 939 1797 quater
950 1761 976 1788 itt

191 1826 264 1845 anno
279 1818 335 1851 lege.
349 1821 423 1843 certa
441 1816 509 1840 liunt
520 1818 547 1840 ct
563 1818 715 1847 temporum
730 1811 803 1837 vices
823 1817 871 1835 sua
887 1808 977 1834 diver-

191 1865 272 1891 sitate
288 1863 406 1890 formant
420 1866 447 1888 et
462 1860 646 1893 distinguunt.
663 1864 744 1884 causa
759 1859 850 1890 posset
877 1853 976 1880 ascribi

192 1919 242 1937 cur
257 1913 349 1944 pestes
361 1913 387 1934 et
403 1907 481 1936 bella.
500 1914 549 1932 cur
569 1904 660 1931 clades
680 1909 824 1936 regnorum
852 1905 879 1927 ct
905 1899 976 1926 sedi-

193 1956 282 1982 tiones
293 1953 457 1988 populorum
470 1950 608 1977 eveniant.
623 1948 688 1975 Tam
701 1947 861 1973 innocentes
876 1945 979 1971 haben-

194 2003 235 2030 da:
253 2005 318 2029 sunt
331 1997 539 2033 conjunctiones
557 1994 624 2022 Solis
636 1998 664 2020 et
691 1993 762 2019 luna:
776 1990 978 2018 defectionibus

194 2047 329 2077 obnoxim,
348 2052 429 2080 quant
445 2051 505 2078 qua:
520 2047 582 2069 sunt
609 2041 642 2066 alt
654 2040 693 2066 eis
721 2039 866 2066 immunes.
881 2037 978 2064 Omnia

193 2093 305 2129 quidem
323 2090 472 2126 plcnilunia
487 2093 513 2116 et
527 2087 665 2115 novilunia
679 2093 790 2120 magnas
807 2084 940 2111 invehunt
952 2083 979 2109 iu

194 2141 288 2168 orbem
314 2137 492 2166 mutationes,
520 2133 566 2161 sed
593 2132 760 2160 necessarias
780 2135 806 2157 ct
823 2131 854 2156 ad
875 2130 978 2156 felicem

196 2186 290 2214 mundi
323 2188 423 2211 statum
450 2181 589 2216 sapienter
618 2187 631 2205 a
657 2179 711 2204 Deo
743 2173 977 2206 ordinatasTV'er,

195 2237 292 2263 testas,
307 2235 467 2259 autumnus,
490 2227 576 2254 hiems
589 2233 621 2251 ex
638 2224 703 2251 solis
716 2228 743 2249 et
769 2223 838 2250 lutue
865 2221 980 2248 diversis

196 2276 426 2308 conVcrsionibus
440 2274 579 2303 oriuntur,
593 2276 619 2298 et
630 2272 662 2297 iis
680 2269 841 2296 necessariis
855 2268 888 2294 ad
914 2273 981 2294 tctu-

197 2332 294 2360 porum
312 2321 534 2349 commoditatem
544 2323 572 2346 ct
586 2317 727 2344 hominum
741 2315 908 2345 felicitatem,
923 2321 982 2346 tunc

187 2377 307 2405 semper
319 2367 414 2396 cadent
430 2367 498 2401 lege,
520 2372 601 2399 quam
633 2362 711 2389 initio
733 2369 824 2388 rerum
857 2359 983 2387 conditor

197 2416 350 2446 constituit.
364 2421 476 2441 cursum
493 2414 642 2439 tenuerunt
656 2413 684 2435 et
699 2407 841 2435 tenebunt.
861 2405 929 2438 Quis
939 2413 984 2431 sa-

188 2465 278 2498 :piens
297 2462 331 2488 iis
342 2459 462 2487 ascribat
475 2457 636 2484 surculorum
659 2453 845 2482 calamitates?
861 2452 923 2487 quis
939 2459 986 2477 eo-

199 2517 258 2536 rum
275 2507 471 2541 malignitatcm
488 2505 514 2531 itt
535 2503 648 2529 adversa
663 2507 808 2535 regnarunt
826 2499 987 2525 fortunaac—

188 2555 296 2583 rcusat?
326 2553 388 2587 quis
432 2549 608 2585 proditionis,
632 2547 694 2582 quis
729 2547 799 2573 tzcsa:
837 2544 987 2579 maiestatis

200 2598 379 2628 condemnat?

237 2657 409 2683 Evcnscntur
423 2653 507 2687 igitur
527 2650 624 2686 synodi
641 2648 816 2676 luminarium
842 2646 987 2680 eclipticm.

200 2709 261 2736 qua:
273 2709 326 2727 non
340 2700 429 2725 minus
446 2695 607 2724 necessariae
631 2702 720 2729 neque
739 2694 828 2720 minus
840 2693 873 2720 ad
886 2694 987 2720 bonum

202 2746 322 2774 universi
339 2753 353 2771 τι
370 2745 425 2771 Deo
450 2743 592 2771 ordinaue.
622 2743 804 2768 Absolvantur
814 2741 847 2767 ah
860 2740 989 2774 opittionc

204 2791 476 2824 tualeticenli:e,quat
504 2797 558 2816 non
585 2789 644 2822 plus
671 2787 848 2822 malignitatis
880 2785 989 2816 habent,

203 2846 265 2871 qua:
284 2845 336 2862 non
351 2836 411 2869 plus
425 2835 522 2861 virium
538 2834 571 2861 ad
588 2833 764 2860 mutationem
777 2833 847 2860 aeris
858 2836 884 2858 Ct
897 2831 993 2858 hutno-

198 2890 268 2908 rrum
287 2882 386 2908 sortitae
398 2885 471 2907 sunt.

1021 255 1056 280 sit
1072 255 1272 289 astrologorum
1300 256 1373 288 genti
1404 263 1475 282 cu'ca
1494 255 1637 288 celipsinm
1663 254 1802 280 diritatem

1022 306 1049 327 et
1068 301 1216 327 effectuum
1234 309 1266 327 ex
1293 301 1326 328 iis
1343 302 1569 335 consequentium
1596 300 1802 333 malignitatem.

1022 347 1091 374 Sunt
1105 347 1150 381 qui
1170 347 1306 374 maleficos
1321 355 1415 374 earum
1433 348 1505 373 \‘ires
1524 346 1674 381 provinciis
1687 350 1714 372 et
1729 345 1805 371 urbi-

1022 393 1072 419 hns
1103 393 1260 426 specialiter
1285 393 1448 422 ascribunt,
1475 396 1502 418 et
1529 391 1673 418 duodecim
1702 390 1806 416 zodiaci

1022 440 1107 474 signis
1132 440 1158 465 in
1186 443 1306 473 quatuor
1329 438 1498 473 quadrantes
1528 437 1683 464 distributis
1707 443 1806 462 nocere

1023 487 1118 513 volunt
1129 485 1245 519 eclips«s
1265 485 1297 511 iis
1314 484 1454 519 pra-cipue
1481 482 1576 510 mnttdi
1595 483 1730 517 partibus,
1747 488 1807 514 qua!

1023 534 1153 565 sultjecta-
1170 537 1233 558 sunt
1246 532 1324 565 signo
1341 531 1418 564 cuius
1436 531 1463 556 in
1483 529 1593 562 regione
1616 528 1726 562 eclipsis
1748 527 1802 555 li-nt.

1023 584 1051 605 et
1070 579 1219 605 eifectuum
1249 577 1315 602 vitia
1348 584 1395 608 [ro
1423 575 1534 607 ctlipsis
1561 571 1749 607 magnitudine
1775 571 1806 596 ad

1024 626 1119 661 plures
1145 630 1254 650 menses
1276 628 1358 656 atque
1377 621 1460 647 etiam
1481 627 1567 646 annos
1584 617 1743 645 extendunt.

1059 671 1129 697 Sunt.
1159 670 1204 703 qui
1241 669 1267 694 in
1293 667 1443 702 eclipsibus
1469 666 1603 691 rationem
1637 664 1809 697 planetarum

1025 717 1189 752 prtecipnam
1219 714 1313 741 haberi
1334 713 1439 743 volunt.
1459 717 1487 738 et
1509 712 1542 738 iis
1560 710 1676 737 maxime
1693 707 1813 734 homini-

1026 763 1077 790 bus
1098 762 1184 789 labent
1210 760 1359 787 timendam
1387 758 1532 786 affirmant.
1549 763 1665 791 quorutu
1684 755 1710 780 in
1731 754 1812 780 lioto-

1027 819 1110 845 scopo
1143 809 1261 846 [[5508]
1294 809 1375 835 iidem
1402 807 1449 841 qui
1470 805 1619 840 eelipsibus
1635 803 1814 829 dominantur

1027 855 1152 889 planetm.
1169 854 1322 888 prtesertim
1339 853 1361 879 si
1384 851 1556 885 malignioris
1570 854 1676 875 natura!
1691 851 1765 874 sunt.
1783 850 1813 873 ut

1026 899 1096 926 Mars
1110 904 1138 926 et
1162 898 1308 926 Saturnus.
1325 902 1352 924 et
1375 905 1389 923 a
1404 897 1483 928 Jove,
1503 895 1610 922 Venere
1632 897 1659 919 et
1675 891 1814 919 Mercurio

1026 947 1066 972 vis
1081 953 1177 972 corum
1201 945 1323 971 maleﬁca
1340 952 1393 970 non
1412 942 1588 974 refringatur.

1061 992 1133 1018 Sunt
1160 992 1206 1026 qui
1233 998 1283 1025 pro
1311 989 1394 1016 variis
1421 988 1549 1015 domibus
1580 985 1760 1014 cmlestihus,
1785 982 1814 1009 in

1025 1038 1125 1073 quibus
1142 1038 1259 1070 eclipscs
1285 1036 1372 1066 fiunt,
1392 1034 1565 1068 distinguunt
1581 1031 1713 1058 malorum
1738 1028 1814 1054 varia

1025 1090 1124 1118 genera
1139 1086 1167 1108 et
1184 1088 1376 1116 personarum,
1392 1078 1494 1113 quibus
1510 1084 1541 1103 ca
1556 1076 1625 1102 mala
1640 1072 1813 1108 impendent.

1025 1130 1054 1156 ln
1076 1137 1148 1155 nona
1167 1128 1249 1154 domo
1273 1125 1503 1159 significationem
1522 1122 1690 1149 seditionum
1707 1124 1735 1146 et
1751 1127 1815 1144 ntu-

1029 1175 1147 1202 tationes
1168 1173 1330 1207 religionum
1347 1171 1404 1197 fieri
1421 1173 1567 1200 asserunt;
1584 1168 1610 1194 in
1625 1166 1720 1200 quinta
1734 1172 1815 1199 agro-

1027 1228 1087 1247 rum
1104 1219 1277 1246 sterilitates.
1295 1217 1380 1243 fanves
1402 1221 1427 1241 et
1448 1220 1539 1249 pestes
1561 1211 1697 1247 portendi.
1717 1209 1814 1236 aulicis

1029 1267 1146 1292 fortuna:
1163 1264 1294 1293 ludibria.
1312 1261 1515 1297 prmgnantihus
1539 1258 1647 1286 fetninis
1663 1260 1756 1290 partus
1773 1255 1813 1280 in-

1029 1313 1188 1339 felicitatem
1218 1310 1358 1340 nuntiari;
1385 1309 1411 1334 in
1430 1312 1525 1342 quarta
1543 1306 1625 1332 domo
1650 1304 1770 1330 Saturno
1786 1305 1815 1328 et

1028 1359 1112 1386 Marte
1138 1365 1199 1384 cum
1228 1355 1325 1390 ει·ὶὶρεί
1353 1351 1581 1391 convenientibus
1604 1350 1746 1376 vastitates
1764 1355 1812 1372 ιιι-

1029 1405 1104 1432 biutn
1129 1409 1158 1430 et
1183 1402 1357 1430 dominorum
1385 1399 1566 1426 mutationem
1595 1394 1753 1430 significari.
1780 1393 1813 1419 l-lt

1028 1452 1086 1478 haec
1099 1450 1223 1484 quidem,
1241 1448 1348 1481 aliaque
1371 1454 1424 1472 non
1440 1445 1563 1474 meliora,
1579 1447 1651 1468 tanta
1671 1439 1812 1467 confiden-

1030 1498 1066 1524 tia
1082 1496 1193 1531 quidam
1214 1493 1404 1528 pronuntiant.
1423 1491 1499 1525 quasi
1514 1494 1588 1516 certo
1604 1489 1696 1514 futura
1710 1490 1812 1513 essent.

1029 1549 1057 1570 et
1074 1547 1127 1569 tam
1152 1546 1234 1566 certa:
1252 1547 1347 1566 eorunt
1370 1545 1459 1564 causa:
1477 1536 1510 1562 iis
1525 1535 1687 1563 creduntur,
1709 1537 1738 1558 ut
1755 1540 1814 1564 pcr-

1030 1596 1112 1616 sonas
1124 1588 1206 1614 etiam
1220 1585 1373 1620 singulares
1394 1591 1473 1614 sexu,
1489 1581 1659 1616 professione
1675 1584 1704 1606 et
1725 1577 1815 1612 digni-

1032 1641 1084 1663 tate
1101 1634 1216 1667 aliisqne
1234 1631 1353 1666 propriis
1378 1627 1586 1657 conditionibus
1612 1626 1768 1659 designent,
1788 1627 1814 1648 ct

1031 1683 1098 1717 ipsis
1120 1679 1278 1706 nominibus
1298 1676 1451 1712 appellare,
1474 1674 1497 1701 si
1515 1678 1572 1700 tuto
1594 1676 1716 1708 possent,
1733 1670 1814 1704 proti-

1032 1734 1152 1755 tt-ttttlllr.

1067 1773 1148 1800 XVll.
1161 1773 1190 1799 In
1211 1772 1262 1798 hoc
1279 1776 1378 1805 genere
1405 1765 1581 1802 proditiontite
1604 1768 1699 1799 peccat
1718 1762 1745 1788 in
1761 1761 1816 1796 pri-

1032 1821 1082 1847 mis
1099 1819 1251 1854 Cyprianus
1270 1816 1409 1843 Leot‘itius
1425 1815 1451 1840 iu
1470 1812 1653 1846 descriptione
1668 1814 1695 1836 et
1710 1809 1815 1843 pictura

1031 1868 1170 1901 celipseon
1188 1873 1246 1898 qmc
1261 1863 1294 1889 ah
1318 1869 1389 1889 anno
1414 1861 1481 1887 1534
1497 1866 1582 1893 usque
1600 1858 1634 1884 ad
1658 1856 1726 1883 1603
1749 1863 1816 1881 con-

1034 1915 1165 1948 tigerunt.
1185 1911 1230 1936 ubi
1254 1917 1348 1936 earum
1378 1906 1608 1942 signiﬁcationem
1625 1903 1703 1938 plane
1718 1909 1816 1927 secun-

1034 1962 1099 1988 dum
1127 1958 1236 1992 regulas
1251 1954 1405 1989 astrologia:
1419 1951 1570 1988 iudiciarize
1585 1949 1727 1976 deserliit.
1740 1947 1815 1979 Οιιιιι

1034 2013 1062 2033 et
1079 2009 1208 2040 praestant
1224 2007 1285 2037 post
1302 2001 1480 2027 Ptolemaeum
1492 1997 1643 2025 Cardanus.
1659 1994 1816 2021 Junctinus.

1033 2053 1181 2087 Origanus.
1197 2055 1222 2075 et
1237 2048 1282 2075 alii
1300 2045 1508 2080 epltemeridum
1525 2043 1685 2076 scriptorcs,
1702 2045 1732 2066 ut
1751 2040 1818 2066 artis

1031 2097 1186 2133 iudiciaria:
1211 2095 1384 2128 professores
1417 2091 1540 2124 plerique
1574 2095 1682 2115 omnes.
1715 2087 1817 2114 Contra

1034 2131 1104 2178 quos
1122 2141 1191 2168 nihil
1211 2148 1260 2174 ego
1277 2138 1369 2166 modo.
1391 2136 1512 2163 Sufﬁciat
1532 2134 1604 2169 quod
1620 2133 1654 2160 de
1670 2131 1819 2166 eelipsibns

1035 2190 1079 2216 hic.
1100 2185 1289 2222 pronuntiavi.
1308 2191 1355 2210 cas
1369 2191 1403 2210 ex
1424 2180 1580 2208 necessario
1595 2183 1622 2206 et
1637 2187 1651 2204 ει
1670 2178 1724 2205 Deo
1743 2178 1820 2203 ordi-

999 2243 1019 2270 D
1036 2240 1099 2263 mtto
1122 2233 1189 2261 solis
1210 2237 1238 2259 ct
1255 2232 1327 2258 luna:
1344 2236 1461 2256 occursu
1487 2227 1529 2254 vel
1548 2225 1721 2259 oppositione
1740 2225 1820 2250 iuno—

1034 2280 1106 2308 centi
1120 2278 1250 2314 prodire;
1266 2282 1383 2310 quarutn
1397 2279 1537 2300 auctorem
1552 2274 1684 2297 accusant
1701 2270 1718 2295 ii
1738 2268 1818 2302 impie

1035 2327 1081 2362 qui
1099 2333 1147 2352 eas
1173 2328 1213 2351 tot
1232 2322 1365 2349 malorum
1388 2327 1486 2346 causas
1510 2318 1607 2344 haberi
1625 2317 1730 2345 volunt.
1750 2321 1778 2341 et
1792 2323 1819 2341 se

1036 2372 1109 2406 ipsos
1125 2369 1265 2404 impietate
1285 2367 1354 2394 artis
1370 2365 1478 2392 infamis
1507 2368 1535 2390 ct
1557 2362 1690 2389 humanis
1705 2361 1821 2387 dixinis‘

1036 2425 1091 2452 que
1112 2416 1219 2450 legibus
1237 2412 1391 2440 interdicttc
1407 2409 1608 2438 contaminant.

1073 2463 1165 2489 Liceat
1193 2458 1361 2488 infidelibus,
1382 2462 1429 2484 aut
1453 2455 1519 2490 quid
1554 2455 1588 2481 sit
1611 2453 1721 2488 eclipsis
1745 2453 1821 2487 igno-

1037 2508 1174 2536 rantibus.
1201 2506 1283 2532 inme.
1311 2509 1341 2530 ut
1368 2507 1475 2538 putant.
1506 2500 1649 2527 laboribus
1680 2499 1820 2533 opitulari.

1039 2556 1131 2582 Liceat
1148 2551 1341 2580 tintinnabulis
1364 2555 1391 2576 et
1415 2549 1478 2576 teris
1504 2555 1572 2574 sono
1597 2554 1677 2580 quatit
1709 2549 1823 2579 possunt

1038 2599 1281 2627 vehementissimo
1296 2602 1400 2622 terrere
1425 2594 1584 2625 draconem,
1608 2592 1654 2626 qui
1681 2599 1742 2618 eum
1760 2591 1822 2616 luna

1041 2646 1228 2681 congreditur.
1245 2643 1341 2670 Liceat
1359 2641 1528 2668 muiii-rculis
1544 2639 1617 2673 sagis
1633 2643 1660 2664 et
1680 2637 1821 2666 malclicis,

1040 2700 1100 2725 qua:
1126 2691 1197 2717 luna:
1217 2696 1325 2715 autores
1352 2687 1478 2714 ambiunt.
1503 2689 1550 2711 aut
1568 2684 1691 2710 vendunt
1707 2684 1822 2713 favores,

1041 2745 1101 2764 eam
1122 2745 1137 2763 e
1158 2735 1280 2762 tenebris
1294 2737 1479 2767 emergentem
1503 2731 1545 2757 vel
1570 2730 1688 2756 salutare
1706 2728 1823 2754 redeun-

1044 2789 1097 2810 tctu
1125 2782 1165 2808 vel
1209 2780 1378 2814 proclamare
1412 2777 1565 2803 victricem.
1598 2773 1767 2801 Christianis
1796 2776 1824 2798 et

1045 2830 1128 2856 llcum
1152 2826 1312 2854 timentibus
1328 2830 1354 2851 ct
1369 2823 1487 2851 eruditis
1504 2822 1580 2849 nefas
1596 2827 1726 2847 accusare
1740 2819 1824 2845 Deum

1047 2876 1072 2902 in
1092 2874 1222 2903 oneribus
1252 2878 1304 2899 tam
1333 2871 1472 2899 bra-claris
1499 2874 1526 2895 et
1557 2867 1686 2895 beneficis
1709 2865 1776 2892 solis
1797 2869 1824 2892 et
