1931 3069
168 153 236 188 1179

611 157 644 188 P.
665 157 820 188 POSSINI
840 155 1172 188 OBSERVATIONUM
1203 155 1278 187 LlB.
1294 154 1354 184 IlI.

1733 151 1807 182 lliitl

166 214 187 243 Ι.
211 222 253 247 ιιι,
267 222 294 249 p.
311 213 346 241 30
367 214 413 241 ed.
430 213 514 241 Basil.
531 214 571 241 sic
586 214 711 248 loquitur
725 215 760 242 de
787 215 837 242 ista
862 214 936 242 mede
949 223 956 241 :
971 215 995 244 Α
1008 219 1036 240 ct
1056 213 1090 240 ad
1107 218 1217 240 nostras
1239 216 1335 240 exacte
1360 210 1485 238 rationes
1506 209 1661 245 quadrante
1679 209 1803 236 calculo.

173 261 287 296 Ἐννάτη
313 261 364 295 μὲν
392 261 446 295 γὰρ
462 260 553 295 ἡμέρα
569 263 660 296 παρῆν
677 262 747 296 μετὰ
762 263 813 295 τὴν
827 262 957 296 τελευτὴν

166 306 214 333 τοῦ
233 306 378 341 βασιλέως.
394 306 445 334 Cui
465 314 623 334 consonans
643 312 739 334 noster
763 307 842 335 initio
867 316 891 335 c.
907 308 953 340 19,

166 352 187 379 l.
212 360 220 379 l
242 361 249 379 :
268 353 342 383 Τέως
368 352 391 378 δ’
404 351 463 384 οὖν,
483 353 584 387 inquit,
601 353 617 388 ὴ
634 355 699 387 περὶ
722 353 760 388 τῷ
783 355 957 389 ἁποιχομένῳ

167 398 265 433 ὲννάιτη
289 398 408 433 κειμένῳ
427 398 518 433 παρῆν
533 418 540 429 ,
558 402 612 426 etc.
630 398 665 425 Et
680 399 733 426 ltoc
749 407 816 434 ergo
830 408 880 435 pro
894 408 959 427 con-

167 444 251 470 stanti
275 444 444 475 tenendum,
462 443 527 470 licet
546 445 705 479 Acropolita
722 445 756 472 de
784 445 830 472 die
856 449 956 478 taceat.

167 497 241 517 nono
264 494 326 524 post
342 494 459 517 mortem
475 490 614 518 Theodori
629 491 674 518 die
690 491 848 519 Muzalones
865 491 958 520 furore

167 536 284 562 militum
309 543 455 570 oppressos
481 536 508 563 in
531 537 633 571 templo
645 541 673 564 et
697 537 875 566 obtruncatos
897 546 959 573 per-

168 582 242 609 iisse.
271 582 438 610 Deliberatio
465 583 529 610 ittde
554 583 588 610 de
608 584 694 610 tutela
716 585 795 618 pueri
812 585 956 620 principis,

168 628 268 656 electio
282 629 315 656 ad
343 629 369 656 id
393 629 534 657 Michaelis
550 629 710 665 Palaeologi,
729 630 813 666 huius
830 639 878 666 per
897 640 959 666 gra-

168 674 222 702 dus
239 676 272 702 ad
290 676 435 710 imperium
465 677 603 711 adreptio.
632 677 696 704 dum
722 678 845 712 primum
869 680 958 714 magni

170 720 249 747 ducis
270 720 349 748 titulo
365 722 525 756 insignitur.
539 721 641 749 deinde
654 728 784 758 tanquam
799 725 832 751 ad
846 725 958 752 deman-

169 767 265 794 datum
289 775 389 794 tnunus
412 768 463 794 rite
480 769 630 802 gerendum
646 770 802 797 necessaria
819 776 957 805 potestate

171 813 293 848 despotte
311 819 438 841 ornatur.
457 814 582 849 Denique
599 816 705 850 pttpillo
722 817 840 852 principi
856 818 959 853 collega

171 858 198 885 in
221 859 338 892 itnperio
354 859 525 886 decernitur.
547 860 620 892 Htec,
637 861 761 896 inquam,
775 867 800 889 et
817 863 900 889 varia:
915 863 958 890 iu-

170 905 250 930 terim
286 912 301 931 a
333 905 486 940 Palaeologo
514 910 542 933 et
570 906 650 941 hujus
677 908 809 935 studiosis
834 909 963 936 exercitat

170 951 329 978 ambitionis
347 957 420 979 artes
434 952 494 980 istis
510 953 665 980 honoribus
680 961 695 981 ει
713 954 788 981 clero
801 959 830 981 et
845 955 963 989 patriar-

171 997 233 1028 cha,
251 1004 266 1023 a
281 1002 378 1024 senatu
395 1002 423 1024 et
441 999 544 1033 populo
558 999 761 1031 eblandiendis,
778 999 859 1027 facile
878 1000 962 1026 trium

169 1048 198 1070 et
222 1043 294 1077 quod
324 1045 447 1071 excurrit
469 1044 607 1072 mensium
635 1046 751 1080 spatium
767 1046 891 1081 exigunt.
907 1055 962 1081 quo

171 1090 223 1115 sub
244 1089 324 1117 linem
349 1091 508 1118 Decembris
526 1092 669 1126 impetrari
691 1093 814 1120 omnium
833 1094 962 1122 ordinum

171 1143 308 1162 consensu
323 1137 446 1170 potuerit
460 1141 491 1164 ut
509 1137 536 1164 in
553 1137 695 1172 proximas
711 1139 846 1166 Kalendas
858 1139 962 1167 Janua.

171 1180 228 1207 rias
257 1180 430 1208 indiceretur
455 1182 519 1209 novi
551 1183 728 1218 imperatoris
750 1183 891 1211 Michaelis
913 1184 963 1211 Pa-

173 1226 281 1261 lmologi
302 1227 465 1255 acclamatio
485 1229 627 1255 solemnis.
654 1229 712 1256 lloc
733 1229 773 1258 ῦς
799 1235 894 1257 noster
913 1238 962 1258 ex-

171 1274 268 1309 primit
292 1274 343 1301 sub
370 1273 451 1301 linem
479 1275 578 1309 capitis
597 1275 632 1302 ‘29
645 1294 653 1306 .
675 1275 692 1302 1.
723 1283 741 1302 ιι
757 1283 764 1301 :
782 1276 894 1311 Ὦριστο
912 1275 962 1312 μὲν

173 1317 220 1346 οὖν
239 1319 256 1354 ἡ
279 1320 370 1354 ἡμέρα
386 1319 436 1353 τῆς
454 1320 631 1355 ἀνσρῤήσεως
653 1320 874 1354 ἑκατομϐαιῶνος
902 1330 963 1348 νου-

175 1365 261 1400 μηνία
281 1365 330 1400 τῆς
347 1365 409 1391 τότε
429 1368 583 1400 τρεχούσης
604 1365 733 1400 δευτέρας
755 1367 962 1402 ὲπινεμήσεωςο

174 1411 315 1446 Prceﬁnita
332 1415 369 1438 est
385 1411 441 1438 dies
461 1411 662 1439 declamationis
679 1412 808 1440 Kalendw
823 1413 964 1442 Januariw

175 1458 305 1485 currentis
334 1463 395 1485 tunc
425 1458 547 1485 secundm
572 1459 735 1486 indictionis.
762 1459 826 1487 Fuit
845 1460 890 1487 hic
904 1460 964 1488 dies

175 1504 283 1538 primus
312 1505 375 1531 anni
405 1504 507 1532 Christi
534 1505 614 1536 1260.
634 1505 759 1540 quicum
790 1506 827 1533 sit
853 1506 963 1541 periodi

174 1550 290 1577 Jatianm
304 1550 385 1581 5975.
396 1550 557 1578 indictionis
573 1559 718 1578 numerum
730 1552 828 1579 habuit
839 1553 963 1585 tertium,

176 1597 224 1624 Sed
237 1605 250 1623 a
268 1596 426 1631 Septembri
441 1597 574 1624 duntaxat
589 1597 788 1625 inchoandum.
800 1598 879 1626 Unde
890 1603 964 1626 recte

174 1643 303 1669 Convenit
324 1643 396 1677 quod
413 1643 524 1678 scripsit
543 1647 638 1670 noster
656 1644 817 1677 historicus,
836 1644 967 1672 indictio-

175 1696 238 1716 nem
255 1695 320 1716 tunc
334 1689 425 1716 adhuc
439 1689 587 1716 secundam
603 1691 769 1718 cucurrisse.

212 1734 256 1762 Ill.
286 1735 350 1762 Post
378 1741 542 1762 coronatum
569 1737 762 1772 Palscologum,
779 1738 827 1772 qui
847 1741 966 1768 maxime

176 1781 294 1808 illustris
320 1786 436 1808 eventus
463 1782 589 1817 contigit.
607 1782 660 1809 fuit
688 1785 863 1819 recuperatio
884 1787 967 1821 regia:

177 1826 255 1853 urbis
285 1826 390 1852 dudum
423 1832 564 1862 occupatae
607 1827 820 1864 insessaequea
848 1830 965 1859 Latinis.

177 1871 267 1903 Quare
286 1871 367 1906 digna
387 1876 429 1898 est
457 1879 500 1898 res
520 1873 600 1906 cujus
617 1878 732 1907 patratae
754 1879 862 1909 tempus
883 1877 966 1911 paulo

177 1917 339 1951 diligentius
356 1917 525 1951 exploretur.
552 1918 651 1945 Narrat
675 1919 748 1946 illaut
775 1925 870 1948 noster
892 1923 910 1949 l.
935 1931 965 1955 ιι,

180 1970 206 1989 c.
217 1962 334 1993 ‘26—‘28,
344 1971 399 1996 prae
415 1964 525 1990 cunctis
539 1964 600 1991 aliis
617 1965 644 1991 in
661 1965 714 1992 isto
727 1972 890 2001 argumento
904 1976 967 1995 ver-

179 2009 245 2036 satis
256 2009 368 2043 copiose
381 2017 412 2036 ac
425 2009 581 2044 diligenter.
606 2011 644 2038 De
668 2016 790 2047 tempore
807 2014 863 2041 ha-c
877 2015 966 2041 solum

180 2054 264 2081 tradit
287 2055 338 2082 sub
370 2055 451 2082 linem
469 2063 495 2083 c.
512 2057 558 2089 27,
579 2062 686 2092 captant
712 2059 808 2086 urbem
826 2067 841 2087 a
861 2060 967 2088 Czssare

177 2101 274 2128 Alexio
292 2100 483 2136 Strategopulo
496 2102 540 2130 die
557 2110 659 2131 sanctae
681 2104 768 2132 Annte
791 2108 885 2134 matris
906 2108 968 2135 Dei-

178 2154 251 2181 parae
267 2153 345 2173 sacra
360 2147 456 2181 quinta
479 2153 507 2174 et
533 2149 664 2177 vicesima
679 2152 783 2178 mensis
798 2152 863 2179 Julii
877 2161 884 2185 ;
904 2161 966 2180 nam

178 2201 212 2219 eo
239 2193 284 2220 die
308 2193 394 2220 Graaci
421 2194 449 2221 S.
477 2195 564 2223 Annae
591 2197 763 2229 memoriam,
781 2198 871 2233 pridie
886 2208 966 2233 quain

1012 258 1047 286 Ut
1082 266 1172 285 annus
1202 258 1297 285 mundi
1334 266 1395 285 atrae
1423 257 1544 292 vulgaris
1580 256 1738 283 Graecorum
1769 255 1804 282 ad

1012 305 1116 333 Christi
1139 313 1241 332 annum
1268 305 1421 340 redigatur.
1446 309 1578 339 perpetua
1600 302 1733 330 mctltodo
1750 302 1804 328 tol-

1012 351 1087 378 lendi
1104 359 1137 379 ex
1161 359 1268 378 summa
1285 356 1349 377 sunt
1368 351 1447 378 5508.
1465 351 1550 386 lgitur
1565 357 1654 377 annus
1671 349 1704 376 ah
1721 349 1804 375 Acro-

1013 398 1097 432 polita
1121 397 1261 425 indicatus
1279 398 1374 425 mundi
1399 397 1469 424 (i769
1488 397 1559 424 idem
1583 396 1635 422 fuit
1653 403 1716 421 rum
1731 403 1804 422 anno

1013 452 1075 471 atra?
1091 449 1194 471 nostra!
1210 444 1373 471 Christianze
1397 444 1476 471 1ἓ61.
1497 444 1544 471 Est
1571 444 1616 470 hic
1633 443 1738 476 periodi
1757 442 1804 468 lu-

1014 490 1094 517 lianal
1114 490 1192 522 5974.
1205 498 1267 525 quat
1286 498 1394 518 summa
1411 490 1499 517 divisa
1516 498 1565 524 per
1579 488 1738 524 quindecim
1757 488 1804 515 dat

1014 544 1163 564 numerum
1189 537 1350 564 indictiouis
1374 542 1515 570 quartum.
1541 535 1665 570 Spatium
1692 541 1803 568 quoque

1015 582 1136 610 detenta:
1154 590 1170 610 a
1185 583 1292 610 Latinis
1308 582 1386 609 urbis
1402 581 1568 608 adamussim
1586 584 1668 606 rectm
1682 579 1803 606 chrono-

1015 629 1094 664 logite
1126 633 1252 656 exactum
1270 628 1305 655 ah
1326 628 1482 662 Acropolita
1511 626 1648 661 proditur.
1670 625 1804 658 Superius

1015 676 1118 710 quippe
1133 683 1158 702 c.
1176 675 1194 701 2
1216 674 1338 701 vidimus
1357 678 1464 708 captam
1487 680 1502 699 a
1524 671 1631 698 Latinis
1644 671 1804 698 Constanti-

1016 720 1138 755 nopolim
1156 727 1228 747 anno
1243 720 1346 747 Christi
1374 719 1461 751 l203;
1478 727 1540 746 cum
1556 723 1648 745 autem
1666 725 1740 744 nunc
1754 717 1806 743 dc-

1015 768 1144 794 ﬁniamus
1158 772 1296 801 receptam
1310 774 1324 793 a
1343 765 1446 793 Graecis
1467 765 1592 792 eamdem
1607 763 1691 791 fuisse
1706 763 1803 790 urbem

1015 821 1088 840 anno
1103 813 1208 840 Christi
1224 812 1303 842 1261,
1320 811 1367 846 qui
1384 820 1417 838 ex
1432 811 1462 838 6|
1481 811 1498 837 5
1513 810 1693 839 subtraxerit.
1709 816 1805 836 exacte

1015 859 1136 892 reperiet
1163 858 1197 886 58
1226 865 1314 885 annos
1339 857 1455 885 dominii
1480 857 1642 884 Latinorum
1673 857 1700 883 in
1729 856 1805 890 regia

978 897 1000 926 Β
1014 905 1173 933 Graccorum
1199 905 1321 931 civitate.

1051 951 1094 978 IV.
1115 950 1212 978 Restat
1226 951 1354 978 ultimum
1374 958 1406 978 ex
1421 950 1573 986 propositis
1590 955 1671 984 caput
1691 949 1807 984 cpovlne

1014 1001 1099 1024 cerne
1130 997 1293 1032 illigandqu
1318 997 1468 1024 excaecatio
1488 997 1568 1032 pueri
1595 996 1720 1024 Joannis.
1739 995 1805 1022 Eam

1014 1047 1110 1070 noster
1136 1051 1188 1078 pro
1210 1043 1344 1070 facinoris
1369 1043 1514 1070 atrocitate
1532 1042 1634 1078 tragice
1658 1041 1806 1075 deplorans

1014 1091 1063 1118 lib.
1085 1099 1127 1122 ιιι,
1153 1099 1177 1118 c.
1205 1091 1250 1122 l0.
1278 1090 1386 1117 ttnicant
1403 1091 1537 1125 temporis
1564 1089 1806 1117 circumstantiam

1014 1138 1177 1168 notat,dum
1198 1141 1251 1164 tam
1273 1137 1421 1163 immanem
1440 1136 1628 1163 carniﬁcinam
1652 1136 1678 1161 in
1700 1135 1806 1169 pupillo

1015 1183 1177 1214 innocente,
1189 1190 1240 1217 pro
1254 1183 1422 1217 imperatore
1435 1182 1621 1209 Romanorum
1633 1182 1688 1216 jam
1701 1182 1805 1216 agnito.

1014 1229 1164 1256 exercitam
1195 1229 1336 1256 horrcndo
1366 1237 1433 1256 ausu
1461 1233 1595 1256 memorat
1612 1229 1655 1254 die
1679 1227 1805 1254 omnium

1016 1275 1202 1306 sanctissima,
1217 1275 1405 1301 anniversaria
1425 1274 1555 1301 videlicet
1570 1274 1675 1301 Natalis
1688 1273 1806 1300 Christi.

1015 1321 1123 1348 Annum
1140 1321 1305 1353 investigare
1317 1327 1368 1346 tios
1382 1324 1503 1353 oportet.
1538 1319 1570 1356 [Ρ
1590 1318 1652 1353 5111
1672 1319 1706 1346 Ut
1720 1326 1805 1352 quam

1015 1367 1140 1402 proxime
1155 1372 1218 1402 post
1242 1366 1340 1393 initum
1360 1374 1375 1393 a
1392 1366 1525 1394 Michaele
1545 1366 1696 1400 Palmologo
1716 1366 1805 1399 impc-

1016 1413 1089 1440 rittm
1117 1413 1145 1441 id
1161 1414 1309 1449 opinemur
1337 1413 1452 1445 factum,
1478 1412 1582 1447 subigit
1611 1412 1670 1446 ipse
1700 1411 1806 1446 Pachy-

1016 1466 1117 1492 tneres,
1143 1459 1189 1492 qui
1210 1467 1273 1486 cum
1291 1459 1373 1487 modo
1387 1459 1498 1486 laudato
1524 1467 1549 1486 c.
1568 1458 1611 1489 to.
1635 1458 1652 1484 l.
1676 1465 1718 1490 Ill,
1734 1457 1805 1484 srri-

1016 1505 1104 1540 pserit
1133 1505 1266 1532 Joannem
1290 1505 1429 1532 Theodori
1453 1505 1628 1540 imperatoris
1656 1504 1805 1535 haaredem.

977 1569 1000 1600 Ο
1017 1552 1128 1587 quando
1144 1556 1297 1579 exczrcatus
1321 1556 1379 1583 est,
1397 1552 1493 1579 fuisse
1511 1551 1616 1578 παιδίον
1640 1552 1746 1578 ἁπαλὴν
1760 1551 1807 1577 καὶ

1020 1598 1103 1633 μηδὲν
1119 1598 1158 1624 ἔτι
1173 1599 1266 1634 σχεδὸν
1278 1599 1377 1628 τελέως
1393 1599 1408 1633 ἢ
1422 1599 1452 1625 ab
1466 1599 1571 1634 χαίρειν
1591 1599 1647 1634 an
1661 1599 1806 1624 λυπεῖσῡιι

1019 1644 1114 1679 μαοὺν,
1137 1645 1184 1671 καί
1212 1646 1238 1678 γ’
1266 1646 1295 1671 ἐν
1316 1645 1365 1680 ῐσῳ
1393 1646 1534 1680 τιθέμενον
1556 1646 1586 1672 τό
1609 1645 1632 1672 τ’
1648 1646 1743 1680 ἄρχειν
1760 1646 1807 1672 καὶ

1017 1690 1171 1726 ἄρχεσθαι,
1199 1696 1228 1718 et
1253 1691 1335 1725 paulo
1358 1691 1474 1718 inferius
1497 1691 1543 1718 τοῦ
1569 1692 1685 1726 βρέφους
1708 1692 1807 1726 μικρὶν

1018 1736 1210 1772 ὑπερϐεόηκὺς
1227 1737 1343 1764 παιδίον.
1365 1737 1424 1764 Jam
1450 1742 1540 1765 tamett
1559 1738 1579 1766 l.
1596 1745 1615 1769 I.
1632 1746 1657 1765 e.
1676 1737 1720 1769 15,
1732 1737 1799 1764 atlir-

1018 1787 1143 1810 mavcrat
1160 1782 1288 1809 euutdem
1301 1802 1308 1814 ,
1323 1790 1385 1810 cum
1400 1788 1443 1810 est
1456 1783 1517 1817 ejus
1542 1788 1619 1817 pater
1641 1783 1808 1810 Theodorus

1018 1833 1156 1861 mortuus,
1173 1829 1258 1856 fuisse
1285 1837 1452 1856 ttovcnnem.
1479 1829 1549 1856 Huic
1580 1829 1654 1856 cttitn
1683 1829 1756 1856 a-tati
1784 1830 1806 1856 si

1019 1879 1077 1902 tres
1091 1880 1243 1910 quatuorve
1260 1876 1324 1903 anni
1339 1877 1513 1908 accederent,
1534 1877 1591 1911 jam
1617 1877 1640 1904 is
1655 1884 1742 1911 prope
1757 1885 1807 1912 pu-

1019 1923 1152 1949 bertatem
1176 1923 1323 1958 attigisset,
1352 1924 1465 1958 quando
1493 1929 1535 1951 est
1561 1929 1726 1954 excaecatus.
1757 1931 1808 1951 nec

1019 1977 1084 1996 sane
1098 1969 1152 1996 dici
1169 1976 1261 2004 posset
1278 1971 1410 2004 puerulus
1428 1970 1538 2004 paulum
1559 1970 1640 1996 modo
1662 1970 1806 1997 infantiam

1018 2016 1156 2043 excedens
1184 2024 1190 2042 τ
1213 2020 1241 2043 ct
1267 2016 1420 2051 imperandi
1445 2025 1478 2043 ac
1505 2017 1640 2051 parendi,
1667 2016 1805 2052 gaudendi

1019 2062 1185 2096 dolcndique
1198 2062 1346 2089 diserimen
1364 2063 1504 2097 ignorans.
1521 2063 1577 2089 Ιιιιο
1595 2063 1617 2089 si
1637 2067 1711 2090 recte
1724 2064 1808 2090 ratio-

1019 2116 1068 2135 nes
1089 2108 1235 2143 pottimus,
1254 2115 1500 2143 quantumcunque
1523 2109 1684 2136 festinemus
1709 2109 1735 2136 in
1763 2118 1807 2136 re-

1019 2154 1212 2189 praesentanda
1235 2154 1340 2181 crudeli
1376 2155 1444 2190 regii
1466 2155 1546 2189 pueri
1573 2155 1733 2189 supplicio,
1762 2155 1807 2182 vix

1021 2200 1175 2235 poterimus
1195 2201 1304 2234 assequi
1330 2204 1360 2226 ut
1386 2201 1536 2227 verisimile
1561 2200 1709 2227 reddamus
1733 2201 1807 2235 quod

179 2238 271 2265 Latini
287 2239 405 2271 soleant,
422 2241 528 2268 colunt.
545 2242 656 2269 Annum
680 2243 814 2277 exprimit
831 2244 967 2277 GeOrpius
984 2245 1005 2273 D
1020 2246 1053 2271 de
1083 2251 1137 2272 tam
1165 2246 1311 2273 immatura
1340 2247 1526 2273 teneritudine
1552 2246 1660 2281 pherult
1673 2266 1681 2276 .
1698 2247 1809 2281 quando

178 2286 349 2320 Acropolita.
377 2287 457 2322 cuius
485 2289 514 2315 in
539 2289 592 2316 hoc
615 2295 714 2317 eventu
737 2291 817 2318 linem
844 2291 966 2319 historia:

179 2340 235 2359 sua:
258 2332 404 2367 deﬂgcntis
434 2334 518 2360 verba
547 2335 603 2362 lucc
633 2335 762 2370 leguntur
791 2345 818 2371 ιι.
848 2338 898 2364 100
920 2338 964 2365 ed.

179 2378 246 2412 Reg.
265 2387 272 2405 :
292 2379 344 2404 Καὶ
369 2380 384 2413 ἡ
409 2380 617 2407 Κωνσταντίνου
647 2382 762 2418 προνοίᾳ
790 2383 857 2409 Θεοῦ
887 2384 966 2415 αὖθις

180 2425 232 2451 ὑπδ
245 2426 323 2460 χεῖρα
334 2425 380 2451 τοῦ
398 2425 531 2460 βασιλέως
547 2427 601 2453 τῶν
616 2427 762 2462 Ῥωμαίων
773 2430 883 2463 ἐγένετο
895 2432 968 2457 κατὰ

179 2471 258 2505 λόγον
279 2472 384 2498 δίκαιόν
407 2481 436 2498 τε
456 2474 503 2498 καὶ
518 2474 691 2508 προσήκοντα
710 2474 817 2501 Ἰουλίου
841 2476 967 2509 εἰκοστὴν

180 2518 228 2543 καὶ
242 2517 372 2552 πέμπτην
390 2518 516 2552 ἄγοντος,
543 2519 627 2554 οῦσης
654 2521 844 2555 ἐπινεμήσεως
872 2523 966 2556 τετάρ-

179 2572 239 2598 της,
256 2564 303 2590 καὶ
326 2565 380 2591 ἀπὸ
395 2565 529 2598 γενέσεως
550 2566 654 2597 κόςμου
678 2566 755 2595 ἔτους
773 2566 851 2599 ὄντος
867 2567 966 2602 ,ς-ψξϐ¹,

181 2611 233 2636 ὑπὸ
256 2610 311 2637 τῶν
335 2611 440 2645 ἐχθρῶν
467 2612 640 2646 κρατουμένη
665 2613 779 2647 χρόνους
799 2615 968 2646 πεντήκοντα

181 2659 228 2683 καὶ
244 2656 316 2683 ὀκτώ
327 2665 334 2673 ·
351 2657 385 2683 Et
399 2656 643 2692 Constantinopolis
663 2659 827 2693 providentia
846 2658 894 2686 Dei
909 2667 969 2686 rur-

181 2712 225 2730 sus
241 2703 289 2730 sub
319 2712 399 2730 manu
416 2705 589 2739 imperatoria
611 2704 793 2732 Romanorum
812 2706 872 2740 fuit,
890 2710 970 2741 prout

182 2750 263 2785 723
289 2750 395 2785 justum
421 2754 446 2776 et
466 2752 621 2778 Conveniam
640 2756 709 2782 erat,
732 2751 799 2779 Julii
818 2754 915 2779 mensis
927 2753 970 2780 die

182 2797 274 2831 quinto
294 2801 318 2823 et
345 2798 476 2829 vicesimo,
491 2798 635 2825 indictione
651 2804 760 2833 quarta.
777 2808 848 2827 anno
863 2800 894 2827 ab
910 2800 971 2827 orbe

184 2842 287 2868 condito
306 2843 386 2874 67ι-.9,
404 2849 542 2878 poslquam
557 2845 584 2870 in
605 2849 733 2879 potestate
747 2847 859 2873 hostium
878 2847 970 2881 [uiuet

184 2887 262 2913 anuis
286 2889 480 2921 quinquaginta
502 2896 569 2917 octo.
586 2892 631 2918 Sic
649 2891 817 2925 Acropolita,
839 2897 968 2920 accurato

1019 2297 1061 2319 cst
1091 2297 1270 2324 excmcalus,
1303 2292 1454 2320 aiIirntatur
1481 2301 1495 2320 a
1522 2298 1627 2321 nostro.
1661 2293 1809 2326 Fingamus

1018 2338 1091 2364 cttim
1106 2338 1149 2365 vel
1168 2339 1258 2373 primo
1277 2339 1337 2373 ipso
1354 2339 1396 2366 ειιί
1411 2339 1584 2374 principatus
1595 2347 1668 2366 anno
1684 2341 1808 2367 saevitum

1019 2389 1074 2410 lam
1096 2385 1230 2411 atrociter
1248 2392 1262 2411 a
1283 2385 1415 2412 Michacle
1437 2385 1591 2420 Palmologo
1620 2386 1646 2412 in
1674 2386 1808 2420 pupillum

1019 2429 1172 2456 insontem.
1183 2429 1251 2457 Cum
1264 2430 1286 2457 is
1299 2437 1399 2462 annus,
1415 2434 1444 2456 ut
1455 2430 1584 2463 diximus,
1603 2430 1689 2457 fuerit
1702 2431 1806 2458 Christi

1020 2476 1102 2506 1260.
1121 2475 1143 2502 si
1162 2476 1216 2510 jam
1234 2481 1302 2506 tum.
1316 2476 1429 2510 quando
1452 2476 1613 2503 Theodorus
1628 2476 1743 2504 Joannis
1761 2485 1807 2511 pu-

1018 2521 1077 2556 pilli
1093 2526 1170 2555 pater
1186 2521 1309 2553 Augusto
1327 2529 1422 2548 mense
1438 2522 1502 2548 anni
1525 2522 1591 2549 1259
1607 2523 1699 2549 vivere
1715 2523 1806 2556 desiit,

1020 2567 1077 2601 ipse
1099 2567 1154 2601 jam
1171 2569 1308 2594 novennis
1324 2568 1425 2599 fuerat,
1451 2573 1481 2595 ut
1495 2569 1681 2604 Pachymercs
1697 2571 1806 2600 asserit.

1019 2613 1117 2647 utique
1133 2613 1168 2641 25
1191 2613 1353 2641 Decembris
1369 2613 1413 2641 die
1430 2614 1494 2640 anni
1512 2615 1592 2647 1260,
1609 2621 1686 2642 sexto
1701 2616 1808 2643 decimo

1019 2659 1154 2686 videlicet
1165 2665 1227 2694 potat
1244 2667 1348 2691 mense,
1370 2660 1544 2687 undecennis
1559 2661 1643 2688 fuisse
1663 2661 1807 2694 debuerat,

1021 2707 1101 2739 cujus
1117 2705 1206 2732 aetatis
1220 2706 1310 2740 pueri,
1327 2706 1479 2739 pra’sertim
1505 2707 1614 2733 educati
1635 2708 1721 2742 regie,
1735 2708 1807 2735 haud

1022 2753 1112 2780 solent
1127 2751 1209 2788 724.
1227 2753 1363 2787 gaudendi
1381 2753 1548 2787 dolendique
1565 2754 1691 2788 ignorare
1708 2754 1809 2781 discri-

1023 2805 1096 2825 men.
1115 2798 1178 2824 Hzcc
1200 2798 1268 2824 mihi
1285 2805 1367 2825 causa
1389 2798 1521 2833 opinandi
1541 2804 1582 2825 cst
1601 2806 1699 2834 parum
1714 2805 1810 2827 exacte

1023 2843 1160 2878 proditam
1191 2851 1205 2870 a
1230 2843 1396 2879 Pachymere
1415 2844 1530 2872 Joannis
1555 2845 1632 2879 pueri
1655 2849 1766 2872 aetatem
1782 2846 1809 2873 i‘n

1024 2889 1112 2925 patris
1126 2893 1222 2917 mortc.
1238 2889 1388 2925 l’otiusque
1405 2889 1542 2917 assentior
1557 2890 1674 2925 Georgio
1687 2890 1810 2926 Acropo-
