1931 3069
137 166 204 196 1181

789 162 1121 194 CHRONOLOGICUS.

1696 161 1766 192 1182

137 222 204 252 litae,
220 220 265 255 qui
278 228 304 248 c.
321 220 355 247 75
363 227 419 248 sua:
430 218 565 250 Historia,
576 217 663 246 relata
675 223 763 245 morte
775 218 924 248 Theodori.
942 223 964 252 Α
980 227 1042 246 nem
1060 218 1121 254 ejus
1138 222 1244 254 patrem
1271 217 1393 245 moriens
1418 217 1567 251 reliquerat
1583 216 1707 244 viduam.
1726 217 1763 245 Ac

140 268 174 296 de
188 269 242 295 hoc
260 267 320 303 ejus
338 266 394 294 filio
415 266 455 294 sic
474 265 571 292 scribit
587 271 594 291 :
618 265 648 290 '0
670 264 720 300 μὲν
738 264 796 295 υἱὸς
812 265 859 290 τοῦ
876 265 922 299 βα-

139 314 239 345 σιλέως
256 313 397 348 Θεοδώρου
419 313 434 339 ὀ
461 312 590 345 Ἰωάννης
605 310 676 336 πάνυ
688 310 788 345 ἀφῆλιξ
809 311 925 345 ἐτύγχα-

138 368 183 386 νεν
213 358 252 386 ὣν
277 360 307 386 ὲν
331 358 371 393 τῷ
392 357 481 392 καιρῷ
498 358 548 392 τῆς
567 357 696 391 τελευτῆς
718 356 765 383 τοῦ
793 357 925 390 βασιλέως

139 405 187 431 καὶ
206 403 309 439 πατρός
321 412 327 420 ·
344 403 421 430 οὔπω
446 403 501 437 γὰρ
513 403 623 428 τελείων
647 401 780 427 ἐνιαυτῶν
801 401 926 435 ὑπῆρχεν

139 450 229 477 ὀκτώ·
245 450 283 477 Ac
296 449 368 483 ﬁlius
389 449 495 483 quidem
504 448 673 482 imperatoris
699 447 827 473 Theodori
839 446 926 473 Joan-

141 505 185 524 nes
199 496 276 523 valde
290 497 443 522 immatura:
465 494 514 529 fuit
532 494 631 526 wtatis,
653 492 761 528 quando
780 492 926 527 imperator

141 543 199 577 ejus
218 545 294 577 pater
320 545 356 568 est
385 544 507 567 mortuus
525 548 533 567 :
551 547 653 566 annum
680 539 775 574 quippe
808 538 925 564 nondum

140 593 259 615 octauum
270 586 436 622 impleverat.
453 585 490 612 Ita
501 585 555 613 ille.
570 585 627 612 Hoc
638 584 751 611 omnino
763 583 924 611 tenendum.

136 633 251 662 Certum
271 640 355 668 porro
367 636 409 660 est
425 635 488 658 ante
504 635 642 665 receptam
655 629 924 664 Constantinopolim

138 685 166 707 et
185 680 337 707 solemnem
358 677 497 705 Michaelis
522 676 664 712 Palaeologi
681 675 795 711 Augusti
818 676 846 702 in
864 683 924 702 eam

139 726 304 760 ingressum.
319 723 366 758 qui
389 723 434 750 die
457 722 491 749 15
510 722 614 749 mensis
632 722 747 756 Augusti
764 728 836 748 anno
857 720 923 747 1261

137 775 267 806 peractus
290 775 348 801 est,
366 777 421 796 non
442 769 527 796 fuisse
547 776 663 802 puerum
687 768 819 796 Joannem
836 775 925 794 excae-

138 820 240 842 catum.
257 815 339 842 Multa
351 814 424 841 enim
436 821 495 848 qua!
508 814 690 848 Pacliymercs
704 821 719 839 a
730 821 754 840 c.
771 812 817 843 53.
831 812 878 839 lib.
893 821 923 844 ii,

140 861 172 888 ad
184 861 211 892 9,
230 861 278 887 lib.
292 868 332 891 iii.
349 865 492 890 memerat.
508 860 621 887 omnino
634 865 695 894 post
708 864 814 894 captam
827 859 924 886 urbem

976 265 998 291 si
1015 265 1102 298 spatia
1125 265 1209 291 rebus
1224 272 1256 291 ea
1282 265 1426 291 occasione
1444 264 1513 291 actis
1535 271 1656 297 congrua
1676 263 1763 289 (lime-

977 310 1072 340 tiiniir,
1098 314 1173 336 certo
1210 309 1396 343 intelligemus
1421 316 1474 335 non
1504 309 1625 342 potuisse
1654 308 1762 334 Arseiiii

975 356 1145 382 evectionem
1156 355 1188 382 ad
1197 355 1411 390 patriarchatum
1424 360 1487 382 ante
1497 361 1618 381 mensem
1631 354 1691 388 ejus
1699 354 1762 380 aiiiii

977 401 1103 427 ultimum
1129 401 1200 428 fieri.
1228 401 1295 428 Nam
1320 401 1480 435 penultiiiio.
1496 400 1645 428 Novembri
1667 407 1762 434 perso-

976 447 1042 474 lutis
1060 447 1201 475 decessori
1229 448 1335 482 parenti
1357 447 1522 474 funebribus
1545 447 1638 480 justis,
1656 446 1763 472 delibe-

978 494 1049 519 ratio
1070 493 1103 520 de
1121 493 1277 527 patriarcha
1291 493 1357 520 inita
1372 498 1412 520 est
1427 501 1441 519 a
1455 493 1611 519 Theodoro.
1626 492 1758 518 Primum-

977 547 1031 573 que
1045 539 1140 566 multis
1156 539 1368 573 circumspectis
1383 539 1409 565 in
1431 539 1587 573 Nicephoro
1599 537 1763 568 Bleiiimida.

977 592 1032 619 quo
1056 584 1239 620 philosophiae
1265 585 1396 619 magistro
1417 592 1505 611 novus
1531 584 1681 618 imperator
1699 591 1764 610 usus

976 631 1076 662 fuerat,
1098 630 1252 665 designatio
1267 630 1403 658 consedit.
1421 629 1521 657 Verum
1539 631 1598 662 illo,
1620 634 1763 665 postquam

975 676 1057 710 longe
1077 676 1177 703 absens
1202 675 1332 702 invitatus
1347 680 1390 702 est
1407 683 1455 710 per
1483 676 1608 707 nuntios,
1626 675 1762 702 honorem

976 722 1156 753 detrectante,
1169 729 1238 749 nova
1254 721 1395 756 inquisitio
1421 721 1494 756 digni
1512 721 1557 748 tali
1573 721 1632 748 loco
1650 721 1699 747 viri
1717 721 1760 748 de-

977 767 1023 794 siit
1045 768 1071 794 in
1094 768 1230 800 Arsenio;
1249 768 1294 802 qui
1317 765 1436 795 oblatam
1459 767 1621 801 dignitatem
1645 766 1762 794 libenter

976 812 1126 841 admittens
1152 821 1185 841 ex
1211 814 1379 841 monasterio
1405 813 1438 840 ad
1463 813 1552 840 lacum
1573 812 1762 847 Apolloniadis

976 859 1041 891 sito,
1061 859 1107 886 ubi
1121 859 1206 887 vitam
1218 860 1374 894 religiosam
1390 859 1548 889 exercebat,
1563 858 1681 885 Nicaeam
1698 865 1762 892 pro-

139 911 168 934 et
195 911 259 934 ante
282 906 415 934 Joannem
435 909 602 933 exczecatum
629 906 776 941 contigisse
789 905 923 940 oportuit.
941 911 961 938 Β
976 904 1077 937 fectus,
1100 905 1137 932 ibi
1161 904 1250 939 spatio
1273 905 1455 932 hebdomadis
1479 904 1561 931 unius
1585 903 1656 939 (non
1679 904 1762 930 unius

138 953 208 986 Quia
228 959 296 979 vero
314 959 366 979 nec
383 959 500 979 numero
522 959 574 979 nec
596 959 696 987 genere
719 952 763 979 illa
781 951 845 978 talia
861 955 926 978 sunt

140 1003 171 1024 ut
189 999 278 1032 majus
291 998 484 1032 quadrimestri
509 998 626 1033 spatium
641 998 751 1032 exigere
768 997 925 1027 videantur.

139 1044 221 1078 plane
233 1051 333 1071 censeo
348 1043 431 1077 hujus
453 1044 576 1078 ejusdem
598 1044 661 1073 anni
681 1044 747 1071 1261
770 1044 815 1071 die
828 1049 926 1071 octavo

139 1089 198 1117 Kal.
212 1089 366 1120 Ianuarias.
384 1089 485 1117 Christi
505 1097 612 1124 nempe,
628 1095 658 1116 ut
674 1089 855 1125 Pacliyuiercs
869 1095 927 1117 tra-

140 1135 190 1167 dit,
204 1135 384 1170 natali,jussu
400 1136 516 1163 oarbaro
529 1136 628 1163 tutoris
642 1140 669 1163 et
682 1136 793 1171 collega
808 1136 927 1163 Michae-

139 1181 173 1209 lis
197 1181 341 1216 Palaaulogi
368 1181 501 1208 Joannem
534 1182 687 1216 Augustum
705 1189 822 1216 puerum
843 1182 926 1216 paulo

139 1229 270 1263 majorem
293 1228 413 1254 novenni
432 1227 517 1254 fuisse
545 1228 700 1254 luminibus
713 1228 841 1255 orbatum
856 1232 884 1255 et
898 1228 925 1255 in

139 1278 270 1299 mternam
297 1273 450 1300 custodiam
488 1273 558 1300 arcis
590 1274 742 1309 Dacybilza:
771 1273 924 1306 conditum,

139 1323 217 1345 sexto
234 1326 308 1346 anno
326 1323 452 1346 vertente
473 1319 507 1346 ab
530 1319 739 1355 iuauguratione
762 1320 849 1354 patris
865 1320 926 1352 eius

139 1364 288 1398 Theodori,
316 1365 375 1394 tali.
402 1370 432 1392 ut
446 1365 577 1397 vidimus,
604 1365 648 1393 die
673 1366 759 1393 sacris
782 1365 809 1392 in
825 1366 926 1401 templo

139 1411 313 1438 ceremoniis
329 1416 454 1446 peracta.

453 1468 565 1499 CAPUT
580 1471 612 1498 ν.

139 1515 313 1551 Chronologia
340 1518 567 1551 patriarcharum,
596 1517 711 1549 Arsem‘i,
734 1517 884 1552 Nicepliari.
900 1521 925 1544 et

171 1552 265 1588 iterum
280 1552 393 1585 Arsenii',
410 1554 454 1587 qui
466 1553 513 1579 sub
530 1552 657 1579 Michaele
672 1552 822 1588 Pulmologo
837 1553 924 1579 sedem

172 1586 496 1619 Constantinopolitanam
510 1592 660 1615 tenuerunt.

171 1632 192 1659 Ι.
218 1632 299 1659 Multa
314 1637 378 1660 sunt
393 1633 423 1659 in
449 1637 570 1667 tempore
591 1634 742 1668 ingressus.
769 1634 870 1664 exitus.
895 1633 922 1661 in

136 1679 232 1713 spatiis
244 1678 306 1705 vita:
322 1686 354 1706 ac
368 1678 442 1705 sedis
458 1679 556 1706 horum
577 1679 794 1713 patriarcharum
810 1680 846 1707 ita
860 1687 925 1706 con-

135 1726 244 1758 fiisa,ut
261 1725 327 1752 viris
343 1725 425 1752 etiam
443 1725 548 1760 magnis
567 1733 620 1752 non
634 1726 807 1752 occasionem
823 1726 921 1757 modo,

135 1770 184 1797 sed
207 1771 401 1797 necessitatem
419 1770 528 1797 errandi
546 1770 708 1805 objecerint.
724 1771 806 1806 Atqui
823 1779 878 1798 non
894 1775 924 1798 ut

135 1815 186 1846 illi,
212 1815 309 1841 horum
326 1823 387 1849 quae
409 1815 530 1849 primum
550 1816 633 1842 modo
655 1816 812 1851 produntur
836 1817 924 1845 desti-

136 1860 188 1887 tuti
212 1860 274 1887 luce
299 1866 554 1894 monumentorum,
572 1862 640 1889 citra
662 1863 770 1898 culpam
786 1869 814 1891 et
827 1872 924 1900 repre-

135 1905 278 1933 hensionis
301 1906 382 1940 justa':
403 1907 531 1934 meritum
554 1907 580 1934 in
608 1908 651 1935 his
669 1909 803 1938 titubasse
827 1916 924 1946 potue-

135 1957 211 1984 runt,
241 1954 322 1981 nobis
349 1954 425 1986 item,
451 1954 474 1981 si
499 1955 566 1989 quid
591 1955 800 1987 offenderimus,
824 1958 922 1986 similis

134 2000 222 2026 venia:
238 2000 362 2027 conditio
377 2008 409 2028 ac
425 2008 487 2035 spes
501 2002 665 2028 ostenditur.
687 2002 788 2036 Quare,
803 2004 856 2031 nisi
873 2005 922 2032 de-

135 2045 203 2073 bere
218 2047 346 2074 volumus
359 2047 389 2082 [P
405 2048 468 2083 512]
484 2049 597 2075 multam
615 2049 786 2084 negligentia:
798 2052 920 2084 nomine,

135 2093 318 2121 annitendum
335 2099 377 2121 est
393 2094 473 2121 nobis
488 2099 515 2122 et
539 2103 590 2129 pro
606 2095 678 2122 virili
696 2097 921 2124 contendendum

133 2138 161 2165 in
180 2139 233 2166 isto
248 2140 332 2167 semel
351 2140 392 2168 sic
408 2141 551 2175 purgando
568 2141 639 2173 loco,
659 2146 689 2168 ut
702 2149 766 2169 eum
790 2143 921 2177 deinceps

133 2185 177 2211 vel
196 2185 344 2212 mediocris
364 2187 480 2213 attentio
495 2187 612 2221 legentis
628 2187 765 2216 inoﬂ‘enso
780 2195 863 2223 queat
875 2197 922 2217 ve-

133 2231 213 2277 stigio
231 2232 387 2269 decurrere.
405 2232 462 2259 Hoc
477 2233 609 2268 deinceps
631 2235 806 2263 conabimur.
821 2237 919 2264 Sedem
937 2251 958 2277 Β

132 2276 465 2312 Constantinopolitaiiam
492 2280 647 2313 imperante
669 2280 803 2309 Micliaele
817 2281 921 2309 Palma-

134 2323 199 2359 logo
215 2324 340 2359 quinque
356 2325 470 2351 omnino
485 2325 649 2359 patriarcha:
666 2330 834 2359 tenuerunt;
852 2336 921 2361 quu—

132 2377 195 2396 runi
211 2377 282 2396 unus
298 2370 379 2397 etiam
396 2370 527 2397 Arseuius
543 2371 581 2397 illi
597 2371 726 2399 Ecclesiae
742 2373 783 2400 bis
798 2373 919 2407 praefuit.

130 2416 256 2443 Priorem
285 2415 368 2451 hujus
395 2416 613 2450 patriarchatum
643 2418 677 2444 ab
716 2426 788 2445 anno
814 2419 918 2446 Christi

131 2462 202 2489 1255
226 2462 376 2496 procedere
399 2466 453 2488 tam
475 2468 582 2489 certum
607 2469 659 2496 est,
687 2471 774 2498 quam
795 2465 843 2492 illo
860 2466 919 2500 ipso

131 2515 206 2535 anno
233 2507 413 2534 Theodorum
440 2508 580 2535 Lascarim
606 2508 748 2536 Juniorem
781 2510 918 2545 imperare

130 2553 264 2587 coepisse;
281 2553 354 2587 quod
379 2555 518 2587 capitibus
544 2553 607 2580 libri
633 2554 714 2588 hujus
739 2555 820 2582 tertio
837 2555 917 2591 725

128 2602 158 2625 et
183 2603 283 2633 quarto
312 2599 576 2626 demonstravimus.
605 2599 723 2633 Etenim,
755 2606 785 2627 ut
815 2601 917 2629 diserte

128 2645 255 2672 oculatus
267 2645 346 2673 testis
358 2650 387 2672 et
399 2650 496 2672 auctor
507 2647 630 2681 cujusvis
643 2648 681 2674 rei
696 2647 819 2683 locuples
832 2649 917 2676 Acro-

128 2690 214 2723 polita
231 2689 366 2725 Georgius
383 2691 480 2722 tradit,
501 2693 667 2720 acclamatus
681 2693 831 2728 imperator
846 2695 917 2722 Thc-

127 2735 232 2763 odorus
244 2741 306 2770 post
317 2737 405 2771 patris
416 2737 529 2765 Joannis
540 2743 669 2769 mortem,
683 2747 743 2774 qua:
755 2740 800 2766 illo
812 2740 914 2768 Christi

125 2788 200 2808 anno
217 2782 282 2809 li25
309 2784 389 2810 tertio
411 2783 470 2811 lial.
486 2784 656 2813 Novembres
677 2786 802 2821 contigit,
820 2795 914 2814 curam

125 2827 251 2854 omnium
279 2829 396 2862 primam
426 2830 518 2864 posuit
543 2831 570 2858 in
594 2831 765 2866 providendo
785 2831 913 2861 Ecclesia:

125 2878 249 2907 pastore,
265 2881 348 2908 quam
361 2875 518 2909 patriarcha
534 2876 642 2905 Mauucl
658 2878 740 2913 paulo
753 2883 816 2906 ante
831 2879 914 2906 Joan-

976 951 1043 983 diei,
1075 955 1105 978 ut
1134 958 1279 986 perperam
1311 951 1424 986 ponitur
1454 950 1527 985 apud
1559 949 1761 984 Spoiidaiium),

976 997 1070 1029 unius,
1102 997 1227 1031 inquam,
1243 997 1425 1024 hebdomadis
1439 997 1528 1031 spatio
1552 997 1698 1028 diaconus,
1716 1003 1762 1022 sa-

976 1043 1075 1072 eerdos
1091 1048 1119 1071 ct
1129 1044 1286 1078 patriarcha
1308 1044 1453 1071 ordinatus
1471 1048 1523 1070 est.
1548 1043 1678 1078 Idemque
1699 1049 1761 1069 mox

974 1089 1076 1117 ritibus
1094 1090 1121 1117 in
1137 1090 1256 1117 ecclesia
1273 1090 1413 1117 consuetis
1435 1088 1612 1116 Theodorum
1629 1088 1762 1115 eumdem

977 1135 1172 1170 imperatorem
1188 1136 1344 1163 coronavit.

1011 1180 1044 1207 ll.
1070 1180 1156 1207 Nemo
1179 1187 1235 1207 non
1259 1180 1335 1208 videt
1355 1181 1382 1207 in
1408 1180 1451 1207 his
1470 1179 1549 1207 facile
1572 1179 1697 1207 consumi
1713 1179 1759 1206 ile-

975 1225 1069 1252 buisse
1088 1225 1262 1252 intervallum
1290 1225 1570 1260 scsquimeiistruuin,
1590 1229 1619 1250 iit
1640 1224 1683 1250 vix
1701 1227 1760 1250 tau-

975 1271 1037 1298 dem
1057 1271 1109 1298 sub
1123 1271 1244 1298 medium
1261 1271 1439 1298 Decembrem
1465 1269 1669 1304 possessionem
1686 1269 1761 1296 adire

976 1316 1178 1350 patriarchatus
1202 1316 1336 1344 Arseuius
1361 1316 1493 1351 potuerit.
1520 1315 1589 1348 Quia
1614 1323 1706 1350 porro,
1734 1320 1760 1341 ut

977 1366 1054 1389 notat
1074 1362 1246 1396 Acropolita,
1269 1362 1434 1390 Theodorus
1457 1362 1609 1396 imperator
1632 1365 1760 1389 evocatus

976 1409 1183 1443 Adriaiiopoliin
1208 1409 1377 1436 instantibus
1403 1409 1505 1441 causis,
1528 1409 1657 1443 expedire
1672 1416 1701 1436 se
1715 1407 1761 1435 Ni-

976 1462 1038 1482 ωε
1062 1455 1211 1482 festinabat
1236 1455 1396 1482 necessaria
1427 1455 1590 1482 caeremonia
1617 1455 1758 1490 inaugura-

975 1501 1060 1528 tionis
1080 1509 1146 1534 suae,
1163 1510 1224 1536 quae
1241 1502 1327 1536 prima
1342 1502 1366 1529 ei
1382 1509 1444 1537 apta
1461 1510 1490 1530 se
1507 1502 1607 1530 obtulit
1621 1502 1680 1529 dies
1696 1501 1760 1535 (fuit

977 1555 1008 1574 ca
1024 1546 1126 1575 Christi
1142 1548 1272 1582 natalis).
1298 1549 1324 1575 in
1341 1555 1372 1575 ea
1389 1550 1475 1576 sacris
1491 1548 1610 1583 primum
1628 1552 1761 1582 operante
1804 1578 1810 1584 _

939 1583 960 1611 ο
978 1593 1135 1627 patriarcha
1152 1594 1303 1621 solemnem
1320 1596 1346 1621 in
1365 1595 1467 1629 templo
1492 1594 1699 1621 coronaliuuctu
1717 1600 1756 1620 ac-

975 1640 1049 1674 cepit
1062 1640 1106 1667 die
1120 1640 1155 1667 25
1169 1640 1342 1671 Decembris,
1359 1647 1373 1667 a
1398 1648 1451 1674 qua
1469 1640 1523 1671 die.
1538 1647 1600 1674 quae
1621 1643 1696 1666 sexta
1719 1643 1760 1666 est

975 1690 1130 1718 numerata,
1162 1686 1321 1713 Decembris
1345 1686 1380 1713 50
1403 1686 1543 1713 horrenda
1570 1686 1636 1712 solis
1662 1685 1760 1719 eclipsi

975 1730 1029 1758 fuit
1042 1731 1169 1766 insignis.
1183 1731 1321 1758 Habemus
1334 1739 1367 1759 ex
1381 1731 1426 1759 his
1444 1731 1552 1758 initium
1565 1731 1639 1758 sedis
1651 1730 1761 1758 Arscnii

975 1776 1050 1802 omni
1079 1776 1208 1804 ﬁrmitate
1235 1777 1416 1804 constitutum
1441 1777 1469 1804 in
1495 1785 1589 1804 mense
1615 1777 1760 1804 Decembri

975 1823 1038 1848 anni
1058 1823 1128 1849 l255
1146 1831 1160 1850 a
1177 1822 1290 1850 Christo
1309 1828 1385 1850 nato.
1411 1823 1600 1851 Perseveravit
1626 1823 1690 1851 inde
1715 1823 1759 1850 ille

975 1868 1003 1895 in
1032 1869 1179 1904 tranquilla
1208 1870 1351 1897 fuiictione
1386 1870 1587 1905 patriai-ehatus
1615 1877 1702 1904 usque
1727 1870 1760 1896 ad

975 1920 1093 1942 mortem
1106 1915 1242 1951 Theodori
1259 1917 1442 1951 imperatoris,
1460 1925 1520 1951 qua:
1532 1924 1625 1943 mense
1638 1917 1760 1951 Augusto

975 1961 1040 1988 anui
1059 1961 1163 1989 Christi
1175 1962 1245 1989 1259
1257 1963 1358 1994 evenit,
1374 1971 1481 1990 necnon
1497 1970 1582 1998 usque
1594 1963 1626 1990 ad
1639 1963 1756 1990 evectio-

974 2015 1036 2034 nem
1047 2007 1074 2034 in
1084 2008 1228 2042 imperium
1238 2008 1377 2036 Michaelis
1388 2009 1543 2044 Palmologi.
1553 2017 1634 2044 quem
1647 2014 1674 2036 et
1685 2017 1752 2037 coro

977 2053 1065 2086 navit,
1075 2058 1102 2080 et
1115 2055 1226 2088 quidem
1239 2055 1441 2086 solum,contra
1453 2063 1536 2090 quam
1555 2060 1689 2082 statutum
1703 2056 1749 2082 fue

975 2104 1035 2132 rat;
1049 2099 1121 2134 quod
1134 2099 1186 2127 fuit
1197 2100 1306 2127 initium
1325 2100 1471 2135 dejiciendi
1483 2101 1518 2128 ab
1531 2108 1579 2133 spe
1596 2100 1703 2134 imperii
1716 2107 1756 2127 re-

973 2145 1140 2180 digendique
1160 2147 1186 2173 iii
1203 2146 1329 2173 ordinem
1345 2147 1463 2174 infelicis
1478 2147 1554 2180 pueri
1570 2147 1683 2174 Joannis
1705 2146 1759 2181 jam

972 2191 1098 2226 Augusti.
1124 2191 1336 2219 Coronationem
1362 2193 1442 2219 istam
1465 2193 1609 2226 Palmoltigi
1636 2192 1758 2226 probabi-

973 2237 1036 2264 liter
1049 2236 1219 2264 conferimus
1239 2237 1267 2264 in
1288 2238 1468 2265 Februarium
1483 2238 1546 2264 anni
1563 2238 1662 2265 Christi
1680 2239 1758 2265 1260.

972 2283 1032 2310 Non
1057 2283 1141 2319 longo
1157 2289 1219 2318 post
1236 2291 1297 2311 eam
1323 2289 1447 2319 tempore
1471 2285 1605 2312 Arseuius
1626 2293 1687 2312 sera
1710 2286 1759 2312 du-

972 2333 1033 2357 ctus
1059 2330 1222 2364 poenitentia
1249 2331 1390 2358 facilitatis
1415 2339 1482 2362 sure,
1513 2340 1566 2366 qua
1597 2332 1757 2367 permiserat

971 2374 1062 2401 omitti
1091 2376 1299 2403 coronalioneni
1324 2376 1421 2411 pupilli
1441 2377 1574 2411 principis
1591 2377 1650 2410 ejus
1675 2377 1759 2411 potis-

971 2419 1071 2446 simum
1102 2421 1165 2448 fidei
1193 2429 1208 2448 a
1231 2428 1309 2456 patre
1333 2422 1468 2449 moriente
1491 2423 1687 2454 commendati,
1712 2423 1758 2450 Ni-

970 2473 1025 2492 caea
1053 2466 1162 2501 fugiens
1178 2467 1205 2494 in
1223 2469 1420 2496 monasterium
1436 2469 1539 2496 dictum
1558 2470 1696 2497 Pascliasii
1715 2478 1759 2497 sc-

970 2512 1065 2545 cessit,
1093 2513 1188 2548 ibique
1210 2514 1345 2549 privatam
1362 2523 1443 2550 agere
1459 2517 1541 2542 vitam
1556 2516 1685 2544 instituit.
1702 2516 1758 2543 lloc

969 2558 1080 2586 videtur
1095 2559 1197 2586 factum
1214 2568 1308 2588 mense
1323 2561 1420 2588 Martio
1437 2562 1501 2589 dicti
1517 2563 1582 2589 anni
1598 2562 1676 2589 1‘260.
1688 2562 1757 2589 Nam

968 2605 1028 2639 ejus
1044 2605 1083 2632 rei
1099 2606 1213 2633 nuntius
1230 2606 1351 2641 perlatus
1373 2607 1406 2633 ad
1423 2608 1617 2640 imperatorem
1636 2607 1758 2635 Michae-

968 2650 1021 2678 lem
1037 2651 1150 2685 dicitur,
1167 2659 1222 2686 quo
1243 2657 1365 2687 tempore
1381 2653 1403 2679 is
1418 2653 1499 2688 726
1510 2653 1635 2688 trajicere
1652 2653 1757 2680 llclles-

968 2702 1082 2731 pontum
1117 2699 1231 2732 parabat
1269 2698 1302 2725 ad
1329 2699 1469 2726 visendam
1498 2698 1647 2734 Selybriam
1665 2708 1678 2726 a
1700 2700 1757 2726 suis

968 2749 1074 2778 captam
1099 2745 1180 2779 paulo
1205 2750 1279 2771 ante.
1307 2745 1344 2772 lta
1361 2745 1554 2780 Pachyiueres.
1572 2748 1579 2772 l
1599 2766 1605 2773 .
1622 2754 1652 2777 ii,
1669 2754 1692 2773 c.
1711 2747 1754 2773 l5.

967 2788 1053 2815 Recte
1077 2789 1129 2816 hoc
1144 2789 1262 2823 quadrat
1281 2790 1308 2817 in
1329 2791 1495 2825 principium
1513 2790 1625 2825 Aprilis,
1640 2799 1753 2818 vernam

967 2834 1100 2861 nimirum
1127 2839 1329 2870 tempestatem,
1356 2844 1409 2870 qua
1427 2844 1503 2872 reges
1518 2837 1607 2864 solent
1624 2837 1658 2864 ad
1683 2837 1753 2865 bella

965 2880 1126 2914 procedere,
1153 2886 1182 2908 iit
1208 2881 1351 2917 Scriptura
1367 2883 1499 2918 loqtiitur.
1515 2883 1601 2916 Nam,
1641 2883 1753 2912 iit-locet
