1931 3069
153 151 224 184 1183

588 150 620 181 P.
647 149 801 179 POSSlNI
814 147 1147 179 OBSERVATIONUM
1165 146 1241 176 LIB.
1259 147 1319 176 lli.

1711 144 1778 177 1184

152 210 224 236 idem
239 207 399 238 historicus.
414 206 693 240 Constantinopoleos
705 205 937 240 oppugnationem
954 210 975 237 Α
991 203 1183 233 triarchatum.
1204 202 1302 228 Alexio
1316 202 1510 237 Strategopulo
1530 201 1642 231 Caesari,
1666 201 1713 235 qui
1732 209 1777 227 ur-

152 255 266 283 Michacl
282 255 374 282 animo
394 253 533 282 versabat.
546 260 628 286 quam
655 260 683 278 re
699 252 755 286 ipsa
769 256 812 278 est
827 258 939 286 aggres-

152 309 200 328 sus
219 299 376 334 insequenti
395 303 499 325 testate.
520 297 598 324 Tunc
619 302 711 322 autem
733 297 755 321 is
772 296 871 322 itinere
892 303 940 322 co-

151 346 238 381 gitato
261 345 456 379 supersedens,
473 343 548 370 dedit
563 350 673 376 operam
699 341 782 367 rebus
798 341 936 371 Ecclesiae,

152 393 255 419 ibidem
272 391 319 418 tibi
336 395 401 418 tunc
413 394 473 416 erat
489 389 628 424 Nympha-i
646 388 810 422 persistens.
826 395 940 420 congre-

151 438 239 471 ganda
267 435 371 471 synodo
394 443 454 469 quin
470 434 504 460 de
532 434 639 460 Arsenii
660 441 769 460 secessu
795 437 938 459 statueret.

151 482 279 517 Synodus
300 482 422 508 Nieetam
447 481 593 514 quemdam
612 479 651 514 [P.
665 479 729 515 515]
743 479 776 506 ad
792 480 939 506 Arseniiiiu

153 529 248 556 mittit.
275 528 300 555 ls
317 528 352 554 ab
369 528 486 554 Arsenio
512 527 653 553 renuntiat
670 527 769 553 cedere
790 527 866 552 illum
893 534 939 559 pa-

153 575 315 602 triarchatu.
338 575 387 601 llic
404 574 465 601 finis
477 574 530 600 fuit
545 573 646 608 prioris
656 573 763 600 Arseuii
777 572 861 599 sedis.
875 572 941 604 Quae

153 628 217 647 cum
235 621 351 647 desierit
367 620 452 654 Aprili
471 620 535 646 anui
560 619 628 646 1260
644 624 672 645 et
694 618 810 652 coeperit
826 618 940 644 Decem-

152 666 194 693 bri
211 665 274 692 anni
296 666 376 697 1255',
394 671 512 700 quatuor
529 672 666 691 annorum
688 668 715 691 et
730 668 860 698 priet-area
879 663 942 689 toti—

153 712 216 738 dem
233 711 289 739 fere
306 712 441 738 mensium
458 711 541 737 fuerit
558 716 680 744 oportet.

188 757 234 784 lll.
260 757 288 784 lii
311 757 372 792 ejus
391 757 481 784 locum
505 756 673 783 substitutus
689 755 782 783 statim
806 761 846 782 est
861 755 942 782 Nico-

153 803 259 836 phorus
273 807 338 829 tunc
353 802 452 836 Ephesi
477 802 662 836 metropolita.
686 801 741 828 Cur
755 801 848 828 statim
861 801 886 827 id
903 800 943 827 fa-

155 854 230 875 ctum
257 848 366 875 credam
398 856 480 875 causa
505 852 557 879 est,
572 848 636 882 quia
658 848 807 874 festinabat
835 847 862 874 in
877 855 941 882 pro-

153 895 246 922 cinctu
264 894 297 920 ad
322 894 525 928 expeditionem
549 898 694 926 urgentem
719 894 888 928 imperator;
914 899 942 920 et

154 942 212 975 ipse
225 941 400 975 Nicephoriis
414 941 592 975 cupidissime
606 940 760 967 assentiens
775 940 876 966 nullam
889 947 945 966 mo-

154 995 210 1014 ram
225 987 390 1021 interposuit
403 988 530 1015 electioni
549 996 616 1015 suae.
628 988 782 1014 Narrantur
796 987 855 1013 haec
872 995 897 1013 c.
911 986 944 1012 15

155 1039 181 1061 ot
198 1034 269 1066 l6,l.
282 1043 312 1064 ιι,
324 1035 368 1060 ubi
386 1039 414 1061 et
427 1035 529 1062 dicitur
548 1034 781 1068 eodemtempore
793 1033 944 1061 decessisse

155 1081 302 1116 Nympham
322 1081 515 1114 imperatorem
535 1081 645 1115 quidem
669 1080 823 1115 Callipolim
847 1087 945 1106 versus

155 1134 215 1154 cum
235 1126 356 1153 exercitu
377 1126 410 1153 ad
435 1126 700 1161 Constantinopolim
721 1127 940 1161 oppugnandam,

155 1180 255 1199 novum
275 1180 340 1200 vero
353 1173 536 1207 patriarcham
548 1173 735 1207 Nicephorum
744 1173 873 1203 Nicmaiii,
883 1180 943 1206 qua:

155 1226 216 1246 cum
233 1223 308 1245 esset
329 1223 395 1245 tune
412 1219 478 1246 urbs
492 1220 577 1253 regia,
595 1219 700 1245 Latinis
711 1218 944 1252 Constantinopo-

154 1265 200 1292 lim
217 1265 389 1296 teiieniibiis,
404 1266 430 1291 in
443 1273 473 1291 ea
488 1265 587 1291 solitus
602 1270 659 1292 erat
675 1265 787 1293 Graecus
807 1265 943 1292 Constan-

154 1309 351 1344 tinopolitanus
369 1310 525 1344 patriarcha
540 1310 687 1337 diversari.
701 1310 811 1337 Initium
827 1309 943 1343 patriar-

153 1355 250 1383 cbatns
266 1356 414 1390 Nicephori
437 1356 628 1383 verisiiiiiliter
645 1356 787 1383 confertur
811 1356 837 1382 iii
861 1354 942 1382 ﬁnem

153 1403 258 1436 Aprilis
285 1407 333 1429 aut
363 1403 471 1429 initium
501 1403 561 1429 Maii
590 1403 654 1428 anui
685 1410 767 1433 stipra
798 1401 943 1428 memorati

154 1448 235 1474 1260.
254 1448 353 1475 Narrat
377 1448 439 1474 inde
458 1448 648 1483 Pachymeres,
676 1447 695 1474 l.
724 1455 753 1478 ti,
775 1454 798 1473 c.
817 1446 861 1478 20,
880 1446 943 1473 diii-

155 1499 265 1522 turnain
285 1499 313 1520 et
330 1495 436 1520 irritam
455 1493 688 1528 Oppugnationein
707 1492 820 1522 Galatae,
847 1492 873 1518 in
890 1499 943 1525 qua

155 1542 307 1576 imperator
332 1540 503 1574 consumpsit
530 1543 663 1566 testatum.
691 1538 784 1572 quue
814 1537 846 1564 ad
878 1545 941 1564 eum

154 1588 326 1622 Nicephorus
340 1587 507 1620 patriarcha,
521 1590 652 1620 pertzesus
666 1585 859 1616 Niemensium,
873 1591 944 1618 quo-

155 1641 216 1660 rum
236 1633 354 1659 Arsenio
375 1632 549 1658 addictorum
566 1631 629 1657 odia
653 1631 680 1657 in
696 1638 725 1657 se
742 1630 852 1665 irasque
869 1629 946 1657 nulla

156 1679 275 1706 delinire
292 1683 350 1705 arte
365 1682 505 1712 potuerat,
525 1685 553 1704 se
568 1677 694 1706 contulit.
712 1684 760 1711 spe
774 1676 945 1711 ingrediendi

156 1733 219 1753 cum
247 1725 306 1760 ipso
331 1725 454 1759 Augusto
480 1724 578 1750 urbem
605 1731 679 1752 mox.
713 1727 743 1749 Iit
769 1722 945 1752 credebatur,

158 1771 332 1806 capiendam.
361 1770 413 1797 Sed
431 1778 492 1796 cum
513 1770 688 1797 obsidionem
705 1769 810 1796 solvere.
833 1773 946 1795 coactus

159 1819 309 1852 imperator
326 1817 505 1852 Nymphaeum
529 1824 557 1843 sc
573 1816 734 1850 recepisset,
757 1819 868 1842 secutus
882 1822 945 1841 eum

159 1865 225 1892 illuc
248 1864 423 1898 Nicephorus
442 1863 478 1889 ibi
503 1868 543 1890 est
562 1867 686 1889 mortuus
702 1861 754 1888 sub
769 1865 946 1892 autumnum,

157 1913 188 1936 ut
203 1913 327 1943 apparet,
343 1913 392 1934 aut
411 1908 510 1935 hiemis
524 1908 633 1935 initium
647 1907 771 1941 ejusdem
784 1905 849 1932 anni
866 1905 945 1933 1260.

156 1956 248 1988 Quare
267 1956 339 1982 illius
353 1955 558 1990 patriarchatus
572 1955 646 1981 haud
662 1955 720 1981 fere
738 1954 848 1988 longior
862 1953 946 1988 septi-

159 2001 255 2028 mcstri
284 2006 332 2027 aut
360 2001 513 2027 oetimestri
540 2001 603 2027 fuit.
635 2000 704 2026 lline
732 2000 838 2026 vacavit
868 2000 947 2026 sedes

160 2055 265 2075 annum
298 2047 421 2079 circiter,
457 2048 538 2074 anxio
573 2047 746 2074 deliberante
781 2046 947 2081 imperatore

162 2100 245 2128 quem
269 2093 303 2119 ad
328 2094 449 2119 rationes
475 2093 613 2119 meditata;
636 2092 832 2126 expunctionis
850 2092 946 2126 pupilli

157 2139 396 2166 accommodatum
424 2139 449 2166 ei
475 2139 638 2173 przeficcret,
668 2140 758 2174 quoad
787 2139 895 2166 tandem
920 2139 946 2165 in

158 2184 266 2211 Arsenii
291 2185 494 2211 revocationcm
517 2185 668 2214 consensit.
686 2185 765 2218 cujus
781 2185 808 2211 in
824 2184 947 2218 prseteri-

160 2230 234 2256 tione
247 2229 433 2256 coronatioiiis
445 2230 558 2256 Joannis
573 2231 650 2264 pueri
669 2230 830 2264 patientiam
845 2228 946 2264 expe’r-
963 2219 986 2248 υ

159 2280 203 2303 tus
223 2275 343 2310 speravit
365 2276 448 2302 etiam
461 2283 494 2302 eo
512 2276 583 2302 facili
609 2284 723 2303 usurum
741 2277 767 2302 in
781 2282 945 2304 exauctora-

160 2321 234 2347 tioue
248 2328 329 2354 quam
344 2321 458 2354 parabat
470 2321 606 2356 ejusdem.
623 2322 745 2355 Conligit
762 2323 872 2349 interim
888 2322 947 2357 capi

159 2366 269 2398 urbem,
296 2371 325 2393 et
349 2367 542 2401 imperatorem
571 2368 597 2395 iu
624 2376 684 2395 eam
712 2369 803 2395 invehi
829 2369 947 2396 solemni

158 2420 269 2447 pompa,
285 2412 379 2446 ibique
393 2413 445 2439 lixo
458 2414 511 2447 jam
526 2414 679 2448 domicilio,
696 2414 841 2442 Arsenium
857 2416 948 2442 denuo

157 2458 276 2485 electum
295 2467 308 2485 a
332 2459 438 2494 synodo
454 2460 546 2486 missis
561 2460 659 2494 legatis
673 2461 804 2488 invitasse
820 2462 852 2488 ad
869 2470 948 2488 resu-

158 2505 284 2532 nieudam
305 2505 467 2532 melioribus
486 2506 618 2540 auspiciis
642 2507 795 2534 abdicatam
814 2508 879 2534 olim
899 2517 947 2542 po-

159 2555 300 2578 testatem.
325 2551 429 2584 Quibus
446 2552 491 2578 ille
504 2553 659 2580 assentiens
676 2554 702 2580 in
719 2554 815 2580 urbem
832 2555 906 2586 venit
921 2560 948 2581 et

158 2598 232 2624 sedis
270 2599 463 2631 patriarchalis
494 2601 700 2634 possessionem
736 2609 834 2628 rursus
865 2602 945 2634 adiit,

159 2645 179 2671 Ι.
199 2652 237 2675 ιιι.
252 2653 278 2671 c.
292 2645 320 2671 '2.

193 2691 274 2725 727
292 2691 333 2717 IV.
348 2692 457 2718 Arseiiii
481 2692 683 2719 restitutionem
711 2701 765 2720 non
785 2694 870 2720 multo
889 2699 949 2728 post

157 2744 264 2772 captam
284 2737 380 2764 urbem
396 2739 547 2772 contigisse
576 2739 640 2764 inde.
664 2745 857 2772 argumentum
880 2741 943 2766 duci

159 2788 259 2818 potest,
291 2783 364 2818 quod
396 2784 423 2810 in
455 2783 575 2811 secunda
601 2786 780 2812 coronationc
808 2786 948 2813 Michaelis

159 2831 194 2856 ab
219 2830 335 2856 Arsenio
355 2830 470 2857 deliuito
499 2830 581 2856 donis
609 2836 635 2857 et
654 2831 806 2858 honoribus
830 2832 949 2860 libi-nter

160 2875 310 2905 «elebrata,
326 2876 449 2908 proxima
474 2876 615 2902 Dontiiiit‘a
635 2882 695 2907 post
715 2882 885 2909 i'csiiniptiiin
903 2887 948 2907 nar

992 250 1053 276 hem
1069 255 1189 283 ceperat,
1205 249 1322 275 eximius
1336 254 1364 275 et
1380 249 1458 282 plane
1473 248 1712 275 extraordinarius
1727 249 1776 274 ho«

993 303 1042 322 nos
1058 301 1101 321 est
1121 295 1241 324 habitus,
1256 298 1285 320 ut
1300 295 1391 320 statim
1408 299 1470 328 post
1482 295 1621 328 Augustos
1633 294 1680 328 qui
1697 302 1777 321 coro-

991 341 1139 371 nabantur,
1159 339 1210 367 hoc
1224 345 1264 366 est
1281 339 1440 366 Michaelein
1458 340 1639 374 Palaeologum
1650 345 1678 366 et
1690 340 1779 366 Theo-

993 387 1088 413 doram
1108 387 1168 420 ejus
1193 386 1348 420 coniugem,
1375 386 1566 413 nominaretur
1589 386 1616 412 iii
1644 386 1779 421 synaptis,

993 432 1044 458 hoc
1069 436 1110 458 est
1135 432 1161 458 in
1187 432 1290 458 litaniis
1304 437 1333 470 et
1350 432 1478 466 precibus
1495 432 1625 466 publicis.
1652 432 1781 458 Refertur

994 478 1047 505 hoc
1062 485 1076 504 a
1096 478 1273 512 Pachymere,
1291 478 1311 504 l.
1332 486 1372 508 iii.
1387 485 1412 504 c.
1428 478 1445 504 2
1463 479 1514 505 sub
1530 477 1624 507 finem.
1643 478 1688 504 ubi
1707 483 1782 504 recte

993 525 1121 551 observat
1141 524 1289 550 historicus
1318 524 1402 552 fuisse
1425 525 1497 552 hanc
1521 525 1670 559 quamdam
1691 533 1782 551 exau-

994 571 1174 598 ctoratiooem
1200 571 1296 605 pupilli
1325 570 1451 603 Joannis,
1469 571 1632 598 astutissimi
1660 570 1781 605 impera-

995 618 1063 644 toris
1089 617 1231 644 blanditiis
1258 621 1286 644 et
1310 617 1417 644 artibus
1443 617 1616 651 impetratam
1633 624 1649 643 a
1664 616 1781 650 simplici

994 664 1110 690 nimium
1129 663 1296 698 patriarcha.
1317 671 1371 690 non
1397 663 1558 698 providente
1581 668 1639 690 tutu
1653 663 1782 690 videlicet

993 717 1047 744 quo
1064 709 1121 736 hzec
1139 710 1321 744 pertinerent.
1338 709 1367 736 In
1392 717 1449 744 quo
1463 714 1493 736 ut
1509 709 1588 736 lucus
1611 710 1691 736 lieret
1709 709 1781 739 seni,

993 761 1024 782 ut
1039 764 1072 783 ex
1087 756 1194 783 ett-teris
1209 761 1334 790 apparet.
1350 755 1497 790 suspicaci,
1511 760 1538 782 et
1551 756 1594 786 cui
1608 756 1682 783 salus
1695 755 1785 789 digni-

994 807 1090 836 tasqiie
1102 802 1195 837 pupilli
1207 802 1331 831 Joannis.
1340 803 1399 837 ejus
1411 802 1539 837 peculiari
1548 802 1765 829 curaeeoinmiss?
1775 819 1786 834 ,

993 854 1063 880 erat.
1077 855 1107 875 ut
1126 849 1247 883 oportuit
1264 853 1291 876 ct
1307 857 1350 875 res
1366 849 1466 875 deinde.
1484 853 1685 879 monstrarunt,
1702 849 1783 880 longe.

994 895 1169 926 charissima,
1186 896 1249 930 quis
1264 903 1317 922 non
1335 895 1408 922 videt
1422 895 1506 922 fuisse
1522 903 1636 922 necesse
1652 899 1682 921 ut
1696 894 1787 929 gratia

996 942 1112 976 ﬂagrans
1133 941 1219 968 Alexii
1250 941 1378 972 Caesaris.
1406 943 1434 968 in
1452 941 1639 968 recentissima
1656 941 1787 968 videlicet

996 988 1127 1014 memoria
1146 988 1250 1014 heroici
1269 988 1400 1014 facinoris
1415 995 1469 1022 quo
1488 995 1545 1014 rem
1563 988 1714 1014 Romanam
1731 988 1787 1013 iiii-

995 1033 1063 1066 perii
1083 1033 1226 1066 metropoli
1254 1034 1443 1068 recuperanda
1464 1033 1670 1068 incomparabili
1700 1034 1788 1059 lzeiie-

996 1077 1058 1104 ticio
1085 1078 1137 1104 sibi
1161 1078 1341 1111 dcvinxisset,
1363 1079 1484 1105 rationes
1513 1078 1608 1112 pupilli
1635 1079 1785 1113 principis,

995 1124 1039 1150 cui
1056 1123 1265 1158 pneferebalur.
1279 1129 1308 1151 et
1335 1125 1435 1151 multas
1460 1125 1528 1151 alias
1551 1130 1605 1151 tam
1623 1125 1787 1152 inusiiatuni

996 1170 1116 1198 hominis
1143 1179 1198 1197 non
1229 1171 1391 1204 imperantis
1426 1171 1559 1197 honorem
1591 1170 1787 1197 dissuadentes

995 1216 1234 1243 considerationes
1254 1217 1446 1244 eluctaretiir?
1462 1217 1546 1251 Igitur
1561 1224 1623 1243 cum
1638 1217 1733 1242 urbem
1750 1215 1787 1243 ab

994 1262 1090 1289 Alexio
1111 1268 1219 1297 captam
1235 1263 1416 1290 statuerimus
1429 1263 1474 1291 die
1487 1263 1532 1293 25.
1543 1263 1607 1290 Julii
1622 1263 1685 1289 anni
1701 1263 1782 1294 liiil.

996 1308 1150 1342 ingressum
1167 1317 1233 1336 vero
1249 1310 1275 1336 in
1292 1317 1352 1336 eam
1379 1310 1494 1336 solemni
1512 1318 1610 1345 pompa
1624 1309 1785 1336 Michaclem

995 1356 1148 1390 Augustum
1158 1356 1189 1382 18
1201 1355 1259 1382 Kal.
1271 1355 1410 1390 Septemb.
1421 1356 1544 1390 ejusdem
1559 1356 1635 1387 anni,
1648 1355 1693 1382 die
1705 1363 1786 1382 sacro

996 1401 1118 1435 Deipara:
1134 1408 1281 1436 assumptm
1300 1402 1396 1429 doceat
1421 1403 1579 1436 Acropolita
1594 1410 1619 1430 c.
1631 1403 1677 1434 88,
1693 1403 1786 1429 dicere

996 1446 1076 1473 valde
1095 1447 1286 1474 verisimiliter
1305 1455 1452 1482 possumus
1479 1453 1650 1482 resuinptum
1676 1449 1710 1475 ab
1734 1449 1772 1474 Ar

995 1494 1072 1521 senio
1085 1493 1205 1528 regimen
1218 1493 1409 1527 po'riarchalis
1420 1494 1493 1521 sedis
1503 1495 1554 1521 sub
1567 1494 1648 1522 finem
1671 1495 1785 1530 Augusti

957 1547 979 1578 ρ
995 1539 1097 1567 mensis
1113 1545 1141 1566 et
1157 1539 1298 1567 Michaelis
1308 1541 1514 1568 coronationein
1531 1541 1582 1568 sub
1599 1542 1705 1568 initium
1719 1543 1785 1577 Sep-

998 1585 1113 1612 tembris
1129 1585 1306 1613 celebratam.
1326 1586 1352 1612 In
1368 1594 1422 1621 quo
1440 1587 1462 1613 si
1480 1588 1542 1621 quis
1561 1588 1719 1622 vitilitigarc
1737 1597 1785 1614 ve,-

996 1631 1039 1662 lit,
1053 1636 1143 1658 tamen
1158 1631 1231 1658 idem
1254 1631 1280 1658 id
1296 1632 1322 1658 in
1342 1632 1453 1667 longum
1469 1633 1580 1660 differre
1598 1642 1652 1660 non
1668 1635 1783 1668 poterit.

996 1677 1064 1704 Cum
1082 1678 1156 1703 enim
1172 1681 1249 1704 certo
1267 1677 1457 1705 definierimus
1474 1679 1615 1712 superius,
1631 1688 1656 1706 c.
1672 1681 1699 1710 4.
1716 1688 1743 1708 ιι.
1757 1681 1783 1712 J,

997 1722 1130 1749 Joannem
1153 1721 1196 1758 [P.
1210 1721 1274 1757 5M]
1296 1725 1449 1756 Augustum
1475 1731 1590 1757 puerum
1619 1731 1785 1752 excaecatum

998 1769 1083 1797 fuisse
1102 1770 1147 1796 die
1165 1769 1268 1797 Christi
1287 1771 1375 1798 Natali
1398 1771 1480 1806 hujus
1503 1772 1565 1798 anni
1585 1773 1665 1802 l'l‘il.
1681 1778 1707 1800 et
1727 1782 1784 1799 ina-

998 1816 1128 1842 nifestuiu
1144 1816 1179 1843 sit
1197 1816 1269 1843 inter
1284 1817 1489 1845 coronationem
1506 1819 1650 1846 Michaelis
1663 1823 1690 1846 et
1703 1827 1783 1845 exem-

998 1863 1135 1889 cationem
1171 1862 1286 1889 Joannis
1320 1863 1449 1890 idoneum
1476 1864 1625 1899 quodpiam
1656 1866 1786 1899 ῑειτιιονίε

997 1908 1113 1942 spatium
1145 1907 1344 1940 intercessisse,
1372 1908 1446 1935 haud
1476 1909 1572 1944 utique
1599 1910 1688 1936 multo
1717 1910 1787 1936 ultra

999 1953 1078 1980 lixam
1097 1961 1111 1980 a
1127 1953 1208 1981 nobis
1228 1954 1289 1980 initi
1307 1954 1460 1982 secundum
1484 1955 1518 1982 ab
1534 1954 1653 1982 Arsenio
1669 1956 1785 1990 patriar-

998 2001 1096 2028 chatus
1116 2001 1250 2035 epoeham
1271 2001 1366 2027 licebit
1380 1992 1678 2036 quantumvis'arguto
1695 2001 1785 2035 conje-

998 2047 1086 2074 cturis
1098 2047 1220 2081 evagari.

1035 2093 1067 2119 V.
1083 2093 1222 2120 llabeinus
1239 2092 1348 2119 initium
1362 2099 1477 2119 secundi
1492 2086 1696 2126 patriarcoatiis
1708 2092 1786 2118 Arse-

999 2139 1048 2166 nii.
1071 2139 1165 2165 Restat
1183 2139 1245 2166 finis
1267 2139 1391 2173 ejusdem
1416 2138 1597 2172 indagandos.
1621 2138 1720 2165 Narrat
1737 2138 1787 2164 l’a-

999 2185 1151 2219 chyiiieres,
1169 2186 1186 2212 l.
1205 2192 1244 2215 ill,
1258 2193 1282 2211 c.
1300 2185 1342 2216 M,
1359 2185 1504 2211 Arseiiiiim
1531 2184 1714 2218 patriarchain
1739 2192 1787 2211 au~

1000 2231 1055 2257 (lita
1072 2230 1186 2256 Joannis
1201 2222 1387 2257 esca-catione
1405 2231 1551 2257 anathema
1570 2231 1596 2256 in
1618 2231 1678 2264 ejus
1695 2236 1784 2257 aucto-

1001 2285 1058 2303 rem
1086 2277 1247 2304 Miehaelem
1265 2276 1419 2312 Angustum
1447 2277 1601 2304 intorsisse.
1629 2276 1656 2302 Id
1686 2277 1787 2303 factum

1000 2324 1123 2357 oportuit
1143 2324 1216 2351 circa
1234 2324 1343 2351 initium
1360 2323 1424 2350 anni
1440 2324 1543 2351 Christi
1559 2323 1639 2353 ηδτ),
1655 2331 1717 2350 cum
1733 2325 1788 2356 pri-

1000 2379 1074 2397 mum
1093 2378 1190 2404 nempe
1206 2371 1317 2404 vulgata
1342 2370 1413 2397 fama
1431 2375 1475 2397 est
1501 2370 1564 2397 facti
1580 2370 1695 2396 atrocis.
1719 2370 1787 2403 Cap.

1000 2416 1100 2444 deinde
1128 2417 1161 2443 l9
1187 2417 1290 2443 dicitur
1307 2416 1478 2449 lilichaelem,
1495 2421 1643 2450 postquam
1662 2415 1790 2442 videlicet

1000 2463 1159 2497 aliquandiu
1175 2463 1354 2498 ignominiam
1375 2463 1559 2490 meritissima!
1577 2470 1664 2496 pmna-
1689 2462 1790 2489 tacitus

1001 2509 1111 2540 tulerat,
1125 2509 1239 2542 petiisse
1257 2509 1409 2542 supplicem
1432 2508 1467 2534 ab
1486 2509 1604 2535 Arsenio
1623 2508 1788 2534 solutionem

999 2554 1191 2587 anathematis,
1206 2563 1257 2582 nec
1276 2562 1378 2585 tamen,
1406 2555 1470 2582 licet
1490 2555 1536 2581 diu
1560 2560 1589 2581 et
1610 2555 1788 2581 vehementer

1001 2601 1156 2633 institisset,
1173 2602 1319 2636 impetrare
1348 2601 1481 2635 potuisse.
1499 2601 1582 2627 Multa
1600 2600 1701 2627 dehinc
1726 2607 1789 2626 nar-

1001 2653 1096 2674 rantur
1122 2655 1219 2674 iiovem
1247 2647 1360 2682 reliquis
1381 2647 1518 2681 capitibus
1537 2646 1601 2674 libri
1619 2649 1705 2678 tertii,
1728 2654 1789 2680 qua:

1000 2694 1046 2719 illo
1060 2693 1204 2720 intervallo
1215 2693 1318 2720 frustra
1334 2694 1426 2727 petita:
1438 2693 1621 2720 absolutionis
1633 2693 1667 2719 ab
1680 2699 1791 2719 excom-

1001 2740 1188 2767 iiiunicatione
1214 2741 1297 2775 728
1312 2742 1497 2775 contigerunt.
1522 2740 1583 2767 llicc
1601 2744 1682 2774 prout
1697 2740 1723 2766 in
1741 2747 1787 2774 sy-

1001 2786 1077 2820 nopsi
1102 2787 1294 2821 chronologica
1321 2786 1496 2820 digessimus,
1513 2787 1590 2813 facile
1603 2787 1685 2813 trium
1705 2793 1792 2812 anno-

1002 2839 1061 2858 rum
1077 2833 1196 2866 spatium
1215 2832 1335 2867 cxplent.
1361 2831 1477 2864 Quando
1501 2831 1555 2865 jam
1574 2831 1724 2865 desperans
1744 2831 1791 2858 lili-

1001 2878 1077 2903 chav-l
1099 2878 1246 2907 quidnuam
1263 2885 1311 2904 sua
1331 2885 1411 2904 causa
1432 2877 1568 2903 facturum
1586 2876 1742 2904 Arseiiiiim.
1758 2875 1791 2902 ad
