1931 3069
146 126 205 158 [133

787 126 1122 158 illllitiNULOtilCUfS.

1707 127 1773 158 1186

147 190 282 216 miseopos
309 181 341 207 de
359 185 430 207 statu
449 188 541 207 rerum
560 188 670 207 suarum
692 189 750 207 eam
769 182 922 207 oralionem
941 182 964 209 Α
978 188 1037 206 rem
1067 181 1185 207 duravit.
1213 180 1248 207 Ut
1275 182 1359 208 semel
1388 181 1563 208 :tbsolraums
1590 182 1622 209 de
1642 184 1771 215 Arsenio,

147 230 245 260 habuit,
269 237 329 262 quae
349 237 372 254 c.
392 228 417 258 1,
432 228 449 254 Ι.
468 235 494 253 tv
516 228 657 254 recitatur.
677 227 703 253 In
721 235 752 254 ea
769 227 846 261 quasi
863 227 927 252 iun-

147 278 266 301 damcnta
280 275 350 308 iacta
366 278 430 300 Stllll
444 273 626 307 depositionis
650 273 770 299 Arscnii.
789 273 827 299 Ad
846 281 928 305 quam

147 327 169 348 nt
188 328 345 355 processum
362 320 457 350 fuerit,
474 320 572 346 docere
589 320 739 346 historicus
753 319 850 353 incipit
863 320 880 345 l.
893 327 929 351 tv,

148 378 167 394 c.
183 369 208 397 5,
229 367 274 393 tibi
303 367 442 392 accusatio
461 366 487 392 in
512 366 695 400 patriarchant
713 366 812 399 cupide
830 365 864 392 ab
881 365 930 390 im-

148 420 269 448 peratore
285 418 395 446 arcrpta
426 417 606 438 memoratur.
625 412 768 438 Dalnnatio
784 411 891 437 Arseuii
904 415 932 436 et.

149 460 329 487 exauctoratin
342 459 448 491 judicio
474 459 573 494 synodi
590 459 700 485 decreta
719 458 838 484 refertur
852 466 877 484 c.
894 458 930 488 6;

149 507 282 534 exsecutio
299 514 381 540 porro
397 505 539 532 sententize
555 512 581 532 et
596 505 695 539 eiectio
710 505 816 531 Arsenii
833 512 847 531 e
869 504 933 530 sede

149 561 170 580 et
187 553 254 580 urbe
268 552 450 587 perscribitur
465 560 489 578 c.
510 552 545 584 8;
561 552 661 583 oratio,
677 552 711 578 de
731 559 783 585 ([tlu
800 551 932 580 dixiintis,

149 600 321 635 imperatoris
340 598 433 625 habita
449 598 560 624 videtur
575 598 626 624 sub
642 597 751 625 initiutn
773 597 838 623 anui
855 597 933 627 1265,

150 655 208 674 eum
221 647 275 681 jam
301 654 348 679 per
371 652 457 671 annos
477 649 531 670 tres
557 643 862 672 excotnmunicatiouis,
881 649 934 676 qua

150 695 243 720 t‘mssrt
261 693 380 726 illigatus
397 691 490 718 statim
506 695 568 725 post
585 690 798 717 excaicationelu
822 689 936 716 Joannis

150 740 235 774 pueri,
264 738 428 765 solutionem
465 737 649 771 nequidquam
687 737 846 770 ﬂagitasset.
871 735 937 761 Post

150 783 300 813 orationem
313 784 396 816 illaut,
413 786 473 818 qlia:
489 784 563 810 velut
585 783 729 817 clarigatio
746 782 872 817 quatdam
886 782 938 808 fuit

151 830 289 862 terrendo,
307 829 328 856 si
347 829 404 855 tieri
423 832 526 862 posset,
541 828 706 862 patriarchae
726 828 878 862 praemissa,
895 835 938 854 se-

151 882 218 904 cuta:
241 882 306 904 sunt
331 875 544 902 deliberationes
575 875 770 909 episcoporqu
796 878 823 901 et
848 873 937 901 otIicia

152 924 299 950 multorum
328 930 363 949 ex
386 922 452 956 ipsis
476 921 511 948 ad
540 921 726 955 patriarcham
743 928 793 955 pro
815 923 937 954 Augusto

151 971 282 1006 supplice,
301 974 358 997 tum
374 970 471 996 ultima
484 969 566 1004 hujus
583 968 695 1003 Josephi
711 970 753 995 sul
773 967 941 995 confessarii

151 1018 182 1044 ad
196 1017 343 1044 Arseniuln
360 1016 497 1050 allegatio.
520 1016 586 1048 Qua:
598 1023 660 1042 cum
679 1014 747 1041 nihil
762 1015 937 1049 proﬁcerent,

153 1061 260 1087 tandem
281 1060 332 1087 sub
348 1060 455 1087 initium
475 1059 580 1094 Aprilis
599 1060 717 1087 Arseuio
736 1060 770 1087 lis
789 1064 831 1087 est
848 1061 938 1086 inten-

153 1111 218 1139 tata,
233 1107 324 1134 oblato
339 1113 435 1133 contra
455 1107 532 1133 illum
553 1106 656 1133 libello.
672 1106 708 1134 De
734 1107 786 1133 hac
801 1114 830 1133 re
853 1106 938 1133 verba

154 1154 328 1189 l’achymeris
343 1153 463 1181 notanda
480 1158 546 1180 sunt
568 1161 594 1181 c.
622 1153 668 1180 illo
681 1154 708 1185 ὅ,
724 1153 742 1180 l.
761 1161 798 1185 tv,
816 1153 856 1179 sic
870 1153 939 1180 scri-

153 1201 260 1227 bentis:
286 1200 352 1225 Τότε
378 1199 469 1225 τοίνυν
493 1199 696 1234 βοηδρομιῶνος
718 1198 865 1233 ἱπταμένου
891 1197 939 1224 καὶ

154 1247 279 1281 συνήθων
295 1246 431 1279 νηστειῶν
443 1246 614 1280 τελουμένων
630 1245 727 1278 ἑορτῆς
747 1245 885 1279 ἀγομένης
907 1244 940 1278 ἦν

153 1292 301 1319 ἁκάοιστον
317 1291 433 1326 σύνηθες
444 1291 608 1326 ὀνομάζειν·
629 1291 699 1318 Tunc
715 1291 797 1325 igitur
819 1291 865 1316 sub
887 1291 940 1316 ini-

154 1341 218 1365 !iunt
231 1338 331 1373 Aprilis
343 1339 467 1365 solemnis
484 1339 582 1373 jejunii
610 1343 737 1372 tempore.
755 1338 818 1364 dum
846 1338 940 1371 festum

154 1388 275 1419 ageretur
297 1384 366 1418 quod
392 1384 556 1410 Acut/riuum
578 1383 655 1418 vulgo
674 1384 823 1410 norninant.
844 1383 942 1409 Datum

155 1437 249 1458 contra
267 1431 453 1465 patriarcham
477 1431 600 1457 libellum
624 1429 827 1457 aeeusatorium
848 1436 944 1456 conse-

155 1483 272 1512 quenter
290 1481 394 1503 narrat.
413 1476 536 1503 Diximus
560 1477 587 1502 in
605 1476 743 1503 Glossario
759 1475 844 1502 verbo
859 1475 942 1501 Ἀκά-

154 1525 257 1556 (iung,
274 1524 373 1550 lcstum
392 1523 458 1550 illud
482 1523 594 1551 solitum
616 1523 700 1550 fuisse
721 1521 856 1550 celebrari
874 1522 943 1548 Sab-

155 1572 217 1598 bato
256 1571 359 1605 quinta:
387 1569 566 1596 hebdomadas
607 1569 685 1596 verni
709 1568 807 1604 icjunii
833 1568 941 1595 dierum

155 1617 347 1652 quadraginta,
376 1616 515 1643 sexdecim
540 1616 639 1642 diebus
655 1620 719 1642 ante
740 1615 855 1642 Pascha.
872 1613 941 1641 Cum

154 1667 258 1692 autent,
269 1667 298 1688 ut
314 1666 356 1688 est
377 1661 564 1691 manifestum,
578 1667 632 1686 non
648 1659 772 1694 quolibet
787 1666 859 1685 anno
876 1658 944 1686 Sab-

155 1710 249 1735 batum
267 1709 370 1742 quinta:
386 1705 568 1734 hebdomadis
590 1703 806 1739 quadragesima:
820 1703 848 1729 in
863 1703 945 1735 Apri-

155 1757 190 1782 lis
203 1755 316 1782 iuitium
333 1754 483 1786 incideret,
504 1756 620 1786 apparet
639 1751 683 1777 bis
703 1750 793 1776 verbis
808 1748 944 1775 contineri

154 1804 343 1829 characterem
358 1801 422 1827 anni
436 1807 518 1834 quem
534 1798 694 1833 quaerimus.
708 1796 782 1824 Ordo
790 1803 880 1823 rerum
894 1802 943 1830 ge-

151 1856 195 1877 sta
201 1857 258 1875 rum
268 1849 293 1875 in
302 1847 410 1883 synopsi
420 1853 451 1872 ex
457 1852 557 1880 pansus
564 1843 639 1871 ducit
649 1851 699 1871 nos
707 1843 740 1870 ad
751 1850 852 1870 annum
864 1841 945 1870 Chri-

156 1902 191 1922 stt
208 1894 294 1926 1266;
313 1900 375 1920 nam
391 1893 436 1919 hic
454 1899 544 1918 annus
557 1891 609 1918 fuit
621 1890 724 1925 periodi
736 1890 851 1918 Juliauae
863 1889 944 1920 5979,

155 1942 224 1977 eyrti
241 1941 307 1968 solis
324 1940 364 1972 l3,
381 1939 449 1974 cycli
467 1941 538 1966 lunae
551 1939 595 1966 Η.
612 1937 715 1965 Horum
731 1938 871 1973 cyclorum
886 1943 945 1964 cer-

157 1988 264 2014 tissimo
296 1986 398 2013 imlicio
424 1985 559 2012 habemus
588 1984 694 2011 Pascha
713 1983 759 2010 illo
778 1983 944 2010 annotuisse

153 2033 257 2068 Aprilis
270 2034 318 2064 18;
334 2032 405 2059 unde
414 2031 614 2059 retrocedendo
625 2031 659 2058 ad
678 2030 829 2058 Sabbatum
841 2030 945 2064 quinta:

154 2080 336 2108 hebdomadas
363 2078 586 2113 Quadragesitnat
599 2085 630 2104 ac
640 2078 741 2104 festum
760 2076 944 2106 Acathistum,

154 2127 310 2161 reperimus
326 2125 352 2151 id
367 2124 496 2152 incidisse
511 2124 538 2151 in
557 2123 667 2150 tertium
685 2123 798 2157 Aprilis.
815 2123 862 2156 qui
887 2122 946 2148 dies

155 2172 301 2207 aptissime
319 2171 449 2205 congruit
463 2170 489 2197 in
509 2169 583 2196 illaut
612 2169 780 2196 mentionem
797 2169 944 2203 ἱσταμένου

155 2218 359 2254 βοηδρομιῶνος
370 2238 376 2249 ,
395 2216 554 2250 incipientis
569 2216 679 2249 Aprilis.

194 2265 238 2292 γι.
250 2265 325 2291 Mora
339 2263 436 2298 jitdicii
450 2262 534 2289 totius
544 2271 558 2289 a
570 2263 657 2296 prima
670 2262 809 2288 delatione
822 2261 854 2288 ad
868 2269 946 2287 exsc-

153 2312 294 2339 cutionem
322 2310 467 2336 sententia:
484 2311 512 2335 et
533 2309 753 2343 dcporlationcm
773 2307 895 2334 damnati
912 2307 945 2332 ad

154 2358 275 2386 ioSulam
292 2356 412 2382 duorum
430 2356 481 2382 fuit
497 2354 553 2382 tere
571 2355 719 2385 mensium,
735 2354 871 2388 siquidem
895 2354 946 2379 do-

155 2409 201 2432 Cet
212 2403 405 2438 Pachymcrcs.
419 2402 437 2428 l.
453 2409 491 2432 tv,
511 2409 536 2427 c.
549 2400 576 2433 8,
589 2406 730 2428 extrusum
745 2408 793 2434 per
806 2399 947 2426 ministros

155 2451 334 2486 imperatoris
360 2449 538 2484 patriarchali
568 2448 668 2481 palatio
686 2448 832 2474 Arscnium
866 2451 946 2473 nocte

155 2499 262 2526 circiter
286 2503 404 2523 extrema
428 2497 523 2522 mensi;
540 2495 616 2522 Maii.
631 2495 689 2527 Νὺξ
710 2492 744 2528 ἦν
767 2494 831 2528 περί
847 2502 898 2519 που
913 2494 947 2519 τὰ

155 2546 301 2572 τελευταῖα
314 2543 493 2574 πυαντιῶνος.
514 2542 559 2569 Sic
573 2542 670 2568 scribit
693 2542 744 2568 hoc
772 2541 833 2568 loco
853 2545 947 2566 uoster

155 2592 230 2619 istud
258 2599 370 2622 nomen,
397 2598 459 2616 cum
490 2588 555 2615 alibi
582 2592 742 2615 constanter
768 2587 946 2620 πυανεψιῶνα

154 2639 257 2666 Maium
276 2643 365 2665 vocet.
384 2637 437 2664 Sed
469 2641 610 2670 utcunque
635 2635 722 2661 variet
737 2635 875 2668 scriptura
896 2641 947 2660 vo-

155 2686 259 2715 cahnli,
277 2693 320 2711 res
339 2670 508 2717 estquidem
535 2682 592 2716 ipsa
615 2681 728 2707 minime
747 2681 828 2707 dubia
845 2680 945 2707 Maium

155 2732 202 2758 hic
216 2730 340 2758 indicari.
353 2729 435 2764 729
447 2729 536 2761 Quare
557 2734 634 2753 certo
647 2735 681 2752 ex
699 2727 741 2753 his
754 2726 817 2752 licet
833 2726 948 2752 delinire

153 2778 276 2812 spatium
287 2777 398 2803 secundi
413 2774 614 2809 patriarchatus
624 2772 745 2802 Arscnii,
763 2772 808 2806 qui
823 2779 837 2797 a
855 2777 948 2797 mense

155 2823 312 2856 Septembri
338 2822 402 2849 anui
429 2820 529 2847 Christi
546 2820 609 2846 i'lb'l
637 2819 669 2844 ad
688 2818 769 2844 [luem
798 2817 859 2843 Maii
880 2818 948 2844 12136

155 2879 207 2905 per
225 2878 311 2896 annos
326 2873 444 2903 quatuor
460 2872 487 2894 et
499 2874 607 2894 menses
624 2871 756 2901 pra-terea
771 2864 881 2892 circiter
898 2872 947 2891 no-

981 226 1022 263 [Ρ.
1040 228 1105 264 5315]
1120 228 1217 254 mortis
1233 229 1292 262 ejus
1307 228 1380 254 diem
1397 228 1545 255 historicus
1559 233 1771 263 nostercxpres-

980 273 1025 305 sit,
1050 274 1066 300 l.
1098 283 1122 305 \',
1150 282 1174 299 ο.
1196 274 1241 304 ‘30,
1268 274 1310 300 his
1329 273 1440 301 verbis:
1457 274 1626 308 Ὶῦττράττετο
1655 275 1703 309 μὲν
1725 273 1771 301 οἷν

980 321 1066 346 ταῦτα
1078 320 1296 354 ἐλαφηϐολιῶνος
1308 319 1376 354 ἕκτῃ
1390 321 1473 353 μηνῆς
1487 320 1533 346 τοῦ
1547 321 1671 351 ὲττιῆντος
1685 321 1771 351 ἔτους.

981 366 1029 391 τοῦ
1047 367 1219 400 rampart/ou
1236 366 1378 398 Ἀρσενίυυ
1397 366 1532 400 πρότερον
1550 366 1566 400 ἣ
1583 366 1670 392 ταῦτα
1697 375 1770 399 75v.-

983 412 1046 438 σῢαι
1059 413 1172 446 ἡμερῶν
1190 411 1220 442 ἒξ
1235 413 1304 438 κατὰ
1318 411 1367 446 τὴν
1383 412 1466 446 νῆσον
1491 413 1694 446 μεταὶλέξοιντο
1725 414 1772 439 εἴτ’

983 456 1029 484 οὖν
1045 460 1195 493 τριακοστῇ
1214 458 1392 493 γαμηλιῶνος
1413 459 1497 492 μηνός
1513 468 1518 473 ·
1539 458 1602 485 ΙΙαέ
1627 464 1699 493 (μνεία
1715 465 1773 485 sunt

984 506 1094 540 (nempe
1119 505 1301 539 ignominiosa
1338 505 1476 532 traductio
1500 504 1639 538 lloloboli)
1668 507 1772 532 ineunte

986 560 1056 578 mmo
1076 550 1122 583 (ob
1147 551 1256 577 initium
1285 551 1415 578 videlicet
1442 552 1603 578 indictionis
1621 561 1634 578 a
1652 552 1773 586 Septem-

986 599 1039 633 bri)
1056 599 1097 624 (lic
1113 602 1186 624 sexta
1202 598 1329 627 Octobris.
1343 599 1497 632 patriarcha
1513 599 1625 624 Arscnio
1643 607 1688 624 sca:
1702 599 1774 633 prius

987 646 1076 672 diebus
1092 653 1171 679 qumu
1188 647 1242 671 Inrc
1266 645 1358 678 ﬁerent
1374 645 1399 671 in
1428 644 1517 670 insula
1546 650 1660 671 mortuo.
1690 645 1717 671 In
1736 646 1775 671 hi:

988 692 1080 718 nuilus
1092 696 1207 725 apparet
1224 690 1368 717 character
1383 692 1451 716 certi
1470 690 1546 717 anni.
1565 690 1658 723 Quare
1687 691 1718 716 ad
1749 691 1775 715 il-

990 738 1044 764 lius
1062 736 1264 771 indagationem
1289 737 1342 763 alia
1360 735 1538 770 grassandum
1553 741 1596 763 est
1610 736 1663 763 \ia.
1679 736 1776 763 Narra-

989 787 1065 810 verat
1083 783 1119 809 ibi
1135 782 1317 817 Paehymcrcs
1334 789 1445 808 causam
1463 783 1577 817 primam
1596 782 1643 809 ira:
1662 782 1778 815 impera~

991 831 1059 858 toris
1084 830 1111 856 in
1137 829 1301 856 llolobolum
1320 829 1458 856 exstitisse
1483 837 1517 856 ex
1546 829 1628 864 hujus
1645 829 1778 864 praecipiti

954 865 975 894 Β
990 877 1108 912 quadam
1126 875 1273 910 eruptione
1299 875 1499 910 indignationis
1529 875 1556 902 in
1573 876 1779 910 imperatorem,

990 923 1032 950 cui
1047 931 1108 950 cum
1127 922 1260 950 inservire
1275 922 1403 957 ccepisset
1430 921 1457 949 iu
1485 923 1595 956 negotio
1611 921 1779 950 conciliatio-

990 971 1034 997 nis
1065 969 1258 1000 ecclesiarum,
1285 969 1466 1003 suggcrendis
1489 977 1521 996 ex
1544 969 1657 996 historia
1683 968 1780 995 autle-

991 1016 1082 1042 ctione
1102 1015 1211 1041 Patrum
1227 1015 1398 1048 argumentis
1415 1014 1448 1041 ad
1468 1022 1529 1040 eam
1546 1014 1716 1041 suadendum
1735 1021 1780 1047 ap-

993 1062 1037 1091 tis.
1059 1066 1172 1095 repente
1200 1061 1355 1087 institutum
1381 1067 1408 1087 et
1434 1061 1600 1087 sententiam
1621 1060 1780 1089 nnttaverit,

991 1110 1116 1135 oll'ensus
1132 1106 1206 1142 quod
1225 1107 1249 1132 in
1268 1106 1387 1140 quodam
1405 1112 1489 1136 emtu.
1508 1106 1554 1133 ub":
1575 1106 1634 1132 aliis
1651 1106 1782 1132 sessionis

993 1155 1126 1181 honorent
1147 1154 1298 1187 imperator
1326 1153 1479 1184 tribuisset,
1497 1153 1587 1187 ipsum
1610 1153 1698 1180 solum
1718 1153 1781 1179 reli-

992 1201 1097 1236 quisset
1112 1205 1243 1227 stantem.
1260 1200 1338 1227 Unde
1358 1199 1403 1226 ille
1420 1199 1608 1234 interrogatus
1625 1199 1659 1226 de
1676 1207 1705 1226 re
1721 1207 1783 1233 qua:

994 1248 1175 1279 tractabatur,
1192 1250 1376 1281 pneterquam
1389 1246 1506 1280 speratis
1521 1251 1548 1272 ct
1563 1247 1641 1279 prius
1658 1246 1783 1272 ostensis

993 1294 1130 1323 contraria
1146 1293 1237 1320 omnia
1266 1292 1420 1327 respondit,
1444 1293 1527 1319 etiam
1546 1293 1670 1327 Angusto
1685 1299 1784 1327 expro-

994 1341 1083 1368 bravit
1098 1340 1309 1367 exetccationem
1336 1338 1414 1372 pueri
1431 1337 1556 1365 Joannis.
1574 1338 1651 1366 Unde
1667 1339 1784 1373 impera-

995 1393 1054 1414 tore
1070 1385 1313 1414 vehementissime
1327 1389 1476 1417 counnoto,
1495 1382 1648 1411 [loiobolus
1662 1384 1714 1411 sibi
1732 1393 1785 1411 mc-

996 1438 1076 1460 tuons
1100 1433 1126 1460 in
1156 1432 1263 1467 asylum
1297 1431 1422 1458 ecclesiae
1452 1431 1619 1465 confugerit,
1644 1431 1692 1458 sed
1721 1430 1785 1458 inde

997 1478 1106 1507 blandis
1121 1477 1297 1513 imperatoris
1314 1476 1492 1504 suasionibus
1516 1481 1666 1508 extractus,
1685 1476 1786 1511 relega-

956 1536 979 1567 C
997 1530 1041 1553 tus
1056 1525 1174 1552 Nicaeam
1189 1524 1272 1550 luerit
1286 1523 1312 1549 in
1326 1525 1524 1550 monasterium
1541 1523 1699 1558 Hyacinthi.
1714 1523 1787 1550 Scri-

997 1572 1036 1599 bit
1051 1576 1143 1598 autcm
1161 1570 1262 1597 ibidem
1281 1570 1474 1605 Paehymercs,
1498 1569 1532 1596 ab
1549 1569 1599 1596 ista
1619 1569 1786 1604 relegatione

996 1618 1118 1645 nondum
1144 1623 1216 1643 anno
1237 1616 1355 1650 expleto.
1380 1621 1507 1642 vocatum
1525 1615 1612 1642 Μοίρι]
1628 1615 1788 1642 Constanti-

997 1663 1117 1698 nopolim
1136 1662 1300 1689 Ilolobolum
1324 1662 1358 1689 ab
1381 1662 1549 1696 imperatore
1565 1662 1598 1688 ad
1617 1662 1708 1688 dirum
1723 1670 1785 1696 sup—

996 1710 1109 1745 plicium
1122 1709 1215 1735 fuisse.
1229 1707 1314 1742 Igitur
1329 1708 1350 1734 si
1366 1709 1537 1742 potuerimus
1549 1709 1664 1734 delinire
1678 1713 1786 1743 tempus

997 1756 1072 1783 illius
1089 1760 1252 1786 conventus,
1269 1761 1324 1788 quo
1351 1761 1428 1780 suam
1455 1761 1566 1788 gravem
1591 1754 1616 1779 in
1637 1754 1787 1788 perniciem

997 1802 1053 1829 ruit
1077 1801 1228 1829 Holobolus
1253 1801 1464 1835 tntemperantia
1485 1800 1530 1826 ira:
1554 1805 1581 1826 et
1606 1800 1716 1834 lingnze,
1734 1806 1789 1827 sla-

997 1853 1075 1875 tuere
1085 1847 1179 1875 licebit
1193 1847 1226 1874 de
1241 1855 1307 1874 vero
1326 1850 1449 1881 tempore
1460 1854 1523 1873 cum
1537 1846 1667 1880 snpplicii
1687 1845 1720 1873 dc
1734 1847 1789 1874 llo-

997 1895 1088 1923 lobolo
1101 1894 1204 1929 sumpti
1219 1898 1275 1921 tum
1293 1893 1390 1920 mortis
1411 1893 1530 1920 Arsenii.
1545 1892 1628 1927 Atqui
1645 1901 1788 1927 speramus

997 1943 1078 1970 istius
1101 1941 1213 1973 quidem
1232 1941 1287 1968 voti
1305 1949 1356 1968 nos
1376 1940 1433 1968 fore
1459 1946 1611 1975 compotes.
1635 1940 1703 1967 Nam
1721 1948 1789 1967 con-

996 1995 1097 2017 ventus
1110 1989 1162 2016 iste
1176 1988 1287 2015 videtur
1299 1987 1343 2014 ille
1357 1987 1429 2014 idem
1444 1986 1529 2014 fuisse
1541 1994 1623 2021 quem
1643 1987 1790 2022 descripsit

997 2034 1192 2070 Pachymeres,
1216 2042 1242 2061 c.
1266 2033 1300 2060 '12
1315 2033 1377 2060 libri
1400 2033 1522 2068 ejusdem
1540 2041 1566 2066 γ,
1580 2033 1626 2060 ubi
1653 2033 1792 2060 traditin-

999 2087 1104 2109 lentum
1121 2081 1316 2114 imperatorem
1340 2078 1511 2106 addueendis
1535 2078 1561 2104 in
1579 2086 1656 2105 suam
1674 2077 1707 2105 de
1722 2086 1789 2112 pace

999 2126 1119 2154 ineunda
1137 2133 1199 2152 cuin
1224 2125 1321 2152 Latina
1344 2125 1467 2152 Ecclesia
1491 2125 1668 2155 sententiam,
1686 2124 1790 2151 aversis

999 2174 1032 2201 ab
1048 2181 1081 2200 eo
1096 2172 1213 2199 consilio
1227 2171 1392 2206 pnesulibus
1406 2171 1518 2203 Graecis,
1535 2177 1704 2205 congregato
1715 2170 1787 2205 apud

1000 2227 1028 2246 se
1047 2218 1203 2253 patriarcha
1218 2224 1280 2243 cum
1295 2217 1432 2251 episcopis
1447 2221 1475 2243 et
1493 2216 1639 2251 pramipuis
1655 2224 1689 2243 ex
1701 2216 1788 2247 clero,

1000 2265 1132 2292 institisse
1143 2264 1209 2291 utin
1221 2271 1282 2290 eam
1293 2263 1516 2290 conciliationem
1527 2270 1668 2289 assensum
1678 2262 1787 2293 darent,

998 2311 1149 2346 aliegandis
1165 2309 1321 2337 rationibus
1349 2317 1417 2343 quas
1447 2309 1471 2336 ci
1504 2308 1787 2344 suggesserantdoeti

999 2357 1137 2389 homines,
1155 2356 1368 2383 archidiaconus
1387 2354 1566 2385 Mcliteniota.
1587 2354 1722 2388 Georgius
1736 2354 1789 2389 Cy-

997 2404 1075 2438 prius
1093 2402 1339 2438 protapostolarius
1364 2407 1391 2428 et
1409 2401 1505 2428 rhetor
1523 2401 1647 2428 ecclesia:
1669 2400 1790 2427 llolobo-

998 2450 1051 2478 lus.
1065 2449 1110 2483 qui
1139 2455 1237 2475 omnes
1254 2447 1379 2478 aderant,
1403 2455 1452 2482 pro
1469 2455 1498 2473 sc
1513 2447 1631 2481 quisque
1647 2445 1788 2480 uegoxium

996 2497 1132 2531 juvantes,
1160 2501 1331 2528 quanquam,
1354 2498 1383 2519 ut
1410 2493 1446 2519 ibi
1465 2493 1613 2519 submonet
1626 2492 1789 2523 historicus,

999 2541 1148 2569 iinlobolus
1164 2540 1275 2574 quidem
1294 2548 1348 2566 non
1361 2549 1391 2566 ex
1411 2540 1494 2566 animi
1514 2539 1556 2566 sui
1575 2539 1724 2569 sententia,
1739 2538 1788 2565 sed

1000 2589 1026 2614 in
1046 2587 1166 2621 speciem
1179 2587 1312 2612 duntaxat
1331 2594 1382 2613 nec
1400 2586 1492 2612 studio
1503 2586 1622 2612 sincero.
1637 2585 1702 2612 Esse
1714 2585 1789 2611 hunc

999 2639 1101 2662 catum:
1129 2633 1256 2660 eumdem
1275 2632 1373 2659 suadet
1404 2639 1583 2666 personarum
1610 2631 1740 2658 identilas
1761 2636 1789 2658 et

1001 2681 1038 2708 rei
1055 2685 1175 2707 tractare
1192 2679 1219 2705 in
1237 2684 1354 2712 utroque
1369 2688 1374 2705 :
1394 2687 1453 2704 nam
1473 2677 1656 2708 Meliteniota,
1672 2677 1789 2712 Cyprius

1000 2733 1027 2755 et
1047 2727 1197 2754 Ilnlobolns
1210 2726 1356 2760 utrobique
1373 2728 1562 2751 memorantur
1577 2723 1658 2758 730
1671 2723 1788 2749 adhibiti

1000 2774 1192 2808 :nljuramlum
1206 2772 1399 2806 imperatorem
1418 2769 1656 2797 iucouriucendis
1672 2769 1788 2796 fautori-

1001 2820 1052 2846 bus
1067 2817 1232 2845 schistnalis.
1260 2817 1316 2844 Nec
1333 2817 1424 2842 obstat
1447 2815 1519 2851 quod
1534 2816 1581 2842 illo
1596 2824 1621 2843 c.
1642 2815 1677 2841 ‘20
1697 2820 1789 2849 poste-

1002 2865 1082 2892 rioris
1097 2864 1228 2899 temporis
1242 2865 1401 2890 memoriam
1413 2862 1593 2896 exsequitur:
1611 2871 1673 2889 nam
1686 2862 1789 2889 diserte
