1931 3069
165 117 233 151 1137

584 118 617 147 Ι).
636 116 784 147 POSSiNl
809 116 1141 147 OBSERVATIONUM
1165 117 1238 146 LIB.
1258 115 1314 145 ΠΙ.

1725 113 1793 147 1l88

164 176 264 202 ibfdem
281 175 421 207 admonet,
437 174 509 210 quod
526 174 561 201 ibi
578 178 679 206 narrat,
695 180 788 201 aetum
804 173 946 207 Superius,
964 179 985 204 Λ
1010 174 1157 201 manifesto
1175 174 1299 208 periculo
1315 172 1430 208 publica:
1441 171 1554 206 quietis,
1570 177 1599 199 ut
1616 179 1728 198 necesse
1742 172 1793 197 lm-

163 220 211 247 sed
226 220 262 246 ibi
275 221 421 246 memorari
435 220 470 247 ob
482 219 689 246 similitudinem
705 226 810 246 rerum.
821 218 948 246 Conven—

164 271 209 293 tus
226 274 308 301 porro
335 267 380 293 ille
395 274 420 293 c.
440 267 474 292 i9.
498 271 625 293 narratus
653 265 823 299 signiﬁcatur
846 265 948 291 ibidem

164 313 286 345 habitus,
302 318 445 348 postquam
462 312 543 347 legati
561 312 685 347 Gregorii
698 312 723 339 Χ
739 311 879 347 pontiﬁcis
891 311 949 338 Ro-

164 359 236 386 mani
247 358 515 392 Constantinopolim
530 358 709 384 advenerant.
724 358 782 384 Non
797 362 949 392 potuerunt

164 410 257 432 autem
285 405 323 431 illi
350 412 383 432 eo
403 405 561 439 pervenisse
578 404 656 438 prius
674 412 755 438 quam
785 404 836 431 sub
865 404 948 430 ﬁnem

164 451 229 478 anni
246 447 325 483 1272,
350 449 487 484 siquidem
508 450 607 476 litterze
629 457 697 484 quas
712 450 753 476 eis
770 449 950 484 perferendas

164 497 198 524 ad
217 496 376 523 Michaelem
396 496 591 530 imperatorem
608 496 630 523 is
645 495 770 530 pontifex
793 495 882 526 dedit.
908 502 951 521 re—

165 542 255 569 citatae
271 550 285 569 a
301 541 443 577 Raynaldo
461 541 508 569 illo
529 549 602 569 anno
622 550 651 568 ιι.
668 542 715 573 ‘25,
730 541 840 576 scripta:
857 546 922 568 sunt
934 540 950 567 9

164 587 225 616 Kal.
251 587 385 615 Novemb.
407 588 466 622 ejus
493 595 575 622 quem
602 588 658 615 dixi
682 587 747 614 anni
765 587 836 621 apud
856 587 950 614 urbem

164 640 301 665 veterem,
330 634 377 661 ubi
402 633 551 668 Gregorius
578 639 644 661 tunc
660 638 730 661 erat.
756 633 813 660 Sub
840 633 951 660 initium

166 681 249 716 igitur
267 681 331 707 anni
351 681 420 708 1273
435 680 517 707 fuerit
532 681 642 708 habitus
664 680 688 707 is
709 686 808 712 cretus,
823 687 878 714 quo
891 687 953 714 gra-

167 726 232 752 tiam
250 725 322 760 apud
338 725 536 759 imperatorem
556 733 633 752 suam
652 724 803 752 Holobolus
819 724 950 759 perdidit.

166 771 206 799 Ex
224 779 279 806 quo
299 776 422 805 tempore
439 771 560 798 nondum
576 778 649 798 anno
676 771 796 803 evoluto,
816 775 952 798 retractus

165 817 434 851 Constantinopolim
453 821 507 844 tam
524 817 599 844 diras
612 817 648 844 ibi
664 817 736 852 (quae
751 824 776 844 c.
792 816 828 844 20
844 817 951 843 descri-

166 864 281 899 buntur)
305 863 484 891 contumacia:
507 871 563 890 suae
584 871 680 898 pinnas
694 862 802 890 dederit
816 867 892 890 sexta
907 862 950 890 die

165 909 294 937 Octobris
312 908 377 935 anni
396 908 476 939 1275,
488 911 598 934 mortuo
610 913 674 934 ante
685 915 733 935 sex
746 908 806 935 dies
820 907 847 934 in
863 907 952 935 insula

166 953 249 986 Oxea,
267 954 313 981 ubi
337 954 440 981 dudum
466 954 620 985 exsulabat.
646 954 774 987 Arsenio,
788 961 872 989 quem
889 954 953 981 inde

167 1001 346 1035 intelligimus
372 1006 433 1035 post
457 1008 535 1027 suam
561 1007 577 1028 e
606 1000 731 1028 secundo
760 1001 951 1035 patriarchatu

167 1047 331 1082 eiectionem
345 1046 448 1074 vixisse
461 1047 541 1074 anuis
552 1051 668 1082 septem.
681 1051 709 1074 et
725 1051 824 1082 quator
837 1047 952 1081 insuper

167 1093 320 1121 mensibus.

468 1150 581 1179 CAPUT
608 1149 651 1178 Vl.

167 1208 343 1243 Chronologia
356 1209 572 1243 pnniarcharum
587 1208 724 1240 Germani.
738 1208 855 1243 Iosephi,
869 1212 893 1234 et
907 1208 953 1234 Jo-

202 1245 279 1271 annis
301 1243 385 1274 Vacci,
413 1252 457 1278 qua
485 1248 543 1278 post
567 1243 718 1274 Arsenium,
740 1245 887 1277 imperante
902 1243 953 1270 Mi-

201 1279 289 1306 cltaele
320 1279 480 1313 l'ala'ologo,
516 1279 604 1305 sedem
629 1278 952 1313 Canstantinapolitanmn

201 1319 352 1341 tenuerunt.
366 1314 476 1349 Tempus
492 1314 577 1340 missae
593 1313 730 1349 legationis
744 1314 778 1340 (ul
798 1322 907 1349 papam.

205 1370 250 1407 [Ρ.
270 1370 332 1406 tite]
350 1370 370 1398 l.
385 1370 448 1398 Post
461 1375 583 1398 amotum
596 1371 741 1398 Arscnium
753 1370 905 1399 Germanus
920 1379 953 1399 ex

166 1416 410 1451 Adrianopolitana
419 1416 483 1443 sede
492 1417 519 1443 in
525 1415 855 1451 Constantinopolitanam
864 1422 954 1445 trans-

165 1464 238 1490 latus
253 1467 280 1490 et
311 1462 468 1497 patriarcha
486 1463 641 1490 declaratus
654 1468 696 1490 est
715 1471 802 1490 mense
814 1463 895 1490 lunia
909 1464 953 1491 die

999 219 1090 247 bucrit
1107 221 1254 254 imperator
1282 220 1362 254 longa
1388 227 1448 246 eam
1463 225 1491 246 et
1509 225 1636 245 accurata
1653 218 1789 245 concione

999 274 1175 301 compescere
1202 267 1307 293 conari.
1339 266 1462 299 Denique
1491 270 1584 292 narrat
1611 264 1704 290 datam
1727 271 1789 290 esse

999 319 1112 345 operam
1128 317 1158 338 ut
1173 311 1272 345 reliqui
1299 311 1454 338 Orientales
1477 310 1652 344 patriarchae,
1671 309 1791 336 Alexan-

1000 357 1097 383 drinus
1114 360 1142 383 ct
1158 357 1356 388 Antiochcnus,
1383 356 1546 391 cjectionem
1567 355 1675 382 Arsenii
1690 355 1791 389 proba-

1000 407 1083 434 rent;
1097 410 1178 437 quam
1200 403 1234 429 ad
1250 410 1308 429 rem
1331 402 1481 429 verisimile
1503 401 1540 428 sit
1560 398 1673 428 missum
1689 401 1722 427 ad
1744 408 1792 428 eos

1001 449 1040 476 rei
1056 449 1133 476 facta:
1147 448 1288 481 nuntium,
1303 452 1330 475 et
1345 451 1534 482 exspectatum
1552 447 1680 474 videlicet
1694 454 1790 474 eorum

1002 503 1164 530 responsum
1182 503 1211 522 rc
1235 495 1325 522 adhuc
1351 495 1458 529 integra
1484 499 1547 520 ante
1564 494 1789 528 subrogationem

1002 541 1065 568 novi
1082 531 1251 576 patriarcha;
1271 541 1299 567 in
1316 540 1406 567 locum
1433 540 1552 575 expulsi.
1580 540 1628 567 His
1644 540 1678 566 de
1700 540 1790 567 causis

1002 587 1205 622 propenderem
1237 587 1366 622 equidem
1390 587 1424 614 ad
1452 586 1635 614 dill‘erendam
1662 586 1789 614 Germani

1002 634 1165 662 electionem
1184 634 1211 660 in
1228 641 1329 660 annum
1357 639 1539 668 sequentem;
1555 632 1629 667 quod
1652 640 1701 667 per
1723 633 1789 660 cha-

1004 685 1139 719 racterem
1157 680 1210 707 hoc
1220 680 1280 707 loco
1307 685 1490 707 memoratum
1513 679 1589 707 licet.
1615 679 1683 706 Nam
1711 686 1789 714 atque

1004 727 1050 754 illo
1064 734 1136 753 anno
1152 725 1254 753 Christi
1277 726 1357 757 1267,
1379 733 1442 753 cum
1462 726 1556 761 eyclus
1580 726 1646 753 solis
1660 725 1743 753 fuerit
1759 725 1790 752 16

1005 778 1033 800 et
1046 773 1118 800 luna:
1133 774 1180 808 ll,
1193 773 1240 808 qui
1265 773 1331 800 dant
1346 773 1449 800 Pascha
1473 773 1506 800 l7
1528 773 1642 808 Aprilis,
1657 773 1791 800 Penteco-

1005 826 1046 847 ste
1073 819 1205 855 pertingit
1227 819 1255 847 in
1282 827 1403 846 mensem
1431 819 1554 852 Iunium,
1578 819 1707 854 quintum
1731 821 1791 855 ejus

1005 865 1078 893 diem
1104 873 1254 901 occupans.
1274 865 1342 898 Quia
1367 870 1470 897 tamen,
1484 865 1556 900 quod
1582 865 1674 892 statim
1694 870 1790 892 osten-

1004 912 1112 945 demus,
1125 917 1202 940 certo
1214 916 1323 940 constat
1343 912 1509 940 Germanum
1526 912 1654 940 eumdem
1670 913 1790 947 patriar~

1004 959 1087 986 cliatu
1106 959 1222 987 cessisse
1240 959 1285 987 die
1303 958 1336 985 Η
1356 959 1527 994 Septembris
1557 959 1639 994 hujus
1665 959 1790 994 ejusdem

1004 1007 1070 1034 anni
1094 1006 1174 1039 1267,
1198 1006 1271 1033 unde
1292 1011 1366 1034 esset
1382 1013 1557 1040 consequens
1576 1013 1631 1032 non
1648 1005 1711 1041 plus
1726 1013 1792 1033 eum

1005 1053 1095 1080 tribus
1119 1052 1261 1080 mensibus
1276 1059 1340 1079 cum
1359 1051 1475 1079 dimidio
1492 1052 1520 1079 in
1545 1051 1610 1080 sede
1625 1051 1790 1086 perstitisse.

1004 1099 1026 1126 si
1039 1106 1120 1134 quem
1134 1103 1209 1126 tanta
1222 1098 1421 1133 patriarchatus
1429 1098 1559 1126 Germani
1571 1098 1691 1125 brevitas
1703 1097 1792 1124 olfen-

1005 1145 1061 1176 det.
1089 1146 1191 1180 poterit
1206 1145 1229 1171 is
1253 1153 1301 1180 per
1319 1152 1363 1172 me
1378 1144 1491 1172 credere
1507 1145 1601 1172 Patres
1616 1143 1724 1179 synodi.
1736 1152 1792 1178 quo

1005 1196 1130 1225 tempore
1141 1191 1247 1218 Arsenii
1259 1197 1370 1218 causam
1383 1194 1583 1225 cognoverunt.
1599 1189 1792 1224 disquisivisse

1005 1235 1086 1263 simul
1108 1235 1143 1263 de
1159 1243 1331 1268 successore,
1354 1235 1375 1262 si
1399 1235 1480 1268 forte,
1493 1235 1567 1269 quod
1581 1242 1699 1269 pronum
1716 1235 1792 1262 factu

1005 1282 1165 1317 apparebat,
1186 1282 1232 1309 ille
1249 1287 1443 1313 amoveretur;
1469 1288 1555 1316 quare
1576 1280 1667 1308 statim
1682 1288 1714 1308 ac
1727 1287 1792 1307 sen-

1006 1328 1119 1356 tentiam
1146 1327 1173 1355 in
1198 1328 1345 1355 Arsenium
1369 1327 1501 1360 tulerunt,
1517 1326 1646 1361 suffragia
1670 1326 1697 1353 in
1723 1325 1792 1354 Ger-

1006 1374 1079 1402 mani
1094 1374 1258 1402 electionem
1275 1373 1340 1400 darc
1361 1374 1511 1408 potuerint.
1525 1372 1563 1400 De
1577 1372 1696 1399 conﬂato
1711 1372 1792 1399 Arse-

1005 1421 1151 1448 nianorum
1169 1420 1317 1448 schismate
1333 1420 1407 1455 quod
1430 1424 1569 1450 narratur,
1589 1419 1748 1446 inchoatum
1764 1419 1792 1446 id

1006 1468 1144 1502 pendente
1161 1467 1265 1503 judicio
1278 1466 1399 1499 Arsenii,
1412 1472 1543 1494 caeterum
1557 1465 1685 1493 factionis
1697 1473 1792 1493 corro-

166 1509 232 1544 festo
249 1510 336 1536 sancti
349 1508 477 1544 Spiritus,
489 1514 520 1536 ut
535 1509 658 1545 loquitur
671 1510 866 1545 Paehymeres,
880 1510 900 1537 l.
912 1518 950 1542 IV,
965 1517 987 1546 ε
1006 1514 1179 1542 ὺοττίιὶοηεηι
1194 1521 1280 1548 usque
1302 1513 1335 1540 ad
1365 1513 1518 1547 periculum
1550 1512 1704 1547 publicum.
1726 1512 1793 1539 licet

166 1564 191 1584 c.
206 1556 239 1583 15
254 1565 260 1582 :
271 1555 363 1591 Μηνὸς
375 1556 619 1591 μαιμακτηριῶνος
629 1557 658 1582 ὲν
670 1558 702 1591 τῇ
713 1556 760 1583 τοῦ
773 1557 852 1590 ἁγίου
867 1556 952 1583 Πνεῦ-

167 1608 253 1635 ματος
272 1600 364 1635 ὲᾱρτῇ.
391 1599 523 1627 Libenter
553 1600 605 1628 hoc
629 1600 769 1628 dill‘errem
790 1601 818 1628 in
846 1610 950 1629 annum

165 1651 339 1680 sequentem.
352 1646 420 1673 Nam
443 1646 515 1673 inter
532 1647 785 1674 exauctorationem
801 1647 908 1675 Arsenii
925 1653 952 1675 et

165 1694 369 1728 promotionem
384 1692 514 1720 Germani
535 1693 620 1721 multa
637 1699 834 1721 commemorat
850 1694 952 1730 Pachy-

164 1747 256 1767 meres
270 1740 408 1775 capitibus
420 1739 447 1771 9,
464 1740 495 1766 10
508 1744 536 1767 et
550 1740 594 1771 ll.
614 1741 633 1767 Ι.
651 1748 687 1774 tv,
701 1748 762 1775 quae
772 1741 798 1768 in
812 1742 952 1776 angustias

164 1787 394 1822 paucissimorum
409 1787 516 1814 dierum
543 1787 614 1814 inter
628 1793 785 1815 extretnum
803 1787 902 1815 Maium
924 1793 952 1815 et

165 1832 277 1860 Junium
295 1834 434 1860 ineuntem
449 1833 682 1860 interccdctttiunt
699 1834 841 1869 aegerrime
858 1835 953 1862 viden-

165 1884 210 1907 tur
237 1888 317 1915 posse
344 1879 493 1914 compingi.
515 1879 587 1911 Fuit,
605 1886 634 1906 ut
652 1879 782 1913 diximus,
802 1880 853 1907 hoc
868 1888 949 1913 anno,

165 1932 220 1960 quo
234 1930 274 1952 cst
290 1929 485 1952 exauctoratus
504 1925 648 1958 Arsenius,
666 1925 769 1953 Pascha
785 1927 817 1954 18
836 1927 950 1962 Aprilis,

164 1977 192 2000 et
208 1975 411 2007 consequenter
423 1971 595 2001 Pentecoste,
615 1979 696 2006 quam
709 1972 754 2000 hic
767 1977 844 2000 vocat
858 1963 952 2001 noster

166 2019 264 2054 ἑορτὴν
280 2018 330 2045 τοῦ
357 2019 434 2052 ἁγίου
461 2017 632 2053 Πνεῦματος,
657 2018 674 2046 6
698 2018 782 2046 Junii.
810 2019 951 2047 Sententia

166 2064 346 2100 depositionis
374 2064 478 2099 perlata
501 2065 527 2091 in
555 2064 700 2091 Arsenium
727 2070 754 2092 et
781 2066 951 2093 exsecutioni

166 2111 293 2139 mandata
310 2115 352 2138 est
377 2111 442 2145 περί
463 2119 515 2137 πω
532 2111 567 2137 τὰ
582 2110 726 2138 τελευταῖα
740 2112 788 2138 τοῦ
809 2113 950 2139 πυαντιῶ-

166 2167 219 2190 νος,
231 2159 335 2185 circiter
350 2161 465 2184 extrema
484 2158 579 2184 mensis
591 2157 666 2190 Maii,
678 2163 708 2185 ut
721 2159 793 2186 clare
808 2160 889 2186 tradit
904 2167 952 2187 no-

165 2210 220 2232 ster
235 2213 261 2232 c.
281 2205 308 2237 8,
326 2204 345 2231 l.
362 2213 400 2232 tv.
424 2203 576 2232 Germanus
595 2212 678 2238 porro
705 2205 886 2240 inaugmatus
903 2213 951 2240 pa-

167 2251 296 2284 triarcha,
313 2259 346 2278 cx
369 2251 466 2279 eodem
494 2256 618 2282 auctore,
641 2256 684 2278 est
701 2251 744 2277 die
763 2251 949 2283 l'cntecostes,

166 2299 218 2325 hoc
241 2303 294 2329 est,
322 2304 400 2324 sexto
419 2297 505 2323 Junii.
531 2297 648 2324 liledium
667 2298 786 2332 spatium
816 2306 870 2324 non
891 2298 952 2332 plus

166 2350 227 2372 octo
244 2348 291 2370 aut
305 2343 400 2371 decem
419 2344 526 2370 dierum
550 2343 635 2371 fuisse
660 2345 791 2379 oportuit.
813 2345 846 2372 Et
860 2350 951 2371 tamen

166 2391 247 2418 docet
262 2390 390 2417 indicatis
408 2390 475 2417 locis
499 2390 681 2426 Paeltymcrcs
701 2389 820 2424 primum
840 2390 953 2417 electio—

166 2444 228 2464 nem
253 2437 408 2463 successuri
434 2436 552 2463 Arsenio
577 2436 673 2464 liberis
691 2436 830 2472 sull'ragiis
853 2437 950 2472 synodi

166 2483 287 2510 relictam
304 2483 337 2509 ab
356 2483 531 2517 imperatore.
550 2484 622 2509 unde
638 2483 673 2510 sit
687 2483 764 2518 731
779 2491 952 2519 consequens

165 2537 268 2556 moram
296 2535 476 2564 congregatos
509 2529 602 2556 Patres
633 2535 748 2557 matura:
776 2530 951 2565 inquisitioni

165 2575 291 2602 idoneam
316 2576 476 2610 sumpsisse.
503 2576 605 2603 Deinde
625 2576 671 2603 ubi
690 2576 820 2611 sull‘ragia
840 2577 867 2604 in
883 2576 951 2604 Ger-

165 2629 276 2648 manum
297 2621 503 2654 convenissent,
528 2629 669 2650 rccusasse
689 2623 780 2657 ipsum
801 2623 949 2650 admittere

164 2668 310 2699 honorent,
330 2675 381 2695 nec
409 2667 461 2695 nisi
484 2668 648 2703 urgentibus
673 2675 701 2696 et
717 2669 816 2704 saepius
842 2670 950 2698 iteratis

164 2714 339 2749 imperatoris
351 2723 413 2742 eum
439 2715 472 2741 ad
489 2715 541 2743 hoc
555 2716 677 2750 quotidie
698 2716 826 2744 adeuntis
843 2716 950 2744 instan-

165 2760 210 2786 tiis
230 2759 348 2794 denique
374 2759 536 2788 inclinatum
560 2762 721 2790 assensisse.
745 2763 878 2790 Praeterea
893 2771 950 2790 uie—

164 2804 245 2830 minit
265 2804 302 2830 ibi
320 2810 416 2832 auctor
430 2804 559 2831 factionis
572 2807 667 2833 valida:
686 2807 811 2834 conﬂato:
829 2808 948 2834 Arscttio

162 2848 325 2882 faventium,
350 2858 410 2883 qua:
437 2855 491 2878 tam
515 2850 695 2881 vehementer
721 2854 866 2882 invalucrit
884 2861 947 2881 cum

1004 1565 1067 1595 post
1081 1560 1212 1588 Germani
1226 1560 1398 1587 evectionem
1418 1559 1567 1591 exsdterit,
1591 1567 1625 1586 cx
1645 1558 1792 1586 occasione

1004 1615 1053 1641 per
1076 1606 1227 1641 prolepsim
1254 1610 1334 1633 antea
1361 1613 1376 1633 a
1404 1605 1570 1640 Pachymere
1590 1605 1717 1632 relatam.
1741 1605 1792 1632 Po-

1004 1659 1108 1680 stremo
1124 1653 1223 1680 missos
1240 1653 1350 1688 quidem
1378 1652 1470 1679 statim
1487 1652 1600 1679 nuntios
1618 1651 1794 1679 iudicaturos

1004 1698 1205 1734 depositionem
1232 1698 1342 1726 Arsenii
1362 1698 1397 1726 ad
1415 1698 1633 1725 Alexandrinum
1651 1703 1680 1725 et
1695 1697 1792 1725 Atilio-

1003 1747 1122 1772 ehcnum
1140 1744 1323 1780 patriarchas,
1347 1744 1395 1772 sed
1421 1751 1519 1771 eorum
1539 1745 1657 1771 reditum
1679 1743 1793 1770 ntinime

1003 1796 1202 1824 exspectatum.
1215 1791 1275 1818 Non
1291 1790 1364 1818 enim
1380 1790 1419 1818 illi
1437 1789 1603 1824 patriarchae
1624 1789 1727 1817 habere
1743 1797 1794 1824 pu-

1004 1839 1133 1865 tabantur
1156 1838 1183 1864 in
1202 1837 1248 1865 tali
1271 1838 1382 1872 negotio
1403 1837 1448 1872 jus
1469 1836 1612 1871 suffragii:
1635 1836 1739 1871 alioqui
1757 1843 1792 1863 ne

1003 1883 1146 1911 damnatio
1161 1884 1272 1918 quidem
1289 1889 1353 1911 ante
1377 1888 1475 1910 nutum
1502 1890 1599 1910 eorum
1626 1882 1791 1918 prmeipitari

1003 1931 1153 1964 debuisset,
1170 1932 1243 1966 quod
1258 1931 1359 1958 factum
1377 1935 1468 1957 tamen
1486 1934 1605 1958 constat.
1622 1929 1734 1957 Summa
1755 1929 1793 1957 sit

1003 1979 1030 2005 in
1049 1977 1139 2005 medio
1152 1977 1271 2012 relinqui
1283 1984 1298 2003 a
1313 1984 1356 2004 me
1367 1976 1518 2011 cmperitne
1531 1976 1648 2012 [P..5l7]
1662 1975 1791 2004 Germani

1003 2024 1207 2059 patriarchatus
1224 2031 1296 2051 anno
1314 2023 1382 2050 1266
1401 2030 1435 2050 an
1458 2023 1604 2057 sequenti;
1619 2023 1792 2057 propendere

1004 2076 1095 2098 tamen
1118 2071 1204 2105 magis
1219 2069 1246 2096 in
1270 2077 1350 2104 quam
1377 2069 1524 2096 maximam
1538 2069 1612 2097 sedis
1624 2069 1685 2104 ejus
1699 2069 1791 2096 brevi-

1005 2122 1098 2149 tatem,
1115 2117 1211 2151 utique
1227 2116 1254 2143 in
1271 2123 1325 2151 qua
1338 2115 1447 2143 facilius
1465 2115 1602 2142 rationem
1616 2115 1729 2142 invenio
1742 2123 1792 2143 cur

1003 2164 1038 2190 ab
1060 2171 1094 2190 eo
1119 2162 1229 2190 volente
1253 2167 1281 2189 et
1311 2167 1408 2197 parato
1432 2162 1584 2197 imperator
1614 2163 1791 2190 anathemate

1005 2209 1074 2237 solvi
1089 2217 1118 2236 se
1132 2217 1186 2236 non
1205 2209 1360 2237 curaverit.

1040 2255 1071 2283 ll.
1093 2256 1187 2283 Finem
1205 2256 1406 2291 patriarchatus
1427 2255 1556 2283 Germani
1569 2255 1693 2290 ejusdem
1708 2255 1792 2290 ponit

1003 2302 1196 2337 Pacliymeres,
1205 2302 1225 2329 l.
1235 2310 1272 2334 tv,
1284 2310 1309 2329 c.
1318 2302 1363 2334 21,
1376 2301 1421 2329 die
1432 2302 1503 2330 l‘esto
1510 2302 1683 2329 exaltatiouis
1691 2306 1792 2329 sancta:

1002 2350 1099 2377 Crucis
1107 2356 1200 2376 mense
1210 2349 1377 2383 Septembri;
1388 2356 1443 2384 quo
1451 2348 1495 2375 die
1501 2348 1539 2375 ait
1548 2348 1624 2375 illum
1635 2347 1791 2382 celebratis,

1004 2402 1034 2422 ut
1049 2396 1210 2423 solemnitas
1227 2395 1367 2430 poscebat,
1383 2394 1485 2422 divinis
1510 2395 1538 2422 in
1566 2394 1669 2430 templo
1682 2394 1790 2429 oﬁiciis,

1003 2442 1055 2469 sub
1070 2449 1212 2477 vesperam
1227 2442 1395 2476 patriarcbio
1412 2441 1568 2475 cedentem,
1584 2443 1618 2470 ad
1643 2450 1708 2470 suas
1722 2450 1791 2477 quas

1003 2489 1083 2524 732
1107 2489 1227 2516 habebat
1255 2489 1284 2516 in
1301 2489 1442 2524 Manganis
1465 2488 1578 2517 cellulas
1592 2497 1622 2516 se
1641 2489 1789 2523 recepisse,

1003 2544 1053 2563 nec
1063 2540 1158 2570 postea
1167 2535 1232 2563 ullis
1243 2543 1272 2563 se
1281 2535 1380 2563 adduci
1400 2535 1530 2570 precibus
1547 2536 1645 2563 sivisse
1657 2536 1691 2563 ad
1705 2536 1788 2564 ullum

1004 2589 1082 2608 usum
1091 2581 1224 2609 abdicata:
1233 2581 1385 2616 dignitatis.
1394 2581 1472 2609 Unde
1481 2582 1514 2609 ad
1522 2583 1693 2610 successoris
1702 2582 1791 2617 inqui-

1002 2628 1129 2656 sitionem
1147 2635 1286 2656 conversa:
1298 2637 1358 2656 cum
1377 2628 1549 2663 imperatoris
1560 2634 1618 2656 tum
1632 2630 1789 2657 antistitum

1001 2680 1074 2700 curae
1082 2677 1147 2700 sunt
1155 2681 1161 2700 :
1170 2680 1224 2707 quo
1233 2680 1306 2700 anno
1315 2673 1341 2700 id
1350 2673 1505 2708 contigerit.
1516 2681 1550 2701 ex
1557 2674 1725 2701 successoris
1732 2674 1791 2702 ele-

1001 2720 1093 2746 ctione
1108 2719 1186 2746 brevi
1211 2725 1272 2754 post
1298 2725 1393 2747 secuta
1419 2720 1629 2754 intelligendum
1645 2725 1704 2753 est;
1728 2728 1790 2755 qua:

1000 2774 1074 2795 cum.
1101 2770 1130 2793 ut
1153 2774 1214 2793 mox
1240 2766 1487 2799 demonstrabitur.
1507 2773 1617 2801 peracta
1639 2767 1722 2794 fuerit
1745 2767 1789 2795 die

1000 2811 1035 2837 ‘28
1052 2811 1211 2838 Decembris
1230 2812 1296 2839 anni
1312 2811 1464 2839 desinentis
1480 2819 1495 2838 a
1509 2812 1620 2839 Christo
1631 2817 1696 2839 nato
1710 2812 1788 2842 1267.

1003 2864 1051 2886 DI'O
1067 2858 1204 2885 constanti
1221 2862 1263 2886 est
1277 2858 1433 2887 habendum
1452 2858 1606 2886 uerstitissc
1620 2857 1791 2886 Germanum
