1931 3069
128 127 189 161 1189

128 235 249 264 quartum
278 229 415 255 decimum
434 228 607 263 Septembris
626 227 690 254 anni
707 224 774 253 1267
797 234 845 260 per
862 233 911 251 an-

129 285 185 304 num
199 283 284 302 unum
302 279 328 301 et
347 282 453 301 menses
469 279 600 308 prmterea
614 278 733 308 quatuor
745 280 808 299 cmn
825 272 910 299 dimi-

128 321 176 351 dli),
202 320 242 346 \"cl
269 328 283 346 a
307 320 404 353 quinto
419 319 492 346 Junii
509 320 573 354 anjii
593 319 661 345 1267
677 318 709 345 ad
728 318 761 344 H
782 318 910 352 Septem-

129 366 196 391 lircm
208 365 330 399 ejusdem
347 364 410 390 anni
429 373 478 399 per
491 372 599 391 menses
613 369 667 391 tres
685 369 712 391 et
725 364 784 391 dies
798 371 910 390 novem.

129 411 239 444 Postque
265 411 351 445 ipsius
378 415 558 444 spontancam
584 411 787 437 abdicationem
816 410 910 437 sedem

127 465 231 485 vacasse
252 458 341 484 tribus
360 457 512 488 mensibus,
538 461 564 483 et
582 456 680 483 diebus
697 461 827 491 praaterea
844 465 912 491 qua-

129 504 285 535 tuordecirn,
312 511 398 538 usque
427 503 461 530 ad
480 503 698 538 designationem
722 503 909 535 successoris;

128 550 319 584 septemdecim
334 557 399 576 Vero
415 557 502 584 usque
523 549 556 576 ad
574 549 697 584 ejusdem
720 549 910 583 inauguratio-

129 605 196 628 nem,
211 605 271 631 quae
290 597 417 623 Kalendis
429 596 567 624 Jauuariis
591 596 654 622 anui
677 596 745 623 1268
772 596 910 624 celebrata

129 644 175 670 rite
203 648 254 674 cst,
274 647 355 677 prout
372 643 502 677 deinceps
529 643 718 670 ostendemus.
744 644 845 670 Scrihit
859 650 910 669 no~

128 694 191 722 ster,
206 697 231 716 c.
248 689 293 721 ‘25,
309 691 325 716 l.
341 696 381 720 tv,
398 689 549 724 Josephum
563 689 828 716 mouasteriiGalcsii
844 697 912 722 pra:-

129 736 226 762 feeturn
250 735 449 762 confessariunt
474 736 649 769 imperatoris
669 736 793 770 legitimo
809 736 911 762 suifra-

127 783 229 816 giorum
266 789 382 808 numero
411 782 529 808 electqu
558 782 692 817 probante
721 789 752 808 ac
777 783 909 810 studente

127 829 241 856 maxime
254 829 430 862 imperatore,
441 829 612 863 designatum
627 829 711 855 fuisse
726 829 907 863 patriareham

129 875 209 909 μηνὸς
236 876 469 910 σκιῤῥοφοριᾱινος
485 876 594 910 εἰκοστῇ
613 876 692 910 ἀγεαῇ
719 876 768 910 τῆς
791 875 908 908 δεκάτης

126 923 313 955 ἑπινεμήσεως
330 921 376 947 τοῦ
390 921 572 955 ,gd/na’iteug,
591 922 684 947 mensis
705 921 851 948 Decembris
872 922 910 947 vi-

124 969 218 995 cesima
235 972 339 1000 octava,
351 967 457 994 decima:
472 968 632 1000 indictionis,
653 968 717 994 anui
731 967 819 1000 6775;
836 975 911 994 mox-

126 1021 178 1047 que
200 1012 277 1039 addit
305 1013 389 1040 fuisse
419 1013 576 1040 ordinatum
601 1013 660 1039 Kal.
678 1012 816 1039 Januariis
844 1013 910 1040 anni

126 1057 507 1092 sequetltis,éxatop6attiwo;
519 1058 545 1084 δὲ
561 1057 696 1091 νουμηνίᾳ
711 1057 911 1091 χειροτονηθεὶς

127 1105 165 1136 εἰς
183 1104 331 1139 ἀρχιερέας
345 1103 512 1130 τετέλεσται.
538 1104 634 1130 Annus
649 1111 711 1130 acra:
724 1102 818 1129 mundi
834 1102 910 1130 Grae-

127 1158 221 1178 corum
236 1150 378 1177 reducitur
403 1149 435 1176 ad
450 1149 589 1184 vulgarem
608 1157 669 1176 uarie
685 1154 784 1175 nostra:
807 1148 910 1176 Christi

125 1197 297 1224 detractione
313 1196 393 1223 5508.
411 1195 474 1223 Fuit
489 1203 554 1230 ergo
571 1196 593 1223 is
608 1203 697 1222 anuus
712 1194 813 1222 Christi
830 1194 910 1227 1267,

126 1242 231 1278 periodi
261 1250 329 1269 vero
352 1241 467 1268 Julianze
481 1241 550 1269 5980
572 1251 578 1268 :
597 1241 644 1276 qui
659 1248 792 1267 numerus
805 1240 912 1267 divisus

127 1290 154 1316 in
171 1289 330 1324 quindecim
346 1288 447 1315 indicat
467 1287 645 1314 indictionem
662 1287 721 1321 ejus
736 1286 799 1312 anui
815 1285 911 1313 chara-

123 1335 303 1365 ‘eteristicam,
322 1334 468 1366 decimam,
491 1339 573 1367 prout
593 1333 774 1368 Pachymeres
793 1332 909 1360 notarit.

124 1379 203 1408 Unde
221 1379 332 1406 dubiqu
357 1387 417 1415 esse
440 1387 495 1405 non
515 1383 605 1413 potest
618 1378 685 1413 quin
709 1378 913 1412 patriarchatus

123 1425 236 1459 Josephi
253 1424 353 1451 Galcsii
370 1432 384 1451 a
406 1424 468 1451 Kal.
483 1423 608 1450 Januarii
633 1423 697 1449 anni
722 1422 823 1450 Christi
844 1421 912 1448 1268

126 1472 264 1506 procedat.

779 123 1117 156 CllltONOLOGICUS.

127 193 152 212 ιιι
175 182 361 218 patriarchatu
390 182 432 210 vel
453 190 468 209 a
494 185 572 210 sexto
597 180 673 209 Junii
697 181 761 208 anui
790 179 859 206 1266
875 179 907 206 ad
926 182 948 209 Α

1684 128 1754 162 1190

997 180 1041 207 IV.
1057 182 1094 208 De
1102 181 1215 208 Joannis
1224 181 1305 210 Vecci
1319 182 1440 216 Joscplm
1451 183 1590 218 sulrrogati
1604 184 1752 216 electione,

963 234 1044 259 quam
1070 231 1098 253 et
1112 228 1204 254 statim
1229 228 1384 254 inchoatam
1403 234 1464 262 post
1494 229 1644 262 legatorum
1666 229 1752 256 ltoma

963 271 1082 298 reditum
1101 276 1131 299 et
1148 273 1277 300 celeriter
1294 278 1459 301 transactam
1480 279 1603 308 apparet,
1621 275 1661 302 sic
1683 275 1752 303 scri-

962 317 1002 344 hit
1022 318 1214 353 Pachymeres,
1232 327 1257 345 c.
1279 320 1324 352 21,
1353 320 1370 346 l.
1395 328 1409 346 ν
1428 329 1434 346 2
1457 321 1487 346 '0
1514 320 1616 351 Βέκκος
1640 322 1749 356 εἰκοστῇ

964 363 1013 398 μὲν
1029 364 1076 390 καὶ
1103 364 1170 399 ἕκτῃ
1195 365 1387 400 [low/adclive;
1419 367 1504 401 μηνὸς
1529 366 1572 402 [Ρ.
1592 366 1655 402 518]
1679 369 1751 394 κατὰ

962 410 1012 443 τὴν
1024 410 1122 445 ἑορτὴν
1142 411 1197 436 τῶν
1214 411 1301 445 ἁγίων
1319 412 1447 446 [Ιατέρων
1464 412 1516 438 τῶν
1534 413 1562 438 ἐν
1580 413 1682 447 Νικαίᾳ
1700 422 1753 439 πα-

961 456 1094 490 τριάρχης
1109 457 1307 492 προϐέϐληται.
1322 459 1444 493 Δευτέρᾳ
1460 459 1487 484 δὲ
1502 459 1751 494 Μαιμακτηριῶνος

961 503 994 536 τῇ
1011 503 1124 538 ἐπιούσῃ
1144 506 1273 537 κυριακῇ,
1291 505 1319 529 ἐν
1336 506 1465 539 ἐπισήμῳ
1481 506 1574 541 ἡμέρᾳ
1594 505 1641 532 τοῦ
1667 507 1753 532 Πιθεύ-

965 556 1060 580 ματος,
1088 549 1121 574 τὰ
1147 548 1193 574 τοῦ
1227 549 1385 584 Πνεύματος
1401 550 1507 584 δέχεται
1526 552 1574 577 καὶ
1599 551 1751 578 τελειοῦται

962 592 1107 626 ἀρχιερεύς
1117 602 1124 610 ·
1152 593 1245 621 Veccus
1258 600 1333 622 sexta
1348 600 1371 621 et
1384 596 1506 622 vicesima
1521 592 1591 623 Maii
1605 598 1710 628 mensis,
1723 598 1751 624 in

962 638 1028 673 [esto
1044 644 1195 666 sanctorum
1211 640 1323 667 Patrum
1337 641 1509 668 Martensium
1529 643 1682 676 patriarcha
1698 643 1752 668 ele-

963 689 1019 710 ctus
1037 690 1084 711 est.
1107 685 1226 712 Secunda
1250 695 1310 713 vero
1330 687 1405 713 Junii
1427 687 1564 714 Dominim
1584 689 1751 716 hebdomadis

963 732 1096 762 vertentis,
1110 732 1206 766 insigni
1221 733 1264 759 die
1276 735 1361 761 sancti
1379 734 1494 769 Spiritus
1506 737 1621 770 grutiam
1635 735 1750 770 Spiritus

963 779 1085 812 percepit,
1103 779 1239 806 ordinatus
1267 781 1316 806 rite
1340 782 1506 815 patriarcha.
1529 781 1559 808 lIi
1577 783 1751 810 characteres

964 823 1043 849 unice
1062 824 1205 859 designant
1224 834 1326 852 annum
1351 827 1454 854 Christi
1470 828 1548 861 1273i,
1577 830 1682 863 periodi
1699 830 1749 856 Ju-

963 870 1041 896 lianus
1057 870 1135 900 5988.
1157 880 1211 905 quo
1227 873 1320 907 cyclus
1334 874 1398 901 solis
1415 880 1576 902 numeratus
1593 881 1635 902 est
1648 876 1694 908 24,
1708 875 1750 904 lit.

962 915 1138 943 Dorninimlis
1162 917 1214 943 fuit
1237 917 1267 949 F,
1294 919 1386 953 cyelus
1409 919 1480 947 lunm
1501 921 1630 949 currebat
1645 921 1671 952 5.
1691 930 1752 957 qua:

962 968 1033 988 notae
1052 961 1151 988 festum
1165 962 1275 990 Pascha:
1295 965 1442 992 conferunt
1459 966 1486 992 in
1513 966 1545 993 14
1570 967 1683 1001 Aprilis,
1699 968 1752 994 Do-

962 1008 1091 1034 iuinieam
1109 1016 1174 1035 vero
1187 1009 1363 1037 Pentecostes
1377 1012 1404 1037 iu
1422 1011 1439 1038 2
1453 1011 1538 1038 Junii.
1560 1012 1636 1039 Unde
1653 1017 1726 1047 patet
1737 1021 1751 1040 a

962 1054 1049 1089 prima
1064 1056 1239 1083 successione
1252 1056 1365 1091 Josephi
1394 1057 1426 1084 ad
1444 1057 1543 1084 initum
1566 1066 1580 1085 a
1601 1058 1688 1085 V'ecco
1705 1067 1752 1093 pa-

962 1101 1142 1128 triarehatum
1158 1101 1348 1130 intercessisse
1370 1111 1480 1131 menses
1491 1104 1595 1131 solidos
1609 1105 1750 1132 sexdecim

962 1155 1025 1174 eum
1050 1147 1150 1174 diebus
1170 1148 1336 1176 octodecim.
1365 1149 1444 1176 Anno
1468 1150 1631 1184 prxcedenti
1647 1151 1752 1178 Christi

963 1193 1032 1220 1⁸274
1058 1193 1079 1220 si
1107 1194 1169 1228 quis
1197 1194 1332 1229 suspicari
1367 1195 1448 1223 vellet
1478 1195 1556 1224 Vecci
1584 1198 1752 1225 creationem

963 1239 1073 1271 factam,
1087 1239 1189 1267 frustra
1203 1245 1282 1268 esset
1296 1241 1332 1268 ob
1344 1241 1514 1270 characteres
1530 1242 1732 1272 diversissimos
1745 1253 1753 1271 :

963 1295 1025 1313 nam
1044 1287 1136 1322 cyclos
1159 1288 1182 1315 is
1204 1295 1294 1315 armes
1313 1288 1410 1315 habuit
1426 1289 1492 1317 solis
1505 1290 1550 1322 23,
1573 1291 1645 1317 lunas
1657 1290 1684 1323 2,
1705 1291 1753 1326 qui

963 1332 1030 1358 dant
1045 1333 1150 1359 Pascha
1169 1334 1180 1360 1
1208 1333 1311 1367 Aprilis
1333 1338 1361 1360 et
1387 1334 1569 1363 Pentecosten
1583 1335 1618 1362 20
1635 1336 1709 1368 Maii,
1726 1341 1755 1364 et

963 1378 1054 1405 littera
1070 1378 1248 1406 Dominicalis
1261 1379 1385 1414 ejusdem
1400 1381 1463 1407 anui
1476 1380 1497 1408 G
1512 1380 1584 1408 diem
1601 1382 1754 1410 secundum

963 1423 1038 1451 Junii
1054 1424 1120 1450 facit
1137 1424 1300 1458 Sabbatum,
1315 1433 1378 1452 cum
1394 1425 1563 1454 Dominicam
1579 1427 1663 1455 fuisse
1676 1435 1756 1462 opor-

965 1470 1050 1497 tuerit
1064 1478 1120 1505 quo
1137 1478 1210 1498 anno
1225 1476 1268 1498 est
1294 1470 1400 1498 Veceus
1411 1472 1439 1498 in
1458 1473 1669 1506 patriarebaleui
1682 1465 1755 1501 Cou-

161 1517 206 1544 lll.
222 1518 271 1544 [ibi
287 1517 411 1548 desierit,
429 1515 510 1542 modo
531 1514 670 1542 deﬁniam.
693 1515 785 1542 Refert
806 1514 909 1550 Pachy-
928 1521 948 1549 ο
966 1517 1184 1551 stautinopoleos
1209 1523 1321 1545 evectus
1348 1517 1451 1545 sedem.
1479 1518 1566 1553 Hujus
1589 1518 1662 1552 ﬁnis,
1684 1527 1754 1554 quo.

127 1573 226 1597 meres,
245 1565 264 1591 Ι.
282 1572 307 1596 ν,
325 1571 350 1590 c.
369 1564 412 1594 17,
427 1563 588 1597 Josephnm,
613 1562 658 1596 qui
675 1570 704 1588 se
732 1562 913 1597 promulgatis

127 1614 216 1648 palatii
243 1611 342 1637 litteris
365 1608 547 1646 jurejurando
575 1608 767 1636 obstrinxisset
790 1608 823 1635 ad
843 1615 913 1634 nun-

126 1669 208 1695 quam
229 1659 434 1687 assentiendum
450 1658 638 1686 conciliatioui
663 1666 724 1684 curn
745 1658 861 1690 Latinis,
880 1659 914 1685 ab

124 1708 293 1742 imperatore
308 1714 379 1742 at!ng
393 1706 419 1733 id
432 1706 538 1733 ferente
554 1712 715 1739 persuasum
735 1704 853 1738 migrare
868 1712 914 1738 pa-

126 1753 324 1781 triarchalibus
351 1751 466 1781 utilibus,
492 1751 640 1777 secessisse
667 1749 693 1775 in
718 1750 913 1776 monasterium

127 1799 289 1833 l‘t-rililcpli,
314 1797 466 1832 pollicitum
491 1803 520 1822 se
548 1795 770 1821 rcuuntiaturuui
796 1796 914 1829 patriar-

125 1846 233 1877 cliatui,
249 1845 271 1871 si
288 1845 321 1870 de
337 1842 484 1869 concordia
501 1842 687 1868 Ecclesiarum
705 1841 799 1867 Itonia:
812 1849 910 1868 conve-

127 1893 235 1919 niri-tur
255 1899 269 1916 a
294 1889 389 1924 legatis
405 1897 436 1915 eo
460 1889 491 1915 ad
510 1888 561 1915 hoc
582 1887 689 1919 missis;
708 1887 818 1914 interim
837 1888 914 1922 quasi

126 1939 266 1973 prixatum
290 1936 437 1963 \‘itlltt'lllll.
462 1935 557 1961 Postea
575 1941 638 1960 cum
657 1934 737 1969 legati
757 1941 822 1968 pace
838 1941 914 1960 coui-

128 1985 217 2019 posita
245 1983 398 2012 redissent.
423 1981 576 2015 judicatqu
605 1988 667 2006 esse
703 1979 790 2006 \‘iJcri
822 1981 915 2006 sedem

125 2037 240 2061 vacare,
254 2028 377 2055 cessione
393 2026 579 2054 conditionum
596 2026 707 2060 Josephi
721 2027 776 2060 jam
792 2026 818 2052 in
833 2026 914 2053 abso-

125 2079 213 2104 lutam
231 2078 400 2106 transeunte,
414 2073 550 2107 positione
567 2072 732 2099 conditionis
754 2072 825 2099 unde
849 2081 916 2107 pcu-

125 2124 222 2151 dcbat.
241 2120 374 2154 Quociria
391 2120 458 2146 itum
471 2119 498 2145 in
516 2118 645 2152 suffragia
667 2127 744 2145 nova:
760 2119 914 2146 electionis.

126 2171 181 2197 Iste
199 2176 323 2195 secessus
339 2165 501 2200 patriarcha:
513 2164 626 2198 Joscphi
640 2164 764 2198 contigit,
779 2169 808 2190 ut
823 2169 916 2190 noster

127 2216 169 2242 ibi
190 2215 320 2241 distincte
341 2211 434 2242 tradit,
452 2209 494 2236 die
518 2209 547 2235 11
565 2209 698 2239 Januarii,
724 2208 851 2235 secunda:
872 2208 914 2234 in—

124 2261 270 2291 dictionis,
282 2258 344 2285 anui
355 2256 435 2288 6789,
451 2255 582 2290 ἑνδεκάτῃ
599 2255 680 2290 μηνὸς
695 2253 916 2289 ἑκατομϐαιῶνος

124 2309 258 2342 εευτέρας
280 2304 469 2338 ἐπινεμήσεως
494 2301 542 2328 τοῦ
563 2301 658 2336 [qd/113’
673 2301 759 2332 ἔτους.
787 2300 850 2327 Fuit
872 2301 917 2328 hic

124 2361 218 2382 annus
231 2350 334 2379 Christi
348 2349 426 2381 1271,
441 2356 499 2383 per.
517 2347 571 2375 Jul.
585 2347 664 2378 5987,
687 2347 735 2378 qui
754 2354 851 2373 revera
865 2354 918 2372 nu-

125 2401 247 2428 meravit
263 2396 440 2424 indictioriem
458 2394 538 2429 733
550 2393 712 2423 secundant.
728 2393 838 2427 qualern
855 2393 917 2419 uul-

123 2448 171 2475 lus
200 2454 232 2472 ex
266 2441 474 2478 quatuordecim
500 2439 719 2474 prmcedentibus
748 2442 775 2465 et
803 2438 916 2465 totidem

123 2491 234 2519 secutis
250 2489 352 2516 habere
367 2486 469 2521 potuit,
487 2490 516 2512 ut
541 2484 694 2519 periculum
709 2483 815 2510 nullum
832 2483 868 2510 sit
883 2491 917 2510 ne

124 2544 220 2565 anuus
248 2540 301 2561 tam
330 2533 381 2568 ipsi
408 2532 518 2566 propria
534 2530 682 2564 insignitus
699 2534 763 2556 nota
779 2537 842 2556 cum
864 2530 918 2556 alio

124 2583 259 2618 quopiam
276 2579 462 2608 confundatur
488 2585 536 2606 aut
552 2583 685 2604 mutetur.
702 2577 732 2604 ln
756 2578 807 2604 ista
832 2583 916 2615 porro

123 2627 312 2663 suspensione
334 2634 377 2652 res
393 2625 506 2652 fuerunt
531 2624 617 2650 ferme
633 2631 682 2658 per
698 2630 811 2654 annum,
825 2621 916 2657 quoad

123 2675 227 2710 iugatis
242 2680 335 2707 pacem
351 2680 366 2699 ει
384 2671 507 2698 Romano
525 2668 654 2704 pontiﬁce
676 2676 840 2696 conventam
866 2669 917 2695 sti-

124 2720 306 2754 pulatamque
323 2716 519 2748 referentibus,
531 2714 642 2742 comitia
653 2721 716 2741 sunt
733 2714 834 2741 indicta
847 2721 917 2740 novo

125 2765 253 2792 creando
270 2763 442 2798 patriarcluc.
472 2761 549 2795 Quod
572 2769 624 2787 non
653 2760 767 2795 contigit
787 2764 850 2786 ante
873 2767 916 2786 se—

123 2816 260 2846 quentem
274 2817 387 2838 annum.
403 2813 433 2835 ut
447 2808 526 2835 docet
540 2815 589 2834 nos
604 2807 727 2834 historici
740 2806 828 2834 nostri
840 2806 917 2833 locus

124 2858 213 2886 modo
230 2856 458 2884 euusidct'andus.

965 1565 1039 1591 niam
1062 1565 1203 1592 Michaelis
1226 1565 1370 1600 l"al.eologi
1397 1566 1495 1593 iuuere
1521 1567 1657 1601 posterior
1676 1574 1753 1595 extra

966 1611 1049 1646 hujus
1064 1611 1188 1640 historiae
1210 1612 1326 1638 limitem
1342 1613 1409 1645 exit,
1430 1617 1531 1640 uestrae
1555 1614 1755 1641 consideratio-

967 1656 1009 1682 uis
1025 1664 1099 1683 nunc
1113 1657 1224 1690 quidem
1243 1665 1296 1683 non
1317 1662 1369 1683 est.

1001 1702 1032 1729 ν.
1049 1702 1144 1728 Restat
1171 1702 1296 1729 ultimum
1315 1703 1388 1737 quati
1417 1707 1611 1738 proposuimus
1637 1706 1682 1732 hic
1701 1711 1756 1734 tra-

966 1747 1107 1774 ctandum.
1132 1747 1253 1782 Tempus
1282 1756 1337 1783 quo
1356 1749 1438 1776 missa
1462 1750 1576 1776 Ruinam
1593 1756 1636 1778 cst
1666 1759 1681 1779 a
1706 1752 1756 1779 ΜΡ

966 1794 1060 1821 chaele
1077 1793 1200 1829 Augusto
1227 1795 1346 1829 insignis
1373 1796 1473 1831 legatio
1499 1797 1532 1823 ad
1559 1797 1754 1826 absolvendum

967 1840 1107 1875 negotium
1124 1841 1326 1869 conciliationis
1353 1842 1551 1875 Ecclesiarum,
1569 1852 1623 1878 qua
1640 1844 1756 1872 Germa-

966 1893 1019 1912 nus
1041 1885 1233 1920 expatriarcha
1250 1891 1276 1912 ct
1295 1886 1428 1922 Georgius
1450 1888 1606 1922 Acropolita
1638 1888 1756 1916 feliciter

967 1933 1052 1960 functi
1067 1937 1142 1965 sunt,
1156 1932 1316 1959 charactere
1335 1941 1389 1960 non
1411 1933 1496 1960 dubio
1512 1934 1672 1969 in~iguitum
1689 1934 1757 1970 legi-

969 1984 1012 2006 tur
1027 1986 1052 2005 ρ.
1073 1978 1119 2009 21,
1132 1978 1152 2004 l.
1170 1986 1196 2004 ν.
1220 1978 1266 2004 Ait
1282 1978 1337 2005 illic
1354 1979 1505 2006 historicus
1520 1979 1634 2006 solvisse
1650 1980 1757 2007 duabus

967 2025 1129 2051 triremibus
1149 2024 1252 2058 legatos
1267 2025 1324 2058 paci
1343 2025 1521 2052 conﬁcienda:
1534 2025 1695 2056 destinatos,
1711 2016 1758 2061 pa-

967 2071 1103 2104 ratisjam
1120 2071 1152 2096 ad
1167 2077 1226 2096 eam
1241 2078 1273 2096 ex
1297 2075 1374 2104 parte
1391 2071 1548 2098 Grzccornm
1566 2073 1704 2099 omnibus.
1724 2073 1756 2100 lli

969 2116 1092 2148 fuerunt,
1123 2121 1154 2142 ut
1170 2124 1195 2143 c.
1226 2116 1259 2142 17
1275 2117 1402 2150 superius
1421 2117 1538 2148 dixerat,
1555 2118 1652 2152 partiri]
1669 2119 1759 2146 eccle-

970 2162 1087 2192 siastici.
1103 2163 1202 2196 partim
1218 2163 1361 2189 senatorii.
1383 2163 1490 2190 l‘riorcs
1504 2163 1657 2191 Germanus
1669 2172 1758 2199 nuper

971 2208 1127 2244 patriarcha
1148 2214 1175 2235 ct
1197 2209 1344 2243 episropus
1367 2208 1464 2236 Nicaea
1490 2209 1687 2244 Theophanes,
1710 2210 1757 2238 alii

971 2262 1083 2288 magnus
1098 2254 1236 2289 logotheta
1255 2255 1422 2288 Aeropolita,
1444 2263 1543 2289 prrescs
1561 2255 1684 2282 vestiarii
1702 2256 1756 2283 Pa-

969 2306 1082 2327 naretus
1105 2305 1132 2326 ct
1163 2305 1277 2335 magnus
1302 2301 1437 2335 interpres
1464 2301 1638 2329 Berrhmota.
1665 2302 1757 2329 Trire—

969 2347 1053 2374 miunt
1071 2347 1151 2383 734
1174 2347 1287 2374 alteram
1307 2348 1529 2375 conscenderunt
1552 2349 1703 2376 Panaretus
1727 2353 1757 2377 et

970 2394 1129 2421 licrrhmota
1149 2402 1212 2421 eum
1233 2394 1314 2421 donis
1335 2395 1509 2431 imperatoris
1530 2395 1563 2422 ad
1586 2397 1756 2430 pontiﬁcem,

970 2440 997 2466 iu
1023 2439 1108 2466 altera
1137 2440 1193 2466 duo
1219 2439 1341 2474 episcopi
1367 2448 1429 2467 cum
1454 2440 1610 2474 Acropolita
1630 2441 1754 2468 fuerunt.

969 2486 1062 2513 Altum
1085 2486 1236 2519 petierunt,
1258 2486 1295 2512 ait
1309 2486 1370 2512 loco
1388 2485 1498 2512 laudato
1521 2491 1614 2513 noster
1632 2493 1657 2512 c.
1674 2487 1720 2518 21,
1737 2487 1756 2513 Ι.

971 2541 997 2564 v,
1017 2531 1133 2566 Κρονίου
1154 2532 1305 2567 ἀρχομένου
1330 2533 1424 2566 μηνᾶς.
1448 2532 1495 2559 Est
1509 2533 1579 2559 haud
1597 2532 1680 2559 dubie
1703 2533 1758 2559 Pa-

971 2577 1092 2613 chymcri
1115 2579 1231 2612 Κρόνιος
1248 2578 1372 2610 Martius,
1399 2584 1483 2611 prout
1501 2583 1543 2605 est
1568 2578 1649 2614 hujus
1663 2579 1682 2605 Ι.
1701 2587 1725 2606 c.
1742 2579 1755 2606 1

971 2624 1200 2651 demonstratum.
1219 2623 1311 2658 Pergit
1334 2623 1426 2650 dicere
1451 2623 1622 2650 conflictatus
1646 2631 1694 2651 eos
1708 2631 1758 2659 pa-

970 2677 1030 2695 rum
1048 2676 1177 2703 prospera
1201 2673 1362 2702 tempestate
1378 2668 1537 2703 pervenisse
1553 2668 1579 2695 in
1599 2668 1689 2695 sinum
1706 2667 1760 2695 La—

970 2715 1106 2746 conicum,
1127 2714 1173 2740 ubi
1197 2719 1237 2741 est
1265 2714 1483 2748 promontorium
1505 2714 1607 2747 Malex,
1624 2714 1755 2749 λήγοντος

969 2761 1016 2787 τοῦ
1033 2768 1127 2795 μηνὸς,
1143 2760 1194 2787 hoc
1207 2765 1250 2787 est
1268 2761 1363 2787 eodem
1380 2769 1472 2788 mense
1489 2761 1643 2794 desinente,
1660 2761 1755 2788 ultima

969 2807 1030 2842 ejus
1045 2806 1146 2833 decade
1165 2816 1171 2832 ι
1190 2811 1283 2832 uotum
1298 2812 1341 2834 est
1354 2807 1427 2833 enim
1443 2807 1551 2834 Graccus
1566 2807 1663 2841 partiri
1679 2815 1757 2834 ruen-

971 2860 1015 2880 ses
1041 2852 1067 2880 in
1101 2858 1155 2880 tres
1185 2853 1313 2881 decurias.
1342 2853 1460 2880 Primum
1482 2861 1579 2881 \‘oeaut
1603 2853 1756 2889 ἀρχομένου
1780 2868 1783 2870 -
