1913 3068
201 171 269 202 1195

444 224 542 254 integra
555 225 650 249 duratio
775 225 803 247 57
868 223 894 247 17

678 255 709 279 D.
773 255 803 279 H.

202 288 300 319 Initium
352 318 356 319 γ
404 316 489 319 ,ν
867 283 897 319 51

200 318 308 341 medium
321 318 422 348 eclipsis
436 316 491 341 Maii
682 316 713 348 25
777 315 805 348 10
868 315 895 348 Αἱ
959 315 989 348 50

200 349 255 372 ﬁnis
373 346 379 348 ⁷
682 346 712 370 2⁵5
777 346 804 369 10
867 346 897 368 52
962 346 990 368 10

200 377 408 408 Constantinopoli
422 380 476 408 post
490 377 595 401 mediam
606 381 713 401 noctem.

275 430 382 454 entersio
395 429 438 453 Al)

759 428 896 453 lncidentia
905 428 944 452 At:

524 429 667 460 Septentrio

538 480 540 482 τ
617 469 627 473 κ
840 468 847 471 “
868 470 938 503 ‘\\

209 540 269 616 [#7-
342 570 373 611 1‘.—
708 549 847 627 ἑκ

233 626 347 650 “si;
365 640 385 644 _
422 641 433 645 _
461 623 730 648 mal
838 614 860 638 Ω

353 649 440 671 unum.
465 648 511 696 '(g
523 658 527 659 7
546 664 549 665 7
635 680 639 681 7
666 677 683 678 7
698 585 984 745 )

267 467 437 495 Α
512 486 524 495 κ

525 769 641 793 Meridies

494 830 512 853 Τ
516 836 578 860 ypus
587 829 703 860 cclipseos

355 873 378 897 in
392 873 517 907 triangula
531 874 590 900 ΑΒΕ
601 874 749 905 rectangulo
761 873 785 898 in
798 876 827 900 Α.
997 890 1021 920 Β

212 905 236 920 t‘t
249 911 341 920 munt-nn
358 905 595 920 anmnlinmolrnrum
763 906 787 920 Kl
857 906 880 920 Η
948 907 982 920 ur

202 905 237 928 Ex
249 911 342 928 summa
358 905 596 928 setuidiamelrorum
762 906 790 929 51
854 906 882 930 Li
947 907 983 932 BC

202 935 262 958 tolle
272 942 353 958 arcum
368 938 432 958 tnler
442 938 525 958 centra
772 937 787 960 2
849 937 880 960 22
943 939 984 962 ΑΒ

201 965 277 989 habes
288 968 417 995 scrupulos
429 965 518 990 medias
530 966 668 991 duralionis
760 967 788 991 51
853 968 884 992 55
945 968 985 993 AC

237 1027 281 1054 lll.
295 1028 334 1054 Ex
356 1028 407 1055 hoc
423 1028 584 1063 epilogismo
601 1029 787 1057 clarissimum
803 1031 832 1057 tit
849 1031 876 1057 in
888 1031 984 1065 eclipsi

200 1073 338 1107 descripta
351 1074 467 1107 reperiri
484 1074 661 1102 characteres
674 1083 688 1102 a
698 1075 853 1110 Nicephoro
865 1076 985 1111 Grcgora

201 1119 371 1152 designatos.
385 1127 486 1145 annum
500 1127 514 1146 a
541 1120 644 1147 mundo
661 1121 772 1148 cottdito
789 1122 870 1154 6775,
893 1123 918 1150 itl
944 1127 987 1150 est

201 1165 304 1192 Christi
326 1165 404 1197 1267,
421 1165 483 1192 Maii
497 1165 570 1192 diem
583 1166 628 1198 25,
645 1167 741 1194 horam
761 1172 824 1196 ante
842 1169 985 1196 meridiem

200 1212 227 1242 5,
245 1215 272 1238 et
289 1211 390 1245 digitos
408 1218 493 1245 prope
521 1212 551 1238 12
563 1231 571 1243 ,
590 1212 662 1240 unde
687 1218 762 1240 tanta
783 1214 940 1241 obscuritas
958 1215 986 1243 in

202 1257 280 1293 741
297 1263 369 1285 terra
392 1262 421 1285 ut
439 1258 526 1285 stellae
546 1259 574 1284 in
595 1258 665 1286 caelo
684 1265 859 1299 apparerent.
876 1261 989 1288 Atdeii-

202 1305 241 1332 cit
256 1313 309 1332 una
325 1305 452 1336 illustris,
466 1310 531 1331 nota
551 1304 605 1331 loci
619 1305 686 1332 solis
708 1305 734 1331 in
751 1305 870 1333 Zodiaco
887 1314 894 1333 :
911 1307 988 1341 ponit

201 1351 274 1377 enim
300 1351 473 1385 Nicephorus
499 1352 613 1386 gradum
637 1351 655 1378 4
677 1351 869 1384 Geminorum,
894 1358 988 1380 noster

203 1401 294 1423 autem
319 1397 442 1424 calculus
469 1397 511 1423 10.
529 1397 581 1424 Sed
605 1397 633 1424 in
659 1405 692 1424 eo
712 1397 886 1432 Nicephorus
903 1400 990 1426 mani-

201 1443 272 1469 l'este
286 1442 485 1473 hallucinatur,
495 1447 608 1469 secutus
621 1450 676 1469 non
689 1444 890 1471 astronomicas
902 1445 987 1479 leges.

202 1487 250 1514 sed
278 1488 439 1522 popularem
468 1487 583 1522 putandi
608 1488 741 1515 rationem
764 1493 792 1516 et
813 1497 988 1517 communem

202 1541 325 1560 errarent
350 1534 526 1568 iungentium
548 1535 745 1568 aequinoctium
770 1543 886 1562 vernum
902 1557 908 1568 ,
936 1544 984 1563 seu

204 1580 321 1613 primum
349 1580 462 1614 gradum
481 1579 596 1611 Arietis,
615 1588 678 1607 cum
709 1581 740 1607 21
767 1581 875 1609 Martii:
891 1590 986 1617 quem—

203 1625 350 1652 admodum
363 1626 419 1660 jatn
446 1633 461 1652 a
486 1626 604 1653 concilio
623 1626 732 1654 Nicaino
747 1627 774 1653 in
790 1635 840 1654 usu
864 1627 889 1654 id
914 1634 985 1660 erat,

204 1679 258 1697 non
278 1671 434 1704 observato,
461 1672 559 1698 saltem
586 1679 641 1698 non
670 1677 806 1704 correcto,
822 1673 888 1699 vitio
911 1679 987 1700 ante-

205 1718 338 1745 ('eSSiOIliS
350 1718 512 1751 aequinoctii
526 1726 622 1745 versus
641 1718 749 1745 initium
763 1719 884 1746 Januarii
904 1721 987 1746 unius

204 1764 258 1791 diei
275 1772 323 1798 per
335 1769 446 1791 centum
463 1765 573 1799 triginta
593 1765 705 1791 circiter
727 1773 823 1792 annos.
841 1765 892 1798 Qui
908 1773 986 1792 error

206 1815 299 1844 postea
326 1814 466 1837 correctus
491 1815 532 1837 est
558 1817 629 1837 anno
645 1809 747 1838 Christi
774 1810 853 1841 1582,
872 1811 988 1837 sublatis

206 1857 239 1882 10
252 1855 359 1886 diebus,
374 1855 476 1889 quibus
503 1855 611 1881 initium
636 1855 738 1882 Arietis
773 1855 862 1882 Martii
888 1856 987 1882 vicesi-

207 1908 280 1927 ntum
301 1901 419 1934 primum
450 1903 638 1934 praecesserat.
653 1899 688 1926 Et
706 1907 804 1927 revera
832 1908 847 1927 a
869 1901 987 1927 concilio

207 1944 315 1972 Nicaeno
333 1944 428 1971 ltahito
444 1952 515 1971 anno
532 1943 634 1971 Christi
650 1944 702 1970 525
716 1951 804 1978 usque
829 1944 863 1971 ad
880 1948 988 1979 tempus

207 1991 289 2024 hujus
306 1990 418 2024 eclipsis
443 1997 516 2016 anno
541 1988 644 2016 Christi
673 1989 740 2016 1267
770 1990 834 2016 anni
849 1989 986 2017 ﬂuxerunt

204 2036 267 2067 942,
285 2043 334 2070 pro
352 2035 453 2071 quibus
479 2035 652 2069 Nicephorus
670 2042 717 2062 sex
740 2035 842 2070 gradus
865 2040 990 2063 anteces-

205 2081 292 2107 sionis
311 2080 488 2108 Geminorum
516 2080 669 2115 usurpavit,
689 2088 750 2108 cum
768 2081 869 2108 merito
883 2086 986 2116 septem

208 2127 331 2159 integros
346 2133 494 2152 numerare
512 2125 659 2160 potuisset.
683 2125 784 2152 Scthus
800 2125 936 2153 Calvisius
960 2126 987 2152 in

205 2171 372 2206 Chronolog.
392 2178 464 2197 anno
484 2170 586 2198 Christi
603 2171 670 2197 1267
685 2171 754 2198 hanc
770 2171 893 2206 eclipsim
910 2176 988 2198 nota-

204 2218 254 2249 vit,
269 2216 365 2244 eodem
380 2224 453 2243 anno
467 2221 495 2243 et
509 2216 554 2243 die
576 2223 632 2251 quo
653 2216 824 2250 Nicephorus
839 2225 846 2249 ;
869 2224 987 2251 eumque

205 2263 279 2288 circa
308 2262 455 2296 Agradunt
485 2261 664 2288 Geminorum
693 2261 756 2296 jure
786 2261 988 2295 corrigitzsed

206 2308 354 2342 contigisse
371 2307 410 2334 ait
422 2307 490 2334 hora
508 2308 549 2338 ll.
564 2307 590 2339 9,
601 2307 646 2338 21,
663 2311 723 2341 post
734 2307 851 2334 mediam
868 2312 986 2339 noctetn,

206 2353 311 2380 tardius
329 2353 415 2380 tnulto
433 2361 515 2387 quam
544 2353 609 2380 velit
630 2352 805 2387 Nicephorus
817 2353 864 2387 qui
892 2354 908 2379 5
925 2358 988 2380 ante

206 2399 349 2425 meridiem
366 2398 481 2431 scribit;
503 2406 565 2425 cum
583 2406 637 2433 quo
665 2398 737 2425 belle
757 2398 881 2425 calculus
895 2405 988 2426 noster

205 2446 344 2471 convenit.
355 2440 495 2472 Numeret
510 2449 602 2471 autem
620 2445 756 2472 Calvisius
770 2445 869 2479 digitos
886 2445 988 2472 obscu-

206 2493 319 2518 rationis
336 2492 378 2521 11.
398 2492 442 2521 52,
457 2491 515 2518 fere
527 2496 556 2517 ut
570 2499 620 2518 ιιος
640 2495 667 2518 ct
679 2491 852 2525 Nicephorus
865 2493 988 2525 proxime

205 2538 238 2564 ad
256 2538 385 2569 totalcm;
403 2537 499 2564 feriam
517 2543 626 2571 quoque
646 2541 771 2571 quartam
785 2536 837 2563 rite
851 2537 987 2570 designat,

203 2587 231 2609 et
253 2583 350 2617 prohat
373 2583 466 2618 cyclus
490 2583 556 2609 solis
582 2582 624 2614 16,
656 2583 747 2610 littera
768 2582 798 2609 B.
813 2583 945 2617 Keplerus
960 2584 988 2610 in

206 2629 306 2655 tabulis
324 2628 476 2656 ltudoll‘tnis
502 2637 529 2663 p.
559 2629 592 2656 98
619 2628 743 2664 ejusdem
759 2628 893 2663 eclipseos
910 2636 988 2655 men~

207 2676 308 2702 tionem
326 2674 359 2700 fat
370 2675 401 2707 it,
417 2678 444 2701 et
458 2674 579 2702 ostendit
595 2678 670 2701 recte
683 2681 698 2700 a
709 2673 828 2701 Calvisio
850 2674 987 2709 Nicepho-

206 2729 266 2747 rum
291 2720 479 2754 reprehendi,
504 2727 531 2747 et
555 2728 617 2747 cum
637 2728 671 2747 eo
697 2720 775 2755 ponit
797 2720 874 2755 grad.
894 2720 937 2752 10,
954 2720 988 2747 59

205 2767 401 2798 Geminorum,
429 2766 509 2800 paulo
535 2766 676 2793 liberalior
704 2766 731 2792 in
763 2766 886 2793 minutis.
904 2766 988 2793 Porro

207 2812 239 2838 tle
267 2812 412 2838 dttratione
453 2812 534 2847 hujus
560 2811 670 2846 eclipsis
699 2819 789 2846 neque
817 2812 988 2847 Nicepltorus

207 2864 296 2890 neque
307 2857 441 2885 Calvisius
459 2862 506 2885 aut
519 2859 651 2892 chlerus
674 2859 824 2893 quidquam
839 2860 987 2888 aﬂirmant.

651 170 682 199 Ρ.
702 167 850 198 POSSlNl
873 165 1197 197 OBSERVATIONUM
1219 167 1291 199 LIB.
1315 167 1374 198 ΙΙΙ.
1421 199 1423 205 η

1760 168 1827 200 1191]

1004 226 1026 252 Α
1041 222 1073 248 Et
1090 229 1155 249 vero
1178 227 1280 256 quanta
1303 231 1334 250 ea
1353 222 1446 254 fuerit,
1473 221 1506 249 ad
1533 221 1613 249 [idem
1641 222 1765 250 historia:
1782 227 1825 250 aul

1044 268 1176 301 temporis
1192 269 1324 294 rationem
1347 267 1415 294 nihil
1439 267 1534 300 refert,
1548 268 1671 302 probatis
1691 268 1754 295 aliis
1768 276 1815 295 cer

1042 312 1158 338 Iissitnis
1175 313 1257 338 notis.
1274 311 1373 338 Vcrutn
1389 320 1422 339 tte
1435 320 1466 339 ea
1481 312 1514 338 ad
1532 313 1669 347 integrum
1684 318 1825 339 exactum-

1041 366 1093 391 que
1124 359 1314 392 epilogismum
1352 358 1536 390 desideretur,
1566 366 1662 393 magna
1689 359 1825 394 diligentia

1041 412 1099 430 cam
1121 405 1291 439 consignavi.
1316 405 1349 431 Et
1365 413 1398 432 tte
1414 406 1477 439 quis
1494 405 1658 432 brevitatem
1679 414 1734 432 non
1753 406 1823 432 inte-

1040 457 1094 483 grae
1121 450 1194 476 hora:
1222 450 1249 476 in
1269 450 1365 485 eclipsi
1394 458 1478 485 prope
1504 451 1579 478 totali
1605 451 1717 478 nimiam
1735 460 1823 485 repre-

1041 494 1163 525 hendat,
1191 496 1396 523 velocissimum
1424 497 1496 524 luna:
1521 503 1624 524 motum
1649 502 1823 532 apparentem

1041 541 1114 568 circa
1130 541 1146 567 5
1163 542 1329 576 parallaxem
1347 543 1538 578 longitudinis,
1561 549 1615 570 tam
1633 543 1660 570 in
1678 544 1824 570 incidentia

1041 587 1191 613 crescendo
1208 587 1285 614 valde
1303 588 1329 613 itt
1355 588 1510 622 quadrante
1527 588 1659 615 Orietttali
1680 589 1824 623 eclipticaa,

1041 639 1122 664 quam
1139 631 1165 657 in
1193 633 1349 659 emersione
1370 634 1486 660 multutn
1503 634 1690 662 decrescendo
1707 635 1734 662 in
1756 643 1824 670 qua-

1041 676 1138 703 drante
1174 676 1349 709 Occidentali.
1385 687 1481 713 quaeso
1507 685 1536 707 ut
1564 689 1672 708 mecmn
1690 682 1823 711 atlcndat.

1042 722 1083 758 [P.
1099 723 1162 758 525]
1177 728 1204 750 et
1229 724 1336 751 desinet
1355 725 1461 751 mirari.
1476 725 1539 753 Haec
1557 726 1584 753 in
1611 728 1726 762 gratiam
1746 728 1780 754 Β.
1795 729 1823 754 P.

1041 767 1166 800 Possini;
1188 769 1234 803 qui
1253 769 1304 796 viri
1317 770 1397 797 amici
1413 770 1535 798 laborem
1552 778 1670 807 gratum.
1688 773 1711 799 si
1726 773 1824 807 placet,

1042 813 1156 840 habebit
1169 834 1176 845 ,
1193 819 1220 840 et
1237 822 1298 841 eutn
1327 814 1382 842 Deo
1398 816 1425 842 in
1442 817 1500 843 suis
1513 814 1686 845 orationibus
1709 823 1738 846 et
1764 827 1824 846 san-

1043 860 1173 895 ctissimis
1199 860 1342 888 sacriﬁciis
1354 863 1573 890 con-mendatutn
1594 864 1718 892 habebit.

1071 905 1115 930 Ν.
1144 906 1283 932 Hactenus
1317 907 1349 933 Β.
1377 907 1407 934 Ρ.
1437 907 1557 936 Jacobus
1581 909 1733 936 Grantatni.
1776 911 1823 938 Cui

1035 950 1179 985 adjungam
1200 951 1278 986 quod
1307 953 1450 979 consultus
1471 961 1484 979 a
1503 962 1546 981 me
1562 954 1595 981 de
1617 955 1715 990 eclipsi
1730 956 1824 982 eadetn

1037 994 1070 1021 R.
1089 995 1116 1020 P.
1144 995 1261 1023 Joannes
1287 996 1408 1031 Baptista
1427 997 1576 1031 llicciolus,
1596 1000 1687 1027 statim
1731 1000 1814 1027 hama

1037 1041 1148 1068 nissime
1172 1042 1313 1076 respondit
1331 1042 1405 1070 hisee
1422 1044 1502 1078 plane
1518 1044 1620 1073 verbis.

1074 1087 1139 1114 Aira
1180 1087 1480 1123 Constantinopolitana
1519 1091 1649 1125 supponit
1674 1092 1824 1126 completos

1037 1133 1121 1160 fuisse
1151 1134 1245 1161 mutuli
1275 1142 1361 1162 annos
1383 1135 1453 1162 5503
1482 1141 1545 1163 ante
1574 1137 1701 1164 usitatam
1725 1137 1824 1165 Christi

1037 1187 1128 1206 atram.
1146 1180 1234 1212 Quare
1248 1189 1337 1208 annus
1355 1182 1425 1208 6775
1438 1190 1497 1209 «έναι
1514 1183 1775 1217 (ionstantttmpolit.
1787 1192 1827 1212 me

1037 1230 1079 1252 est
1104 1233 1165 1252 atra!
1180 1226 1342 1254 Chrisﬁante
1365 1228 1444 1254 1267.

1075 1272 1155 1307 742
1172 1272 1248 1299 Anno
1263 1272 1364 1300 Christi
1381 1274 1450 1300 1267
1466 1275 1557 1310 cyclus
1570 1276 1640 1302 lunae
1660 1283 1707 1302 seu
1724 1284 1826 1302 aureus

1039 1326 1171 1344 numerus
1188 1317 1239 1345 fuit
1263 1318 1305 1350 H,
1320 1324 1416 1353 epacta
1430 1321 1457 1352 5,
1481 1321 1652 1347 novilunium
1673 1321 1756 1347 civile
1785 1323 1826 1348 itt-

1041 1370 1082 1391 ter
1101 1364 1136 1391 25
1151 1369 1175 1390 cl
1192 1364 1226 1390 ‘26
1245 1364 1317 1390 Maii.
1335 1365 1432 1400 Cyclus
1453 1366 1518 1392 solis
1532 1367 1584 1392 luit
1607 1366 1649 1398 16,
1665 1365 1755 1394 littera
1779 1367 1825 1392 dor

1041 1410 1177 1436 minicalis
1202 1409 1232 1441 Β,
1263 1414 1291 1436 et
1310 1410 1370 1437 dies
1391 1411 1426 1437 25
1458 1411 1521 1438 Maii
1547 1411 1642 1438 incidit
1673 1411 1700 1438 in
1730 1412 1825 1439 feriam

1041 1460 1177 1490 quartam.

1077 1504 1156 1529 Anno
1177 1501 1271 1528 eodem
1290 1501 1370 1533 1267.
1385 1501 1430 1528 die
1447 1502 1480 1528 25
1500 1501 1574 1532 Maii.
1593 1503 1765 1530 novilunium
1782 1512 1827 1531 vc-

1038 1556 1098 1576 rttm
1117 1547 1352 1581 Constantinopoli
1382 1547 1432 1573 fuit
1456 1548 1619 1582 sesquihora
1648 1554 1712 1576 ante
1745 1551 1825 1576 meri-

1039 1595 1111 1621 diem
1129 1602 1134 1620 :
1152 1593 1197 1619 sed
1214 1592 1249 1619 ob
1268 1593 1428 1626 parallaxitn
1447 1593 1629 1628 longitudinis
1646 1595 1696 1621 fuit
1716 1596 1783 1622 hora
1799 1597 1825 1627 5,

1039 1639 1154 1667 minutis
1167 1639 1193 1669 5,
1209 1642 1271 1664 ante
1294 1638 1438 1665 meridiem
1456 1639 1513 1665 sole
1526 1644 1554 1666 et
1572 1640 1636 1666 luna
1651 1642 1826 1668 versantibus

1040 1685 1067 1711 in
1084 1684 1168 1719 gradu
1192 1683 1225 1709 12
1245 1682 1435 1710 Geminorum.
1461 1683 1591 1711 Latitudo
1613 1685 1684 1712 lunae
1708 1687 1827 1714 borealis

1037 1735 1064 1756 et
1084 1737 1147 1756 vera
1170 1729 1221 1756 fuit
1237 1729 1405 1755 mittutorutn
1431 1729 1473 1760 19,
1491 1730 1524 1762 8',
1548 1731 1596 1757 sed
1624 1739 1763 1766 apparens
1789 1734 1822 1759 ob

1039 1773 1197 1808 parallaxim
1219 1773 1371 1799 latitudinis
1387 1774 1437 1799 l'uit
1455 1775 1582 1801 australis
1606 1781 1633 1802 et
1650 1777 1822 1804 minutorum

1040 1819 1067 1850 5,
1084 1819 1118 1848 8;
1141 1826 1247 1845 summa
1263 1822 1354 1845 autem
1375 1819 1642 1847 semidiametrorutn
1658 1822 1725 1848 solis
1741 1828 1770 1850 et
1786 1823 1826 1850 lu-

1041 1873 1082 1891 nae
1103 1864 1156 1891 fuit
1178 1865 1346 1891 minutorutn
1370 1865 1414 1895 50,
1431 1864 1481 1896 40;
1499 1871 1526 1891 et
1542 1866 1607 1892 solis
1626 1867 1762 1895 tliameler
1788 1869 1827 1896 in-

1041 1916 1115 1946 tegra
1142 1911 1311 1937 minutorunt
1328 1911 1372 1941 51,
1395 1910 1443 1941 58;
1468 1910 1583 1945 ideoque
1606 1912 1683 1947 digiti
1705 1914 1827 1949 ecliptici

1041 1957 1085 1988 11,
1098 1956 1142 1984 25.
1162 1956 1214 1983 Sed
1238 1964 1271 1982 eo
1295 1956 1368 1990 quod
1386 1956 1452 1982 radii
1468 1957 1532 1983 solis
1547 1957 1657 1992 oblique
1680 1958 1708 1985 in
1727 1964 1827 1986 terram

1041 2002 1193 2029 incidentes
1214 2001 1345 2028 aliorsum
1368 2001 1462 2035 procul
1484 2010 1498 2028 a
1516 2003 1618 2029 vertice
1634 2003 1830 2032 Constantino-

1041 2048 1111 2082 polis
1127 2047 1345 2079 reileeterentur,
1364 2055 1415 2074 nec
1438 2048 1553 2074 multum
1572 2056 1661 2075 aerem
1680 2058 1764 2085 supra
1782 2060 1829 2086 po-

1041 2092 1123 2118 situm
1144 2091 1322 2124 illustrarent,
1336 2091 1393 2118 visa
1411 2096 1451 2118 est
1466 2092 1578 2126 eclipsis
1597 2101 1665 2128 pene
1686 2095 1790 2127 totalis,
1801 2102 1830 2123 et

1040 2138 1125 2166 stella:
1141 2137 1279 2164 horizonti
1303 2137 1446 2172 propiores
1460 2137 1574 2172 aliaeque
1590 2141 1710 2175 conspici
1729 2147 1828 2173 potue-

1040 2188 1114 2210 l‘lll'll.

1007 2230 1026 2256 D
1075 2228 1115 2255 Ex
1133 2236 1192 2255 mea
1206 2228 1375 2265 Geographie
1392 2230 1539 2258 reformata
1563 2239 1688 2266 suppono
1703 2232 1830 2260 altitudi-

1041 2280 1102 2299 nem
1115 2273 1170 2307 poli
1181 2273 1431 2309 Constantinopolis
1445 2283 1505 2302 esse
1517 2276 1594 2310 grad.
1607 2276 1653 2308 42,
1667 2277 1712 2307 56.
1727 2284 1756 2304 et
1769 2278 1828 2305 lon-

1040 2318 1190 2353 gitudinem
1206 2327 1220 2345 a
1235 2319 1327 2346 Palma
1340 2320 1429 2347 insula
1442 2320 1656 2348 Fortunatarum
1670 2330 1711 2357 gr.
1725 2323 1771 2354 54,
1783 2325 1827 2351 56.

1076 2363 1146 2396 Quid
1164 2365 1215 2391 sibi
1233 2365 1296 2392 velit
1311 2365 1457 2401 Gregoras,
1474 2371 1521 2393 attt
1535 2367 1635 2401 quibus
1650 2375 1683 2394 ex
1698 2369 1829 2402 epheme‘

1040 2409 1145 2436 ridibus
1158 2410 1283 2437 ltauserit
1298 2411 1385 2438 solem
1400 2411 1485 2439 fuisse
1501 2417 1566 2440 tunc
1582 2414 1609 2440 in
1625 2419 1724 2448 quarto
1739 2416 1826 2450 gradu

1040 2462 1087 2481 seu
1105 2459 1181 2489 parte
1201 2455 1389 2488 Geminorum,
1408 2458 1519 2491 penitus
1537 2459 1640 2492 ignoro.
1659 2459 1735 2486 Licet
1751 2461 1825 2487 enim

1040 2501 1139 2527 tabula:
1168 2503 1357 2529 astronomica:
1387 2503 1532 2537 insignium
1570 2505 1825 2534 mathematicorum

1040 2546 1135 2579 paucis
1161 2546 1266 2581 aliquot
1297 2548 1411 2576 tninutis
1430 2549 1565 2576 dissidere
1596 2551 1702 2584 possint
1717 2560 1731 2578 a
1747 2553 1823 2583 meis,

1041 2591 1134 2618 tnultis
1149 2596 1239 2619 tamen
1256 2593 1388 2627 gradibus
1402 2594 1491 2621 nullae.
1508 2594 1589 2621 Certe
1605 2595 1679 2622 euitn
1693 2604 1765 2623 antto
1779 2597 1825 2623 illo

1041 2636 1110 2662 1267
1135 2637 1175 2663 sol
1193 2637 1401 2672 ingrediebatur
1424 2640 1451 2666 in
1472 2640 1547 2674 signa
1563 2640 1672 2667 Zodiaci
1696 2642 1794 2669 diebus
1810 2642 1826 2669 9

1041 2686 1088 2708 aut
1111 2683 1142 2709 10
1159 2683 1242 2711 citius
1257 2692 1339 2719 quam
1362 2693 1435 2712 nunc
1458 2691 1519 2720 post
1543 2687 1742 2714 correctionem
1758 2687 1827 2715 Grc-

1040 2728 1180 2762 gorianam
1204 2730 1371 2758 Kalendarii.
1396 2731 1475 2758 Nunc
1492 2737 1583 2759 autem
1602 2733 1757 2767 ingreditur
1775 2734 1828 2761 Gc-

1040 2773 1130 2801 ntinos
1144 2774 1189 2801 dic
1203 2775 1238 2802 22
1253 2781 1299 2803 aut
1314 2777 1348 2804 25
1363 2777 1436 2805 Maii.
1455 2778 1525 2812 Ergo
1547 2783 1611 2805 tunc
1621 2778 1665 2805 die
1685 2779 1718 2805 15
1732 2785 1780 2806 aut
1797 2780 1829 2806 11

1040 2818 1158 2846 circiter.
1186 2821 1275 2856 Atque
1294 2822 1362 2849 adeo
1386 2823 1430 2850 die
1449 2824 1484 2851 25
1501 2823 1559 2850 Maii
1585 2830 1643 2851 erat
1660 2825 1716 2859 jam
1744 2825 1771 2851 in
1797 2825 1826 2851 11

1040 2864 1082 2890 vel
1106 2864 1140 2891 12
1154 2866 1240 2899 gradu
1264 2868 1454 2896 Geminorum.
