  <div class='ocr_page' id='page_1' title='image "/cluster/home/n/w/nwhite01/storage/ocr_20150623/143/njp.32101010942884/670.png"; bbox 0 0 1913 3068; ppageno 0'>
   <div class='ocr_carea' id='block_1_1' title="bbox 154 166 208 198">
    <p class='ocr_par' dir='ltr' id='par_1_1' title="bbox 154 166 208 198">
     <span class='ocr_line' id='line_1_1' title="bbox 154 166 208 198; baseline 0.019 -1"><span class='ocrx_word' id='word_1_1' title='bbox 154 166 208 198; x_wconf 65' lang='lat' dir='ltr'><strong>il‘J&quot;l</strong></span> 
     </span>
    </p>
   </div>
   <div class='ocr_carea' id='block_1_2' title="bbox 795 168 1132 200">
    <p class='ocr_par' dir='ltr' id='par_1_2' title="bbox 795 168 1132 200">
     <span class='ocr_line' id='line_1_2' title="bbox 795 168 1132 200; baseline 0.006 -2"><span class='ocrx_word' id='word_1_2' title='bbox 795 168 1024 199; x_wconf 69' lang='lat' dir='ltr'><strong>CllllONOLOG</strong></span> <span class='ocrx_word' id='word_1_3' title='bbox 1034 169 1132 200; x_wconf 84' lang='lat' dir='ltr'><strong>ICUS.</strong></span> 
     </span>
    </p>
   </div>
   <div class='ocr_carea' id='block_1_3' title="bbox 1702 177 1768 207">
    <p class='ocr_par' dir='ltr' id='par_1_3' title="bbox 1702 177 1768 207">
     <span class='ocr_line' id='line_1_3' title="bbox 1702 177 1768 207; baseline 0 -2"><span class='ocrx_word' id='word_1_4' title='bbox 1702 177 1768 207; x_wconf 68' lang='lat'><strong>1105</strong></span> 
     </span>
    </p>
   </div>
   <div class='ocr_carea' id='block_1_4' title="bbox 180 223 1768 260">
    <p class='ocr_par' dir='ltr' id='par_1_4' title="bbox 180 223 1768 260">
     <span class='ocr_line' id='line_1_4' title="bbox 180 223 1768 260; baseline 0.006 -11"><span class='ocrx_word' id='word_1_5' title='bbox 180 223 403 258; x_wconf 60' lang='lat' dir='ltr'><strong>llmetllcdlabes,</strong></span> <span class='ocrx_word' id='word_1_6' title='bbox 415 225 773 259; x_wconf 85' lang='lat' dir='ltr'><strong>lector,eruditissimorum</strong></span> <span class='ocrx_word' id='word_1_7' title='bbox 785 227 927 252; x_wconf 85' lang='lat' dir='ltr'><strong>hominum</strong></span> <span class='ocrx_word' id='word_1_8' title='bbox 945 232 964 256; x_wconf 75' lang='grc' dir='ltr'>Α</span> <span class='ocrx_word' id='word_1_9' title='bbox 981 230 1098 259; x_wconf 67' lang='lat' dir='ltr'><strong>quatuor</strong></span> <span class='ocrx_word' id='word_1_10' title='bbox 1124 229 1150 252; x_wconf 86' lang='lat' dir='ltr'><strong>ct</strong></span> <span class='ocrx_word' id='word_1_11' title='bbox 1177 226 1270 260; x_wconf 72' lang='lat' dir='ltr'><strong>vigiui</strong></span> <span class='ocrx_word' id='word_1_12' title='bbox 1297 228 1366 260; x_wconf 81' lang='lat' dir='ltr'><strong>patri</strong></span> <span class='ocrx_word' id='word_1_13' title='bbox 1394 228 1521 255; x_wconf 89' lang='lat' dir='ltr'><strong>morienti</strong></span> <span class='ocrx_word' id='word_1_14' title='bbox 1548 231 1722 258; x_wconf 75' lang='lat' dir='ltr'><strong>sueeessisse.</strong></span> <span class='ocrx_word' id='word_1_15' title='bbox 1742 234 1768 259; x_wconf 85' lang='lat' dir='ltr'><strong>Si</strong></span> 
     </span>
    </p>
   </div>
   <div class='ocr_carea' id='block_1_5' title="bbox 152 272 930 308">
    <p class='ocr_par' dir='ltr' id='par_1_5' title="bbox 152 272 930 308">
     <span class='ocr_line' id='line_1_5' title="bbox 152 272 930 308; baseline 0.006 -13"><span class='ocrx_word' id='word_1_16' title='bbox 152 274 173 295; x_wconf 84' lang='lat' dir='ltr'><strong>ct</strong></span> <span class='ocrx_word' id='word_1_17' title='bbox 198 272 386 304; x_wconf 62' lang='lat' dir='ltr'><strong>priestantium</strong></span> <span class='ocrx_word' id='word_1_18' title='bbox 416 277 637 300; x_wconf 74' lang='lat' dir='ltr'><strong>astronomorum</strong></span> <span class='ocrx_word' id='word_1_19' title='bbox 667 274 738 300; x_wconf 88' lang='lat' dir='ltr'><strong>circa</strong></span> <span class='ocrx_word' id='word_1_20' title='bbox 766 274 888 308; x_wconf 79' lang='lat' dir='ltr'><strong>eclipsim</strong></span> <span class='ocrx_word' id='word_1_21' title='bbox 915 282 930 300; x_wconf 68' lang='grc' dir='ltr'><strong>ξι</strong></span> 
     </span>
    </p>
   </div>
   <div class='ocr_carea' id='block_1_6' title="bbox 153 314 931 354">
    <p class='ocr_par' dir='ltr' id='par_1_6' title="bbox 153 314 931 354">
     <span class='ocr_line' id='line_1_6' title="bbox 153 314 931 354; baseline 0.008 -14"><span class='ocrx_word' id='word_1_22' title='bbox 153 314 298 349; x_wconf 73' lang='lat' dir='ltr'><strong>Nicephoro</strong></span> <span class='ocrx_word' id='word_1_23' title='bbox 309 317 429 351; x_wconf 85' lang='lat' dir='ltr'><strong>Gregora</strong></span> <span class='ocrx_word' id='word_1_24' title='bbox 445 323 622 345; x_wconf 86' lang='lat' dir='ltr'><strong>memoratam</strong></span> <span class='ocrx_word' id='word_1_25' title='bbox 644 319 746 354; x_wconf 85' lang='lat' dir='ltr'><strong>judicia</strong></span> <span class='ocrx_word' id='word_1_26' title='bbox 768 323 796 346; x_wconf 91' lang='lat' dir='ltr'><strong>et</strong></span> <span class='ocrx_word' id='word_1_27' title='bbox 819 318 931 346; x_wconf 84' lang='lat' dir='ltr'><strong>ratioci-</strong></span> 
     </span>
    </p>
   </div>
   <div class='ocr_carea' id='block_1_7' title="bbox 152 361 930 399">
    <p class='ocr_par' dir='ltr' id='par_1_7' title="bbox 152 361 930 399">
     <span class='ocr_line' id='line_1_7' title="bbox 152 361 930 399; baseline 0.009 -14"><span class='ocrx_word' id='word_1_28' title='bbox 152 361 198 392; x_wconf 88' lang='lat' dir='ltr'><strong>nia,</strong></span> <span class='ocrx_word' id='word_1_29' title='bbox 217 368 278 394; x_wconf 70' lang='lat' dir='ltr'><strong>qua:</strong></span> <span class='ocrx_word' id='word_1_30' title='bbox 296 366 398 389; x_wconf 86' lang='lat' dir='ltr'><strong>tantam</strong></span> <span class='ocrx_word' id='word_1_31' title='bbox 415 363 474 398; x_wconf 86' lang='lat' dir='ltr'><strong>ejus</strong></span> <span class='ocrx_word' id='word_1_32' title='bbox 496 364 619 391; x_wconf 84' lang='lat' dir='ltr'><strong>notitiam</strong></span> <span class='ocrx_word' id='word_1_33' title='bbox 636 365 813 399; x_wconf 90' lang='lat' dir='ltr'><strong>suppeditant</strong></span> <span class='ocrx_word' id='word_1_34' title='bbox 828 370 930 399; x_wconf 83' lang='lat' dir='ltr'><strong>quanta</strong></span> 
     </span>
    </p>
   </div>
   <div class='ocr_carea' id='block_1_8' title="bbox 151 405 929 443">
    <p class='ocr_par' dir='ltr' id='par_1_8' title="bbox 151 405 929 443">
     <span class='ocr_line' id='line_1_8' title="bbox 151 405 929 443; baseline 0.008 -13"><span class='ocrx_word' id='word_1_35' title='bbox 151 406 229 439; x_wconf 72' lang='lat' dir='ltr'><strong>aptari</strong></span> <span class='ocrx_word' id='word_1_36' title='bbox 248 405 305 433; x_wconf 78' lang='lat' dir='ltr'><strong>fere</strong></span> <span class='ocrx_word' id='word_1_37' title='bbox 331 412 431 441; x_wconf 88' lang='lat' dir='ltr'><strong>potest,</strong></span> <span class='ocrx_word' id='word_1_38' title='bbox 456 413 530 435; x_wconf 80' lang='lat' dir='ltr'><strong>certe</strong></span> <span class='ocrx_word' id='word_1_39' title='bbox 555 417 616 443; x_wconf 69' lang='lat' dir='ltr'><strong>quae</strong></span> <span class='ocrx_word' id='word_1_40' title='bbox 632 409 742 436; x_wconf 80' lang='lat' dir='ltr'><strong>abunde</strong></span> <span class='ocrx_word' id='word_1_41' title='bbox 757 409 873 436; x_wconf 80' lang='lat' dir='ltr'><strong>sulliciat</strong></span> <span class='ocrx_word' id='word_1_42' title='bbox 897 410 929 436; x_wconf 84' lang='lat' dir='ltr'><strong>ad</strong></span> 
     </span>
    </p>
   </div>
   <div class='ocr_carea' id='block_1_9' title="bbox 152 453 930 489">
    <p class='ocr_par' dir='ltr' id='par_1_9' title="bbox 152 453 930 489">
     <span class='ocr_line' id='line_1_9' title="bbox 152 453 930 489; baseline 0.008 -13"><span class='ocrx_word' id='word_1_43' title='bbox 152 458 221 478; x_wconf 86' lang='lat' dir='ltr'><strong>usum</strong></span> <span class='ocrx_word' id='word_1_44' title='bbox 232 456 357 479; x_wconf 86' lang='lat' dir='ltr'><strong>nostrum</strong></span> <span class='ocrx_word' id='word_1_45' title='bbox 375 453 539 488; x_wconf 80' lang='lat' dir='ltr'><strong>insigniendi</strong></span> <span class='ocrx_word' id='word_1_46' title='bbox 557 455 619 482; x_wconf 90' lang='lat' dir='ltr'><strong>anni</strong></span> <span class='ocrx_word' id='word_1_47' title='bbox 636 462 691 489; x_wconf 86' lang='lat' dir='ltr'><strong>quo</strong></span> <span class='ocrx_word' id='word_1_48' title='bbox 704 455 840 482; x_wconf 86' lang='lat' dir='ltr'><strong>Germano</strong></span> <span class='ocrx_word' id='word_1_49' title='bbox 853 456 930 482; x_wconf 88' lang='lat' dir='ltr'><strong>abdi-</strong></span> 
     </span>
    </p>
   </div>
   <div class='ocr_carea' id='block_1_10' title="bbox 149 498 931 534">
    <p class='ocr_par' dir='ltr' id='par_1_10' title="bbox 149 498 931 534">
     <span class='ocr_line' id='line_1_10' title="bbox 149 498 931 534; baseline 0.009 -11"><span class='ocrx_word' id='word_1_50' title='bbox 149 504 218 524; x_wconf 81' lang='lat' dir='ltr'><strong>caute</strong></span> <span class='ocrx_word' id='word_1_51' title='bbox 234 498 371 533; x_wconf 70' lang='lat' dir='ltr'><strong>Iosephus</strong></span> <span class='ocrx_word' id='word_1_52' title='bbox 387 501 543 534; x_wconf 90' lang='lat' dir='ltr'><strong>patriarcha</strong></span> <span class='ocrx_word' id='word_1_53' title='bbox 558 506 600 529; x_wconf 89' lang='lat' dir='ltr'><strong>est</strong></span> <span class='ocrx_word' id='word_1_54' title='bbox 635 506 753 534; x_wconf 87' lang='lat' dir='ltr'><strong>creatus,</strong></span> <span class='ocrx_word' id='word_1_55' title='bbox 779 507 832 529; x_wconf 85' lang='lat' dir='ltr'><strong>tam</strong></span> <span class='ocrx_word' id='word_1_56' title='bbox 852 503 931 530; x_wconf 90' lang='lat' dir='ltr'><strong>lucu-</strong></span> 
     </span>
    </p>
   </div>
   <div class='ocr_carea' id='block_1_11' title="bbox 149 542 930 578">
    <p class='ocr_par' dir='ltr' id='par_1_11' title="bbox 149 542 930 578">
     <span class='ocr_line' id='line_1_11' title="bbox 149 542 930 578; baseline 0.01 -10"><span class='ocrx_word' id='word_1_57' title='bbox 149 542 214 571; x_wconf 83' lang='lat' dir='ltr'><strong>lento</strong></span> <span class='ocrx_word' id='word_1_58' title='bbox 239 543 409 578; x_wconf 85' lang='lat' dir='ltr'><strong>charactere,</strong></span> <span class='ocrx_word' id='word_1_59' title='bbox 426 550 456 572; x_wconf 91' lang='lat' dir='ltr'><strong>ut</strong></span> <span class='ocrx_word' id='word_1_60' title='bbox 473 546 500 573; x_wconf 91' lang='lat' dir='ltr'><strong>in</strong></span> <span class='ocrx_word' id='word_1_61' title='bbox 525 554 559 574; x_wconf 93' lang='lat' dir='ltr'><strong>eo</strong></span> <span class='ocrx_word' id='word_1_62' title='bbox 581 555 597 574; x_wconf 84' lang='lat' dir='ltr'><strong>a</strong></span> <span class='ocrx_word' id='word_1_63' title='bbox 619 547 727 575; x_wconf 75' lang='lat' dir='ltr'><strong>caeteris</strong></span> <span class='ocrx_word' id='word_1_64' title='bbox 747 548 930 576; x_wconf 88' lang='lat' dir='ltr'><strong>discernendo</strong></span> 
     </span>
    </p>
   </div>
   <div class='ocr_carea' id='block_1_12' title="bbox 149 588 927 630">
    <p class='ocr_par' dir='ltr' id='par_1_12' title="bbox 149 588 927 630">
     <span class='ocr_line' id='line_1_12' title="bbox 149 588 927 630; baseline 0.012 -16"><span class='ocrx_word' id='word_1_65' title='bbox 149 588 195 615; x_wconf 85' lang='lat' dir='ltr'><strong>labi</strong></span> <span class='ocrx_word' id='word_1_66' title='bbox 215 589 347 624; x_wconf 86' lang='lat' dir='ltr'><strong>deinceps</strong></span> <span class='ocrx_word' id='word_1_67' title='bbox 364 596 411 618; x_wconf 89' lang='lat' dir='ltr'><strong>aut</strong></span> <span class='ocrx_word' id='word_1_68' title='bbox 437 592 479 619; x_wconf 86' lang='lat' dir='ltr'><strong>vel</strong></span> <span class='ocrx_word' id='word_1_69' title='bbox 498 591 617 621; x_wconf 83' lang='lat' dir='ltr'><strong>titubare</strong></span> <span class='ocrx_word' id='word_1_70' title='bbox 632 595 777 630; x_wconf 84' lang='lat' dir='ltr'><strong>quisquam</strong></span> <span class='ocrx_word' id='word_1_71' title='bbox 802 600 927 630; x_wconf 89' lang='lat' dir='ltr'><strong>nequeat.</strong></span> 
     </span>
    </p>
   </div>
   <div class='ocr_carea' id='block_1_13' title="bbox 433 649 635 679">
    <p class='ocr_par' dir='ltr' id='par_1_13' title="bbox 433 649 635 679">
     <span class='ocr_line' id='line_1_13' title="bbox 433 649 635 679; baseline 0.015 -3"><span class='ocrx_word' id='word_1_72' title='bbox 433 649 547 677; x_wconf 79' lang='lat' dir='ltr'><strong>CAPUT</strong></span> <span class='ocrx_word' id='word_1_73' title='bbox 567 650 635 679; x_wconf 80' lang='lat' dir='ltr'><strong>Vill.</strong></span> 
     </span>
    </p>
   </div>
   <div class='ocr_carea' id='block_1_14' title="bbox 149 705 929 743">
    <p class='ocr_par' dir='ltr' id='par_1_14' title="bbox 149 705 929 743">
     <span class='ocr_line' id='line_1_14' title="bbox 149 705 929 743; baseline 0.006 -14"><span class='ocrx_word' id='word_1_74' title='bbox 149 705 295 743; x_wconf 67' lang='lat' dir='ltr'><strong>Andronici,</strong></span> <span class='ocrx_word' id='word_1_75' title='bbox 316 706 361 743; x_wconf 76' lang='lat' dir='ltr'><strong>qui</strong></span> <span class='ocrx_word' id='word_1_76' title='bbox 384 705 509 733; x_wconf 78' lang='lat' dir='ltr'><strong>Michaeli</strong></span> <span class='ocrx_word' id='word_1_77' title='bbox 539 707 656 741; x_wconf 71' lang='lat' dir='ltr'><strong>Augusto</strong></span> <span class='ocrx_word' id='word_1_78' title='bbox 679 709 879 743; x_wconf 76' lang='lat' dir='ltr'><strong>primogenitus.</strong></span> <span class='ocrx_word' id='word_1_79' title='bbox 902 710 929 735; x_wconf 81' lang='lat' dir='ltr'><strong>in</strong></span> 
     </span>
    </p>
   </div>
   <div class='ocr_carea' id='block_1_15' title="bbox 179 741 928 778">
    <p class='ocr_par' dir='ltr' id='par_1_15' title="bbox 179 741 928 778">
     <span class='ocr_line' id='line_1_15' title="bbox 179 741 928 778; baseline 0.005 -12"><span class='ocrx_word' id='word_1_80' title='bbox 179 741 285 774; x_wconf 81' lang='lat' dir='ltr'><strong>imperio</strong></span> <span class='ocrx_word' id='word_1_81' title='bbox 302 741 403 778; x_wconf 76' lang='lat' dir='ltr'><strong>collega</strong></span> <span class='ocrx_word' id='word_1_82' title='bbox 420 746 513 776; x_wconf 75' lang='lat' dir='ltr'><strong>etpost</strong></span> <span class='ocrx_word' id='word_1_83' title='bbox 530 743 588 776; x_wconf 77' lang='lat' dir='ltr'><strong>ejus</strong></span> <span class='ocrx_word' id='word_1_84' title='bbox 602 741 700 770; x_wconf 78' lang='lat' dir='ltr'><strong>obitum</strong></span> <span class='ocrx_word' id='word_1_85' title='bbox 720 741 852 770; x_wconf 71' lang='lat' dir='ltr'><strong>successor</strong></span> <span class='ocrx_word' id='word_1_86' title='bbox 867 744 928 778; x_wconf 62' lang='lat' dir='ltr'><strong>fuit,</strong></span> 
     </span>
    </p>
   </div>
   <div class='ocr_carea' id='block_1_16' title="bbox 177 777 928 814">
    <p class='ocr_par' dir='ltr' id='par_1_16' title="bbox 177 777 928 814">
     <span class='ocr_line' id='line_1_16' title="bbox 177 777 928 814; baseline 0.005 -13"><span class='ocrx_word' id='word_1_87' title='bbox 177 779 250 807; x_wconf 75' lang='grc' dir='ltr'><strong>(ιίηε,</strong></span> <span class='ocrx_word' id='word_1_88' title='bbox 272 777 388 811; x_wconf 82' lang='lat' dir='ltr'><strong>conjugii</strong></span> <span class='ocrx_word' id='word_1_89' title='bbox 410 781 435 814; x_wconf 77' lang='lat' dir='ltr'><strong>et</strong></span> <span class='ocrx_word' id='word_1_90' title='bbox 452 778 588 804; x_wconf 78' lang='lat' dir='ltr'><strong>evectionis</strong></span> <span class='ocrx_word' id='word_1_91' title='bbox 610 778 638 804; x_wconf 80' lang='lat' dir='ltr'><strong>in</strong></span> <span class='ocrx_word' id='word_1_92' title='bbox 656 779 795 812; x_wconf 80' lang='lat' dir='ltr'><strong>imperium</strong></span> <span class='ocrx_word' id='word_1_93' title='bbox 817 783 928 814; x_wconf 71' lang='lat' dir='ltr'><strong>tempus,</strong></span> 
     </span>
    </p>
   </div>
   <div class='ocr_carea' id='block_1_17' title="bbox 177 812 804 848">
    <p class='ocr_par' dir='ltr' id='par_1_17' title="bbox 177 812 804 848">
     <span class='ocr_line' id='line_1_17' title="bbox 177 812 804 848; baseline 0.006 -12"><span class='ocrx_word' id='word_1_94' title='bbox 177 815 382 846; x_wconf 75' lang='lat' dir='ltr'><strong>cwterorumque</strong></span> <span class='ocrx_word' id='word_1_95' title='bbox 397 812 454 846; x_wconf 76' lang='lat' dir='ltr'><strong>ejus</strong></span> <span class='ocrx_word' id='word_1_96' title='bbox 475 816 595 839; x_wconf 84' lang='lat' dir='ltr'><strong>actorum</strong></span> <span class='ocrx_word' id='word_1_97' title='bbox 621 813 804 848; x_wconf 83' lang='lat' dir='ltr'><strong>chronologia.</strong></span> 
     </span>
    </p>
   </div>
   <div class='ocr_carea' id='block_1_18' title="bbox 176 865 931 903">
    <p class='ocr_par' dir='ltr' id='par_1_18' title="bbox 176 865 931 903">
     <span class='ocr_line' id='line_1_18' title="bbox 176 865 931 903; baseline 0.003 -11"><span class='ocrx_word' id='word_1_98' title='bbox 176 865 195 892; x_wconf 87' lang='grc' dir='ltr'><strong>Ι.</strong></span> <span class='ocrx_word' id='word_1_99' title='bbox 222 865 348 893; x_wconf 83' lang='lat' dir='ltr'><strong>Michaeli</strong></span> <span class='ocrx_word' id='word_1_100' title='bbox 364 866 515 901; x_wconf 72' lang='lat' dir='ltr'><strong>Palreologo</strong></span> <span class='ocrx_word' id='word_1_101' title='bbox 531 867 577 902; x_wconf 89' lang='lat' dir='ltr'><strong>qui</strong></span> <span class='ocrx_word' id='word_1_102' title='bbox 605 868 737 894; x_wconf 84' lang='lat' dir='ltr'><strong>successit</strong></span> <span class='ocrx_word' id='word_1_103' title='bbox 764 868 789 894; x_wconf 92' lang='lat' dir='ltr'><strong>in</strong></span> <span class='ocrx_word' id='word_1_104' title='bbox 814 869 931 903; x_wconf 87' lang='lat' dir='ltr'><strong>imperio</strong></span> 
     </span>
    </p>
   </div>
   <div class='ocr_carea' id='block_1_19' title="bbox 982 271 1770 309">
    <p class='ocr_par' dir='ltr' id='par_1_19' title="bbox 982 271 1770 309">
     <span class='ocr_line' id='line_1_19' title="bbox 982 271 1770 309; baseline 0.01 -13"><span class='ocrx_word' id='word_1_105' title='bbox 982 271 1054 297; x_wconf 87' lang='lat' dir='ltr'><strong>enim</strong></span> <span class='ocrx_word' id='word_1_106' title='bbox 1070 272 1091 298; x_wconf 90' lang='lat' dir='ltr'><strong>is</strong></span> <span class='ocrx_word' id='word_1_107' title='bbox 1112 277 1188 306; x_wconf 83' lang='lat' dir='ltr'><strong>patre</strong></span> <span class='ocrx_word' id='word_1_108' title='bbox 1211 273 1262 306; x_wconf 87' lang='lat' dir='ltr'><strong>iam</strong></span> <span class='ocrx_word' id='word_1_109' title='bbox 1279 273 1442 307; x_wconf 86' lang='lat' dir='ltr'><strong>imperante,</strong></span> <span class='ocrx_word' id='word_1_110' title='bbox 1457 279 1484 301; x_wconf 87' lang='lat' dir='ltr'><strong>et</strong></span> <span class='ocrx_word' id='word_1_111' title='bbox 1504 275 1616 309; x_wconf 85' lang='lat' dir='ltr'><strong>quidem</strong></span> <span class='ocrx_word' id='word_1_112' title='bbox 1631 279 1770 304; x_wconf 79' lang='lat' dir='ltr'><strong>secundus</strong></span> 
     </span>
    </p>
   </div>
   <div class='ocr_carea' id='block_1_20' title="bbox 982 317 1769 355">
    <p class='ocr_par' dir='ltr' id='par_1_20' title="bbox 982 317 1769 355">
     <span class='ocr_line' id='line_1_20' title="bbox 982 317 1769 355; baseline 0.009 -13"><span class='ocrx_word' id='word_1_113' title='bbox 982 321 1042 350; x_wconf 82' lang='lat' dir='ltr'><strong>post</strong></span> <span class='ocrx_word' id='word_1_114' title='bbox 1068 317 1219 344; x_wconf 78' lang='lat' dir='ltr'><strong>ManueIem</strong></span> <span class='ocrx_word' id='word_1_115' title='bbox 1243 318 1270 344; x_wconf 96' lang='lat' dir='ltr'><strong>in</strong></span> <span class='ocrx_word' id='word_1_116' title='bbox 1295 318 1410 346; x_wconf 77' lang='lat' dir='ltr'><strong>infantia</strong></span> <span class='ocrx_word' id='word_1_117' title='bbox 1436 325 1591 354; x_wconf 88' lang='lat' dir='ltr'><strong>mortuum,</strong></span> <span class='ocrx_word' id='word_1_118' title='bbox 1610 328 1690 350; x_wconf 88' lang='lat' dir='ltr'><strong>natus</strong></span> <span class='ocrx_word' id='word_1_119' title='bbox 1717 330 1769 355; x_wconf 81' lang='lat' dir='ltr'><strong>est,</strong></span> 
     </span>
    </p>
   </div>
   <div class='ocr_carea' id='block_1_21' title="bbox 982 363 1770 402">
    <p class='ocr_par' dir='ltr' id='par_1_21' title="bbox 982 363 1770 402">
     <span class='ocr_line' id='line_1_21' title="bbox 982 363 1770 402; baseline 0.01 -14"><span class='ocrx_word' id='word_1_120' title='bbox 982 370 1044 389; x_wconf 89' lang='lat' dir='ltr'><strong>cum</strong></span> <span class='ocrx_word' id='word_1_121' title='bbox 1064 363 1189 395; x_wconf 73' lang='lat' dir='ltr'><strong>Michael,</strong></span> <span class='ocrx_word' id='word_1_122' title='bbox 1206 368 1235 390; x_wconf 91' lang='lat' dir='ltr'><strong>ut</strong></span> <span class='ocrx_word' id='word_1_123' title='bbox 1248 369 1289 390; x_wconf 82' lang='lat' dir='ltr'><strong>est</strong></span> <span class='ocrx_word' id='word_1_124' title='bbox 1306 365 1536 399; x_wconf 85' lang='lat' dir='ltr'><strong>demonstratum,</strong></span> <span class='ocrx_word' id='word_1_125' title='bbox 1552 367 1686 402; x_wconf 88' lang='lat' dir='ltr'><strong>imperare</strong></span> <span class='ocrx_word' id='word_1_126' title='bbox 1714 378 1770 396; x_wconf 74' lang='lat' dir='ltr'><strong>cm-</strong></span> 
     </span>
    </p>
   </div>
   <div class='ocr_carea' id='block_1_22' title="bbox 983 409 1768 443">
    <p class='ocr_par' dir='ltr' id='par_1_22' title="bbox 983 409 1768 443">
     <span class='ocr_line' id='line_1_22' title="bbox 983 409 1768 443; baseline 0.01 -9"><span class='ocrx_word' id='word_1_127' title='bbox 983 409 1054 442; x_wconf 89' lang='lat' dir='ltr'><strong>perit</strong></span> <span class='ocrx_word' id='word_1_128' title='bbox 1080 409 1138 436; x_wconf 69' lang='lat' dir='ltr'><strong>lia].</strong></span> <span class='ocrx_word' id='word_1_129' title='bbox 1163 409 1277 436; x_wconf 84' lang='lat' dir='ltr'><strong>Januar.</strong></span> <span class='ocrx_word' id='word_1_130' title='bbox 1307 411 1371 437; x_wconf 90' lang='lat' dir='ltr'><strong>anni</strong></span> <span class='ocrx_word' id='word_1_131' title='bbox 1402 412 1503 438; x_wconf 81' lang='lat' dir='ltr'><strong>Christi</strong></span> <span class='ocrx_word' id='word_1_132' title='bbox 1527 413 1606 443; x_wconf 70' lang='lat'><strong>1&#39;260.</strong></span> <span class='ocrx_word' id='word_1_133' title='bbox 1625 414 1719 442; x_wconf 84' lang='lat' dir='ltr'><strong>venire</strong></span> <span class='ocrx_word' id='word_1_134' title='bbox 1743 417 1768 442; x_wconf 94' lang='lat' dir='ltr'><strong>iu</strong></span> 
     </span>
    </p>
   </div>
   <div class='ocr_carea' id='block_1_23' title="bbox 983 452 1786 494">
    <p class='ocr_par' dir='ltr' id='par_1_23' title="bbox 983 452 1786 494">
     <span class='ocr_line' id='line_1_23' title="bbox 983 452 1786 494; baseline 0.01 -15"><span class='ocrx_word' id='word_1_135' title='bbox 983 454 1072 480; x_wconf 80' lang='lat' dir='ltr'><strong>[licem</strong></span> <span class='ocrx_word' id='word_1_136' title='bbox 1091 462 1144 480; x_wconf 87' lang='lat' dir='ltr'><strong>non</strong></span> <span class='ocrx_word' id='word_1_137' title='bbox 1163 455 1324 488; x_wconf 86' lang='lat' dir='ltr'><strong>potuitaulc</strong></span> <span class='ocrx_word' id='word_1_138' title='bbox 1335 463 1436 482; x_wconf 88' lang='lat' dir='ltr'><strong>annum</strong></span> <span class='ocrx_word' id='word_1_139' title='bbox 1451 456 1551 484; x_wconf 91' lang='lat' dir='ltr'><strong>Christi</strong></span> <span class='ocrx_word' id='word_1_140' title='bbox 1571 458 1646 491; x_wconf 69' lang='grc'>1261,</span> <span class='ocrx_word' id='word_1_141' title='bbox 1659 452 1786 494; x_wconf 59' lang='lat' dir='ltr'><strong>imperii.</strong></span> 
     </span>
    </p>
   </div>
   <div class='ocr_carea' id='block_1_24' title="bbox 981 498 1768 540">
    <p class='ocr_par' dir='ltr' id='par_1_24' title="bbox 981 498 1768 540">
     <span class='ocr_line' id='line_1_24' title="bbox 981 498 1768 540; baseline 0.01 -15"><span class='ocrx_word' id='word_1_142' title='bbox 981 498 1124 534; x_wconf 70' lang='lat' dir='ltr'><strong>Palmologi</strong></span> <span class='ocrx_word' id='word_1_143' title='bbox 1156 501 1326 533; x_wconf 79' lang='lat' dir='ltr'><strong>secundum;</strong></span> <span class='ocrx_word' id='word_1_144' title='bbox 1365 505 1392 529; x_wconf 88' lang='lat' dir='ltr'><strong>et</strong></span> <span class='ocrx_word' id='word_1_145' title='bbox 1420 510 1632 538; x_wconf 80' lang='lat' dir='ltr'><strong>consequenter,</strong></span> <span class='ocrx_word' id='word_1_146' title='bbox 1658 510 1768 540; x_wconf 83' lang='lat' dir='ltr'><strong>quando</strong></span> 
     </span>
    </p>
   </div>
   <div class='ocr_carea' id='block_1_25' title="bbox 981 546 1796 586">
    <p class='ocr_par' dir='ltr' id='par_1_25' title="bbox 981 546 1796 586">
     <span class='ocr_line' id='line_1_25' title="bbox 981 546 1796 586; baseline 0.01 -14"><span class='ocrx_word' id='word_1_147' title='bbox 981 546 1054 572; x_wconf 87' lang='lat' dir='ltr'><strong>idem</strong></span> <span class='ocrx_word' id='word_1_148' title='bbox 1080 546 1249 582; x_wconf 70' lang='lat' dir='ltr'><strong>Palaeologus</strong></span> <span class='ocrx_word' id='word_1_149' title='bbox 1265 547 1379 574; x_wconf 85' lang='lat' dir='ltr'><strong>Michael</strong></span> <span class='ocrx_word' id='word_1_150' title='bbox 1406 556 1490 581; x_wconf 87' lang='lat' dir='ltr'><strong>anno,</strong></span> <span class='ocrx_word' id='word_1_151' title='bbox 1507 555 1537 577; x_wconf 87' lang='lat' dir='ltr'><strong>ut</strong></span> <span class='ocrx_word' id='word_1_152' title='bbox 1559 559 1618 586; x_wconf 82' lang='lat' dir='ltr'><strong>cap.</strong></span> <span class='ocrx_word' id='word_1_153' title='bbox 1640 554 1766 586; x_wconf 83' lang='lat' dir='ltr'><strong>sequenti</strong></span> <span class='ocrx_word' id='word_1_154' title='bbox 1793 572 1796 576; x_wconf 80' lang='lat'><strong>.</strong></span> 
     </span>
    </p>
   </div>
   <div class='ocr_carea' id='block_1_26' title="bbox 981 590 1788 631">
    <p class='ocr_par' dir='ltr' id='par_1_26' title="bbox 981 590 1788 631">
     <span class='ocr_line' id='line_1_26' title="bbox 981 590 1788 631; baseline 0.011 -13"><span class='ocrx_word' id='word_1_155' title='bbox 981 592 1225 626; x_wconf 79' lang='lat' dir='ltr'><strong>demonstrabitur,</strong></span> <span class='ocrx_word' id='word_1_156' title='bbox 1244 594 1347 624; x_wconf 83' lang='lat' dir='ltr'><strong>Christi</strong></span> <span class='ocrx_word' id='word_1_157' title='bbox 1363 596 1433 623; x_wconf 68' lang='grc'><strong>1282</strong></span> <span class='ocrx_word' id='word_1_158' title='bbox 1449 601 1574 624; x_wconf 82' lang='lat' dir='ltr'><strong>mortuus</strong></span> <span class='ocrx_word' id='word_1_159' title='bbox 1591 604 1643 631; x_wconf 86' lang='lat' dir='ltr'><strong>est,</strong></span> <span class='ocrx_word' id='word_1_160' title='bbox 1657 599 1767 626; x_wconf 86' lang='lat' dir='ltr'><strong>Andro-</strong></span> 
     </span>
    </p>
   </div>
   <div class='ocr_carea' id='block_1_27' title="bbox 981 621 1795 678">
    <p class='ocr_par' dir='ltr' id='par_1_27' title="bbox 981 621 1795 678">
     <span class='ocr_line' id='line_1_27' title="bbox 1219 621 1750 631; baseline 0.009 -10"><span class='ocrx_word' id='word_1_161' title='bbox 1219 621 1224 626; x_wconf 85' lang='grc'>,</span> <span class='ocrx_word' id='word_1_162' title='bbox 1317 621 1327 624; x_wconf 49' lang='grc' dir='ltr'>η</span> <span class='ocrx_word' id='word_1_163' title='bbox 1340 621 1347 622; x_wconf 59' lang='lat'><strong><em>,</em></strong></span> <span class='ocrx_word' id='word_1_164' title='bbox 1367 621 1433 623; x_wconf 23' lang='lat' dir='ltr'><strong>me,</strong></span> <span class='ocrx_word' id='word_1_165' title='bbox 1592 621 1643 631; x_wconf 59' lang='grc' dir='ltr'><strong>νη,</strong></span> <span class='ocrx_word' id='word_1_166' title='bbox 1657 621 1750 626; x_wconf 60' lang='grc' dir='ltr'><strong>.-.μην</strong></span> 
     </span>
     <span class='ocr_line' id='line_1_28' title="bbox 981 621 1795 678; baseline 0.011 -14"><span class='ocrx_word' id='word_1_167' title='bbox 981 638 1059 665; x_wconf 88' lang='lat' dir='ltr'><strong>nicus</strong></span> <span class='ocrx_word' id='word_1_168' title='bbox 1074 646 1128 665; x_wconf 90' lang='lat' dir='ltr'><strong>non</strong></span> <span class='ocrx_word' id='word_1_169' title='bbox 1146 639 1199 666; x_wconf 86' lang='lat' dir='ltr'><strong>nisi</strong></span> <span class='ocrx_word' id='word_1_170' title='bbox 1222 648 1358 668; x_wconf 89' lang='lat' dir='ltr'><strong>annorum</strong></span> <span class='ocrx_word' id='word_1_171' title='bbox 1380 643 1465 670; x_wconf 83' lang='lat' dir='ltr'><strong>unius</strong></span> <span class='ocrx_word' id='word_1_172' title='bbox 1481 647 1508 670; x_wconf 89' lang='lat' dir='ltr'><strong>et</strong></span> <span class='ocrx_word' id='word_1_173' title='bbox 1522 643 1619 678; x_wconf 79' lang='lat' dir='ltr'><strong>viginti</strong></span> <span class='ocrx_word' id='word_1_174' title='bbox 1639 652 1699 671; x_wconf 78' lang='lat' dir='ltr'><strong>esse</strong></span> <span class='ocrx_word' id='word_1_175' title='bbox 1719 653 1768 676; x_wconf 84' lang='lat' dir='ltr'><strong>po-</strong></span> <span class='ocrx_word' id='word_1_176' title='bbox 1784 621 1795 650; x_wconf 34' lang='grc' dir='ltr'><strong>ξ</strong></span> 
     </span>
    </p>
   </div>
   <div class='ocr_carea' id='block_1_28' title="bbox 981 682 1770 722">
    <p class='ocr_par' dir='ltr' id='par_1_28' title="bbox 981 682 1770 722">
     <span class='ocr_line' id='line_1_29' title="bbox 981 682 1770 722; baseline 0.01 -15"><span class='ocrx_word' id='word_1_177' title='bbox 981 682 1089 709; x_wconf 83' lang='lat' dir='ltr'><strong>tuissct.</strong></span> <span class='ocrx_word' id='word_1_178' title='bbox 1117 683 1224 718; x_wconf 80' lang='lat' dir='ltr'><strong>Pugnat</strong></span> <span class='ocrx_word' id='word_1_179' title='bbox 1244 684 1271 711; x_wconf 92' lang='lat' dir='ltr'><strong>id</strong></span> <span class='ocrx_word' id='word_1_180' title='bbox 1294 686 1377 713; x_wconf 86' lang='lat' dir='ltr'><strong>etiam</strong></span> <span class='ocrx_word' id='word_1_181' title='bbox 1403 694 1466 714; x_wconf 89' lang='lat' dir='ltr'><strong>cum</strong></span> <span class='ocrx_word' id='word_1_182' title='bbox 1490 695 1523 714; x_wconf 89' lang='lat' dir='ltr'><strong>eo</strong></span> <span class='ocrx_word' id='word_1_183' title='bbox 1545 688 1618 722; x_wconf 87' lang='lat' dir='ltr'><strong>quod</strong></span> <span class='ocrx_word' id='word_1_184' title='bbox 1635 688 1770 722; x_wconf 75' lang='lat' dir='ltr'><strong>Grcgoras</strong></span> 
     </span>
    </p>
   </div>
   <div class='ocr_carea' id='block_1_29' title="bbox 981 729 1769 765">
    <p class='ocr_par' dir='ltr' id='par_1_29' title="bbox 981 729 1769 765">
     <span class='ocr_line' id='line_1_30' title="bbox 981 729 1769 765; baseline 0.009 -10"><span class='ocrx_word' id='word_1_185' title='bbox 981 729 1078 756; x_wconf 84' lang='lat' dir='ltr'><strong>seribit</strong></span> <span class='ocrx_word' id='word_1_186' title='bbox 1107 730 1126 756; x_wconf 92' lang='lat' dir='ltr'><strong>l.</strong></span> <span class='ocrx_word' id='word_1_187' title='bbox 1170 730 1213 762; x_wconf 79' lang='grc' dir='ltr'><strong>ιν,</strong></span> <span class='ocrx_word' id='word_1_188' title='bbox 1240 738 1269 765; x_wconf 89' lang='lat' dir='ltr'><strong>p.</strong></span> <span class='ocrx_word' id='word_1_189' title='bbox 1294 732 1338 765; x_wconf 73' lang='lat'><strong>40,</strong></span> <span class='ocrx_word' id='word_1_190' title='bbox 1364 733 1536 765; x_wconf 85' lang='lat' dir='ltr'><strong>Michaelem,</strong></span> <span class='ocrx_word' id='word_1_191' title='bbox 1563 742 1625 761; x_wconf 89' lang='lat' dir='ltr'><strong>cum</strong></span> <span class='ocrx_word' id='word_1_192' title='bbox 1654 736 1769 762; x_wconf 90' lang='lat' dir='ltr'><strong>solemni</strong></span> 
     </span>
    </p>
   </div>
   <div class='ocr_carea' id='block_1_30' title="bbox 980 776 1771 814">
    <p class='ocr_par' dir='ltr' id='par_1_30' title="bbox 980 776 1771 814">
     <span class='ocr_line' id='line_1_31' title="bbox 980 776 1771 814; baseline 0.01 -14"><span class='ocrx_word' id='word_1_193' title='bbox 980 782 1079 809; x_wconf 84' lang='lat' dir='ltr'><strong>pompa</strong></span> <span class='ocrx_word' id='word_1_194' title='bbox 1107 776 1372 811; x_wconf 84' lang='lat' dir='ltr'><strong>Constantinopolim</strong></span> <span class='ocrx_word' id='word_1_195' title='bbox 1402 787 1417 805; x_wconf 90' lang='lat' dir='ltr'><strong>a</strong></span> <span class='ocrx_word' id='word_1_196' title='bbox 1439 781 1496 806; x_wconf 88' lang='lat' dir='ltr'><strong>suis</strong></span> <span class='ocrx_word' id='word_1_197' title='bbox 1524 785 1713 814; x_wconf 83' lang='lat' dir='ltr'><strong>recuperatam</strong></span> <span class='ocrx_word' id='word_1_198' title='bbox 1729 782 1771 808; x_wconf 94' lang='lat' dir='ltr'><strong>iu-</strong></span> 
     </span>
    </p>
   </div>
   <div class='ocr_carea' id='block_1_31' title="bbox 981 822 1768 859">
    <p class='ocr_par' dir='ltr' id='par_1_31' title="bbox 981 822 1768 859">
     <span class='ocr_line' id='line_1_32' title="bbox 981 822 1768 859; baseline 0.01 -13"><span class='ocrx_word' id='word_1_199' title='bbox 981 828 1089 854; x_wconf 80' lang='lat' dir='ltr'><strong>gressus</strong></span> <span class='ocrx_word' id='word_1_200' title='bbox 1105 827 1156 852; x_wconf 87' lang='lat' dir='ltr'><strong>est,</strong></span> <span class='ocrx_word' id='word_1_201' title='bbox 1167 822 1355 850; x_wconf 86' lang='lat' dir='ltr'><strong>Andronicum</strong></span> <span class='ocrx_word' id='word_1_202' title='bbox 1371 824 1456 851; x_wconf 82' lang='lat' dir='ltr'><strong>lilium</strong></span> <span class='ocrx_word' id='word_1_203' title='bbox 1478 826 1533 859; x_wconf 90' lang='lat' dir='ltr'><strong>jam</strong></span> <span class='ocrx_word' id='word_1_204' title='bbox 1563 831 1619 852; x_wconf 91' lang='lat' dir='ltr'><strong>tum</strong></span> <span class='ocrx_word' id='word_1_205' title='bbox 1635 827 1768 854; x_wconf 78' lang='lat' dir='ltr'><strong>bimulum</strong></span> 
     </span>
    </p>
   </div>
   <div class='ocr_carea' id='block_1_32' title="bbox 981 865 1770 907">
    <p class='ocr_par' dir='ltr' id='par_1_32' title="bbox 981 865 1770 907">
     <span class='ocr_line' id='line_1_33' title="bbox 981 865 1770 907; baseline 0.01 -17"><span class='ocrx_word' id='word_1_206' title='bbox 981 865 1090 894; x_wconf 82' lang='lat' dir='ltr'><strong>duxisse</strong></span> <span class='ocrx_word' id='word_1_207' title='bbox 1107 876 1114 894; x_wconf 75' lang='grc' dir='ltr'><strong>Ζ</strong></span> <span class='ocrx_word' id='word_1_208' title='bbox 1134 868 1213 894; x_wconf 76' lang='grc' dir='ltr'><strong>Ίέναι</strong></span> <span class='ocrx_word' id='word_1_209' title='bbox 1232 869 1300 903; x_wconf 72' lang='grc' dir='ltr'>πρὸς</span> <span class='ocrx_word' id='word_1_210' title='bbox 1314 869 1363 904; x_wconf 81' lang='grc' dir='ltr'><strong>τὴν</strong></span> <span class='ocrx_word' id='word_1_211' title='bbox 1384 870 1510 904; x_wconf 72' lang='grc' dir='ltr'><strong>βασιλίδα</strong></span> <span class='ocrx_word' id='word_1_212' title='bbox 1526 871 1580 896; x_wconf 80' lang='grc' dir='ltr'><strong>τῶν</strong></span> <span class='ocrx_word' id='word_1_213' title='bbox 1595 872 1698 898; x_wconf 52' lang='grc' dir='ltr'>πολεων</span> <span class='ocrx_word' id='word_1_214' title='bbox 1711 874 1770 907; x_wconf 71' lang='grc' dir='ltr'>ἅμα</span> 
     </span>
    </p>
   </div>
   <div class='ocr_carea' id='block_1_33' title="bbox 149 912 930 953">
    <p class='ocr_par' dir='ltr' id='par_1_33' title="bbox 149 912 930 949">
     <span class='ocr_line' id='line_1_34' title="bbox 149 912 930 949; baseline 0.006 -12"><span class='ocrx_word' id='word_1_215' title='bbox 149 912 332 944; x_wconf 86' lang='lat' dir='ltr'><strong>Andronicus,</strong></span> <span class='ocrx_word' id='word_1_216' title='bbox 350 914 442 939; x_wconf 88' lang='lat' dir='ltr'><strong>senior</strong></span> <span class='ocrx_word' id='word_1_217' title='bbox 455 913 488 940; x_wconf 92' lang='lat' dir='ltr'><strong>ab</strong></span> <span class='ocrx_word' id='word_1_218' title='bbox 503 913 640 941; x_wconf 76' lang='lat' dir='ltr'><strong>historicis</strong></span> <span class='ocrx_word' id='word_1_219' title='bbox 659 915 858 949; x_wconf 86' lang='lat' dir='ltr'><strong>posterioribus</strong></span> <span class='ocrx_word' id='word_1_220' title='bbox 875 915 930 941; x_wconf 67' lang='lat' dir='ltr'><strong>die-</strong></span> 
     </span>
    </p>
   </div>
   <div class='ocr_carea' id='block_1_34' title="bbox 984 912 1770 953">
    <p class='ocr_par' dir='ltr' id='par_1_34' title="bbox 984 913 1770 953">
     <span class='ocr_line' id='line_1_35' title="bbox 984 913 1770 953; baseline 0.008 -15"><span class='ocrx_word' id='word_1_221' title='bbox 984 913 1015 947; x_wconf 80' lang='grc' dir='ltr'><strong>τῇ</strong></span> <span class='ocrx_word' id='word_1_222' title='bbox 1033 913 1143 948; x_wconf 78' lang='grc' dir='ltr'><strong>συζύγῳ</strong></span> <span class='ocrx_word' id='word_1_223' title='bbox 1160 914 1290 951; x_wconf 77' lang='grc' dir='ltr'><strong>δεσποίνῃ</strong></span> <span class='ocrx_word' id='word_1_224' title='bbox 1303 916 1349 942; x_wconf 73' lang='grc' dir='ltr'><strong>καὶ</strong></span> <span class='ocrx_word' id='word_1_225' title='bbox 1360 917 1398 951; x_wconf 84' lang='grc' dir='ltr'><strong>τῷ</strong></span> <span class='ocrx_word' id='word_1_226' title='bbox 1414 916 1464 951; x_wconf 78' lang='grc' dir='ltr'><strong>υἱῷ</strong></span> <span class='ocrx_word' id='word_1_227' title='bbox 1483 917 1647 952; x_wconf 79' lang='grc' dir='ltr'><strong>Ἀνδρονίκῳ</strong></span> <span class='ocrx_word' id='word_1_228' title='bbox 1668 919 1706 952; x_wconf 83' lang='grc' dir='ltr'>τῷ</span> <span class='ocrx_word' id='word_1_229' title='bbox 1718 920 1770 953; x_wconf 76' lang='grc' dir='ltr'><strong>νέῳ</strong></span> 
     </span>
    </p>
   </div>
   <div class='ocr_carea' id='block_1_35' title="bbox 146 959 930 995">
    <p class='ocr_par' dir='ltr' id='par_1_35' title="bbox 146 959 930 995">
     <span class='ocr_line' id='line_1_36' title="bbox 146 959 930 995; baseline 0.005 -11"><span class='ocrx_word' id='word_1_230' title='bbox 146 964 184 985; x_wconf 87' lang='lat' dir='ltr'><strong>tus</strong></span> <span class='ocrx_word' id='word_1_231' title='bbox 198 966 230 985; x_wconf 82' lang='lat' dir='ltr'><strong>ex</strong></span> <span class='ocrx_word' id='word_1_232' title='bbox 246 959 453 993; x_wconf 85' lang='lat' dir='ltr'><strong>comparatione</strong></span> <span class='ocrx_word' id='word_1_233' title='bbox 471 967 533 986; x_wconf 89' lang='lat' dir='ltr'><strong>cum</strong></span> <span class='ocrx_word' id='word_1_234' title='bbox 551 959 637 994; x_wconf 85' lang='lat' dir='ltr'><strong>ipsius</strong></span> <span class='ocrx_word' id='word_1_235' title='bbox 651 967 751 995; x_wconf 88' lang='lat' dir='ltr'><strong>nepote</strong></span> <span class='ocrx_word' id='word_1_236' title='bbox 773 961 930 988; x_wconf 81' lang='lat' dir='ltr'><strong>Andronico</strong></span> 
     </span>
    </p>
   </div>
   <div class='ocr_carea' id='block_1_36' title="bbox 142 1003 930 1042">
    <p class='ocr_par' dir='ltr' id='par_1_36' title="bbox 142 1003 930 1042">
     <span class='ocr_line' id='line_1_37' title="bbox 142 1003 930 1042; baseline 0.005 -13"><span class='ocrx_word' id='word_1_237' title='bbox 142 1003 258 1038; x_wconf 80' lang='lat' dir='ltr'><strong>juni0re,</strong></span> <span class='ocrx_word' id='word_1_238' title='bbox 294 1004 337 1030; x_wconf 85' lang='lat' dir='ltr'><strong>avi</strong></span> <span class='ocrx_word' id='word_1_239' title='bbox 378 1004 404 1030; x_wconf 93' lang='lat' dir='ltr'><strong>in</strong></span> <span class='ocrx_word' id='word_1_240' title='bbox 440 1005 555 1039; x_wconf 90' lang='lat' dir='ltr'><strong>imperio</strong></span> <span class='ocrx_word' id='word_1_241' title='bbox 579 1005 693 1040; x_wconf 79' lang='lat' dir='ltr'><strong>collega,</strong></span> <span class='ocrx_word' id='word_1_242' title='bbox 717 1006 825 1040; x_wconf 86' lang='lat' dir='ltr'><strong>quicum</strong></span> <span class='ocrx_word' id='word_1_243' title='bbox 851 1006 930 1042; x_wconf 61' lang='lat'><strong>743</strong></span> 
     </span>
    </p>
   </div>
   <div class='ocr_carea' id='block_1_37' title="bbox 145 1050 931 1085">
    <p class='ocr_par' dir='ltr' id='par_1_37' title="bbox 145 1050 931 1085">
     <span class='ocr_line' id='line_1_38' title="bbox 145 1050 931 1085; baseline 0.004 -9"><span class='ocrx_word' id='word_1_244' title='bbox 145 1058 235 1084; x_wconf 80' lang='lat' dir='ltr'><strong>graves</strong></span> <span class='ocrx_word' id='word_1_245' title='bbox 250 1054 278 1077; x_wconf 85' lang='lat' dir='ltr'><strong>et</strong></span> <span class='ocrx_word' id='word_1_246' title='bbox 296 1050 334 1077; x_wconf 86' lang='lat' dir='ltr'><strong>rei</strong></span> <span class='ocrx_word' id='word_1_247' title='bbox 354 1050 483 1078; x_wconf 66' lang='lat' dir='ltr'><strong>Romanae</strong></span> <span class='ocrx_word' id='word_1_248' title='bbox 507 1051 755 1085; x_wconf 85' lang='lat' dir='ltr'><strong>perniciosissimas</strong></span> <span class='ocrx_word' id='word_1_249' title='bbox 769 1052 931 1080; x_wconf 83' lang='lat' dir='ltr'><strong>inimicitias</strong></span> 
     </span>
    </p>
   </div>
   <div class='ocr_carea' id='block_1_38' title="bbox 144 1090 933 1132">
    <p class='ocr_par' dir='ltr' id='par_1_38' title="bbox 144 1090 933 1132">
     <span class='ocr_line' id='line_1_39' title="bbox 144 1090 933 1132; baseline 0.004 -10"><span class='ocrx_word' id='word_1_250' title='bbox 144 1097 274 1127; x_wconf 85' lang='lat' dir='ltr'><strong>excreuit,</strong></span> <span class='ocrx_word' id='word_1_251' title='bbox 290 1097 317 1123; x_wconf 89' lang='lat' dir='ltr'><strong>in</strong></span> <span class='ocrx_word' id='word_1_252' title='bbox 331 1090 516 1124; x_wconf 86' lang='lat' dir='ltr'><strong>Cautacuzeni</strong></span> <span class='ocrx_word' id='word_1_253' title='bbox 532 1097 683 1132; x_wconf 66' lang='lat' dir='ltr'><strong>praesertim</strong></span> <span class='ocrx_word' id='word_1_254' title='bbox 706 1098 819 1125; x_wconf 84' lang='lat' dir='ltr'><strong>historia</strong></span> <span class='ocrx_word' id='word_1_255' title='bbox 835 1106 933 1126; x_wconf 87' lang='lat' dir='ltr'><strong>narra-</strong></span> 
     </span>
    </p>
   </div>
   <div class='ocr_carea' id='block_1_39' title="bbox 145 1142 932 1178">
    <p class='ocr_par' dir='ltr' id='par_1_39' title="bbox 145 1142 932 1178">
     <span class='ocr_line' id='line_1_40' title="bbox 145 1142 932 1178; baseline 0.005 -10"><span class='ocrx_word' id='word_1_256' title='bbox 145 1147 192 1174; x_wconf 80' lang='lat' dir='ltr'><strong>tas,</strong></span> <span class='ocrx_word' id='word_1_257' title='bbox 208 1142 250 1178; x_wconf 80' lang='grc' dir='ltr'><strong>[Ρ.</strong></span> <span class='ocrx_word' id='word_1_258' title='bbox 264 1142 329 1178; x_wconf 74' lang='lat'><strong>5%]</strong></span> <span class='ocrx_word' id='word_1_259' title='bbox 344 1142 530 1176; x_wconf 80' lang='lat' dir='ltr'><strong>Andronicus,</strong></span> <span class='ocrx_word' id='word_1_260' title='bbox 542 1143 663 1177; x_wconf 90' lang='lat' dir='ltr'><strong>inquam,</strong></span> <span class='ocrx_word' id='word_1_261' title='bbox 683 1143 776 1170; x_wconf 79' lang='lat' dir='ltr'><strong>senior</strong></span> <span class='ocrx_word' id='word_1_262' title='bbox 791 1144 932 1172; x_wconf 81' lang='lat' dir='ltr'><strong>Michaelis</strong></span> 
     </span>
    </p>
   </div>
   <div class='ocr_carea' id='block_1_40' title="bbox 144 1188 932 1225">
    <p class='ocr_par' dir='ltr' id='par_1_40' title="bbox 144 1188 932 1225">
     <span class='ocr_line' id='line_1_41' title="bbox 144 1188 932 1225; baseline 0.004 -11"><span class='ocrx_word' id='word_1_263' title='bbox 144 1188 285 1223; x_wconf 59' lang='lat' dir='ltr'><strong>Palwologi</strong></span> <span class='ocrx_word' id='word_1_264' title='bbox 306 1188 406 1222; x_wconf 83' lang='lat' dir='ltr'><strong>prioris</strong></span> <span class='ocrx_word' id='word_1_265' title='bbox 432 1188 643 1223; x_wconf 78' lang='lat' dir='ltr'><strong>primogenitus,</strong></span> <span class='ocrx_word' id='word_1_266' title='bbox 663 1189 772 1223; x_wconf 86' lang='lat' dir='ltr'><strong>imperii</strong></span> <span class='ocrx_word' id='word_1_267' title='bbox 786 1190 889 1225; x_wconf 80' lang='lat' dir='ltr'><strong>collega</strong></span> <span class='ocrx_word' id='word_1_268' title='bbox 903 1195 932 1218; x_wconf 87' lang='lat' dir='ltr'><strong>et</strong></span> 
     </span>
    </p>
   </div>
   <div class='ocr_carea' id='block_1_41' title="bbox 144 1235 931 1270">
    <p class='ocr_par' dir='ltr' id='par_1_41' title="bbox 144 1235 931 1270">
     <span class='ocr_line' id='line_1_42' title="bbox 144 1235 931 1270; baseline 0.004 -11"><span class='ocrx_word' id='word_1_269' title='bbox 144 1239 202 1268; x_wconf 88' lang='lat' dir='ltr'><strong>post</strong></span> <span class='ocrx_word' id='word_1_270' title='bbox 215 1235 299 1269; x_wconf 84' lang='lat' dir='ltr'><strong>patris</strong></span> <span class='ocrx_word' id='word_1_271' title='bbox 309 1240 427 1261; x_wconf 78' lang='lat' dir='ltr'><strong>mortem</strong></span> <span class='ocrx_word' id='word_1_272' title='bbox 441 1242 595 1266; x_wconf 86' lang='lat' dir='ltr'><strong>successor,</strong></span> <span class='ocrx_word' id='word_1_273' title='bbox 608 1235 719 1269; x_wconf 88' lang='lat' dir='ltr'><strong>quando</strong></span> <span class='ocrx_word' id='word_1_274' title='bbox 729 1239 809 1262; x_wconf 85' lang='lat' dir='ltr'><strong>natus</strong></span> <span class='ocrx_word' id='word_1_275' title='bbox 819 1236 864 1266; x_wconf 77' lang='lat' dir='ltr'><strong>sit,</strong></span> <span class='ocrx_word' id='word_1_276' title='bbox 878 1243 931 1270; x_wconf 84' lang='lat' dir='ltr'><strong>qua</strong></span> 
     </span>
    </p>
   </div>
   <div class='ocr_carea' id='block_1_42' title="bbox 141 1281 932 1316">
    <p class='ocr_par' dir='ltr' id='par_1_42' title="bbox 141 1281 932 1316">
     <span class='ocr_line' id='line_1_43' title="bbox 141 1281 932 1316; baseline 0.004 -11"><span class='ocrx_word' id='word_1_277' title='bbox 141 1283 219 1306; x_wconf 71' lang='lat' dir='ltr'><strong>aetate</strong></span> <span class='ocrx_word' id='word_1_278' title='bbox 237 1287 348 1306; x_wconf 81' lang='lat' dir='ltr'><strong>uxorem</strong></span> <span class='ocrx_word' id='word_1_279' title='bbox 375 1281 496 1312; x_wconf 76' lang='lat' dir='ltr'><strong>duxerit,</strong></span> <span class='ocrx_word' id='word_1_280' title='bbox 520 1288 573 1316; x_wconf 88' lang='lat' dir='ltr'><strong>quo</strong></span> <span class='ocrx_word' id='word_1_281' title='bbox 587 1288 659 1307; x_wconf 91' lang='lat' dir='ltr'><strong>anno</strong></span> <span class='ocrx_word' id='word_1_282' title='bbox 683 1281 821 1316; x_wconf 85' lang='lat' dir='ltr'><strong>particeps</strong></span> <span class='ocrx_word' id='word_1_283' title='bbox 843 1281 932 1309; x_wconf 80' lang='lat' dir='ltr'><strong>factus</strong></span> 
     </span>
    </p>
   </div>
   <div class='ocr_carea' id='block_1_43' title="bbox 143 1325 932 1361">
    <p class='ocr_par' dir='ltr' id='par_1_43' title="bbox 143 1325 932 1361">
     <span class='ocr_line' id='line_1_44' title="bbox 143 1325 932 1361; baseline 0.003 -10"><span class='ocrx_word' id='word_1_284' title='bbox 143 1325 224 1352; x_wconf 74' lang='lat' dir='ltr'><strong>fuerit</strong></span> <span class='ocrx_word' id='word_1_285' title='bbox 240 1325 369 1360; x_wconf 66' lang='lat' dir='ltr'><strong>Augusta:</strong></span> <span class='ocrx_word' id='word_1_286' title='bbox 390 1326 544 1361; x_wconf 86' lang='lat' dir='ltr'><strong>potestatis,</strong></span> <span class='ocrx_word' id='word_1_287' title='bbox 562 1326 697 1353; x_wconf 89' lang='lat' dir='ltr'><strong>incertum</strong></span> <span class='ocrx_word' id='word_1_288' title='bbox 722 1326 826 1354; x_wconf 83' lang='lat' dir='ltr'><strong>faciunt</strong></span> <span class='ocrx_word' id='word_1_289' title='bbox 850 1329 932 1354; x_wconf 70' lang='lat' dir='ltr'><strong>varire</strong></span> 
     </span>
    </p>
   </div>
   <div class='ocr_carea' id='block_1_44' title="bbox 142 1372 932 1407">
    <p class='ocr_par' dir='ltr' id='par_1_44' title="bbox 142 1372 932 1407">
     <span class='ocr_line' id='line_1_45' title="bbox 142 1372 932 1407; baseline 0.001 -9"><span class='ocrx_word' id='word_1_290' title='bbox 142 1379 173 1398; x_wconf 87' lang='lat' dir='ltr'><strong>ac</strong></span> <span class='ocrx_word' id='word_1_291' title='bbox 195 1372 265 1398; x_wconf 87' lang='lat' dir='ltr'><strong>male</strong></span> <span class='ocrx_word' id='word_1_292' title='bbox 294 1372 367 1399; x_wconf 85' lang='lat' dir='ltr'><strong>inter</strong></span> <span class='ocrx_word' id='word_1_293' title='bbox 389 1379 451 1399; x_wconf 89' lang='lat' dir='ltr'><strong>sese</strong></span> <span class='ocrx_word' id='word_1_294' title='bbox 476 1373 649 1399; x_wconf 69' lang='lat' dir='ltr'><strong>cohaerentes</strong></span> <span class='ocrx_word' id='word_1_295' title='bbox 670 1379 732 1399; x_wconf 88' lang='lat' dir='ltr'><strong>cum</strong></span> <span class='ocrx_word' id='word_1_296' title='bbox 759 1372 932 1407; x_wconf 80' lang='lat' dir='ltr'><strong>Pachymeris</strong></span> 
     </span>
    </p>
   </div>
   <div class='ocr_carea' id='block_1_45' title="bbox 143 1417 933 1453">
    <p class='ocr_par' dir='ltr' id='par_1_45' title="bbox 143 1417 933 1453">
     <span class='ocr_line' id='line_1_46' title="bbox 143 1417 933 1453; baseline 0.004 -10"><span class='ocrx_word' id='word_1_297' title='bbox 143 1422 198 1444; x_wconf 90' lang='lat' dir='ltr'><strong>tum</strong></span> <span class='ocrx_word' id='word_1_298' title='bbox 212 1417 340 1453; x_wconf 80' lang='lat' dir='ltr'><strong>Gregora:</strong></span> <span class='ocrx_word' id='word_1_299' title='bbox 353 1424 380 1446; x_wconf 90' lang='lat' dir='ltr'><strong>et</strong></span> <span class='ocrx_word' id='word_1_300' title='bbox 395 1419 512 1446; x_wconf 88' lang='lat' dir='ltr'><strong>aliorum</strong></span> <span class='ocrx_word' id='word_1_301' title='bbox 527 1420 574 1453; x_wconf 87' lang='lat' dir='ltr'><strong>qui</strong></span> <span class='ocrx_word' id='word_1_302' title='bbox 587 1418 621 1445; x_wconf 93' lang='lat' dir='ltr'><strong>de</strong></span> <span class='ocrx_word' id='word_1_303' title='bbox 637 1418 710 1445; x_wconf 89' lang='lat' dir='ltr'><strong>illius</strong></span> <span class='ocrx_word' id='word_1_304' title='bbox 723 1418 804 1445; x_wconf 85' lang='lat' dir='ltr'><strong>rebus</strong></span> <span class='ocrx_word' id='word_1_305' title='bbox 815 1419 933 1453; x_wconf 83' lang='lat' dir='ltr'><strong>scripse-</strong></span> 
     </span>
    </p>
   </div>
   <div class='ocr_carea' id='block_1_46' title="bbox 143 1464 934 1500">
    <p class='ocr_par' dir='ltr' id='par_1_46' title="bbox 143 1464 934 1500">
     <span class='ocr_line' id='line_1_47' title="bbox 143 1464 934 1500; baseline 0 -9"><span class='ocrx_word' id='word_1_306' title='bbox 143 1471 208 1492; x_wconf 85' lang='lat' dir='ltr'><strong>runt</strong></span> <span class='ocrx_word' id='word_1_307' title='bbox 228 1466 431 1493; x_wconf 84' lang='lat' dir='ltr'><strong>allirmationes.</strong></span> <span class='ocrx_word' id='word_1_308' title='bbox 452 1466 542 1498; x_wconf 83' lang='lat' dir='ltr'><strong>Quare</strong></span> <span class='ocrx_word' id='word_1_309' title='bbox 567 1472 659 1500; x_wconf 67' lang='lat' dir='ltr'><strong>operte</strong></span> <span class='ocrx_word' id='word_1_310' title='bbox 676 1464 798 1500; x_wconf 84' lang='lat' dir='ltr'><strong>pretium</strong></span> <span class='ocrx_word' id='word_1_311' title='bbox 828 1473 871 1492; x_wconf 88' lang='lat' dir='ltr'><strong>me</strong></span> <span class='ocrx_word' id='word_1_312' title='bbox 893 1464 934 1491; x_wconf 88' lang='lat' dir='ltr'><strong>l‘a-</strong></span> 
     </span>
    </p>
   </div>
   <div class='ocr_carea' id='block_1_47' title="bbox 141 1511 931 1546">
    <p class='ocr_par' dir='ltr' id='par_1_47' title="bbox 141 1511 931 1546">
     <span class='ocr_line' id='line_1_48' title="bbox 141 1511 931 1546; baseline 0 -9"><span class='ocrx_word' id='word_1_313' title='bbox 141 1515 247 1537; x_wconf 88' lang='lat' dir='ltr'><strong>cturmn</strong></span> <span class='ocrx_word' id='word_1_314' title='bbox 262 1511 357 1544; x_wconf 86' lang='lat' dir='ltr'><strong>statui,</strong></span> <span class='ocrx_word' id='word_1_315' title='bbox 373 1511 395 1538; x_wconf 87' lang='lat' dir='ltr'><strong>si</strong></span> <span class='ocrx_word' id='word_1_316' title='bbox 409 1511 566 1539; x_wconf 66' lang='lat' dir='ltr'><strong>evolvendaa</strong></span> <span class='ocrx_word' id='word_1_317' title='bbox 582 1519 614 1537; x_wconf 84' lang='lat' dir='ltr'><strong>ex</strong></span> <span class='ocrx_word' id='word_1_318' title='bbox 630 1511 791 1546; x_wconf 80' lang='lat' dir='ltr'><strong>ambagibus</strong></span> <span class='ocrx_word' id='word_1_319' title='bbox 804 1514 832 1537; x_wconf 89' lang='lat' dir='ltr'><strong>et</strong></span> <span class='ocrx_word' id='word_1_320' title='bbox 846 1515 931 1540; x_wconf 85' lang='lat' dir='ltr'><strong>certo.</strong></span> 
     </span>
    </p>
   </div>
   <div class='ocr_carea' id='block_1_48' title="bbox 141 1557 932 1592">
    <p class='ocr_par' dir='ltr' id='par_1_48' title="bbox 141 1557 932 1592">
     <span class='ocr_line' id='line_1_49' title="bbox 141 1557 932 1592; baseline 0 -8"><span class='ocrx_word' id='word_1_321' title='bbox 141 1557 231 1591; x_wconf 84' lang='lat' dir='ltr'><strong>quoad</strong></span> <span class='ocrx_word' id='word_1_322' title='bbox 248 1558 352 1591; x_wconf 84' lang='lat' dir='ltr'><strong>licebit,</strong></span> <span class='ocrx_word' id='word_1_323' title='bbox 371 1557 525 1592; x_wconf 78' lang='lat' dir='ltr'><strong>digerernke</strong></span> <span class='ocrx_word' id='word_1_324' title='bbox 549 1557 647 1584; x_wconf 86' lang='lat' dir='ltr'><strong>ordine</strong></span> <span class='ocrx_word' id='word_1_325' title='bbox 671 1565 762 1584; x_wconf 90' lang='lat' dir='ltr'><strong>rerum</strong></span> <span class='ocrx_word' id='word_1_326' title='bbox 779 1557 866 1592; x_wconf 89' lang='lat' dir='ltr'><strong>ipsius</strong></span> <span class='ocrx_word' id='word_1_327' title='bbox 882 1557 932 1584; x_wconf 87' lang='lat' dir='ltr'><strong>hac</strong></span> 
     </span>
    </p>
   </div>
   <div class='ocr_carea' id='block_1_49' title="bbox 984 957 1771 998">
    <p class='ocr_par' dir='ltr' id='par_1_49' title="bbox 984 957 1771 998">
     <span class='ocr_line' id='line_1_50' title="bbox 984 957 1771 998; baseline 0.011 -15"><span class='ocrx_word' id='word_1_328' title='bbox 984 957 1092 992; x_wconf 67' lang='grc' dir='ltr'><strong>βλσιλεῖ</strong></span> <span class='ocrx_word' id='word_1_329' title='bbox 1112 959 1240 995; x_wconf 74' lang='grc' dir='ltr'><strong>δεύτερον</strong></span> <span class='ocrx_word' id='word_1_330' title='bbox 1255 960 1317 992; x_wconf 74' lang='grc' dir='ltr'><strong>ἔτος</strong></span> <span class='ocrx_word' id='word_1_331' title='bbox 1340 962 1434 996; x_wconf 79' lang='grc' dir='ltr'><strong>ἄγοντι</strong></span> <span class='ocrx_word' id='word_1_332' title='bbox 1454 963 1503 997; x_wconf 86' lang='grc' dir='ltr'><strong>τῆς</strong></span> <span class='ocrx_word' id='word_1_333' title='bbox 1530 963 1650 998; x_wconf 74' lang='grc' dir='ltr'><strong>ἡλικίας.</strong></span> <span class='ocrx_word' id='word_1_334' title='bbox 1667 964 1771 992; x_wconf 73' lang='lat' dir='ltr'><strong>Certis-</strong></span> 
     </span>
    </p>
   </div>
   <div class='ocr_carea' id='block_1_50' title="bbox 983 1005 1771 1046">
    <p class='ocr_par' dir='ltr' id='par_1_50' title="bbox 983 1005 1771 1046">
     <span class='ocr_line' id='line_1_51' title="bbox 983 1005 1771 1046; baseline 0.008 -15"><span class='ocrx_word' id='word_1_335' title='bbox 983 1005 1053 1032; x_wconf 90' lang='lat' dir='ltr'><strong>simo</strong></span> <span class='ocrx_word' id='word_1_336' title='bbox 1080 1006 1153 1033; x_wconf 84' lang='lat' dir='ltr'><strong>enim</strong></span> <span class='ocrx_word' id='word_1_337' title='bbox 1184 1007 1331 1035; x_wconf 78' lang='lat' dir='ltr'><strong>statuimus</strong></span> <span class='ocrx_word' id='word_1_338' title='bbox 1357 1009 1486 1042; x_wconf 87' lang='lat' dir='ltr'><strong>superius</strong></span> <span class='ocrx_word' id='word_1_339' title='bbox 1514 1009 1666 1043; x_wconf 83' lang='lat' dir='ltr'><strong>ingressum</strong></span> <span class='ocrx_word' id='word_1_340' title='bbox 1690 1010 1771 1046; x_wconf 66' lang='grc'><strong>744</strong></span> 
     </span>
    </p>
   </div>
   <div class='ocr_carea' id='block_1_51' title="bbox 983 1050 1772 1090">
    <p class='ocr_par' dir='ltr' id='par_1_51' title="bbox 983 1050 1772 1090">
     <span class='ocr_line' id='line_1_52' title="bbox 983 1050 1772 1090; baseline 0.006 -13"><span class='ocrx_word' id='word_1_341' title='bbox 983 1050 1144 1078; x_wconf 84' lang='lat' dir='ltr'><strong>Michaelem</strong></span> <span class='ocrx_word' id='word_1_342' title='bbox 1161 1053 1342 1088; x_wconf 79' lang='lat' dir='ltr'><strong>Pala-ologum</strong></span> <span class='ocrx_word' id='word_1_343' title='bbox 1367 1054 1464 1081; x_wconf 84' lang='lat' dir='ltr'><strong>urbem</strong></span> <span class='ocrx_word' id='word_1_344' title='bbox 1488 1055 1570 1088; x_wconf 89' lang='lat' dir='ltr'><strong>paulo</strong></span> <span class='ocrx_word' id='word_1_345' title='bbox 1595 1056 1670 1090; x_wconf 84' lang='lat' dir='ltr'><strong>prius</strong></span> <span class='ocrx_word' id='word_1_346' title='bbox 1684 1065 1698 1083; x_wconf 88' lang='lat' dir='ltr'><strong>a</strong></span> <span class='ocrx_word' id='word_1_347' title='bbox 1712 1057 1772 1084; x_wconf 83' lang='lat' dir='ltr'><strong>suis</strong></span> 
     </span>
    </p>
   </div>
   <div class='ocr_carea' id='block_1_52' title="bbox 983 1097 1774 1135">
    <p class='ocr_par' dir='ltr' id='par_1_52' title="bbox 983 1097 1774 1135">
     <span class='ocr_line' id='line_1_53' title="bbox 983 1097 1774 1135; baseline 0.006 -12"><span class='ocrx_word' id='word_1_348' title='bbox 983 1101 1090 1130; x_wconf 84' lang='lat' dir='ltr'><strong>captam</strong></span> <span class='ocrx_word' id='word_1_349' title='bbox 1105 1097 1149 1124; x_wconf 86' lang='lat' dir='ltr'><strong>die</strong></span> <span class='ocrx_word' id='word_1_350' title='bbox 1165 1098 1197 1125; x_wconf 80' lang='lat' dir='ltr'><strong>l5</strong></span> <span class='ocrx_word' id='word_1_351' title='bbox 1215 1098 1331 1133; x_wconf 81' lang='lat' dir='ltr'><strong>Augusti</strong></span> <span class='ocrx_word' id='word_1_352' title='bbox 1345 1099 1409 1126; x_wconf 88' lang='lat' dir='ltr'><strong>anni</strong></span> <span class='ocrx_word' id='word_1_353' title='bbox 1427 1099 1529 1126; x_wconf 85' lang='lat' dir='ltr'><strong>Christi</strong></span> <span class='ocrx_word' id='word_1_354' title='bbox 1545 1100 1622 1131; x_wconf 71' lang='lat'><strong>1261,</strong></span> <span class='ocrx_word' id='word_1_355' title='bbox 1637 1108 1692 1135; x_wconf 85' lang='lat' dir='ltr'><strong>quo</strong></span> <span class='ocrx_word' id='word_1_356' title='bbox 1703 1106 1774 1129; x_wconf 80' lang='lat' dir='ltr'><strong>tem-.</strong></span> 
     </span>
    </p>
   </div>
   <div class='ocr_carea' id='block_1_53' title="bbox 983 1144 1771 1179">
    <p class='ocr_par' dir='ltr' id='par_1_53' title="bbox 983 1144 1771 1179">
     <span class='ocr_line' id='line_1_54' title="bbox 983 1144 1771 1179; baseline 0.005 -9"><span class='ocrx_word' id='word_1_357' title='bbox 983 1150 1050 1176; x_wconf 82' lang='lat' dir='ltr'><strong>pore</strong></span> <span class='ocrx_word' id='word_1_358' title='bbox 1066 1148 1094 1170; x_wconf 91' lang='lat' dir='ltr'><strong>ut</strong></span> <span class='ocrx_word' id='word_1_359' title='bbox 1109 1144 1228 1171; x_wconf 91' lang='lat' dir='ltr'><strong>duorum</strong></span> <span class='ocrx_word' id='word_1_360' title='bbox 1245 1153 1380 1171; x_wconf 82' lang='lat' dir='ltr'><strong>annorum</strong></span> <span class='ocrx_word' id='word_1_361' title='bbox 1405 1153 1474 1179; x_wconf 91' lang='lat' dir='ltr'><strong>puer</strong></span> <span class='ocrx_word' id='word_1_362' title='bbox 1488 1145 1662 1174; x_wconf 89' lang='lat' dir='ltr'><strong>Andronicus</strong></span> <span class='ocrx_word' id='word_1_363' title='bbox 1679 1147 1771 1178; x_wconf 83' lang='lat' dir='ltr'><strong>luerit,</strong></span> 
     </span>
    </p>
   </div>
   <div class='ocr_carea' id='block_1_54' title="bbox 983 1189 1772 1222">
    <p class='ocr_par' dir='ltr' id='par_1_54' title="bbox 983 1189 1772 1222">
     <span class='ocr_line' id='line_1_55' title="bbox 983 1189 1772 1222; baseline 0.008 -8"><span class='ocrx_word' id='word_1_364' title='bbox 983 1189 1104 1222; x_wconf 90' lang='lat' dir='ltr'><strong>oportuit</strong></span> <span class='ocrx_word' id='word_1_365' title='bbox 1115 1197 1177 1216; x_wconf 89' lang='lat' dir='ltr'><strong>eum</strong></span> <span class='ocrx_word' id='word_1_366' title='bbox 1195 1194 1287 1217; x_wconf 89' lang='lat' dir='ltr'><strong>natum</strong></span> <span class='ocrx_word' id='word_1_367' title='bbox 1302 1191 1397 1217; x_wconf 83' lang='lat' dir='ltr'><strong>saltem</strong></span> <span class='ocrx_word' id='word_1_368' title='bbox 1413 1191 1493 1217; x_wconf 93' lang='lat' dir='ltr'><strong>initio</strong></span> <span class='ocrx_word' id='word_1_369' title='bbox 1505 1192 1679 1219; x_wconf 87' lang='lat' dir='ltr'><strong>anniChristi</strong></span> <span class='ocrx_word' id='word_1_370' title='bbox 1694 1193 1772 1221; x_wconf 64' lang='lat' dir='ltr'><strong>P260.</strong></span> 
     </span>
    </p>
   </div>
   <div class='ocr_carea' id='block_1_55' title="bbox 983 1234 1771 1274">
    <p class='ocr_par' dir='ltr' id='par_1_55' title="bbox 983 1234 1771 1274">
     <span class='ocr_line' id='line_1_56' title="bbox 983 1234 1771 1274; baseline 0.005 -13"><span class='ocrx_word' id='word_1_371' title='bbox 983 1234 1060 1266; x_wconf 79' lang='lat' dir='ltr'><strong>Quod</strong></span> <span class='ocrx_word' id='word_1_372' title='bbox 1077 1235 1132 1262; x_wconf 91' lang='lat' dir='ltr'><strong>dici</strong></span> <span class='ocrx_word' id='word_1_373' title='bbox 1151 1237 1257 1270; x_wconf 87' lang='lat' dir='ltr'><strong>nequit,</strong></span> <span class='ocrx_word' id='word_1_374' title='bbox 1274 1244 1335 1263; x_wconf 92' lang='lat' dir='ltr'><strong>cum</strong></span> <span class='ocrx_word' id='word_1_375' title='bbox 1350 1241 1413 1263; x_wconf 89' lang='lat' dir='ltr'><strong>ante</strong></span> <span class='ocrx_word' id='word_1_376' title='bbox 1432 1237 1510 1263; x_wconf 90' lang='lat' dir='ltr'><strong>illum</strong></span> <span class='ocrx_word' id='word_1_377' title='bbox 1528 1239 1600 1271; x_wconf 88' lang='lat' dir='ltr'><strong>patri</strong></span> <span class='ocrx_word' id='word_1_378' title='bbox 1614 1239 1669 1272; x_wconf 88' lang='lat' dir='ltr'><strong>jam</strong></span> <span class='ocrx_word' id='word_1_379' title='bbox 1684 1239 1771 1274; x_wconf 90' lang='lat' dir='ltr'><strong>impe-</strong></span> 
     </span>
    </p>
   </div>
   <div class='ocr_carea' id='block_1_56' title="bbox 984 1280 1773 1318">
    <p class='ocr_par' dir='ltr' id='par_1_56' title="bbox 984 1280 1773 1318">
     <span class='ocr_line' id='line_1_57' title="bbox 984 1280 1773 1318; baseline 0.006 -12"><span class='ocrx_word' id='word_1_380' title='bbox 984 1280 1055 1307; x_wconf 84' lang='lat' dir='ltr'><strong>ranti</strong></span> <span class='ocrx_word' id='word_1_381' title='bbox 1082 1285 1162 1308; x_wconf 86' lang='lat' dir='ltr'><strong>natus</strong></span> <span class='ocrx_word' id='word_1_382' title='bbox 1186 1281 1271 1309; x_wconf 76' lang='lat' dir='ltr'><strong>fuerit</strong></span> <span class='ocrx_word' id='word_1_383' title='bbox 1293 1282 1495 1317; x_wconf 79' lang='lat' dir='ltr'><strong>primogenitus</strong></span> <span class='ocrx_word' id='word_1_384' title='bbox 1519 1284 1588 1318; x_wconf 79' lang='lat' dir='ltr'><strong>ejus,</strong></span> <span class='ocrx_word' id='word_1_385' title='bbox 1612 1284 1717 1311; x_wconf 74' lang='lat' dir='ltr'><strong>Mauuel</strong></span> <span class='ocrx_word' id='word_1_386' title='bbox 1745 1285 1773 1312; x_wconf 90' lang='lat' dir='ltr'><strong>in</strong></span> 
     </span>
    </p>
   </div>
   <div class='ocr_carea' id='block_1_57' title="bbox 984 1326 1775 1365">
    <p class='ocr_par' dir='ltr' id='par_1_57' title="bbox 984 1326 1775 1365">
     <span class='ocr_line' id='line_1_58' title="bbox 984 1326 1775 1365; baseline 0.004 -12"><span class='ocrx_word' id='word_1_387' title='bbox 984 1326 1061 1353; x_wconf 83' lang='lat' dir='ltr'><strong>Cunis</strong></span> <span class='ocrx_word' id='word_1_388' title='bbox 1078 1332 1212 1354; x_wconf 84' lang='lat' dir='ltr'><strong>mortuus.</strong></span> <span class='ocrx_word' id='word_1_389' title='bbox 1230 1328 1392 1355; x_wconf 86' lang='lat' dir='ltr'><strong>Necessario</strong></span> <span class='ocrx_word' id='word_1_390' title='bbox 1414 1328 1499 1363; x_wconf 75' lang='lat' dir='ltr'><strong>igitur</strong></span> <span class='ocrx_word' id='word_1_391' title='bbox 1513 1330 1688 1363; x_wconf 77' lang='lat' dir='ltr'><strong>agnoscenda</strong></span> <span class='ocrx_word' id='word_1_392' title='bbox 1707 1331 1775 1365; x_wconf 82' lang='grc' dir='ltr'><strong>πρό-</strong></span> 
     </span>
    </p>
   </div>
   <div class='ocr_carea' id='block_1_58' title="bbox 984 1370 1775 1410">
    <p class='ocr_par' dir='ltr' id='par_1_58' title="bbox 984 1370 1775 1410">
     <span class='ocr_line' id='line_1_59' title="bbox 984 1370 1775 1410; baseline 0.006 -13"><span class='ocrx_word' id='word_1_393' title='bbox 984 1370 1067 1406; x_wconf 72' lang='grc' dir='ltr'>ληψις</span> <span class='ocrx_word' id='word_1_394' title='bbox 1087 1377 1129 1399; x_wconf 88' lang='lat' dir='ltr'><strong>est</strong></span> <span class='ocrx_word' id='word_1_395' title='bbox 1158 1373 1184 1398; x_wconf 90' lang='lat' dir='ltr'><strong>in</strong></span> <span class='ocrx_word' id='word_1_396' title='bbox 1202 1373 1257 1400; x_wconf 87' lang='lat' dir='ltr'><strong>illis</strong></span> <span class='ocrx_word' id='word_1_397' title='bbox 1285 1374 1377 1401; x_wconf 87' lang='lat' dir='ltr'><strong>verbis</strong></span> <span class='ocrx_word' id='word_1_398' title='bbox 1401 1374 1447 1400; x_wconf 84' lang='grc' dir='ltr'><strong>ὑπ’</strong></span> <span class='ocrx_word' id='word_1_399' title='bbox 1464 1375 1542 1409; x_wconf 80' lang='grc' dir='ltr'><strong>ἀνδρὶ</strong></span> <span class='ocrx_word' id='word_1_400' title='bbox 1554 1375 1592 1410; x_wconf 84' lang='grc' dir='ltr'>τῷ</span> <span class='ocrx_word' id='word_1_401' title='bbox 1611 1375 1727 1409; x_wconf 77' lang='grc' dir='ltr'><strong>βασιλεῖ,</strong></span> <span class='ocrx_word' id='word_1_402' title='bbox 1745 1381 1775 1403; x_wconf 81' lang='lat' dir='ltr'><strong>ut</strong></span> 
     </span>
    </p>
   </div>
   <div class='ocr_carea' id='block_1_59' title="bbox 985 1419 1773 1454">
    <p class='ocr_par' dir='ltr' id='par_1_59' title="bbox 985 1419 1773 1454">
     <span class='ocr_line' id='line_1_60' title="bbox 985 1419 1773 1454; baseline 0.006 -11"><span class='ocrx_word' id='word_1_403' title='bbox 985 1425 1157 1452; x_wconf 86' lang='lat' dir='ltr'><strong>nequaquam</strong></span> <span class='ocrx_word' id='word_1_404' title='bbox 1173 1419 1318 1446; x_wconf 84' lang='lat' dir='ltr'><strong>Theodora</strong></span> <span class='ocrx_word' id='word_1_405' title='bbox 1341 1419 1498 1454; x_wconf 80' lang='lat' dir='ltr'><strong>signiﬁcare</strong></span> <span class='ocrx_word' id='word_1_406' title='bbox 1524 1421 1642 1448; x_wconf 88' lang='lat' dir='ltr'><strong>voluerit</strong></span> <span class='ocrx_word' id='word_1_407' title='bbox 1665 1429 1694 1448; x_wconf 86' lang='lat' dir='ltr'><strong>se</strong></span> <span class='ocrx_word' id='word_1_408' title='bbox 1714 1422 1773 1449; x_wconf 88' lang='lat' dir='ltr'><strong>viro</strong></span> 
     </span>
    </p>
   </div>
   <div class='ocr_carea' id='block_1_60' title="bbox 984 1464 1774 1501">
    <p class='ocr_par' dir='ltr' id='par_1_60' title="bbox 984 1464 1774 1501">
     <span class='ocr_line' id='line_1_61' title="bbox 984 1464 1774 1501; baseline 0.005 -12"><span class='ocrx_word' id='word_1_409' title='bbox 984 1470 1034 1490; x_wconf 89' lang='lat' dir='ltr'><strong>suo</strong></span> <span class='ocrx_word' id='word_1_410' title='bbox 1050 1464 1106 1498; x_wconf 85' lang='lat' dir='ltr'><strong>jam</strong></span> <span class='ocrx_word' id='word_1_411' title='bbox 1130 1465 1278 1498; x_wconf 84' lang='lat' dir='ltr'><strong>imperanti</strong></span> <span class='ocrx_word' id='word_1_412' title='bbox 1300 1465 1453 1493; x_wconf 83' lang='lat' dir='ltr'><strong>Manuelem</strong></span> <span class='ocrx_word' id='word_1_413' title='bbox 1468 1472 1495 1493; x_wconf 88' lang='lat' dir='ltr'><strong>et</strong></span> <span class='ocrx_word' id='word_1_414' title='bbox 1516 1466 1703 1493; x_wconf 81' lang='lat' dir='ltr'><strong>Andronicum</strong></span> <span class='ocrx_word' id='word_1_415' title='bbox 1723 1475 1774 1501; x_wconf 89' lang='lat' dir='ltr'><strong>pe-</strong></span> 
     </span>
    </p>
   </div>
   <div class='ocr_carea' id='block_1_61' title="bbox 985 1510 1774 1546">
    <p class='ocr_par' dir='ltr' id='par_1_61' title="bbox 985 1510 1774 1546">
     <span class='ocr_line' id='line_1_62' title="bbox 985 1510 1774 1546; baseline 0.003 -11"><span class='ocrx_word' id='word_1_416' title='bbox 985 1510 1089 1543; x_wconf 87' lang='lat' dir='ltr'><strong>perisse</strong></span> <span class='ocrx_word' id='word_1_417' title='bbox 1107 1519 1113 1538; x_wconf 86' lang='lat'>:</span> <span class='ocrx_word' id='word_1_418' title='bbox 1133 1510 1181 1537; x_wconf 88' lang='lat' dir='ltr'><strong>sed</strong></span> <span class='ocrx_word' id='word_1_419' title='bbox 1207 1510 1421 1545; x_wconf 88' lang='lat' dir='ltr'><strong>appellationem</strong></span> <span class='ocrx_word' id='word_1_420' title='bbox 1445 1511 1632 1546; x_wconf 86' lang='lat' dir='ltr'><strong>imperatoris,</strong></span> <span class='ocrx_word' id='word_1_421' title='bbox 1650 1521 1710 1546; x_wconf 71' lang='lat' dir='ltr'><strong>qua:</strong></span> <span class='ocrx_word' id='word_1_422' title='bbox 1723 1520 1774 1539; x_wconf 82' lang='lat' dir='ltr'><strong>suo</strong></span> 
     </span>
    </p>
   </div>
   <div class='ocr_carea' id='block_1_62' title="bbox 962 1555 1774 1590">
    <p class='ocr_par' dir='ltr' id='par_1_62' title="bbox 962 1555 1774 1590">
     <span class='ocr_line' id='line_1_63' title="bbox 962 1555 1774 1590; baseline 0.004 -9"><span class='ocrx_word' id='word_1_423' title='bbox 962 1566 969 1571; x_wconf 61' lang='grc' dir='ltr'><strong><em>ι</em></strong></span> <span class='ocrx_word' id='word_1_424' title='bbox 986 1555 1084 1582; x_wconf 87' lang='lat' dir='ltr'><strong>marito</strong></span> <span class='ocrx_word' id='word_1_425' title='bbox 1103 1559 1168 1582; x_wconf 86' lang='lat' dir='ltr'><strong>tunc</strong></span> <span class='ocrx_word' id='word_1_426' title='bbox 1181 1563 1244 1583; x_wconf 90' lang='lat' dir='ltr'><strong>cum</strong></span> <span class='ocrx_word' id='word_1_427' title='bbox 1258 1556 1303 1583; x_wconf 90' lang='lat' dir='ltr'><strong>il&#39;la</strong></span> <span class='ocrx_word' id='word_1_428' title='bbox 1325 1558 1384 1584; x_wconf 63' lang='lat' dir='ltr'><strong>haec</strong></span> <span class='ocrx_word' id='word_1_429' title='bbox 1409 1557 1519 1584; x_wconf 88' lang='lat' dir='ltr'><strong>dicebat</strong></span> <span class='ocrx_word' id='word_1_430' title='bbox 1537 1558 1710 1590; x_wconf 69' lang='lat' dir='ltr'><strong>conueniret,</strong></span> <span class='ocrx_word' id='word_1_431' title='bbox 1725 1558 1774 1585; x_wconf 90' lang='lat' dir='ltr'><strong>tri-</strong></span> 
     </span>
    </p>
   </div>
   <div class='ocr_carea' id='block_1_63' title="bbox 141 1595 1774 1638">
    <p class='ocr_par' dir='ltr' id='par_1_63' title="bbox 141 1595 1774 1638">
     <span class='ocr_line' id='line_1_64' title="bbox 141 1595 1774 1638; baseline 0 -8"><span class='ocrx_word' id='word_1_432' title='bbox 141 1604 256 1630; x_wconf 91' lang='lat' dir='ltr'><strong>hisloria</strong></span> <span class='ocrx_word' id='word_1_433' title='bbox 280 1609 491 1630; x_wconf 78' lang='lat' dir='ltr'><strong>memoratarum</strong></span> <span class='ocrx_word' id='word_1_434' title='bbox 513 1603 698 1637; x_wconf 69' lang='lat' dir='ltr'><strong>chronologia:</strong></span> <span class='ocrx_word' id='word_1_435' title='bbox 723 1603 822 1637; x_wconf 89' lang='lat' dir='ltr'><strong>capitis</strong></span> <span class='ocrx_word' id='word_1_436' title='bbox 848 1603 930 1638; x_wconf 84' lang='lat' dir='ltr'><strong>hujus</strong></span> <span class='ocrx_word' id='word_1_437' title='bbox 947 1595 969 1623; x_wconf 63' lang='grc' dir='ltr'><strong>(ἶ</strong></span> <span class='ocrx_word' id='word_1_438' title='bbox 988 1601 1090 1632; x_wconf 82' lang='lat' dir='ltr'><strong>buisse,</strong></span> <span class='ocrx_word' id='word_1_439' title='bbox 1108 1601 1174 1628; x_wconf 87' lang='lat' dir='ltr'><strong>licet</strong></span> <span class='ocrx_word' id='word_1_440' title='bbox 1190 1601 1234 1628; x_wconf 86' lang='lat' dir='ltr'><strong>illa</strong></span> <span class='ocrx_word' id='word_1_441' title='bbox 1251 1610 1305 1628; x_wconf 88' lang='lat' dir='ltr'><strong>non</strong></span> <span class='ocrx_word' id='word_1_442' title='bbox 1322 1603 1474 1637; x_wconf 87' lang='lat' dir='ltr'><strong>pertineret</strong></span> <span class='ocrx_word' id='word_1_443' title='bbox 1491 1603 1524 1629; x_wconf 87' lang='lat' dir='ltr'><strong>ad</strong></span> <span class='ocrx_word' id='word_1_444' title='bbox 1543 1603 1569 1630; x_wconf 78' lang='lat' dir='ltr'><strong>id</strong></span> <span class='ocrx_word' id='word_1_445' title='bbox 1589 1607 1699 1638; x_wconf 81' lang='lat' dir='ltr'><strong>tempus</strong></span> <span class='ocrx_word' id='word_1_446' title='bbox 1718 1611 1774 1638; x_wconf 90' lang='lat' dir='ltr'><strong>quo</strong></span> 
     </span>
    </p>
   </div>
   <div class='ocr_carea' id='block_1_64' title="bbox 139 1648 931 1683">
    <p class='ocr_par' dir='ltr' id='par_1_64' title="bbox 139 1648 931 1683">
     <span class='ocr_line' id='line_1_65' title="bbox 139 1648 931 1683; baseline 0 -8"><span class='ocrx_word' id='word_1_447' title='bbox 139 1657 251 1682; x_wconf 82' lang='lat' dir='ltr'><strong>operam</strong></span> <span class='ocrx_word' id='word_1_448' title='bbox 269 1649 467 1683; x_wconf 72' lang='lat' dir='ltr'><strong>impenderent.</strong></span> <span class='ocrx_word' id='word_1_449' title='bbox 486 1649 575 1676; x_wconf 75' lang='lat' dir='ltr'><strong>l‘rima</strong></span> <span class='ocrx_word' id='word_1_450' title='bbox 590 1649 713 1675; x_wconf 91' lang='lat' dir='ltr'><strong>omnium</strong></span> <span class='ocrx_word' id='word_1_451' title='bbox 730 1648 875 1675; x_wconf 87' lang='lat' dir='ltr'><strong>statuenda</strong></span> <span class='ocrx_word' id='word_1_452' title='bbox 890 1653 931 1675; x_wconf 89' lang='lat' dir='ltr'><strong>est</strong></span> 
     </span>
    </p>
   </div>
   <div class='ocr_carea' id='block_1_65' title="bbox 140 1695 931 1730">
    <p class='ocr_par' dir='ltr' id='par_1_65' title="bbox 140 1695 931 1730">
     <span class='ocr_line' id='line_1_66' title="bbox 140 1695 931 1730; baseline 0.001 -9"><span class='ocrx_word' id='word_1_453' title='bbox 140 1695 248 1728; x_wconf 87' lang='lat' dir='ltr'><strong>epocha</strong></span> <span class='ocrx_word' id='word_1_454' title='bbox 262 1695 360 1722; x_wconf 85' lang='lat' dir='ltr'><strong>natalis</strong></span> <span class='ocrx_word' id='word_1_455' title='bbox 371 1695 520 1722; x_wconf 85' lang='lat' dir='ltr'><strong>Andronici</strong></span> <span class='ocrx_word' id='word_1_456' title='bbox 535 1695 627 1730; x_wconf 83' lang='lat' dir='ltr'><strong>hujus,</strong></span> <span class='ocrx_word' id='word_1_457' title='bbox 638 1695 775 1729; x_wconf 81' lang='lat' dir='ltr'><strong>perplexis</strong></span> <span class='ocrx_word' id='word_1_458' title='bbox 788 1695 931 1729; x_wconf 89' lang='lat' dir='ltr'><strong>Pachyme-</strong></span> 
     </span>
    </p>
   </div>
   <div class='ocr_carea' id='block_1_66' title="bbox 139 1740 932 1776">
    <p class='ocr_par' dir='ltr' id='par_1_66' title="bbox 139 1740 932 1776">
     <span class='ocr_line' id='line_1_67' title="bbox 139 1740 932 1776; baseline -0.003 -8"><span class='ocrx_word' id='word_1_459' title='bbox 139 1742 180 1768; x_wconf 85' lang='lat' dir='ltr'><strong>ris</strong></span> <span class='ocrx_word' id='word_1_460' title='bbox 195 1746 223 1768; x_wconf 85' lang='lat' dir='ltr'><strong>et</strong></span> <span class='ocrx_word' id='word_1_461' title='bbox 233 1741 359 1776; x_wconf 69' lang='lat' dir='ltr'><strong>Grcgoraz</strong></span> <span class='ocrx_word' id='word_1_462' title='bbox 372 1741 573 1769; x_wconf 88' lang='lat' dir='ltr'><strong>assertionibus</strong></span> <span class='ocrx_word' id='word_1_463' title='bbox 586 1745 695 1767; x_wconf 89' lang='lat' dir='ltr'><strong>nutans.</strong></span> <span class='ocrx_word' id='word_1_464' title='bbox 712 1740 815 1767; x_wconf 84' lang='lat' dir='ltr'><strong>Scribit</strong></span> <span class='ocrx_word' id='word_1_465' title='bbox 829 1740 932 1776; x_wconf 80' lang='lat' dir='ltr'><strong>Pachy-</strong></span> 
     </span>
    </p>
   </div>
   <div class='ocr_carea' id='block_1_67' title="bbox 138 1787 931 1821">
    <p class='ocr_par' dir='ltr' id='par_1_67' title="bbox 138 1787 931 1821">
     <span class='ocr_line' id='line_1_68' title="bbox 138 1787 931 1821; baseline -0.003 -6"><span class='ocrx_word' id='word_1_466' title='bbox 138 1797 240 1820; x_wconf 77' lang='lat' dir='ltr'><strong>mercs,</strong></span> <span class='ocrx_word' id='word_1_467' title='bbox 263 1788 282 1815; x_wconf 91' lang='lat' dir='ltr'><strong>l.</strong></span> <span class='ocrx_word' id='word_1_468' title='bbox 306 1796 346 1820; x_wconf 84' lang='lat' dir='ltr'><strong>tu,</strong></span> <span class='ocrx_word' id='word_1_469' title='bbox 363 1789 418 1820; x_wconf 87' lang='lat' dir='ltr'><strong>c.7,</strong></span> <span class='ocrx_word' id='word_1_470' title='bbox 433 1787 605 1815; x_wconf 86' lang='lat' dir='ltr'><strong>Theodoram</strong></span> <span class='ocrx_word' id='word_1_471' title='bbox 627 1787 766 1814; x_wconf 79' lang='lat' dir='ltr'><strong>Michaelis</strong></span> <span class='ocrx_word' id='word_1_472' title='bbox 788 1787 931 1821; x_wconf 63' lang='lat' dir='ltr'><strong>Palatologi</strong></span> 
     </span>
    </p>
   </div>
   <div class='ocr_carea' id='block_1_68' title="bbox 143 1832 933 1868">
    <p class='ocr_par' dir='ltr' id='par_1_68' title="bbox 143 1832 933 1868">
     <span class='ocr_line' id='line_1_69' title="bbox 143 1832 933 1868; baseline -0.001 -7"><span class='ocrx_word' id='word_1_473' title='bbox 143 1842 270 1866; x_wconf 68' lang='lat' dir='ltr'><strong>tutorem,</strong></span> <span class='ocrx_word' id='word_1_474' title='bbox 287 1842 351 1861; x_wconf 89' lang='lat' dir='ltr'><strong>cum</strong></span> <span class='ocrx_word' id='word_1_475' title='bbox 369 1834 548 1868; x_wconf 86' lang='lat' dir='ltr'><strong>comperisset</strong></span> <span class='ocrx_word' id='word_1_476' title='bbox 566 1833 653 1859; x_wconf 84' lang='lat' dir='ltr'><strong>virum</strong></span> <span class='ocrx_word' id='word_1_477' title='bbox 670 1840 749 1859; x_wconf 84' lang='lat' dir='ltr'><strong>suum</strong></span> <span class='ocrx_word' id='word_1_478' title='bbox 764 1833 885 1867; x_wconf 84' lang='lat' dir='ltr'><strong>cogitare</strong></span> <span class='ocrx_word' id='word_1_479' title='bbox 898 1832 933 1860; x_wconf 87' lang='lat' dir='ltr'><strong>de</strong></span> 
     </span>
    </p>
   </div>
   <div class='ocr_carea' id='block_1_69' title="bbox 138 1879 932 1914">
    <p class='ocr_par' dir='ltr' id='par_1_69' title="bbox 138 1879 932 1914">
     <span class='ocr_line' id='line_1_70' title="bbox 138 1879 932 1914; baseline -0.003 -7"><span class='ocrx_word' id='word_1_480' title='bbox 138 1889 170 1907; x_wconf 86' lang='lat' dir='ltr'><strong>se</strong></span> <span class='ocrx_word' id='word_1_481' title='bbox 189 1880 358 1914; x_wconf 76' lang='lat' dir='ltr'><strong>repudianda</strong></span> <span class='ocrx_word' id='word_1_482' title='bbox 373 1879 587 1914; x_wconf 51' lang='lat' dir='ltr'><strong>ascisci‘ndaque</strong></span> <span class='ocrx_word' id='word_1_483' title='bbox 602 1879 662 1906; x_wconf 90' lang='lat' dir='ltr'><strong>loco</strong></span> <span class='ocrx_word' id='word_1_484' title='bbox 674 1879 733 1913; x_wconf 84' lang='lat' dir='ltr'><strong>ejus</strong></span> <span class='ocrx_word' id='word_1_485' title='bbox 747 1879 773 1906; x_wconf 90' lang='lat' dir='ltr'><strong>in</strong></span> <span class='ocrx_word' id='word_1_486' title='bbox 787 1879 932 1913; x_wconf 78' lang='lat' dir='ltr'><strong>conjugem</strong></span> 
     </span>
    </p>
   </div>
   <div class='ocr_carea' id='block_1_70' title="bbox 137 1923 932 1958">
    <p class='ocr_par' dir='ltr' id='par_1_70' title="bbox 137 1923 932 1958">
     <span class='ocr_line' id='line_1_71' title="bbox 137 1923 932 1958; baseline -0.001 -7"><span class='ocrx_word' id='word_1_487' title='bbox 137 1926 220 1951; x_wconf 78' lang='lat' dir='ltr'><strong>Aona</strong></span> <span class='ocrx_word' id='word_1_488' title='bbox 232 1924 362 1951; x_wconf 84' lang='lat' dir='ltr'><strong>Alamana</strong></span> <span class='ocrx_word' id='word_1_489' title='bbox 375 1923 489 1952; x_wconf 79' lang='lat' dir='ltr'><strong>Joannis</strong></span> <span class='ocrx_word' id='word_1_490' title='bbox 504 1924 619 1950; x_wconf 67' lang='lat' dir='ltr'><strong>Batatzaa</strong></span> <span class='ocrx_word' id='word_1_491' title='bbox 632 1923 696 1950; x_wconf 90' lang='lat' dir='ltr'><strong>olim</strong></span> <span class='ocrx_word' id='word_1_492' title='bbox 709 1924 824 1958; x_wconf 79' lang='lat' dir='ltr'><strong>Augusti</strong></span> <span class='ocrx_word' id='word_1_493' title='bbox 837 1925 932 1954; x_wconf 86' lang='lat' dir='ltr'><strong>vidua,</strong></span> 
     </span>
    </p>
   </div>
   <div class='ocr_carea' id='block_1_71' title="bbox 135 1971 932 2006">
    <p class='ocr_par' dir='ltr' id='par_1_71' title="bbox 135 1971 932 2006">
     <span class='ocr_line' id='line_1_72' title="bbox 135 1971 932 2006; baseline -0.001 -8"><span class='ocrx_word' id='word_1_494' title='bbox 135 1972 272 2005; x_wconf 69' lang='lat' dir='ltr'><strong>graviter,</strong></span> <span class='ocrx_word' id='word_1_495' title='bbox 283 1975 312 1997; x_wconf 90' lang='lat' dir='ltr'><strong>ut</strong></span> <span class='ocrx_word' id='word_1_496' title='bbox 323 1979 372 2005; x_wconf 86' lang='lat' dir='ltr'><strong>par</strong></span> <span class='ocrx_word' id='word_1_497' title='bbox 381 1976 451 2003; x_wconf 88' lang='lat' dir='ltr'><strong>erat,</strong></span> <span class='ocrx_word' id='word_1_498' title='bbox 467 1971 491 1998; x_wconf 83' lang='lat' dir='ltr'><strong>id</strong></span> <span class='ocrx_word' id='word_1_499' title='bbox 504 1971 648 2003; x_wconf 77' lang='lat' dir='ltr'><strong>ferentem,</strong></span> <span class='ocrx_word' id='word_1_500' title='bbox 661 1971 849 2006; x_wconf 77' lang='lat' dir='ltr'><strong>cxpostulasse</strong></span> <span class='ocrx_word' id='word_1_501' title='bbox 857 1971 932 2006; x_wconf 91' lang='lat' dir='ltr'><strong>quod</strong></span> 
     </span>
    </p>
   </div>
   <div class='ocr_carea' id='block_1_72' title="bbox 135 2017 932 2052">
    <p class='ocr_par' dir='ltr' id='par_1_72' title="bbox 135 2017 932 2052">
     <span class='ocr_line' id='line_1_73' title="bbox 135 2017 932 2052; baseline 0 -7"><span class='ocrx_word' id='word_1_502' title='bbox 135 2026 168 2045; x_wconf 69' lang='lat' dir='ltr'><strong>se</strong></span> <span class='ocrx_word' id='word_1_503' title='bbox 187 2024 346 2045; x_wconf 89' lang='lat' dir='ltr'><strong>coronatam</strong></span> <span class='ocrx_word' id='word_1_504' title='bbox 360 2017 416 2052; x_wconf 87' lang='lat' dir='ltr'><strong>jam</strong></span> <span class='ocrx_word' id='word_1_505' title='bbox 432 2017 582 2052; x_wconf 78' lang='lat' dir='ltr'><strong>Augustam</strong></span> <span class='ocrx_word' id='word_1_506' title='bbox 603 2019 662 2045; x_wconf 91' lang='lat' dir='ltr'><strong>sine</strong></span> <span class='ocrx_word' id='word_1_507' title='bbox 677 2018 730 2044; x_wconf 92' lang='lat' dir='ltr'><strong>ulla</strong></span> <span class='ocrx_word' id='word_1_508' title='bbox 745 2025 825 2045; x_wconf 84' lang='lat' dir='ltr'><strong>causa</strong></span> <span class='ocrx_word' id='word_1_509' title='bbox 844 2018 932 2052; x_wconf 87' lang='lat' dir='ltr'><strong>impe-</strong></span> 
     </span>
    </p>
   </div>
   <div class='ocr_carea' id='block_1_73' title="bbox 137 2063 933 2098">
    <p class='ocr_par' dir='ltr' id='par_1_73' title="bbox 137 2063 933 2098">
     <span class='ocr_line' id='line_1_74' title="bbox 137 2063 933 2098; baseline 0 -8"><span class='ocrx_word' id='word_1_510' title='bbox 137 2070 216 2095; x_wconf 72' lang='lat' dir='ltr'><strong>rator:</strong></span> <span class='ocrx_word' id='word_1_511' title='bbox 230 2064 312 2091; x_wconf 86' lang='lat' dir='ltr'><strong>vellet</strong></span> <span class='ocrx_word' id='word_1_512' title='bbox 324 2064 475 2096; x_wconf 85' lang='lat' dir='ltr'><strong>dimittere,</strong></span> <span class='ocrx_word' id='word_1_513' title='bbox 490 2068 633 2098; x_wconf 87' lang='lat' dir='ltr'><strong>postquam</strong></span> <span class='ocrx_word' id='word_1_514' title='bbox 646 2065 670 2090; x_wconf 92' lang='lat' dir='ltr'><strong>ei</strong></span> <span class='ocrx_word' id='word_1_515' title='bbox 683 2064 738 2098; x_wconf 84' lang='lat' dir='ltr'><strong>jam</strong></span> <span class='ocrx_word' id='word_1_516' title='bbox 750 2063 873 2098; x_wconf 83' lang='lat' dir='ltr'><strong>Augusto</strong></span> <span class='ocrx_word' id='word_1_517' title='bbox 886 2072 933 2098; x_wconf 91' lang='lat' dir='ltr'><strong>pe-</strong></span> 
     </span>
    </p>
   </div>
   <div class='ocr_carea' id='block_1_74' title="bbox 133 2109 932 2144">
    <p class='ocr_par' dir='ltr' id='par_1_74' title="bbox 133 2109 932 2144">
     <span class='ocr_line' id='line_1_75' title="bbox 133 2109 932 2144; baseline 0 -8"><span class='ocrx_word' id='word_1_518' title='bbox 133 2111 258 2144; x_wconf 72' lang='lat' dir='ltr'><strong>perisset</strong></span> <span class='ocrx_word' id='word_1_519' title='bbox 273 2110 355 2142; x_wconf 85' lang='lat' dir='ltr'><strong>ﬁlios,</strong></span> <span class='ocrx_word' id='word_1_520' title='bbox 377 2111 496 2144; x_wconf 90' lang='lat' dir='ltr'><strong>primum</strong></span> <span class='ocrx_word' id='word_1_521' title='bbox 511 2110 622 2144; x_wconf 79' lang='lat' dir='ltr'><strong>quidem</strong></span> <span class='ocrx_word' id='word_1_522' title='bbox 639 2109 791 2136; x_wconf 80' lang='lat' dir='ltr'><strong>Manuelcut</strong></span> <span class='ocrx_word' id='word_1_523' title='bbox 813 2110 859 2144; x_wconf 90' lang='lat' dir='ltr'><strong>qui</strong></span> <span class='ocrx_word' id='word_1_524' title='bbox 877 2111 932 2136; x_wconf 88' lang='lat' dir='ltr'><strong>cito</strong></span> 
     </span>
    </p>
   </div>
   <div class='ocr_carea' id='block_1_75' title="bbox 136 2155 931 2190">
    <p class='ocr_par' dir='ltr' id='par_1_75' title="bbox 136 2155 931 2190">
     <span class='ocr_line' id='line_1_76' title="bbox 136 2155 931 2190; baseline 0.001 -9"><span class='ocrx_word' id='word_1_525' title='bbox 136 2156 275 2190; x_wconf 79' lang='lat' dir='ltr'><strong>perierat,</strong></span> <span class='ocrx_word' id='word_1_526' title='bbox 294 2156 394 2183; x_wconf 87' lang='lat' dir='ltr'><strong>deinde</strong></span> <span class='ocrx_word' id='word_1_527' title='bbox 419 2164 485 2184; x_wconf 83' lang='lat' dir='ltr'><strong>vero</strong></span> <span class='ocrx_word' id='word_1_528' title='bbox 508 2156 697 2183; x_wconf 86' lang='lat' dir='ltr'><strong>Andronicum</strong></span> <span class='ocrx_word' id='word_1_529' title='bbox 723 2155 813 2182; x_wconf 86' lang='lat' dir='ltr'><strong>adhuc</strong></span> <span class='ocrx_word' id='word_1_530' title='bbox 834 2164 931 2190; x_wconf 88' lang='lat' dir='ltr'><strong>super-</strong></span> 
     </span>
    </p>
   </div>
   <div class='ocr_carea' id='block_1_76' title="bbox 132 2201 931 2237">
    <p class='ocr_par' dir='ltr' id='par_1_76' title="bbox 132 2201 931 2237">
     <span class='ocr_line' id='line_1_77' title="bbox 132 2201 931 2237; baseline -0.003 -9"><span class='ocrx_word' id='word_1_531' title='bbox 132 2202 244 2234; x_wconf 85' lang='lat' dir='ltr'><strong>stitem,</strong></span> <span class='ocrx_word' id='word_1_532' title='bbox 255 2210 335 2236; x_wconf 88' lang='lat' dir='ltr'><strong>quem</strong></span> <span class='ocrx_word' id='word_1_533' title='bbox 349 2207 426 2236; x_wconf 88' lang='lat' dir='ltr'><strong>pater</strong></span> <span class='ocrx_word' id='word_1_534' title='bbox 439 2203 514 2237; x_wconf 82' lang='lat' dir='ltr'><strong>regie</strong></span> <span class='ocrx_word' id='word_1_535' title='bbox 529 2202 678 2234; x_wconf 88' lang='lat' dir='ltr'><strong>nutriebat,</strong></span> <span class='ocrx_word' id='word_1_536' title='bbox 692 2201 810 2235; x_wconf 88' lang='lat' dir='ltr'><strong>denique</strong></span> <span class='ocrx_word' id='word_1_537' title='bbox 822 2201 931 2228; x_wconf 85' lang='lat' dir='ltr'><strong>tertium</strong></span> 
     </span>
    </p>
   </div>
   <div class='ocr_carea' id='block_1_77' title="bbox 132 2246 968 2292">
    <p class='ocr_par' dir='ltr' id='par_1_77' title="bbox 132 2246 968 2292">
     <span class='ocr_line' id='line_1_78' title="bbox 132 2246 968 2292; baseline -0.001 -19"><span class='ocrx_word' id='word_1_538' title='bbox 132 2251 286 2281; x_wconf 86' lang='lat' dir='ltr'><strong>postquam</strong></span> <span class='ocrx_word' id='word_1_539' title='bbox 305 2248 332 2274; x_wconf 93' lang='lat' dir='ltr'><strong>in</strong></span> <span class='ocrx_word' id='word_1_540' title='bbox 348 2248 443 2274; x_wconf 82' lang='lat' dir='ltr'><strong>urbem</strong></span> <span class='ocrx_word' id='word_1_541' title='bbox 460 2247 753 2281; x_wconf 86' lang='lat' dir='ltr'><strong>Constantinopolime</strong></span> <span class='ocrx_word' id='word_1_542' title='bbox 766 2246 870 2273; x_wconf 87' lang='lat' dir='ltr'><strong>Latinis</strong></span> <span class='ocrx_word' id='word_1_543' title='bbox 885 2254 929 2273; x_wconf 89' lang='lat' dir='ltr'><strong>re-</strong></span> <span class='ocrx_word' id='word_1_544' title='bbox 946 2265 968 2292; x_wconf 66' lang='grc' dir='ltr'>υ</span> 
     </span>
    </p>
   </div>
   <div class='ocr_carea' id='block_1_78' title="bbox 132 2292 930 2327">
    <p class='ocr_par' dir='ltr' id='par_1_78' title="bbox 132 2292 930 2327">
     <span class='ocr_line' id='line_1_79' title="bbox 132 2292 930 2327; baseline 0 -9"><span class='ocrx_word' id='word_1_545' title='bbox 132 2297 248 2327; x_wconf 80' lang='lat' dir='ltr'><strong>coptam</strong></span> <span class='ocrx_word' id='word_1_546' title='bbox 264 2293 412 2326; x_wconf 85' lang='lat' dir='ltr'><strong>imperator</strong></span> <span class='ocrx_word' id='word_1_547' title='bbox 428 2293 606 2327; x_wconf 80' lang='lat' dir='ltr'><strong>migraverat,</strong></span> <span class='ocrx_word' id='word_1_548' title='bbox 625 2292 680 2319; x_wconf 90' lang='lat' dir='ltr'><strong>illic</strong></span> <span class='ocrx_word' id='word_1_549' title='bbox 697 2292 723 2318; x_wconf 95' lang='lat' dir='ltr'><strong>in</strong></span> <span class='ocrx_word' id='word_1_550' title='bbox 743 2299 864 2326; x_wconf 87' lang='lat' dir='ltr'><strong>purpura</strong></span> <span class='ocrx_word' id='word_1_551' title='bbox 880 2299 930 2318; x_wconf 84' lang='lat' dir='ltr'><strong>na~</strong></span> 
     </span>
    </p>
   </div>
   <div class='ocr_carea' id='block_1_79' title="bbox 131 2337 932 2372">
    <p class='ocr_par' dir='ltr' id='par_1_79' title="bbox 131 2337 932 2372">
     <span class='ocr_line' id='line_1_80' title="bbox 131 2337 932 2372; baseline -0.002 -8"><span class='ocrx_word' id='word_1_552' title='bbox 131 2343 199 2364; x_wconf 84' lang='lat' dir='ltr'><strong>tum</strong></span> <span class='ocrx_word' id='word_1_553' title='bbox 215 2337 423 2364; x_wconf 84' lang='lat' dir='ltr'><strong>Constantinum</strong></span> <span class='ocrx_word' id='word_1_554' title='bbox 438 2338 559 2369; x_wconf 87' lang='lat' dir='ltr'><strong>nomine,</strong></span> <span class='ocrx_word' id='word_1_555' title='bbox 575 2341 758 2372; x_wconf 84' lang='lat' dir='ltr'><strong>cognomento</strong></span> <span class='ocrx_word' id='word_1_556' title='bbox 773 2337 932 2372; x_wconf 84' lang='lat' dir='ltr'><strong>Porpher-</strong></span> 
     </span>
    </p>
   </div>
   <div class='ocr_carea' id='block_1_80' title="bbox 129 2378 931 2417">
    <p class='ocr_par' dir='ltr' id='par_1_80' title="bbox 129 2378 931 2417">
     <span class='ocr_line' id='line_1_81' title="bbox 129 2378 931 2417; baseline -0.004 -8"><span class='ocrx_word' id='word_1_557' title='bbox 129 2383 263 2417; x_wconf 81' lang='lat' dir='ltr'><strong>genitum</strong></span> <span class='ocrx_word' id='word_1_558' title='bbox 280 2391 287 2409; x_wconf 87' lang='lat'><strong>:</strong></span> <span class='ocrx_word' id='word_1_559' title='bbox 306 2382 338 2408; x_wconf 90' lang='lat' dir='ltr'><strong>&#39;H</strong></span> <span class='ocrx_word' id='word_1_560' title='bbox 354 2378 458 2416; x_wconf 73' lang='grc' dir='ltr'><strong>βασιλῖς</strong></span> <span class='ocrx_word' id='word_1_561' title='bbox 474 2382 599 2416; x_wconf 78' lang='grc' dir='ltr'><strong>Θεοόὡρα</strong></span> <span class='ocrx_word' id='word_1_562' title='bbox 617 2381 744 2416; x_wconf 81' lang='grc' dir='ltr'><strong>χαλεπῶς</strong></span> <span class='ocrx_word' id='word_1_563' title='bbox 765 2378 837 2415; x_wconf 74' lang='grc' dir='ltr'>εἶχεν</span> <span class='ocrx_word' id='word_1_564' title='bbox 854 2383 931 2414; x_wconf 80' lang='grc' dir='ltr'><strong>ἐνέγ-</strong></span> 
     </span>
    </p>
   </div>
   <div class='ocr_carea' id='block_1_81' title="bbox 131 2428 929 2464">
    <p class='ocr_par' dir='ltr' id='par_1_81' title="bbox 131 2428 929 2464">
     <span class='ocr_line' id='line_1_82' title="bbox 131 2428 929 2464; baseline -0.001 -9"><span class='ocrx_word' id='word_1_565' title='bbox 131 2438 202 2461; x_wconf 78' lang='grc' dir='ltr'><strong>και,</strong></span> <span class='ocrx_word' id='word_1_566' title='bbox 223 2429 248 2455; x_wconf 81' lang='grc' dir='ltr'><strong>ει</strong></span> <span class='ocrx_word' id='word_1_567' title='bbox 263 2429 392 2455; x_wconf 75' lang='grc' dir='ltr'><strong>δέσποινα</strong></span> <span class='ocrx_word' id='word_1_568' title='bbox 408 2429 564 2463; x_wconf 68' lang='grc' dir='ltr'><strong>ἐστεμμένη</strong></span> <span class='ocrx_word' id='word_1_569' title='bbox 580 2428 646 2454; x_wconf 71' lang='grc' dir='ltr'><strong>οὖσα</strong></span> <span class='ocrx_word' id='word_1_570' title='bbox 662 2429 708 2454; x_wconf 67' lang='grc' dir='ltr'>καὶ</span> <span class='ocrx_word' id='word_1_571' title='bbox 729 2429 828 2462; x_wconf 73' lang='grc' dir='ltr'><strong>γνησία</strong></span> <span class='ocrx_word' id='word_1_572' title='bbox 849 2429 929 2464; x_wconf 83' lang='grc' dir='ltr'><strong>γυνὴ,</strong></span> 
     </span>
    </p>
   </div>
   <div class='ocr_carea' id='block_1_82' title="bbox 131 2475 930 2510">
    <p class='ocr_par' dir='ltr' id='par_1_82' title="bbox 131 2475 930 2510">
     <span class='ocr_line' id='line_1_83' title="bbox 131 2475 930 2510; baseline -0.001 -8"><span class='ocrx_word' id='word_1_573' title='bbox 131 2475 187 2502; x_wconf 74' lang='grc' dir='ltr'><strong>ὑπ’</strong></span> <span class='ocrx_word' id='word_1_574' title='bbox 201 2476 278 2510; x_wconf 75' lang='grc' dir='ltr'>ἀνδρί</span> <span class='ocrx_word' id='word_1_575' title='bbox 291 2484 322 2502; x_wconf 85' lang='grc' dir='ltr'>τε</span> <span class='ocrx_word' id='word_1_576' title='bbox 333 2475 372 2510; x_wconf 82' lang='grc' dir='ltr'><strong>τῷ</strong></span> <span class='ocrx_word' id='word_1_577' title='bbox 387 2475 492 2510; x_wconf 82' lang='grc' dir='ltr'><strong>βασιλεῖ</strong></span> <span class='ocrx_word' id='word_1_578' title='bbox 505 2475 623 2501; x_wconf 75' lang='grc' dir='ltr'><strong>τεκοῦσα.</strong></span> <span class='ocrx_word' id='word_1_579' title='bbox 637 2475 744 2508; x_wconf 74' lang='grc' dir='ltr'><strong>παῖδας,</strong></span> <span class='ocrx_word' id='word_1_580' title='bbox 761 2475 808 2500; x_wconf 81' lang='grc' dir='ltr'><strong>καὶ</strong></span> <span class='ocrx_word' id='word_1_581' title='bbox 821 2475 930 2509; x_wconf 77' lang='grc' dir='ltr'><strong>πρῶτον</strong></span> 
     </span>
    </p>
   </div>
   <div class='ocr_carea' id='block_1_83' title="bbox 132 2519 932 2558">
    <p class='ocr_par' dir='ltr' id='par_1_83' title="bbox 132 2519 932 2558">
     <span class='ocr_line' id='line_1_84' title="bbox 132 2519 932 2558; baseline -0.004 -9"><span class='ocrx_word' id='word_1_582' title='bbox 132 2525 193 2558; x_wconf 81' lang='grc' dir='ltr'><strong>μὲν</strong></span> <span class='ocrx_word' id='word_1_583' title='bbox 208 2523 391 2558; x_wconf 74' lang='grc' dir='ltr'><strong>ἀποιχόμενον</strong></span> <span class='ocrx_word' id='word_1_584' title='bbox 413 2522 504 2555; x_wconf 79' lang='grc' dir='ltr'><strong>ἄλλον,</strong></span> <span class='ocrx_word' id='word_1_585' title='bbox 520 2523 566 2548; x_wconf 71' lang='grc' dir='ltr'><strong>τὸν</strong></span> <span class='ocrx_word' id='word_1_586' title='bbox 584 2522 723 2556; x_wconf 62' lang='lat' dir='ltr'><strong>Moveo-hit,</strong></span> <span class='ocrx_word' id='word_1_587' title='bbox 750 2519 809 2547; x_wconf 73' lang='grc' dir='ltr'>εἶτα</span> <span class='ocrx_word' id='word_1_588' title='bbox 832 2521 860 2547; x_wconf 83' lang='grc' dir='ltr'><strong>δὲ</strong></span> <span class='ocrx_word' id='word_1_589' title='bbox 885 2521 932 2547; x_wconf 76' lang='grc' dir='ltr'><strong>καὶ</strong></span> 
     </span>
    </p>
   </div>
   <div class='ocr_carea' id='block_1_84' title="bbox 125 2568 934 2605">
    <p class='ocr_par' dir='ltr' id='par_1_84' title="bbox 125 2568 934 2605">
     <span class='ocr_line' id='line_1_85' title="bbox 125 2568 934 2605; baseline -0.004 -9"><span class='ocrx_word' id='word_1_590' title='bbox 125 2571 182 2597; x_wconf 70' lang='grc' dir='ltr'><strong>τὸν</strong></span> <span class='ocrx_word' id='word_1_591' title='bbox 199 2571 329 2605; x_wconf 81' lang='grc' dir='ltr'>περιόντα</span> <span class='ocrx_word' id='word_1_592' title='bbox 343 2569 524 2604; x_wconf 80' lang='grc' dir='ltr'><strong>Ἀνδρόνικον,</strong></span> <span class='ocrx_word' id='word_1_593' title='bbox 541 2569 569 2595; x_wconf 77' lang='grc' dir='ltr'><strong>ὃν</strong></span> <span class='ocrx_word' id='word_1_594' title='bbox 586 2569 732 2604; x_wconf 59' lang='grc' dir='ltr'><strong>βασιλικῶς</strong></span> <span class='ocrx_word' id='word_1_595' title='bbox 745 2569 758 2594; x_wconf 83' lang='grc' dir='ltr'>ὁ</span> <span class='ocrx_word' id='word_1_596' title='bbox 770 2569 861 2603; x_wconf 63' lang='grc' dir='ltr'>πατὴρ</span> <span class='ocrx_word' id='word_1_597' title='bbox 871 2568 934 2602; x_wconf 80' lang='grc' dir='ltr'><strong>τρέ-</strong></span> 
     </span>
    </p>
   </div>
   <div class='ocr_carea' id='block_1_85' title="bbox 125 2614 934 2651">
    <p class='ocr_par' dir='ltr' id='par_1_85' title="bbox 125 2614 934 2651">
     <span class='ocr_line' id='line_1_86' title="bbox 125 2614 934 2651; baseline -0.004 -8"><span class='ocrx_word' id='word_1_598' title='bbox 125 2626 196 2651; x_wconf 67' lang='grc' dir='ltr'>φοι.</span> <span class='ocrx_word' id='word_1_599' title='bbox 214 2617 253 2644; x_wconf 82' lang='lat' dir='ltr'><strong>Ex</strong></span> <span class='ocrx_word' id='word_1_600' title='bbox 269 2617 311 2644; x_wconf 87' lang='lat' dir='ltr'><strong>his</strong></span> <span class='ocrx_word' id='word_1_601' title='bbox 335 2617 445 2643; x_wconf 87' lang='lat' dir='ltr'><strong>videtur</strong></span> <span class='ocrx_word' id='word_1_602' title='bbox 461 2623 539 2651; x_wconf 83' lang='lat' dir='ltr'><strong>posse</strong></span> <span class='ocrx_word' id='word_1_603' title='bbox 565 2615 657 2650; x_wconf 84' lang='lat' dir='ltr'><strong>colligi</strong></span> <span class='ocrx_word' id='word_1_604' title='bbox 687 2615 806 2642; x_wconf 86' lang='lat' dir='ltr'><strong>sensisse</strong></span> <span class='ocrx_word' id='word_1_605' title='bbox 830 2614 934 2649; x_wconf 79' lang='lat' dir='ltr'><strong>Pachy-</strong></span> 
     </span>
    </p>
   </div>
   <div class='ocr_carea' id='block_1_86' title="bbox 124 2661 933 2696">
    <p class='ocr_par' dir='ltr' id='par_1_86' title="bbox 124 2661 933 2696">
     <span class='ocr_line' id='line_1_87' title="bbox 124 2661 933 2696; baseline -0.006 -5"><span class='ocrx_word' id='word_1_606' title='bbox 124 2672 242 2691; x_wconf 82' lang='lat' dir='ltr'><strong>merem</strong></span> <span class='ocrx_word' id='word_1_607' title='bbox 269 2663 468 2694; x_wconf 79' lang='lat' dir='ltr'><strong>Andronicum,</strong></span> <span class='ocrx_word' id='word_1_608' title='bbox 494 2663 550 2689; x_wconf 86' lang='lat' dir='ltr'><strong>imo</strong></span> <span class='ocrx_word' id='word_1_609' title='bbox 574 2667 601 2690; x_wconf 86' lang='lat' dir='ltr'><strong>et</strong></span> <span class='ocrx_word' id='word_1_610' title='bbox 619 2666 752 2696; x_wconf 54' lang='lat' dir='ltr'><strong>praeterea</strong></span> <span class='ocrx_word' id='word_1_611' title='bbox 779 2661 933 2687; x_wconf 81' lang='lat' dir='ltr'><strong>Manuclem</strong></span> 
     </span>
    </p>
   </div>
   <div class='ocr_carea' id='block_1_87' title="bbox 127 2707 933 2746">
    <p class='ocr_par' dir='ltr' id='par_1_87' title="bbox 127 2707 933 2746">
     <span class='ocr_line' id='line_1_88' title="bbox 127 2707 933 2746; baseline -0.006 -9"><span class='ocrx_word' id='word_1_612' title='bbox 127 2712 220 2746; x_wconf 87' lang='lat' dir='ltr'><strong>prius</strong></span> <span class='ocrx_word' id='word_1_613' title='bbox 244 2715 394 2741; x_wconf 89' lang='lat' dir='ltr'><strong>mortuum,</strong></span> <span class='ocrx_word' id='word_1_614' title='bbox 418 2715 479 2744; x_wconf 88' lang='lat' dir='ltr'><strong>post</strong></span> <span class='ocrx_word' id='word_1_615' title='bbox 492 2709 590 2735; x_wconf 90' lang='lat' dir='ltr'><strong>initum</strong></span> <span class='ocrx_word' id='word_1_616' title='bbox 606 2716 620 2734; x_wconf 94' lang='lat' dir='ltr'><strong>a</strong></span> <span class='ocrx_word' id='word_1_617' title='bbox 637 2708 766 2735; x_wconf 85' lang='lat' dir='ltr'><strong>Michaelc</strong></span> <span class='ocrx_word' id='word_1_618' title='bbox 782 2707 933 2740; x_wconf 77' lang='lat' dir='ltr'><strong>Pal-.eologo</strong></span> 
     </span>
    </p>
   </div>
   <div class='ocr_carea' id='block_1_88' title="bbox 124 2751 934 2790">
    <p class='ocr_par' dir='ltr' id='par_1_88' title="bbox 124 2751 934 2790">
     <span class='ocr_line' id='line_1_89' title="bbox 124 2751 934 2790; baseline -0.006 -8"><span class='ocrx_word' id='word_1_619' title='bbox 124 2756 286 2790; x_wconf 80' lang='lat' dir='ltr'><strong>imperium</strong></span> <span class='ocrx_word' id='word_1_620' title='bbox 304 2761 391 2787; x_wconf 86' lang='lat' dir='ltr'><strong>natos,</strong></span> <span class='ocrx_word' id='word_1_621' title='bbox 408 2761 436 2781; x_wconf 94' lang='lat' dir='ltr'><strong>ut</strong></span> <span class='ocrx_word' id='word_1_622' title='bbox 452 2755 490 2781; x_wconf 86' lang='lat' dir='ltr'><strong>sic</strong></span> <span class='ocrx_word' id='word_1_623' title='bbox 509 2755 570 2781; x_wconf 87' lang='lat' dir='ltr'><strong>illos</strong></span> <span class='ocrx_word' id='word_1_624' title='bbox 588 2759 674 2780; x_wconf 86' lang='lat' dir='ltr'><strong>mater</strong></span> <span class='ocrx_word' id='word_1_625' title='bbox 691 2761 787 2779; x_wconf 89' lang='lat' dir='ltr'><strong>eorum</strong></span> <span class='ocrx_word' id='word_1_626' title='bbox 805 2751 934 2778; x_wconf 83' lang='lat' dir='ltr'><strong>Theodo-</strong></span> 
     </span>
    </p>
   </div>
   <div class='ocr_carea' id='block_1_89' title="bbox 123 2797 933 2835">
    <p class='ocr_par' dir='ltr' id='par_1_89' title="bbox 123 2797 933 2835">
     <span class='ocr_line' id='line_1_90' title="bbox 123 2797 933 2835; baseline -0.006 -7"><span class='ocrx_word' id='word_1_627' title='bbox 123 2810 161 2828; x_wconf 85' lang='lat' dir='ltr'><strong>ra</strong></span> <span class='ocrx_word' id='word_1_628' title='bbox 181 2802 304 2835; x_wconf 79' lang='lat' dir='ltr'><strong>\‘irojam</strong></span> <span class='ocrx_word' id='word_1_629' title='bbox 324 2801 482 2835; x_wconf 81' lang='lat' dir='ltr'><strong>imperanti,</strong></span> <span class='ocrx_word' id='word_1_630' title='bbox 499 2800 576 2834; x_wconf 68' lang='grc' dir='ltr'><strong>ἀνδρὶ</strong></span> <span class='ocrx_word' id='word_1_631' title='bbox 594 2800 632 2834; x_wconf 79' lang='grc' dir='ltr'>τῷ</span> <span class='ocrx_word' id='word_1_632' title='bbox 650 2799 765 2834; x_wconf 48' lang='lat' dir='ltr'><strong>panici,</strong></span> <span class='ocrx_word' id='word_1_633' title='bbox 785 2797 933 2832; x_wconf 85' lang='lat' dir='ltr'><strong>pepererit.</strong></span> 
     </span>
    </p>
   </div>
   <div class='ocr_carea' id='block_1_90' title="bbox 171 2843 932 2881">
    <p class='ocr_par' dir='ltr' id='par_1_90' title="bbox 171 2843 932 2881">
     <span class='ocr_line' id='line_1_91' title="bbox 171 2843 932 2881; baseline -0.008 -7"><span class='ocrx_word' id='word_1_634' title='bbox 171 2847 208 2874; x_wconf 78' lang='grc' dir='ltr'><strong>Η.</strong></span> <span class='ocrx_word' id='word_1_635' title='bbox 232 2848 313 2881; x_wconf 69' lang='lat' dir='ltr'><strong>Atqui</strong></span> <span class='ocrx_word' id='word_1_636' title='bbox 340 2847 391 2873; x_wconf 84' lang='lat' dir='ltr'><strong>hoc</strong></span> <span class='ocrx_word' id='word_1_637' title='bbox 422 2846 533 2881; x_wconf 85' lang='lat' dir='ltr'><strong>quidem</strong></span> <span class='ocrx_word' id='word_1_638' title='bbox 569 2849 705 2880; x_wconf 78' lang='lat' dir='ltr'><strong>repugnat</strong></span> <span class='ocrx_word' id='word_1_639' title='bbox 733 2843 784 2878; x_wconf 86' lang='lat' dir='ltr'><strong>ipsi</strong></span> <span class='ocrx_word' id='word_1_640' title='bbox 813 2843 932 2878; x_wconf 78' lang='lat' dir='ltr'><strong>primum</strong></span> 
     </span>
    </p>
   </div>
   <div class='ocr_carea' id='block_1_91' title="bbox 123 2890 933 2923">
    <p class='ocr_par' dir='ltr' id='par_1_91' title="bbox 123 2890 933 2923">
     <span class='ocr_line' id='line_1_92' title="bbox 123 2890 933 2923; baseline -0.007 -4"><span class='ocrx_word' id='word_1_641' title='bbox 123 2891 303 2923; x_wconf 69' lang='lat' dir='ltr'><strong>l‘achvuieri</strong></span> <span class='ocrx_word' id='word_1_642' title='bbox 329 2891 478 2918; x_wconf 83' lang='lat' dir='ltr'><strong>al&#39;liriuauti</strong></span> <span class='ocrx_word' id='word_1_643' title='bbox 507 2890 696 2918; x_wconf 84' lang='lat' dir='ltr'><strong>Andronicqu</strong></span> <span class='ocrx_word' id='word_1_644' title='bbox 724 2896 811 2916; x_wconf 82' lang='lat' dir='ltr'><strong>annos</strong></span> <span class='ocrx_word' id='word_1_645' title='bbox 839 2892 933 2915; x_wconf 91' lang='lat' dir='ltr'><strong>natum</strong></span> 
     </span>
    </p>
   </div>
   <div class='ocr_carea' id='block_1_92' title="bbox 985 1647 1650 1676">
    <p class='ocr_par' dir='ltr' id='par_1_92' title="bbox 985 1647 1650 1676">
     <span class='ocr_line' id='line_1_93' title="bbox 985 1647 1650 1676; baseline 0.003 -3"><span class='ocrx_word' id='word_1_646' title='bbox 985 1647 1031 1673; x_wconf 86' lang='lat' dir='ltr'><strong>illa</strong></span> <span class='ocrx_word' id='word_1_647' title='bbox 1047 1647 1200 1674; x_wconf 84' lang='lat' dir='ltr'><strong>Manuelcm</strong></span> <span class='ocrx_word' id='word_1_648' title='bbox 1215 1653 1242 1673; x_wconf 90' lang='lat' dir='ltr'><strong>et</strong></span> <span class='ocrx_word' id='word_1_649' title='bbox 1255 1648 1446 1675; x_wconf 84' lang='lat' dir='ltr'><strong>Andronicum</strong></span> <span class='ocrx_word' id='word_1_650' title='bbox 1458 1649 1538 1675; x_wconf 78' lang='lat' dir='ltr'><strong>enixa</strong></span> <span class='ocrx_word' id='word_1_651' title='bbox 1550 1649 1650 1676; x_wconf 80' lang='lat' dir='ltr'><strong>fuerat.</strong></span> 
     </span>
    </p>
   </div>
   <div class='ocr_carea' id='block_1_93' title="bbox 1020 1692 1774 1727">
    <p class='ocr_par' dir='ltr' id='par_1_93' title="bbox 1020 1692 1774 1727">
     <span class='ocr_line' id='line_1_94' title="bbox 1020 1692 1774 1727; baseline 0.004 -9"><span class='ocrx_word' id='word_1_652' title='bbox 1020 1692 1064 1718; x_wconf 88' lang='lat' dir='ltr'><strong>lll.</strong></span> <span class='ocrx_word' id='word_1_653' title='bbox 1086 1692 1138 1719; x_wconf 84' lang='lat' dir='ltr'><strong>Sed</strong></span> <span class='ocrx_word' id='word_1_654' title='bbox 1156 1693 1259 1727; x_wconf 88' lang='lat' dir='ltr'><strong>aliquid</strong></span> <span class='ocrx_word' id='word_1_655' title='bbox 1273 1694 1377 1720; x_wconf 81' lang='lat' dir='ltr'><strong>certius</strong></span> <span class='ocrx_word' id='word_1_656' title='bbox 1393 1694 1427 1720; x_wconf 89' lang='lat' dir='ltr'><strong>de</strong></span> <span class='ocrx_word' id='word_1_657' title='bbox 1440 1702 1512 1721; x_wconf 90' lang='lat' dir='ltr'><strong>anno</strong></span> <span class='ocrx_word' id='word_1_658' title='bbox 1527 1695 1608 1721; x_wconf 80' lang='lat' dir='ltr'><strong>natali</strong></span> <span class='ocrx_word' id='word_1_659' title='bbox 1623 1695 1774 1721; x_wconf 79' lang='lat' dir='ltr'><strong>Andronici</strong></span> 
     </span>
    </p>
   </div>
   <div class='ocr_carea' id='block_1_94' title="bbox 983 1738 1774 1774">
    <p class='ocr_par' dir='ltr' id='par_1_94' title="bbox 983 1738 1774 1774">
     <span class='ocr_line' id='line_1_95' title="bbox 983 1738 1774 1774; baseline 0.004 -11"><span class='ocrx_word' id='word_1_660' title='bbox 983 1738 1102 1764; x_wconf 86' lang='lat' dir='ltr'><strong>senioris</strong></span> <span class='ocrx_word' id='word_1_661' title='bbox 1131 1742 1253 1773; x_wconf 80' lang='lat' dir='ltr'><strong>statuere</strong></span> <span class='ocrx_word' id='word_1_662' title='bbox 1271 1738 1367 1765; x_wconf 85' lang='lat' dir='ltr'><strong>licebit.</strong></span> <span class='ocrx_word' id='word_1_663' title='bbox 1382 1746 1414 1765; x_wconf 78' lang='lat' dir='ltr'><strong>ex</strong></span> <span class='ocrx_word' id='word_1_664' title='bbox 1431 1742 1553 1773; x_wconf 86' lang='lat' dir='ltr'><strong>tempore</strong></span> <span class='ocrx_word' id='word_1_665' title='bbox 1569 1740 1656 1774; x_wconf 87' lang='lat' dir='ltr'><strong>ipsius</strong></span> <span class='ocrx_word' id='word_1_666' title='bbox 1671 1741 1774 1772; x_wconf 89' lang='lat' dir='ltr'><strong>obitus,</strong></span> 
     </span>
    </p>
   </div>
   <div class='ocr_carea' id='block_1_95' title="bbox 983 1783 1775 1820">
    <p class='ocr_par' dir='ltr' id='par_1_95' title="bbox 983 1783 1775 1820">
     <span class='ocr_line' id='line_1_96' title="bbox 983 1783 1775 1820; baseline 0.003 -10"><span class='ocrx_word' id='word_1_667' title='bbox 983 1784 1071 1810; x_wconf 87' lang='lat' dir='ltr'><strong>sicubi</strong></span> <span class='ocrx_word' id='word_1_668' title='bbox 1095 1784 1161 1811; x_wconf 88' lang='lat' dir='ltr'><strong>satis</strong></span> <span class='ocrx_word' id='word_1_669' title='bbox 1176 1789 1254 1811; x_wconf 88' lang='lat' dir='ltr'><strong>certo</strong></span> <span class='ocrx_word' id='word_1_670' title='bbox 1275 1783 1303 1811; x_wconf 90' lang='lat' dir='ltr'><strong>id</strong></span> <span class='ocrx_word' id='word_1_671' title='bbox 1328 1784 1474 1811; x_wconf 68' lang='lat' dir='ltr'><strong>deliu‘tum</strong></span> <span class='ocrx_word' id='word_1_672' title='bbox 1499 1785 1622 1820; x_wconf 86' lang='lat' dir='ltr'><strong>reperire</strong></span> <span class='ocrx_word' id='word_1_673' title='bbox 1647 1786 1775 1819; x_wconf 85' lang='lat' dir='ltr'><strong>potueri-</strong></span> 
     </span>
    </p>
   </div>
   <div class='ocr_carea' id='block_1_96' title="bbox 984 1829 1774 1865">
    <p class='ocr_par' dir='ltr' id='par_1_96' title="bbox 984 1829 1774 1865">
     <span class='ocr_line' id='line_1_97' title="bbox 984 1829 1774 1865; baseline 0.001 -9"><span class='ocrx_word' id='word_1_674' title='bbox 984 1837 1057 1856; x_wconf 88' lang='lat' dir='ltr'><strong>mus.</strong></span> <span class='ocrx_word' id='word_1_675' title='bbox 1098 1829 1228 1864; x_wconf 79' lang='lat' dir='ltr'><strong>Legimus</strong></span> <span class='ocrx_word' id='word_1_676' title='bbox 1264 1830 1338 1865; x_wconf 89' lang='lat' dir='ltr'><strong>apud</strong></span> <span class='ocrx_word' id='word_1_677' title='bbox 1372 1831 1503 1858; x_wconf 85' lang='lat' dir='ltr'><strong>Joannem</strong></span> <span class='ocrx_word' id='word_1_678' title='bbox 1548 1831 1774 1858; x_wconf 87' lang='lat' dir='ltr'><strong>Cantacuzenum</strong></span> 
     </span>
    </p>
   </div>
   <div class='ocr_carea' id='block_1_97' title="bbox 984 1876 1775 1912">
    <p class='ocr_par' dir='ltr' id='par_1_97' title="bbox 984 1876 1775 1912">
     <span class='ocr_line' id='line_1_98' title="bbox 984 1876 1775 1912; baseline 0.001 -9"><span class='ocrx_word' id='word_1_679' title='bbox 984 1877 1013 1911; x_wconf 87' lang='grc' dir='ltr'><strong>(Ι.</strong></span> <span class='ocrx_word' id='word_1_680' title='bbox 1028 1885 1058 1907; x_wconf 81' lang='grc' dir='ltr'><strong>ιι,</strong></span> <span class='ocrx_word' id='word_1_681' title='bbox 1076 1884 1100 1903; x_wconf 91' lang='lat' dir='ltr'><strong>c.</strong></span> <span class='ocrx_word' id='word_1_682' title='bbox 1114 1877 1158 1908; x_wconf 74' lang='lat'><strong>28,</strong></span> <span class='ocrx_word' id='word_1_683' title='bbox 1177 1885 1204 1911; x_wconf 91' lang='lat' dir='ltr'><strong>p.</strong></span> <span class='ocrx_word' id='word_1_684' title='bbox 1218 1876 1271 1903; x_wconf 72' lang='lat'><strong>2&#39;28</strong></span> <span class='ocrx_word' id='word_1_685' title='bbox 1285 1877 1328 1904; x_wconf 89' lang='lat' dir='ltr'><strong>ed.</strong></span> <span class='ocrx_word' id='word_1_686' title='bbox 1346 1878 1425 1912; x_wconf 76' lang='lat' dir='ltr'><strong>Reg.)</strong></span> <span class='ocrx_word' id='word_1_687' title='bbox 1437 1877 1511 1904; x_wconf 90' lang='lat' dir='ltr'><strong>hunc</strong></span> <span class='ocrx_word' id='word_1_688' title='bbox 1520 1877 1717 1910; x_wconf 87' lang='lat' dir='ltr'><strong>Andronicum,</strong></span> <span class='ocrx_word' id='word_1_689' title='bbox 1728 1877 1775 1912; x_wconf 91' lang='lat' dir='ltr'><strong>qui</strong></span> 
     </span>
    </p>
   </div>
   <div class='ocr_carea' id='block_1_98' title="bbox 984 1921 1773 1956">
    <p class='ocr_par' dir='ltr' id='par_1_98' title="bbox 984 1921 1773 1956">
     <span class='ocr_line' id='line_1_99' title="bbox 984 1921 1773 1956; baseline 0 -8"><span class='ocrx_word' id='word_1_690' title='bbox 984 1921 1110 1948; x_wconf 90' lang='lat' dir='ltr'><strong>abdicato</strong></span> <span class='ocrx_word' id='word_1_691' title='bbox 1127 1922 1244 1956; x_wconf 85' lang='lat' dir='ltr'><strong>imperio</strong></span> <span class='ocrx_word' id='word_1_692' title='bbox 1264 1922 1351 1949; x_wconf 80' lang='lat' dir='ltr'><strong>factus</strong></span> <span class='ocrx_word' id='word_1_693' title='bbox 1367 1923 1523 1949; x_wconf 82' lang='lat' dir='ltr'><strong>monachus</strong></span> <span class='ocrx_word' id='word_1_694' title='bbox 1536 1922 1647 1949; x_wconf 89' lang='lat' dir='ltr'><strong>Antonii</strong></span> <span class='ocrx_word' id='word_1_695' title='bbox 1673 1922 1773 1949; x_wconf 78' lang='lat' dir='ltr'><strong>nomen</strong></span> 
     </span>
    </p>
   </div>
   <div class='ocr_carea' id='block_1_99' title="bbox 983 1969 1777 2002">
    <p class='ocr_par' dir='ltr' id='par_1_99' title="bbox 983 1969 1777 2002">
     <span class='ocr_line' id='line_1_100' title="bbox 983 1969 1777 2002; baseline 0 -8"><span class='ocrx_word' id='word_1_696' title='bbox 983 1973 1184 2002; x_wconf 85' lang='lat' dir='ltr'><strong>assumpserat,</strong></span> <span class='ocrx_word' id='word_1_697' title='bbox 1203 1969 1231 1995; x_wconf 93' lang='lat' dir='ltr'><strong>in</strong></span> <span class='ocrx_word' id='word_1_698' title='bbox 1256 1969 1424 1995; x_wconf 65' lang='lat' dir='ltr'><strong>monasterio</strong></span> <span class='ocrx_word' id='word_1_699' title='bbox 1451 1975 1590 1995; x_wconf 89' lang='lat' dir='ltr'><strong>mortuum</strong></span> <span class='ocrx_word' id='word_1_700' title='bbox 1612 1976 1673 1995; x_wconf 89' lang='lat' dir='ltr'><strong>esse</strong></span> <span class='ocrx_word' id='word_1_701' title='bbox 1688 1976 1777 1994; x_wconf 73' lang='lat' dir='ltr'><strong>ntense</strong></span> 
     </span>
    </p>
   </div>
   <div class='ocr_carea' id='block_1_100' title="bbox 985 2012 1775 2048">
    <p class='ocr_par' dir='ltr' id='par_1_100' title="bbox 985 2012 1775 2048">
     <span class='ocr_line' id='line_1_101' title="bbox 985 2012 1775 2048; baseline 0.001 -9"><span class='ocrx_word' id='word_1_702' title='bbox 985 2012 1144 2045; x_wconf 78' lang='lat' dir='ltr'><strong>Februario,</strong></span> <span class='ocrx_word' id='word_1_703' title='bbox 1160 2014 1302 2040; x_wconf 76' lang='lat' dir='ltr'><strong>indictione</strong></span> <span class='ocrx_word' id='word_1_704' title='bbox 1325 2014 1372 2045; x_wconf 75' lang='grc' dir='ltr'><strong>Ιΰ,</strong></span> <span class='ocrx_word' id='word_1_705' title='bbox 1391 2022 1462 2040; x_wconf 84' lang='lat' dir='ltr'><strong>anno</strong></span> <span class='ocrx_word' id='word_1_706' title='bbox 1477 2015 1680 2048; x_wconf 72' lang='lat' dir='ltr'><strong>quadragesimo</strong></span> <span class='ocrx_word' id='word_1_707' title='bbox 1694 2023 1775 2048; x_wconf 76' lang='lat' dir='ltr'><strong>supra</strong></span> 
     </span>
    </p>
   </div>
   <div class='ocr_carea' id='block_1_101' title="bbox 983 2059 1775 2094">
    <p class='ocr_par' dir='ltr' id='par_1_101' title="bbox 983 2059 1775 2094">
     <span class='ocr_line' id='line_1_102' title="bbox 983 2059 1775 2094; baseline 0.001 -9"><span class='ocrx_word' id='word_1_708' title='bbox 983 2060 1067 2085; x_wconf 69' lang='lat' dir='ltr'><strong>sexies</strong></span> <span class='ocrx_word' id='word_1_709' title='bbox 1084 2059 1255 2085; x_wconf 73' lang='lat' dir='ltr'><strong>millesimum</strong></span> <span class='ocrx_word' id='word_1_710' title='bbox 1266 2064 1290 2085; x_wconf 86' lang='lat' dir='ltr'><strong>cl</strong></span> <span class='ocrx_word' id='word_1_711' title='bbox 1305 2060 1562 2094; x_wconf 71' lang='lat' dir='ltr'><strong>octingentesimum,</strong></span> <span class='ocrx_word' id='word_1_712' title='bbox 1579 2065 1674 2086; x_wconf 83' lang='lat' dir='ltr'><strong>natum</strong></span> <span class='ocrx_word' id='word_1_713' title='bbox 1691 2068 1775 2086; x_wconf 80' lang='lat' dir='ltr'><strong>annos</strong></span> 
     </span>
    </p>
   </div>
   <div class='ocr_carea' id='block_1_102' title="bbox 984 2105 1777 2140">
    <p class='ocr_par' dir='ltr' id='par_1_102' title="bbox 984 2105 1777 2140">
     <span class='ocr_line' id='line_1_103' title="bbox 984 2105 1777 2140; baseline 0.001 -9"><span class='ocrx_word' id='word_1_714' title='bbox 984 2107 1155 2140; x_wconf 73' lang='lat' dir='ltr'><strong>septuaginta</strong></span> <span class='ocrx_word' id='word_1_715' title='bbox 1177 2106 1253 2132; x_wconf 75' lang='lat' dir='ltr'><strong>duos.</strong></span> <span class='ocrx_word' id='word_1_716' title='bbox 1270 2105 1297 2132; x_wconf 91' lang='lat' dir='ltr'><strong>Si</strong></span> <span class='ocrx_word' id='word_1_717' title='bbox 1314 2113 1346 2132; x_wconf 83' lang='lat' dir='ltr'><strong>ex</strong></span> <span class='ocrx_word' id='word_1_718' title='bbox 1371 2113 1490 2132; x_wconf 91' lang='lat' dir='ltr'><strong>numero</strong></span> <span class='ocrx_word' id='word_1_719' title='bbox 1503 2106 1573 2132; x_wconf 65' lang='lat'><strong>(3860</strong></span> <span class='ocrx_word' id='word_1_720' title='bbox 1590 2114 1725 2133; x_wconf 90' lang='lat' dir='ltr'><strong>annorum</strong></span> <span class='ocrx_word' id='word_1_721' title='bbox 1742 2106 1777 2132; x_wconf 73' lang='lat'><strong>72</strong></span> 
     </span>
    </p>
   </div>
   <div class='ocr_carea' id='block_1_103' title="bbox 984 2151 1773 2185">
    <p class='ocr_par' dir='ltr' id='par_1_103' title="bbox 984 2151 1773 2185">
     <span class='ocr_line' id='line_1_104' title="bbox 984 2151 1773 2185; baseline 0 -8"><span class='ocrx_word' id='word_1_722' title='bbox 984 2151 1078 2178; x_wconf 88' lang='lat' dir='ltr'><strong>demas</strong></span> <span class='ocrx_word' id='word_1_723' title='bbox 1092 2159 1190 2182; x_wconf 83' lang='lat' dir='ltr'><strong>amics,</strong></span> <span class='ocrx_word' id='word_1_724' title='bbox 1202 2151 1436 2185; x_wconf 81' lang='lat' dir='ltr'><strong>supereritannus</strong></span> <span class='ocrx_word' id='word_1_725' title='bbox 1447 2159 1508 2177; x_wconf 66' lang='lat' dir='ltr'><strong>atra:</strong></span> <span class='ocrx_word' id='word_1_726' title='bbox 1524 2151 1682 2178; x_wconf 72' lang='lat' dir='ltr'><strong>Grmcorum</strong></span> <span class='ocrx_word' id='word_1_727' title='bbox 1694 2152 1773 2181; x_wconf 65' lang='lat'><strong>6768.</strong></span> 
     </span>
    </p>
   </div>
   <div class='ocr_carea' id='block_1_104' title="bbox 983 2196 1776 2232">
    <p class='ocr_par' dir='ltr' id='par_1_104' title="bbox 983 2196 1776 2232">
     <span class='ocr_line' id='line_1_105' title="bbox 983 2196 1776 2232; baseline -0.003 -8"><span class='ocrx_word' id='word_1_728' title='bbox 983 2206 1039 2232; x_wconf 91' lang='lat' dir='ltr'><strong>quo</strong></span> <span class='ocrx_word' id='word_1_729' title='bbox 1053 2197 1137 2224; x_wconf 74' lang='lat' dir='ltr'><strong>fuisse</strong></span> <span class='ocrx_word' id='word_1_730' title='bbox 1154 2202 1248 2224; x_wconf 90' lang='lat' dir='ltr'><strong>natum</strong></span> <span class='ocrx_word' id='word_1_731' title='bbox 1263 2199 1388 2231; x_wconf 86' lang='lat' dir='ltr'><strong>oportuit</strong></span> <span class='ocrx_word' id='word_1_732' title='bbox 1412 2204 1475 2223; x_wconf 90' lang='lat' dir='ltr'><strong>eum</strong></span> <span class='ocrx_word' id='word_1_733' title='bbox 1498 2197 1545 2230; x_wconf 93' lang='lat' dir='ltr'><strong>qui</strong></span> <span class='ocrx_word' id='word_1_734' title='bbox 1567 2198 1648 2223; x_wconf 77' lang='lat' dir='ltr'><strong>anilis</strong></span> <span class='ocrx_word' id='word_1_735' title='bbox 1664 2196 1776 2222; x_wconf 86' lang='lat' dir='ltr'><strong>duobus</strong></span> 
     </span>
    </p>
   </div>
   <div class='ocr_carea' id='block_1_105' title="bbox 985 2241 1774 2277">
    <p class='ocr_par' dir='ltr' id='par_1_105' title="bbox 985 2241 1774 2277">
     <span class='ocr_line' id='line_1_106' title="bbox 985 2241 1774 2277; baseline -0.001 -8"><span class='ocrx_word' id='word_1_736' title='bbox 985 2243 1073 2277; x_wconf 82' lang='lat' dir='ltr'><strong>tnajor</strong></span> <span class='ocrx_word' id='word_1_737' title='bbox 1102 2243 1314 2277; x_wconf 87' lang='lat' dir='ltr'><strong>septuagenario</strong></span> <span class='ocrx_word' id='word_1_738' title='bbox 1341 2249 1414 2269; x_wconf 88' lang='lat' dir='ltr'><strong>anno</strong></span> <span class='ocrx_word' id='word_1_739' title='bbox 1452 2241 1523 2268; x_wconf 67' lang='lat'><strong>6848</strong></span> <span class='ocrx_word' id='word_1_740' title='bbox 1558 2242 1631 2269; x_wconf 90' lang='lat' dir='ltr'><strong>diem</strong></span> <span class='ocrx_word' id='word_1_741' title='bbox 1660 2241 1774 2269; x_wconf 86' lang='lat' dir='ltr'><strong>obierit.</strong></span> 
     </span>
    </p>
   </div>
   <div class='ocr_carea' id='block_1_106' title="bbox 985 2288 1777 2325">
    <p class='ocr_par' dir='ltr' id='par_1_106' title="bbox 985 2288 1777 2325">
     <span class='ocr_line' id='line_1_107' title="bbox 985 2288 1777 2325; baseline 0 -9"><span class='ocrx_word' id='word_1_742' title='bbox 985 2289 1027 2324; x_wconf 78' lang='grc' dir='ltr'><strong>[Ρ.</strong></span> <span class='ocrx_word' id='word_1_743' title='bbox 1041 2288 1104 2325; x_wconf 71' lang='lat'><strong>527]</strong></span> <span class='ocrx_word' id='word_1_744' title='bbox 1120 2289 1165 2315; x_wconf 86' lang='lat' dir='ltr'><strong>Est</strong></span> <span class='ocrx_word' id='word_1_745' title='bbox 1185 2289 1231 2316; x_wconf 91' lang='lat' dir='ltr'><strong>hic</strong></span> <span class='ocrx_word' id='word_1_746' title='bbox 1251 2297 1341 2316; x_wconf 86' lang='lat' dir='ltr'><strong>annus</strong></span> <span class='ocrx_word' id='word_1_747' title='bbox 1356 2289 1426 2316; x_wconf 85' lang='grc'><strong>6768</strong></span> <span class='ocrx_word' id='word_1_748' title='bbox 1444 2289 1539 2316; x_wconf 86' lang='lat' dir='ltr'><strong>mundi</strong></span> <span class='ocrx_word' id='word_1_749' title='bbox 1568 2290 1644 2323; x_wconf 82' lang='lat' dir='ltr'><strong>juxta</strong></span> <span class='ocrx_word' id='word_1_750' title='bbox 1666 2288 1777 2316; x_wconf 69' lang='lat' dir='ltr'><strong>Graecos</strong></span> 
     </span>
    </p>
   </div>
   <div class='ocr_carea' id='block_1_107' title="bbox 984 2335 1775 2370">
    <p class='ocr_par' dir='ltr' id='par_1_107' title="bbox 984 2335 1775 2370">
     <span class='ocr_line' id='line_1_108' title="bbox 984 2335 1775 2370; baseline -0.003 -8"><span class='ocrx_word' id='word_1_751' title='bbox 984 2335 1056 2362; x_wconf 87' lang='lat' dir='ltr'><strong>idem</strong></span> <span class='ocrx_word' id='word_1_752' title='bbox 1085 2342 1167 2370; x_wconf 89' lang='lat' dir='ltr'><strong>quem</strong></span> <span class='ocrx_word' id='word_1_753' title='bbox 1193 2343 1244 2362; x_wconf 77' lang='lat' dir='ltr'><strong>nos</strong></span> <span class='ocrx_word' id='word_1_754' title='bbox 1270 2335 1298 2361; x_wconf 92' lang='lat' dir='ltr'><strong>in</strong></span> <span class='ocrx_word' id='word_1_755' title='bbox 1331 2343 1385 2362; x_wconf 81' lang='lat' dir='ltr'><strong>aera</strong></span> <span class='ocrx_word' id='word_1_756' title='bbox 1414 2335 1572 2362; x_wconf 79' lang='lat' dir='ltr'><strong>Christiana</strong></span> <span class='ocrx_word' id='word_1_757' title='bbox 1595 2342 1775 2362; x_wconf 86' lang='lat' dir='ltr'><strong>numeramus</strong></span> 
     </span>
    </p>
   </div>
   <div class='ocr_carea' id='block_1_108' title="bbox 985 2380 1776 2415">
    <p class='ocr_par' dir='ltr' id='par_1_108' title="bbox 985 2380 1776 2415">
     <span class='ocr_line' id='line_1_109' title="bbox 985 2380 1776 2415; baseline -0.003 -7"><span class='ocrx_word' id='word_1_758' title='bbox 985 2381 1132 2415; x_wconf 70' lang='lat' dir='ltr'><strong>1260;qui</strong></span> <span class='ocrx_word' id='word_1_759' title='bbox 1148 2381 1211 2412; x_wconf 80' lang='lat' dir='ltr'><strong>fuit,</strong></span> <span class='ocrx_word' id='word_1_760' title='bbox 1225 2387 1254 2407; x_wconf 92' lang='lat' dir='ltr'><strong>ut</strong></span> <span class='ocrx_word' id='word_1_761' title='bbox 1265 2380 1396 2412; x_wconf 86' lang='lat' dir='ltr'><strong>vidimus,</strong></span> <span class='ocrx_word' id='word_1_762' title='bbox 1415 2381 1641 2415; x_wconf 87' lang='lat' dir='ltr'><strong>primusimperii</strong></span> <span class='ocrx_word' id='word_1_763' title='bbox 1657 2380 1776 2407; x_wconf 77' lang='lat' dir='ltr'><strong>illicitae-</strong></span> 
     </span>
    </p>
   </div>
   <div class='ocr_carea' id='block_1_109' title="bbox 984 2426 1775 2462">
    <p class='ocr_par' dir='ltr' id='par_1_109' title="bbox 984 2426 1775 2462">
     <span class='ocr_line' id='line_1_110' title="bbox 984 2426 1775 2462; baseline -0.003 -8"><span class='ocrx_word' id='word_1_764' title='bbox 984 2427 1028 2454; x_wconf 90' lang='lat' dir='ltr'><strong>lis.</strong></span> <span class='ocrx_word' id='word_1_765' title='bbox 1044 2427 1109 2462; x_wconf 86' lang='lat' dir='ltr'><strong>Ejus</strong></span> <span class='ocrx_word' id='word_1_766' title='bbox 1125 2427 1189 2453; x_wconf 90' lang='lat' dir='ltr'><strong>anni</strong></span> <span class='ocrx_word' id='word_1_767' title='bbox 1206 2427 1342 2461; x_wconf 90' lang='lat' dir='ltr'><strong>principio</strong></span> <span class='ocrx_word' id='word_1_768' title='bbox 1357 2427 1379 2454; x_wconf 87' lang='lat' dir='ltr'><strong>si</strong></span> <span class='ocrx_word' id='word_1_769' title='bbox 1395 2427 1487 2453; x_wconf 85' lang='lat' dir='ltr'><strong>editus</strong></span> <span class='ocrx_word' id='word_1_770' title='bbox 1506 2427 1532 2454; x_wconf 92' lang='lat' dir='ltr'><strong>in</strong></span> <span class='ocrx_word' id='word_1_771' title='bbox 1556 2427 1646 2453; x_wconf 84' lang='lat' dir='ltr'><strong>lucem</strong></span> <span class='ocrx_word' id='word_1_772' title='bbox 1665 2426 1775 2453; x_wconf 83' lang='lat' dir='ltr'><strong>Andro-</strong></span> 
     </span>
    </p>
   </div>
   <div class='ocr_carea' id='block_1_110' title="bbox 984 2472 1776 2508">
    <p class='ocr_par' dir='ltr' id='par_1_110' title="bbox 984 2472 1776 2508">
     <span class='ocr_line' id='line_1_111' title="bbox 984 2472 1776 2508; baseline -0.001 -9"><span class='ocrx_word' id='word_1_773' title='bbox 984 2474 1065 2500; x_wconf 85' lang='lat' dir='ltr'><strong>uicus</strong></span> <span class='ocrx_word' id='word_1_774' title='bbox 1080 2478 1132 2506; x_wconf 88' lang='lat' dir='ltr'><strong>est,</strong></span> <span class='ocrx_word' id='word_1_775' title='bbox 1151 2473 1253 2500; x_wconf 86' lang='lat' dir='ltr'><strong>habere</strong></span> <span class='ocrx_word' id='word_1_776' title='bbox 1268 2473 1357 2500; x_wconf 86' lang='lat' dir='ltr'><strong>locum</strong></span> <span class='ocrx_word' id='word_1_777' title='bbox 1379 2477 1520 2508; x_wconf 84' lang='lat' dir='ltr'><strong>utcunque</strong></span> <span class='ocrx_word' id='word_1_778' title='bbox 1547 2478 1637 2507; x_wconf 84' lang='lat' dir='ltr'><strong>potest</strong></span> <span class='ocrx_word' id='word_1_779' title='bbox 1653 2472 1727 2506; x_wconf 86' lang='lat' dir='ltr'><strong>quod</strong></span> <span class='ocrx_word' id='word_1_780' title='bbox 1743 2480 1776 2500; x_wconf 77' lang='lat' dir='ltr'><strong>ex</strong></span> 
     </span>
    </p>
   </div>
   <div class='ocr_carea' id='block_1_111' title="bbox 985 2517 1774 2552">
    <p class='ocr_par' dir='ltr' id='par_1_111' title="bbox 985 2517 1774 2552">
     <span class='ocr_line' id='line_1_112' title="bbox 985 2517 1774 2552; baseline -0.005 -7"><span class='ocrx_word' id='word_1_781' title='bbox 985 2518 1105 2552; x_wconf 78' lang='lat' dir='ltr'><strong>Gregora</strong></span> <span class='ocrx_word' id='word_1_782' title='bbox 1134 2518 1296 2549; x_wconf 84' lang='lat' dir='ltr'><strong>retulimus.</strong></span> <span class='ocrx_word' id='word_1_783' title='bbox 1337 2526 1370 2545; x_wconf 90' lang='lat' dir='ltr'><strong>eo</strong></span> <span class='ocrx_word' id='word_1_784' title='bbox 1396 2518 1512 2549; x_wconf 87' lang='lat' dir='ltr'><strong>bimulo,</strong></span> <span class='ocrx_word' id='word_1_785' title='bbox 1531 2519 1590 2544; x_wconf 81' lang='lat' dir='ltr'><strong>sive</strong></span> <span class='ocrx_word' id='word_1_786' title='bbox 1621 2517 1774 2545; x_wconf 85' lang='lat' dir='ltr'><strong>secundum</strong></span> 
     </span>
    </p>
   </div>
   <div class='ocr_carea' id='block_1_112' title="bbox 985 2564 1776 2600">
    <p class='ocr_par' dir='ltr' id='par_1_112' title="bbox 985 2564 1776 2600">
     <span class='ocr_line' id='line_1_113' title="bbox 985 2564 1776 2600; baseline -0.004 -8"><span class='ocrx_word' id='word_1_787' title='bbox 985 2565 1074 2592; x_wconf 76' lang='lat' dir='ltr'><strong>:rtatis</strong></span> <span class='ocrx_word' id='word_1_788' title='bbox 1086 2572 1188 2591; x_wconf 88' lang='lat' dir='ltr'><strong>annum</strong></span> <span class='ocrx_word' id='word_1_789' title='bbox 1206 2569 1314 2600; x_wconf 80' lang='lat' dir='ltr'><strong>agente,</strong></span> <span class='ocrx_word' id='word_1_790' title='bbox 1331 2565 1457 2600; x_wconf 80' lang='grc' dir='ltr'><strong>δεύτερον</strong></span> <span class='ocrx_word' id='word_1_791' title='bbox 1472 2564 1532 2596; x_wconf 74' lang='grc' dir='ltr'><strong>ἔτος</strong></span> <span class='ocrx_word' id='word_1_792' title='bbox 1550 2565 1643 2598; x_wconf 71' lang='grc' dir='ltr'><strong>ἄγοντι</strong></span> <span class='ocrx_word' id='word_1_793' title='bbox 1655 2565 1705 2598; x_wconf 83' lang='grc' dir='ltr'><strong>τῆς</strong></span> <span class='ocrx_word' id='word_1_794' title='bbox 1714 2564 1776 2598; x_wconf 79' lang='grc' dir='ltr'><strong>ἡλι-</strong></span> 
     </span>
    </p>
   </div>
   <div class='ocr_carea' id='block_1_113' title="bbox 986 2609 1777 2646">
    <p class='ocr_par' dir='ltr' id='par_1_113' title="bbox 986 2609 1777 2646">
     <span class='ocr_line' id='line_1_114' title="bbox 986 2609 1777 2646; baseline -0.001 -9"><span class='ocrx_word' id='word_1_795' title='bbox 986 2611 1060 2643; x_wconf 74' lang='grc' dir='ltr'><strong>χίας,</strong></span> <span class='ocrx_word' id='word_1_796' title='bbox 1079 2611 1229 2646; x_wconf 77' lang='lat' dir='ltr'><strong>contigisse</strong></span> <span class='ocrx_word' id='word_1_797' title='bbox 1246 2611 1399 2645; x_wconf 87' lang='lat' dir='ltr'><strong>ingressum</strong></span> <span class='ocrx_word' id='word_1_798' title='bbox 1426 2611 1621 2645; x_wconf 86' lang='lat' dir='ltr'><strong>triumphalem</strong></span> <span class='ocrx_word' id='word_1_799' title='bbox 1636 2609 1777 2637; x_wconf 84' lang='lat' dir='ltr'><strong>Michaelis</strong></span> 
     </span>
    </p>
   </div>
   <div class='ocr_carea' id='block_1_114' title="bbox 986 2656 1776 2692">
    <p class='ocr_par' dir='ltr' id='par_1_114' title="bbox 986 2656 1776 2692">
     <span class='ocr_line' id='line_1_115' title="bbox 986 2656 1776 2692; baseline -0.001 -9"><span class='ocrx_word' id='word_1_800' title='bbox 986 2658 1046 2692; x_wconf 85' lang='lat' dir='ltr'><strong>ejus</strong></span> <span class='ocrx_word' id='word_1_801' title='bbox 1065 2657 1150 2691; x_wconf 85' lang='lat' dir='ltr'><strong>patris</strong></span> <span class='ocrx_word' id='word_1_802' title='bbox 1169 2658 1196 2683; x_wconf 92' lang='lat' dir='ltr'><strong>in</strong></span> <span class='ocrx_word' id='word_1_803' title='bbox 1215 2657 1310 2683; x_wconf 87' lang='lat' dir='ltr'><strong>urbem</strong></span> <span class='ocrx_word' id='word_1_804' title='bbox 1333 2657 1434 2691; x_wconf 80' lang='lat' dir='ltr'><strong>regiam</strong></span> <span class='ocrx_word' id='word_1_805' title='bbox 1447 2657 1527 2691; x_wconf 85' lang='lat' dir='ltr'><strong>paulo</strong></span> <span class='ocrx_word' id='word_1_806' title='bbox 1545 2660 1609 2683; x_wconf 84' lang='lat' dir='ltr'><strong>ante</strong></span> <span class='ocrx_word' id='word_1_807' title='bbox 1621 2656 1656 2683; x_wconf 86' lang='lat' dir='ltr'><strong>de</strong></span> <span class='ocrx_word' id='word_1_808' title='bbox 1671 2656 1776 2683; x_wconf 83' lang='lat' dir='ltr'><strong>Latinis</strong></span> 
     </span>
    </p>
   </div>
   <div class='ocr_carea' id='block_1_115' title="bbox 987 2703 1776 2738">
    <p class='ocr_par' dir='ltr' id='par_1_115' title="bbox 987 2703 1776 2738">
     <span class='ocr_line' id='line_1_116' title="bbox 987 2703 1776 2738; baseline -0.001 -8"><span class='ocrx_word' id='word_1_809' title='bbox 987 2709 1139 2738; x_wconf 78' lang='lat' dir='ltr'><strong>receptant.</strong></span> <span class='ocrx_word' id='word_1_810' title='bbox 1158 2704 1210 2730; x_wconf 85' lang='lat' dir='ltr'><strong>Sed</strong></span> <span class='ocrx_word' id='word_1_811' title='bbox 1231 2711 1285 2730; x_wconf 89' lang='lat' dir='ltr'><strong>non</strong></span> <span class='ocrx_word' id='word_1_812' title='bbox 1301 2708 1389 2738; x_wconf 78' lang='lat' dir='ltr'><strong>potest</strong></span> <span class='ocrx_word' id='word_1_813' title='bbox 1406 2711 1467 2730; x_wconf 90' lang='lat' dir='ltr'><strong>eum</strong></span> <span class='ocrx_word' id='word_1_814' title='bbox 1487 2703 1539 2730; x_wconf 86' lang='lat' dir='ltr'><strong>hoc</strong></span> <span class='ocrx_word' id='word_1_815' title='bbox 1550 2703 1689 2738; x_wconf 85' lang='lat' dir='ltr'><strong>quadrare</strong></span> <span class='ocrx_word' id='word_1_816' title='bbox 1703 2703 1776 2737; x_wconf 89' lang='lat' dir='ltr'><strong>quod</strong></span> 
     </span>
    </p>
   </div>
   <div class='ocr_carea' id='block_1_116' title="bbox 988 2749 1777 2785">
    <p class='ocr_par' dir='ltr' id='par_1_116' title="bbox 988 2749 1777 2785">
     <span class='ocr_line' id='line_1_117' title="bbox 988 2749 1777 2785; baseline -0.004 -8"><span class='ocrx_word' id='word_1_817' title='bbox 988 2750 1085 2777; x_wconf 81' lang='lat' dir='ltr'><strong>scribit</strong></span> <span class='ocrx_word' id='word_1_818' title='bbox 1100 2750 1285 2785; x_wconf 77' lang='lat' dir='ltr'><strong>Pachymcres</strong></span> <span class='ocrx_word' id='word_1_819' title='bbox 1312 2750 1337 2776; x_wconf 94' lang='lat' dir='ltr'><strong>in</strong></span> <span class='ocrx_word' id='word_1_820' title='bbox 1365 2749 1483 2776; x_wconf 76' lang='lat' dir='ltr'><strong>Historia</strong></span> <span class='ocrx_word' id='word_1_821' title='bbox 1499 2750 1605 2784; x_wconf 73' lang='lat' dir='ltr'><strong>imperii</strong></span> <span class='ocrx_word' id='word_1_822' title='bbox 1622 2749 1777 2777; x_wconf 75' lang='lat' dir='ltr'><strong>Andronici,</strong></span> 
     </span>
    </p>
   </div>
   <div class='ocr_carea' id='block_1_117' title="bbox 987 2794 1778 2829">
    <p class='ocr_par' dir='ltr' id='par_1_117' title="bbox 987 2794 1778 2829">
     <span class='ocr_line' id='line_1_118' title="bbox 987 2794 1778 2829; baseline -0.003 -7"><span class='ocrx_word' id='word_1_823' title='bbox 987 2796 1006 2822; x_wconf 92' lang='lat' dir='ltr'><strong>l.</strong></span> <span class='ocrx_word' id='word_1_824' title='bbox 1025 2803 1044 2826; x_wconf 79' lang='grc' dir='ltr'><strong>ι,</strong></span> <span class='ocrx_word' id='word_1_825' title='bbox 1056 2795 1118 2827; x_wconf 76' lang='grc' dir='ltr'><strong>ο.1,</strong></span> <span class='ocrx_word' id='word_1_826' title='bbox 1130 2802 1193 2821; x_wconf 91' lang='lat' dir='ltr'><strong>cum</strong></span> <span class='ocrx_word' id='word_1_827' title='bbox 1212 2795 1322 2829; x_wconf 85' lang='lat' dir='ltr'><strong>quando</strong></span> <span class='ocrx_word' id='word_1_828' title='bbox 1337 2795 1407 2829; x_wconf 89' lang='lat' dir='ltr'><strong>patri</strong></span> <span class='ocrx_word' id='word_1_829' title='bbox 1426 2795 1570 2826; x_wconf 85' lang='lat' dir='ltr'><strong>successit,</strong></span> <span class='ocrx_word' id='word_1_830' title='bbox 1591 2801 1678 2821; x_wconf 85' lang='lat' dir='ltr'><strong>annos</strong></span> <span class='ocrx_word' id='word_1_831' title='bbox 1689 2794 1778 2821; x_wconf 61' lang='lat' dir='ltr'><strong>aetatis</strong></span> 
     </span>
    </p>
   </div>
   <div class='ocr_carea' id='block_1_118' title="bbox 988 2838 1778 2875">
    <p class='ocr_par' dir='ltr' id='par_1_118' title="bbox 988 2838 1778 2875">
     <span class='ocr_line' id='line_1_119' title="bbox 988 2838 1778 2875; baseline -0.001 -8"><span class='ocrx_word' id='word_1_832' title='bbox 988 2848 1150 2867; x_wconf 50' lang='lat' dir='ltr'><strong>numerasse</strong></span> <span class='ocrx_word' id='word_1_833' title='bbox 1181 2845 1300 2874; x_wconf 90' lang='lat' dir='ltr'><strong>quatuor</strong></span> <span class='ocrx_word' id='word_1_834' title='bbox 1327 2847 1412 2875; x_wconf 83' lang='lat' dir='ltr'><strong>supra</strong></span> <span class='ocrx_word' id='word_1_835' title='bbox 1426 2840 1534 2875; x_wconf 81' lang='lat' dir='ltr'><strong>viginti.</strong></span> <span class='ocrx_word' id='word_1_836' title='bbox 1548 2840 1633 2867; x_wconf 73' lang='lat' dir='ltr'><strong>Verba</strong></span> <span class='ocrx_word' id='word_1_837' title='bbox 1656 2843 1721 2866; x_wconf 92' lang='lat' dir='ltr'><strong>sunt</strong></span> <span class='ocrx_word' id='word_1_838' title='bbox 1742 2838 1778 2866; x_wconf 84' lang='lat' dir='ltr'><strong>de</strong></span> 
     </span>
    </p>
   </div>
   <div class='ocr_carea' id='block_1_119' title="bbox 990 2885 1778 2923">
    <p class='ocr_par' dir='ltr' id='par_1_119' title="bbox 990 2885 1778 2923">
     <span class='ocr_line' id='line_1_120' title="bbox 990 2885 1778 2923; baseline -0.001 -9"><span class='ocrx_word' id='word_1_839' title='bbox 990 2887 1035 2914; x_wconf 88' lang='lat' dir='ltr'><strong>illo</strong></span> <span class='ocrx_word' id='word_1_840' title='bbox 1058 2886 1233 2922; x_wconf 85' lang='lat' dir='ltr'><strong>Pachymeris</strong></span> <span class='ocrx_word' id='word_1_841' title='bbox 1260 2887 1318 2916; x_wconf 69' lang='lat' dir='ltr'><strong>hmo</strong></span> <span class='ocrx_word' id='word_1_842' title='bbox 1348 2887 1408 2923; x_wconf 83' lang='lat' dir='ltr'><strong>ipsa</strong></span> <span class='ocrx_word' id='word_1_843' title='bbox 1423 2897 1430 2916; x_wconf 88' lang='lat'><strong>:</strong></span> <span class='ocrx_word' id='word_1_844' title='bbox 1448 2887 1494 2923; x_wconf 83' lang='grc' dir='ltr'><strong>Τῷ</strong></span> <span class='ocrx_word' id='word_1_845' title='bbox 1508 2895 1550 2914; x_wconf 86' lang='grc' dir='ltr'>τοι</span> <span class='ocrx_word' id='word_1_846' title='bbox 1571 2888 1618 2915; x_wconf 75' lang='grc' dir='ltr'><strong>καὶ</strong></span> <span class='ocrx_word' id='word_1_847' title='bbox 1631 2887 1691 2921; x_wconf 77' lang='grc' dir='ltr'><strong>νέος</strong></span> <span class='ocrx_word' id='word_1_848' title='bbox 1709 2885 1747 2913; x_wconf 80' lang='grc' dir='ltr'><strong>ὢν</strong></span> <span class='ocrx_word' id='word_1_849' title='bbox 1765 2888 1778 2913; x_wconf 81' lang='grc' dir='ltr'>ὁ</span> 
     </span>
    </p>
   </div>
  </div>
