1913 3068
162 177 230 208 ’3191)

622 177 655 207 Ρ.
677 174 827 206 POSSlNl
844 176 1171 205 UBSEHVATIONUM
1185 176 1258 206 LIB.
1280 176 1339 208 111,

1717 177 1781 210 1200

160 234 333 269 ύπολειφῡεῖς
357 233 494 268 βασιλεὺς,
517 233 563 268 ἔτη
594 232 715 266 γεγονὼς
734 235 856 267 τέσσαρα
878 231 942 267 πρὸς

999 239 1059 258 rum
1087 233 1151 260 vitae
1179 233 1276 267 ipsius.
1296 238 1325 260 tit
1341 234 1450 268 scripsit
1467 234 1612 270 Cregoras,
1631 237 1713 263 tacite
1741 238 1780 264 hic

158 282 214 312 τρῖς
239 282 326 307 εἴκοςι
352 281 491 314 τηνικάδε.
504 280 572 307 Nam
602 287 664 306 cum
693 280 726 306 ab
752 287 824 307 anno
841 277 943 306 Christi

162 328 228 354 1260
241 328 273 354 ad
295 327 372 355 12811.
394 334 510 360 quorutn
527 326 613 360 priori
649 326 764 360 coepisse
793 325 941 359 imperare,

158 374 303 408 posteriori
331 373 433 400 obiisse
465 371 624 399 Micltaelem
651 371 834 405 Palzeologutn
866 374 943 397 certo

158 419 417 451 demonstravimus,
433 417 608 444 manifestum
620 417 655 444 sit
671 417 842 444 intercedere
857 423 943 442 annos

157 466 291 492 duntaxat
324 465 393 491 duos
423 469 450 491 et
476 464 590 498 viginti,
623 468 697 497 patet
726 462 942 497 promovendum

157 511 273 538 ulterius
286 515 342 538 toto
354 510 464 537 biennio
482 511 601 537 natalem
617 509 767 536 Andronici
788 508 943 535 necessario

155 565 228 591 esse,
243 557 266 584 si
288 564 352 583 vera
377 557 409 584 de
428 556 525 590 ipsius,
541 555 650 590 quando
673 555 820 589 capessivit
834 554 941 588 itnperii

155 604 277 632 habenas
302 603 387 633 solus.
409 607 488 629 :etate
510 603 690 636 Pachymcres
710 599 940 634 scripsertt.Natn

155 649 227 685 quod
246 649 318 676 idem
337 656 362 675 e.
379 648 429 675 ult.
443 648 462 676 1,.
481 655 518 678 vt,
535 647 617 682 hujus
640 654 720 681 quatit
743 653 813 672 nunc
833 646 942 672 edimus

154 696 282 723 Historiae
306 694 465 722 Michaclem
483 694 663 727 l’aluzologunt
686 693 770 719 tradit
790 693 940 726 imperasse

153 743 234 770 annis
258 741 353 776 viginti
370 745 502 775 quatuor,
517 739 718 765 accommodari
740 740 808 765 forte
822 738 856 764 ad
870 738 941 764 \eri-

155 794 238 817 tatem
266 788 291 815 id
315 791 408 822 posset
427 786 469 813 vel
487 794 518 813 ea
539 786 644 813 ratione
661 793 742 819 quam
759 785 938 815 disseremus,

154 844 178 863 c.
193 843 275 870 sq.n.
299 834 326 866 ὅ,
346 833 389 859 vel
413 832 590 867 intelligendo
611 835 784 857 numeratum
802 830 858 857 illic
880 830 940 865 ejus

154 880 299 914 imperiutn
316 877 350 905 ab
365 879 424 912 ejus
441 877 542 904 celebri
556 875 733 910 prtndictiottc
753 884 834 910 quatit
852 875 939 902 Thes-

154 926 281 954 salonica:
305 925 416 951 biennio
430 928 492 950 ante
507 928 663 958 acceperat,
680 931 748 950 voce
773 922 889 957 Marpou
904 923 938 949 dc

154 972 225 999 cmlo
240 971 333 1002 missa,
348 975 376 996 ut
391 975 518 996 narratur
530 969 548 995 l.
567 976 619 1000 t,c.
638 969 665 995 ll
680 977 686 1000 ;
703 968 750 994 sed
764 968 814 994 ltoc
824 967 856 994 ad
876 973 939 994 zela-

154 1024 207 1045 tetn
228 1017 375 1044 Andionici
395 1016 465 1042 trahi
494 1023 547 1042 non
570 1019 669 1049 potest.
690 1022 739 1041 nec
749 1013 875 1041 excusari
889 1014 938 1040 ali-

152 1070 195 1091 ter
223 1064 257 1090 ab
283 1070 376 1089 errore
397 1062 591 1096 Pacltytneres,
617 1060 697 1095 745
722 1060 744 1086 si
766 1068 829 1087 vere
845 1064 938 1087 natum

153 1118 214 1137 etim
233 1108 341 1143 putavit
357 1115 411 1143 quo
430 1116 503 1135 anno
524 1108 608 1142 coepit
626 1108 761 1141 imperare
778 1112 855 1141 pater
868 1107 936 1141 eius.

187 1157 232 1183 IV.
251 1155 383 1182 Existimo
400 1159 489 1181 tamen
506 1162 568 1180 vera
586 1153 640 1180 illic
654 1153 849 1188 Pacltymerem
865 1156 892 1179 et
905 1160 938 1179 ex

151 1208 226 1229 (‘crta
256 1202 420 1236 publicaque
447 1200 545 1227 notitia
572 1199 727 1234 scripsisse.
743 1206 850 1226 errasse
874 1205 938 1225 vero

151 1248 373 1275 Cantacuzenum
400 1247 427 1273 itt
451 1245 638 1272 subduccndis
668 1245 747 1271 antiis
785 1243 938 1270 Andronici

150 1294 277 1324 senioris.
292 1292 338 1328 qtti
354 1292 443 1318 aetatis
456 1299 509 1318 non
527 1291 570 1323 7‘2,
589 1295 618 1317 ut
631 1290 676 1317 ille
694 1289 822 1322 afﬁrmat,
839 1289 887 1316 scd
904 1289 938 1316 74

148 1341 211 1367 vitae
234 1340 315 1366 ﬁnem
341 1337 488 1364 invenerit.
507 1336 606 1371 Hujus~
622 1334 784 1362 assertionis
805 1335 938 1362 habemus

150 1390 291 1412 anctoretu
305 1383 395 1410 eidem
409 1382 568 1409 Andronico
585 1382 831 1408 familiarissimum
846 1387 939 1409 extre-

149 1432 201 1458 mis
216 1431 278 1458 vitze
291 1429 462 1463 temporibus
477 1428 662 1462 Nicephorum
684 1419 847 1462 Grcgoi'am,
864 1428 937 1462 apud

148 1484 229 1512 quem
251 1483 314 1502 cum
331 1475 453 1508 legamus
475 1481 500 1500 c.
518 1474 568 1500 ult.
592 1473 610 1500 1.
630 1481 667 1505 tx,
684 1481 710 1507 p.
729 1473 782 1499 209
805 1473 850 1500 ed.
874 1473 934 1501 Bas.

148 1521 321 1550 confabulari
349 1529 378 1548 se
399 1519 524 1554 quotidie
539 1527 601 1546 etim
617 1519 774 1553 Andronico
795 1523 860 1546 tunc
877 1527 937 1546 mo—

148 1569 238 1596 nacho
258 1568 423 1595 otiosissitue
438 1566 560 1597 solitunt,
582 1570 664 1600 atque
689 1565 758 1592 adeo
777 1566 835 1599 ipsa
851 1569 931 1592 nocte
946 1575 968 1605 ρ

148 1622 201 1649 qua
216 1618 258 1642 est
278 1617 402 1640 mortuus
422 1612 521 1639 mttltas
535 1612 619 1639 horas
635 1611 791 1638 suavissimi
807 1611 936 1644 colloquii

147 1668 210 1688 cum
228 1668 261 1687 eo
276 1659 397 1691 duxisse,
412 1658 490 1685 facile
506 1657 619 1685 credere
633 1664 779 1690 possumus
791 1657 936 1684 rescivisse

147 1714 179 1733 cx
194 1713 228 1732 eo
241 1705 330 1739 ipsum
347 1711 408 1738 qua:
430 1703 464 1729 de
482 1702 556 1729 illius
574 1709 709 1728 annorum
728 1708 841 1727 nutnero
858 1706 936 1727 nota-

146 1752 185 1779 vit
208 1751 235 1778 in
254 1750 383 1777 mouodia
412 1749 444 1776 de
464 1747 615 1775 Andronici
638 1747 727 1778 obitu,
755 1746 833 1773 initio
859 1746 878 1772 l.
909 1754 934 1777 Χ,

149 1806 176 1832 p.
200 1797 264 1829 ‘214,
286 1797 328 1823 his
358 1795 438 1830 plane
462 1794 554 1821 verbis
576 1793 738 1828 εΤέταρτον
755 1794 805 1826 μὲν
820 1792 869 1826 ἤδη
888 1791 934 1817 καὶ

147 1840 350 1876 ἑϐδομηκοστὸν
367 1839 429 1870 ἔτος
452 1838 507 1864 ἀπὸ
522 1838 657 1876 γενέσεως
680 1837 754 1872 αὐτῷ
774 1836 934 1862 τελευτῶντι

147 1888 261 1921 avde-tv
288 1886 404 1918 Quartus
424 1889 448 1910 et
468 1885 673 1919 septuagesimus
700 1891 786 1909 annus
808 1892 824 1909 (ι
841 1882 936 1908 nativi-

147 1938 202 1960 ελσε
228 1932 278 1967 ipsi
310 1931 435 1958 morienti
468 1929 662 1957 absolvebatur.
687 1929 752 1962 Quae
779 1928 861 1955 verba
880 1935 933 1954 non

147 1983 252 2006 tantum
269 1977 368 2004 vixisse
389 1976 464 2003 illutn
480 1975 561 2002 annis
578 1975 623 2007 71,
644 1974 691 2001 sed
709 1974 792 2001 etiam
809 1973 872 2000 illos
886 1980 936 2000 ex-

146 2021 263 2057 plevisse
281 2020 445 2055 signiﬁcant.
461 2018 529 2046 Cutn
545 2023 635 2046 autem
654 2019 689 2046 sit
705 2023 830 2045 mortuus
842 2018 886 2045 die
901 2018 934 2044 12

147 2067 300 2097 Februarii,
319 2071 348 2092 ut
372 2065 445 2092 idem
473 2065 609 2099 Gregoras
633 2064 753 2091 afﬁrmat
776 2064 827 2091 sub
852 2065 932 2091 tinent

146 2115 166 2140 l.
184 2122 221 2145 tv,
235 2114 277 2140 vcl
294 2121 348 2145 inv,
365 2119 392 2139 ut
405 2119 560 2147 anonymus
577 2111 718 2138 adnotavit
731 2111 764 2137 ad
784 2112 933 2144 marginem

145 2160 199 2187 loci
223 2158 417 2189 Cantacuzeni,
435 2165 516 2192 quem
533 2157 614 2192 paulo
634 2163 697 2184 ante
714 2157 869 2190 retulimus,
887 2164 935 2183 eo-

145 2206 236 2241 gimur
249 2205 340 2232 dicere
354 2208 449 2230 natum
461 2202 544 2229 fuisse
555 2202 742 2229 Andronicum
756 2203 807 2230 sub
825 2203 932 2230 initittm

956 909 1007 949 "ri

996 286 1130 306 revocans
1141 280 1214 314 quod
1231 280 1298 307 alias
1309 280 1426 313 dixerat,
1445 281 1652 314 Andronicum,
1673 284 1780 318 quando

994 332 1056 351 cum
1072 325 1151 352 Patre
1164 326 1284 360 primum
1294 317 1434 361 ingressus
1447 334 1488 355 cst
1501 327 1777 363 Constantinopolim,

995 371 1147 398 secundum
1163 372 1252 399 astatis
1267 380 1369 400 annum
1387 374 1494 409 egisse;
1515 382 1577 401 cum
1593 383 1626 402 ex
1644 375 1694 401 ltoc
1710 375 1778 409 quod

995 424 1067 444 nunc
1081 425 1113 444 ex
1128 418 1238 444 certiori
1250 419 1405 445 testitnonio
1419 419 1547 451 afﬁrmat,
1561 421 1735 447 manifestum
1748 421 1780 447 sit

996 463 1046 497 ipsi
1069 468 1133 489 tttnc
1153 469 1283 498 quartum
1299 465 1386 492 aetatis
1404 466 1438 491 ali
1454 466 1559 500 aliquot
1571 467 1626 500 jant
1644 466 1779 492 mensibus

994 517 1057 535 eurr
1077 517 1105 536 re
1127 512 1254 544 eti-pisse,
1272 511 1374 545 quippe
1395 511 1421 538 in
1445 512 1534 538 lucem
1548 512 1623 538 edito
1640 513 1712 538 circa
1731 511 1778 538 ini-

995 556 1062 582 tium
1084 557 1148 582 auni
1165 557 1266 583 Christi
1288 557 1364 584 1258.
1379 558 1407 584 Id
1433 559 1506 592 qttod
1530 566 1582 584 non
1600 565 1696 592 parum
1712 565 1777 592 pne-

995 606 1070 629 terea
1092 603 1272 630 conﬁrmatur
1295 611 1327 631 ex
1359 608 1481 638 tetttporc
1514 605 1671 639 nuptiarum
1690 603 1777 630 Theo-

993 649 1067 676 dorre
1093 650 1189 676 matris
1215 649 1364 677 Andronici
1381 659 1442 677 cum
1464 651 1524 686 ejus
1538 655 1615 686 patre
1637 649 1778 678 Michaele.

993 695 1027 722 ab
1043 697 1201 730 Acropolita
1219 702 1323 724 notato.
1337 697 1386 723 llic.
1401 697 1476 724 enim
1496 697 1619 725 historiae
1633 705 1690 724 Sua:
1705 705 1729 724 e.
1745 695 1775 722 51

994 742 1078 768 refert
1099 742 1232 769 Joannem
1249 743 1348 770 Ducam
1364 743 1407 779 [1).
1423 743 1486 779 5281
1502 744 1698 778 imperatorem
1720 744 1776 771 col-

992 786 1098 813 locasse
1121 786 1246 814 lllicliacli
1273 787 1433 822 l’almologo,
1459 788 1485 815 iit
1517 789 1631 823 gratiam
1669 794 1778 824 recepto

993 831 1149 858 interventu
1161 832 1293 859 Mauuelis
1307 834 1478 867 patriarchae,
1498 834 1671 861 Theodoram
1688 835 1781 861 fratris

992 878 1033 903 siti
1061 878 1125 904 olitn
1155 878 1277 906 defuncti
1324 880 1419 906 lsaacii
1446 881 1527 907 Ducat
1556 880 1781 907 scbastocratoris

1013 924 1086 950 liam.
1118 924 1234 951 Necesse
1261 930 1303 952 est
1329 925 1420 952 dicere
1447 925 1548 952 factum
1577 927 1601 952 id
1629 927 1713 953 fuisse
1730 928 1780 954 sub

992 969 1072 996 ﬁnem
1098 970 1161 996 anni
1187 969 1288 998 Christi
1316 971 1383 997 125i
1411 972 1454 998 vel
1479 972 1621 1006 sequentis
1655 972 1778 1003 ittitiutn,

990 1024 1046 1049 quo
1074 1021 1134 1049 post
1151 1017 1300 1043 multorum
1327 1018 1462 1044 mensium
1481 1018 1639 1051 languorem
1658 1019 1780 1046 Joannes

990 1061 1130 1095 Augustus
1152 1060 1264 1087 Octobri
1284 1069 1376 1088 mense
1407 1061 1480 1088 diem
1511 1062 1593 1097 ’146
1619 1062 1699 1090 obiit.
1732 1062 1781 1090 Est

991 1111 1083 1133 autem
1098 1107 1262 1134 incredibile
1280 1106 1424 1134 fecundatn
1441 1108 1543 1142 alioqui
1560 1108 1706 1135 mulierem
1718 1108 1779 1135 viro

990 1152 1041 1179 avi
1072 1153 1161 1186 pleni,
1190 1152 1291 1186 quippe
1317 1160 1452 1179 annorttm
1482 1153 1686 1188 duodetriginta
1716 1161 1778 1180 eum

990 1198 1069 1225 duxit
1092 1205 1215 1225 iuxoretn
1240 1199 1346 1233 juveni,
1372 1206 1418 1225 sex
1445 1199 1510 1226 totis
1537 1199 1633 1233 primis
1659 1199 1780 1234 coniugii

990 1246 1070 1271 annis
1089 1246 1192 1272 nullam
1220 1245 1324 1279 prolem
1352 1246 1481 1272 edidisse.
1499 1245 1632 1278 Quocirca
1652 1245 1782 1272 existimo

989 1291 1144 1318 Manuelem
1160 1291 1386 1327 primogenitum,
1402 1291 1448 1322 qui
1474 1291 1575 1318 deinde
1593 1291 1684 1318 infans
1700 1291 1781 1322 obiit,

991 1335 1057 1370 ipsis
1079 1339 1171 1362 natum
1199 1343 1270 1362 anno
1295 1335 1398 1362 Christi
1414 1336 1491 1368 1256,
1507 1336 1694 1363 Andronicum
1714 1344 1782 1363 vero

990 1380 1103 1407 biennio
1119 1385 1192 1415 post,
1211 1381 1308 1414 primis
1321 1381 1473 1411 tncttsibus,
1489 1386 1518 1408 ut
1534 1381 1601 1412 dixi,
1616 1382 1680 1408 anni
1697 1381 1779 1408 Citri-

989 1426 1021 1451 sti
1041 1424 1119 1451 1258.
1131 1425 1190 1457 Quo
1206 1425 1294 1458 posito
1323 1432 1408 1459 prona
1432 1425 1534 1452 deinde
1561 1425 1692 1452 facilitate
1715 1430 1780 1459 apta

988 1475 1150 1497 cancrorum
1172 1471 1323 1498 Andronici
1344 1476 1468 1498 actorum
1483 1472 1509 1498 itt
1532 1471 1604 1498 serie
1622 1472 1703 1506 hujus
1718 1471 1781 1498 His-

989 1517 1065 1543 toria:
1079 1516 1223 1551 dispositio
1249 1516 1381 1544 succedit.
1399 1516 1465 1543 Nam
1483 1517 1556 1552 quod
1576 1521 1640 1544 ante
1661 1517 1781 1544 mentio-

987 1570 1049 1589 nem
1064 1562 1145 1589 electi
1166 1562 1192 1588 in
1206 1570 1303 1596 papam
1314 1562 1440 1596 Gregorii
1457 1562 1479 1589 Χ
1494 1562 1590 1589 refert’
1606 1570 1632 1589 c.
1645 1562 1690 1596 '28,
1706 1561 1724 1588 l.
1739 1569 1778 1593 tv,

988 1609 1181 1644 Pacltymeres,
1205 1610 1365 1636 Andronico
1379 1610 1434 1645 jam
1453 1610 1480 1637 in
1496 1610 1584 1636 virum
1601 1609 1706 1641 adulto,
1726 1609 1779 1635 ltoc

988 1660 1030 1683 est
1056 1656 1083 1682 itt
1111 1656 1242 1689 puberem
1261 1661 1287 1682 et
1304 1656 1432 1690 coniugio
1447 1661 1582 1682 maturam
1599 1655 1698 1682 educto
1713 1660 1780 1682 arta-

989 1706 1055 1734 tem,
1076 1706 1181 1733 patrem
1207 1702 1266 1736 ejus
1284 1710 1397 1728 uxorem
1423 1709 1547 1736 quzerere
1566 1701 1690 1736 coepisse.
1708 1702 1779 1728 bene

987 1738 1103 1782 quadrat
1120 1747 1146 1773 iit
1163 1755 1264 1774 attnutu
1277 1747 1380 1774 Cltristi
1398 1748 1477 1779 1271.
1491 1747 1565 1774 sedis
1579 1749 1700 1774 vacantis
1716 1753 1781 1781 post

987 1798 1104 1820 mortctn
1133 1793 1285 1820 Clementis
1308 1794 1400 1828 quarti
1429 1794 1550 1826 tertium,
1568 1801 1623 1828 quo
1644 1794 1779 1820 nimirum

986 1839 1161 1866 Andronicus
1186 1840 1313 1874 quintttnt
1340 1840 1478 1866 decimum
1503 1840 1602 1874 agebat
1618 1839 1707 1866 aetatis
1728 1847 1779 1866 an-

986 1893 1063 1912 num.
1093 1885 1210 1919 Nuptias
1237 1885 1311 1920 ipsas
1327 1884 1479 1912 Andronici
1510 1893 1572 1912 cum
1600 1886 1678 1912 Anna
1703 1885 1780 1919 regis

987 1930 1135 1958 Pannoniae
1152 1931 1216 1963 tilia,
1236 1932 1325 1966 capite
1350 1931 1447 1958 eodem
1475 1936 1651 1962 memoratas,
1669 1931 1702 1958 ad
1725 1939 1781 1957 an-

986 1984 1053 2003 num
1087 1982 1248 2010 sequentem
1279 1976 1381 2004 Christi
1409 1977 1477 2003 1272
1509 1977 1668 2004 referimus.
1695 1976 1779 2004 Unde

986 2022 1139 2056 assutnptio
1163 2022 1314 2050 Andronici
1342 2023 1469 2057 ejusdem
1488 2023 1514 2049 in
1537 2022 1707 2050 consortium
1723 2023 1778 2049 itn-

987 2069 1056 2103 perii
1074 2077 1089 2094 a
1114 2073 1191 2102 patre
1207 2069 1330 2103 Augusto
1347 2068 1429 2100 facta,
1446 2072 1474 2094 et
1487 2068 1618 2095 solemnis
1631 2068 1780 2095 eerunatio

985 2114 1134 2142 Andronici
1149 2119 1177 2141 et
1193 2115 1278 2141 Annae
1307 2122 1441 2140 novorum
1461 2115 1668 2148 Augustorum,
1691 2122 1777 2148 quam

986 2159 1167 2194 Paehymeres
1178 2159 1265 2186 altero
1281 2167 1295 2186 a
1315 2159 1418 2194 ttuptiis
1435 2167 1506 2186 anno
1526 2160 1694 2186 celebratam
1719 2159 1776 2186 ibi-

985 2206 1046 2233 dem
1078 2205 1177 2237 tradit,
1195 2207 1227 2233 ad
1253 2214 1356 2233 annum
1387 2206 1490 2233 Christi
1520 2207 1588 2233 1:273
1620 2207 1778 2234 Andr-uici

146 2252 208 2279 anni
224 2251 326 2278 Christi
344 2250 424 2277 1238.
440 2250 479 2276 Ac
495 2257 530 2276 ne
545 2249 607 2283 quis
622 2248 777 2283 suspicetur
793 2249 933 2283 irrepsisse
950 2253 971 2280 ι)
986 2251 1240 2279 duodevicesimum
1254 2253 1385 2287 pertinet.

145 2306 268 2326 errorem
290 2298 317 2324 in
336 2302 416 2323 notas
443 2296 600 2323 numeralcs
620 2296 692 2330 apud
706 2296 867 2329 Cregoram,
884 2298 932 2331 qui

147 2350 237 2372 tamen
253 2348 366 2370 cxtense
382 2350 414 2369 ac
429 2342 489 2369 sine
503 2346 633 2368 notarum
646 2342 818 2376 compendiis
830 2350 931 2369 annum

145 2389 376 2425 septuagesimum
400 2393 529 2422 quartttm
558 2387 646 2414 aetatis
662 2387 813 2414 Andronici
836 2387 930 2422 expri-

146 2435 298 2466 ttlll,t‘tl;tltl
327 2434 438 2460 aliunde
465 2433 640 2460 manifestum
668 2438 709 2460 est
734 2442 766 2459 ex
783 2434 865 2460 animi
889 2434 931 2460 sui

144 2488 219 2509 certa
241 2480 377 2507 sententia
398 2479 425 2506 id
448 2479 599 2505 affirmasse
614 2478 692 2505 illttm
714 2484 865 2506 auctorem.
888 2479 931 2505 Ait

145 2529 167 2555 is
186 2527 315 2554 ttitnirunt
333 2525 413 2552 initio
428 2532 452 2551 c.
471 2525 520 2551 ull.
538 2525 556 2551 l.
570 2532 606 2555 ιι,
623 2525 694 2552 inter
708 2525 759 2551 alia
779 2525 854 2559 signa
872 2533 932 2558 quae

145 2572 343 2608 portenderunt
361 2571 466 2597 obitutn
492 2569 641 2597 Andronici
668 2570 805 2601 senioris.
846 2571 930 2597 "isam

143 2619 210 2646 solis
226 2617 352 2651 eclipsin,
368 2623 428 2650 qua:
444 2616 556 2648 totidetn
574 2616 672 2643 diebus
695 2621 762 2651 qttot
780 2617 836 2651 ipse
852 2617 931 2643 annis

142 2667 249 2691 vixerat
282 2664 342 2698 ejus
383 2666 498 2689 mortem
536 2663 718 2697 prtecesscrit.
747 2662 930 2690 Cotnmissum

142 2716 352 2746 spectatumque
366 2714 408 2737 est
427 2710 452 2736 id
468 2710 640 2737 noviluniutn
655 2710 814 2744 eclipticum
834 2711 930 2737 ttltimo

143 2756 305 2784 Novembris
327 2755 391 2782 anni
405 2755 507 2782 Christi
525 2755 654 2782 153LEx
681 2763 736 2790 quo
759 2755 780 2782 si
802 2763 930 2783 numeres

144 2809 230 2827 unum
260 2805 287 2827 et
313 2801 424 2835 triginta
458 2801 625 2833 Decembris,
653 2801 767 2828 totidem
787 2801 927 2834 Januarii,

144 2846 288 2872 duodecim
302 2846 442 2873 Februarii
457 2847 526 2879 dies,
542 2851 636 2875 exacte
646 2847 776 2875 conﬁcies
793 2857 927 2876 summam

145 2891 251 2917 dierum
268 2892 435 2926 septuaginta
453 2897 581 2927 quatuor,
600 2901 693 2927 parem
709 2902 826 2921 numero
838 2903 925 2923 anuo-

1284 2312 1397 2339 CAPUT
1422 2312 1469 2339 IX.

985 2367 1119 2395 Statuitur
1150 2375 1253 2403 tempus
1290 2369 1376 2396 obitus
1408 2370 1546 2397 Michaelis
1581 2370 1726 2405 Palreologi
1749 2376 1777 2396 ct

1021 2412 1146 2430 numerus
1177 2412 1307 2440 annorum
1331 2405 1388 2437 ejus
1422 2406 1537 2439 imperti.
1568 2408 1706 2440 Appendix
1741 2412 1777 2432 de

1020 2447 1090 2464 anno
1104 2444 1186 2473 caput:
1199 2448 1214 2465 α
1228 2439 1316 2465 Persis
1333 2440 1466 2466 Heraclea:
1487 2441 1574 2467 l'onli.

1020 2483 1040 2510 Ι.
1055 2483 1207 2518 Utrumque
1222 2490 1306 2519 caput
1327 2485 1360 2512 ad
1377 2486 1576 2514 discussionem
1603 2487 1649 2513 hic
1668 2494 1777 2521 propo-

984 2530 1066 2557 sittttn
1086 2530 1199 2557 molesta
1213 2531 1374 2565 opinionum
1387 2534 1519 2560 varietate
1540 2533 1700 2568 perplexum
1716 2539 1774 2561 est.

983 2577 1018 2604 Ut
1045 2577 1120 2603 enim
1150 2577 1272 2604 omittam
1301 2579 1420 2613 vulgaria
1444 2579 1585 2609 chronica,
1600 2587 1718 2614 quorutn
1743 2579 1774 2606 in

983 2622 1146 2656 quibusdam
1162 2623 1216 2649 vidi
1234 2624 1401 2658 principium
1429 2625 1535 2659 imperii
1556 2625 1705 2652 Andronici
1725 2633 1775 2653 se-

983 2669 1084 2699 nioris,
1097 2669 1171 2703 quod
1195 2670 1287 2696 statim
1300 2679 1314 2697 a
1334 2675 1421 2697 marte
1439 2671 1579 2699 Michaelis
1600 2672 1660 2706 ejus
1683 2673 1776 2706 patris

983 2714 1096 2748 incepit,
1113 2716 1303 2750 consignatum
1328 2725 1400 2744 anno
1421 2718 1525 2745 Christi
1554 2718 1632 2750 1294,
1657 2724 1687 2746 et
1715 2719 1773 2753 ipsi

981 2762 1107 2789 lllichaeli
1133 2771 1180 2790 sex
1201 2769 1229 2790 ct
1247 2764 1358 2799 triginta
1382 2766 1491 2801 imperii
1505 2773 1591 2794 annos
1604 2767 1774 2799 attributos,

981 2808 1146 2843 Spoudanus
1169 2809 1272 2837 obiisse
1292 2810 1451 2838 Michaelem
1479 2820 1553 2839 anno
1571 2812 1673 2840 Christi
1697 2813 1777 2841 1283

981 2853 1069 2896 ponit,
1085 2858 1114 2881 et
1129 2853 1313 2889 principatum
1339 2857 1462 2884 tenuisse
1481 2859 1562 2885 annis
1578 2859 1676 2894 viginti
1698 2867 1777 2894 qua-

982 2903 1043 2926 tuor
1059 2899 1144 2927 refert
1158 2907 1192 2926 ex
1203 2899 1336 2935 Gregora,
1353 2906 1382 2929 ut
1401 2902 1460 2935 ait;
1475 2903 1546 2938 apud
1571 2911 1654 2938 quem
1672 2908 1774 2933 tamen
