1913 3068
163 110 230 142 1201

813 106 861 136 CH
870 104 1146 135 RONOLOGICUS.

1718 102 1784 134 1203

162 167 223 194 loco
247 166 282 193 ab
298 174 331 193 co
360 166 468 193 laudato
497 166 522 193 id
548 174 602 192 non
631 166 750 200 reperio,
768 166 815 192 sed
839 169 944 192 tantum
960 165 983 193 Α
997 162 1073 194 dum,
1087 168 1159 188 anno
1173 160 1273 188 Christi
1294 160 1372 193 19.82,
1386 160 1429 188 die
1446 161 1475 186 11
1493 160 1651 188 Decembris
1665 160 1782 188 Michae-

164 217 307 239 mortuum
322 211 481 239 Michaelem
497 219 570 238 anno
590 213 682 238 mundi
694 212 771 246 juxta
788 215 947 244 computum

164 258 321 285 Graecorum
346 257 425 289 679i,
444 257 530 284 aetatis
553 264 609 284 sum
628 258 672 284 58.
695 257 724 283 Ὀ
753 257 800 290 μὲν
815 256 846 290 δὴ
869 256 947 289 βασι-

163 303 226 334 λεὺς
245 303 339 338 (verba
362 307 425 330 sunt
441 302 570 337 Gregorae
590 303 624 329 de
650 302 780 329 Michacle
798 301 948 335 Palmologo

164 349 322 384 scribentis)
336 350 402 383 περὶ
415 349 461 379 οὒς
480 349 637 384 εἰρήκειμεν
651 349 748 378 τόπους
764 349 832 382 παρ’
852 348 948 374 ἐλπίδα.

163 395 213 428 τῆς
230 393 333 424 οἰκείας
353 394 433 428 ἔτυχε
443 393 571 427 τελευτῆς
585 393 657 419 κατὰ
672 392 702 418 τὸ
719 391 947 426 ὲξακισχιλιοστὸν

164 438 377 465 ἑπτακοσιοστὸν
394 438 571 472 ἐνενηκοστὸν
591 439 701 473 πρῶτον
716 438 788 469 ἔτος,
806 437 879 464 ὀκτὼ
901 437 948 463 καὶ

164 485 333 519 πεντήκοντα
366 484 433 510 ἐτῶν
458 484 615 519 τυγχάνων.
637 484 695 511 lloc
712 489 751 511 est
772 492 779 511 :
796 484 948 518 Imperator

163 530 235 556 circa
260 530 308 556 illa
333 536 392 563 quae
417 529 532 556 diximus
549 529 605 556 loca
620 534 717 564 printer
729 537 802 563 spem
816 531 877 556 vita:
893 537 948 556 sua:

163 573 244 608 ﬁnem
260 574 368 606 inuenit,
382 581 453 600 anno
468 573 550 600 sexies
565 573 705 600 millesimo
718 574 948 608 septingentesimo

164 620 335 654 nonagesimo
354 620 449 654 primo,
472 628 552 654 agens
567 620 654 647 (etatis
670 628 769 647 annum
785 620 948 655 quinquage-

162 665 260 691 simum
274 670 405 692 octavum.
417 665 455 692 lla
470 665 615 700 Gregoras.

199 711 230 737 ll.
250 710 285 737 At
301 715 395 737 noster
419 710 613 745 Pachymeres,
645 711 665 738 l.
691 718 781 742 vt,-c.
808 710 842 737 36
865 710 949 745 hujus

163 755 266 791 operis,
276 755 315 783 sic
330 755 429 783 scribit
442 755 475 783 de
491 756 535 783 die
550 755 642 784 obitus
655 756 795 784 Michaelis
812 765 818 782 :
840 756 948 791 Ἡμέρα

163 800 198 837 ἦν
211 802 376 836 παρασκευὴ
396 801 529 837 ἑνδεκάτη
551 803 786 837 σκιῤῥοφοριῶνος
798 802 878 838 747
899 802 947 828 τοῦ

164 846 256 884 χςψγα]
271 847 349 879 ἔτους
359 855 366 863 ·
384 846 464 874 Feria
481 853 538 874 erat
554 852 629 874 sexta
647 849 786 875 undecima
798 849 947 875 Decembris

164 895 229 920 anni
246 893 325 920 679i.
343 893 383 920 Ac
406 893 434 920 in
459 901 532 920 anno
554 893 665 928 quidem
688 901 786 928 magno
809 901 946 921 consensu

163 938 309 973 Gregoras,
326 943 356 966 ut
368 938 499 970 vidimus,
513 943 700 974 praetereaque
718 939 870 966 Phrantzes
884 946 947 966 cum

163 985 332 1019 Pachymere
355 984 535 1016 conveniunt,
558 989 587 1012 ut
607 984 727 1012 dubitari
754 985 788 1012 de
817 985 870 1012 hoc
892 992 947 1012 non

164 1030 274 1061 debeat,
290 1037 353 1057 cum
371 1030 408 1057 sit
426 1034 517 1058 tamen
536 1030 685 1057 vehemens
706 1038 788 1058 causa
804 1030 948 1058 dubitandi

164 1082 197 1101 ex
213 1075 419 1102 circumstantia
439 1075 495 1102 diei
510 1075 675 1103 Parasceves
694 1076 753 1103 sive
774 1075 849 1103 feria:
866 1081 949 1103 sexta‘.

166 1120 213 1147 illo
240 1128 312 1147 anno
344 1120 513 1149 incurrentis
539 1121 566 1148 in
596 1121 769 1150 undecimam
789 1121 948 1149 Decembris

166 1167 247 1194 diem.
260 1168 307 1194 Est
317 1175 405 1195 anuus
413 1175 474 1195 aera:
489 1167 583 1195 mundi
596 1167 751 1195 Graecorum
763 1167 827 1194 679!
843 1166 948 1194 Christi

167 1213 245 1246 1285,
257 1213 308 1240 hoc
321 1218 363 1241 est
375 1221 433 1248 per.
449 1214 502 1241 Jul.
522 1214 602 1245 5996,
617 1221 671 1248 quo
683 1213 834 1248 fuitcyclus
845 1213 912 1240 solis
920 1214 947 1246 1,

166 1266 299 1286 numerus
326 1267 426 1286 aureus
451 1259 495 1291 11,
522 1259 637 1286 indietio
661 1258 763 1293 pariter
785 1259 828 1285 11.
850 1257 950 1293 Cyclus

166 1312 251 1339 porro
268 1305 334 1333 solis
351 1305 368 1332 4
383 1306 502 1333 litteram
522 1306 626 1334 indicat
639 1305 818 1338 1Dominicam
837 1304 870 1338 C,
888 1312 949 1339 quae

166 1357 228 1376 cum
251 1350 380 1385 insigniat
394 1350 467 1378 diem
487 1350 680 1378 duodecimum
705 1350 873 1382 Decembris,
897 1358 948 1377 un-

167 1395 293 1423 decimus
308 1397 465 1433 necessario
483 1397 567 1424 fuerit
586 1396 744 1428 Sahbatum,
773 1403 828 1423 non
856 1400 948 1423 autem

167 1441 317 1469 Parasceve
341 1442 399 1469 sive
420 1447 497 1470 sexta
514 1443 591 1475 feria,
607 1441 651 1478 [P.
666 1441 728 1478 529]
752 1443 859 1477 qualem
885 1449 949 1469 eum

168 1491 259 1514 tamen
287 1488 334 1515 illo
353 1495 429 1516 anno
453 1488 538 1516 fuisse
569 1488 652 1516 tradit
676 1496 726 1523 pro
751 1488 905 1515 certissimo
922 1492 950 1515 et

167 1533 248 1568 vulgo
272 1534 415 1561 notissimo
431 1535 623 1570 Pachymeres.
650 1536 737 1571 Igitur
759 1543 831 1562 anno
847 1534 949 1562 Christi

169 1579 238 1606 1282
254 1581 323 1607 mori
353 1581 511 1608 Michaelem
537 1581 718 1617 Palaeologum
747 1582 879 1616 oportuit.
897 1589 952 1616 quo

168 1625 261 1660 cyclus
276 1626 342 1653 solis
357 1625 374 1653 3
387 1626 505 1653 litteram
522 1626 670 1654 Dominica:
683 1627 801 1654 indicem
818 1627 894 1654 dedit
910 1627 950 1654 D:

168 1669 227 1697 hare
242 1671 315 1697 enim
328 1671 419 1698 littera
431 1672 504 1699 diem
517 1672 676 1699 Decembris
689 1674 801 1700 tertium
814 1672 951 1699 decimum

168 1715 427 1748 al‘ﬁciens,-tertium
449 1723 524 1745 retro
544 1718 720 1745 undecimum
736 1718 821 1745 fuisse
847 1722 951 1744 sextam

168 1761 264 1788 feriam
294 1763 475 1790 demonstrat.
492 1764 562 1796 Quid
587 1763 671 1798 ergo?
700 1763 824 1790 dicemus
845 1769 952 1790 errasse

168 1806 279 1834 Graecos
309 1808 458 1835 historicos
486 1809 513 1835 in
542 1816 615 1836 anno
637 1808 734 1835 mortis
750 1807 899 1838 Michaelis.
925 1812 953 1835 et

168 1860 219 1887 pro
235 1853 304 1880 6790
327 1859 490 1888 sequentem
510 1853 578 1881 679i
597 1853 750 1881 indicasse?
768 1853 808 1881 Ne
822 1861 953 1888 cogamur

170 1899 222 1926 hoc
242 1899 345 1932 dicere,
360 1899 462 1934 duplex
473 1900 556 1936 hujus
569 1899 739 1935 explicandae
762 1900 953 1935 perplexitatis

167 1946 290 1979 suppetit
305 1945 384 1972 ratio.
399 1947 454 1973 Aut
470 1946 543 1974 enim
558 1946 677 1974 labentis
690 1947 744 1981 jam
758 1946 822 1973 anni
839 1946 908 1973 6790
925 1950 954 1973 et

168 1998 271 2025 paucos
297 1991 430 2019 duntaxat
454 1992 569 2019 extremi
581 1992 740 2019 Decembris
755 1991 816 2019 dies
832 1992 954 2027 reliquos

169 2036 303 2063 trahentis
329 2038 463 2064 rationem
484 2045 538 2064 non
553 2037 708 2065 habendam
730 2038 847 2072 populus
870 2042 898 2065 et
910 2038 953 2065 hi-

167 2083 261 2110 Storici
273 2087 427 2115 censentes,
439 2084 543 2111 obitum
554 2084 612 2119 ejus
619 2092 651 2111 ex
661 2092 734 2112 anno
743 2093 804 2112 mox
816 2086 952 2120 sequenti,

169 2129 249 2160 6791,
266 2137 321 2163 quo
336 2129 360 2155 is
378 2130 505 2157 videlicet
532 2131 663 2162 innotuit,
682 2131 884 2166 insigniendum
899 2139 952 2167 pu-

999 207 1051 235 lem
1071 207 1251 242 Palazologum
1261 207 1404 234 vivendiet
1416 207 1569 242 imperandi
1580 207 1660 234 ﬁnem
1677 207 1783 234 fecisse.

998 253 1126 286 Quandiu
1142 254 1322 287 imperaverit
1335 253 1546 287 disquirendum
1568 257 1663 280 restat.
1681 253 1784 279 Diserte

997 298 1180 333 Pachymeres
1198 297 1266 325 Hist.
1290 306 1314 324 c.
1334 298 1430 325 ultimo
1452 298 1602 332 imperasse
1625 297 1785 324 Michaelcm

997 344 1094 371 asserit
1110 345 1190 371 annis
1200 344 1298 378 viginti
1316 350 1453 378 quatuor;
1473 344 1557 379 idque
1573 344 1674 378 ipsum,
1693 349 1723 370 ut
1738 351 1785 377 pa-

997 390 1051 417 lam
1063 395 1169 420 notum.
1186 390 1266 416 antea
1283 394 1413 423 posuerat
1427 398 1452 417 e.
1467 390 1513 420 21,
1539 389 1558 416 1.
1582 397 1620 417 ιν.
1634 390 1716 424 Atqui
1731 389 1784 415 hoc

998 435 1110 470 quidem
1126 444 1197 471 aegre
1214 436 1379 462 conciliatur
1387 444 1449 463 cum
1464 436 1497 463 iis
1508 436 1632 470 quaejam
1649 435 1723 462 ontui
1740 435 1785 460 ﬁt-

998 481 1093 508 mitate
1106 481 1311 514 constituimus,
1322 482 1452 508 nimirum
1468 486 1627 509 coronatum
1653 488 1715 507 eum
1730 481 1784 507 ritu

998 527 1114 555 solemni
1127 528 1279 563 Augustum
1302 529 1422 563 primum
1437 529 1521 556 fuisse
1534 528 1668 555 Kalendis
1683 528 1769 555 Ianua
1779 542 1785 546 -

998 574 1032 600 rii
1043 574 1106 600 anni
1116 574 1218 601 Christi
1228 574 1402 606 1260,vivere
1409 578 1500 601 autem
1509 574 1623 601 desiisse
1639 574 1785 600 “Decem-

997 619 1055 646 bris
1069 621 1132 646 anui
1151 619 1254 647 Christi
1267 619 1346 652 t'ZS'Z;
1362 627 1423 646 nam
1439 627 1473 646 ex
1487 619 1531 646 his
1540 624 1658 654 apparet
1670 620 1785 646 manife-

997 670 1069 692 stum
1082 665 1231 699 imperasse
1241 665 1318 692 illum
1327 673 1342 692 a
1350 665 1394 692 die
1406 665 1625 700 inaugurationis
1633 673 1689 692 sua:
1700 673 1786 691 annos

997 711 1109 738 omnino
1120 710 1215 745 viginti
1227 717 1295 742 tres,
1305 711 1396 738 minus
1403 712 1497 746 viginti
1508 711 1616 738 diebus.
1623 711 1678 738 Dici
1695 717 1786 738 tamen

999 760 1092 790 potest
1107 764 1163 783 non
1173 764 1370 792 usquequaque
1377 757 1524 784 aberrasse
1536 765 1550 784 a
1563 765 1628 784 vero
1640 757 1787 792 Pachymc—

1000 809 1057 828 rem
1070 801 1386 837 quem'jhﬁverisimilc
1395 808 1437 830 est
1447 803 1474 830 id
1484 804 1612 831 retulisse
1623 804 1696 837 quod
1707 803 1787 837 vulgo

1001 847 1154 874 ferebatur.
1165 847 1242 875 Solet
1252 853 1342 875 autem
1353 849 1470 883 populus
1479 850 1506 876 in
1518 849 1697 876 numerandis
1705 849 1785 876 annis

1001 899 1154 920 accuratam
1172 898 1200 920 et
1220 894 1352 921 minutam
1372 895 1511 929 aspernari
1531 895 1717 930 diligentiam;
1733 903 1786 922 nec

1000 940 1056 967 fere
1071 941 1177 968 dubitat
1192 941 1299 973 decem,
1312 942 1429 976 exempli
1444 942 1541 976 gratia,
1559 943 1583 969 ei
1602 942 1718 977 principi
1735 950 1786 968 an-

1002 993 1051 1013 nos
1067 986 1200 1018 tribuere,
1216 995 1297 1021 quem
1312 991 1419 1014 constet
1433 995 1535 1014 nonum
1551 988 1714 1015 excessisse.
1737 987 1786 1014 Mi-

1000 1031 1074 1059 nime
1098 1031 1163 1058 item
1182 1036 1261 1066 putat
1285 1033 1469 1060 necessarium
1510 1033 1544 1060 ab
1566 1033 1787 1068 inaugurationis

1001 1078 1044 1105 die
1065 1077 1182 1112 primum
1198 1078 1306 1105 initium
1326 1078 1402 1113 regni
1418 1078 1531 1111 ducere,
1548 1079 1594 1105 ubi
1625 1086 1783 1113 supremam

1001 1128 1166 1159 potestatem
1179 1128 1259 1151 antea
1271 1125 1346 1152 illum
1360 1125 1517 1151 exercuisse
1529 1124 1617 1159 palam
1632 1125 1786 1159 est.Itaquc

1002 1169 1148 1204 imperium
1175 1169 1316 1197 Michaelis
1331 1169 1472 1204 Palmologi
1490 1170 1543 1202 jam
1564 1177 1595 1196 ex
1613 1177 1646 1197 eo
1662 1176 1786 1204 tempore

1003 1211 1142 1243 numerari
1163 1216 1252 1250 potuit
1269 1224 1324 1251 quo
1339 1216 1363 1243 is
1383 1220 1459 1243 tutor
1484 1215 1598 1242 Joannis
1608 1219 1650 1242 est
1661 1215 1786 1243 declara—

1003 1266 1065 1293 tus;
1080 1261 1153 1296 quod
1167 1262 1282 1297 contigit
1298 1262 1378 1295 paulo
1395 1266 1456 1296 post
1481 1261 1654 1288 Muzalonum
1673 1262 1787 1294 caedem,

1003 1307 1049 1341 qui
1068 1315 1141 1334 nono
1156 1307 1201 1334 die
1214 1307 1248 1334 ab
1263 1306 1341 1334 obitu
1366 1306 1504 1333 Theodori
1522 1306 1636 1340 Augusti
1663 1312 1728 1333 sunt
1744 1307 1787 1333 in-

1003 1353 1120 1380 teriecti.
1138 1352 1210 1379 Mors
1224 1352 1360 1380 Theodori
1379 1360 1411 1379 cx
1423 1352 1579 1386 Acropolita
1595 1352 1621 1378 in
1633 1351 1786 1387 Augustum

1004 1406 1127 1426 mensem
1160 1398 1267 1430 incidit,
1298 1398 1398 1432 opinor
1425 1397 1608 1429 desinentem,
1642 1405 1702 1424 cum
1736 1398 1788 1425 Pa-

1003 1444 1146 1479 chymere‘s
1174 1452 1233 1472 eam
1264 1444 1388 1471 conferat
1421 1443 1450 1471 in
1480 1443 1601 1471 conﬁnia
1630 1443 1734 1471 aestatis
1759 1448 1788 1471 et

1003 1490 1137 1518 autumni.
1172 1490 1193 1517 Δ
1214 1489 1368 1524 Septembri
1390 1497 1455 1525 ergo
1493 1489 1558 1517 anni
1595 1489 1697 1517 Christi
1720 1489 1789 1518 1259

1003 1536 1110 1570 imperii
1131 1536 1250 1563 habenas
1261 1535 1375 1562 Michael
1389 1535 1546 1569 sumpserit,
1559 1542 1628 1569 quas
1639 1536 1726 1563 lenuit
1736 1535 1788 1562 du-

1003 1581 1043 1607 cis
1059 1580 1161 1615 magni,
1184 1580 1284 1607 deinde
1296 1579 1417 1614 despota:
1430 1580 1520 1611 titulo,
1537 1579 1625 1606 donec
1642 1580 1693 1607 sub
1706 1581 1788 1607 ﬁnem

1003 1625 1163 1652 Decembris
1183 1625 1215 1651 ad
1236 1625 1345 1659 imperii
1366 1618 1427 1651 cum
1444 1624 1548 1659 pupillo
1564 1624 1709 1659 collegium
1724 1633 1788 1652 eve-

1003 1671 1128 1698 heretur.
1151 1671 1257 1697 Revera
1270 1670 1355 1704 igitur
1377 1670 1525 1704 imperavit
1549 1677 1632 1703 super
1646 1677 1733 1697 annos
1747 1670 1789 1697 vi-

1003 1716 1071 1751 ginti
1091 1721 1145 1743 tres
1164 1716 1287 1750 expletos
1307 1715 1417 1742 duobus
1432 1715 1489 1742 fere
1502 1715 1654 1747 mensibus,
1672 1721 1702 1743 ut
1716 1717 1737 1742 si
1754 1717 1788 1744 de

1003 1760 1227 1788 annisincboatis
1245 1767 1337 1787 sermo
1359 1761 1405 1792 sit,
1431 1760 1524 1795 negari
1545 1765 1664 1794 nequeat
1678 1761 1714 1787 21
1729 1761 1788 1796 ejus

1003 1805 1109 1840 imperii
1123 1813 1210 1833 annos
1224 1806 1364 1833 numerari
1380 1807 1514 1841 potuisse.
1532 1806 1562 1834 In
1578 1807 1653 1835 hunc
1676 1807 1788 1835 modum

1003 1851 1199 1887 Pachymerem
1236 1851 1347 1886 quidem
1381 1853 1416 1879 ab
1445 1859 1540 1880 errore
1571 1853 1746 1881 vindicamus
1779 1864 1786 1882 :

1003 1897 1178 1929 Phrautzem,
1191 1898 1235 1932 qui
1247 1902 1362 1925 mortem
1372 1897 1512 1926 Micllaefis
1520 1899 1662 1934 conjungit
1672 1907 1734 1928 cum
1745 1901 1789 1928 in-

1003 1943 1123 1971 dictione
1135 1943 1335 1977 14,ἀλογιστίας
1342 1944 1483 1972 absolvere
1492 1952 1545 1972 non
1557 1953 1710 1980 possumus.
1721 1946 1789 1974 Cer-

1002 1989 1138 2018 tissimum
1153 1990 1227 2017 enim
1240 1993 1281 2016 est
1296 1998 1369 2017 anno
1383 1990 1484 2018 Christi
1503 1991 1582 2023 1282,
1600 1999 1655 2026 quo
1670 1992 1789 2020 Michae-

1003 2036 1056 2063 lem
1071 2039 1178 2063 constat
1203 2040 1354 2069 mortuum,
1378 2037 1556 2065 indictionem
1574 2037 1608 2064 10
1624 2037 1710 2066 fuisse
1734 2047 1788 2066 nu-

1004 2087 1149 2110 meratam.

1041 2129 1085 2156 ιν.
1103 2128 1240 2157 Hactenus
1261 2128 1360 2156 versati
1373 2128 1570 2163 chronologica
1593 2129 1725 2157 methodo
1741 2138 1788 2157 su-

169 2179 308 2206 laverunt,
325 2176 449 2210 neglecto
471 2176 632 2204 discrimine
649 2177 753 2204 nullius
766 2179 897 2205 momenti
917 2178 950 2204 ad
969 2176 990 2203 D
1005 2181 1067 2200 mus
1080 2173 1107 2200 in
1122 2174 1234 2208 epochis
1250 2174 1332 2208 hujus
1347 2173 1468 2200 historiae
1485 2174 1612 2208 ﬁgendis,
1631 2182 1691 2209 quae
1709 2180 1786 2203 certo

168 2220 276 2247 civilem
303 2222 525 2254 aestimationem,
544 2230 604 2256 qua:
633 2222 689 2250 fere
714 2223 848 2250 minutam
874 2223 953 2257 ἀκρί-

169 2266 246 2291 ϐειιιν
272 2267 388 2300 respuit.
402 2267 466 2300 Aut,
483 2268 557 2302 quod
575 2268 755 2295 verisimilius
779 2276 852 2299 reor,
865 2276 950 2295 anno-

169 2318 230 2337 rum
246 2311 339 2338 mundi
360 2315 387 2338 et
401 2319 461 2338 terte
479 2320 536 2339 suae
549 2313 725 2347 principium,
740 2314 803 2341 item
819 2318 848 2340 ut
865 2313 954 2340 indic-

170 2356 264 2388 tionis,
285 2365 298 2383 a
317 2357 471 2391 Septembri
497 2358 583 2386 Graaci
610 2359 783 2393 repetebant.
803 2359 881 2387 Unde
896 2360 954 2394 jam

170 2408 228 2430 tum
246 2411 336 2430 annus
361 2404 455 2430 mundi
483 2405 560 2440 juxta
592 2404 666 2439 ipsos
695 2404 761 2431 6791
797 2409 918 2439 (mperat
940 2413 954 2432 a

170 2455 264 2476 mense
286 2448 343 2476 fere
368 2449 461 2482 tertio,
478 2457 540 2476 cum
556 2450 620 2476 anni
638 2449 743 2476 Christi
760 2449 830 2476 1282
852 2451 954 2478 mensis

168 2494 282 2520 ultimus
312 2494 461 2521 December
491 2494 661 2521 volvebatur.
691 2495 725 2523 Ut
749 2503 813 2522 vcre
834 2495 955 2523 dixerint

169 2538 361 2574 Pachymeres,
374 2538 509 2574 Gregoras
519 2544 547 2567 et
562 2540 711 2568 Phrantzes
725 2540 826 2568 abiisse
837 2541 954 2569 Michae-

168 2585 222 2612 lem
249 2592 322 2612 anno
347 2585 428 2617 6791,
443 2592 494 2613 nec
511 2593 573 2612 vere
590 2591 679 2613 tamen
692 2587 852 2621 scripserint
867 2587 955 2621 Spon-

170 2630 259 2657 danus
272 2634 300 2657 et
311 2629 462 2658 Rainaldus
475 2630 602 2658 eumdem
620 2639 691 2658 anno
701 2630 802 2659 Christi
817 2632 885 2659 1'283
899 2631 954 2659 fato

168 2675 305 2706 functum.
321 2683 382 2704 cum
400 2676 446 2703 illo
460 2684 533 2703 anno
545 2676 605 2704 dies
615 2676 775 2704 Decembris
792 2676 936 2704 undecima
946 2696 953 2707 ,

169 2729 224 2756 qua
247 2722 348 2749 efﬂavit
370 2722 502 2755 animam,
523 2722 685 2754 Sabbatum,
704 2730 758 2750 non
785 2727 862 2750 sexta
887 2723 954 2750 feria

167 2767 261 2795 fuerit.

206 2814 250 2842 Ill.
264 2813 319 2842 lloc
330 2814 414 2843 icitur
425 2815 613 2843 existimamus
627 2823 675 2847 pro
686 2815 840 2843 indubitan
854 2819 952 2843 tenett-

1005 2219 1097 2254 aliquo
1124 2219 1248 2254 insigniri
1278 2219 1438 2246 charactere
1466 2223 1639 2252 potuerunt:
1671 2225 1786 2247 caeteras

1005 2273 1122 2300 quarum
1140 2265 1347 2292 statuendarum
1365 2264 1392 2291 in
1408 2264 1537 2298 prudenti
1555 2266 1714 2300 conjectura
1734 2270 1788 2292 tota

1004 2318 1066 2344 spes
1083 2310 1134 2337 sita
1149 2314 1201 2341 est,
1217 2310 1262 2337 hic
1283 2310 1422 2345 sigillatim
1439 2310 1553 2344 exsequi
1576 2318 1628 2337 nec
1644 2312 1732 2338 otium
1749 2316 1791 2338 est

1005 2362 1056 2381 nec
1068 2361 1158 2388 operae
1173 2353 1255 2381 fuerit
1270 2353 1399 2388 pretium.
1413 2353 1487 2380 Satis
1500 2353 1537 2380 sit
1554 2361 1612 2386 eas,
1627 2354 1668 2381 uti
1688 2359 1716 2382 et
1730 2359 1790 2382 acta

1005 2400 1057 2427 hoc
1074 2407 1158 2434 opere
1172 2404 1322 2427 memorata
1352 2400 1498 2435 praecipua,
1514 2400 1658 2428 verisimili
1684 2401 1791 2428 ratione

1006 2446 1033 2472 in
1052 2445 1177 2473 ordinem
1196 2446 1326 2480 digestas,
1341 2445 1424 2472 certis
1448 2446 1476 2472 in
1492 2446 1577 2473 abaco
1589 2446 1792 2480 chronologico

1006 2491 1085 2518 annis
1095 2491 1246 2526 assignare.
1261 2490 1340 2523 Quod
1356 2495 1504 2525 antequam
1533 2492 1722 2526 aggredimur.
1741 2492 1791 2519 de-

1005 2536 1230 2565 scribendanthic
1241 2536 1283 2572 [P.
1295 2535 1356 2572 550]
1369 2536 1433 2563 duxi
1441 2536 1693 2564 aduotatiunculam
1704 2537 1792 2565 lecto-

1006 2583 1055 2615 ris,
1072 2587 1101 2610 ut
1124 2587 1247 2617 apparet.
1271 2583 1394 2610 accurati
1423 2583 1571 2617 ascriplam
1590 2583 1618 2610 in
1639 2583 1791 2610 Barberino

1006 2629 1110 2664 optimo
1124 2628 1219 2655 codice
1235 2628 1267 2655 ad
1288 2636 1363 2655 oram
1377 2629 1554 2661 exteriorem,
1570 2636 1585 2656 e
1604 2629 1715 2664 regione
1726 2637 1789 2655 ver-

1007 2675 1104 2702 borum
1120 2674 1230 2701 illorum
1239 2674 1318 2706 c.27,
1328 2675 1347 2700 Ι.
1359 2682 1400 2701 tv:
1416 2674 1477 2701 Τῶν
1489 2674 1586 2709 χωρῶν
1600 2676 1791 2709 κατεχομένων

1005 2721 1062 2750 τοῖς
1080 2719 1209 2755 Πέρσαις,
1225 2719 1307 2745 πάλαι
1324 2719 1357 2744 ἂν
1373 2719 1433 2750 ταῖς
1447 2718 1551 2754 χώραις
1565 2719 1612 2745 καὶ
1633 2719 1703 2745 αὐτὰ
1731 2727 1784 2744 συν.

1007 2764 1154 2792 απώλοντο.
1179 2765 1219 2792 Ad
1235 2764 1305 2796 haec,
1327 2763 1406 2798 signo
1422 2763 1512 2791 indice
1540 2764 1675 2798 apposito,
1704 2763 1743 2791 sic
1758 2772 1790 2790 cx

1007 2811 1122 2839 adverso
1143 2811 1275 2845 scriptum
1297 2818 1380 2838 manu
1398 2810 1588 2844 antiquissima
1603 2816 1631 2839 et
1649 2811 1791 2840 scrintura'
