1913 3068
913 161 1116 192 ΑΡΡΕΝΒΙΧ.

1763 165 1833 196 12ὶῦ

988 313 1039 342 AD

477 403 706 463 SPECllllEN
762 405 1019 464 Sll‘lENTl/E
1066 407 1279 465 lNDOlllllll
1325 408 1546 468 VETlllllllll

784 521 1235 567 PROLEGOMENA

517 619 773 651 INTERPRETE
790 620 923 650 PETRO
937 621 1118 659 POSSINO,
1141 621 1380 653 SOCIETATIS
1401 623 1508 656 JESU.

815 791 1149 823 PROLEGOMENON
1170 794 1196 823 1.
1232 792 1235 795 ’

233 865 377 896 Historia
389 865 619 905 deportationis
630 876 670 897 ex
684 866 779 897 India
800 867 832 896 in
850 867 1009 898 Persidem
1027 867 1104 898 libri
1119 869 1171 899 cui
1187 869 1298 899 titulus
1310 873 1354 899 est
1371 879 1380 898 :
1398 881 1412 898 α
1430 870 1593 909 Specimen
1609 872 1777 911 sapientia

824 918 980 948 Indorum
1005 923 1183 950 veterum.»

982 1013 1016 1020 -Δ

225 1081 246 1108 Ι.
270 1080 408 1108 Chosroes
422 1100 428 1112 ,
447 1081 594 1108 Persarum
609 1089 672 1113 rex,
690 1082 737 1116 qui
754 1086 781 1108 et
801 1082 980 1110 Anasuranus
995 1086 1017 1115 Α
1033 1081 1219 1114 senatoribus,
1238 1082 1305 1109 viris
1319 1081 1436 1117 magnis,
1457 1083 1610 1118 prudentiae
1624 1091 1655 1111 ac
1670 1084 1825 1118 sapientiae.

189 1126 348 1153 nominatus
373 1131 425 1157 est,
457 1126 568 1153 Daridis
589 1127 671 1159 ﬁlius,
699 1135 761 1154 cum
792 1128 915 1155 audisset
946 1129 982 1156 de

188 1173 308 1207 quodam
337 1172 407 1198 libro
439 1173 596 1206 conscripto
626 1173 654 1199 in
681 1173 792 1207 regione
831 1174 915 1202 India:
946 1175 980 1201 ab

188 1218 305 1245 eruditis
319 1223 346 1244 et
358 1218 531 1253 sapientibus
544 1218 654 1246 illarum
667 1220 802 1254 gentium,
822 1221 981 1248 continente

187 1264 296 1291 fabulas
317 1265 395 1291 valde
411 1265 492 1291 utiles
510 1265 583 1291 otnni
602 1265 745 1292 hominum
764 1266 868 1300 generi,
888 1267 980 1301 parvis

187 1316 215 1338 et
231 1311 346 1344 Inagnis,
363 1311 536 1345 principibus
553 1316 581 1338 et
597 1312 724 1343 subditis,
741 1313 788 1346 qui
802 1314 980 1340 absconditus

187 1361 345 1385 servaretur
362 1358 388 1384 in
401 1359 476 1392 regio
489 1358 544 1384 illic
557 1358 713 1385 tabulario:
731 1360 764 1385 de
779 1359 839 1390 hnc,
857 1360 980 1394 inquam,

187 1403 291 1429 Certior
305 1402 405 1434 factus,
424 1407 452 1429 et
469 1403 549 1437 plane
566 1411 713 1436 persuasus
730 1404 865 1430 salubrem
884 1405 934 1431 sibi
950 1412 981 1432 ac

187 1449 247 1476 suis
282 1448 397 1475 istorum
433 1449 609 1483 apologorum
646 1458 737 1476 mores
771 1450 978 1478 iuiormantium

187 1494 372 1529 caguitioncm
400 1494 468 1524 fore.
489 1495 569 1528 jusxit
603 1496 705 1529 inquiri
737 1497 826 1522 virum
859 1497 979 1531 aliquem

187 1541 298 1567 tl()t‘llllll
319 1560 326 1571 ,
364 1541 496 1567 scientem
534 1541 633 1574 lingua:
666 1542 792 1573 ludicze,
828 1543 872 1569 cui
907 1548 980 1570 recte

187 1586 346 1613 demandari
363 1587 505 1621 negotium
523 1592 616 1621 posset
635 1588 694 1621 ejus
710 1589 802 1622 operis
820 1589 845 1615 in
864 1597 977 1624 regnum

186 1637 213 1659 ct
243 1641 399 1659 sermonem
435 1633 577 1660 Persicum
597 1634 792 1661 transl'cremh.
828 1635 904 1662 Haud
940 1636 977 1663 ita

186 1678 273 1705 multo
309 1683 371 1713 post
409 1679 427 1705 ii
462 1680 563 1713 quibus
596 1680 666 1707 hanc
701 1688 795 1707 curam
830 1681 945 1709 dederat
971 1702 979 1714 ,

185 1725 362 1751 adduxerunt
389 1725 439 1759 ipsi
465 1726 554 1751 virum
580 1726 744 1759 prudentem
762 1746 770 1758 ,
796 1733 878 1761 atque
903 1729 978 1755 omni

185 1779 287 1806 genere
302 1772 490 1799 doctrmarunt
508 1772 659 1801 eruditum.
677 1777 736 1799 arte
755 1779 787 1798 ac
808 1773 980 1807 professione

186 1818 335 1849 medicum,
348 1819 460 1845 nomine
472 1818 614 1845 Perzoem.
627 1818 677 1844 llic
688 1826 750 1845 cum
764 1819 790 1845 in
802 1825 979 1853 conSpcctum

184 1866 309 1891 venisset
325 1864 407 1898 regis,
433 1863 632 1890 demississime
655 1864 842 1897 prostratione
856 1864 982 1898 corporis

187 1919 250 1937 eum
278 1915 436 1942 veneratus,
464 1909 509 1936 ubi
541 1909 749 1939 assurrexiswt,
777 1909 816 1935 sic
849 1915 890 1936 est
917 1918 980 1936 eum

185 1956 285 1982 allatus
310 1955 446 1982 Chost‘oes
465 1963 471 1981 :
491 1955 616 1981 Delutum
651 1954 683 1980 ad
721 1962 763 1981 me
797 1961 838 1982 est
874 1955 907 1981 de
936 1960 981 1982 tua

185 2002 344 2037 prudentia.
368 2001 526 2028 eruditione
548 2009 579 2028 ac
598 2001 712 2028 virtute.
743 2001 824 2028 Venit
847 2010 930 2036 porro
953 2002 979 2028 in

186 2057 274 2076 meam
289 2048 414 2075 notitiam
432 2047 503 2074 fama
514 2048 575 2074 libri
588 2048 729 2082 cujusdam
741 2047 766 2074 in
780 2048 855 2075 ludia
866 2048 979 2081 servati,

184 2099 320 2129 praecepta
342 2101 449 2120 morum
478 2093 620 2126 prurclara,
647 2094 730 2127 gratis
754 2094 857 2120 intexta
884 2102 979 2121 narra-

183 2139 329 2170 tiunculis,
351 2139 498 2166 utilissime
519 2138 663 2165 tradentis.
684 2138 772 2174 Hujus
793 2148 843 2174 ego
866 2141 978 2167 videndi

184 2185 465 2220 communicandique
506 2184 598 2212 Persis
628 2188 696 2212 meis
736 2185 842 2220 ingenti
884 2190 980 2213 teneor

185 2233 336 2260 desiderio.
363 2232 413 2259 llic
438 2239 501 2259 cum
527 2232 646 2259 Perzoes
671 2232 702 2259 ad
730 2239 839 2258 omnem
864 2241 978 2267 operam

184 2285 268 2314 atque
277 2278 440 2313 obsequium
451 2286 509 2305 sese
519 2282 676 2312 promptum
684 2278 838 2310 obtulisset,
849 2280 979 2313 praecepit

184 2334 232 2352 rex
265 2325 290 2352 ei
321 2324 462 2352 numerari
496 2329 600 2351 tantum
629 2324 753 2358 pecunia:
787 2329 919 2359 quantum
949 2325 977 2352 in

184 2371 317 2398 vralicum
334 2374 362 2397 et
382 2370 628 2397 commorationem
650 2370 678 2396 in
698 2369 774 2397 India
793 2371 976 2398 necessariam

139 2420 143 2421 ⁷
183 2419 215 2444 ad
233 2425 291 2444 rem
321 2425 382 2452 qtne
413 2416 618 2452 injungebatur_
652 2416 762 2443 abunde
792 2416 975 2444 suiIecttIrum

183 2465 336 2492 videretur.
362 2464 431 2491 Tum
459 2463 510 2497 ipsi
534 2463 621 2490 dixit:
645 2462 698 2490 Ubi
717 2463 775 2490 haec
799 2464 976 2498 expenderis,

183 2517 230 2539 aut
250 2510 503 2545 quomodocunque
522 2515 631 2543 sumptu
652 2509 707 2535 alio
723 2510 843 2543 egueris,
866 2509 909 2536 lac
928 2517 979 2537 nos

183 2558 316 2585 continuo
325 2565 374 2591 per
387 2556 470 2583 ﬁdum
481 2555 609 2582 nuntium
619 2555 762 2581 certiores.
775 2555 977 2583 Submittemus

182 2609 274 2631 statim
308 2602 441 2638 quidquid
476 2609 591 2636 posces:
627 2601 693 2627 nulli
729 2602 802 2628 enim
838 2601 977 2635 impendio

182 2655 288 2677 eertum
317 2649 398 2676 nobis
425 2652 478 2679 est,
507 2655 562 2681 quo
591 2652 645 2673 tam
677 2646 752 2673 utilis
784 2647 977 2673 commentarii

183 2696 334 2730 participes
351 2695 460 2726 ﬁamus,
479 2702 602 2728 parcere.

217 2743 251 2768 ll.
267 2742 315 2769 Dat
329 2750 358 2768 se
374 2742 401 2768 in
415 2741 485 2767 viam
499 2741 550 2768 sub
570 2741 628 2767 haec
640 2740 769 2775 Pcrzoes,
787 2746 814 2768 et
829 2741 856 2767 in
871 2741 976 2769 Indiam

182 2788 326 2821 appulsus.
353 2786 389 2814 ibi
414 2786 590 2820 frequentare
613 2786 704 2813 aulam
734 2786 837 2820 regiam
863 2787 974 2820 institit,

183 2833 362 2866 quotidieque
403 2840 537 2866 apparere
582 2831 609 2858 in
650 2832 779 2866 palatinis
817 2832 975 2866 exhedris,

184 2877 385 2904 confabulando
406 2885 468 2904 cum
490 2878 633 2905 ministris.
653 2878 727 2913 regni
748 2879 910 2912 proceribus
946 2888 977 2907 ac

1034 1128 1171 1155 facundiae
1194 1136 1304 1163 quoque
1327 1132 1355 1155 et
1381 1129 1547 1156 eruditionis
1571 1130 1727 1165 omnigenze
1751 1131 1829 1158 laude

1035 1174 1205 1208 conspicuis.
1233 1173 1303 1207 Quin
1325 1175 1408 1201 etiam
1447 1175 1647 1210 pmcipuorum
1685 1185 1720 1203 ex
1764 1177 1831 1212 ipsis

1035 1219 1210 1253 maximeque
1219 1219 1369 1245 illustrium
1381 1219 1473 1246 limina
1484 1220 1830 1257 terebat,domiquemque

1033 1264 1204 1291 conveniens
1212 1272 1243 1291 ac
1251 1265 1375 1291 salutans
1382 1273 1449 1297 sum,
1467 1270 1495 1292 et
1503 1271 1532 1293 ut
1540 1267 1661 1300 ipsorum
1673 1269 1831 1302 promiscuo

1033 1318 1161 1339 sermone
1188 1311 1360 1346 proﬁciebat,
1400 1313 1441 1338 sic
1467 1316 1495 1339 et
1527 1313 1580 1340 illis
1607 1314 1730 1341 vicissim
1759 1315 1830 1342 haud

1034 1358 1173 1392 ingratum
1197 1358 1335 1385 comitatis
1357 1362 1385 1385 et
1409 1358 1493 1385 studii
1513 1359 1652 1393 specimen
1674 1361 1831 1393 exhibens.

1034 1411 1088 1430 non
1114 1412 1197 1438 parva
1219 1411 1267 1431 sua
1281 1403 1380 1430 'laudc.
1402 1404 1488 1430 Porro
1518 1404 1545 1431 in
1572 1406 1614 1432 his
1635 1408 1832 1441 congressibus

1034 1448 1246 1483 diligentissime
1262 1449 1388 1480 cavebat,
1407 1457 1441 1476 ne
1456 1449 1522 1484 quid
1538 1455 1631 1485 ageret
1647 1456 1694 1478 aut
1711 1452 1829 1485 diceret,

1035 1495 1107 1520 unde
1139 1494 1269 1522 subolere
1299 1495 1429 1529 cuiquam
1467 1501 1562 1530 posset
1596 1497 1704 1525 venisse
1740 1499 1828 1534 ipsum

1024 1540 1207 1577 exscribendi
1225 1548 1310 1567 causa
1332 1541 1412 1571 libri,
1436 1549 1518 1576 quem
1542 1542 1624 1569 Indos
1636 1544 1743 1571 sciebat
1759 1545 1831 1573 nolle

1034 1587 1231 1613 communicari
1254 1587 1383 1620 gentibus
1403 1588 1519 1616 exteris:
1537 1593 1642 1615 tantum
1662 1597 1719 1624 prae
1736 1599 1766 1618 se
1788 1591 1829 1619 [ες

1035 1633 1112 1658 rebat
1126 1633 1222 1667 ingens
1240 1632 1409 1659 desiderium
1435 1633 1572 1665 discendi,
1597 1634 1734 1662 simulans
1746 1636 1829 1663 etiam

1034 1686 1062 1705 se
1081 1678 1226 1712 ignarum;
1251 1683 1279 1705 et
1296 1683 1369 1705 tanta
1390 1679 1531 1706 docilitate
1553 1680 1669 1707 audiens
1688 1681 1827 1709 interdum

1034 1724 1085 1750 sibi
1106 1729 1181 1754 nota.
1202 1724 1268 1751 dum
1286 1725 1320 1751 ab
1341 1725 1472 1756 exoratis,
1493 1731 1563 1753 utse
1576 1734 1631 1754 non
1646 1734 1831 1762 gravarentur

1000 1765 1200 1804 Bdiscipulum
1232 1770 1408 1805 peregrinum
1437 1771 1559 1804 erudire,
1591 1775 1829 1808 gymnosophislis

1035 1817 1223 1847 traderentur,
1243 1822 1272 1843 ut
1289 1818 1362 1851 ipsos
1378 1818 1567 1852 magisterium
1583 1818 1733 1846 delectaret
1745 1828 1828 1848 suum

1035 1867 1087 1889 tam
1105 1863 1161 1890 acri
1177 1863 1309 1890 discentis
1331 1864 1485 1892 attentione
1508 1865 1747 1894 commendatum.
1777 1868 1829 1895 Per

1033 1908 1091 1935 inec
1122 1910 1173 1936 sibi
1201 1910 1353 1936 concilians
1383 1918 1506 1937 amOrem
1539 1916 1567 1938 et
1594 1912 1829 1940 existimationem

1033 1956 1195 1986 tnultorum,
1210 1957 1284 1983 curis
1300 1957 1440 1989 omnibus,
1454 1957 1606 1992 irrequieta
1619 1957 1765 1991 instantia,
1783 1959 1830 1986 sed

1032 2001 1112 2033 clam,
1143 2007 1171 2028 ut
1199 2009 1268 2036 opus
1299 2006 1369 2033 erat,
1398 2008 1426 2030 et
1453 2004 1521 2030 citra
1552 2005 1740 2038 suspicionem
1771 2007 1828 2032 voti

1032 2047 1149 2080 proprii,
1172 2047 1332 2074 mandatum
1354 2048 1408 2075 sibi
1432 2050 1573 2083 negotium
1591 2050 1717 2085 urgebat,
1732 2051 1830 2079 modos

1031 2093 1180 2127 exquirens
1195 2093 1222 2119 in
1239 2094 1359 2121 latebras
1374 2095 1536 2129 penetrandi
1549 2097 1675 2123 conscias
1687 2096 1831 2124 desidera-

1031 2139 1129 2166 tissimi
1157 2140 1290 2167 thesauri.
1316 2141 1383 2171 Quia
1410 2149 1474 2168 vero
1499 2142 1526 2168 id
1554 2143 1686 2170 cernebat
1711 2150 1829 2171 externo

1030 2187 1083 2214 sibi
1107 2189 1270 2223 contingere
1292 2188 1372 2216 aliter
1391 2188 1462 2215 haud
1478 2197 1559 2223 posse
1585 2197 1668 2223 quam
1690 2190 1828 2218 beneﬁcio

1030 2234 1184 2269 cujuspiam
1207 2242 1242 2260 ex
1266 2234 1322 2261 illic
1340 2234 1511 2268 potentibus,
1537 2235 1688 2261 multorum
1715 2237 1768 2263 sibi
1795 2245 1827 2263 ex

1030 2279 1098 2314 ipsis
1106 2287 1169 2314 para
1175 2287 1202 2306 re
1212 2279 1363 2307 amicitiam
1373 2280 1463 2307 omnis
1471 2280 1580 2315 generis
1590 2280 1690 2307 ciliciis
1698 2281 1827 2311 enrabai:

1029 2334 1080 2354 nec
1104 2326 1264 2360 plerumque
1287 2325 1408 2353 frustra:
1432 2333 1495 2352 nam
1521 2329 1551 2352 ut
1572 2330 1636 2352 sunt
1654 2326 1712 2352 fere
1740 2327 1826 2354 animi

1030 2371 1172 2398 hominum
1201 2371 1234 2398 ad
1274 2372 1390 2406 gratiam
1417 2371 1525 2403 teneri,
1556 2379 1571 2398 a
1601 2371 1730 2406 plurimis
1756 2381 1828 2408 quos

1029 2417 1164 2444 demereri
1193 2417 1328 2452 obsequio
1352 2416 1507 2448 studuerat,
1528 2424 1582 2451 qua
1607 2418 1723 2452 privatis
1739 2438 1745 2448 .
1772 2426 1827 2453 qua

1031 2464 1112 2491 etiam
1130 2463 1346 2498 magistratibus,
1363 2463 1436 2490 haud
1450 2463 1554 2498 vulgari
1567 2463 1785 2509 existimationis
1798 2470 1826 2492 et

1033 2510 1232 2538 benevolentiae
1257 2509 1462 2544 signiﬁcatione
1477 2509 1633 2537 colebatur.
1658 2509 1717 2544 Ipse
1733 2515 1825 2537 autem

1032 2560 1062 2582 ut
1072 2556 1176 2582 nullius
1184 2556 1386 2590 aspernabatur
1395 2555 1529 2585 studium,
1543 2555 1579 2581 ita
1589 2554 1641 2582 hoc
1650 2555 1826 2589 potissimum

1031 2603 1138 2636 agi-bat,
1155 2607 1183 2629 ut
1196 2602 1321 2633 litterati,
1336 2608 1364 2628 et
1383 2601 1550 2636 supellectili
1563 2602 1674 2636 egregie
1695 2602 1826 2629 instructi

1031 2649 1143 2676 libraria
1155 2648 1322 2682 eujuspiam,
1333 2647 1514 2674 (.ittttliaritati
1524 2656 1553 2674 se
1562 2647 1666 2674 intimae
1677 2647 1827 2678 insereret.

1030 2695 1103 2728 quod
1120 2693 1192 2727 apud
1210 2693 1292 2719 talem
1308 2693 1420 2719 domum
1438 2700 1468 2719 se
1494 2692 1582 2726 optati
1601 2692 1699 2727 scripti
1718 2694 1829 2728 copiam

1030 2740 1153 2767 nancisci
1173 2747 1253 2774 posse
1266 2739 1429 2766 conﬁderet.

1066 2786 1111 2813 lli.
1128 2786 1179 2813 Diu
1197 2790 1256 2812 erat
1271 2785 1298 2811 in
1315 2786 1375 2812 talis
1391 2785 1440 2812 viri
1466 2784 1671 2819 conquisitione
1686 2791 1829 2818 versatus,

1030 2841 1092 2860 cun:
1111 2833 1206 2859 multis
1220 2833 1330 2859 tandem
1346 2832 1547 2866 experimentis
1563 2832 1692 2864 edoctus,
1711 2840 1830 2867 persua-

1033 2880 1098 2906 dere
1123 2879 1175 2906 sibi
1197 2879 1291 2914 cmpit,
1316 2887 1400 2906 unum
1423 2879 1581 2914 quempiam
1604 2878 1677 2905 inter
1702 2886 1833 2913 proceres
