1913 3068
166 166 229 198 1221

581 192 586 197 ,
603 162 795 192 SPECIMEN
815 161 1032 191 SAPIENTHZ
1050 161 1228 192 INDORUM
1250 165 1334 194 VET.

1720 169 1790 199 1222

164 223 292 250 ludorum
316 221 500 252 humanitate,
522 220 677 255 prudentia,
699 219 856 247 eruditione
876 224 948 246 tanta
970 225 984 247 Α
1002 220 1086 246 etiam
1113 220 1252 254 alleganda
1276 221 1441 256 quandoque
1457 222 1556 249 idom-a
1588 224 1666 251 istius
1685 226 1788 253 silentii

164 267 360 303 propemodum
384 274 444 294 esse
467 267 622 301 przeditum,
648 271 749 301 quanta
770 273 839 300 opus
863 269 946 296 esset,

164 319 194 340 ut
208 321 242 341 ex
259 321 293 340 eo
308 313 413 346 sperari
430 314 516 347 optati
530 312 611 339 ollicii
630 312 734 339 fructus
751 316 853 346 posset.
869 311 948 338 Hunc

162 365 228 392 ergo
262 356 361 383 institit
393 356 516 390 quotidie
554 357 664 387 visere,
701 356 808 383 cunctis
842 356 948 382 ambire

162 403 313 437 obsequiis,
331 402 462 436 singulari
478 402 596 436 quadam
611 403 724 429 honoris
749 403 949 437 signiﬁcatione

163 449 329 480 demulcere,
360 453 499 482 postremo
525 449 616 483 epulis
635 449 781 484 excipere;
808 448 948 476 tnunerari

162 495 230 531 quin
244 495 337 527 etiam,
360 500 387 522 et
402 503 462 530 qua:
480 495 532 530 ipsi
556 500 631 530 grata
649 499 758 530 putaret
774 495 842 526 fore,
858 503 948 529 quan-

163 542 233 568 tovis
261 545 351 575 empta
383 541 472 574 pretio
507 541 627 573 donare;
665 549 732 575 quas
765 541 793 567 ιιι
824 549 868 568 res
894 549 949 568 non

162 586 298 613 modicam
309 586 431 621 pecunia:
441 587 528 613 allatae
537 594 552 614 e
563 586 673 614 Perside
684 592 789 621 partem
803 586 947 621 impendit.

162 631 211 659 llis
221 632 404 666 respondebat
414 631 459 658 ille
467 632 578 666 quidem
590 632 718 659 comitate
733 636 807 658 tanta
817 638 948 666 quantam

162 686 177 704 ει
202 677 396 705 liberalissimo
423 678 677 713 gratiosissimoque
702 677 813 704 homine
839 685 949 712 sperare

162 724 279 751 Perzoes
321 724 474 758 potuisset:
524 724 653 752 caeterum
700 724 771 752 idem
816 729 948 759 praeterea

162 770 312 796 demiratus
332 769 489 804 aliquandiu
517 773 570 796 tam
596 770 752 797 inusitatam
773 770 907 805 ingeniosi
922 774 950 797 et

162 815 341 842 curiosissimi
357 816 469 842 advena
491 816 677 844 assiduitatem
694 821 721 845 et
736 816 906 850 diligentiam
921 816 947 842 in

162 869 191 888 se
206 862 335 894 colendo,
358 863 477 896 denique
498 863 630 890 divinavit
653 863 726 898 quod
753 871 795 889 res
817 868 894 894 erat;
921 867 949 889 et

162 907 258 935 deesse
277 915 332 935 non
352 916 432 943 posse
453 908 598 943 judicavit,
620 909 699 944 quitt,
722 916 750 935 se
772 907 898 942 adjutore
915 916 946 935 ac

161 959 315 988 sequestro.
335 954 474 988 particeps
497 962 663 981 arcanorum
687 954 785 981 Indica:
805 954 947 988 sapientiae

163 1004 403 1026 monumentorum
432 1000 489 1027 ﬁeri
517 1001 633 1027 Perzoes
660 1000 786 1035 cupiens,
814 1000 840 1027 in
867 1000 946 1027 istam

160 1045 334 1073 demerenda:
359 1054 415 1074 sua:
439 1047 534 1081 gratiae
562 1046 735 1074 sedulitatem
765 1046 947 1073 incumberet.

163 1091 213 1118 Per
230 1092 304 1119 hunc
318 1092 428 1119 modum
448 1092 610 1127 proliciente
625 1093 698 1120 inter
713 1093 787 1127 ipsos
804 1093 946 1120 familiari.

162 1142 229 1168 tate,
244 1136 408 1172 fiduciaque,
426 1143 456 1164 ιιι
473 1137 512 1170 fit,
529 1138 616 1165 mutui
632 1139 744 1168 amoris.
763 1139 948 1173 frequentatis

162 1185 290 1218 utrinque
315 1184 513 1212 benevolentia
538 1185 663 1218 indiciis,
687 1192 837 1217 crescente,
865 1181 947 1214 ausus

160 1229 307 1263 aliquando
342 1229 456 1256 Perzoes
489 1231 578 1257 amico
610 1231 638 1257 in
671 1239 802 1258 arcanum
832 1231 946 1257 seducto

161 1275 290 1302 conclave
312 1275 414 1309 aliquid
430 1275 462 1302 de
483 1283 533 1302 suo
548 1276 686 1303 desiderio
710 1276 800 1308 fateri,
818 1285 879 1302 eum
904 1277 947 1304 his

160 1320 246 1347 ferme
259 1320 351 1347 verbis
366 1320 464 1348 allatus
476 1325 518 1348 est
532 1329 539 1350 :
555 1321 622 1348 Eam
642 1322 721 1349 video
740 1323 901 1353 charitatetn
918 1323 946 1349 in

160 1374 215 1397 me,
233 1366 328 1396 frater.
364 1371 437 1394 tuam
465 1367 508 1394 cui
539 1368 610 1394 male
656 1372 738 1402 atque
765 1369 869 1403 ingrate
902 1377 945 1395 me

161 1412 328 1447 respondere
363 1413 522 1444 arbitrarer,
544 1413 609 1440 site
643 1414 760 1441 eelarem
795 1415 944 1449 quidquam

161 1460 322 1486 intimorum
337 1459 421 1486 animi
440 1459 492 1486 mei
505 1467 647 1487 sensuum.
664 1459 753 1492 Quare
769 1460 877 1488 fatebor
897 1461 945 1488 tibi

159 1506 299 1540 equidem,
324 1506 350 1532 id
369 1505 442 1540 quod
465 1514 498 1532 ex
522 1513 577 1540 quo
602 1505 656 1533 huc
679 1507 739 1533 veni
758 1514 855 1541 magna
879 1515 945 1534 cura

160 1553 287 1579 omnibus
297 1552 441 1584 abscondi,
452 1553 524 1586 quod
538 1553 565 1579 in
577 1557 603 1580 te
613 1553 752 1587 :eqmtatis
762 1561 794 1580 ac
804 1553 945 1587 sapientia:
958 1566 979 1593 ο
1001 1552 1116 1578 alterum

160 1603 266 1626 tantum
289 1599 422 1625 exsistere
443 1599 615 1625 dooumentis
638 1599 786 1633 perspexi,
810 1604 944 1634 quantum

160 1644 187 1670 ιιι
219 1651 252 1670 eo
277 1643 428 1670 desiderari
458 1648 555 1678 potest,
590 1652 673 1679 quem
704 1652 869 1671 arcanorum
902 1645 943 1672 vel

159 1689 270 1716 maximi
295 1689 427 1716 momenti
452 1689 574 1725 prudens
610 1693 684 1717 recte
706 1690 798 1725 quivis
815 1691 943 1717 adhibeat

159 1736 301 1763 arbitrum.

195 1781 238 1809 IV.
254 1782 294 1808 lta
310 1782 499 1809 cxordientcm
515 1781 645 1807 Perloem
658 1774 840 1815 interpellans
860 1783 943 1809 ludus

158 1829 288 1862 sapiens:
303 1828 408 1854 Dudum
427 1827 556 1857 mirabar,
580 1826 681 1860 inquit,
710 1827 804 1853 tandiu
833 1827 942 1855 tliiTct-re

123 1890 131 1893 ί
159 1879 195 1906 te,
210 1874 282 1908 quod
300 1882 362 1900 sero
381 1881 454 1900 nunc
473 1873 581 1899 tandem
604 1873 734 1905 inchoas;
757 1878 838 1909 atque
863 1876 941 1909 adeo,

158 1920 182 1948 si
208 1928 252 1947 tne
268 1920 336 1947 sinis
360 1919 435 1954 loqui
456 1919 551 1951 libere,
575 1919 622 1945 tibi
649 1927 718 1954 pene
734 1921 941 1955 succensebam,

158 1966 231 2002 quod
243 1966 268 1993 in
275 1966 336 1993 aliis
343 1966 450 1993 cunctis
457 1965 584 1992 amicitia:
593 1966 691 1992 ofliciis
703 1966 939 2001 diligentissimus,

157 2014 186 2040 in
194 2013 245 2039 hoc
254 2012 374 2039 omnium
386 2012 523 2046 prtecipuo
534 2012 746 2046 aperiendorunt
758 2019 940 2047 secretorum,

156 2059 284 2086 illiberali
318 2066 387 2093 pene
419 2059 536 2092 quadam
582 2058 758 2085 cunctatione
805 2067 938 2087 cessares.

156 2107 316 2140 Quanquam
334 2112 368 2131 ne
391 2104 513 2131 vicissim
535 2112 585 2138 ego
609 2104 657 2130 tibi
677 2110 773 2132 contra
790 2105 869 2140 ieges
884 2106 938 2132 veri

156 2152 257 2179 amoris
304 2151 475 2178 dissimulem
517 2150 658 2185 quidpiam
685 2170 691 2182 ,
739 2151 840 2178 frustra
877 2159 940 2178 eras

156 2197 184 2223 in
199 2197 250 2222 hoc
264 2196 356 2223 studio
371 2195 440 2222 clam
454 2203 498 2222 me
512 2195 633 2222 habendi
651 2201 746 2222 votum
764 2196 829 2223 illud
844 2217 851 2229 ,
865 2196 938 2231 quod

155 2249 207 2277 ego
223 2241 327 2268 dudum
355 2241 493 2275 pellucens
517 2241 544 2267 in
575 2246 620 2268 ttta
651 2241 744 2267 intima
771 2242 938 2268 conscientia
956 2231 977 2257 υ

155 2287 272 2322 perlegi.
295 2287 346 2314 Diu
360 2307 366 2318 ,
391 2287 502 2320 inquam
517 2307 523 2317 .
552 2291 594 2313 est
610 2287 682 2320 quod
706 2294 749 2313 me
769 2295 823 2313 non
846 2288 938 2319 fallit,

157 2334 263 2360 venisse
277 2336 302 2359 te
312 2332 338 2359 in
359 2332 463 2359 Indiam
477 2339 510 2358 eo
524 2331 638 2359 consilio
649 2351 656 2362 ,
670 2337 699 2358 ut
718 2337 818 2358 nostra:
831 2332 939 2367 sapien-

155 2380 200 2406 tia:
223 2379 367 2406 thesauros
383 2378 528 2412 expilares,
542 2385 763 2412 arcanorumque
781 2378 843 2405 inde
857 2378 941 2405 libro-

156 2433 216 2452 rum
230 2425 338 2458 copiam
355 2429 452 2450 ttactus
465 2443 472 2453 ,
485 2431 517 2449 ex
541 2423 574 2449 iis
597 2431 711 2449 crueres
730 2423 802 2450 unde
820 2424 938 2458 patriam

154 2470 240 2497 redux
253 2470 356 2496 ditares
371 2475 455 2495 tuam.
467 2470 493 2494 ltt
509 2477 563 2502 quo
577 2471 639 2501 etsi,
658 2474 687 2495 ut
706 2469 772 2501 dixi,
802 2470 941 2496 subotlen-

154 2517 237 2543 debat
264 2523 306 2542 me
332 2520 379 2542 tua
406 2515 452 2542 illa
477 2522 530 2541 non
552 2515 618 2541 satis
635 2514 778 2541 familiaris
800 2515 834 2542 de
852 2523 880 2543 re
893 2515 939 2542 tali

155 2561 328 2589 taciturnitas
344 2581 351 2592 ,
384 2560 580 2587 necessitudini
603 2560 674 2586 inter
700 2568 750 2586 nos
775 2561 939 2588 eoalescenti

154 2607 308 2635 convicium
326 2608 382 2634 visa
403 2608 491 2633 facere
509 2626 515 2636 .
538 2606 687 2641 temperavi
710 2611 800 2634 tamen
834 2607 868 2634 ab
892 2616 937 2634 cx-

154 2653 316 2688 postulando
343 2653 376 2680 de
398 2661 429 2680 ea
447 2657 556 2686 tecum,
581 2657 729 2680 contentus
749 2653 896 2681 ubst-rvare
914 2661 939 2681 te

152 2699 263 2726 interim
276 2718 285 2731 ,
304 2703 332 2726 et
355 2699 434 2734 quasi
461 2699 682 2726 dissimulatione
702 2704 796 2726 mutua
822 2700 937 2732 ulcisci;

153 2745 216 2770 dum
234 2750 261 2771 tu
276 2747 382 2773 ert-teris
409 2745 559 2772 virtutibus
573 2766 580 2778 ,
595 2750 622 2773 et
639 2765 646 2778 ,
664 2753 724 2779 quae
746 2753 794 2772 usu
812 2754 840 2773 se
854 2747 939 2780 magis

154 2792 293 2825 magisque
327 2792 487 2826 quotidiana
521 2794 709 2824 exercebant,
749 2791 860 2820 dotibus
886 2793 939 2820 tuis

154 2837 289 2870 put-claris
315 2837 479 2864 eruditionis
506 2843 533 2865 ct
559 2838 686 2873 ingenii,
703 2838 792 2865 labem
820 2839 891 2866 illaut
910 2840 936 2866 itt

152 2881 331 2908 mstimatione
350 2890 408 2909 mea
435 2884 656 2918 qualemcunque
670 2890 874 2917 compensares,
889 2889 936 2911 aut

1001 273 1094 296 causa,
1112 266 1242 293 dilueres.
1259 267 1337 294 Nune
1352 269 1483 299 quoniam
1499 269 1642 304 ingressus
1667 271 1739 297 ultro
1757 277 1787 298 tu

1002 311 1059 344 ipse
1085 311 1111 337 itt
1131 319 1194 338 eum
1223 319 1380 338 sermonem
1413 320 1443 339 es
1461 333 1466 344 ,
1482 313 1528 347 qui
1554 313 1624 340 viam
1657 315 1789 348 panderet

1002 357 1094 383 animo
1112 365 1172 383 meo
1192 357 1320 391 gestienti
1336 357 1481 384 effundere
1499 367 1527 385 se
1539 367 1630 385 coram
1646 364 1670 386 te
1689 366 1787 391 totum,
1805 351 1810 356 ’

1001 411 1054 429 non
1073 405 1163 437 putavi
1176 404 1365 440 negligentiam
1380 406 1554 436 occasionem
1568 409 1722 433 ostentandi
1740 408 1788 433 ubi

1002 452 1179 484 sagacitatem
1205 458 1293 477 meam
1308 471 1314 483 ,
1333 459 1413 485 quant
1439 453 1520 479 lautis
1542 454 1664 480 artiliciis
1695 462 1789 481 arcere

1002 495 1162 529 nequivisti,
1182 497 1331 530 quominus
1349 498 1376 524 in
1394 498 1491 524 ultimo
1516 506 1625 525 recessu
1649 500 1791 526 abditissi-

1002 549 1110 567 morutn
1136 542 1236 568 utentis
1265 547 1317 568 tuae
1348 544 1528 575 penetralium
1548 545 1787 578 deprehendi-ret:

1002 594 1113 620 scopum
1139 587 1369 621 peregrinationis
1384 587 1417 614 ad
1431 593 1487 622 .‘nos
1506 593 1556 615 tum
1571 597 1624 616 non
1641 590 1724 616 alium
1741 591 1789 618 tibi

1002 632 1086 660 fuisse
1112 634 1283 667 propositum
1303 641 1405 668 ,quant
1428 639 1459 661 ut
1482 637 1619 669 specimen
1647 637 1789 670 sapientia:

1001 679 1166 706 nostratium
1191 679 1338 705 doctorum
1361 680 1470 706 arcanis
1489 681 1560 714 apttd
1576 689 1625 707 nos
1647 682 1788 708 CUIHiIllIIII

1001 725 1102 751 litteris
1115 745 1122 756 ,
1143 726 1318 752 exscriberes
1332 726 1407 757 itule,
1431 730 1576 760 vestraque
1596 726 1687 761 lingua
1708 735 1789 761 expo-

1001 771 1084 798 situm
1097 772 1152 805 regi
1169 775 1215 797 ttto
1230 772 1339 798 rediens
1350 772 1478 798 olI'et-res.

1037 817 1068 843 V.
1084 817 1121 843 Ac
1136 824 1169 843 ne
1187 821 1213 844 te
1240 817 1338 844 habeat
1354 817 1515 849 sollicitum,
1534 818 1607 852 quod
1628 826 1670 844 me
1698 817 1785 844 subol-

1001 863 1108 889 fensunt
1125 863 1317 890 taciturnitate
1333 868 1377 889 tua
1397 862 1464 892 dixi,
1478 864 1559 889 velim
1575 871 1607 890 ne
1618 863 1655 890 sis
1669 863 1788 895 nescius,

1002 917 1056 936 non
1077 909 1166 936 solum
1194 909 1331 944 ignovisse
1348 917 1390 936 me
1408 910 1456 936 tibi
1474 909 1551 936 facile
1564 930 1571 942 ,
1592 910 1638 936 sed
1657 915 1788 943 pratcrca

999 955 1082 982 etiam
1106 956 1263 989 suspexisse
1280 955 1499 982 moderationem
1524 956 1551 981 in
1579 956 1631 982 hoc
1649 961 1721 983 luant
1735 975 1742 987 ,
1759 956 1787 983 in

998 1008 1052 1035 qua
1065 1009 1191 1036 magnum
1206 1001 1348 1035 sapientiae
1364 1001 1450 1027 instar
1464 1003 1645 1036 agnoscebant
1661 1010 1669 1033 ;
1686 1010 1789 1037 gnarus

997 1055 1079 1081 quam
1092 1047 1171 1081 pauci
1188 1047 1318 1074 resistant
1330 1047 1466 1081 prurigini
1489 1047 1625 1081 prodendi
1644 1047 1788 1074 familiarin

999 1093 1049 1119 bus
1067 1093 1202 1128 quidquid
1221 1097 1312 1120 mente
1329 1097 1440 1119 versant
1457 1112 1464 1123 ,
1480 1099 1638 1127 quantaque
1654 1094 1784 1120 cautione

998 1145 1067 1173 opus
1080 1139 1136 1171 sit,
1150 1141 1301 1173 praesertim
1323 1139 1487 1173 degentibus
1515 1147 1627 1173 peregre
1648 1140 1698 1166 sui)
1724 1147 1786 1174 rege

998 1184 1158 1219 legibusque
1174 1185 1381 1215 diversissimis,
1396 1185 1421 1211 in
1439 1190 1513 1212 recte
1527 1185 1683 1219 deligendo,
1701 1194 1784 1220 qucnt

998 1230 1105 1257 consilii
1120 1231 1248 1265 ancipitis
1262 1236 1289 1257 et
1307 1231 1506 1258 oﬂ'ensionibus
1524 1232 1579 1257 ilhc
1593 1232 1717 1261 obnoxii.
1731 1240 1785 1258 non

998 1275 1130 1302 damnose
1145 1276 1207 1310 quis
1230 1276 1364 1302 arbitrum
1384 1276 1476 1302 faciat.
1494 1277 1565 1311 Ergo
1581 1297 1587 1308 ,
1606 1282 1633 1302 ut
1651 1278 1724 1310 quod
1743 1285 1786 1304 res

998 1326 1040 1348 est
1067 1321 1155 1348 fatear
1168 1343 1175 1354 ,
1197 1330 1230 1348 eo
1249 1328 1275 1349 te
1306 1323 1417 1349 nomine
1434 1322 1520 1356 magis
1536 1324 1641 1353 amavi,
1655 1331 1686 1349 ac
1701 1324 1786 1350 multo

998 1367 1085 1400 pluris
1105 1367 1168 1393 feci.
1195 1367 1240 1394 Sic
1253 1367 1325 1394 enitn
1347 1367 1450 1394 dudum
1470 1368 1535 1394 tnihi
1550 1369 1686 1401 persua~i,
1721 1374 1785 1394 oeto

998 1420 1057 1439 esse
1076 1413 1101 1439 in
1127 1413 1228 1446 quibus
1243 1414 1463 1447 experimentum
1483 1413 1584 1440 indolis
1610 1422 1730 1448 magum,
1744 1415 1786 1440 in-

998 1459 1126 1493 geniique
1138 1459 1225 1486 laudis
1236 1460 1343 1486 eximiae
1359 1461 1468 1493 capacis
1482 1480 1488 1490 ,
1504 1460 1575 1486 sumi
1601 1465 1708 1486 certqu
1723 1468 1787 1494 pos-

999 1511 1053 1532 SIt:
1071 1506 1192 1539 primum
1209 1510 1251 1532 est
1265 1506 1358 1533 mitem
1375 1514 1434 1533 esse
1456 1511 1482 1533 et
1500 1514 1606 1532 Conlt‘m
1625 1507 1656 1532 ad
1669 1515 1784 1538 attines;

1166 1557 1240 1579 recta
1259 1553 1360 1578 intueri
1381 1553 1549 1580 destinatum
1564 1561 1642 1579 suum
1658 1574 1665 1584 ,
1691 1553 1717 1579 iil
1732 1561 1785 1587 que

998 1598 1133 1624 indefesse
1147 1617 1154 1628 ,
1171 1597 1218 1624 sed
1236 1597 1372 1631 patienter
1387 1619 1393 1630 ,
1415 1598 1539 1631 urgendo
1565 1598 1692 1624 insistch
1708 1606 1714 1629 ;
1729 1602 1784 1623 Ier-

997 1645 1076 1675 tium,
1096 1644 1209 1671 subesso
1222 1644 1392 1678 obsequith
1416 1645 1526 1676 regibus
1541 1651 1548 1676 ',
1563 1648 1693 1678 quartum
1711 1664 1718 1673 .
1737 1651 1783 1670 arr-

995 1697 1063 1716 cana
1079 1689 1200 1723 probatis
1218 1689 1350 1715 duntaxat
1363 1690 1461 1716 amicis
1479 1690 1593 1716 credere
1611 1697 1618 1722 ;
1633 1690 1759 1723 quintum
1773 1708 1781 1721 ,

995 1734 1022 1760 in
1042 1733 1218 1760 comitatibus
1231 1733 1390 1767 prittciptttn
1410 1734 1450 1760 sic
1463 1742 1598 1768 apparere
1616 1735 1780 1768 sapientem,

996 1784 1025 1806 ut
1047 1779 1140 1806 odiosa
1156 1779 1267 1806 tristitia
1294 1780 1476 1813 philosophiae
1504 1788 1559 1806 non
1587 1780 1727 1814 popularis
1754 1784 1783 1806 et

994 1826 1178 1860 superciliosae
1195 1826 1347 1853 declinetur
1362 1834 1369 1858 ;
1385 1830 1493 1853 sextum
1509 1846 1516 1857 ,
1532 1826 1569 1852 ita
1593 1830 1736 1853 mansne-lc
1748 1834 1781 1852 ac

993 1873 1098 1907 placide
1113 1879 1175 1899 cum
1196 1872 1303 1898 vitiosis
1324 1872 1406 1898 etiam
1421 1877 1447 1898 et
1466 1872 1602 1906 improbis
1619 1879 1699 1906 agere
1715 1892 1723 1903 ,
1751 1876 1782 1897 ut.

993 1919 1025 1946 ad
1039 1926 1086 1946 eos
1099 1926 1132 1945 tte
1148 1918 1267 1952 suspicio
1279 1918 1389 1952 quidem
1402 1918 1485 1944 celari
1499 1919 1699 1952 reqttiretttium
1716 1925 1783 1944 eon-

993 1965 1117 1992 siliorunt
1132 1964 1184 1990 tilla
1198 1965 1306 1991 sinatur
1323 1971 1462 1996 emanare;
1479 1965 1636 1998 septimum,
1650 1971 1781 1990 exercere

992 2010 1179 2038 dontiniumiu
1191 2010 1323 2044 linguam,
1336 2010 1500 2044 t'renareque
1522 2010 1595 2036 illaut
1616 2012 1642 2036 in
1658 2009 1781 2036 occasio-

993 2056 1074 2083 nibus
1091 2055 1192 2089 ingenii
1218 2055 1371 2082 dicacitate
1393 2055 1606 2082 commendandi
1621 2074 1628 2085 ,
1645 2055 1680 2082 ab
1706 2055 1781 2082 omni

991 2101 1117 2131 dicterio,
1132 2100 1205 2134 quod
1222 2101 1264 2126 vel
1280 2100 1392 2133 oblique
1427 2100 1593 2134 perstringat
1609 2101 1779 2134 quempiam.

991 2147 1123 2174 Octavum
1141 2145 1260 2180 denique
1276 2165 1284 2177 ,
1301 2146 1327 2172 in
1344 2149 1483 2172 conventu
1506 2146 1630 2171 virorunt
1656 2149 1779 2179 gravium

992 2199 1045 2218 non
1063 2196 1164 2218 temere
1183 2190 1310 2224 prodire,
1327 2196 1359 2216 ac
1386 2195 1452 2215 testu
1468 2189 1635 2216 eruditionis
1659 2189 1778 2216 conseia:

992 2236 1106 2272 provehi
1122 2235 1296 2262 sermonibus
1317 2235 1388 2260 ultra
1415 2242 1497 2268 quam
1526 2240 1620 2268 poscat
1647 2235 1781 2269 propositi

992 2283 1024 2310 ad
1052 2282 1198 2309 dicendum
1224 2285 1272 2307 aut.
1300 2280 1508 2307 deliberandum
1538 2282 1693 2315 argumenti
1724 2282 1780 2308 for-

991 2329 1076 2356 mula.
1092 2328 1139 2355 llis
1152 2333 1214 2355 octo
1239 2327 1285 2362 qui
1306 2327 1434 2361 praeditus
1453 2327 1564 2354 dotibus
1586 2327 1633 2358 sit,
1650 2335 1690 2354 nte
1704 2328 1728 2354 is
1748 2332 1777 2354 et

993 2381 1066 2404 tutus
1081 2376 1135 2403 erit
1149 2383 1164 2402 a
1180 2375 1306 2410 periculo
1319 2374 1482 2400 damnorum
1502 2374 1527 2400 in
1546 2382 1606 2408 quae
1623 2375 1696 2401 haud
1713 2382 1776 2400 raro

991 2420 1352 2450 incurruntinconsiderate
1374 2425 1596 2450 conversantes;
1616 2425 1643 2447 et
1666 2428 1780 2454 compos

991 2469 1047 2496 fere
1065 2469 1113 2495 fiet
1126 2471 1250 2494 votorum
1274 2474 1503 2500 quorumcunque
1517 2486 1524 2498 ,
1549 2467 1655 2494 cunctis
1681 2467 1713 2492 ad
1732 2467 1778 2493 tali

990 2515 1136 2542 favendum
1162 2513 1280 2540 naturali
1309 2513 1426 2546 quadattt
1450 2512 1631 2538 inclinatione
1658 2519 1780 2546 propen-

991 2562 1130 2589 dentibus.
1141 2560 1232 2594 ltaquc
1243 2558 1316 2593 quod
1329 2559 1378 2585 has
1391 2559 1418 2585 in
1437 2563 1462 2585 te
1477 2566 1571 2584 omnes
1582 2558 1697 2584 virtutes
1712 2558 1778 2589 vid',

991 2613 1134 2643 promptus
1152 2614 1216 2632 ecce
1235 2612 1393 2640 pronusque
1422 2612 1481 2630 sum
1505 2604 1538 2631 ad
1566 2604 1778 2638 gratiﬁcandutn

992 2655 1052 2685 tibi,
1069 2657 1201 2688 quantum
1219 2652 1273 2678 erit
1288 2651 1314 2678 in
1329 2659 1371 2678 me
1383 2651 1478 2681 situm,
1497 2651 1683 2685 quodcunque
1697 2655 1778 2684 opta-

991 2702 1073 2729 veris.
1092 2701 1188 2728 Moneo
1205 2704 1294 2726 tamen
1308 2697 1417 2724 dillicile
1437 2703 1461 2725 te
1475 2698 1615 2732 negotium
1647 2702 1777 2729 tractare;

991 2755 1022 2774 ac
1042 2754 1097 2781 quo
1120 2746 1205 2781 magis
1218 2745 1307 2772 sentio
1323 2743 1397 2770 haud
1425 2752 1505 2778 posse
1533 2752 1575 2770 me
1590 2745 1616 2770 in
1638 2751 1671 2770 eo
1690 2751 1778 2777 quan-

992 2800 1048 2819 tum
1065 2791 1175 2823 \‘clletn,
1190 2799 1223 2818 eo
1241 2799 1338 2825 precor
1352 2793 1436 2819 Deum
1455 2791 1598 2823 intentius,
1614 2794 1642 2817 ut
1657 2791 1777 2817 fcrtunet

991 2844 1130 2873 coeptum,
1171 2839 1337 2865 amoliendis
1363 2845 1424 2865 sese
1453 2842 1548 2864 contra
1572 2838 1776 2872 objectantibus

991 2886 1140 2913 obstaculis
1158 2893 1212 2913 non
1230 2885 1342 2920 parvis;
1361 2892 1423 2920 qua:
1435 2885 1563 2919 equidem
1583 2884 1648 2912 dum
1665 2889 1764 2918 reputo
