1913 3068
148 146 218 180 ΞΞΞ3

857 145 1061 175 APPEN'DIX.

1711 145 1782 178 1224

146 206 311 232 cohorresco
346 205 483 233 interdum
521 208 614 237 totus;
644 205 745 239 quippe
773 204 939 231 obversante
955 208 975 236 Α
992 205 1090 232 tertius
1109 208 1211 232 nostrae
1233 205 1408 233 conscientia:
1427 207 1572 235 amborum
1593 206 1759 235 adhibeatur
1774 225 1782 236 ι

147 253 233 279 menti
252 260 318 279 mea:
334 259 405 279 s:eva
425 252 545 286 imagine
573 251 708 279 malorum
724 258 784 285 quae
802 251 852 277 hac
868 251 937 277 forte

146 299 318 333 deprehensa
347 298 490 324 tnolitione
517 297 543 323 in
566 302 642 324 tuum
659 296 725 322 mihi
740 296 818 330 longe
832 296 938 322 charis-

145 346 244 372 simum
263 344 447 370 redundarent
458 346 550 377 caput.
570 342 624 369 Sed
642 347 748 369 avertet
761 343 887 375 sinistra,
909 347 937 369 ut

134 398 237 423 .spv'ro,
252 394 349 416 cuncta
366 388 516 422 propitium
532 387 697 414 innocentiae
710 391 762 413 tute
785 392 936 421 nostroque

147 435 234 461 amori
250 435 374 465 Numen;
388 433 467 468 cujus
482 432 545 459 tecti
563 432 715 466 patrocinio
730 431 936 466 (conﬁdendum

147 485 188 507 est
217 479 315 513 enim)
337 479 452 506 adversa
479 477 636 512 infestaque
662 477 773 504 innoxie
806 477 937 512 quaelibet

146 526 344 553 eluctabimur.

185 583 227 609 Vl.
244 582 325 609 Varie
347 581 439 608 affecit
455 581 595 615 inopinata
608 580 666 606 haec
681 579 767 606 oratio
779 579 937 606 audientem

147 628 289 654 Perzoem.
339 627 455 653 Miratus
486 627 606 660 prinnntt
638 631 680 652 est
707 625 846 652 solertiam
877 625 937 652 lndi

148 681 235 707 usque
261 680 294 699 eo
321 672 509 707 perspicacem
524 693 531 704 ,
555 677 583 698 ut
600 672 718 699 latebras
732 672 825 699 cordis
842 680 939 707 perva-

148 718 238 745 deret.
254 718 382 754 Ejusdem
399 723 494 753 postea
511 718 711 745 humanitatem
728 718 937 753 suspexit,quod

149 764 176 790 in
194 764 326 791 nonnulla
343 764 536 798 expostulandi
565 772 657 790 secum
679 772 773 795 causa.
788 765 862 792 omni
876 772 936 791 vcr-

150 810 248 836 borum
266 810 416 845 asperitate
439 814 631 844 temperasset.
656 810 800 837 Postremo
817 811 937 844 gratula-

151 861 195 883 tus
207 856 261 883 sibi
275 861 328 889 est,
346 861 374 882 et
400 857 543 891 probatam
562 855 747 890 irrefragabili
758 856 814 890 jam
829 856 937 889 experi-

990 257 1038 277 aut
1077 251 1328 286 quomodocunque
1366 253 1535 281 interveniat
1564 254 1677 282 arbiter.
1707 254 1783 281 Inter

989 297 1059 323 duos
1075 302 1165 330 potest
1183 302 1322 332 utcunque
1346 299 1499 326 consistere
1514 301 1648 327 securitas
1662 300 1782 333 secreti;

989 344 1062 378 quod
1079 349 1133 371 tres
1146 344 1238 371 sciunt
1254 345 1341 372 teneri
1357 345 1426 380 quin
1441 351 1552 373 emanet
1563 346 1596 373 ad
1613 346 1718 381 plures,
1731 354 1783 374 ne-

989 389 1060 424 quit.
1076 389 1104 416 Si
1131 395 1223 417 autem
1253 391 1391 418 cnottu-rit
1406 412 1413 424 ,
1431 392 1575 426 eooperari
1604 400 1648 419 me
1670 392 1720 419 tibi
1751 393 1780 419 in

989 435 1173 470 exscriplione
1191 440 1218 462 et
1238 436 1430 471 dcportatione
1453 438 1486 464 ad
1507 443 1618 465 exteros
1634 446 1780 465 commen-

989 481 1122 508 tariorum
1140 482 1314 514 nostratium,
1326 487 1419 509 actum
1440 483 1475 510 de
1490 491 1534 511 me
1553 484 1607 514 sit;
1626 489 1684 511 tum
1698 484 1782 511 nulla:

989 535 1065 561 opes,
1082 528 1155 554 nulla
1171 527 1333 562 suffragatio
1356 533 1440 563 caput
1454 537 1545 556 meum
1559 535 1714 557 servarent.
1728 531 1782 556 Re-

989 579 1050 605 gem
1065 572 1199 599 habemus
1214 573 1310 600 saevire
1332 574 1465 600 atrociter
1489 575 1524 601 ob
1551 582 1594 601 res
1616 574 1695 601 nihili
1715 575 1782 602 soli-

990 623 1059 650 tum,
1076 626 1127 644 nec.
1144 619 1321 651 revocabilis.
1341 619 1386 646 ubi
1401 620 1570 654 prrecipitem
1584 621 1625 647 ira
1640 621 1780 653 extulerit,

990 664 1018 691 in
1035 665 1144 690 mitiora
1161 665 1324 692 voluntatis.
1508 674 1510 676 '

1026 710 1082 738 Vll.
1109 711 1158 738 llic
1199 711 1316 738 Perzoes
1351 712 1456 747 gratias
1483 713 1538 747 egit
1567 716 1621 739 tam
1647 720 1781 747 generoso

989 756 1088 788 amico.
1108 762 1189 790 prout
1207 765 1255 791 par
1267 761 1328 783 erat
1341 778 1348 790 ,
1367 765 1495 792 magnas,
1511 766 1544 785 ex
1558 759 1666 785 cunctis
1706 759 1783 793 sigil-

990 803 1066 829 latitn
1092 803 1311 830 circumstantiis
1330 803 1458 831 beneﬁcii
1484 805 1543 839 ejus
1566 805 1694 831 meritum
1707 804 1782 830 τρειί-

989 856 1067 874 mans
1081 868 1087 877 .
1114 849 1187 882 quod
1212 849 1285 876 ultro
1303 849 1462 883 priusquam
1478 855 1623 885 rogaretur
1639 870 1646 882 ,
1659 850 1733 884 quod
1751 851 1779 876 in

151 909 244 930 mento
270 903 350 930 amici
372 911 454 938 quem
482 904 617 929 hactenus
631 903 839 936 exploraverat,
855 902 936 929 fidem

999 899 1017 917 'c
1032 891 1084 918 sibi
1105 892 1272 925 periculosa,
1294 893 1367 927 quod
1391 894 1495 921 homini
1513 898 1628 926 extero,
1643 898 1698 921 tam
1716 901 1782 928 pro-

151 957 349 984 usquequaqne
363 949 520 976 sinceram:
540 954 567 975 et
583 953 658 975 certa
686 953 742 974 tum
764 948 874 974 dentom
888 947 936 974 fir-

153 998 235 1022 mavit
257 996 380 1022 animum
398 996 496 1023 ﬁducia
515 995 703 1030 consequendi
719 994 790 1028 quod
805 994 916 1028 optabat
930 1015 937 1026 ,

151 1042 254 1068 auxilio
271 1043 366 1076 utique
391 1047 485 1077 parato
502 1047 556 1068 tant
585 1041 629 1068 ﬁdi
647 1049 680 1068 ac
705 1041 824 1068 eilicaeis
840 1048 940 1075 coope-

153 1087 261 1114 ratoris.
284 1087 332 1114 His
353 1087 460 1114 intento
484 1087 702 1121 cogitationibus
717 1107 724 1118 ,
745 1091 773 1113 et
786 1086 861 1113 vultu
877 1086 939 1120 qui-

152 1133 214 1160 detn
231 1133 327 1160 fatenti
344 1134 384 1160 sic
398 1140 427 1160 se
440 1141 498 1159 rem
525 1133 627 1159 habere
655 1137 684 1160 ut
707 1133 812 1160 anticus
833 1132 939 1159 divina-

155 1183 253 1210 verat,
266 1178 384 1205 necdum
404 1183 494 1205 tatnen
509 1178 665 1212 expcdienti
688 1182 813 1204 mutuum
836 1186 940 1205 sermo-

154 1232 228 1256 nem,
240 1225 280 1252 sie
291 1225 385 1257 ludus,
397 1225 471 1251 ontni
484 1224 507 1251 ei
521 1224 611 1250 timori
625 1224 759 1251 demendo
776 1225 874 1251 iterum
899 1229 940 1251 est.

153 1278 234 1297 orsus
249 1278 257 1297 :
271 1270 379 1297 Miraris
405 1271 432 1297 in
460 1271 511 1297 isto
534 1271 646 1298 silentio
671 1271 789 1298 fortasse
811 1271 858 1305 qui
880 1271 940 1298 ﬁeri

155 1316 276 1350 potuerit
292 1321 321 1343 ιιι
335 1321 428 1343 votum
442 1321 532 1348 tuum,
545 1317 597 1344 etsi
607 1325 621 1343 a
636 1322 661 1344 Ie
676 1318 799 1344 studiose
816 1323 918 1345 tectum
932 1338 940 1350 ,

156 1362 326 1395 penetrarim
359 1367 449 1390 tamen
465 1372 472 1395 ;
488 1363 528 1390 sic
550 1363 630 1395 habe,
654 1368 741 1391 artem
770 1364 870 1391 callere
898 1371 942 1391 me

157 1407 307 1435 insidiandi
330 1409 426 1435 amicis
464 1409 634 1441 innocenter,
650 1410 701 1437 hoc
715 1415 758 1437 est
774 1411 942 1445 perducendi

156 1461 204 1481 eos
224 1462 278 1480 non
295 1454 376 1481 modo
389 1455 456 1482 citra
474 1456 614 1489 damnum,
632 1456 679 1483 sed
698 1457 780 1483 etiam
791 1465 854 1484 eum
869 1465 944 1484 cout-

157 1499 238 1526 tnodo
269 1500 390 1534 ipsorum
417 1509 472 1535 quo
513 1502 626 1529 minime
656 1503 793 1530 volebant.
818 1502 853 1530 Ut
868 1503 942 1530 enim

157 1553 278 1580 aucupes
293 1547 441 1574 observato
466 1552 547 1582 gustu
573 1548 666 1575 avium
689 1556 760 1583 quas
783 1554 917 1576 venantur
933 1569 940 1582 ,
954 1557 978 1588 ρ

157 1591 293 1626 objiciunt
306 1594 347 1620 eis
363 1602 441 1621 escas
463 1602 532 1629 quas
545 1595 597 1621 illa:
608 1599 752 1630 appetunt,
769 1601 797 1623 et
815 1596 866 1622 hac
884 1596 943 1623 ille-

157 1639 240 1666 cubra
257 1639 385 1667 delinitas
397 1641 565 1675 pertrahunt
578 1642 606 1668 itt
623 1642 736 1676 laqueos
755 1642 832 1677 juxta
842 1650 944 1676 expan-

157 1692 212 1715 sos,
229 1685 269 1712 sic
281 1693 331 1720 ego
343 1686 484 1713 intellecto
499 1691 546 1714 tuo
565 1687 668 1719 studio,
679 1688 838 1722 ingentique
849 1696 943 1715 amore

156 1730 335 1764 litterarum,
361 1732 396 1759 de
428 1732 564 1760 industria
593 1733 762 1761 mentionem
789 1734 944 1762 inferebam

157 1778 321 1804 nostratium
337 1784 580 1806 monumentorum
595 1779 629 1806 de
640 1781 763 1807 moribus
775 1781 944 1815 scriptorum

160 1828 290 1850 accurato
305 1843 312 1855 ,
332 1832 386 1858 qua
399 1826 663 1853 commemoratione
676 1834 739 1853 cum
755 1827 869 1854 salivam
894 1827 944 1854 tibi

161 1870 266 1896 moveri
281 1875 335 1896 tam
352 1871 482 1904 exquisiti
505 1872 570 1904 cibi,
586 1873 660 1899 nulla
674 1874 739 1900 satis
754 1877 799 1900 tua
813 1873 944 1900 dissimu-

160 1914 227 1940 latio
248 1915 376 1946 celaret,
405 1916 505 1942 deveni
534 1918 664 1949 tandem,
691 1918 820 1946 adhibitis
846 1919 944 1946 eodem

164 1960 291 1994 plurimis
307 1960 370 1987 hinc
386 1961 449 1988 inde
465 1961 526 1989 aliis
542 1963 652 1990 indiciis
664 1983 671 1995 ,
686 1964 713 1990 in
729 1965 853 1991 notitiam
870 1966 945 1994 desi-

160 2005 230 2032 derii
244 2006 317 2040 quod
335 2012 360 2034 te
374 2007 428 2034 huc
439 2007 527 2034 duxit.
547 2008 610 2035 Scio
631 2014 733 2037 temere
749 2011 776 2037 in
792 2012 946 2047 talibusju-

161 2053 255 2080 dicare
284 2053 396 2081 multos.
427 2053 480 2081 Sed
507 2054 529 2081 si
562 2061 787 2090 argumentorum
814 2059 946 2092 opinandi

161 2098 286 2126 delectus
304 2099 351 2133 qui
375 2098 457 2126 debet
472 2099 605 2128 habeatur
620 2120 627 2132 ,
648 2109 710 2128 raro
726 2104 856 2129 erraverit
875 2105 946 2130 divi-

162 2145 250 2172 natio.
263 2146 381 2172 Acsicut
393 2146 538 2173 aediﬁcium
552 2146 638 2173 ﬁrmis
650 2146 770 2175 innitens
786 2148 946 2176 fundamen-

163 2193 198 2219 tis
210 2196 264 2219 stat
279 2194 474 2219 inconcussum
496 2193 630 2220 adversus
649 2198 747 2221 ventos
764 2195 919 2230 imbresque
938 2205 946 2228 ;

162 2238 235 2265 sicut
247 2246 336 2270 navis,
353 2239 447 2266 carina
459 2239 559 2266 subtus
573 2239 660 2266 solida
671 2260 679 2272 ,
695 2239 830 2267 lateribus
849 2241 947 2268 validis

152 2290 195 2311 'ex
210 2290 268 2312 arte
293 2285 396 2312 aII-abre
415 2290 556 2319 compacta
578 2286 684 2312 resistit
703 2286 780 2313 iratis
797 2287 948 2320 ﬂuctibus;

164 2332 205 2358 sic
222 2331 316 2365 opinio
344 2338 376 2357 ex
402 2331 532 2366 prudenti
559 2334 765 2366 comparatione
787 2338 950 2368 maturaqne

162 2378 342 2405 aestimatione
356 2379 498 2413 signorum
515 2379 542 2404 in
558 2386 643 2405 unttm
666 2386 698 2405 ex
709 2379 820 2407 diverso
831 2381 946 2415 conspi-

165 2424 428 2463 rantiumplurium,
438 2428 511 2451 recte
525 2424 714 2451 ratiocinantis
727 2426 819 2453 animo
836 2427 929 2453 innata
942 2447 949 2460 ,

164 2471 276 2506 coargui
300 2479 355 2497 non
385 2471 486 2503 timet;
513 2471 580 2506 quin
614 2471 756 2498 verissima
786 2473 950 2508 plerumque

164 2516 224 2550 ipsa
241 2516 415 2543 consciorum
430 2516 604 2544 confessione
620 2517 835 2552 comprobatur;
859 2526 910 2546 nec
925 2523 950 2546 te

167 2570 250 2597 porro
274 2562 408 2597 pmniteat
428 2562 529 2590 habere
551 2570 593 2590 me
610 2563 744 2590 arbitrum
767 2564 896 2598 ancipitis
907 2573 950 2592 ar-

165 2609 245 2642 cani;
266 2613 371 2636 tantum
388 2609 485 2637 absum
502 2617 517 2636 a
538 2609 690 2637 deserendo
706 2614 747 2642 te,
766 2615 797 2638 ttt
813 2611 951 2646 particeps

166 2657 249 2691 hujus
262 2657 299 2682 tui
317 2657 502 2691 quodcunque
526 2660 568 2684 est
591 2657 718 2684 criminis
733 2657 806 2684 ultro
820 2657 879 2684 ﬁeri
913 2658 952 2685 fe-

166 2703 278 2730 stinem.
289 2704 344 2734 Sic.
355 2703 479 2738 inquam,
492 2703 612 2735 decrevi,
621 2711 730 2731 omnem
747 2704 872 2731 conferre
884 2712 951 2739 ope-

167 2758 245 2782 ram,
262 2759 296 2778 ne
308 2752 370 2778 vita:
382 2751 493 2786 quidem
512 2759 543 2779 ac
557 2752 639 2787 capiti
658 2752 796 2787 parcendo
810 2773 817 2783 .
829 2761 884 2788 quo
900 2753 949 2780 tibi

165 2797 306 2832 contingat
323 2798 349 2824 id
365 2798 438 2832 quod
455 2803 544 2832 optas.
565 2799 666 2827 Verum
690 2800 723 2826 ad
752 2800 804 2826 hoc
838 2808 951 2828 necesse

167 2848 282 2874 prorsus
293 2847 355 2870 ante
372 2842 465 2871 omnia
487 2848 530 2871 est
544 2866 552 2877 ,
579 2850 609 2872 ut
636 2845 812 2872 intendamus
836 2851 953 2881 uterque

169 2886 339 2919 diligentiam
356 2889 478 2923 latendi,
491 2891 742 2927 sollicitissimeqne
757 2900 904 2922 caveamus
918 2902 952 2922 ne

990 935 1055 967 lixe,
1068 939 1122 962 tam
1149 937 1270 970 gratuito
1293 937 1409 964 faveret.
1433 937 1471 965 De
1487 943 1594 966 secreto
1608 959 1615 971 ,
1634 938 1707 973 quod
1723 945 1784 966 mo-

989 987 1096 1013 nuerat.
1111 990 1240 1009 securum
1258 983 1332 1010 omni
1348 991 1381 1011 ex
1394 989 1471 1019 parte
1482 985 1563 1020 jussit
1582 993 1652 1014 esse.
1670 986 1707 1012 De
1720 993 1782 1012 mea

992 1027 1054 1059 fide,
1067 1028 1207 1063 inqulens,
1225 1037 1278 1056 non
1298 1029 1389 1056 minus
1407 1034 1485 1064 potes
1500 1038 1532 1057 ac
1548 1030 1634 1057 debes
1649 1038 1733 1065 quam
1746 1030 1782 1057 de

990 1078 1036 1101 tua
1052 1074 1137 1109 ipsius
1149 1074 1176 1101 in
1192 1075 1246 1102 hoc
1266 1075 1340 1110 quod
1361 1076 1415 1110 tegi
1431 1076 1578 1111 utriusque
1589 1076 1722 1108 interest,
1742 1081 1785 1103 ta-

991 1121 1078 1146 cendo
1094 1121 1246 1148 constantia
1259 1126 1286 1148 et
1309 1122 1499 1149 moderatione
1510 1122 1648 1149 conﬁdere
1661 1131 1668 1155 ;
1682 1130 1785 1157 quare,

991 1164 1065 1199 quod
1084 1164 1116 1192 ad
1143 1173 1186 1192 me
1212 1166 1332 1198 attinet,
1357 1170 1412 1193 tam
1433 1167 1481 1194 tibi
1508 1173 1582 1194 certa
1606 1167 1786 1195 incolumitas

992 1215 1038 1238 tua
1062 1216 1114 1243 est,
1140 1219 1220 1246 quam
1245 1212 1319 1247 quod
1347 1213 1374 1239 in
1391 1213 1445 1239 vita
1472 1217 1563 1248 potest
1595 1221 1655 1240 esse
1687 1214 1788 1241 certis-

992 1257 1103 1284 simum.
1125 1257 1248 1284 Condam
1267 1265 1310 1284 me
1331 1257 1427 1292 paucis
1449 1258 1566 1292 diebus,
1590 1263 1620 1286 et
1641 1259 1786 1286 celeritate

993 1310 1099 1330 summa
1122 1303 1198 1338 quod
1218 1303 1301 1339 cupio
1323 1304 1477 1331 exscribam
1494 1324 1502 1336 ,
1517 1304 1628 1332 interim
1644 1312 1707 1332 cum
1731 1305 1787 1332 alio

994 1354 1094 1384 praeter
1111 1353 1137 1375 te
1149 1356 1233 1375 unum
1250 1349 1433 1383 congrediens
1449 1351 1571 1377 nemine.
1585 1350 1714 1378 Perfecto
1732 1359 1784 1379 ne-

994 1394 1068 1429 gotio
1083 1394 1196 1421 evolabo
1211 1395 1302 1421 statim
1318 1415 1324 1427 ,
1341 1399 1371 1421 ut
1386 1402 1420 1421 ne
1438 1395 1461 1422 si
1473 1395 1570 1422 vellem
1584 1395 1706 1430 quidem,
1719 1404 1787 1431 pos-

994 1447 1051 1467 sem
1065 1440 1141 1467 hisce
1162 1440 1291 1474 cuiquam
1323 1440 1350 1467 in
1383 1440 1509 1475 partibus
1536 1441 1621 1468 ullum
1636 1442 1709 1468 inter
1732 1450 1786 1470 nos

997 1491 1200 1513 transactorum
1219 1486 1354 1513 indicium
1380 1486 1536 1514 effundere.
1566 1487 1606 1514 Me
1632 1487 1698 1515 hinc
1723 1496 1788 1523 pro-

997 1531 1073 1559 fecto
1092 1537 1118 1558 tu
1135 1533 1276 1566 supereris
1292 1540 1363 1559 unus
1380 1532 1426 1566 qui
1447 1541 1505 1560 rem
1528 1534 1608 1561 scias.
1625 1533 1712 1566 Quam
1726 1539 1786 1562 tuta

994 1577 1044 1605 tibi
1060 1585 1092 1604 ac
1111 1577 1164 1604 ﬁda
1176 1582 1219 1604 est
1236 1583 1282 1604 tua
1299 1578 1409 1613 propria
1426 1579 1610 1611 conscientia,
1624 1584 1679 1606 tam
1695 1587 1788 1607 remo-

995 1628 1055 1650 tum
1068 1623 1102 1650 ab
1118 1624 1191 1650 omni
1220 1623 1303 1650 etiam
1322 1625 1416 1651 umbra
1433 1625 1559 1659 periculi.
1574 1625 1656 1660 hujus
1672 1625 1787 1660 quidem

993 1670 1057 1698 facti
1074 1671 1163 1705 gratia
1180 1691 1187 1703 ,
1204 1676 1229 1698 te
1256 1671 1432 1698 manifestum
1451 1676 1494 1698 est
1519 1671 1587 1698 fore.
1611 1671 1674 1698 Hzec
1703 1678 1731 1699 ct
1758 1672 1788 1700 in

993 1723 1052 1743 eam
1069 1716 1231 1744 sententiam
1241 1716 1294 1743 alia
1307 1716 1398 1743 locuto
1409 1716 1508 1744 Perzoi
1524 1716 1634 1751 aperuit
1648 1717 1732 1744 [nilus
1743 1725 1789 1744 sa-

994 1762 1076 1797 piens
1096 1770 1230 1789 arcanum
1256 1770 1382 1789 museum
1412 1770 1514 1795 suum;
1533 1763 1570 1790 ibi
1595 1763 1639 1790 ille
1657 1771 1719 1790 cum
1738 1763 1789 1790 has

995 1809 1199 1836 dissertationes
1229 1809 1390 1843 quindecim
1425 1809 1661 1844 gymnosophistae
1684 1809 1788 1836 veteris

995 1853 1027 1880 ad
1055 1862 1144 1889 regem
1175 1855 1384 1882 Abessalomum
1400 1875 1408 1887 ,
1425 1859 1481 1882 tum
1505 1855 1558 1882 alia
1590 1859 1701 1882 strenue
1725 1864 1787 1890 qua:

995 1900 1247 1935 voluitexscripsit
1262 1902 1376 1927 istorum
1398 1901 1496 1928 Indica:
1523 1901 1665 1936 sapientia:
1688 1909 1790 1928 tuonu-

997 1951 1165 1974 mentorum.
1190 1947 1302 1973 Interim
1319 1952 1409 1974 autem
1429 1947 1546 1981 pecunia
1559 1954 1640 1981 quam
1658 1947 1790 1974 attulerat

1000 2000 1015 2019 e
1031 1993 1146 2020 Perside
1159 1993 1245 2019 ferme
1264 1994 1317 2027 jam
1332 1993 1571 2027 expensa,remisit
1589 2001 1622 2020 eo
1638 1992 1721 2020 ﬁdum
1736 1993 1791 2021 ho-

997 2035 1121 2066 minem.
1148 2036 1193 2071 qui
1218 2037 1274 2071 regi
1300 2036 1463 2064 Anasurano
1496 2037 1657 2069 nuntiaret,
1683 2038 1791 2073 magnis

998 2081 1107 2108 tandem
1124 2081 1266 2119 laboribus
1291 2090 1319 2109 se
1337 2082 1477 2117 peregisse
1497 2083 1571 2118 quod
1586 2083 1707 2117 jusserat
1723 2091 1731 2110 :
1747 2091 1790 2110 re-

997 2127 1119 2153 laturum
1144 2127 1194 2162 ipsi
1210 2128 1302 2154 statim
1324 2136 1383 2162 qtne
1401 2129 1515 2163 optabat
1527 2149 1534 2160 .
1549 2129 1595 2156 ubi
1606 2129 1737 2156 viaticum
1755 2129 1790 2157 ad

999 2172 1117 2198 reditum
1143 2172 1312 2206 suppeditari
1329 2173 1382 2199 sibi
1398 2173 1567 2201 mandasset.
1585 2174 1676 2201 Lzetus
1690 2175 1790 2201 nuntio

965 2227 985 2253 υ
1001 2225 1047 2243 rex
1064 2225 1118 2244 non
1133 2217 1221 2244 solum
1240 2217 1314 2252 quod
1341 2218 1484 2253 petebatur
1506 2219 1696 2247 liberalissime
1722 2221 1790 2247 sub-

1001 2263 1096 2292 misit.
1113 2263 1159 2289 sed
1175 2263 1288 2290 redditis
1305 2264 1513 2291 humanissimis
1529 2265 1629 2292 litteris
1641 2274 1724 2300 quarti
1737 2267 1790 2293 sibi

1005 2312 1112 2340 gratum
1129 2308 1326 2342 acjucundum
1345 2309 1486 2336 accideret
1502 2310 1612 2337 Perzois
1625 2311 1792 2346 obsequium

1004 2353 1110 2387 prolixe
1123 2353 1294 2386 declaravit;
1326 2360 1383 2381 ttnn
1403 2355 1458 2382 Deo
1474 2356 1576 2390 gratias
1586 2364 1679 2391 agens,
1697 2362 1726 2384 et
1738 2358 1792 2385 sibi

1004 2398 1154 2432 gratulans,
1171 2397 1336 2426 hortabatur
1351 2405 1379 2426 ut
1393 2402 1484 2434 quoad
1501 2408 1551 2427 suo
1566 2401 1713 2429 commodo
1726 2403 1793 2430 lice-

1005 2446 1056 2473 ret,
1072 2447 1222 2469 maturaret
1242 2444 1361 2470 reditum
1376 2445 1402 2471 in
1421 2445 1535 2479 patriam
1554 2465 1561 2478 ,
1579 2446 1626 2473 ubi
1644 2454 1707 2474 eum
1726 2448 1794 2476 ﬁde-

1005 2487 1040 2513 lis
1053 2495 1145 2521 opera:
1163 2489 1275 2522 praemia
1292 2495 1446 2518 manerent.

1042 2533 1110 2560 Vlll.
1129 2534 1184 2561 [lac
1207 2534 1324 2562 Perzoes
1341 2536 1410 2562 lecta
1441 2537 1557 2571 epistola
1573 2559 1579 2567 .
1594 2538 1740 2566 confestim
1764 2547 1794 2567 se

1007 2577 1051 2604 dat
1065 2578 1091 2604 in
1113 2578 1184 2604 viam
1200 2598 1206 2611 ,
1221 2586 1254 2606 ac
1265 2587 1325 2606 eam
1342 2579 1460 2607 feliciter
1473 2588 1611 2613 emensus,
1626 2583 1794 2610 incolumem

1006 2630 1035 2650 se
1051 2623 1123 2650 sistit
1151 2623 1288 2658 Chosroi;
1313 2626 1360 2660 qui
1386 2627 1496 2660 quantis
1515 2627 1604 2661 ipsum
1626 2628 1794 2657 benevolen-

1009 2670 1052 2697 lia:
1070 2670 1315 2705 signiﬁcationibus
1338 2674 1496 2708 exceperit,
1517 2673 1591 2701 haud
1613 2674 1692 2702 facile
1703 2676 1739 2703 sit
1753 2676 1798 2703 di-

1008 2715 1097 2743 cendo
1120 2717 1247 2752 exsequi.
1277 2718 1427 2753 Amplexus
1445 2719 1581 2747 charitate
1609 2721 1798 2749 sincerissima

1009 2761 1150 2795 reducem,
1164 2765 1379 2792 commentarios
1393 2773 1474 2792 manu
1496 2770 1593 2793 tenens
1609 2774 1680 2801 quos
1696 2767 1798 2795 attule-

1010 2811 1059 2838 rat,
1073 2806 1162 2834 Beasti
1177 2815 1229 2836 nos
1245 2828 1252 2841 ,
1272 2809 1372 2844 inquit,
1388 2814 1416 2836 et
1432 2810 1488 2837 voti
1504 2815 1647 2845 compotes
1659 2812 1801 2847 antiquis-

1008 2853 1070 2879 simi
1085 2852 1189 2881 faciens
1205 2874 1212 2885 .
1229 2859 1364 2882 :cternum
1381 2856 1431 2883 tibi
1452 2855 1618 2890 devinxisti,
1637 2862 1727 2886 macte
1746 2859 1801 2887 ista

1009 2897 1153 2933 industria,
1179 2899 1323 2936 ﬁdelitate,
1348 2901 1511 2936 diligentia;
1531 2903 1661 2932 dabimus
1686 2904 1722 2932 de
1746 2912 1804 2933 car.
