1913 3068
126 138 182 170 i235

552 135 744 167 SPECIMEN
765 131 981 165 SAPIENTLE
999 133 1180 165 INDORUM
1200 134 1280 165 VET.

1659 133 1728 168 1226

125 200 174 221 tero
191 213 197 225 .
212 201 229 228 q
249 192 283 220 od
313 199 364 220 nos
390 191 489 222 decet.
506 199 619 226 operam
636 211 645 224 ,
661 198 694 218 ne
721 189 822 218 minori
845 193 894 216 tuo
909 187 934 218 Δ
947 195 1104 222 pannorum
1128 188 1191 224 Pagi
1216 187 1361 220 Phnistan,
1377 187 1499 224 amplum
1514 194 1578 217 eum
1598 190 1728 228 vestitum

124 240 202 267 fructu
220 260 227 271 ,
240 246 322 273 quam
339 242 433 266 nostra
452 237 596 272 voluptate
610 258 618 269 .
635 241 743 264 tantum
769 235 894 262 laborum

123 288 146 311 et
167 283 354 319 periculorum
380 282 553 310 cxhauseris.
575 282 633 310 Sub
649 281 709 308 haec
729 281 802 308 diem
829 287 896 307 con-

124 329 182 357 dicit
198 333 359 364 posterum;
376 328 455 362 cuius
470 324 533 355 'diei
561 332 654 354 notata
679 326 746 353 hora
770 325 870 352 eruditi
887 344 895 356 ,

124 382 183 410 quos
198 374 225 401 in
244 374 376 401 comitatu
394 372 510 400 ltabebat
529 372 671 407 plurimos,
689 370 896 405 omnigenaaque

123 419 255 454 sapientiae
281 418 481 446 consultissimi
516 417 570 444 viri
597 416 778 444 convenirent
804 415 838 442 ad
866 422 896 442 se

124 472 221 497 omnes,
231 464 351 492 audituri
371 470 484 498 peregre
500 463 628 490 advectus
647 462 733 489 libros
749 482 757 494 ,
769 461 833 488 dum
846 460 897 488 lin-

123 519 166 546 gua
184 510 302 545 primttm
318 510 424 537 Persica
443 515 475 536 ex
488 508 596 537 Pcrzois
615 507 843 542 interpretatione
854 514 898 533 re-

124 557 277 583 citarentur.
292 555 465 590 Congregato
489 558 562 582 coetu
584 553 754 588 amplissimo
768 572 776 585 ,
790 552 897 580 medius

124 603 148 630 in
162 603 258 630 throno
272 610 332 635 rex,
351 602 468 637 sumptis
479 601 507 628 in
523 608 620 629 manus
636 603 664 628 et
679 599 822 635 explicatis
830 599 897 627 Per-

123 649 172 677 tois
182 649 334 682 codicibus,
348 648 431 684 jussit
442 655 476 675 ex
487 647 527 675 eis
538 655 554 674 a
564 647 737 675 vocalissimo
749 649 897 681 anagnocte

122 693 288 730 pronuntiari
306 701 353 728 per
369 693 450 721 horas
478 693 612 728 plurimas
626 691 834 720 dissertationes
849 699 898 726 po-

124 739 253 767 tissimum
265 738 423 774 quindecim
453 738 684 774 gymnosophistae
705 745 767 766 cum
782 736 899 764 Abessa-

122 785 189 813 lonto
204 792 267 820 rege
282 793 290 817 ;
307 784 479 812 initiantibus
489 784 568 811 avide
582 783 699 816 cunctis,
710 787 739 810 et
754 783 897 810 veritatem

122 834 171 857 tam
196 830 267 865 aptis
289 837 446 865 expressam
472 829 594 862 fabulis,
620 829 757 863 strataque
784 835 899 856 summat

123 875 244 903 humana:
261 875 404 910 sapientia:
420 874 570 902 bestiarum
586 874 773 902 amoenissime
789 873 900 908 profusa

125 920 223 955 linguis
235 940 242 952 ,
258 920 445 955 pulcherrimo
472 919 579 947 intextu
600 919 740 955 peregrini
767 919 876 946 artificii
893 939 901 951 ,

124 965 250 994 concordi
274 964 480 992 celebrantibus
493 965 639 1000 applausu.
655 964 684 992 ιη
700 964 824 999 digressu
841 971 902 999 gra-

123 1010 226 1038 vissimi
255 1010 360 1045 quique
378 1015 538 1037 senatorum
560 1017 659 1037 manus
685 1010 713 1037 in
730 1010 831 1037 ccelum
848 1009 902 1036 tol-

122 1056 222 1089 lcbant,
242 1056 412 1091 gratulantes
429 1055 554 1087 Numini,
571 1055 645 1090 quod
658 1055 710 1083 ista
721 1055 776 1090 regi
793 1059 902 1087 mente,

123 1102 172 1129 isto
189 1102 285 1129 Perin
302 1101 395 1129 studio
415 1109 602 1136 successuque
619 1102 702 1136 empti
722 1101 842 1130 difﬁcilis
853 1101 904 1128 do-

122 1148 221 1179 nando,
235 1148 309 1176 diem
322 1147 432 1175 demum
453 1148 614 1175 illucescere
634 1146 821 1175 felicissimam
836 1154 904 1174 con-

122 1195 248 1221 cessisset
261 1193 367 1221 Persidi
381 1213 388 1225 .
404 1193 487 1221 tantis
501 1197 601 1221 exterze
613 1193 755 1228 sapientiae
767 1191 904 1219 thesauris

119 1239 179 1274 jure
196 1238 325 1273 deinceps
351 1238 518 1273 gloriatum.
541 1236 610 1264 Hinc
634 1237 759 1264 conversi
787 1236 821 1264 ad
839 1237 905 1266 Per-

122 1291 207 1315 zoem,
225 1284 330 1313 nullum
349 1283 487 1311 faciebant
501 1283 582 1310 linem
602 1282 704 1318 ingenii
729 1283 789 1318 ejus
811 1282 905 1310 facun-

121 1330 237 1365 diteque,
252 1338 284 1359 ac
303 1330 330 1357 in
348 1331 429 1359 lautis
440 1329 571 1366 periculis
584 1329 804 1360 contemnendis.
815 1329 905 1359 feren~

122 1375 337 1408 dislabOriltus,
371 1375 543 1404 fortitudinis
566 1374 780 1409 constantiaque
807 1374 906 1409 praedi-

122 1421 233 1454 candae;
249 1429 304 1456 quo
313 1421 424 1449 aiebant
445 1421 557 1449 nomine
569 1421 685 1455 patriam
698 1420 748 1455 ipsi
763 1427 840 1447 sttam
856 1420 906 1447 im-

122 1467 247 1494 mortalis
278 1466 406 1494 benedcii
435 1473 544 1499 semper
570 1465 734 1494 debitricem
760 1465 828 1493 fore.
848 1465 906 1493 Rex

947 242 1003 262 non
1018 235 1086 263 mihi
1105 235 1194 263 solum
1219 235 1391 263 indicatione
1410 235 1514 264 favoris
1524 236 1564 264 tui
1576 255 1584 268 ,
1600 237 1649 265 sed
1668 238 1730 265 uni.

947 286 1034 307 versae
1058 287 1170 315 quoque
1198 280 1356 315 cognatioui
1383 287 1451 308 meat
1473 285 1550 309 ratus
1569 281 1637 309 fore.
1662 282 1730 311 lude

947 333 1010 354 cum
1026 333 1108 362 quant
1125 326 1181 353 dixi
1197 326 1347 361 accepisset
1365 326 1480 355 Perzoes
1494 331 1599 355 vestem
1614 328 1729 364 regiam.

948 371 1104 406 gratiasque
1124 371 1225 398 iterum
1247 371 1471 406 exquisitissimis
1493 372 1597 408 egisset
1616 374 1731 408 verbis,
1757 401 1765 410 ,

947 421 1047 444 cuncta
1060 417 1085 444 ei
1104 424 1235 452 prospera
1254 417 1398 452 faustaque
1420 425 1436 445 a
1460 418 1516 445 Deo
1536 426 1730 454 comprecatus,

948 461 1147 490 demississime
1173 463 1354 497 significavit,
1369 463 1442 491 aliud
1458 465 1600 500 quidpiam
1622 466 1734 495 deside-

950 516 1012 535 rare
1038 515 1067 535 se
1082 515 1096 534 a
1117 508 1259 543 majestate
1275 509 1353 544 ejus.
1369 516 1425 536 non
1451 510 1559 538 difﬁcile
1572 531 1580 543 ,
1598 519 1649 539 nec
1673 520 1734 540 ma-

950 561 1034 588 gnum
1050 562 1056 580 :
1072 553 1157 588 quod.
1171 554 1192 581 si
1209 561 1258 589 per
1275 561 1338 581 eum
1350 554 1467 587 liceret,
1483 557 1616 585 continuo
1631 565 1733 594 propo-

951 603 1041 626 neret.
1059 599 1271 634 Dicercjussus,
1289 599 1425 634 subjecit:
1443 600 1590 636 Cuperem.
1608 603 1732 637 domine,

950 649 982 672 ut
995 644 1132 679 imperare
1157 644 1311 680 dignareris
1329 646 1457 680 scriptori
1489 651 1536 675 tuo
1563 648 1639 683 regio
1655 649 1733 677 Pert-

950 689 1143 721 zetzemchari,
1160 689 1216 716 filio
1228 689 1414 723 Pasehetices,
1426 694 1456 717 ut
1466 698 1528 718 cum
1548 691 1648 720 librum
1664 700 1680 721 a
1691 701 1734 721 me

950 733 1069 762 delatum
1081 741 1114 761 ex
1124 733 1201 761 lndia
1217 734 1381 768 Persiceque
1396 743 1521 767 versum.
1546 745 1609 765 mox
1619 757 1627 770 ,
1653 745 1737 773 prout

947 778 1004 814 jam
1020 778 1126 814 jussisti
1138 798 1145 810 .
1157 778 1222 806 edet
1237 779 1264 806 in
1283 779 1371 807 lucem
1389 780 1527 815 publicam
1542 801 1549 814 ,
1563 789 1734 811 commemo-

951 825 1041 852 retin
1068 825 1159 852 fronte
1187 825 1281 860 operis
1305 826 1471 854 nominatim
1495 828 1543 862 qui
1571 828 1635 862 sim,
1662 831 1736 858 unde

952 875 1042 902 ortus,
1062 870 1142 905 cujus
1155 875 1236 898 secta:
1262 878 1294 899 ac
1321 872 1418 905 studii,
1445 877 1586 908 postremo
1601 880 1736 910 quantum

953 916 1141 943 contentionis
1156 916 1183 943 in
1211 917 1264 944 hoc
1286 921 1332 944 tuo
1350 918 1479 946 mandato
1494 918 1671 955 defungendo
1685 929 1738 949 ex-

955 961 1107 989 hauserim.
1125 962 1165 989 Eo
1176 962 1286 997 cognito
1300 962 1415 991 Perzois
1431 968 1494 992 voto
1506 971 1554 992 rex
1564 971 1593 993 et
1605 973 1738 1001 proceres

954 1015 1115 1043 generosam
1132 1007 1192 1042 ejus
1211 1007 1373 1042 sapientiam
1389 1016 1539 1044 suspexere
1551 1029 1558 1041 .
1573 1011 1620 1046 qui
1635 1011 1737 1046 opibus

954 1060 987 1080 ac
1001 1053 1117 1088 pecunia
1137 1053 1305 1087 contemptis
1318 1073 1326 1086 ,
1341 1059 1476 1082 mternum
1493 1055 1578 1083 decus
1596 1056 1738 1085 immorta-

954 1098 989 1126 lis
1005 1099 1199 1137 gl0riacunum
1221 1099 1384 1126 intueretur.
1407 1099 1498 1134 Quare
1513 1102 1605 1130 statim
1624 1103 1648 1131 ei
1664 1110 1710 1131 rex
1728 1112 1736 1132 :

955 1145 1080 1178 Dabitur,
1096 1153 1130 1173 ne
1145 1146 1251 1178 dubita,
1268 1146 1341 1180 quod
1357 1147 1428 1181 petis
1457 1156 1464 1175 :
1485 1149 1618 1184 iussoque
1635 1149 1734 1178 confe-

954 1189 1019 1217 stim
1038 1190 1121 1216 acciri
1137 1190 1396 1223 Pertzt-tzemcbari,
1416 1191 1510 1224 Vides,
1521 1193 1655 1226 ait,hunc
1670 1195 1738 1223 Per.

956 1242 1032 1262 zoem
1047 1256 1054 1268 ,
1073 1235 1145 1265 nosti
1164 1234 1348 1262 eruditionem
1362 1256 1369 1266 .
1385 1236 1548 1265 modestiam
1567 1242 1738 1274 craterasque

955 1280 1052 1307 laudes
1068 1279 1143 1314 ejus.
1160 1287 1211 1307 nec
1227 1284 1253 1307 te
1274 1279 1343 1314 fugit
1357 1285 1490 1315 quantum
1509 1281 1538 1309 in
1561 1283 1642 1311 nobis
1652 1284 1741 1319 grati-

956 1325 1063 1354 ﬁcando
1079 1325 1264 1362 periculorum
1277 1333 1519 1362 terumnarumque
1536 1329 1741 1358 animoiuvicto

958 1372 1074 1400 subierit
1088 1381 1095 1404 ;
1113 1377 1246 1408 praeterea
1258 1377 1289 1400 ut
1303 1373 1437 1400 recusarit
1447 1374 1616 1408 amplissima
1628 1377 1741 1411 praemia

957 1427 1019 1455 qua:
1034 1419 1086 1454 ipsi
1105 1419 1311 1447 merentissimo
1329 1420 1551 1448 decreveramus.
1569 1421 1595 1450 ls
1609 1423 1740 1457 quoniam

957 1466 1018 1492 vice
1028 1465 1150 1493 omnium
1167 1473 1252 1494 unum
1268 1470 1355 1501 Optat,
1367 1470 1398 1493 ut
1410 1465 1483 1493 libro
1495 1474 1577 1503 quem
1595 1472 1638 1498 est
1651 1468 1741 1497 inter.

122 1512 190 1547 ipse,
205 1512 275 1539 hand
299 1520 359 1540 sese
371 1513 426 1548 jam
444 1513 559 1547 capiens
573 1532 581 1546 ,
596 1512 678 1547 pandi
695 1512 844 1547 apothecas
862 1519 904 1539 re-
917 1517 940 1546 ο
958 1514 1081 1546 pretatus
1105 1511 1245 1546 specimen
1267 1511 1396 1540 lndorum
1419 1512 1562 1548 sapientiae
1586 1513 1740 1548 praebenti.

121 1559 227 1592 giarum
243 1566 325 1593 opunt
336 1559 429 1594 jussit,
446 1558 585 1593 ductoque
610 1565 703 1586 secum
720 1557 793 1585 intro
808 1558 904 1585 Perzoi

119 1603 302 1638 jurejurattdo
320 1603 493 1631 conﬁrmavit
511 1603 669 1631 condonare
682 1611 712 1631 se
728 1603 779 1638 ipsi
795 1610 826 1630 ac
843 1603 906 1638 jure

119 1651 176 1683 jam
205 1657 277 1677 ttuttc
290 1657 372 1684 qttam
396 1649 501 1685 optituo
521 1649 663 1684 proprium
688 1649 798 1676 tradere
823 1649 905 1683 quid-

121 1696 188 1730 quid
207 1703 238 1723 ac
264 1700 398 1730 quantum
423 1695 487 1722 inde
508 1695 606 1727 t'ellct;
620 1694 752 1729 eligeret,
771 1698 882 1728 caperet
897 1713 904 1725 ,

121 1742 196 1767 nulla
226 1742 404 1772 verecundia,
433 1741 508 1767 nulla
528 1739 696 1775 parcitnonia
718 1739 829 1766 domum
856 1746 907 1767 au-

119 1786 207 1813 ferret
220 1806 226 1818 ,
243 1794 258 1814 e
291 1786 451 1815 clarissimis
466 1786 521 1816 illis
543 1785 659 1820 gemmis
673 1804 681 1817 ,
697 1793 712 1811 e
739 1783 907 1820 pretiosissi-

121 1833 174 1859 tuis
193 1833 294 1866 pannis
308 1839 375 1861 auro
394 1831 474 1858 textis
491 1835 518 1857 et
536 1831 629 1862 blatta,
647 1830 814 1866 reliquisque
826 1829 907 1865 regite

117 1887 192 1913 gain:
208 1879 339 1907 immensa
355 1876 412 1905 illic
426 1876 502 1911 copia
517 1880 652 1910 congesta:
667 1875 781 1904 divitiis.

156 1924 203 1951 lx.
220 1923 298 1953 Tunc
327 1922 474 1958 procidens
502 1929 595 1950 coram
624 1929 687 1956 rege
710 1921 907 1950 demississime

116 1971 260 1999 Perzoes:
279 1969 392 2005 Accipio
409 1989 416 2001 ,
427 1969 466 1996 ait
479 1987 488 2001 ,
504 1968 615 1997 domine
628 1989 635 2000 ,
652 1968 734 1999 istum
760 1967 882 1994 animum
898 1987 906 2000 ,

117 2016 196 2044 istud
212 2015 246 2042 de
259 2022 302 2044 me
316 2015 462 2050 judicium,
474 2021 507 2042 eo
523 2013 636 2047 gratiori
653 2012 736 2042 animi
753 2020 835 2040 sensu
849 2032 856 2044 ,
874 2019 908 2039 eo

115 2061 266 2096 dt-jectiori
293 2060 471 2088 veneratione
485 2081 492 2093 ,
514 2067 569 2095 quo
596 2059 682 2094 magis
704 2067 764 2088 sum
780 2059 908 2087 conscius

116 2108 190 2134 nihil
208 2107 297 2142 egisse
311 2127 319 2139 ,
333 2110 380 2135 aut
409 2106 535 2141 potuisse
558 2113 602 2132 me
620 2112 675 2140 quo
699 2105 781 2131 tantis
796 2111 810 2131 a
831 2111 908 2133 sacra

116 2156 166 2178 tua
192 2152 335 2186 majestate
363 2149 499 2179 cumulari
518 2149 662 2178 favoribus
688 2156 820 2176 mererer.
835 2147 908 2175 Laus

958 1565 1056 1585 nomen
1077 1557 1163 1592 ipsius
1175 1565 1237 1585 cum
1257 1558 1397 1585 ntentione
1416 1566 1506 1593 operae
1522 1559 1595 1589 circa
1610 1566 1673 1586 eum
1689 1566 1740 1586 tta-

959 1609 1038 1636 t'atte.
1050 1608 1106 1631 tum
1125 1607 1230 1631 caeteras
1245 1603 1306 1638 eius
1321 1603 1473 1639 disciplina:
1488 1612 1521 1633 ac
1539 1604 1602 1633 vita
1616 1604 1737 1635 instituti

958 1650 1160 1685 pra-figeretur,
1175 1650 1304 1678 volumus
1318 1649 1394 1679 illum
1409 1650 1559 1685 aequissimi
1572 1650 1657 1685 hujus
1682 1651 1740 1680 voti

959 1704 1008 1731 per
1019 1701 1044 1723 te
1057 1695 1161 1732 prolixe
1172 1699 1326 1730 compotem
1344 1695 1413 1722 fieri.
1427 1695 1520 1730 Itaque
1536 1701 1670 1730 quantum
1682 1701 1743 1723 arte

958 1740 1142 1775 facundiaque
1159 1740 1244 1772 vales,
1270 1740 1312 1767 fac
1339 1739 1366 1767 in
1391 1747 1425 1767 eo
1448 1745 1624 1775 argumento.
1640 1741 1743 1775 talique

958 1786 1019 1814 viro
1033 1790 1113 1821 prout
1130 1791 1171 1813 est
1183 1786 1283 1821 dignus
1297 1786 1467 1819 exornando,
1480 1791 1566 1814 totum
1578 1793 1741 1822 expromas:

958 1833 984 1862 id
998 1838 1210 1864 consecuturus,
1227 1837 1257 1861 ut
1284 1833 1393 1862 laudem
1422 1832 1505 1861 etiant
1530 1833 1589 1868 ipse
1604 1833 1743 1868 propriam

958 1887 992 1909 ex
1003 1880 1094 1907 alieno
1110 1884 1235 1915 reportes
1248 1880 1386 1913 eneomio,
1397 1883 1425 1907 et
1440 1884 1522 1907 tanta
1536 1880 1649 1907 virtutis
1660 1879 1743 1914 digne

958 1926 1157 1956 commendata:
1170 1926 1300 1961 splendor
1323 1926 1350 1953 in
1377 1929 1450 1954 tttam
1477 1933 1588 1961 quoque
1608 1925 1744 1957 redundet

958 1972 1121 2002 claritatem.
1140 1971 1214 2000 Vade
1227 1979 1287 2007 age,
1308 1971 1437 2000 incumbe
1451 1972 1478 2000 in
1490 1979 1559 2006 opus
1574 1972 1634 2001 sine
1647 1978 1721 2002 mora
1735 1980 1743 1998 :

958 2022 987 2046 et
1001 2017 1083 2044 simul
1103 2017 1185 2046 istum
1206 2017 1402 2052 panegyricum
1428 2016 1638 2046 elucubraveris
1653 2037 1660 2049 ,
1680 2024 1743 2044 cer-

960 2063 1046 2090 tiores
1077 2070 1128 2090 nos
1149 2062 1207 2094 fac;
1225 2062 1314 2096 placet
1342 2062 1415 2091 enim
1440 2061 1522 2089 nobis
1549 2062 1602 2090 hoc
1627 2060 1688 2096 ipso
1715 2062 1744 2089 itt

961 2113 1046 2139 cuitu.
1061 2107 1134 2142 quod
1151 2105 1298 2141 scripseris
1311 2111 1375 2134 ante
1393 2106 1544 2135 editionem
1560 2105 1672 2132 recltari
1688 2125 1695 2137 ,
1714 2111 1745 2132 ut

960 2153 1072 2181 eosdem
1083 2152 1130 2188 qui
1147 2150 1259 2181 Perzois
1271 2150 1432 2181 industriam
1447 2151 1642 2185 ingeniumque
1654 2149 1746 2177 dilau-

113 2205 150 2224 ea
169 2204 244 2226 mera
260 2202 302 2223 est
326 2195 533 2223 humanissima:
551 2194 718 2230 dignationis
730 2198 783 2221 tuae
795 2214 802 2225 .
821 2202 905 2229 quant
922 2184 948 2216 D
961 2199 1061 2226 (ιπυιη
1075 2184 1184 2233 [graue
1199 2201 1301 2225 nostrae
1316 2197 1342 2224 in
1357 2204 1421 2223 eum
1441 2184 1620 2228 voluntatis,
1635 2201 1745 2230 tuaeque

113 2243 185 2277 quia
207 2242 377 2271 remunerari
395 2241 475 2270 aliter
499 2248 581 2276 quam
605 2240 675 2268 votis
701 2247 809 2274 nequeo
824 2260 832 2272 ,
857 2247 904 2267 su-

113 2295 246 2323 premum
269 2288 330 2316 cmli
359 2291 493 2322 terraeque
521 2286 666 2314 Dominum
694 2286 818 2321 impense
842 2293 905 2320 pre-

112 2342 168 2361 cor
196 2337 226 2361 ut
244 2338 269 2361 te
294 2333 442 2363 maximum
472 2339 562 2367 regem
587 2337 615 2359 et
632 2332 659 2358 in
679 2331 731 2361 hac
745 2332 800 2359 vita
813 2336 908 2367 pergat

112 2380 195 2407 omni
218 2380 403 2414 prosperitate
429 2378 571 2407 fortunare
584 2398 591 2410 ,
611 2382 640 2406 et
655 2378 681 2405 in
700 2377 795 2406 futuro
806 2377 906 2406 saculo

112 2423 292 2457 sempiterna
318 2426 433 2452 coronet
457 2421 553 2456 gloria.
575 2421 653 2456 Quod
668 2421 702 2448 ad
720 2422 771 2449 ista
787 2422 907 2457 pertinet

112 2476 182 2503 quze
203 2467 355 2502 largissime
371 2467 455 2494 offers
473 2467 585 2502 indigno
602 2470 630 2493 et
648 2467 738 2494 inutili
753 2472 800 2494 ttto
814 2475 906 2500 servo.

112 2513 214 2545 liceat,
230 2520 333 2549 quaeso,
344 2520 392 2546 per
410 2517 436 2540 te
456 2511 536 2542 mihi.
549 2520 596 2539 rex
610 2512 805 2545 illustrissinte,
819 2512 907 2541 libere

111 2559 200 2586 fateri
219 2566 262 2586 me
283 2558 317 2587 iis
343 2565 396 2585 non
418 2558 551 2593 indigere.
569 2557 686 2587 Abunde
708 2558 809 2593 quippe
825 2564 907 2593 atque

112 2606 211 2632 instar
234 2604 359 2632 omnium
390 2609 464 2633 tuam
478 2611 539 2631 esse
555 2604 623 2634 mihi
637 2603 754 2639 gratiam
773 2609 802 2632 et
812 2605 906 2639 splen-

111 2651 215 2678 dorem
231 2650 431 2678 redundantem
453 2650 480 2677 in
497 2657 540 2677 me
555 2657 694 2677 summum
705 2657 739 2677 ex
752 2655 806 2678 tam
821 2650 906 2678 hono-

111 2699 200 2725 rtt’ico
220 2698 371 2733 tnajcstatts
384 2697 418 2724 de
437 2704 480 2723 me
498 2701 554 2724 tua:
577 2697 738 2724 testimonio
759 2704 792 2724 ac
810 2704 904 2726 sensu.

111 2745 156 2771 Ne
175 2749 267 2770 tamen
285 2744 380 2771 videar
406 2743 509 2777 regiam
526 2743 605 2770 istam
622 2746 696 2770 tuam
713 2742 904 2770 Liberalitatem

112 2798 262 2824 ipa-ntere,
276 2793 323 2816 aut
342 2797 473 2817 ret'USare
490 2789 517 2816 in
542 2797 599 2816 aere
615 2794 662 2816 tuo
677 2796 749 2821 esse,
769 2796 853 2815 unum
873 2796 906 2818 ex

112 2834 174 2861 suis
205 2833 485 2866 tuagnilicentissiutis
517 2833 635 2861 admitto
657 2833 748 2865 donis,
775 2833 905 2863 volumen

246 2881 380 2910 Puttoc.
402 2881 460 2909 Gn.
478 2879 598 2928 CXlrllI

962 2245 1049 2280 ipsius
1066 2244 1094 2271 in
1119 2243 1201 2274 nobis
1231 2242 1412 2278 obsequendo
1440 2241 1589 2278 diligentia:
1611 2242 1746 2277 eloquen-

962 2292 1064 2323 tiaeque
1080 2292 1164 2317 testes
1180 2287 1342 2317 habeamus.

995 2334 1031 2362 Χ.
1047 2334 1168 2364 Adoran
1193 2334 1428 2361 Pertzetzemchar
1453 2332 1606 2361 humillima
1630 2341 1746 2364 vepera-

961 2381 1036 2408 tione
1052 2388 1126 2415 rege,
1143 2379 1280 2410 facturum
1294 2386 1323 2407 se
1337 2378 1410 2415 quod
1427 2383 1605 2413 praeceperat,
1622 2380 1744 2414 recepit;

962 2433 994 2453 ac
1009 2425 1113 2452 Perzoe
1130 2423 1222 2451 denuo
1238 2423 1367 2460 prolapso
1378 2423 1412 2452 ad
1430 2423 1514 2458 pedes
1527 2422 1669 2456 Chusrois,
1685 2431 1747 2458 gra-
1776 2443 1794 2461 ρ,

961 2471 1007 2500 tiis
1032 2469 1184 2501 iterandis,
1209 2468 1362 2503 exindeque
1385 2471 1516 2496 venerato
1543 2471 1688 2495 senatores
1714 2476 1747 2495 ac
1788 2472 1790 2475 '

960 2517 1035 2543 viros
1051 2515 1190 2552 principes
1204 2518 1320 2543 caeteros
1336 2521 1432 2542 omnes
1447 2515 1493 2548 qui
1503 2513 1627 2545 aderant,
1639 2514 1746 2541 solutus

961 2567 1114 2589 conventus
1147 2565 1200 2588 est.
1218 2561 1264 2588 'At
1299 2558 1541 2590 Pertzetzemchar
1572 2558 1674 2586 eximio
1694 2566 1746 2586 suo

961 2606 1073 2640 ingenio
1087 2613 1118 2633 ac
1135 2605 1267 2633 facultate
1284 2604 1423 2633 scribendi
1441 2603 1573 2639 praeclara
1586 2603 1746 2638 complexus

962 2651 1152 2686 prtsscriptunt
1167 2653 1372 2686 argumentum,
1395 2649 1549 2677 orationem
1575 2647 1748 2675 elucubravit

960 2697 1170 2728 disertissimam
1187 2716 1195 2727 .
1233 2704 1288 2732 qua
1317 2697 1430 2725 Perzois
1448 2716 1457 2729 ,
1482 2696 1517 2723 ab
1543 2695 1610 2731 ipsis
1632 2700 1748 2721 exorsus

959 2742 1057 2778 primis
1087 2743 1242 2778 originibus
1266 2750 1299 2769 ac.
1320 2742 1500 2778 crepundiis,
1524 2748 1622 2777 genus,
1642 2744 1750 2773 ortum,

959 2789 1050 2823 prima
1066 2788 1169 2821 studia.
1186 2795 1288 2820 mores,
1310 2793 1395 2821 artes.
1424 2795 1517 2820 sensa,
1548 2785 1746 2822 professionem

961 2841 1006 2862 res
1020 2837 1120 2869 gestas.
1135 2840 1221 2868 usque
1236 2832 1269 2860 ad
1286 2833 1539 2868 peregrinationem
1565 2831 1617 2870 ipsi
1633 2829 1749 2860 manda-
