1913 3068
168 155 235 187 1227

862 152 1064 182 APPENDIX.

1711 154 1776 186 12.8

163 219 229 245 tam,
245 216 273 240 et
290 210 394 239 felicem
412 209 530 237 reditum
549 216 582 236 ex
602 208 690 240 india,
715 207 874 243 plenissime
898 215 945 234 or-
960 211 979 237 A
997 208 1087 234 tulans
1103 207 1156 234 sibi
1171 215 1218 235 rex
1235 214 1363 235 successu
1379 208 1486 242 qualem
1508 213 1650 244 optaverat
1662 213 1773 238 manu“.

163 257 359 292 natissimeque
373 256 534 283 celebravit.
561 255 620 282 Non
646 260 688 282 est
709 254 781 289 apud
809 261 859 280 nos
885 254 944 288 ejus

162 304 255 340 operis
271 303 360 337 copia.
386 302 480 336 Neque
497 302 570 328 enim
602 300 678 327 illum
703 299 790 326 Arabs
810 298 945 332 interpres

161 357 243 384 quem
258 348 351 376 Griece
376 346 561 381 expressimus
587 345 614 372 in
629 345 755 372 versione
776 351 824 371 sua
842 342 943 378 posuit.

149 384 312 422 'Possumus
341 397 431 419 tamen
461 391 520 426 ejus
545 389 712 417 desiderium
738 387 852 422 atquiori
874 386 945 414 ferre

162 439 266 470 animo,
278 437 350 472 quod
362 436 502 463 materiam
513 443 545 463 ac
556 435 612 462 fere
624 435 788 462 sententiam
800 433 859 468 ejus
871 439 946 459 eom-

163 483 290 511 mentarii
307 481 406 516 partim
421 480 448 507 in
463 481 514 507 hac
527 487 608 514 quam
629 487 663 506 ex
680 482 864 506 monumentis
876 477 946 504 hau-

162 529 251 556 simus
266 527 384 554 Persicis
401 526 514 553 historia
531 525 729 560 deportationis
746 532 778 551 ex
794 523 870 550 lndia
887 522 944 549 dis-

161 573 342 601 sertationum
380 572 477 598 harum
520 570 760 605 parabolicarum,
795 569 894 604 partim
916 567 944 594 in

161 619 321 654 praefatione
336 618 444 644 Perzois
470 617 568 651 ipsius,
592 623 675 651 quam
702 615 845 643 Arabicam
871 613 944 641 nacti

161 665 257 692 Graece
274 671 335 690 mox
351 662 506 694 reddemus,
537 661 653 696 reperiet
681 661 820 688 studiosus
836 660 943 692 Lector,

162 711 252 745 iisque
270 709 398 736 videlicet
414 712 570 739 contentus,
587 707 661 734 haud
687 714 864 742 magnopere,
884 705 945 740 opi<

163 765 230 790 nor,
243 756 392 791 quidquam
418 755 486 781 ultra
501 754 634 788 requiret.
649 753 815 781 Convocatis
845 752 946 779 deinde

163 809 260 829 rursus
273 810 287 828 a
301 809 364 835 rege
379 800 549 835 proceribus,
574 800 634 834 ipso
649 807 759 834 quoque
774 798 861 826 accito
881 798 946 824 Per-

162 855 221 879 zoe,
234 848 322 875 lectus
345 853 438 874 coram
466 845 594 874 onmibus
619 851 660 872 est
684 840 946 872 Pertzetzemeharis

161 892 291 927 prologus
304 890 525 922 encomiasticus,
542 890 569 917 in
587 897 641 925 quo
662 897 725 916 cum
751 893 825 916 esset
836 888 942 915 cunctis

160 938 249 964 visunt
269 936 420 965 laudatoris
442 937 629 970 eloquentiam
658 935 762 962 laudati
793 933 943 961 virtutibus

160 990 194 1011 ac
209 983 315 1010 meritis
326 990 402 1017 aequa
419 983 595 1016 proportione
611 981 788 1016 respondere,
801 979 945 1015 plausibus

160 1035 276 1064 uterque
291 1028 445 1056 celebratus
462 1028 551 1060 miris,
564 1035 692 1062 magnum
717 1026 839 1053 tulerunt
863 1024 945 1052 indu-

160 1075 234 1102 striae
260 1082 316 1102 sum
344 1074 474 1101 fructum.
494 1074 551 1101 Prae
569 1073 697 1100 omnibus
711 1071 819 1107 gavisus
835 1075 863 1098 et
880 1077 944 1105 gra-

960 874 981 901 Β

998 258 1086 280 tarum
1105 261 1120 279 a
1136 261 1165 280 se
1179 261 1281 286 rerum,
1293 254 1376 289 pandi
1402 255 1548 282 thesauros
1564 255 1654 291 regios
1675 255 1774 284 iterum

994 298 1087 334 jussit,
1109 299 1272 334 eductisque
1289 299 1355 327 inde
1381 307 1480 334 magna
1492 300 1519 327 vi
1535 301 1595 328 auri
1608 308 1639 328 ac
1652 309 1774 336 gemma-

997 351 1057 370 rum
1070 343 1197 371 immensi
1211 345 1302 379 pretii,
1319 349 1375 371 tum
1391 345 1476 372 vestis
1492 346 1610 373 attalicaa
1631 347 1773 381 speciosis-

997 389 1072 416 sima!
1087 395 1201 416 numero
1214 389 1328 424 ingenti,
1345 390 1625 418 Pretzetzemcharem
1650 399 1700 426 pro
1725 400 1774 420 na-

995 437 1058 461 vata
1071 434 1189 461 ﬁdeliter
1200 442 1284 469 opera
1300 440 1461 463 muneratus
1479 441 1531 463 est.
1562 436 1679 464 Perzoes
1705 438 1775 472 regis

996 480 1024 507 in
1039 487 1099 507 sese
1110 479 1241 508 beneficia
1256 481 1330 507 omni
1346 488 1394 507 sua
1421 482 1503 508 etiam
1518 481 1698 516 praedicandi,
1723 490 1773 510 ne-

995 525 1060 551 dum
1076 525 1244 558 rependendi
1260 525 1388 553 facultate
1405 526 1484 560 longe
1510 526 1652 561 superiora
1675 527 1774 561 gratis-

996 570 1065 597 sime
1078 569 1229 604 prol‘essus,
1243 571 1315 597 votis
1336 571 1369 597 ah
1389 571 1577 606 omnipotente
1601 580 1692 599 rerum
1721 572 1774 599 Do-

998 616 1074 642 mino
1089 615 1190 643 institit
1206 616 1416 651 religiosissimis
1429 624 1554 651 poscere,
1573 622 1604 644 ut
1618 618 1691 645 vices
1705 617 1731 644 in
1742 625 1776 645 eo

996 668 1061 688 suas
1074 661 1215 696 suppleas.
1231 669 1285 688 non
1304 662 1440 689 universis
1455 663 1542 690 solum
1565 665 1627 690 vitae
1653 663 1777 690 mortalis

996 706 1164 734 ornamentis
1183 714 1215 734 ac
1229 708 1392 740 commodis.
1407 707 1454 735 sed
1474 708 1559 743 gloria
1576 709 1657 735 etiam
1675 713 1776 735 aeterna

998 756 1103 779 tantam
1117 752 1176 786 ejus
1190 752 1384 787 benignitatem
1396 753 1602 788 largitatemque
1621 758 1775 780 coronaret.

996 797 1241 826 Pertzetzemchari
1255 797 1355 825 deinde
1381 798 1549 832 amplissima
1578 803 1631 825 tam
1650 798 1777 825 benevoli

996 838 1078 871 oﬂicii
1091 847 1220 878 precatus
1232 842 1299 870 item
1315 851 1331 870 a
1351 843 1406 870 Deo
1419 843 1540 878 prwmia,
1555 851 1713 871 consessum
1727 843 1776 870 de-

996 889 1078 923 nique
1098 892 1185 915 totum
1206 888 1282 915 illum
1307 888 1507 923 amplissimum
1532 887 1778 923 obscquiosissime

997 936 1152 964 veneratus,
1174 932 1281 959 cunctis
1296 932 1321 959 ei
1353 932 1472 959 vicissim
1490 951 1496 964 ,
1526 932 1590 960 dum
1611 932 1777 967 assurgitur,

995 978 1209 1013 gratulantibus,
1228 978 1340 1005 domum
1353 985 1412 1004 sese
1430 985 1506 1004 suam
1524 977 1695 1013 triumphans
1710 985 1778 1013 gau-

995 1025 1052 1056 dio.
1074 1029 1102 1052 et
1119 1024 1276 1051 cumulatus
1291 1024 1376 1059 gloria
1390 1023 1504 1058 recepit.

775 1234 1104 1272 PROLEGOMENON
1128 1237 1167 1267 ll.

220 1331 369 1371 Prwfatio
399 1331 560 1370 Symcanis
575 1330 650 1362 Seth
677 1330 778 1361 erci
802 1327 983 1367 interpretis
996 1348 1004 1362 ,
1023 1335 1084 1366 qua
1104 1324 1201 1355 tradit
1229 1323 1383 1354 rationem
1396 1322 1488 1362 hujus
1502 1320 1578 1352 libri
1593 1320 1717 1352 utiliter

891 1376 1028 1416 legendi.

159 1466 222 1494 CAP.
234 1465 254 1492 ἰ.
267 1479 301 1485 -
315 1466 523 1525 Argumentum}.
534 1465 620 1505 forma
633 1469 659 1491 et
674 1471 769 1498 scapus
790 1461 942 1495 scriptionis

526 1506 595 1525 mus.

526 1506 595 1533 alus.

192 1567 366 1602 Compositus
381 1567 426 1593 hie
436 1567 506 1593 liber
519 1571 560 1593 est
576 1574 591 1593 a
611 1565 779 1600 sapientibus
793 1563 941 1591 artiﬁcioso

158 1617 288 1640 contextu
304 1612 457 1639 fabularum
480 1620 511 1639 ac
527 1612 729 1646 parabolarum,
754 1616 782 1638 et
802 1611 941 1645 excogita-

159 1663 246 1686 tarum
262 1662 290 1684 et
314 1657 500 1684 ordinaturum
518 1657 667 1692 prudenter
698 1655 733 1683 ad
762 1655 940 1683 directionem

158 1704 231 1730 vitae.
246 1703 340 1730 Locuti
359 1707 450 1729 autem
463 1702 510 1730 hic
524 1705 588 1729 sunt
608 1706 733 1728 auctores
744 1701 826 1736 hujus
849 1700 941 1734 operis

158 1756 208 1784 per
223 1757 271 1776 ora
287 1749 436 1775 bestiarum
456 1752 484 1775 et
497 1748 650 1781 volucrum,
669 1752 698 1774 ut
713 1748 829 1775 lectores
846 1747 941 1773 corda—

159 1799 200 1821 tos
217 1793 243 1820 in
262 1793 422 1820 sententiam
436 1800 562 1819 arcanam
583 1796 768 1827 penetrantes,
796 1791 940 1818 erudireut

159 1839 389 1872 instituerentque
404 1838 437 1864 ad
454 1842 527 1864 recte
542 1838 594 1864 sibi
612 1837 821 1869 consulendum,
849 1836 940 1863 stultis

158 1887 248 1910 autem
266 1882 412 1916 puerisque
425 1882 510 1908 risum
533 1887 684 1913 moverent,
701 1881 813 1915 ludique
829 1881 895 1915 ipsis
908 1888 940 1908 ac

158 1927 330 1954 remissionis
355 1927 442 1961 gratia
470 1927 618 1960 placerent.
648 1926 759 1961 Oportet
776 1931 867 1954 autem
892 1933 940 1953 cu-

158 1970 238 2006 pidos
253 1970 385 1997 doctrinre
400 1977 505 2001 omnes.
521 1970 671 2004 pnesertim
693 1970 820 2006 juvenes,
834 1971 891 1998 haec
914 1975 939 1998 et

159 2016 317 2044 memoriter
327 2016 460 2045 ediscere.
477 2020 504 2042 et
519 2017 616 2043 crebro
629 2015 728 2043 efferre
746 2016 896 2048 recitando,
910 2020 940 2043 ut

157 2066 251 2097 postea
264 2068 343 2095 quam
358 2061 384 2087 in
400 2065 507 2088 atatem
523 2061 629 2088 consilii
658 2069 785 2096 capacem
811 2061 939 2088 adoleve-

158 2107 224 2140 rint,
242 2107 347 2142 possint
358 2107 500 2134 latentium
517 2107 567 2134 sub
579 2107 621 2134 his
635 2111 833 2142 praceptorum
853 2108 938 2134 ductu

157 2153 310 2189 gubernare
325 2153 409 2180 vitam
433 2153 582 2188 propriam.
601 2153 633 2179 Et
649 2153 703 2180 erit
726 2153 785 2180 hazc
812 2153 935 2187 qua'dam

957 1503 977 1529 (Σ

995 1459 1059 1487 CAP.
1078 1459 1109 1486 11.
1121 1474 1157 1479 -
1170 1458 1208 1485 Ad
1222 1458 1358 1484 lectionem
1375 1458 1435 1484 libri
1450 1458 1623 1484 adhibendam
1638 1457 1777 1483 consilium

1029 1495 1151 1524 doctoris,
1168 1494 1314 1520 ostenditur
1338 1492 1466 1526 parabola
1482 1493 1636 1519 invenientis
1667 1500 1778 1526 peregre

1030 1531 1192 1560 thesaurum,
1221 1536 1267 1554 nec
1280 1528 1432 1562 perferentis
1449 1529 1566 1554 domum.

1027 1609 1139 1643 Oportet
1154 1613 1244 1635 autem
1261 1607 1394 1642 legentem
1412 1607 1484 1634 hunc
1499 1606 1599 1633 librant
1621 1605 1774 1640 intelligi-re

992 1663 1045 1682 non
1063 1660 1167 1682 tantum
1198 1654 1251 1681 vim
1283 1655 1405 1681 intimam
1435 1653 1594 1683 verborum,
1628 1653 1674 1680 sed
1690 1654 1775 1681 etiam

991 1708 1087 1728 causas
1102 1708 1152 1727 cur
1163 1700 1285 1735 quidque
1307 1700 1426 1734 positum
1447 1700 1483 1726 ibi
1498 1700 1532 1726 sit
1549 1708 1556 1727 :
1576 1699 1776 1734 percipercque

991 1747 1216 1781 signiﬁcationem
1230 1746 1386 1781 symboloru
1393 1753 1428 1774 η).
1439 1745 1467 1772 in
1479 1745 1593 1780 singulis
1609 1744 1777 1771 meditandis

992 1794 1059 1819 satis
1076 1791 1204 1818 hmrcndo
1216 1812 1222 1824 ,
1247 1791 1469 1824 adhibendaque,
1494 1790 1540 1817 ubi
1558 1797 1627 1824 opus
1654 1790 1700 1820 sit.
1717 1797 1777 1816 nta-

990 1838 1065 1872 gistri
1081 1846 1209 1871 operam;
1229 1837 1331 1872 alioqui
1361 1837 1434 1864 cnim
1457 1844 1511 1864 non
1529 1837 1610 1863 modo
1639 1844 1692 1862 non
1721 1835 1776 1862 erit

991 1884 1066 1910 utilis
1081 1883 1172 1915 lectio,
1187 1882 1234 1909 sed
1246 1883 1327 1909 etiam
1342 1882 1472 1909 damnosa
1485 1882 1608 1909 laborem
1621 1881 1776 1908 infructuo-

991 1936 1050 1955 sum
1072 1928 1218 1955 subeunti:
1249 1927 1295 1961 qui
1320 1935 1385 1954 sane
1402 1927 1492 1954 simile
1521 1926 1623 1961 aliquid
1653 1926 1775 1960 patietur

991 1973 1094 2000 homini
1111 1973 1205 2003 stulto.
1221 1973 1266 2007 qui
1295 1980 1356 1999 cum
1371 1979 1485 2006 peregre
1512 1971 1717 1999 conscendisset
1746 1972 1773 1998 in

989 2017 1134 2053 quemdam
1151 2023 1284 2048 montem,
1306 2021 1333 2044 et
1349 2017 1498 2043 invenisset
1520 2016 1557 2043 ibi
1576 2023 1666 2043 arcam
1687 2017 1775 2043 maxi-

990 2071 1061 2090 mam
1085 2062 1192 2097 plenam
1210 2069 1278 2088 auro
1291 2067 1317 2088 et
1333 2062 1447 2095 gemmis
1467 2061 1603 2096 pretiosis,
1617 2061 1686 2088 dixit
1701 2062 1773 2095 apud

989 2117 1036 2136 se:
1054 2109 1156 2135 Abiens
1174 2108 1349 2143 interrogabo
1365 2108 1510 2143 quemdam
1536 2109 1699 2143 prudentem
1732 2109 1776 2135 vi-

990 2154 1272 2188 rum,etpcrquiram
1301 2161 1335 2180 ex
1348 2154 1407 2187 ipso
1431 2154 1565 2180 rationem
1591 2158 1650 2180 tuto
1674 2153 1775 2187 depor-

157 2199 224 2233 ipsis
238 2198 345 2234 provisa
360 2197 470 2225 moralis
485 2198 604 2226 scientia:
618 2198 708 2233 copia,
726 2199 802 2225 velut
824 2199 883 2225 auri
896 2206 940 2224 ar-
955 2191 976 2218 Ῐ)
992 2199 1065 2226 tandi
1084 2199 1164 2234 hujus
1180 2199 1298 2226 thesauri
1314 2199 1340 2225 in
1359 2201 1468 2226 domum
1491 2206 1597 2225 meum:
1618 2199 1693 2232 quod
1709 2206 1773 2225 cum

157 2245 287 2279 gentique
305 2247 430 2277 repertus
452 2242 526 2270 domi
551 2243 688 2275 cumulus,
705 2251 786 2278 quem
810 2247 938 2278 parentes

156 2289 224 2323 ipsis
237 2287 452 2320 recondiderint,
464 2287 658 2315 inveniendum
669 2295 723 2322 quo
735 2293 857 2323 tempore
870 2296 938 2323 opus

156 2341 189 2360 eo
203 2333 310 2359 fuerit:
334 2339 417 2366 quem
449 2331 625 2359 abscondisse
657 2332 761 2366 profuit
785 2340 818 2359 ne
835 2332 938 2367 diripe-

156 2382 232 2404 retur
245 2378 279 2404 ab
295 2376 451 2410 extraneis;
466 2385 517 2404 nec
535 2383 624 2404 tamen
640 2382 693 2404 tam
710 2378 763 2404 alte
789 2377 937 2410 defodisse,

157 2429 186 2451 ut
203 2431 257 2451 non
279 2423 357 2451 facile
374 2423 588 2457 detegereturin
605 2423 748 2450 occasione
766 2423 872 2455 utendi,
886 2425 938 2450 uti-

155 2478 209 2504 que
222 2470 355 2513 latentem.
364 2469 415 2495 sub
429 2468 572 2495 involucra
585 2476 641 2495 non
668 2469 751 2495 nimis
768 2468 864 2500 denso,
889 2469 937 2496 sed

155 2514 302 2550 pellucido,
319 2521 369 2541 nec
379 2521 450 2548 aagre
464 2513 615 2546 amovibili,
644 2514 795 2548 signorum,
823 2521 858 2541 ex
873 2521 939 2549 ope-

156 2559 232 2586 ribus
256 2562 283 2586 et
299 2558 389 2585 verbis
417 2557 603 2585 indicantibus
626 2557 766 2592 quidpiam
781 2558 847 2585 satis
876 2566 938 2593 per-

155 2606 230 2633 vium
259 2604 446 2639 intelligentia
472 2602 588 2630 naturali
614 2604 713 2631 mentis
736 2603 872 2631 humanm.
900 2604 937 2631 Ea

155 2650 227 2677 enim
241 2654 299 2677 arte
315 2648 490 2676 multiformis
513 2648 570 2675 hare
584 2648 708 2683 scriptio
722 2648 852 2684 symbolis
869 2648 937 2684 figu-

156 2696 247 2728 risque
260 2695 349 2721 omnis
362 2693 470 2728 generis
483 2693 620 2728 variegala
635 2698 675 2721 est
686 2700 700 2720 a
713 2694 778 2720 viris
791 2694 936 2727 sapientis-

155 2740 232 2767 simis
247 2740 305 2774 ejus
320 2738 488 2769 auctoribus.
504 2743 534 2765 ut
551 2739 592 2765 via
616 2739 747 2774 radixque
770 2738 852 2766 olﬁcii
868 2747 936 2766 con-

156 2784 264 2817 siliique
294 2782 360 2809 recti
375 2783 403 2809 in
418 2782 492 2809 omni
504 2782 568 2809 vitae
589 2782 703 2810 articulo
727 2783 838 2810 tenendi
852 2791 935 2810 ama:-

156 2826 199 2853 nis
209 2827 367 2856 ambagibus
379 2827 600 2854 adumbraretur.

987 2252 1068 2279 agere
1083 2244 1219 2277 empisset,
1237 2252 1297 2270 mox
1312 2244 1393 2278 empti
1411 2243 1556 2277 pmnitens,
1571 2243 1592 2271 Ο
1607 2251 1659 2275 me,
1672 2244 1775 2278 inquit,

988 2289 1103 2317 stultum
1118 2290 1124 2315 !
1140 2289 1187 2323 qui
1203 2289 1322 2323 aliquem
1337 2289 1498 2315 consulatu:
1515 2295 1577 2315 nam
1593 2296 1674 2323 quem
1691 2289 1776 2324 ltujizs

987 2335 1078 2362 arcani
1098 2335 1256 2369 participem
1279 2334 1379 2366 fecero,
1396 2335 1419 2360 is
1435 2334 1508 2361 volet
1524 2334 1645 2361 thesauri
1660 2342 1775 2368 quoque

988 2380 1046 2408 ﬁeri
1068 2381 1213 2415 particeps.
1241 2385 1268 2407 et
1287 2388 1351 2414 pars
1375 2381 1434 2415 ejus
1447 2381 1501 2408 erit
1523 2381 1560 2408 illi
1575 2380 1772 2408 concedenda:

987 2433 1077 2452 nonne
1093 2427 1189 2453 melius
1209 2432 1251 2452 est
1267 2432 1354 2461 utego
1364 2427 1429 2453 mihi
1441 2430 1527 2453 totum
1540 2427 1659 2453 servem?
1667 2426 1773 2454 Abhoc

987 2471 1101 2498 consilio
1110 2472 1211 2499 stultus
1222 2472 1266 2498 ille
1281 2471 1438 2506 inexplebili
1447 2480 1479 2498 eu
1485 2472 1599 2506 piditate
1611 2472 1710 2500 illusus
1724 2481 1774 2498 vo-

986 2517 1059 2544 cavit
1086 2517 1190 2552 bajulos
1213 2518 1398 2544 mereenarios
1426 2526 1441 2545 e
1467 2518 1539 2550 foro,
1553 2518 1677 2553 dixitque
1693 2519 1770 2545 illis:

989 2561 1089 2589 Adeste
1109 2562 1172 2592 huc.
1189 2567 1217 2589 et
1231 2562 1318 2589 locate
1335 2562 1402 2589 mihi
1418 2563 1492 2598 justa
1518 2562 1644 2590 mercede
1657 2570 1772 2597 operam

986 2606 1020 2633 ad
1038 2607 1201 2640 portamlum
1217 2606 1275 2633 haec
1305 2614 1360 2641 quo
1376 2607 1448 2634 volo.
1474 2606 1688 2641 Responderunt
1709 2606 1747 2633 illi
1764 2615 1772 2632 :

987 2650 1129 2678 Faciemus
1146 2657 1173 2678 et
1189 2651 1289 2678 ibimus
1305 2651 1433 2686 utjubes.
1448 2651 1508 2686 lpse
1535 2651 1648 2678 delectis
1675 2651 1772 2679 decem

986 2704 1019 2724 ex
1041 2696 1107 2730 ipsis
1121 2696 1198 2723 duxit
1223 2704 1270 2724 eos
1296 2697 1328 2723 ad
1356 2705 1444 2724 locum
1472 2697 1517 2724 ubi
1541 2701 1599 2724 erat
1624 2697 1775 2724 thesaurus

985 2750 1068 2776 quem
1082 2741 1241 2773 inverterat;
1258 2747 1286 2769 et
1299 2742 1427 2776 aperiens
1449 2749 1540 2768 arcam
1555 2741 1642 2769 dixit:
1668 2742 1775 2769 Adeste

985 2787 1077 2820 amici,
1093 2794 1121 2815 et
1138 2789 1284 2823 implentes
1300 2796 1394 2816 saccos
1409 2792 1517 2815 vestros
1545 2788 1582 2815 ite
1601 2788 1627 2814 in
1654 2789 1774 2816 domum

986 2839 1085 2864 meam,
1102 2837 1129 2859 et
1145 2832 1272 2865 deponite
1295 2833 1366 2866 ipsos
1388 2833 1414 2859 in
1438 2833 1582 2866 vestibulo,
1598 2839 1628 2860 ut
1643 2834 1681 2861 ibi
1714 2842 1777 2862 ser-
