1913 3068
145 176 207 208 1229

579 175 770 207 SPECIMEN
787 174 1006 206 SAPIENTIIE
1022 175 1201 206 lNDORUM
1219 175 1302 205 VET.

1686 174 1754 207 1230

144 239 238 263 ventur
252 233 339 261 donec
353 232 473 260 veniam.
490 231 527 260 Ea
543 239 605 260 cum
622 232 655 259 ab
678 231 775 260 insano
797 231 850 258 isto
873 230 920 257 ba-
935 234 956 261 Α
972 230 1021 266 ipsi
1036 239 1042 256 τ
1068 230 1160 263 Erras,
1175 230 1272 263 amice,
1293 229 1319 256 in
1333 228 1550 264 pronuntiando.
1575 228 1681 262 Quibus
1707 230 1752 257 ille

141 280 185 316 juli
197 279 353 312 audissent,
370 277 499 305 dixerunt
514 277 584 312 ipsi:
601 277 673 304 Bene
684 277 777 308 habet,
799 276 918 303 libenter

142 330 318 359 exsequemur
337 322 410 358 quod
434 322 570 357 imperas:
587 325 614 349 et
639 329 702 349 cum
730 321 918 354 implevissent

142 376 240 399 saccos.
257 376 353 395 rursus
364 368 415 402 ipsi
432 367 578 395 dixerunt:
605 367 675 394 Audi
693 366 715 393 si
733 367 808 393 lubet
824 365 916 393 consi-

142 415 203 442 lium
221 418 356 445 nostrum,
372 421 406 440 ne
422 413 580 440 thesaurttm
605 420 686 448 quem
704 412 832 439 invenisti
854 420 918 447 per-

141 462 195 487 das.
209 460 279 493 Quin
295 460 365 494 ejus.
382 459 472 494 inquit
488 459 545 491 ille,
570 459 656 493 gratia
669 457 764 485 vocavi
791 465 851 490 vos,
880 464 916 484 ne

141 505 202 540 quid
214 505 281 531 mihi
295 504 397 539 periret
409 511 442 531 ex
454 503 523 538 ipso.
538 503 578 530 llli
605 502 753 529 dixerunt:
770 501 831 529 Non
849 509 918 529 con-

140 551 210 578 venit
223 557 273 577 nos
288 549 368 577 simul
385 549 425 576 ire
441 555 495 576 una
509 555 615 580 omnes,
634 556 668 575 ne
685 548 747 582 quis
775 547 919 582 magistra-

141 601 213 623 tuum
231 600 333 623 Iantam
354 599 516 623 onustarum
537 594 644 621 turbam
660 594 766 626 videns,
790 595 918 628 exquirat

140 642 202 677 quid
215 642 255 669 rei
267 642 313 673 sit,
328 646 355 668 et
368 641 476 676 cognito
499 645 587 667 tantas
598 647 664 674 opes
682 641 708 666 in
729 640 840 667 domum
859 641 917 674 pri-

139 693 225 714 vatam
249 687 327 718 ferri,
354 690 462 714 avertat
490 686 561 718 illas,
578 689 606 712 et
624 686 651 712 in
675 686 771 712 llscum
801 685 916 720 redigat,

139 732 263 760 auferens
275 740 290 760 a
307 732 405 760 nobis:
426 731 524 759 melius
538 738 603 765 ergo
618 735 661 758 est
677 734 706 757 ut
722 731 822 766 singuli
837 738 917 765 sepa-

139 779 215 804 ratim
235 777 448 812 proficiscamur,
465 784 515 804 nec
533 781 561 803 tu
577 776 719 803 nobiscum
738 776 786 808 sis,
811 775 857 802 sed
873 775 918 802 hic

139 828 277 858 exspectes
293 823 381 850 donec
411 827 602 854 revertamur;
628 821 812 849 ibimusenim
829 821 918 848 celer-

140 868 224 899 rime;
239 872 267 894 et
286 867 378 894 statim
403 867 457 894 hue
482 866 645 894 redibimus.
672 866 799 893 Probavit
819 866 920 894 stultus

137 913 281 941 consilium
297 913 451 947 bajulorum
462 921 470 945 ;
482 916 510 940 at
525 912 566 940 illi
581 912 709 939 tollentes
721 919 814 940 saccos
825 911 920 945 plenos

141 959 267 986 abierunt
281 958 469 993 unusquisque
485 964 540 992 quo
554 957 646 990 libuit,
657 961 685 985 et
699 957 727 984 in
748 957 860 984 domum
878 958 920 984 in-

140 1005 196 1031 sani
211 1010 292 1031 nemo
306 1004 445 1038 profectus
458 1007 511 1031 est.
523 1003 579 1030 Sub
592 1010 735 1038 vesperam
750 1002 795 1030 ille
815 1003 921 1037 (quan-

140 1057 219 1084 quam
236 1049 411 1076 subotl‘ensus
427 1048 499 1083 quod
513 1055 568 1075 non
587 1048 735 1081 redissent,
750 1052 841 1075 tamen
855 1056 921 1075 cau-

140 1103 194 1122 sam
204 1102 288 1122 mora:
301 1095 428 1122 incidisse
440 1094 530 1127 aliam,
541 1101 592 1121 nec
599 1094 651 1121 sibi
661 1094 820 1121 damnosam
832 1093 919 1128 ratus)

140 1141 235 1175 plenus
248 1140 347 1175 gaudio
365 1140 476 1166 domum
501 1147 529 1166 se
553 1139 676 1166 referens
694 1139 772 1166 uxori
791 1139 920 1168 dicebat:

139 1186 257 1214 Ostende
282 1185 351 1212 mihi
379 1186 424 1212 ubi
449 1186 596 1213 thesaurus
615 1188 657 1212 est
687 1192 768 1218 quem
800 1185 922 1212 tulerunt

141 1232 245 1267 bajuli,
273 1236 303 1258 ut
330 1231 439 1258 videam
462 1238 496 1258 ne
523 1230 588 1265 quid
621 1229 689 1257 forte
714 1228 921 1255 subtraxerint:

142 1278 186 1304 illa
203 1277 352 1308 admirans,
365 1276 435 1309 Quid
455 1276 506 1307 ais,
537 1276 572 1302 mi
591 1275 643 1307 vir,
669 1274 769 1307 inquit,
787 1273 852 1308 quid
883 1273 924 1300 Ιο-

141 1323 253 1358 queris?
268 1327 295 1349 et
311 1323 366 1355 ille,
383 1323 445 1349 Haec
459 1322 558 1356 loquor
583 1328 644 1355 quae
657 1319 756 1347 audisti
770 1328 776 1346 :
798 1319 843 1346 illa
856 1326 923 1346 vero

142 1368 293 1403 respondit,
320 1368 454 1402 Equidem
480 1367 583 1399 audivi,
600 1366 649 1394 sed
664 1365 732 1392 nihil
751 1365 849 1392 horum
863 1371 924 1399 qua;

141 1415 211 1442 dicis
223 1414 278 1442 vidi
291 1415 388 1447 oculis,
402 1418 449 1441 aut
464 1413 590 1441 manibus
603 1411 692 1446 attigi.
709 1411 759 1438 Hic
772 1411 816 1438 ille
830 1414 923 1445 stupe-

143 1460 240 1493 factus,
256 1460 362 1492 Nonne,
380 1460 479 1494 inquit,
496 1459 557 1486 misi
580 1458 629 1485 tibi
642 1457 725 1485 hodie
748 1465 797 1492 per
818 1457 924 1491 baiulos

141 1505 374 1532 circumforaneos
403 1505 548 1539 plusquam
582 1503 656 1531 mille
685 1502 869 1530 talentaauri
897 1506 925 1528 et

141 1548 247 1583 lapides
266 1547 421 1582 pretiosos?
454 1546 605 1582 Respondit
628 1553 709 1578 uxor,
734 1545 922 1595 Nequaquam,
941 1567 960 1595 Ο

141 1594 253 1621 domine
270 1593 324 1620 mi:
356 1593 448 1620 nullus
476 1592 625 1627 quidquam
654 1592 756 1619 attulit.
777 1591 926 1618 Perculsus

141 1647 218 1671 casu,
241 1644 270 1666 et
288 1646 349 1667 sero
372 1638 482 1673 sapiens
507 1638 576 1665 tnale
603 1645 688 1664 sanus
721 1637 776 1669 ille,
800 1637 927 1671 cognovit

141 1685 252 1712 tandem
267 1692 296 1712 se
309 1685 470 1719 deceptum;
494 1683 645 1717 habuitque
668 1688 697 1709 ut
720 1682 797 1716 prius
812 1689 925 1709 vacuam

142 1731 265 1763 domum,
289 1731 341 1757 hoc
355 1730 443 1757 solum
468 1737 502 1756 ex
525 1728 646 1755 thesauri
679 1727 746 1754 tanti
770 1726 927 1753 inventione

142 1777 276 1807 lucratus,
297 1781 327 1803 ut
343 1775 479 1802 inutiliter
494 1782 527 1801 eo
543 1774 587 1801 die
607 1781 637 1800 se
650 1776 787 1800 vexasset.
803 1771 849 1799 Sic
864 1779 928 1798 eve-

142 1823 202 1849 niet
219 1821 317 1856 legenti
331 1821 405 1847 hunc
422 1820 532 1851 librum,
549 1819 603 1846 nisi
622 1822 650 1845 et
664 1818 845 1845 attentionem
862 1824 928 1851 pro-

141 1868 242 1901 priam,
256 1871 285 1893 et
297 1866 416 1893 alienum
436 1864 580 1892 consilium
607 1863 738 1890 adhibeat
755 1863 788 1890 ad
819 1863 927 1897 penitus

143 1911 346 1946 pervidendum
361 1910 427 1946 quid
441 1917 475 1938 eo
489 1909 631 1937 doceatur.

140 1968 207 1997 Car.
223 1969 266 1996 Ill.
281 1982 317 1987 —
328 1968 473 1995 Necessitas

182 2013 241 2030 rum
256 2003 407 2029 declaratur
423 1999 595 2029 similitudine
611 2007 718 2032 nucum,
742 2003 765 2026 et
785 1999 929 2026 (evitantia-

180 2048 238 2066 rum
254 2040 342 2074 ignota
357 2038 446 2072 lingua
461 2037 633 2070 scriptarum.

539 1965 653 2001 cipiendi
668 1971 772 1992 sensum
787 1963 929 2001 parabola-

178 2099 326 2127 Enimvero
343 2095 409 2131 quid
423 2094 549 2130 proderit
563 2093 660 2120 videre
683 2091 830 2126 superficie
849 2095 930 2118 tenus

140 2145 220 2180 signa
235 2143 466 2178 scripturamquc,
486 2147 541 2167 non
558 2137 730 2173 penetrando
745 2138 772 2164 in
800 2137 929 2164 intimum

139 2197 241 2218 eorum
254 2188 386 2216 sensum?
398 2187 458 2214 Non
475 2185 538 2221 plus
549 2192 617 2212 sane
632 2191 715 2218 quam
738 2182 865 2210 famelico
879 2189 930 2209 nu-

971 275 1121 310 respondit,
1135 276 1193 303 Non
1206 283 1270 303 erro
1282 283 1346 310 ego,
1358 275 1405 302 sed
1418 279 1492 302 errat
1503 275 1598 302 charta
1609 275 1660 302 ista
1671 283 1754 310 quam

973 322 1070 349 habeo.
1096 322 1213 349 Tantum
1233 322 1348 349 interest
1370 321 1507 357 legentem
1538 330 1593 349 non
1617 322 1754 357 ignorare,

972 368 1019 395 sed
1034 368 1113 402 plane
1129 376 1160 395 ac
1175 368 1284 403 penitus
1300 368 1439 402 percipere
1452 367 1525 403 quod
1540 368 1615 403 legit,
1646 373 1675 395 ut
1689 376 1755 396 cru.

972 413 1046 441 ditus
1070 414 1188 441 lectione
1224 414 1349 448 proficiat
1379 415 1408 441 in
1439 414 1617 448 sapientiam;
1648 414 1755 441 duobus

971 459 1044 486 enim
1069 460 1143 486 hisce
1156 460 1318 487 instructum
1337 467 1396 487 esse
1424 464 1534 494 oportet
1549 460 1680 487 lectorem
1699 468 1753 486 non

971 504 1109 532 inutiliter
1138 505 1282 537 lecturum,
1308 505 1515 540 perspicacitate
1530 506 1558 533 in
1587 505 1756 540 pervidendo

974 550 1039 585 quid
1055 551 1082 578 in
1096 559 1177 577 sensu
1200 551 1296 585 scripti
1314 551 1406 583 lateat,
1424 556 1452 578 et
1467 551 1638 585 providentia
1655 551 1682 578 in
1698 556 1756 578 sta-

973 596 1075 623 tuendo
1090 604 1145 631 quo
1156 602 1236 631 pacto
1250 597 1376 624 conferre
1399 597 1425 623 in
1441 605 1518 624 usum
1533 597 1681 628 intellecta,
1710 605 1758 624 oc-

973 641 1096 668 cursuris
1112 649 1160 676 per
1173 646 1333 676 sequentem
1344 641 1427 668 vitam
1438 641 1639 674 occasionibus,
1658 641 1757 668 debeat

973 693 1005 713 ac
1020 685 1115 721 possit.

973 731 1036 759 CAP.
1060 731 1105 758 ιν.
1119 747 1153 753 -
1166 732 1309 759 Scientiam
1320 733 1376 759 sine
1388 733 1538 767 operatione
1554 741 1607 759 non
1633 733 1756 768 prodesse

1115 768 1197 794 variis
1222 767 1436 794 similitudinibus
1461 768 1616 796 ostenditur.

1010 824 1109 851 Verum
1137 823 1251 856 effatum
1269 822 1422 857 sapientum
1445 828 1496 856 est,
1521 830 1600 858 cgere
1630 823 1758 851 homines

974 870 1002 897 in
1018 869 1069 896 hac
1088 869 1144 896 vita
1166 869 1275 896 duabus
1297 869 1394 901 rebus,
1416 868 1597 902 intelligentia
1620 875 1652 896 ac
1672 869 1757 896 disci-

972 915 1056 950 plina,
1067 915 1120 942 hoc
1128 920 1170 942 est
1180 922 1285 942 morum
1301 914 1467 942 rectitudine
1479 915 1506 942 in
1517 915 1588 943 bona
1598 915 1757 950 operatione

973 961 1024 989 sita
1041 969 1048 988 ε
1083 960 1126 988 his
1145 961 1218 988 enim
1235 960 1316 987 simul
1346 960 1453 987 duabus
1471 964 1602 994 purgatur
1619 967 1696 988 mens
1709 969 1715 992 ;
1730 965 1758 988 et

972 1007 1045 1034 sicut
1060 1007 1087 1033 ln
1113 1006 1239 1040 lampade
1262 1006 1353 1032 oleum
1377 1010 1405 1033 et
1420 1005 1587 1040 ellychnium
1613 1006 1757 1040 conjuncta

972 1060 1056 1087 opera
1086 1052 1223 1079 ﬂammam
1245 1050 1368 1078 efﬁciunt
1390 1051 1445 1078 alte
1472 1055 1628 1085 surgentem
1649 1050 1758 1085 lateque

973 1095 1197 1127 illuminantem,
1223 1095 1263 1122 sic
1287 1095 1410 1129 operatio
1444 1099 1473 1122 et
1500 1095 1614 1122 scientia
1649 1095 1678 1122 in
1703 1095 1758 1123 vita

973 1142 1094 1169 hominis
1107 1141 1215 1170 laudem
1229 1142 1289 1177 ejus
1307 1140 1445 1176 decusque
1473 1141 1638 1176 perﬁciunt:
1669 1141 1758 1176 iisque

974 1187 1024 1215 niti
1041 1187 1132 1219 debet,
1152 1191 1182 1214 ut
1196 1191 1224 1215 et
1243 1187 1333 1215 salvus
1349 1187 1385 1214 sit
1404 1191 1433 1214 et
1454 1187 1567 1222 fulgeat.
1605 1188 1629 1214 si
1656 1187 1760 1214 alteru-

975 1237 1018 1260 tro
1040 1236 1131 1261 careat
1155 1232 1285 1259 damnum
1315 1236 1363 1259 aut
1391 1231 1511 1259 dedecus
1537 1238 1678 1266 passurus.
1701 1231 1759 1259 Hoc

974 1278 1130 1306 declaratur
1140 1278 1266 1312 exemplo
1280 1277 1399 1304 hominis
1411 1277 1489 1312 cujus
1502 1276 1528 1303 in
1551 1276 1661 1304 domum
1679 1282 1760 1304 nocte

974 1324 1139 1358 intempesta
1153 1323 1295 1357 subrepsit
1309 1322 1353 1349 fur
1372 1322 1431 1356 ipso
1443 1323 1596 1355 sentiente;
1614 1322 1760 1357 evigilavev

975 1373 1016 1396 rat
1030 1368 1103 1396 enim
1120 1367 1153 1394 ad
1167 1367 1311 1401 strepitum
1322 1370 1351 1394 et
1368 1367 1520 1401 ingressum
1537 1374 1597 1394 esse
1612 1366 1698 1394 furem
1715 1367 1761 1395 in-

975 1415 1140 1442 tellexerat:
1168 1419 1257 1440 tamen
1273 1420 1303 1440 se
1318 1411 1417 1440 callide
1433 1416 1558 1441 acturum
1573 1417 1659 1445 ratus,
1679 1413 1761 1441 dissi.

976 1460 1091 1487 mulavit
1109 1467 1138 1487 se
1156 1459 1285 1490 sensisse,
1301 1458 1337 1484 ita
1366 1465 1460 1485 secum
1486 1463 1635 1493 reputans:
1667 1458 1760 1486 Sinam

976 1505 1059 1532 istum
1080 1503 1225 1531 corradere
1249 1506 1276 1529 et
1305 1510 1456 1530 convasare
1477 1510 1538 1537 quae
1559 1503 1667 1530 auferre
1691 1505 1760 1537 vult,

978 1555 1006 1578 et
1022 1558 1085 1577 cum
1103 1549 1225 1577 collectis
1241 1549 1370 1576 omnibus
1390 1548 1418 1575 in
1443 1549 1586 1582 procinctu
1602 1549 1635 1575 ad
1657 1557 1762 1577 exeun-

979 1595 1044 1622 dum
1057 1595 1121 1626 erit,
1145 1594 1247 1620 irruam
1272 1593 1300 1620 in
1320 1600 1382 1620 eum
1408 1597 1435 1620 et
1454 1593 1524 1620 male
1551 1594 1698 1621 mulctabo.
1722 1594 1762 1622 Eo

980 1640 1095 1667 consilio
1109 1644 1234 1674 perstans
1249 1638 1277 1665 in
1302 1638 1397 1670 cubili,
1414 1639 1494 1672 paulo
1514 1643 1574 1672 post
1597 1639 1695 1666 iterum
1712 1640 1763 1666 ob-

978 1685 1108 1717 dormiit,
1138 1685 1302 1718 interimque
1330 1685 1372 1710 l‘ur
1400 1684 1535 1718 congestis
1558 1692 1611 1711 una
1634 1685 1764 1716 omnibus

979 1730 1095 1764 aufugit.
1115 1729 1298 1763 Expcrrectus
1308 1728 1406 1756 deinde
1419 1729 1512 1761 homo,
1536 1737 1621 1764 reque
1643 1731 1761 1765 cognita,

977 1775 1051 1810 juste
1070 1774 1191 1809 seipsum
1212 1774 1352 1801 damnavit
1371 1774 1444 1809 quod
1462 1782 1510 1802 sua
1533 1775 1633 1802 notitia
1648 1783 1702 1802 non
1718 1783 1763 1802 cs-

979 1823 1020 1846 set
1037 1827 1113 1851 usus,
1130 1823 1160 1845 ut
1175 1819 1318 1846 debuerat.
1332 1819 1468 1848 Nimirum
1483 1819 1603 1854 cognitio
1621 1825 1663 1847 est
1678 1820 1764 1848 instar

979 1865 1085 1892 arboris
1098 1864 1177 1899 cujus
1189 1864 1311 1899 operatio
1331 1864 1437 1892 fructus
1450 1869 1503 1892 est.
1525 1865 1620 1899 Itaque
1638 1869 1667 1891 ut
1682 1866 1765 1892 arbor

979 1915 1091 1945 propter
1114 1911 1232 1937 fructum
1256 1911 1358 1938 seritur
1379 1915 1407 1938 et
1437 1910 1554 1942 colitur;
1581 1911 1617 1938 ita
1651 1916 1764 1947 propter

979 1955 1165 1989 operationem
1180 1955 1322 1982 scientiam
1346 1955 1445 1990 quaerit
1473 1956 1519 1990 qui
1541 1963 1604 1983 vcre
1624 1957 1765 1984 studiosus

979 2007 1031 2033 est,
1052 2001 1151 2028 frustra
1169 2001 1295 2028 videlicet
1309 2001 1438 2029 studendi
1453 2001 1575 2029 laborem
1588 2003 1764 2037 toleraturus,

980 2046 1002 2073 si
1017 2048 1076 2080 ejus
1092 2046 1147 2079 ipse
1163 2046 1253 2074 fructu
1271 2054 1331 2073 sese
1344 2046 1504 2077 frustretur,
1520 2047 1591 2074 Sane
1616 2048 1639 2074 si
1666 2048 1763 2074 viatori

980 2091 1013 2118 ad
1031 2092 1082 2118 iter
1097 2091 1224 2125 expedito
1250 2092 1371 2119 indicent
1394 2092 1475 2119 amici
1491 2092 1622 2127 periculis
1637 2093 1764 2121 infestam

981 2138 1053 2165 viam
1070 2145 1129 2164 esse
1145 2145 1226 2171 quam
1238 2140 1349 2172 cogitet,
1365 2138 1503 2166 obsessam
1517 2139 1668 2166 latronibus
1679 2142 1710 2165 et
1723 2139 1765 2165 in-

982 2184 1060 2212 sidiis
1074 2183 1205 2215 hostium,
1235 2190 1325 2210 nonne
1341 2185 1364 2210 is
1391 2183 1550 2211 irridebitur
1576 2183 1612 2211 ab
1638 2184 1766 2211 omnibus

141 2244 190 2264 ces
205 2235 328 2267 habenti,
342 2241 393 2261 nec
408 2231 541 2267 frangenti
566 2231 716 2258 corticem:
740 2229 786 2257 hic
812 2229 886 2256 enim
897 2235 930 2256 ex
948 2233 969 2261 ι)
984 2230 1006 2258 si
1021 2229 1202 2256 nihilominus
1216 2229 1256 2257 ire
1274 2236 1400 2263 pergens,
1432 2228 1566 2264 spolietur
1581 2233 1609 2256 et
1630 2229 1700 2256 male
1718 2237 1766 2256 va-

141 2282 211 2316 ipsis
234 2288 288 2308 non
315 2278 473 2306 satiabitur.
488 2277 563 2304 Idem
586 2283 668 2311 porro
690 2274 787 2302 similis
796 2274 851 2301 erit
874 2278 931 2301 stu-

141 2328 223 2355 dioso
245 2325 350 2353 homini
385 2323 492 2351 curiose
519 2321 641 2357 cupienti
671 2328 753 2348 nosse
780 2320 933 2348 sententias

141 2380 214 2407 quas
238 2370 343 2398 laudari
371 2368 511 2398 audierit.
533 2371 562 2395 et
577 2374 610 2394 eo
637 2366 777 2393 desiderio
809 2365 933 2400 pergenti

142 2425 207 2445 cuin
225 2417 319 2443 charta
334 2414 362 2442 in
385 2421 468 2441 manu
485 2412 518 2440 ad
533 2412 673 2439 eruditum
686 2411 815 2445 aliquemI
833 2417 934 2444 rogan-

144 2463 223 2496 tique
239 2461 329 2495 ipsum
347 2464 378 2486 ut
390 2458 417 2485 in
429 2465 461 2485 ea
478 2457 572 2484 charta
595 2455 646 2482 sibi
660 2455 761 2483 scribat
786 2453 887 2489 aliquid
900 2461 935 2480 ex

144 2509 223 2535 hisce
241 2506 332 2534 eﬂatis
347 2503 499 2540 peregrinae
528 2502 690 2536 sapientiae:
719 2500 763 2528 cui
784 2500 828 2527 ille
853 2500 935 2526 obse-

144 2561 237 2588 quens
251 2551 355 2580 scribat
380 2551 406 2577 in
436 2549 531 2576 charta
550 2547 670 2582 prudens
684 2545 794 2581 aliquod
819 2545 934 2577 dictum,

144 2597 263 2625 Arabica
282 2595 392 2630 quidem
407 2594 499 2629 lingua
515 2593 607 2628 ignota
628 2590 747 2626 roganti,
771 2590 872 2618 litteris
897 2594 937 2616 ta-

145 2650 211 2669 men
226 2648 295 2676 quas
312 2640 370 2673 ipse
381 2639 433 2666 scit
447 2639 547 2673 legere.
569 2636 638 2664 Cum
654 2636 706 2663 hac
733 2635 829 2663 charta
854 2635 936 2662 homo

145 2687 244 2714 abiens
260 2685 306 2713 ubi
320 2685 431 2713 domum
447 2683 534 2716 venit,
556 2682 658 2716 cupide
678 2681 744 2715 legit
770 2681 936 2715 descriptam

146 2731 326 2763 sententiam,
342 2734 370 2758 et
389 2729 462 2764 apud
479 2728 583 2755 amicos
597 2726 769 2762 pronuntiat,
785 2733 840 2752 non
859 2725 940 2752 intel—

148 2777 239 2811 ligens
253 2776 318 2810 quid
331 2776 414 2806 dicat,
425 2776 554 2808 ideoque,
570 2772 646 2808 quod
661 2772 735 2799 factu
750 2775 937 2815 pronum/est,

148 2823 178 2848 in
193 2819 395 2855 pronuntiando
404 2826 509 2846 errans.
524 2819 610 2846 Erant
626 2818 697 2845 inter
714 2816 826 2847 amicos,
837 2815 940 2851 quibus

149 2873 181 2893 sc
199 2865 371 2898 venditabat,
393 2865 503 2900 quidam
519 2864 634 2892 Arabice
651 2861 736 2895 docti,
751 2862 797 2896 qui
810 2861 940 2890 dixerunt

983 2274 1186 2310 puletlDiceut
1203 2276 1276 2303 enim
1301 2281 1407 2306 omnes,
1436 2274 1501 2307 Quae
1523 2274 1625 2301 meruit
1652 2273 1766 2309 patitur,

983 2320 1037 2348 hoc
1049 2320 1144 2351 voluit,
1162 2320 1253 2347 sciens
1265 2319 1442 2355 prudensque
1473 2319 1501 2346 in
1522 2319 1652 2346 damnum
1676 2319 1769 2346 incur-

986 2365 1033 2396 rit,
1052 2364 1176 2391 stultitia:
1194 2371 1250 2391 sua:
1266 2363 1393 2398 imputet.
1406 2363 1540 2391 Similiter
1555 2363 1638 2390 homo
1653 2371 1768 2398 corporo

984 2409 1105 2440 infirmo.
1121 2409 1165 2436 cui
1182 2417 1244 2437 cum
1261 2409 1333 2436 clare
1345 2413 1441 2436 notum
1457 2409 1494 2436 sit
1510 2409 1623 2443 quinam
1645 2409 1696 2443 ipsi
1714 2410 1767 2436 cibi
1818 2440 1820 2443 ν

984 2455 1102 2489 prosint,
1120 2454 1223 2488 quique
1249 2459 1380 2486 noceant,
1398 2459 1490 2481 tamen
1518 2454 1579 2489 gula
1603 2455 1769 2489 praevalente
1800 2483 1808 2493 ί

985 2501 1077 2528 noxiis
1088 2507 1116 2528 se
1130 2500 1289 2535 ingurgitat,
1319 2507 1410 2528 nonne
1427 2500 1458 2528 si.
1480 2500 1580 2527 deinde
1604 2500 1716 2527 morbus
1729 2500 1770 2526 in-

987 2550 1141 2581 gravescat,
1155 2545 1307 2580 culpabunt
1321 2553 1384 2573 eum
1407 2553 1514 2577 omnes,
1532 2550 1560 2573 et
1583 2546 1695 2573 meritas
1726 2545 1769 2572 in-

987 2591 1174 2626 temperantia:
1188 2591 1265 2619 luere
1277 2599 1373 2626 pmnas
1385 2591 1496 2619 dicent?
1512 2590 1586 2618 Talis
1603 2591 1715 2618 omnino
1729 2597 1771 2619 est

987 2637 1031 2663 vir
1046 2637 1174 2664 eruditus
1187 2637 1289 2664 bonum
1300 2645 1314 2663 a
1335 2637 1406 2664 malo
1419 2636 1591 2669 discernens,
1611 2641 1640 2664 et
1669 2641 1770 2668 tamen,

986 2682 1138 2717 postposito
1155 2682 1239 2714 bono,
1257 2683 1358 2709 malum
1386 2683 1545 2717 praeligens
1556 2691 1563 2715 ;
1575 2687 1603 2710 et
1619 2683 1682 2709 huic
1698 2682 1771 2709 enim

989 2728 1149 2763 imputanda
1165 2729 1278 2755 omnino
1293 2733 1376 2755 erunt
1398 2735 1459 2763 quae
1489 2728 1590 2756 deinde
1620 2733 1773 2763 sequentur

988 2773 1089 2800 datnna
1101 2781 1109 2805 ;
1121 2780 1171 2800 nec
1183 2773 1372 2805 miseratione,
1383 2773 1432 2800 sed
1445 2773 1660 2808 reprehensione
1674 2773 1773 2808 dignus

988 2815 1053 2842 erit.
1071 2815 1100 2842 Si
1112 2816 1185 2842 enim
1201 2816 1255 2843 duo
1266 2816 1375 2851 quidam
1387 2816 1469 2844 simul
1481 2817 1604 2845 incidant
1616 2818 1644 2845 in
1656 2817 1773 2854 foveam,

992 2868 1109 2897 quorum
1127 2861 1196 2890 alter
1213 2869 1303 2890 caecus
1323 2867 1402 2890 antea
1417 2863 1511 2897 fuerit,
1528 2863 1596 2892 alter
1607 2864 1687 2892 oculo
1696 2868 1775 2894 utrov
