  <div class='ocr_page' id='page_1' title='image "/cluster/home/n/w/nwhite01/storage/ocr_20150623/143/njp.32101010942884/687.png"; bbox 0 0 1913 3068; ppageno 0'>
   <div class='ocr_carea' id='block_1_1' title="bbox 157 165 221 197">
    <p class='ocr_par' dir='ltr' id='par_1_1' title="bbox 157 165 221 197">
     <span class='ocr_line' id='line_1_1' title="bbox 157 165 221 197; baseline 0.016 -1"><span class='ocrx_word' id='word_1_1' title='bbox 157 165 221 197; x_wconf 61' lang='grc' dir='ltr'><strong>12η</strong></span> 
     </span>
    </p>
   </div>
   <div class='ocr_carea' id='block_1_2' title="bbox 864 161 1065 193">
    <p class='ocr_par' dir='ltr' id='par_1_2' title="bbox 864 161 1065 193">
     <span class='ocr_line' id='line_1_2' title="bbox 864 161 1065 193; baseline 0.01 -2"><span class='ocrx_word' id='word_1_2' title='bbox 864 161 1065 193; x_wconf 69' lang='lat' dir='ltr'><strong>APPENDlX.</strong></span> 
     </span>
    </p>
   </div>
   <div class='ocr_carea' id='block_1_3' title="bbox 1708 164 1774 197">
    <p class='ocr_par' dir='ltr' id='par_1_3' title="bbox 1708 164 1774 197">
     <span class='ocr_line' id='line_1_3' title="bbox 1708 164 1774 197; baseline 0.03 -2"><span class='ocrx_word' id='word_1_3' title='bbox 1708 164 1774 197; x_wconf 71' lang='lat'><strong>1232</strong></span> 
     </span>
    </p>
   </div>
   <div class='ocr_carea' id='block_1_4' title="bbox 155 215 1773 258">
    <p class='ocr_par' dir='ltr' id='par_1_4' title="bbox 155 215 1773 258">
     <span class='ocr_line' id='line_1_4' title="bbox 155 215 1773 258; baseline -0.002 -9"><span class='ocrx_word' id='word_1_4' title='bbox 155 231 208 258; x_wconf 80' lang='lat' dir='ltr'><strong>que</strong></span> <span class='ocrx_word' id='word_1_5' title='bbox 220 221 244 248; x_wconf 87' lang='lat' dir='ltr'><strong>cl</strong></span> <span class='ocrx_word' id='word_1_6' title='bbox 264 228 293 247; x_wconf 86' lang='lat' dir='ltr'><strong>re</strong></span> <span class='ocrx_word' id='word_1_7' title='bbox 305 216 412 251; x_wconf 84' lang='lat' dir='ltr'><strong>videns,</strong></span> <span class='ocrx_word' id='word_1_8' title='bbox 438 223 541 250; x_wconf 89' lang='lat' dir='ltr'><strong>utrum,</strong></span> <span class='ocrx_word' id='word_1_9' title='bbox 566 224 671 252; x_wconf 64' lang='lat' dir='ltr'><strong>quaeso,</strong></span> <span class='ocrx_word' id='word_1_10' title='bbox 699 223 797 244; x_wconf 84' lang='lat' dir='ltr'><strong>eorum</strong></span> <span class='ocrx_word' id='word_1_11' title='bbox 826 215 938 244; x_wconf 86' lang='lat' dir='ltr'><strong>misera-</strong></span> <span class='ocrx_word' id='word_1_12' title='bbox 957 221 978 248; x_wconf 74' lang='grc' dir='ltr'>Α</span> <span class='ocrx_word' id='word_1_13' title='bbox 993 224 1131 244; x_wconf 79' lang='lat' dir='ltr'><strong>sesamum</strong></span> <span class='ocrx_word' id='word_1_14' title='bbox 1157 216 1265 245; x_wconf 86' lang='lat' dir='ltr'><strong>sindoni</strong></span> <span class='ocrx_word' id='word_1_15' title='bbox 1282 218 1453 253; x_wconf 87' lang='lat' dir='ltr'><strong>suppositum</strong></span> <span class='ocrx_word' id='word_1_16' title='bbox 1470 217 1609 253; x_wconf 89' lang='lat' dir='ltr'><strong>pertinere</strong></span> <span class='ocrx_word' id='word_1_17' title='bbox 1635 219 1669 246; x_wconf 86' lang='lat' dir='ltr'><strong>ad</strong></span> <span class='ocrx_word' id='word_1_18' title='bbox 1694 226 1773 246; x_wconf 86' lang='lat' dir='ltr'><strong>suum</strong></span> 
     </span>
    </p>
   </div>
   <div class='ocr_carea' id='block_1_5' title="bbox 155 261 941 299">
    <p class='ocr_par' dir='ltr' id='par_1_5' title="bbox 155 261 941 299">
     <span class='ocr_line' id='line_1_5' title="bbox 155 261 941 299; baseline -0.01 -4"><span class='ocrx_word' id='word_1_19' title='bbox 155 270 271 299; x_wconf 83' lang='lat' dir='ltr'><strong>btmtur,</strong></span> <span class='ocrx_word' id='word_1_20' title='bbox 299 270 390 292; x_wconf 92' lang='lat' dir='ltr'><strong>utrum</strong></span> <span class='ocrx_word' id='word_1_21' title='bbox 418 264 566 298; x_wconf 87' lang='lat' dir='ltr'><strong>culpabunt</strong></span> <span class='ocrx_word' id='word_1_22' title='bbox 584 262 728 289; x_wconf 83' lang='lat' dir='ltr'><strong>homines?</strong></span> <span class='ocrx_word' id='word_1_23' title='bbox 754 261 873 291; x_wconf 87' lang='lat' dir='ltr'><strong>Omnino</strong></span> <span class='ocrx_word' id='word_1_24' title='bbox 900 261 941 288; x_wconf 90' lang='lat' dir='ltr'><strong>in-</strong></span> 
     </span>
    </p>
   </div>
   <div class='ocr_carea' id='block_1_6' title="bbox 154 309 940 344">
    <p class='ocr_par' dir='ltr' id='par_1_6' title="bbox 154 309 940 344">
     <span class='ocr_line' id='line_1_6' title="bbox 154 309 940 344; baseline -0.008 -3"><span class='ocrx_word' id='word_1_25' title='bbox 154 313 278 342; x_wconf 76' lang='lat' dir='ltr'><strong>felicitati</strong></span> <span class='ocrx_word' id='word_1_26' title='bbox 305 311 368 339; x_wconf 75' lang='lat' dir='ltr'><strong>caeci</strong></span> <span class='ocrx_word' id='word_1_27' title='bbox 403 309 623 344; x_wconf 85' lang='lat' dir='ltr'><strong>compatientur,</strong></span> <span class='ocrx_word' id='word_1_28' title='bbox 652 309 771 337; x_wconf 81' lang='lat' dir='ltr'><strong>videntis</strong></span> <span class='ocrx_word' id='word_1_29' title='bbox 795 309 940 336; x_wconf 89' lang='lat' dir='ltr'><strong>stultitiam</strong></span> 
     </span>
    </p>
   </div>
   <div class='ocr_carea' id='block_1_7' title="bbox 155 359 321 388">
    <p class='ocr_par' dir='ltr' id='par_1_7' title="bbox 155 359 321 388">
     <span class='ocr_line' id='line_1_7' title="bbox 155 359 321 388; baseline -0.006 -1"><span class='ocrx_word' id='word_1_30' title='bbox 155 359 321 388; x_wconf 88' lang='lat' dir='ltr'><strong>irridcbunt.</strong></span> 
     </span>
    </p>
   </div>
   <div class='ocr_carea' id='block_1_8' title="bbox 153 422 941 460">
    <p class='ocr_par' dir='ltr' id='par_1_8' title="bbox 153 422 941 460">
     <span class='ocr_line' id='line_1_8' title="bbox 153 422 941 460; baseline -0.009 -4"><span class='ocrx_word' id='word_1_31' title='bbox 153 428 216 456; x_wconf 66' lang='lat' dir='ltr'><strong>Car.</strong></span> <span class='ocrx_word' id='word_1_32' title='bbox 231 427 263 454; x_wconf 82' lang='lat' dir='ltr'><strong>V.</strong></span> <span class='ocrx_word' id='word_1_33' title='bbox 274 441 308 447; x_wconf 90' lang='lat'><strong>-—</strong></span> <span class='ocrx_word' id='word_1_34' title='bbox 320 425 459 460; x_wconf 86' lang='lat' dir='ltr'><strong>Propriam</strong></span> <span class='ocrx_word' id='word_1_35' title='bbox 474 423 615 460; x_wconf 73' lang='lat' dir='ltr'><strong>utilitatem</strong></span> <span class='ocrx_word' id='word_1_36' title='bbox 626 426 650 449; x_wconf 84' lang='lat' dir='ltr'><strong>et</strong></span> <span class='ocrx_word' id='word_1_37' title='bbox 664 422 846 460; x_wconf 69' lang='lat' dir='ltr'><strong>nonalienam</strong></span> <span class='ocrx_word' id='word_1_38' title='bbox 854 422 941 450; x_wconf 72' lang='lat' dir='ltr'><strong>solum</strong></span> 
     </span>
    </p>
   </div>
   <div class='ocr_carea' id='block_1_9' title="bbox 190 457 940 494">
    <p class='ocr_par' dir='ltr' id='par_1_9' title="bbox 190 457 940 494">
     <span class='ocr_line' id='line_1_9' title="bbox 190 457 940 494; baseline -0.008 -5"><span class='ocrx_word' id='word_1_39' title='bbox 190 471 222 489; x_wconf 79' lang='lat' dir='ltr'><strong>ea:</strong></span> <span class='ocrx_word' id='word_1_40' title='bbox 234 462 342 488; x_wconf 83' lang='lat' dir='ltr'><strong>scientia</strong></span> <span class='ocrx_word' id='word_1_41' title='bbox 372 457 543 494; x_wconf 63' lang='lat' dir='ltr'><strong>captandam,</strong></span> <span class='ocrx_word' id='word_1_42' title='bbox 562 457 822 494; x_wconf 66' lang='lat' dir='ltr'><strong>docetur._Maxime</strong></span> <span class='ocrx_word' id='word_1_43' title='bbox 849 463 940 494; x_wconf 72' lang='lat' dir='ltr'><strong>autem</strong></span> 
     </span>
    </p>
   </div>
   <div class='ocr_carea' id='block_1_10' title="bbox 189 491 941 524">
    <p class='ocr_par' dir='ltr' id='par_1_10' title="bbox 189 491 941 524">
     <span class='ocr_line' id='line_1_10' title="bbox 189 491 941 524; baseline -0.007 -1"><span class='ocrx_word' id='word_1_44' title='bbox 189 497 324 524; x_wconf 79' lang='lat' dir='ltr'><strong>vitandum</strong></span> <span class='ocrx_word' id='word_1_45' title='bbox 341 503 372 522; x_wconf 82' lang='lat' dir='ltr'><strong>ne</strong></span> <span class='ocrx_word' id='word_1_46' title='bbox 391 491 501 521; x_wconf 66' lang='lat' dir='ltr'><strong>scientia</strong></span> <span class='ocrx_word' id='word_1_47' title='bbox 524 497 616 520; x_wconf 67' lang='lat' dir='ltr'><strong>noatra</strong></span> <span class='ocrx_word' id='word_1_48' title='bbox 632 493 659 519; x_wconf 89' lang='lat' dir='ltr'><strong>in</strong></span> <span class='ocrx_word' id='word_1_49' title='bbox 676 492 804 519; x_wconf 82' lang='lat' dir='ltr'><strong>damnum</strong></span> <span class='ocrx_word' id='word_1_50' title='bbox 826 491 941 519; x_wconf 83' lang='lat' dir='ltr'><strong>aliorum</strong></span> 
     </span>
    </p>
   </div>
   <div class='ocr_carea' id='block_1_11' title="bbox 189 533 342 558">
    <p class='ocr_par' dir='ltr' id='par_1_11' title="bbox 189 533 342 558">
     <span class='ocr_line' id='line_1_11' title="bbox 189 533 342 558; baseline -0.007 0"><span class='ocrx_word' id='word_1_51' title='bbox 189 533 342 558; x_wconf 84' lang='lat' dir='ltr'><strong>abutamur.</strong></span> 
     </span>
    </p>
   </div>
   <div class='ocr_carea' id='block_1_12' title="bbox 188 583 941 621">
    <p class='ocr_par' dir='ltr' id='par_1_12' title="bbox 188 583 941 621">
     <span class='ocr_line' id='line_1_12' title="bbox 188 583 941 621; baseline -0.007 -7"><span class='ocrx_word' id='word_1_52' title='bbox 188 588 239 621; x_wconf 87' lang='lat' dir='ltr'><strong>Qui</strong></span> <span class='ocrx_word' id='word_1_53' title='bbox 256 586 398 614; x_wconf 82' lang='lat' dir='ltr'><strong>scientiam</strong></span> <span class='ocrx_word' id='word_1_54' title='bbox 423 585 570 620; x_wconf 75' lang='lat' dir='ltr'><strong>acquisivit</strong></span> <span class='ocrx_word' id='word_1_55' title='bbox 587 584 616 611; x_wconf 92' lang='lat' dir='ltr'><strong>in</strong></span> <span class='ocrx_word' id='word_1_56' title='bbox 633 584 781 611; x_wconf 82' lang='lat' dir='ltr'><strong>utilitatem</strong></span> <span class='ocrx_word' id='word_1_57' title='bbox 808 583 941 610; x_wconf 85' lang='lat' dir='ltr'><strong>duntaxat</strong></span> 
     </span>
    </p>
   </div>
   <div class='ocr_carea' id='block_1_13' title="bbox 154 627 939 666">
    <p class='ocr_par' dir='ltr' id='par_1_13' title="bbox 154 627 939 666">
     <span class='ocr_line' id='line_1_13' title="bbox 154 627 939 666; baseline -0.008 -6"><span class='ocrx_word' id='word_1_58' title='bbox 154 634 279 662; x_wconf 84' lang='lat' dir='ltr'><strong>aliorum.</strong></span> <span class='ocrx_word' id='word_1_59' title='bbox 294 631 363 659; x_wconf 79' lang='lat' dir='ltr'><strong>nihil</strong></span> <span class='ocrx_word' id='word_1_60' title='bbox 377 639 410 659; x_wconf 91' lang='lat' dir='ltr'><strong>ex</strong></span> <span class='ocrx_word' id='word_1_61' title='bbox 420 639 451 658; x_wconf 89' lang='lat' dir='ltr'><strong>ea</strong></span> <span class='ocrx_word' id='word_1_62' title='bbox 464 629 568 666; x_wconf 90' lang='lat' dir='ltr'><strong>proprii</strong></span> <span class='ocrx_word' id='word_1_63' title='bbox 580 629 687 656; x_wconf 89' lang='lat' dir='ltr'><strong>fructus</strong></span> <span class='ocrx_word' id='word_1_64' title='bbox 701 628 759 663; x_wconf 87' lang='lat' dir='ltr'><strong>ipse</strong></span> <span class='ocrx_word' id='word_1_65' title='bbox 773 627 939 663; x_wconf 91' lang='lat' dir='ltr'><strong>percipiens,</strong></span> 
     </span>
    </p>
   </div>
   <div class='ocr_carea' id='block_1_14' title="bbox 154 673 939 711">
    <p class='ocr_par' dir='ltr' id='par_1_14' title="bbox 154 673 939 711">
     <span class='ocr_line' id='line_1_14' title="bbox 154 673 939 711; baseline -0.005 -7"><span class='ocrx_word' id='word_1_66' title='bbox 154 679 252 705; x_wconf 79' lang='lat' dir='ltr'><strong>similis</strong></span> <span class='ocrx_word' id='word_1_67' title='bbox 263 682 304 704; x_wconf 89' lang='lat' dir='ltr'><strong>est</strong></span> <span class='ocrx_word' id='word_1_68' title='bbox 319 681 398 704; x_wconf 61' lang='lat' dir='ltr'><strong>terra</strong></span> <span class='ocrx_word' id='word_1_69' title='bbox 415 684 475 711; x_wconf 75' lang='lat' dir='ltr'><strong>qua:</strong></span> <span class='ocrx_word' id='word_1_70' title='bbox 489 675 590 703; x_wconf 89' lang='lat' dir='ltr'><strong>danmo</strong></span> <span class='ocrx_word' id='word_1_71' title='bbox 605 674 716 709; x_wconf 91' lang='lat' dir='ltr'><strong>proprio</strong></span> <span class='ocrx_word' id='word_1_72' title='bbox 741 674 826 701; x_wconf 86' lang='lat' dir='ltr'><strong>servit</strong></span> <span class='ocrx_word' id='word_1_73' title='bbox 853 673 939 700; x_wconf 93' lang='lat' dir='ltr'><strong>homi-</strong></span> 
     </span>
    </p>
   </div>
   <div class='ocr_carea' id='block_1_15' title="bbox 154 718 941 756">
    <p class='ocr_par' dir='ltr' id='par_1_15' title="bbox 154 718 941 756">
     <span class='ocr_line' id='line_1_15' title="bbox 154 718 941 756; baseline -0.005 -6"><span class='ocrx_word' id='word_1_74' title='bbox 154 724 236 750; x_wconf 80' lang='lat' dir='ltr'><strong>nibus</strong></span> <span class='ocrx_word' id='word_1_75' title='bbox 250 727 276 750; x_wconf 91' lang='lat' dir='ltr'><strong>et</strong></span> <span class='ocrx_word' id='word_1_76' title='bbox 293 722 398 755; x_wconf 86' lang='lat' dir='ltr'><strong>bestiis,</strong></span> <span class='ocrx_word' id='word_1_77' title='bbox 414 729 465 749; x_wconf 91' lang='lat' dir='ltr'><strong>nec</strong></span> <span class='ocrx_word' id='word_1_78' title='bbox 481 721 629 756; x_wconf 86' lang='lat' dir='ltr'><strong>quidquam</strong></span> <span class='ocrx_word' id='word_1_79' title='bbox 647 727 681 747; x_wconf 88' lang='lat' dir='ltr'><strong>ex</strong></span> <span class='ocrx_word' id='word_1_80' title='bbox 697 720 731 747; x_wconf 84' lang='lat' dir='ltr'><strong>iis</strong></span> <span class='ocrx_word' id='word_1_81' title='bbox 744 728 805 755; x_wconf 70' lang='lat' dir='ltr'><strong>qum</strong></span> <span class='ocrx_word' id='word_1_82' title='bbox 831 718 941 747; x_wconf 88' lang='lat' dir='ltr'><strong>confert</strong></span> 
     </span>
    </p>
   </div>
   <div class='ocr_carea' id='block_1_16' title="bbox 156 765 941 804">
    <p class='ocr_par' dir='ltr' id='par_1_16' title="bbox 156 765 941 804">
     <span class='ocr_line' id='line_1_16' title="bbox 156 765 941 804; baseline -0.005 -9"><span class='ocrx_word' id='word_1_83' title='bbox 156 769 183 795; x_wconf 89' lang='lat' dir='ltr'><strong>in</strong></span> <span class='ocrx_word' id='word_1_84' title='bbox 197 769 266 796; x_wconf 87' lang='lat' dir='ltr'><strong>alios</strong></span> <span class='ocrx_word' id='word_1_85' title='bbox 277 768 398 804; x_wconf 85' lang='lat' dir='ltr'><strong>juvatur.</strong></span> <span class='ocrx_word' id='word_1_86' title='bbox 418 767 467 794; x_wconf 85' lang='lat' dir='ltr'><strong>Par</strong></span> <span class='ocrx_word' id='word_1_87' title='bbox 485 772 527 795; x_wconf 91' lang='lat' dir='ltr'><strong>est</strong></span> <span class='ocrx_word' id='word_1_88' title='bbox 539 767 622 801; x_wconf 90' lang='lat' dir='ltr'><strong>igitur</strong></span> <span class='ocrx_word' id='word_1_89' title='bbox 636 766 792 793; x_wconf 86' lang='lat' dir='ltr'><strong>studiosum</strong></span> <span class='ocrx_word' id='word_1_90' title='bbox 808 765 941 792; x_wconf 73' lang='lat' dir='ltr'><strong>doctrinm</strong></span> 
     </span>
    </p>
   </div>
   <div class='ocr_carea' id='block_1_17' title="bbox 155 810 940 849">
    <p class='ocr_par' dir='ltr' id='par_1_17' title="bbox 155 810 940 849">
     <span class='ocr_line' id='line_1_17' title="bbox 155 810 940 849; baseline -0.004 -9"><span class='ocrx_word' id='word_1_91' title='bbox 155 814 273 849; x_wconf 90' lang='lat' dir='ltr'><strong>primum</strong></span> <span class='ocrx_word' id='word_1_92' title='bbox 289 813 400 848; x_wconf 89' lang='lat' dir='ltr'><strong>quidem</strong></span> <span class='ocrx_word' id='word_1_93' title='bbox 417 812 536 847; x_wconf 82' lang='lat' dir='ltr'><strong>seipsum</strong></span> <span class='ocrx_word' id='word_1_94' title='bbox 552 812 701 839; x_wconf 90' lang='lat' dir='ltr'><strong>admonere</strong></span> <span class='ocrx_word' id='word_1_95' title='bbox 715 811 892 846; x_wconf 84' lang='lat' dir='ltr'><strong>dirigereque</strong></span> <span class='ocrx_word' id='word_1_96' title='bbox 906 810 940 838; x_wconf 86' lang='lat' dir='ltr'><strong>ad</strong></span> 
     </span>
    </p>
   </div>
   <div class='ocr_carea' id='block_1_18' title="bbox 155 857 939 894">
    <p class='ocr_par' dir='ltr' id='par_1_18' title="bbox 155 857 939 894">
     <span class='ocr_line' id='line_1_18' title="bbox 155 857 939 894; baseline -0.004 -8"><span class='ocrx_word' id='word_1_97' title='bbox 155 867 264 886; x_wconf 86' lang='lat' dir='ltr'><strong>omnem</strong></span> <span class='ocrx_word' id='word_1_98' title='bbox 278 859 467 894; x_wconf 88' lang='lat' dir='ltr'><strong>operationem</strong></span> <span class='ocrx_word' id='word_1_99' title='bbox 483 857 640 890; x_wconf 89' lang='lat' dir='ltr'><strong>honestam,</strong></span> <span class='ocrx_word' id='word_1_100' title='bbox 653 857 753 885; x_wconf 92' lang='lat' dir='ltr'><strong>deinde</strong></span> <span class='ocrx_word' id='word_1_101' title='bbox 769 861 860 884; x_wconf 89' lang='lat' dir='ltr'><strong>autem</strong></span> <span class='ocrx_word' id='word_1_102' title='bbox 871 864 939 884; x_wconf 92' lang='lat' dir='ltr'><strong>con-</strong></span> 
     </span>
    </p>
   </div>
   <div class='ocr_carea' id='block_1_19' title="bbox 992 261 1774 299">
    <p class='ocr_par' dir='ltr' id='par_1_19' title="bbox 992 261 1774 299">
     <span class='ocr_line' id='line_1_19' title="bbox 992 261 1774 299; baseline 0.004 -11"><span class='ocrx_word' id='word_1_103' title='bbox 992 261 1109 294; x_wconf 88' lang='lat' dir='ltr'><strong>socium,</strong></span> <span class='ocrx_word' id='word_1_104' title='bbox 1124 269 1156 289; x_wconf 94' lang='lat' dir='ltr'><strong>ex</strong></span> <span class='ocrx_word' id='word_1_105' title='bbox 1171 269 1205 289; x_wconf 91' lang='lat' dir='ltr'><strong>eo</strong></span> <span class='ocrx_word' id='word_1_106' title='bbox 1232 262 1303 290; x_wconf 90' lang='lat' dir='ltr'><strong>baud</strong></span> <span class='ocrx_word' id='word_1_107' title='bbox 1327 270 1408 298; x_wconf 89' lang='lat' dir='ltr'><strong>parce</strong></span> <span class='ocrx_word' id='word_1_108' title='bbox 1441 263 1577 298; x_wconf 80' lang='lat' dir='ltr'><strong>sumpsit;</strong></span> <span class='ocrx_word' id='word_1_109' title='bbox 1606 268 1774 299; x_wconf 79' lang='lat' dir='ltr'><strong>onustosque</strong></span> 
     </span>
    </p>
   </div>
   <div class='ocr_carea' id='block_1_20' title="bbox 992 307 1774 345">
    <p class='ocr_par' dir='ltr' id='par_1_20' title="bbox 992 307 1774 345">
     <span class='ocr_line' id='line_1_20' title="bbox 992 307 1774 345; baseline 0.004 -11"><span class='ocrx_word' id='word_1_110' title='bbox 992 307 1104 334; x_wconf 91' lang='lat' dir='ltr'><strong>domum</strong></span> <span class='ocrx_word' id='word_1_111' title='bbox 1117 315 1146 335; x_wconf 85' lang='lat' dir='ltr'><strong>se</strong></span> <span class='ocrx_word' id='word_1_112' title='bbox 1157 307 1254 343; x_wconf 89' lang='lat' dir='ltr'><strong>recipit</strong></span> <span class='ocrx_word' id='word_1_113' title='bbox 1268 316 1330 336; x_wconf 92' lang='lat' dir='ltr'><strong>cum</strong></span> <span class='ocrx_word' id='word_1_114' title='bbox 1350 316 1401 336; x_wconf 91' lang='lat' dir='ltr'><strong>suo</strong></span> <span class='ocrx_word' id='word_1_115' title='bbox 1427 310 1589 345; x_wconf 85' lang='lat' dir='ltr'><strong>subadjuva,</strong></span> <span class='ocrx_word' id='word_1_116' title='bbox 1612 309 1656 337; x_wconf 91' lang='lat' dir='ltr'><strong>cui</strong></span> <span class='ocrx_word' id='word_1_117' title='bbox 1673 317 1774 337; x_wconf 89' lang='lat' dir='ltr'><strong>merce-</strong></span> 
     </span>
    </p>
   </div>
   <div class='ocr_carea' id='block_1_21' title="bbox 991 352 1773 388">
    <p class='ocr_par' dir='ltr' id='par_1_21' title="bbox 991 352 1773 388">
     <span class='ocr_line' id='line_1_21' title="bbox 991 352 1773 388; baseline 0.001 -9"><span class='ocrx_word' id='word_1_118' title='bbox 991 352 1053 380; x_wconf 89' lang='lat' dir='ltr'><strong>dem</strong></span> <span class='ocrx_word' id='word_1_119' title='bbox 1069 353 1173 380; x_wconf 78' lang='lat' dir='ltr'><strong>eollata:</strong></span> <span class='ocrx_word' id='word_1_120' title='bbox 1182 360 1274 388; x_wconf 68' lang='lat' dir='ltr'><strong>Operae</strong></span> <span class='ocrx_word' id='word_1_121' title='bbox 1282 353 1426 382; x_wconf 85' lang='lat' dir='ltr'><strong>dimidium</strong></span> <span class='ocrx_word' id='word_1_122' title='bbox 1439 355 1522 382; x_wconf 87' lang='lat' dir='ltr'><strong>ablati</strong></span> <span class='ocrx_word' id='word_1_123' title='bbox 1538 352 1637 382; x_wconf 81' lang='lat' dir='ltr'><strong>sesami</strong></span> <span class='ocrx_word' id='word_1_124' title='bbox 1653 355 1773 388; x_wconf 80' lang='lat' dir='ltr'><strong>donavit,</strong></span> 
     </span>
    </p>
   </div>
   <div class='ocr_carea' id='block_1_22' title="bbox 991 398 1775 428">
    <p class='ocr_par' dir='ltr' id='par_1_22' title="bbox 991 398 1775 428">
     <span class='ocr_line' id='line_1_22' title="bbox 991 398 1775 428; baseline 0.004 -3"><span class='ocrx_word' id='word_1_125' title='bbox 991 398 1118 425; x_wconf 88' lang='lat' dir='ltr'><strong>nesciens</strong></span> <span class='ocrx_word' id='word_1_126' title='bbox 1135 398 1168 426; x_wconf 90' lang='lat' dir='ltr'><strong>de</strong></span> <span class='ocrx_word' id='word_1_127' title='bbox 1180 406 1231 426; x_wconf 88' lang='lat' dir='ltr'><strong>suo</strong></span> <span class='ocrx_word' id='word_1_128' title='bbox 1250 407 1279 426; x_wconf 89' lang='lat' dir='ltr'><strong>se</strong></span> <span class='ocrx_word' id='word_1_129' title='bbox 1293 399 1424 427; x_wconf 88' lang='lat' dir='ltr'><strong>furatum.</strong></span> <span class='ocrx_word' id='word_1_130' title='bbox 1449 400 1584 428; x_wconf 80' lang='lat' dir='ltr'><strong>Postridie</strong></span> <span class='ocrx_word' id='word_1_131' title='bbox 1600 400 1775 428; x_wconf 77' lang='lat' dir='ltr'><strong>dissimulans</strong></span> 
     </span>
    </p>
   </div>
   <div class='ocr_carea' id='block_1_23' title="bbox 990 443 1773 478">
    <p class='ocr_par' dir='ltr' id='par_1_23' title="bbox 990 443 1773 478">
     <span class='ocr_line' id='line_1_23' title="bbox 990 443 1773 478; baseline 0.004 -8"><span class='ocrx_word' id='word_1_132' title='bbox 990 443 1098 478; x_wconf 77' lang='lat' dir='ltr'><strong>egregie</strong></span> <span class='ocrx_word' id='word_1_133' title='bbox 1120 448 1283 472; x_wconf 84' lang='lat' dir='ltr'><strong>nocturnam</strong></span> <span class='ocrx_word' id='word_1_134' title='bbox 1313 445 1437 472; x_wconf 86' lang='lat' dir='ltr'><strong>fraudem</strong></span> <span class='ocrx_word' id='word_1_135' title='bbox 1457 453 1520 473; x_wconf 88' lang='lat' dir='ltr'><strong>cum</strong></span> <span class='ocrx_word' id='word_1_136' title='bbox 1548 445 1617 473; x_wconf 85' lang='lat' dir='ltr'><strong>nihil</strong></span> <span class='ocrx_word' id='word_1_137' title='bbox 1639 446 1710 474; x_wconf 87' lang='lat' dir='ltr'><strong>male</strong></span> <span class='ocrx_word' id='word_1_138' title='bbox 1727 453 1773 473; x_wconf 90' lang='lat' dir='ltr'><strong>su-</strong></span> 
     </span>
    </p>
   </div>
   <div class='ocr_carea' id='block_1_24' title="bbox 990 488 1774 525">
    <p class='ocr_par' dir='ltr' id='par_1_24' title="bbox 990 488 1774 525">
     <span class='ocr_line' id='line_1_24' title="bbox 990 488 1774 525; baseline 0.004 -11"><span class='ocrx_word' id='word_1_139' title='bbox 990 488 1114 522; x_wconf 89' lang='lat' dir='ltr'><strong>spicante</strong></span> <span class='ocrx_word' id='word_1_140' title='bbox 1135 489 1211 516; x_wconf 79' lang='lat' dir='ltr'><strong>socio</strong></span> <span class='ocrx_word' id='word_1_141' title='bbox 1236 489 1389 524; x_wconf 78' lang='lat' dir='ltr'><strong>ingreditur</strong></span> <span class='ocrx_word' id='word_1_142' title='bbox 1417 490 1549 518; x_wconf 86' lang='lat' dir='ltr'><strong>horreum</strong></span> <span class='ocrx_word' id='word_1_143' title='bbox 1564 509 1572 523; x_wconf 95' lang='lat'><strong>,</strong></span> <span class='ocrx_word' id='word_1_144' title='bbox 1608 489 1722 525; x_wconf 84' lang='lat' dir='ltr'><strong>visoque</strong></span> <span class='ocrx_word' id='word_1_145' title='bbox 1738 490 1774 517; x_wconf 87' lang='lat' dir='ltr'><strong>ibi</strong></span> 
     </span>
    </p>
   </div>
   <div class='ocr_carea' id='block_1_25' title="bbox 991 534 1775 570">
    <p class='ocr_par' dir='ltr' id='par_1_25' title="bbox 991 534 1775 570">
     <span class='ocr_line' id='line_1_25' title="bbox 991 534 1775 570; baseline 0.004 -10"><span class='ocrx_word' id='word_1_146' title='bbox 991 534 1075 561; x_wconf 91' lang='lat' dir='ltr'><strong>linteo</strong></span> <span class='ocrx_word' id='word_1_147' title='bbox 1104 541 1224 569; x_wconf 70' lang='lat' dir='ltr'><strong>expanso</strong></span> <span class='ocrx_word' id='word_1_148' title='bbox 1251 542 1333 569; x_wconf 79' lang='lat' dir='ltr'><strong>supra</strong></span> <span class='ocrx_word' id='word_1_149' title='bbox 1353 536 1497 570; x_wconf 87' lang='lat' dir='ltr'><strong>proprium</strong></span> <span class='ocrx_word' id='word_1_150' title='bbox 1527 543 1668 568; x_wconf 80' lang='lat' dir='ltr'><strong>acervum,</strong></span> <span class='ocrx_word' id='word_1_151' title='bbox 1697 535 1775 563; x_wconf 80' lang='lat' dir='ltr'><strong>intel-</strong></span> 
     </span>
    </p>
   </div>
   <div class='ocr_carea' id='block_1_26' title="bbox 990 578 1776 617">
    <p class='ocr_par' dir='ltr' id='par_1_26' title="bbox 990 578 1776 617">
     <span class='ocr_line' id='line_1_26' title="bbox 990 578 1776 617; baseline 0.001 -11"><span class='ocrx_word' id='word_1_152' title='bbox 990 578 1116 614; x_wconf 87' lang='lat' dir='ltr'><strong>lectaque</strong></span> <span class='ocrx_word' id='word_1_153' title='bbox 1138 587 1173 607; x_wconf 86' lang='lat' dir='ltr'><strong>ex</strong></span> <span class='ocrx_word' id='word_1_154' title='bbox 1192 579 1312 608; x_wconf 78' lang='lat' dir='ltr'><strong>ofﬁciose</strong></span> <span class='ocrx_word' id='word_1_155' title='bbox 1324 581 1462 608; x_wconf 81' lang='lat' dir='ltr'><strong>referente</strong></span> <span class='ocrx_word' id='word_1_156' title='bbox 1478 581 1585 617; x_wconf 75' lang='lat' dir='ltr'><strong>collega</strong></span> <span class='ocrx_word' id='word_1_157' title='bbox 1616 581 1776 608; x_wconf 79' lang='lat' dir='ltr'><strong>mutationis</strong></span> 
     </span>
    </p>
   </div>
   <div class='ocr_carea' id='block_1_27' title="bbox 990 624 1775 661">
    <p class='ocr_par' dir='ltr' id='par_1_27' title="bbox 990 624 1775 661">
     <span class='ocr_line' id='line_1_27' title="bbox 990 624 1775 661; baseline 0 -9"><span class='ocrx_word' id='word_1_158' title='bbox 990 631 1084 657; x_wconf 85' lang='lat' dir='ltr'><strong>causa,</strong></span> <span class='ocrx_word' id='word_1_159' title='bbox 1099 624 1202 659; x_wconf 78' lang='lat' dir='ltr'><strong>ingenti</strong></span> <span class='ocrx_word' id='word_1_160' title='bbox 1214 626 1358 660; x_wconf 81' lang='lat' dir='ltr'><strong>perculsus</strong></span> <span class='ocrx_word' id='word_1_161' title='bbox 1383 626 1479 654; x_wconf 87' lang='lat' dir='ltr'><strong>dolore</strong></span> <span class='ocrx_word' id='word_1_162' title='bbox 1495 631 1549 661; x_wconf 88' lang='lat' dir='ltr'><strong>est,</strong></span> <span class='ocrx_word' id='word_1_163' title='bbox 1573 633 1636 654; x_wconf 88' lang='lat' dir='ltr'><strong>sero</strong></span> <span class='ocrx_word' id='word_1_164' title='bbox 1651 626 1775 654; x_wconf 83' lang='lat' dir='ltr'><strong>videlicet</strong></span> 
     </span>
    </p>
   </div>
   <div class='ocr_carea' id='block_1_28' title="bbox 990 670 1775 707">
    <p class='ocr_par' dir='ltr' id='par_1_28' title="bbox 990 670 1775 707">
     <span class='ocr_line' id='line_1_28' title="bbox 990 670 1775 707; baseline 0.004 -11"><span class='ocrx_word' id='word_1_165' title='bbox 990 670 1123 703; x_wconf 79' lang='lat' dir='ltr'><strong>sentiens,</strong></span> <span class='ocrx_word' id='word_1_166' title='bbox 1138 677 1167 697; x_wconf 89' lang='lat' dir='ltr'><strong>se</strong></span> <span class='ocrx_word' id='word_1_167' title='bbox 1182 670 1247 698; x_wconf 90' lang='lat' dir='ltr'><strong>dum</strong></span> <span class='ocrx_word' id='word_1_168' title='bbox 1262 671 1386 706; x_wconf 77' lang='lat' dir='ltr'><strong>improbe</strong></span> <span class='ocrx_word' id='word_1_169' title='bbox 1403 677 1538 707; x_wconf 65' lang='lat' dir='ltr'><strong>quasstum</strong></span> <span class='ocrx_word' id='word_1_170' title='bbox 1556 672 1650 700; x_wconf 83' lang='lat' dir='ltr'><strong>studet</strong></span> <span class='ocrx_word' id='word_1_171' title='bbox 1675 672 1775 702; x_wconf 84' lang='lat' dir='ltr'><strong>facere.</strong></span> 
     </span>
    </p>
   </div>
   <div class='ocr_carea' id='block_1_29' title="bbox 991 714 1776 753">
    <p class='ocr_par' dir='ltr' id='par_1_29' title="bbox 991 714 1776 753">
     <span class='ocr_line' id='line_1_29' title="bbox 991 714 1776 753; baseline 0.004 -12"><span class='ocrx_word' id='word_1_172' title='bbox 991 714 1121 742; x_wconf 90' lang='lat' dir='ltr'><strong>damnum</strong></span> <span class='ocrx_word' id='word_1_173' title='bbox 1137 715 1274 744; x_wconf 86' lang='lat' dir='ltr'><strong>subiisse:</strong></span> <span class='ocrx_word' id='word_1_174' title='bbox 1294 717 1368 751; x_wconf 91' lang='lat' dir='ltr'><strong>quod</strong></span> <span class='ocrx_word' id='word_1_175' title='bbox 1391 717 1466 744; x_wconf 90' lang='lat' dir='ltr'><strong>enim</strong></span> <span class='ocrx_word' id='word_1_176' title='bbox 1498 717 1619 753; x_wconf 88' lang='lat' dir='ltr'><strong>adjutori</strong></span> <span class='ocrx_word' id='word_1_177' title='bbox 1639 717 1706 744; x_wconf 85' lang='lat' dir='ltr'><strong>furti</strong></span> <span class='ocrx_word' id='word_1_178' title='bbox 1731 716 1776 743; x_wconf 87' lang='lat' dir='ltr'><strong>de-</strong></span> 
     </span>
    </p>
   </div>
   <div class='ocr_carea' id='block_1_30' title="bbox 991 760 1771 798">
    <p class='ocr_par' dir='ltr' id='par_1_30' title="bbox 991 760 1771 798">
     <span class='ocr_line' id='line_1_30' title="bbox 991 760 1771 798; baseline 0.001 -11"><span class='ocrx_word' id='word_1_179' title='bbox 991 760 1080 793; x_wconf 90' lang='lat' dir='ltr'><strong>derat,</strong></span> <span class='ocrx_word' id='word_1_180' title='bbox 1095 761 1147 788; x_wconf 82' lang='lat' dir='ltr'><strong>sibi</strong></span> <span class='ocrx_word' id='word_1_181' title='bbox 1170 761 1286 797; x_wconf 87' lang='lat' dir='ltr'><strong>periisse</strong></span> <span class='ocrx_word' id='word_1_182' title='bbox 1299 762 1410 790; x_wconf 66' lang='lat' dir='ltr'><strong>videbat</strong></span> <span class='ocrx_word' id='word_1_183' title='bbox 1428 763 1664 798; x_wconf 80' lang='lat' dir='ltr'><strong>.rreparabilitcr;</strong></span> <span class='ocrx_word' id='word_1_184' title='bbox 1692 762 1771 797; x_wconf 91' lang='lat' dir='ltr'><strong>siqui-</strong></span> 
     </span>
    </p>
   </div>
   <div class='ocr_carea' id='block_1_31' title="bbox 990 806 1777 842">
    <p class='ocr_par' dir='ltr' id='par_1_31' title="bbox 990 806 1777 842">
     <span class='ocr_line' id='line_1_31' title="bbox 990 806 1777 842; baseline 0 -8"><span class='ocrx_word' id='word_1_185' title='bbox 990 806 1053 834; x_wconf 88' lang='lat' dir='ltr'><strong>dem</strong></span> <span class='ocrx_word' id='word_1_186' title='bbox 1069 815 1103 834; x_wconf 91' lang='lat' dir='ltr'><strong>ne</strong></span> <span class='ocrx_word' id='word_1_187' title='bbox 1117 807 1150 834; x_wconf 89' lang='lat' dir='ltr'><strong>ab</strong></span> <span class='ocrx_word' id='word_1_188' title='bbox 1163 815 1196 835; x_wconf 91' lang='lat' dir='ltr'><strong>eo</strong></span> <span class='ocrx_word' id='word_1_189' title='bbox 1209 812 1347 842; x_wconf 79' lang='lat' dir='ltr'><strong>repeteret</strong></span> <span class='ocrx_word' id='word_1_190' title='bbox 1360 807 1487 836; x_wconf 87' lang='lat' dir='ltr'><strong>obstabat</strong></span> <span class='ocrx_word' id='word_1_191' title='bbox 1502 812 1592 836; x_wconf 86' lang='lat' dir='ltr'><strong>metus</strong></span> <span class='ocrx_word' id='word_1_192' title='bbox 1614 808 1698 836; x_wconf 76' lang='lat' dir='ltr'><strong>totius</strong></span> <span class='ocrx_word' id='word_1_193' title='bbox 1719 815 1777 835; x_wconf 83' lang='lat' dir='ltr'><strong>lna—</strong></span> 
     </span>
    </p>
   </div>
   <div class='ocr_carea' id='block_1_32' title="bbox 991 852 1777 889">
    <p class='ocr_par' dir='ltr' id='par_1_32' title="bbox 991 852 1777 889">
     <span class='ocr_line' id='line_1_32' title="bbox 991 852 1777 889; baseline 0 -10"><span class='ocrx_word' id='word_1_194' title='bbox 991 852 1072 880; x_wconf 85' lang='lat' dir='ltr'><strong>leficii</strong></span> <span class='ocrx_word' id='word_1_195' title='bbox 1087 852 1214 888; x_wconf 88' lang='lat' dir='ltr'><strong>vulgandi</strong></span> <span class='ocrx_word' id='word_1_196' title='bbox 1232 853 1351 888; x_wconf 88' lang='lat' dir='ltr'><strong>indeque</strong></span> <span class='ocrx_word' id='word_1_197' title='bbox 1365 853 1392 880; x_wconf 93' lang='lat' dir='ltr'><strong>in</strong></span> <span class='ocrx_word' id='word_1_198' title='bbox 1405 862 1500 889; x_wconf 77' lang='lat' dir='ltr'><strong>pmnas</strong></span> <span class='ocrx_word' id='word_1_199' title='bbox 1517 853 1675 881; x_wconf 90' lang='lat' dir='ltr'><strong>incurrendi</strong></span> <span class='ocrx_word' id='word_1_200' title='bbox 1708 861 1777 888; x_wconf 88' lang='lat' dir='ltr'><strong>pr:c-</strong></span> 
     </span>
    </p>
   </div>
   <div class='ocr_carea' id='block_1_33' title="bbox 154 893 1777 939">
    <p class='ocr_par' dir='ltr' id='par_1_33' title="bbox 154 893 1777 939">
     <span class='ocr_line' id='line_1_33' title="bbox 154 893 1777 939; baseline -0.005 -8"><span class='ocrx_word' id='word_1_201' title='bbox 154 903 226 930; x_wconf 90' lang='lat' dir='ltr'><strong>ferre</strong></span> <span class='ocrx_word' id='word_1_202' title='bbox 242 893 353 938; x_wconf 80' lang='lat' dir='ltr'><strong>operam</strong></span> <span class='ocrx_word' id='word_1_203' title='bbox 365 902 399 930; x_wconf 88' lang='lat' dir='ltr'><strong>ad</strong></span> <span class='ocrx_word' id='word_1_204' title='bbox 412 903 481 930; x_wconf 87' lang='lat' dir='ltr'><strong>alios</strong></span> <span class='ocrx_word' id='word_1_205' title='bbox 500 902 649 930; x_wconf 87' lang='lat' dir='ltr'><strong>docendos.</strong></span> <span class='ocrx_word' id='word_1_206' title='bbox 664 903 703 929; x_wconf 80' lang='lat' dir='ltr'><strong>Ac</strong></span> <span class='ocrx_word' id='word_1_207' title='bbox 726 902 760 939; x_wconf 15' lang='lat' dir='ltr'><strong>ing</strong></span> <span class='ocrx_word' id='word_1_208' title='bbox 779 901 938 928; x_wconf 89' lang='lat' dir='ltr'><strong>universum</strong></span> <span class='ocrx_word' id='word_1_209' title='bbox 955 893 976 923; x_wconf 80' lang='grc' dir='ltr'><strong><em>Β</em></strong></span> <span class='ocrx_word' id='word_1_210' title='bbox 991 897 1107 931; x_wconf 72' lang='lat' dir='ltr'><strong>seriptas</strong></span> <span class='ocrx_word' id='word_1_211' title='bbox 1126 897 1242 932; x_wconf 79' lang='lat' dir='ltr'><strong>legibus.</strong></span> <span class='ocrx_word' id='word_1_212' title='bbox 1270 897 1385 932; x_wconf 87' lang='lat' dir='ltr'><strong>0p0rtct</strong></span> <span class='ocrx_word' id='word_1_213' title='bbox 1414 899 1496 933; x_wconf 79' lang='lat' dir='ltr'><strong>igitur</strong></span> <span class='ocrx_word' id='word_1_214' title='bbox 1516 906 1580 926; x_wconf 89' lang='lat' dir='ltr'><strong>eum</strong></span> <span class='ocrx_word' id='word_1_215' title='bbox 1595 898 1642 933; x_wconf 93' lang='lat' dir='ltr'><strong>qui</strong></span> <span class='ocrx_word' id='word_1_216' title='bbox 1672 897 1777 932; x_wconf 86' lang='lat' dir='ltr'><strong>aliquid</strong></span> 
     </span>
    </p>
   </div>
   <div class='ocr_carea' id='block_1_34' title="bbox 155 946 939 980">
    <p class='ocr_par' dir='ltr' id='par_1_34' title="bbox 155 946 939 980">
     <span class='ocr_line' id='line_1_34' title="bbox 155 946 939 980; baseline -0.004 -4"><span class='ocrx_word' id='word_1_217' title='bbox 155 949 340 976; x_wconf 77' lang='lat' dir='ltr'><strong>consideranti</strong></span> <span class='ocrx_word' id='word_1_218' title='bbox 365 949 568 976; x_wconf 64' lang='lat' dir='ltr'><strong>vitaaltumanaz</strong></span> <span class='ocrx_word' id='word_1_219' title='bbox 594 953 708 980; x_wconf 83' lang='lat' dir='ltr'><strong>statum,</strong></span> <span class='ocrx_word' id='word_1_220' title='bbox 736 947 786 974; x_wconf 89' lang='lat' dir='ltr'><strong>tria</strong></span> <span class='ocrx_word' id='word_1_221' title='bbox 802 946 869 974; x_wconf 92' lang='lat' dir='ltr'><strong>mihi</strong></span> <span class='ocrx_word' id='word_1_222' title='bbox 898 946 939 973; x_wconf 89' lang='lat' dir='ltr'><strong>vi-</strong></span> 
     </span>
    </p>
   </div>
   <div class='ocr_carea' id='block_1_35' title="bbox 155 992 937 1028">
    <p class='ocr_par' dir='ltr' id='par_1_35' title="bbox 155 992 937 1028">
     <span class='ocr_line' id='line_1_35' title="bbox 155 992 937 1028; baseline -0.004 -7"><span class='ocrx_word' id='word_1_223' title='bbox 155 994 255 1021; x_wconf 89' lang='lat' dir='ltr'><strong>dentur</strong></span> <span class='ocrx_word' id='word_1_224' title='bbox 271 994 360 1021; x_wconf 58' lang='lat' dir='ltr'><strong>int-sse</strong></span> <span class='ocrx_word' id='word_1_225' title='bbox 376 997 504 1028; x_wconf 91' lang='lat' dir='ltr'><strong>oportere</strong></span> <span class='ocrx_word' id='word_1_226' title='bbox 518 993 622 1020; x_wconf 83' lang='lat' dir='ltr'><strong>homini</strong></span> <span class='ocrx_word' id='word_1_227' title='bbox 635 992 752 1027; x_wconf 84' lang='lat' dir='ltr'><strong>eleganti</strong></span> <span class='ocrx_word' id='word_1_228' title='bbox 772 995 800 1020; x_wconf 90' lang='lat' dir='ltr'><strong>et</strong></span> <span class='ocrx_word' id='word_1_229' title='bbox 812 992 937 1023; x_wconf 89' lang='lat' dir='ltr'><strong>honesto,</strong></span> 
     </span>
    </p>
   </div>
   <div class='ocr_carea' id='block_1_36' title="bbox 153 1036 940 1071">
    <p class='ocr_par' dir='ltr' id='par_1_36' title="bbox 153 1036 940 1071">
     <span class='ocr_line' id='line_1_36' title="bbox 153 1036 940 1071; baseline -0.004 -5"><span class='ocrx_word' id='word_1_230' title='bbox 153 1039 281 1066; x_wconf 80' lang='lat' dir='ltr'><strong>videlicet</strong></span> <span class='ocrx_word' id='word_1_231' title='bbox 298 1039 452 1071; x_wconf 86' lang='lat' dir='ltr'><strong>scientiam,</strong></span> <span class='ocrx_word' id='word_1_232' title='bbox 469 1038 580 1065; x_wconf 88' lang='lat' dir='ltr'><strong>divitias</strong></span> <span class='ocrx_word' id='word_1_233' title='bbox 596 1042 623 1065; x_wconf 87' lang='lat' dir='ltr'><strong>et</strong></span> <span class='ocrx_word' id='word_1_234' title='bbox 634 1045 741 1064; x_wconf 89' lang='lat' dir='ltr'><strong>morum</strong></span> <span class='ocrx_word' id='word_1_235' title='bbox 755 1041 875 1064; x_wconf 75' lang='lat' dir='ltr'><strong>exactam</strong></span> <span class='ocrx_word' id='word_1_236' title='bbox 897 1036 940 1063; x_wconf 90' lang='lat' dir='ltr'><strong>di-</strong></span> 
     </span>
    </p>
   </div>
   <div class='ocr_carea' id='block_1_37' title="bbox 155 1081 939 1119">
    <p class='ocr_par' dir='ltr' id='par_1_37' title="bbox 155 1081 939 1119">
     <span class='ocr_line' id='line_1_37' title="bbox 155 1081 939 1119; baseline -0.004 -8"><span class='ocrx_word' id='word_1_237' title='bbox 155 1085 309 1119; x_wconf 88' lang='lat' dir='ltr'><strong>sciplinam.</strong></span> <span class='ocrx_word' id='word_1_238' title='bbox 336 1084 387 1117; x_wconf 89' lang='lat' dir='ltr'><strong>Qui</strong></span> <span class='ocrx_word' id='word_1_239' title='bbox 420 1083 493 1111; x_wconf 89' lang='lat' dir='ltr'><strong>enim</strong></span> <span class='ocrx_word' id='word_1_240' title='bbox 524 1082 623 1117; x_wconf 70' lang='lat' dir='ltr'><strong>qumrit</strong></span> <span class='ocrx_word' id='word_1_241' title='bbox 646 1082 778 1117; x_wconf 81' lang='lat' dir='ltr'><strong>pecunias</strong></span> <span class='ocrx_word' id='word_1_242' title='bbox 811 1081 939 1109; x_wconf 87' lang='lat' dir='ltr'><strong>nesciens</strong></span> 
     </span>
    </p>
   </div>
   <div class='ocr_carea' id='block_1_38' title="bbox 154 1127 939 1159">
    <p class='ocr_par' dir='ltr' id='par_1_38' title="bbox 154 1127 939 1159">
     <span class='ocr_line' id='line_1_38' title="bbox 154 1127 939 1159; baseline -0.008 -1"><span class='ocrx_word' id='word_1_243' title='bbox 154 1135 264 1159; x_wconf 81' lang='lat' dir='ltr'><strong>rectum</strong></span> <span class='ocrx_word' id='word_1_244' title='bbox 281 1137 376 1157; x_wconf 88' lang='lat' dir='ltr'><strong>earum</strong></span> <span class='ocrx_word' id='word_1_245' title='bbox 393 1136 484 1158; x_wconf 90' lang='lat' dir='ltr'><strong>usum.</strong></span> <span class='ocrx_word' id='word_1_246' title='bbox 497 1127 598 1154; x_wconf 88' lang='lat' dir='ltr'><strong>frustra</strong></span> <span class='ocrx_word' id='word_1_247' title='bbox 619 1127 724 1154; x_wconf 81' lang='lat' dir='ltr'><strong>laborat</strong></span> <span class='ocrx_word' id='word_1_248' title='bbox 736 1132 764 1154; x_wconf 89' lang='lat' dir='ltr'><strong>et</strong></span> <span class='ocrx_word' id='word_1_249' title='bbox 779 1127 878 1154; x_wconf 89' lang='lat' dir='ltr'><strong>stultus</strong></span> <span class='ocrx_word' id='word_1_250' title='bbox 893 1132 939 1152; x_wconf 78' lang='lat' dir='ltr'><strong>vo-</strong></span> 
     </span>
    </p>
   </div>
   <div class='ocr_carea' id='block_1_39' title="bbox 155 1172 938 1210">
    <p class='ocr_par' dir='ltr' id='par_1_39' title="bbox 155 1172 938 1210">
     <span class='ocr_line' id='line_1_39' title="bbox 155 1172 938 1210; baseline -0.008 -6"><span class='ocrx_word' id='word_1_251' title='bbox 155 1182 250 1208; x_wconf 84' lang='lat' dir='ltr'><strong>catur;</strong></span> <span class='ocrx_word' id='word_1_252' title='bbox 268 1175 313 1210; x_wconf 89' lang='lat' dir='ltr'><strong>qui</strong></span> <span class='ocrx_word' id='word_1_253' title='bbox 327 1178 418 1202; x_wconf 86' lang='lat' dir='ltr'><strong>autem</strong></span> <span class='ocrx_word' id='word_1_254' title='bbox 437 1174 511 1200; x_wconf 90' lang='lat' dir='ltr'><strong>hunc</strong></span> <span class='ocrx_word' id='word_1_255' title='bbox 526 1173 628 1200; x_wconf 91' lang='lat' dir='ltr'><strong>librum</strong></span> <span class='ocrx_word' id='word_1_256' title='bbox 638 1172 747 1207; x_wconf 88' lang='lat' dir='ltr'><strong>legerit,</strong></span> <span class='ocrx_word' id='word_1_257' title='bbox 762 1176 789 1199; x_wconf 89' lang='lat' dir='ltr'><strong>et</strong></span> <span class='ocrx_word' id='word_1_258' title='bbox 802 1176 938 1207; x_wconf 71' lang='lat' dir='ltr'><strong>praecepta</strong></span> 
     </span>
    </p>
   </div>
   <div class='ocr_carea' id='block_1_40' title="bbox 154 1217 938 1258">
    <p class='ocr_par' dir='ltr' id='par_1_40' title="bbox 154 1217 938 1258">
     <span class='ocr_line' id='line_1_40' title="bbox 154 1217 938 1258; baseline -0.009 -8"><span class='ocrx_word' id='word_1_259' title='bbox 154 1231 216 1258; x_wconf 67' lang='lat' dir='ltr'><strong>qua:</strong></span> <span class='ocrx_word' id='word_1_260' title='bbox 249 1222 276 1249; x_wconf 93' lang='lat' dir='ltr'><strong>in</strong></span> <span class='ocrx_word' id='word_1_261' title='bbox 305 1229 339 1249; x_wconf 91' lang='lat' dir='ltr'><strong>eo</strong></span> <span class='ocrx_word' id='word_1_262' title='bbox 363 1219 510 1247; x_wconf 81' lang='lat' dir='ltr'><strong>traduntur</strong></span> <span class='ocrx_word' id='word_1_263' title='bbox 537 1227 591 1246; x_wconf 91' lang='lat' dir='ltr'><strong>non</strong></span> <span class='ocrx_word' id='word_1_264' title='bbox 618 1218 774 1254; x_wconf 85' lang='lat' dir='ltr'><strong>perceperit</strong></span> <span class='ocrx_word' id='word_1_265' title='bbox 806 1223 888 1252; x_wconf 91' lang='lat' dir='ltr'><strong>atque</strong></span> <span class='ocrx_word' id='word_1_266' title='bbox 910 1217 938 1243; x_wconf 94' lang='lat' dir='ltr'><strong>in</strong></span> 
     </span>
    </p>
   </div>
   <div class='ocr_carea' id='block_1_41' title="bbox 155 1261 939 1299">
    <p class='ocr_par' dir='ltr' id='par_1_41' title="bbox 155 1261 939 1299">
     <span class='ocr_line' id='line_1_41' title="bbox 155 1261 939 1299; baseline -0.009 -4"><span class='ocrx_word' id='word_1_267' title='bbox 155 1276 235 1295; x_wconf 89' lang='lat' dir='ltr'><strong>usum</strong></span> <span class='ocrx_word' id='word_1_268' title='bbox 263 1265 436 1294; x_wconf 86' lang='lat' dir='ltr'><strong>observando</strong></span> <span class='ocrx_word' id='word_1_269' title='bbox 462 1264 601 1299; x_wconf 78' lang='lat' dir='ltr'><strong>redegerit</strong></span> <span class='ocrx_word' id='word_1_270' title='bbox 621 1271 668 1298; x_wconf 85' lang='lat' dir='ltr'><strong>per</strong></span> <span class='ocrx_word' id='word_1_271' title='bbox 696 1263 847 1290; x_wconf 83' lang='lat' dir='ltr'><strong>socordiam</strong></span> <span class='ocrx_word' id='word_1_272' title='bbox 866 1261 939 1289; x_wconf 84' lang='lat' dir='ltr'><strong>desi-</strong></span> 
     </span>
    </p>
   </div>
   <div class='ocr_carea' id='block_1_42' title="bbox 155 1307 938 1348">
    <p class='ocr_par' dir='ltr' id='par_1_42' title="bbox 155 1307 938 1348">
     <span class='ocr_line' id='line_1_42' title="bbox 155 1307 938 1348; baseline -0.008 -7"><span class='ocrx_word' id='word_1_273' title='bbox 155 1315 296 1348; x_wconf 87' lang='lat' dir='ltr'><strong>diatnque,</strong></span> <span class='ocrx_word' id='word_1_274' title='bbox 313 1319 402 1340; x_wconf 71' lang='lat' dir='ltr'><strong>czecus</strong></span> <span class='ocrx_word' id='word_1_275' title='bbox 419 1311 465 1338; x_wconf 94' lang='lat' dir='ltr'><strong>hic</strong></span> <span class='ocrx_word' id='word_1_276' title='bbox 486 1311 547 1346; x_wconf 76' lang='lat' dir='ltr'><strong>jure</strong></span> <span class='ocrx_word' id='word_1_277' title='bbox 574 1309 726 1337; x_wconf 86' lang='lat' dir='ltr'><strong>vocabitur.</strong></span> <span class='ocrx_word' id='word_1_278' title='bbox 743 1309 791 1336; x_wconf 87' lang='lat' dir='ltr'><strong>Est</strong></span> <span class='ocrx_word' id='word_1_279' title='bbox 817 1313 844 1336; x_wconf 84' lang='lat' dir='ltr'><strong>et</strong></span> <span class='ocrx_word' id='word_1_280' title='bbox 872 1307 938 1335; x_wconf 91' lang='lat' dir='ltr'><strong>illud</strong></span> 
     </span>
    </p>
   </div>
   <div class='ocr_carea' id='block_1_43' title="bbox 155 1355 938 1393">
    <p class='ocr_par' dir='ltr' id='par_1_43' title="bbox 155 1355 938 1393">
     <span class='ocr_line' id='line_1_43' title="bbox 155 1355 938 1393; baseline -0.009 -6"><span class='ocrx_word' id='word_1_281' title='bbox 155 1366 321 1393; x_wconf 75' lang='lat' dir='ltr'><strong>magnopere</strong></span> <span class='ocrx_word' id='word_1_282' title='bbox 338 1356 479 1384; x_wconf 90' lang='lat' dir='ltr'><strong>vitandum</strong></span> <span class='ocrx_word' id='word_1_283' title='bbox 498 1364 532 1383; x_wconf 88' lang='lat' dir='ltr'><strong>ne</strong></span> <span class='ocrx_word' id='word_1_284' title='bbox 546 1355 587 1383; x_wconf 87' lang='lat' dir='ltr'><strong>sic</strong></span> <span class='ocrx_word' id='word_1_285' title='bbox 599 1360 692 1383; x_wconf 90' lang='lat' dir='ltr'><strong>utatur</strong></span> <span class='ocrx_word' id='word_1_286' title='bbox 708 1355 806 1382; x_wconf 89' lang='lat' dir='ltr'><strong>doctus</strong></span> <span class='ocrx_word' id='word_1_287' title='bbox 818 1355 846 1381; x_wconf 92' lang='lat' dir='ltr'><strong>in</strong></span> <span class='ocrx_word' id='word_1_288' title='bbox 861 1361 938 1381; x_wconf 87' lang='lat' dir='ltr'><strong>suam</strong></span> 
     </span>
    </p>
   </div>
   <div class='ocr_carea' id='block_1_44' title="bbox 155 1399 938 1434">
    <p class='ocr_par' dir='ltr' id='par_1_44' title="bbox 155 1399 938 1434">
     <span class='ocr_line' id='line_1_44' title="bbox 155 1399 938 1434; baseline -0.008 -2"><span class='ocrx_word' id='word_1_289' title='bbox 155 1405 301 1433; x_wconf 81' lang='lat' dir='ltr'><strong>utilitatem</strong></span> <span class='ocrx_word' id='word_1_290' title='bbox 321 1401 447 1434; x_wconf 84' lang='lat' dir='ltr'><strong>scientia,</strong></span> <span class='ocrx_word' id='word_1_291' title='bbox 470 1405 503 1428; x_wconf 82' lang='lat' dir='ltr'><strong>ut</strong></span> <span class='ocrx_word' id='word_1_292' title='bbox 533 1401 613 1428; x_wconf 84' lang='lat' dir='ltr'><strong>alteri</strong></span> <span class='ocrx_word' id='word_1_293' title='bbox 640 1400 770 1427; x_wconf 82' lang='lat' dir='ltr'><strong>damnum</strong></span> <span class='ocrx_word' id='word_1_294' title='bbox 803 1405 878 1427; x_wconf 89' lang='lat' dir='ltr'><strong>creet</strong></span> <span class='ocrx_word' id='word_1_295' title='bbox 909 1399 938 1426; x_wconf 90' lang='lat' dir='ltr'><strong>in</strong></span> 
     </span>
    </p>
   </div>
   <div class='ocr_carea' id='block_1_45' title="bbox 154 1445 938 1485">
    <p class='ocr_par' dir='ltr' id='par_1_45' title="bbox 154 1445 938 1485">
     <span class='ocr_line' id='line_1_45' title="bbox 154 1445 938 1485; baseline -0.005 -9"><span class='ocrx_word' id='word_1_296' title='bbox 154 1449 296 1485; x_wconf 84' lang='lat' dir='ltr'><strong>proprium</strong></span> <span class='ocrx_word' id='word_1_297' title='bbox 314 1451 468 1482; x_wconf 75' lang='lat' dir='ltr'><strong>qutcstum;</strong></span> <span class='ocrx_word' id='word_1_298' title='bbox 484 1446 587 1481; x_wconf 90' lang='lat' dir='ltr'><strong>alioqui</strong></span> <span class='ocrx_word' id='word_1_299' title='bbox 605 1445 805 1473; x_wconf 71' lang='lat' dir='ltr'><strong>circumvenire</strong></span> <span class='ocrx_word' id='word_1_300' title='bbox 819 1445 938 1472; x_wconf 90' lang='lat' dir='ltr'><strong>amicum</strong></span> 
     </span>
    </p>
   </div>
   <div class='ocr_carea' id='block_1_46' title="bbox 156 1490 938 1527">
    <p class='ocr_par' dir='ltr' id='par_1_46' title="bbox 156 1490 938 1527">
     <span class='ocr_line' id='line_1_46' title="bbox 156 1490 938 1527; baseline -0.006 -5"><span class='ocrx_word' id='word_1_301' title='bbox 156 1496 209 1522; x_wconf 91' lang='lat' dir='ltr'><strong>isto</strong></span> <span class='ocrx_word' id='word_1_302' title='bbox 229 1493 311 1520; x_wconf 86' lang='lat' dir='ltr'><strong>modo</strong></span> <span class='ocrx_word' id='word_1_303' title='bbox 327 1492 451 1525; x_wconf 87' lang='lat' dir='ltr'><strong>studens,</strong></span> <span class='ocrx_word' id='word_1_304' title='bbox 469 1491 589 1527; x_wconf 79' lang='lat' dir='ltr'><strong>patietur</strong></span> <span class='ocrx_word' id='word_1_305' title='bbox 609 1491 681 1526; x_wconf 89' lang='lat' dir='ltr'><strong>quod</strong></span> <span class='ocrx_word' id='word_1_306' title='bbox 709 1491 807 1518; x_wconf 82' lang='lat' dir='ltr'><strong>sesami</strong></span> <span class='ocrx_word' id='word_1_307' title='bbox 841 1490 938 1518; x_wconf 86' lang='lat' dir='ltr'><strong>vendi-</strong></span> 
     </span>
    </p>
   </div>
   <div class='ocr_carea' id='block_1_47' title="bbox 155 1535 938 1575">
    <p class='ocr_par' dir='ltr' id='par_1_47' title="bbox 155 1535 938 1575">
     <span class='ocr_line' id='line_1_47' title="bbox 155 1535 938 1575; baseline -0.008 -6"><span class='ocrx_word' id='word_1_308' title='bbox 155 1541 207 1569; x_wconf 76' lang='lat' dir='ltr'><strong>tori</strong></span> <span class='ocrx_word' id='word_1_309' title='bbox 223 1539 347 1575; x_wconf 84' lang='lat' dir='ltr'><strong>contigit.</strong></span> <span class='ocrx_word' id='word_1_310' title='bbox 372 1537 456 1566; x_wconf 76' lang='lat' dir='ltr'><strong>Aiunt</strong></span> <span class='ocrx_word' id='word_1_311' title='bbox 465 1537 541 1566; x_wconf 88' lang='lat' dir='ltr'><strong>enim</strong></span> <span class='ocrx_word' id='word_1_312' title='bbox 566 1537 666 1565; x_wconf 79' lang='lat' dir='ltr'><strong>sesami</strong></span> <span class='ocrx_word' id='word_1_313' title='bbox 680 1536 837 1565; x_wconf 81' lang='lat' dir='ltr'><strong>venditores</strong></span> <span class='ocrx_word' id='word_1_314' title='bbox 855 1535 938 1563; x_wconf 87' lang='lat' dir='ltr'><strong>fuisse</strong></span> 
     </span>
    </p>
   </div>
   <div class='ocr_carea' id='block_1_48' title="bbox 155 1583 938 1619">
    <p class='ocr_par' dir='ltr' id='par_1_48' title="bbox 155 1583 938 1619">
     <span class='ocr_line' id='line_1_48' title="bbox 155 1583 938 1619; baseline -0.006 -4"><span class='ocrx_word' id='word_1_315' title='bbox 155 1588 224 1616; x_wconf 91' lang='lat' dir='ltr'><strong>duos</strong></span> <span class='ocrx_word' id='word_1_316' title='bbox 250 1594 303 1614; x_wconf 87' lang='lat' dir='ltr'><strong>una</strong></span> <span class='ocrx_word' id='word_1_317' title='bbox 326 1586 364 1613; x_wconf 89' lang='lat' dir='ltr'><strong>uti</strong></span> <span class='ocrx_word' id='word_1_318' title='bbox 392 1585 488 1612; x_wconf 89' lang='lat' dir='ltr'><strong>solitos</strong></span> <span class='ocrx_word' id='word_1_319' title='bbox 503 1584 646 1619; x_wconf 78' lang='lat' dir='ltr'><strong>apotheca,</strong></span> <span class='ocrx_word' id='word_1_320' title='bbox 672 1584 751 1619; x_wconf 87' lang='lat' dir='ltr'><strong>cujus</strong></span> <span class='ocrx_word' id='word_1_321' title='bbox 777 1584 804 1610; x_wconf 93' lang='lat' dir='ltr'><strong>in</strong></span> <span class='ocrx_word' id='word_1_322' title='bbox 822 1583 938 1610; x_wconf 78' lang='lat' dir='ltr'><strong>diversis</strong></span> 
     </span>
    </p>
   </div>
   <div class='ocr_carea' id='block_1_49' title="bbox 155 1628 937 1668">
    <p class='ocr_par' dir='ltr' id='par_1_49' title="bbox 155 1628 937 1668">
     <span class='ocr_line' id='line_1_49' title="bbox 155 1628 937 1668; baseline -0.006 -8"><span class='ocrx_word' id='word_1_323' title='bbox 155 1633 261 1668; x_wconf 69' lang='lat' dir='ltr'><strong>angulis</strong></span> <span class='ocrx_word' id='word_1_324' title='bbox 285 1631 328 1659; x_wconf 90' lang='lat' dir='ltr'><strong>sui</strong></span> <span class='ocrx_word' id='word_1_325' title='bbox 361 1630 508 1665; x_wconf 88' lang='lat' dir='ltr'><strong>separatim</strong></span> <span class='ocrx_word' id='word_1_326' title='bbox 537 1629 671 1664; x_wconf 82' lang='lat' dir='ltr'><strong>cujusque</strong></span> <span class='ocrx_word' id='word_1_327' title='bbox 699 1629 819 1663; x_wconf 91' lang='lat' dir='ltr'><strong>ipsorum</strong></span> <span class='ocrx_word' id='word_1_328' title='bbox 846 1628 937 1656; x_wconf 87' lang='lat' dir='ltr'><strong>acervi</strong></span> 
     </span>
    </p>
   </div>
   <div class='ocr_carea' id='block_1_50' title="bbox 154 1674 937 1712">
    <p class='ocr_par' dir='ltr' id='par_1_50' title="bbox 154 1674 937 1712">
     <span class='ocr_line' id='line_1_50' title="bbox 154 1674 937 1712; baseline -0.008 -6"><span class='ocrx_word' id='word_1_329' title='bbox 154 1681 262 1706; x_wconf 73' lang='lat' dir='ltr'><strong>stabant</strong></span> <span class='ocrx_word' id='word_1_330' title='bbox 290 1678 349 1712; x_wconf 86' lang='lat' dir='ltr'><strong>ejus</strong></span> <span class='ocrx_word' id='word_1_331' title='bbox 370 1676 495 1711; x_wconf 60' lang='lat' dir='ltr'><strong>pretiosae</strong></span> <span class='ocrx_word' id='word_1_332' title='bbox 519 1674 614 1709; x_wconf 80' lang='lat' dir='ltr'><strong>frugis.</strong></span> <span class='ocrx_word' id='word_1_333' title='bbox 630 1674 695 1702; x_wconf 84' lang='lat' dir='ltr'><strong>Erat</strong></span> <span class='ocrx_word' id='word_1_334' title='bbox 710 1680 800 1702; x_wconf 77' lang='lat' dir='ltr'><strong>autent</strong></span> <span class='ocrx_word' id='word_1_335' title='bbox 819 1674 937 1701; x_wconf 79' lang='lat' dir='ltr'><strong>duorum</strong></span> 
     </span>
    </p>
   </div>
   <div class='ocr_carea' id='block_1_51' title="bbox 154 1720 938 1755">
    <p class='ocr_par' dir='ltr' id='par_1_51' title="bbox 154 1720 938 1755">
     <span class='ocr_line' id='line_1_51' title="bbox 154 1720 938 1755; baseline -0.006 -3"><span class='ocrx_word' id='word_1_336' title='bbox 154 1726 223 1752; x_wconf 88' lang='lat' dir='ltr'><strong>alter</strong></span> <span class='ocrx_word' id='word_1_337' title='bbox 250 1723 332 1750; x_wconf 87' lang='lat' dir='ltr'><strong>homo</strong></span> <span class='ocrx_word' id='word_1_338' title='bbox 346 1721 423 1749; x_wconf 81' lang='lat' dir='ltr'><strong>Vafer</strong></span> <span class='ocrx_word' id='word_1_339' title='bbox 450 1725 478 1748; x_wconf 90' lang='lat' dir='ltr'><strong>et</strong></span> <span class='ocrx_word' id='word_1_340' title='bbox 494 1720 637 1753; x_wconf 86' lang='lat' dir='ltr'><strong>subdolus,</strong></span> <span class='ocrx_word' id='word_1_341' title='bbox 655 1720 712 1755; x_wconf 91' lang='lat' dir='ltr'><strong>qui,</strong></span> <span class='ocrx_word' id='word_1_342' title='bbox 740 1720 845 1755; x_wconf 90' lang='lat' dir='ltr'><strong>adjecto</strong></span> <span class='ocrx_word' id='word_1_343' title='bbox 861 1721 938 1755; x_wconf 92' lang='lat' dir='ltr'><strong>cupi-</strong></span> 
     </span>
    </p>
   </div>
   <div class='ocr_carea' id='block_1_52' title="bbox 153 1765 937 1801">
    <p class='ocr_par' dir='ltr' id='par_1_52' title="bbox 153 1765 937 1801">
     <span class='ocr_line' id='line_1_52' title="bbox 153 1765 937 1801; baseline -0.005 -4"><span class='ocrx_word' id='word_1_344' title='bbox 153 1769 248 1797; x_wconf 88' lang='lat' dir='ltr'><strong>ditatis</strong></span> <span class='ocrx_word' id='word_1_345' title='bbox 272 1767 352 1795; x_wconf 90' lang='lat' dir='ltr'><strong>oculo</strong></span> <span class='ocrx_word' id='word_1_346' title='bbox 367 1766 394 1793; x_wconf 92' lang='lat' dir='ltr'><strong>in</strong></span> <span class='ocrx_word' id='word_1_347' title='bbox 415 1769 520 1801; x_wconf 89' lang='lat' dir='ltr'><strong>partem</strong></span> <span class='ocrx_word' id='word_1_348' title='bbox 544 1765 623 1797; x_wconf 89' lang='lat' dir='ltr'><strong>socii,</strong></span> <span class='ocrx_word' id='word_1_349' title='bbox 639 1765 763 1793; x_wconf 88' lang='lat' dir='ltr'><strong>decrevit</strong></span> <span class='ocrx_word' id='word_1_350' title='bbox 786 1774 819 1793; x_wconf 81' lang='lat' dir='ltr'><strong>ex</strong></span> <span class='ocrx_word' id='word_1_351' title='bbox 835 1773 867 1793; x_wconf 87' lang='lat' dir='ltr'><strong>ea</strong></span> <span class='ocrx_word' id='word_1_352' title='bbox 894 1766 937 1793; x_wconf 92' lang='lat' dir='ltr'><strong>fu-</strong></span> 
     </span>
    </p>
   </div>
   <div class='ocr_carea' id='block_1_53' title="bbox 153 1810 939 1848">
    <p class='ocr_par' dir='ltr' id='par_1_53' title="bbox 153 1810 939 1848">
     <span class='ocr_line' id='line_1_53' title="bbox 153 1810 939 1848; baseline -0.006 -6"><span class='ocrx_word' id='word_1_353' title='bbox 153 1815 218 1848; x_wconf 89' lang='lat' dir='ltr'><strong>rari,</strong></span> <span class='ocrx_word' id='word_1_354' title='bbox 236 1812 432 1846; x_wconf 87' lang='lat' dir='ltr'><strong>adornavitque</strong></span> <span class='ocrx_word' id='word_1_355' title='bbox 463 1810 586 1838; x_wconf 86' lang='lat' dir='ltr'><strong>fraudem</strong></span> <span class='ocrx_word' id='word_1_356' title='bbox 607 1811 634 1837; x_wconf 92' lang='lat' dir='ltr'><strong>in</strong></span> <span class='ocrx_word' id='word_1_357' title='bbox 651 1811 724 1838; x_wconf 92' lang='lat' dir='ltr'><strong>hunc</strong></span> <span class='ocrx_word' id='word_1_358' title='bbox 740 1810 868 1837; x_wconf 85' lang='lat' dir='ltr'><strong>modum:</strong></span> <span class='ocrx_word' id='word_1_359' title='bbox 894 1819 939 1838; x_wconf 89' lang='lat' dir='ltr'><strong>ve-</strong></span> 
     </span>
    </p>
   </div>
   <div class='ocr_carea' id='block_1_54' title="bbox 155 1856 935 1894">
    <p class='ocr_par' dir='ltr' id='par_1_54' title="bbox 155 1856 935 1894">
     <span class='ocr_line' id='line_1_54' title="bbox 155 1856 935 1894; baseline -0.004 -7"><span class='ocrx_word' id='word_1_360' title='bbox 155 1861 197 1887; x_wconf 93' lang='lat' dir='ltr'><strong>nit</strong></span> <span class='ocrx_word' id='word_1_361' title='bbox 212 1867 260 1894; x_wconf 88' lang='lat' dir='ltr'><strong>per</strong></span> <span class='ocrx_word' id='word_1_362' title='bbox 272 1859 357 1890; x_wconf 86' lang='lat' dir='ltr'><strong>diem,</strong></span> <span class='ocrx_word' id='word_1_363' title='bbox 378 1857 488 1892; x_wconf 89' lang='lat' dir='ltr'><strong>quando</strong></span> <span class='ocrx_word' id='word_1_364' title='bbox 500 1857 560 1884; x_wconf 89' lang='lat' dir='ltr'><strong>sine</strong></span> <span class='ocrx_word' id='word_1_365' title='bbox 577 1856 734 1890; x_wconf 81' lang='lat' dir='ltr'><strong>suspicione</strong></span> <span class='ocrx_word' id='word_1_366' title='bbox 763 1861 881 1891; x_wconf 85' lang='lat' dir='ltr'><strong>poterat,</strong></span> <span class='ocrx_word' id='word_1_367' title='bbox 908 1857 935 1884; x_wconf 90' lang='lat' dir='ltr'><strong>in</strong></span> 
     </span>
    </p>
   </div>
   <div class='ocr_carea' id='block_1_55' title="bbox 154 1899 936 1934">
    <p class='ocr_par' dir='ltr' id='par_1_55' title="bbox 154 1899 936 1934">
     <span class='ocr_line' id='line_1_55' title="bbox 154 1899 936 1934; baseline -0.006 -3"><span class='ocrx_word' id='word_1_368' title='bbox 154 1911 299 1932; x_wconf 88' lang='lat' dir='ltr'><strong>commune</strong></span> <span class='ocrx_word' id='word_1_369' title='bbox 322 1902 462 1932; x_wconf 81' lang='lat' dir='ltr'><strong>horreum.</strong></span> <span class='ocrx_word' id='word_1_370' title='bbox 491 1905 520 1927; x_wconf 89' lang='lat' dir='ltr'><strong>et</strong></span> <span class='ocrx_word' id='word_1_371' title='bbox 543 1907 627 1934; x_wconf 86' lang='lat' dir='ltr'><strong>super</strong></span> <span class='ocrx_word' id='word_1_372' title='bbox 645 1907 773 1926; x_wconf 88' lang='lat' dir='ltr'><strong>acervum</strong></span> <span class='ocrx_word' id='word_1_373' title='bbox 803 1899 846 1927; x_wconf 88' lang='lat' dir='ltr'><strong>sui</strong></span> <span class='ocrx_word' id='word_1_374' title='bbox 868 1900 936 1927; x_wconf 85' lang='lat' dir='ltr'><strong>socii</strong></span> 
     </span>
    </p>
   </div>
   <div class='ocr_carea' id='block_1_56' title="bbox 153 1944 936 1981">
    <p class='ocr_par' dir='ltr' id='par_1_56' title="bbox 153 1944 936 1981">
     <span class='ocr_line' id='line_1_56' title="bbox 153 1944 936 1981; baseline -0.008 -4"><span class='ocrx_word' id='word_1_375' title='bbox 153 1950 270 1977; x_wconf 87' lang='lat' dir='ltr'><strong>linteum</strong></span> <span class='ocrx_word' id='word_1_376' title='bbox 288 1946 427 1981; x_wconf 81' lang='lat' dir='ltr'><strong>expandit.</strong></span> <span class='ocrx_word' id='word_1_377' title='bbox 444 1945 473 1972; x_wconf 87' lang='lat' dir='ltr'><strong>id</strong></span> <span class='ocrx_word' id='word_1_378' title='bbox 487 1952 519 1972; x_wconf 87' lang='lat' dir='ltr'><strong>ea</strong></span> <span class='ocrx_word' id='word_1_379' title='bbox 536 1952 618 1972; x_wconf 84' lang='lat' dir='ltr'><strong>causa</strong></span> <span class='ocrx_word' id='word_1_380' title='bbox 633 1944 761 1976; x_wconf 87' lang='lat' dir='ltr'><strong>faciebat,</strong></span> <span class='ocrx_word' id='word_1_381' title='bbox 780 1949 809 1972; x_wconf 92' lang='lat' dir='ltr'><strong>ut</strong></span> <span class='ocrx_word' id='word_1_382' title='bbox 825 1945 879 1972; x_wconf 90' lang='lat' dir='ltr'><strong>isto</strong></span> <span class='ocrx_word' id='word_1_383' title='bbox 898 1945 936 1972; x_wconf 85' lang='lat' dir='ltr'><strong>si-</strong></span> 
     </span>
    </p>
   </div>
   <div class='ocr_carea' id='block_1_57' title="bbox 153 1990 936 2030">
    <p class='ocr_par' dir='ltr' id='par_1_57' title="bbox 153 1990 936 2030">
     <span class='ocr_line' id='line_1_57' title="bbox 153 1990 936 2030; baseline -0.004 -9"><span class='ocrx_word' id='word_1_384' title='bbox 153 2002 207 2030; x_wconf 78' lang='lat' dir='ltr'><strong>gno</strong></span> <span class='ocrx_word' id='word_1_385' title='bbox 239 1992 398 2027; x_wconf 66' lang='lat' dir='ltr'><strong>superjcctre</strong></span> <span class='ocrx_word' id='word_1_386' title='bbox 424 1991 495 2023; x_wconf 76' lang='lat' dir='ltr'><strong>telte,</strong></span> <span class='ocrx_word' id='word_1_387' title='bbox 523 1997 572 2025; x_wconf 90' lang='lat' dir='ltr'><strong>per</strong></span> <span class='ocrx_word' id='word_1_388' title='bbox 595 1990 724 2017; x_wconf 84' lang='lat' dir='ltr'><strong>tenebras</strong></span> <span class='ocrx_word' id='word_1_389' title='bbox 748 1990 936 2018; x_wconf 81' lang='lat' dir='ltr'><strong>internoscere</strong></span> 
     </span>
    </p>
   </div>
   <div class='ocr_carea' id='block_1_58' title="bbox 153 2035 936 2074">
    <p class='ocr_par' dir='ltr' id='par_1_58' title="bbox 153 2035 936 2074">
     <span class='ocr_line' id='line_1_58' title="bbox 153 2035 936 2074; baseline -0.004 -8"><span class='ocrx_word' id='word_1_390' title='bbox 153 2043 246 2074; x_wconf 79' lang='lat' dir='ltr'><strong>posset</strong></span> <span class='ocrx_word' id='word_1_391' title='bbox 259 2037 379 2064; x_wconf 87' lang='lat' dir='ltr'><strong>alienum</strong></span> <span class='ocrx_word' id='word_1_392' title='bbox 408 2035 547 2062; x_wconf 86' lang='lat' dir='ltr'><strong>cumulum</strong></span> <span class='ocrx_word' id='word_1_393' title='bbox 565 2042 580 2061; x_wconf 83' lang='lat' dir='ltr'><strong>a</strong></span> <span class='ocrx_word' id='word_1_394' title='bbox 596 2036 717 2070; x_wconf 91' lang='lat' dir='ltr'><strong>proprio.</strong></span> <span class='ocrx_word' id='word_1_395' title='bbox 735 2035 792 2062; x_wconf 84' lang='lat' dir='ltr'><strong>Sub</strong></span> <span class='ocrx_word' id='word_1_396' title='bbox 823 2035 879 2062; x_wconf 84' lang='lat' dir='ltr'><strong>haec</strong></span> <span class='ocrx_word' id='word_1_397' title='bbox 906 2043 936 2063; x_wconf 90' lang='lat' dir='ltr'><strong>re</strong></span> 
     </span>
    </p>
   </div>
   <div class='ocr_carea' id='block_1_59' title="bbox 154 2080 936 2116">
    <p class='ocr_par' dir='ltr' id='par_1_59' title="bbox 154 2080 936 2116">
     <span class='ocr_line' id='line_1_59' title="bbox 154 2080 936 2116; baseline -0.006 -4"><span class='ocrx_word' id='word_1_398' title='bbox 154 2090 210 2112; x_wconf 91' lang='lat' dir='ltr'><strong>tota</strong></span> <span class='ocrx_word' id='word_1_399' title='bbox 225 2083 332 2111; x_wconf 85' lang='lat' dir='ltr'><strong>cuidam</strong></span> <span class='ocrx_word' id='word_1_400' title='bbox 358 2081 446 2108; x_wconf 89' lang='lat' dir='ltr'><strong>amico</strong></span> <span class='ocrx_word' id='word_1_401' title='bbox 465 2080 675 2112; x_wconf 87' lang='lat' dir='ltr'><strong>communicata.</strong></span> <span class='ocrx_word' id='word_1_402' title='bbox 699 2081 777 2116; x_wconf 82' lang='lat' dir='ltr'><strong>cujus</strong></span> <span class='ocrx_word' id='word_1_403' title='bbox 803 2080 936 2116; x_wconf 87' lang='lat' dir='ltr'><strong>adjutrice</strong></span> 
     </span>
    </p>
   </div>
   <div class='ocr_carea' id='block_1_60' title="bbox 154 2125 935 2164">
    <p class='ocr_par' dir='ltr' id='par_1_60' title="bbox 154 2125 935 2164">
     <span class='ocr_line' id='line_1_60' title="bbox 154 2125 935 2164; baseline -0.004 -7"><span class='ocrx_word' id='word_1_404' title='bbox 154 2136 238 2164; x_wconf 85' lang='lat' dir='ltr'><strong>opera</strong></span> <span class='ocrx_word' id='word_1_405' title='bbox 253 2127 281 2154; x_wconf 95' lang='lat' dir='ltr'><strong>in</strong></span> <span class='ocrx_word' id='word_1_406' title='bbox 296 2126 369 2154; x_wconf 84' lang='lat' dir='ltr'><strong>furto</strong></span> <span class='ocrx_word' id='word_1_407' title='bbox 385 2125 510 2153; x_wconf 90' lang='lat' dir='ltr'><strong>faciendo</strong></span> <span class='ocrx_word' id='word_1_408' title='bbox 525 2129 565 2153; x_wconf 86' lang='lat' dir='ltr'><strong>uti</strong></span> <span class='ocrx_word' id='word_1_409' title='bbox 580 2126 700 2158; x_wconf 85' lang='lat' dir='ltr'><strong>volebat,</strong></span> <span class='ocrx_word' id='word_1_410' title='bbox 728 2126 887 2161; x_wconf 84' lang='lat' dir='ltr'><strong>procinctus</strong></span> <span class='ocrx_word' id='word_1_411' title='bbox 901 2125 935 2154; x_wconf 89' lang='lat' dir='ltr'><strong>ad</strong></span> 
     </span>
    </p>
   </div>
   <div class='ocr_carea' id='block_1_61' title="bbox 154 2171 934 2206">
    <p class='ocr_par' dir='ltr' id='par_1_61' title="bbox 154 2171 934 2206">
     <span class='ocr_line' id='line_1_61' title="bbox 154 2171 934 2206; baseline -0.004 -4"><span class='ocrx_word' id='word_1_412' title='bbox 154 2175 245 2202; x_wconf 76' lang='lat' dir='ltr'><strong>scelus</strong></span> <span class='ocrx_word' id='word_1_413' title='bbox 273 2179 335 2199; x_wconf 91' lang='lat' dir='ltr'><strong>cum</strong></span> <span class='ocrx_word' id='word_1_414' title='bbox 353 2178 386 2199; x_wconf 90' lang='lat' dir='ltr'><strong>eo</strong></span> <span class='ocrx_word' id='word_1_415' title='bbox 403 2171 503 2204; x_wconf 84' lang='lat' dir='ltr'><strong>stabat,</strong></span> <span class='ocrx_word' id='word_1_416' title='bbox 530 2171 627 2198; x_wconf 89' lang='lat' dir='ltr'><strong>horam</strong></span> <span class='ocrx_word' id='word_1_417' title='bbox 644 2176 735 2206; x_wconf 82' lang='lat' dir='ltr'><strong>aptam</strong></span> <span class='ocrx_word' id='word_1_418' title='bbox 762 2176 934 2206; x_wconf 85' lang='lat' dir='ltr'><strong>exspectans.</strong></span> 
     </span>
    </p>
   </div>
   <div class='ocr_carea' id='block_1_62' title="bbox 153 2216 936 2251">
    <p class='ocr_par' dir='ltr' id='par_1_62' title="bbox 153 2216 936 2251">
     <span class='ocr_line' id='line_1_62' title="bbox 153 2216 936 2251; baseline -0.003 -5"><span class='ocrx_word' id='word_1_419' title='bbox 153 2220 267 2247; x_wconf 85' lang='lat' dir='ltr'><strong>Interim</strong></span> <span class='ocrx_word' id='word_1_420' title='bbox 294 2223 386 2245; x_wconf 87' lang='lat' dir='ltr'><strong>autem</strong></span> <span class='ocrx_word' id='word_1_421' title='bbox 404 2217 496 2245; x_wconf 89' lang='lat' dir='ltr'><strong>socius</strong></span> <span class='ocrx_word' id='word_1_422' title='bbox 518 2216 615 2251; x_wconf 83' lang='lat' dir='ltr'><strong>ipsius.</strong></span> <span class='ocrx_word' id='word_1_423' title='bbox 643 2217 725 2243; x_wconf 90' lang='lat' dir='ltr'><strong>homo</strong></span> <span class='ocrx_word' id='word_1_424' title='bbox 748 2217 880 2244; x_wconf 87' lang='lat' dir='ltr'><strong>innocens</strong></span> <span class='ocrx_word' id='word_1_425' title='bbox 908 2221 936 2245; x_wconf 91' lang='lat' dir='ltr'><strong>et</strong></span> 
     </span>
    </p>
   </div>
   <div class='ocr_carea' id='block_1_63' title="bbox 152 2262 937 2301">
    <p class='ocr_par' dir='ltr' id='par_1_63' title="bbox 152 2262 937 2301">
     <span class='ocr_line' id='line_1_63' title="bbox 152 2262 937 2301; baseline -0.003 -9"><span class='ocrx_word' id='word_1_426' title='bbox 152 2266 251 2301; x_wconf 82' lang='lat' dir='ltr'><strong>justus,</strong></span> <span class='ocrx_word' id='word_1_427' title='bbox 269 2264 339 2291; x_wconf 91' lang='lat' dir='ltr'><strong>forte</strong></span> <span class='ocrx_word' id='word_1_428' title='bbox 355 2263 493 2296; x_wconf 81' lang='lat' dir='ltr'><strong>ingressus</strong></span> <span class='ocrx_word' id='word_1_429' title='bbox 518 2262 688 2296; x_wconf 79' lang='lat' dir='ltr'><strong>apothecam,</strong></span> <span class='ocrx_word' id='word_1_430' title='bbox 717 2262 763 2289; x_wconf 92' lang='lat' dir='ltr'><strong>ubi</strong></span> <span class='ocrx_word' id='word_1_431' title='bbox 782 2263 937 2290; x_wconf 86' lang='lat' dir='ltr'><strong>observavit</strong></span> 
     </span>
    </p>
   </div>
   <div class='ocr_carea' id='block_1_64' title="bbox 153 2308 936 2344">
    <p class='ocr_par' dir='ltr' id='par_1_64' title="bbox 153 2308 936 2344">
     <span class='ocr_line' id='line_1_64' title="bbox 153 2308 936 2344; baseline -0.003 -6"><span class='ocrx_word' id='word_1_432' title='bbox 153 2318 232 2338; x_wconf 77' lang='lat' dir='ltr'><strong>suum</strong></span> <span class='ocrx_word' id='word_1_433' title='bbox 258 2316 385 2336; x_wconf 86' lang='lat' dir='ltr'><strong>acervum</strong></span> <span class='ocrx_word' id='word_1_434' title='bbox 400 2308 515 2336; x_wconf 83' lang='lat' dir='ltr'><strong>sindone</strong></span> <span class='ocrx_word' id='word_1_435' title='bbox 530 2314 701 2343; x_wconf 84' lang='lat' dir='ltr'><strong>coopertum.</strong></span> <span class='ocrx_word' id='word_1_436' title='bbox 714 2316 795 2343; x_wconf 91' lang='lat' dir='ltr'><strong>quam</strong></span> <span class='ocrx_word' id='word_1_437' title='bbox 826 2309 936 2344; x_wconf 67' lang='lat' dir='ltr'><strong>collega)</strong></span> 
     </span>
    </p>
   </div>
   <div class='ocr_carea' id='block_1_65' title="bbox 153 2353 936 2388">
    <p class='ocr_par' dir='ltr' id='par_1_65' title="bbox 153 2353 936 2388">
     <span class='ocr_line' id='line_1_65' title="bbox 153 2353 936 2388; baseline -0.004 -5"><span class='ocrx_word' id='word_1_438' title='bbox 153 2357 196 2384; x_wconf 88' lang='lat' dir='ltr'><strong>sui</strong></span> <span class='ocrx_word' id='word_1_439' title='bbox 211 2355 314 2382; x_wconf 74' lang='lat' dir='ltr'><strong>sciebat</strong></span> <span class='ocrx_word' id='word_1_440' title='bbox 327 2361 399 2386; x_wconf 84' lang='lat' dir='ltr'><strong>esse,</strong></span> <span class='ocrx_word' id='word_1_441' title='bbox 413 2353 466 2386; x_wconf 85' lang='lat' dir='ltr'><strong>En,</strong></span> <span class='ocrx_word' id='word_1_442' title='bbox 480 2353 580 2388; x_wconf 83' lang='lat' dir='ltr'><strong>inquit.</strong></span> <span class='ocrx_word' id='word_1_443' title='bbox 594 2360 674 2388; x_wconf 90' lang='lat' dir='ltr'><strong>quam</strong></span> <span class='ocrx_word' id='word_1_444' title='bbox 693 2355 795 2380; x_wconf 86' lang='lat' dir='ltr'><strong>bonum</strong></span> <span class='ocrx_word' id='word_1_445' title='bbox 814 2357 842 2380; x_wconf 88' lang='lat' dir='ltr'><strong>et</strong></span> <span class='ocrx_word' id='word_1_446' title='bbox 852 2353 936 2380; x_wconf 85' lang='lat' dir='ltr'><strong>bene—</strong></span> 
     </span>
    </p>
   </div>
   <div class='ocr_carea' id='block_1_66' title="bbox 152 2398 935 2434">
    <p class='ocr_par' dir='ltr' id='par_1_66' title="bbox 152 2398 935 2434">
     <span class='ocr_line' id='line_1_66' title="bbox 152 2398 935 2434; baseline -0.004 -6"><span class='ocrx_word' id='word_1_447' title='bbox 152 2403 234 2429; x_wconf 83' lang='lat' dir='ltr'><strong>ticum</strong></span> <span class='ocrx_word' id='word_1_448' title='bbox 248 2401 351 2428; x_wconf 87' lang='lat' dir='ltr'><strong>sociutn</strong></span> <span class='ocrx_word' id='word_1_449' title='bbox 365 2400 454 2427; x_wconf 84' lang='lat' dir='ltr'><strong>habeo</strong></span> <span class='ocrx_word' id='word_1_450' title='bbox 467 2399 473 2426; x_wconf 91' lang='lat' dir='ltr'><strong>l</strong></span> <span class='ocrx_word' id='word_1_451' title='bbox 488 2400 610 2426; x_wconf 83' lang='lat' dir='ltr'><strong>contexit</strong></span> <span class='ocrx_word' id='word_1_452' title='bbox 624 2406 699 2426; x_wconf 82' lang='lat' dir='ltr'><strong>meas</strong></span> <span class='ocrx_word' id='word_1_453' title='bbox 713 2398 805 2434; x_wconf 80' lang='lat' dir='ltr'><strong>fruges</strong></span> <span class='ocrx_word' id='word_1_454' title='bbox 823 2399 935 2433; x_wconf 89' lang='lat' dir='ltr'><strong>proprio</strong></span> 
     </span>
    </p>
   </div>
   <div class='ocr_carea' id='block_1_67' title="bbox 152 2444 935 2480">
    <p class='ocr_par' dir='ltr' id='par_1_67' title="bbox 152 2444 935 2480">
     <span class='ocr_line' id='line_1_67' title="bbox 152 2444 935 2480; baseline -0.005 -6"><span class='ocrx_word' id='word_1_455' title='bbox 152 2449 249 2478; x_wconf 87' lang='lat' dir='ltr'><strong>linteo,</strong></span> <span class='ocrx_word' id='word_1_456' title='bbox 275 2454 309 2473; x_wconf 89' lang='lat' dir='ltr'><strong>ne</strong></span> <span class='ocrx_word' id='word_1_457' title='bbox 337 2445 402 2480; x_wconf 91' lang='lat' dir='ltr'><strong>quid</strong></span> <span class='ocrx_word' id='word_1_458' title='bbox 429 2445 587 2472; x_wconf 79' lang='lat' dir='ltr'><strong>detrimenti</strong></span> <span class='ocrx_word' id='word_1_459' title='bbox 614 2444 781 2478; x_wconf 85' lang='lat' dir='ltr'><strong>acciperent,</strong></span> <span class='ocrx_word' id='word_1_460' title='bbox 810 2445 935 2478; x_wconf 87' lang='lat' dir='ltr'><strong>proprias</strong></span> 
     </span>
    </p>
   </div>
   <div class='ocr_carea' id='block_1_68' title="bbox 152 2489 933 2526">
    <p class='ocr_par' dir='ltr' id='par_1_68' title="bbox 152 2489 933 2526">
     <span class='ocr_line' id='line_1_68' title="bbox 152 2489 933 2526; baseline -0.005 -6"><span class='ocrx_word' id='word_1_461' title='bbox 152 2493 290 2526; x_wconf 78' lang='lat' dir='ltr'><strong>expositas</strong></span> <span class='ocrx_word' id='word_1_462' title='bbox 321 2491 441 2518; x_wconf 90' lang='lat' dir='ltr'><strong>fortuitis</strong></span> <span class='ocrx_word' id='word_1_463' title='bbox 473 2489 581 2516; x_wconf 81' lang='lat' dir='ltr'><strong>casibus</strong></span> <span class='ocrx_word' id='word_1_464' title='bbox 605 2489 726 2523; x_wconf 82' lang='lat' dir='ltr'><strong>reliquit.</strong></span> <span class='ocrx_word' id='word_1_465' title='bbox 752 2489 834 2523; x_wconf 83' lang='lat' dir='ltr'><strong>Atqui</strong></span> <span class='ocrx_word' id='word_1_466' title='bbox 863 2489 933 2516; x_wconf 88' lang='lat' dir='ltr'><strong>haud</strong></span> 
     </span>
    </p>
   </div>
   <div class='ocr_carea' id='block_1_69' title="bbox 153 2534 935 2572">
    <p class='ocr_par' dir='ltr' id='par_1_69' title="bbox 153 2534 935 2572">
     <span class='ocr_line' id='line_1_69' title="bbox 153 2534 935 2572; baseline -0.003 -7"><span class='ocrx_word' id='word_1_467' title='bbox 153 2537 279 2572; x_wconf 89' lang='lat' dir='ltr'><strong>equidem</strong></span> <span class='ocrx_word' id='word_1_468' title='bbox 291 2535 472 2568; x_wconf 86' lang='lat' dir='ltr'><strong>committam,</strong></span> <span class='ocrx_word' id='word_1_469' title='bbox 489 2540 518 2562; x_wconf 91' lang='lat' dir='ltr'><strong>ut</strong></span> <span class='ocrx_word' id='word_1_470' title='bbox 530 2542 572 2561; x_wconf 89' lang='lat' dir='ltr'><strong>me</strong></span> <span class='ocrx_word' id='word_1_471' title='bbox 590 2534 636 2562; x_wconf 85' lang='lat' dir='ltr'><strong>ille</strong></span> <span class='ocrx_word' id='word_1_472' title='bbox 666 2535 834 2569; x_wconf 86' lang='lat' dir='ltr'><strong>benignitate</strong></span> <span class='ocrx_word' id='word_1_473' title='bbox 853 2544 935 2570; x_wconf 88' lang='lat' dir='ltr'><strong>supe-</strong></span> 
     </span>
    </p>
   </div>
   <div class='ocr_carea' id='block_1_70' title="bbox 153 2580 933 2617">
    <p class='ocr_par' dir='ltr' id='par_1_70' title="bbox 153 2580 933 2617">
     <span class='ocr_line' id='line_1_70' title="bbox 153 2580 933 2617; baseline -0.001 -7"><span class='ocrx_word' id='word_1_474' title='bbox 153 2583 276 2614; x_wconf 87' lang='lat' dir='ltr'><strong>raverit;</strong></span> <span class='ocrx_word' id='word_1_475' title='bbox 293 2581 434 2609; x_wconf 85' lang='lat' dir='ltr'><strong>consulam</strong></span> <span class='ocrx_word' id='word_1_476' title='bbox 451 2584 479 2607; x_wconf 92' lang='lat' dir='ltr'><strong>et</strong></span> <span class='ocrx_word' id='word_1_477' title='bbox 494 2587 545 2614; x_wconf 79' lang='lat' dir='ltr'><strong>ego</strong></span> <span class='ocrx_word' id='word_1_478' title='bbox 559 2580 732 2607; x_wconf 89' lang='lat' dir='ltr'><strong>indemnitati</strong></span> <span class='ocrx_word' id='word_1_479' title='bbox 754 2588 846 2608; x_wconf 90' lang='lat' dir='ltr'><strong>rerum</strong></span> <span class='ocrx_word' id='word_1_480' title='bbox 863 2582 933 2617; x_wconf 84' lang='lat' dir='ltr'><strong>ejus,</strong></span> 
     </span>
    </p>
   </div>
   <div class='ocr_carea' id='block_1_71' title="bbox 154 2624 935 2662">
    <p class='ocr_par' dir='ltr' id='par_1_71' title="bbox 154 2624 935 2662">
     <span class='ocr_line' id='line_1_71' title="bbox 154 2624 935 2662; baseline -0.001 -7"><span class='ocrx_word' id='word_1_481' title='bbox 154 2629 229 2656; x_wconf 88' lang='lat' dir='ltr'><strong>ultro</strong></span> <span class='ocrx_word' id='word_1_482' title='bbox 244 2627 318 2654; x_wconf 91' lang='lat' dir='ltr'><strong>adito</strong></span> <span class='ocrx_word' id='word_1_483' title='bbox 333 2625 456 2662; x_wconf 89' lang='lat' dir='ltr'><strong>periculo</strong></span> <span class='ocrx_word' id='word_1_484' title='bbox 477 2633 612 2653; x_wconf 90' lang='lat' dir='ltr'><strong>mearum.</strong></span> <span class='ocrx_word' id='word_1_485' title='bbox 638 2624 700 2653; x_wconf 64' lang='lat' dir='ltr'><strong>Hme</strong></span> <span class='ocrx_word' id='word_1_486' title='bbox 726 2625 821 2654; x_wconf 87' lang='lat' dir='ltr'><strong>dicens</strong></span> <span class='ocrx_word' id='word_1_487' title='bbox 844 2635 860 2654; x_wconf 90' lang='lat' dir='ltr'><strong>e</strong></span> <span class='ocrx_word' id='word_1_488' title='bbox 884 2635 935 2654; x_wconf 88' lang='lat' dir='ltr'><strong>suo</strong></span> 
     </span>
    </p>
   </div>
   <div class='ocr_carea' id='block_1_72' title="bbox 156 2671 936 2707">
    <p class='ocr_par' dir='ltr' id='par_1_72' title="bbox 156 2671 936 2707">
     <span class='ocr_line' id='line_1_72' title="bbox 156 2671 936 2707; baseline -0.001 -6"><span class='ocrx_word' id='word_1_489' title='bbox 156 2681 262 2701; x_wconf 83' lang='lat' dir='ltr'><strong>sesamo</strong></span> <span class='ocrx_word' id='word_1_490' title='bbox 279 2673 443 2700; x_wconf 86' lang='lat' dir='ltr'><strong>abstractam</strong></span> <span class='ocrx_word' id='word_1_491' title='bbox 469 2678 576 2699; x_wconf 89' lang='lat' dir='ltr'><strong>sesamo</strong></span> <span class='ocrx_word' id='word_1_492' title='bbox 591 2671 633 2698; x_wconf 88' lang='lat' dir='ltr'><strong>sui</strong></span> <span class='ocrx_word' id='word_1_493' title='bbox 649 2671 716 2699; x_wconf 87' lang='lat' dir='ltr'><strong>socii</strong></span> <span class='ocrx_word' id='word_1_494' title='bbox 733 2672 861 2707; x_wconf 88' lang='lat' dir='ltr'><strong>imposuit</strong></span> <span class='ocrx_word' id='word_1_495' title='bbox 876 2673 936 2700; x_wconf 69' lang='lat' dir='ltr'><strong>sino</strong></span> 
     </span>
    </p>
   </div>
   <div class='ocr_carea' id='block_1_73' title="bbox 156 2716 936 2753">
    <p class='ocr_par' dir='ltr' id='par_1_73' title="bbox 156 2716 936 2753">
     <span class='ocr_line' id='line_1_73' title="bbox 156 2716 936 2753; baseline -0.001 -7"><span class='ocrx_word' id='word_1_496' title='bbox 156 2720 265 2751; x_wconf 87' lang='lat' dir='ltr'><strong>donem,</strong></span> <span class='ocrx_word' id='word_1_497' title='bbox 281 2723 363 2752; x_wconf 87' lang='lat' dir='ltr'><strong>atque</strong></span> <span class='ocrx_word' id='word_1_498' title='bbox 375 2718 412 2744; x_wconf 87' lang='lat' dir='ltr'><strong>ita</strong></span> <span class='ocrx_word' id='word_1_499' title='bbox 432 2716 554 2744; x_wconf 86' lang='lat' dir='ltr'><strong>recessit.</strong></span> <span class='ocrx_word' id='word_1_500' title='bbox 577 2716 690 2751; x_wconf 85' lang='lat' dir='ltr'><strong>irrepsit</strong></span> <span class='ocrx_word' id='word_1_501' title='bbox 708 2717 808 2745; x_wconf 86' lang='lat' dir='ltr'><strong>deinde</strong></span> <span class='ocrx_word' id='word_1_502' title='bbox 830 2719 874 2745; x_wconf 91' lang='lat' dir='ltr'><strong>fur</strong></span> <span class='ocrx_word' id='word_1_503' title='bbox 887 2726 936 2753; x_wconf 91' lang='lat' dir='ltr'><strong>per</strong></span> 
     </span>
    </p>
   </div>
   <div class='ocr_carea' id='block_1_74' title="bbox 156 2763 937 2799">
    <p class='ocr_par' dir='ltr' id='par_1_74' title="bbox 156 2763 937 2799">
     <span class='ocr_line' id='line_1_74' title="bbox 156 2763 937 2799; baseline 0.001 -9"><span class='ocrx_word' id='word_1_504' title='bbox 156 2768 264 2790; x_wconf 83' lang='lat' dir='ltr'><strong>noctem</strong></span> <span class='ocrx_word' id='word_1_505' title='bbox 277 2763 304 2789; x_wconf 92' lang='lat' dir='ltr'><strong>iu</strong></span> <span class='ocrx_word' id='word_1_506' title='bbox 320 2764 449 2790; x_wconf 89' lang='lat' dir='ltr'><strong>horreum</strong></span> <span class='ocrx_word' id='word_1_507' title='bbox 466 2770 519 2788; x_wconf 90' lang='lat' dir='ltr'><strong>una</strong></span> <span class='ocrx_word' id='word_1_508' title='bbox 534 2769 597 2788; x_wconf 88' lang='lat' dir='ltr'><strong>cum</strong></span> <span class='ocrx_word' id='word_1_509' title='bbox 614 2769 657 2794; x_wconf 90' lang='lat' dir='ltr'><strong>eo,</strong></span> <span class='ocrx_word' id='word_1_510' title='bbox 668 2770 749 2797; x_wconf 88' lang='lat' dir='ltr'><strong>quem</strong></span> <span class='ocrx_word' id='word_1_511' title='bbox 778 2763 830 2791; x_wconf 78' lang='lat' dir='ltr'><strong>sibi</strong></span> <span class='ocrx_word' id='word_1_512' title='bbox 856 2771 937 2799; x_wconf 30' lang='lat' dir='ltr'><strong>para-I</strong></span> 
     </span>
    </p>
   </div>
   <div class='ocr_carea' id='block_1_75' title="bbox 156 2807 935 2841">
    <p class='ocr_par' dir='ltr' id='par_1_75' title="bbox 156 2807 935 2841">
     <span class='ocr_line' id='line_1_75' title="bbox 156 2807 935 2841; baseline 0.003 -8"><span class='ocrx_word' id='word_1_513' title='bbox 156 2813 241 2838; x_wconf 87' lang='lat' dir='ltr'><strong>verat,</strong></span> <span class='ocrx_word' id='word_1_514' title='bbox 260 2807 404 2841; x_wconf 73' lang='lat' dir='ltr'><strong>adiutore;</strong></span> <span class='ocrx_word' id='word_1_515' title='bbox 418 2815 450 2834; x_wconf 91' lang='lat' dir='ltr'><strong>ac</strong></span> <span class='ocrx_word' id='word_1_516' title='bbox 469 2815 551 2834; x_wconf 91' lang='lat' dir='ltr'><strong>manu</strong></span> <span class='ocrx_word' id='word_1_517' title='bbox 570 2807 682 2841; x_wconf 86' lang='lat' dir='ltr'><strong>palpans</strong></span> <span class='ocrx_word' id='word_1_518' title='bbox 707 2807 734 2834; x_wconf 89' lang='lat' dir='ltr'><strong>in</strong></span> <span class='ocrx_word' id='word_1_519' title='bbox 750 2808 871 2835; x_wconf 81' lang='lat' dir='ltr'><strong>tenebris</strong></span> <span class='ocrx_word' id='word_1_520' title='bbox 887 2809 935 2836; x_wconf 87' lang='lat' dir='ltr'><strong>ubi</strong></span> 
     </span>
    </p>
   </div>
   <div class='ocr_carea' id='block_1_76' title="bbox 156 2853 934 2890">
    <p class='ocr_par' dir='ltr' id='par_1_76' title="bbox 156 2853 934 2890">
     <span class='ocr_line' id='line_1_76' title="bbox 156 2853 934 2890; baseline 0.003 -11"><span class='ocrx_word' id='word_1_521' title='bbox 156 2853 334 2879; x_wconf 86' lang='lat' dir='ltr'><strong>contrectavit</strong></span> <span class='ocrx_word' id='word_1_522' title='bbox 352 2853 506 2884; x_wconf 78' lang='lat' dir='ltr'><strong>sindonem,</strong></span> <span class='ocrx_word' id='word_1_523' title='bbox 526 2853 628 2879; x_wconf 86' lang='lat' dir='ltr'><strong>indicio</strong></span> <span class='ocrx_word' id='word_1_524' title='bbox 645 2853 705 2888; x_wconf 85' lang='lat' dir='ltr'><strong>ejus</strong></span> <span class='ocrx_word' id='word_1_525' title='bbox 721 2854 790 2890; x_wconf 80' lang='lat' dir='ltr'><strong>signi</strong></span> <span class='ocrx_word' id='word_1_526' title='bbox 817 2854 934 2882; x_wconf 87' lang='lat' dir='ltr'><strong>credens</strong></span> 
     </span>
    </p>
   </div>
   <div class='ocr_carea' id='block_1_77' title="bbox 989 942 1779 978">
    <p class='ocr_par' dir='ltr' id='par_1_77' title="bbox 989 942 1779 978">
     <span class='ocr_line' id='line_1_77' title="bbox 989 942 1779 978; baseline 0 -9"><span class='ocrx_word' id='word_1_527' title='bbox 989 942 1157 977; x_wconf 80' lang='lat' dir='ltr'><strong>aggreditur,</strong></span> <span class='ocrx_word' id='word_1_528' title='bbox 1171 942 1317 977; x_wconf 90' lang='lat' dir='ltr'><strong>providere</strong></span> <span class='ocrx_word' id='word_1_529' title='bbox 1334 943 1415 970; x_wconf 85' lang='lat' dir='ltr'><strong>finem</strong></span> <span class='ocrx_word' id='word_1_530' title='bbox 1428 943 1501 971; x_wconf 89' lang='lat' dir='ltr'><strong>illius</strong></span> <span class='ocrx_word' id='word_1_531' title='bbox 1510 943 1613 978; x_wconf 66' lang='lat' dir='ltr'><strong>coepti;</strong></span> <span class='ocrx_word' id='word_1_532' title='bbox 1634 943 1682 978; x_wconf 89' lang='lat' dir='ltr'><strong>qui</strong></span> <span class='ocrx_word' id='word_1_533' title='bbox 1699 951 1779 970; x_wconf 14' lang='lat' dir='ltr'><strong>ivero</strong></span> 
     </span>
    </p>
   </div>
   <div class='ocr_carea' id='block_1_78' title="bbox 989 988 1772 1024">
    <p class='ocr_par' dir='ltr' id='par_1_78' title="bbox 989 988 1772 1024">
     <span class='ocr_line' id='line_1_78' title="bbox 989 988 1772 1024; baseline -0.001 -9"><span class='ocrx_word' id='word_1_534' title='bbox 989 989 1129 1023; x_wconf 86' lang='lat' dir='ltr'><strong>negotium</strong></span> <span class='ocrx_word' id='word_1_535' title='bbox 1150 988 1247 1024; x_wconf 88' lang='lat' dir='ltr'><strong>incipit</strong></span> <span class='ocrx_word' id='word_1_536' title='bbox 1257 990 1336 1024; x_wconf 84' lang='lat' dir='ltr'><strong>cujus</strong></span> <span class='ocrx_word' id='word_1_537' title='bbox 1355 989 1437 1016; x_wconf 88' lang='lat' dir='ltr'><strong>finem</strong></span> <span class='ocrx_word' id='word_1_538' title='bbox 1453 997 1509 1016; x_wconf 89' lang='lat' dir='ltr'><strong>non</strong></span> <span class='ocrx_word' id='word_1_539' title='bbox 1532 989 1683 1024; x_wconf 76' lang='lat' dir='ltr'><strong>prospexit.</strong></span> <span class='ocrx_word' id='word_1_540' title='bbox 1706 990 1772 1015; x_wconf 91' lang='lat' dir='ltr'><strong>mul-</strong></span> 
     </span>
    </p>
   </div>
   <div class='ocr_carea' id='block_1_79' title="bbox 990 1034 1778 1063">
    <p class='ocr_par' dir='ltr' id='par_1_79' title="bbox 990 1034 1778 1063">
     <span class='ocr_line' id='line_1_79' title="bbox 990 1034 1778 1063; baseline 0.003 -3"><span class='ocrx_word' id='word_1_541' title='bbox 990 1038 1047 1061; x_wconf 92' lang='lat' dir='ltr'><strong>tum</strong></span> <span class='ocrx_word' id='word_1_542' title='bbox 1080 1034 1217 1062; x_wconf 85' lang='lat' dir='ltr'><strong>laborabit</strong></span> <span class='ocrx_word' id='word_1_543' title='bbox 1240 1039 1269 1062; x_wconf 91' lang='lat' dir='ltr'><strong>et</strong></span> <span class='ocrx_word' id='word_1_544' title='bbox 1291 1035 1360 1062; x_wconf 91' lang='lat' dir='ltr'><strong>nihil</strong></span> <span class='ocrx_word' id='word_1_545' title='bbox 1383 1035 1535 1063; x_wconf 88' lang='lat' dir='ltr'><strong>lucrabitur</strong></span> <span class='ocrx_word' id='word_1_546' title='bbox 1555 1043 1563 1062; x_wconf 88' lang='lat'><strong>:</strong></span> <span class='ocrx_word' id='word_1_547' title='bbox 1594 1042 1675 1062; x_wconf 87' lang='lat' dir='ltr'><strong>nemo</strong></span> <span class='ocrx_word' id='word_1_548' title='bbox 1702 1035 1778 1062; x_wconf 86' lang='lat' dir='ltr'><strong>enim</strong></span> 
     </span>
    </p>
   </div>
   <div class='ocr_carea' id='block_1_80' title="bbox 989 1079 1524 1116">
    <p class='ocr_par' dir='ltr' id='par_1_80' title="bbox 989 1079 1524 1116">
     <span class='ocr_line' id='line_1_80' title="bbox 989 1079 1524 1116; baseline 0 -9"><span class='ocrx_word' id='word_1_549' title='bbox 989 1079 1123 1108; x_wconf 85' lang='lat' dir='ltr'><strong>ditescere</strong></span> <span class='ocrx_word' id='word_1_550' title='bbox 1135 1085 1226 1115; x_wconf 86' lang='lat' dir='ltr'><strong>potest</strong></span> <span class='ocrx_word' id='word_1_551' title='bbox 1241 1080 1300 1108; x_wconf 89' lang='lat' dir='ltr'><strong>sine</strong></span> <span class='ocrx_word' id='word_1_552' title='bbox 1312 1088 1410 1116; x_wconf 85' lang='lat' dir='ltr'><strong>magno</strong></span> <span class='ocrx_word' id='word_1_553' title='bbox 1420 1080 1524 1109; x_wconf 85' lang='lat' dir='ltr'><strong>labore.</strong></span> 
     </span>
    </p>
   </div>
   <div class='ocr_carea' id='block_1_81' title="bbox 989 1147 1775 1183">
    <p class='ocr_par' dir='ltr' id='par_1_81' title="bbox 989 1147 1775 1183">
     <span class='ocr_line' id='line_1_81' title="bbox 989 1147 1775 1183; baseline -0.001 -8"><span class='ocrx_word' id='word_1_554' title='bbox 989 1148 1052 1176; x_wconf 79' lang='lat' dir='ltr'><strong>CAP.</strong></span> <span class='ocrx_word' id='word_1_555' title='bbox 1068 1148 1113 1175; x_wconf 79' lang='lat' dir='ltr'><strong>VI.</strong></span> <span class='ocrx_word' id='word_1_556' title='bbox 1126 1163 1162 1168; x_wconf 95' lang='lat'><strong>—</strong></span> <span class='ocrx_word' id='word_1_557' title='bbox 1176 1147 1213 1175; x_wconf 82' lang='lat' dir='ltr'><strong>De</strong></span> <span class='ocrx_word' id='word_1_558' title='bbox 1230 1147 1339 1183; x_wconf 80' lang='lat' dir='ltr'><strong>reliquis</strong></span> <span class='ocrx_word' id='word_1_559' title='bbox 1359 1147 1458 1175; x_wconf 80' lang='lat' dir='ltr'><strong>duobus</strong></span> <span class='ocrx_word' id='word_1_560' title='bbox 1487 1156 1547 1183; x_wconf 68' lang='lat' dir='ltr'><strong>qua</strong></span> <span class='ocrx_word' id='word_1_561' title='bbox 1573 1148 1674 1183; x_wconf 83' lang='lat' dir='ltr'><strong>requiri</strong></span> <span class='ocrx_word' id='word_1_562' title='bbox 1703 1147 1775 1174; x_wconf 72' lang='lat' dir='ltr'><strong>diem</strong></span> 
     </span>
    </p>
   </div>
   <div class='ocr_carea' id='block_1_82' title="bbox 1025 1183 1775 1217">
    <p class='ocr_par' dir='ltr' id='par_1_82' title="bbox 1025 1183 1775 1217">
     <span class='ocr_line' id='line_1_82' title="bbox 1025 1183 1775 1217; baseline 0 -8"><span class='ocrx_word' id='word_1_563' title='bbox 1025 1187 1086 1210; x_wconf 81' lang='lat' dir='ltr'><strong>sunt</strong></span> <span class='ocrx_word' id='word_1_564' title='bbox 1102 1183 1137 1209; x_wconf 85' lang='lat' dir='ltr'><strong>ad</strong></span> <span class='ocrx_word' id='word_1_565' title='bbox 1153 1183 1303 1209; x_wconf 83' lang='lat' dir='ltr'><strong>ornandum</strong></span> <span class='ocrx_word' id='word_1_566' title='bbox 1317 1183 1457 1214; x_wconf 82' lang='lat' dir='ltr'><strong>hominem,</strong></span> <span class='ocrx_word' id='word_1_567' title='bbox 1474 1184 1571 1210; x_wconf 78' lang='lat' dir='ltr'><strong>diuitiis</strong></span> <span class='ocrx_word' id='word_1_568' title='bbox 1585 1188 1608 1209; x_wconf 86' lang='lat' dir='ltr'><strong>et</strong></span> <span class='ocrx_word' id='word_1_569' title='bbox 1620 1183 1775 1217; x_wconf 78' lang='lat' dir='ltr'><strong>disciplina.</strong></span> 
     </span>
    </p>
   </div>
   <div class='ocr_carea' id='block_1_83' title="bbox 1026 1218 1776 1252">
    <p class='ocr_par' dir='ltr' id='par_1_83' title="bbox 1026 1218 1776 1252">
     <span class='ocr_line' id='line_1_83' title="bbox 1026 1218 1776 1252; baseline 0 -8"><span class='ocrx_word' id='word_1_570' title='bbox 1026 1218 1181 1245; x_wconf 69' lang='lat' dir='ltr'><strong>Ostenditur</strong></span> <span class='ocrx_word' id='word_1_571' title='bbox 1195 1219 1258 1244; x_wconf 85' lang='lat' dir='ltr'><strong>item</strong></span> <span class='ocrx_word' id='word_1_572' title='bbox 1283 1225 1335 1244; x_wconf 88' lang='lat' dir='ltr'><strong>non</strong></span> <span class='ocrx_word' id='word_1_573' title='bbox 1358 1225 1411 1244; x_wconf 76' lang='lat' dir='ltr'><strong>esse</strong></span> <span class='ocrx_word' id='word_1_574' title='bbox 1428 1218 1622 1252; x_wconf 73' lang='lat' dir='ltr'><strong>desperandum</strong></span> <span class='ocrx_word' id='word_1_575' title='bbox 1647 1218 1674 1244; x_wconf 85' lang='lat' dir='ltr'><strong>in</strong></span> <span class='ocrx_word' id='word_1_576' title='bbox 1689 1226 1776 1252; x_wconf 83' lang='lat' dir='ltr'><strong>angu—</strong></span> 
     </span>
    </p>
   </div>
   <div class='ocr_carea' id='block_1_84' title="bbox 1024 1252 1776 1288">
    <p class='ocr_par' dir='ltr' id='par_1_84' title="bbox 1024 1252 1776 1288">
     <span class='ocr_line' id='line_1_84' title="bbox 1024 1252 1776 1288; baseline -0.001 -9"><span class='ocrx_word' id='word_1_577' title='bbox 1024 1253 1092 1283; x_wconf 75' lang='lat' dir='ltr'><strong>stiis,</strong></span> <span class='ocrx_word' id='word_1_578' title='bbox 1113 1252 1233 1288; x_wconf 70' lang='lat' dir='ltr'><strong>exemplo</strong></span> <span class='ocrx_word' id='word_1_579' title='bbox 1250 1253 1336 1288; x_wconf 74' lang='lat' dir='ltr'><strong>inopis</strong></span> <span class='ocrx_word' id='word_1_580' title='bbox 1361 1252 1467 1287; x_wconf 84' lang='lat' dir='ltr'><strong>quando</strong></span> <span class='ocrx_word' id='word_1_581' title='bbox 1484 1254 1591 1280; x_wconf 78' lang='lat' dir='ltr'><strong>minime</strong></span> <span class='ocrx_word' id='word_1_582' title='bbox 1614 1253 1776 1288; x_wconf 77' lang='lat' dir='ltr'><strong>opinabatur</strong></span> 
     </span>
    </p>
   </div>
   <div class='ocr_carea' id='block_1_85' title="bbox 1024 1287 1322 1323">
    <p class='ocr_par' dir='ltr' id='par_1_85' title="bbox 1024 1287 1322 1323">
     <span class='ocr_line' id='line_1_85' title="bbox 1024 1287 1322 1323; baseline 0 -9"><span class='ocrx_word' id='word_1_583' title='bbox 1024 1288 1051 1315; x_wconf 84' lang='lat' dir='ltr'><strong>id</strong></span> <span class='ocrx_word' id='word_1_584' title='bbox 1067 1295 1119 1323; x_wconf 82' lang='lat' dir='ltr'><strong>quo</strong></span> <span class='ocrx_word' id='word_1_585' title='bbox 1132 1287 1222 1323; x_wconf 76' lang='lat' dir='ltr'><strong>egebat</strong></span> <span class='ocrx_word' id='word_1_586' title='bbox 1238 1287 1322 1314; x_wconf 82' lang='lat' dir='ltr'><strong>nacti.</strong></span> 
     </span>
    </p>
   </div>
   <div class='ocr_carea' id='block_1_86' title="bbox 1025 1354 1777 1391">
    <p class='ocr_par' dir='ltr' id='par_1_86' title="bbox 1025 1354 1777 1391">
     <span class='ocr_line' id='line_1_86' title="bbox 1025 1354 1777 1391; baseline 0 -8"><span class='ocrx_word' id='word_1_587' title='bbox 1025 1355 1132 1383; x_wconf 84' lang='lat' dir='ltr'><strong>Rursus</strong></span> <span class='ocrx_word' id='word_1_588' title='bbox 1151 1363 1243 1391; x_wconf 88' lang='lat' dir='ltr'><strong>neque</strong></span> <span class='ocrx_word' id='word_1_589' title='bbox 1266 1359 1372 1391; x_wconf 83' lang='lat' dir='ltr'><strong>oportet</strong></span> <span class='ocrx_word' id='word_1_590' title='bbox 1395 1355 1541 1390; x_wconf 82' lang='lat' dir='ltr'><strong>desperare</strong></span> <span class='ocrx_word' id='word_1_591' title='bbox 1560 1355 1594 1383; x_wconf 90' lang='lat' dir='ltr'><strong>de</strong></span> <span class='ocrx_word' id='word_1_592' title='bbox 1605 1354 1723 1391; x_wconf 86' lang='lat' dir='ltr'><strong>negotiis</strong></span> <span class='ocrx_word' id='word_1_593' title='bbox 1747 1360 1777 1383; x_wconf 82' lang='lat' dir='ltr'><strong>et</strong></span> 
     </span>
    </p>
   </div>
   <div class='ocr_carea' id='block_1_87' title="bbox 989 1402 1775 1437">
    <p class='ocr_par' dir='ltr' id='par_1_87' title="bbox 989 1402 1775 1437">
     <span class='ocr_line' id='line_1_87' title="bbox 989 1402 1775 1437; baseline -0.001 -8"><span class='ocrx_word' id='word_1_594' title='bbox 989 1409 1120 1429; x_wconf 86' lang='lat' dir='ltr'><strong>successu</strong></span> <span class='ocrx_word' id='word_1_595' title='bbox 1136 1409 1239 1435; x_wconf 90' lang='lat' dir='ltr'><strong>rerum,</strong></span> <span class='ocrx_word' id='word_1_596' title='bbox 1253 1409 1315 1429; x_wconf 91' lang='lat' dir='ltr'><strong>cum</strong></span> <span class='ocrx_word' id='word_1_597' title='bbox 1330 1409 1427 1437; x_wconf 84' lang='lat' dir='ltr'><strong>magna</strong></span> <span class='ocrx_word' id='word_1_598' title='bbox 1438 1402 1467 1429; x_wconf 88' lang='lat' dir='ltr'><strong>in</strong></span> <span class='ocrx_word' id='word_1_599' title='bbox 1482 1402 1515 1429; x_wconf 88' lang='lat' dir='ltr'><strong>iis</strong></span> <span class='ocrx_word' id='word_1_600' title='bbox 1525 1409 1639 1430; x_wconf 87' lang='lat' dir='ltr'><strong>casuum</strong></span> <span class='ocrx_word' id='word_1_601' title='bbox 1655 1402 1775 1429; x_wconf 78' lang='lat' dir='ltr'><strong>varietas</strong></span> 
     </span>
    </p>
   </div>
   <div class='ocr_carea' id='block_1_88' title="bbox 988 1446 1774 1482">
    <p class='ocr_par' dir='ltr' id='par_1_88' title="bbox 988 1446 1774 1482">
     <span class='ocr_line' id='line_1_88' title="bbox 988 1446 1774 1482; baseline 0 -9"><span class='ocrx_word' id='word_1_602' title='bbox 988 1451 1125 1477; x_wconf 84' lang='lat' dir='ltr'><strong>versetur.</strong></span> <span class='ocrx_word' id='word_1_603' title='bbox 1137 1451 1164 1473; x_wconf 91' lang='lat' dir='ltr'><strong>et</strong></span> <span class='ocrx_word' id='word_1_604' title='bbox 1177 1446 1250 1481; x_wconf 90' lang='lat' dir='ltr'><strong>quod</strong></span> <span class='ocrx_word' id='word_1_605' title='bbox 1266 1454 1320 1474; x_wconf 91' lang='lat' dir='ltr'><strong>non</strong></span> <span class='ocrx_word' id='word_1_606' title='bbox 1335 1451 1389 1478; x_wconf 86' lang='lat' dir='ltr'><strong>est,</strong></span> <span class='ocrx_word' id='word_1_607' title='bbox 1408 1447 1549 1482; x_wconf 83' lang='lat' dir='ltr'><strong>inopinato</strong></span> <span class='ocrx_word' id='word_1_608' title='bbox 1565 1446 1652 1481; x_wconf 85' lang='lat' dir='ltr'><strong>possit</strong></span> <span class='ocrx_word' id='word_1_609' title='bbox 1669 1454 1774 1482; x_wconf 67' lang='lat' dir='ltr'><strong>reprae-</strong></span> 
     </span>
    </p>
   </div>
   <div class='ocr_carea' id='block_1_89' title="bbox 990 1491 1773 1528">
    <p class='ocr_par' dir='ltr' id='par_1_89' title="bbox 990 1491 1773 1528">
     <span class='ocr_line' id='line_1_89' title="bbox 990 1491 1773 1528; baseline 0 -10"><span class='ocrx_word' id='word_1_610' title='bbox 990 1492 1103 1519; x_wconf 87' lang='lat' dir='ltr'><strong>sentari.</strong></span> <span class='ocrx_word' id='word_1_611' title='bbox 1118 1491 1188 1519; x_wconf 82' lang='lat' dir='ltr'><strong>Ante</strong></span> <span class='ocrx_word' id='word_1_612' title='bbox 1202 1492 1292 1519; x_wconf 89' lang='lat' dir='ltr'><strong>omnia</strong></span> <span class='ocrx_word' id='word_1_613' title='bbox 1310 1499 1374 1519; x_wconf 88' lang='lat' dir='ltr'><strong>vero</strong></span> <span class='ocrx_word' id='word_1_614' title='bbox 1398 1500 1497 1520; x_wconf 88' lang='lat' dir='ltr'><strong>curare</strong></span> <span class='ocrx_word' id='word_1_615' title='bbox 1528 1496 1638 1528; x_wconf 86' lang='lat' dir='ltr'><strong>oportet</strong></span> <span class='ocrx_word' id='word_1_616' title='bbox 1658 1496 1773 1522; x_wconf 75' lang='lat' dir='ltr'><strong>aeterna.</strong></span> 
     </span>
    </p>
   </div>
   <div class='ocr_carea' id='block_1_90' title="bbox 991 1537 1774 1566">
    <p class='ocr_par' dir='ltr' id='par_1_90' title="bbox 991 1537 1774 1566">
     <span class='ocr_line' id='line_1_90' title="bbox 991 1537 1774 1566; baseline 0.001 -3"><span class='ocrx_word' id='word_1_617' title='bbox 991 1544 1044 1564; x_wconf 89' lang='lat' dir='ltr'><strong>non</strong></span> <span class='ocrx_word' id='word_1_618' title='bbox 1053 1541 1145 1564; x_wconf 89' lang='lat' dir='ltr'><strong>autem</strong></span> <span class='ocrx_word' id='word_1_619' title='bbox 1157 1537 1184 1563; x_wconf 94' lang='lat' dir='ltr'><strong>in</strong></span> <span class='ocrx_word' id='word_1_620' title='bbox 1197 1537 1362 1565; x_wconf 86' lang='lat' dir='ltr'><strong>transitoriis</strong></span> <span class='ocrx_word' id='word_1_621' title='bbox 1373 1537 1587 1566; x_wconf 85' lang='lat' dir='ltr'><strong>sollicitudinem</strong></span> <span class='ocrx_word' id='word_1_622' title='bbox 1599 1545 1774 1566; x_wconf 84' lang='lat' dir='ltr'><strong>consumere.</strong></span> 
     </span>
    </p>
   </div>
   <div class='ocr_carea' id='block_1_91' title="bbox 992 1580 1774 1617">
    <p class='ocr_par' dir='ltr' id='par_1_91' title="bbox 992 1580 1774 1617">
     <span class='ocr_line' id='line_1_91' title="bbox 992 1580 1774 1617; baseline 0 -8"><span class='ocrx_word' id='word_1_623' title='bbox 992 1580 1084 1609; x_wconf 75' lang='lat' dir='ltr'><strong>Redeo</strong></span> <span class='ocrx_word' id='word_1_624' title='bbox 1096 1581 1152 1616; x_wconf 83' lang='lat' dir='ltr'><strong>jam</strong></span> <span class='ocrx_word' id='word_1_625' title='bbox 1172 1580 1206 1608; x_wconf 90' lang='lat' dir='ltr'><strong>ad</strong></span> <span class='ocrx_word' id='word_1_626' title='bbox 1221 1580 1277 1608; x_wconf 93' lang='lat' dir='ltr'><strong>duo</strong></span> <span class='ocrx_word' id='word_1_627' title='bbox 1301 1581 1346 1608; x_wconf 86' lang='lat' dir='ltr'><strong>illa</strong></span> <span class='ocrx_word' id='word_1_628' title='bbox 1368 1589 1402 1609; x_wconf 90' lang='lat' dir='ltr'><strong>ex</strong></span> <span class='ocrx_word' id='word_1_629' title='bbox 1429 1582 1518 1609; x_wconf 85' lang='lat' dir='ltr'><strong>tribus</strong></span> <span class='ocrx_word' id='word_1_630' title='bbox 1535 1589 1596 1617; x_wconf 75' lang='lat' dir='ltr'><strong>qua:</strong></span> <span class='ocrx_word' id='word_1_631' title='bbox 1621 1582 1774 1609; x_wconf 71' lang='lat' dir='ltr'><strong>memoravi</strong></span> 
     </span>
    </p>
   </div>
   <div class='ocr_carea' id='block_1_92' title="bbox 991 1626 1775 1662">
    <p class='ocr_par' dir='ltr' id='par_1_92' title="bbox 991 1626 1775 1662">
     <span class='ocr_line' id='line_1_92' title="bbox 991 1626 1775 1662; baseline 0.001 -8"><span class='ocrx_word' id='word_1_632' title='bbox 991 1627 1095 1654; x_wconf 89' lang='lat' dir='ltr'><strong>homini</strong></span> <span class='ocrx_word' id='word_1_633' title='bbox 1111 1626 1279 1655; x_wconf 81' lang='lat' dir='ltr'><strong>absolvenda</strong></span> <span class='ocrx_word' id='word_1_634' title='bbox 1307 1627 1471 1659; x_wconf 86' lang='lat' dir='ltr'><strong>necessaria,</strong></span> <span class='ocrx_word' id='word_1_635' title='bbox 1501 1635 1569 1662; x_wconf 91' lang='lat' dir='ltr'><strong>opes</strong></span> <span class='ocrx_word' id='word_1_636' title='bbox 1594 1627 1721 1656; x_wconf 87' lang='lat' dir='ltr'><strong>videlicet</strong></span> <span class='ocrx_word' id='word_1_637' title='bbox 1746 1633 1775 1655; x_wconf 84' lang='lat' dir='ltr'><strong>et</strong></span> 
     </span>
    </p>
   </div>
   <div class='ocr_carea' id='block_1_93' title="bbox 990 1673 1774 1708">
    <p class='ocr_par' dir='ltr' id='par_1_93' title="bbox 990 1673 1774 1708">
     <span class='ocr_line' id='line_1_93' title="bbox 990 1673 1774 1708; baseline 0.001 -8"><span class='ocrx_word' id='word_1_638' title='bbox 990 1681 1096 1701; x_wconf 86' lang='lat' dir='ltr'><strong>morum</strong></span> <span class='ocrx_word' id='word_1_639' title='bbox 1117 1673 1299 1708; x_wconf 84' lang='lat' dir='ltr'><strong>disciplinam.</strong></span> <span class='ocrx_word' id='word_1_640' title='bbox 1315 1673 1349 1702; x_wconf 86' lang='lat' dir='ltr'><strong>Et</strong></span> <span class='ocrx_word' id='word_1_641' title='bbox 1378 1673 1442 1702; x_wconf 81' lang='lat' dir='ltr'><strong>talia</strong></span> <span class='ocrx_word' id='word_1_642' title='bbox 1465 1677 1540 1704; x_wconf 87' lang='lat' dir='ltr'><strong>sunt.</strong></span> <span class='ocrx_word' id='word_1_643' title='bbox 1566 1678 1596 1701; x_wconf 89' lang='lat' dir='ltr'><strong>ut</strong></span> <span class='ocrx_word' id='word_1_644' title='bbox 1622 1679 1714 1701; x_wconf 89' lang='lat' dir='ltr'><strong>utrum</strong></span> <span class='ocrx_word' id='word_1_645' title='bbox 1740 1682 1774 1701; x_wconf 82' lang='lat' dir='ltr'><strong>ex</strong></span> 
     </span>
    </p>
   </div>
   <div class='ocr_carea' id='block_1_94' title="bbox 990 1719 1773 1755">
    <p class='ocr_par' dir='ltr' id='par_1_94' title="bbox 990 1719 1773 1755">
     <span class='ocr_line' id='line_1_94' title="bbox 990 1719 1773 1755; baseline 0.003 -9"><span class='ocrx_word' id='word_1_646' title='bbox 990 1720 1057 1755; x_wconf 81' lang='lat' dir='ltr'><strong>ipsis</strong></span> <span class='ocrx_word' id='word_1_647' title='bbox 1070 1719 1155 1752; x_wconf 85' lang='lat' dir='ltr'><strong>desit,</strong></span> <span class='ocrx_word' id='word_1_648' title='bbox 1186 1720 1320 1748; x_wconf 80' lang='lat' dir='ltr'><strong>exsistere</strong></span> <span class='ocrx_word' id='word_1_649' title='bbox 1346 1721 1409 1748; x_wconf 66' lang='lat' dir='ltr'><strong>vitm</strong></span> <span class='ocrx_word' id='word_1_650' title='bbox 1436 1719 1526 1749; x_wconf 85' lang='lat' dir='ltr'><strong>felicis</strong></span> <span class='ocrx_word' id='word_1_651' title='bbox 1552 1720 1691 1748; x_wconf 77' lang='lat' dir='ltr'><strong>absolutio</strong></span> <span class='ocrx_word' id='word_1_652' title='bbox 1718 1728 1773 1748; x_wconf 80' lang='lat' dir='ltr'><strong>non</strong></span> 
     </span>
    </p>
   </div>
   <div class='ocr_carea' id='block_1_95' title="bbox 990 1765 1775 1801">
    <p class='ocr_par' dir='ltr' id='par_1_95' title="bbox 990 1765 1775 1801">
     <span class='ocr_line' id='line_1_95' title="bbox 990 1765 1775 1801; baseline 0.003 -10"><span class='ocrx_word' id='word_1_653' title='bbox 990 1765 1095 1800; x_wconf 85' lang='lat' dir='ltr'><strong>possit;</strong></span> <span class='ocrx_word' id='word_1_654' title='bbox 1124 1766 1165 1792; x_wconf 91' lang='lat' dir='ltr'><strong>sic</strong></span> <span class='ocrx_word' id='word_1_655' title='bbox 1185 1766 1258 1792; x_wconf 88' lang='lat' dir='ltr'><strong>enim</strong></span> <span class='ocrx_word' id='word_1_656' title='bbox 1274 1773 1303 1793; x_wconf 90' lang='lat' dir='ltr'><strong>se</strong></span> <span class='ocrx_word' id='word_1_657' title='bbox 1320 1765 1424 1794; x_wconf 87' lang='lat' dir='ltr'><strong>habent</strong></span> <span class='ocrx_word' id='word_1_658' title='bbox 1439 1766 1569 1799; x_wconf 90' lang='lat' dir='ltr'><strong>invicem,</strong></span> <span class='ocrx_word' id='word_1_659' title='bbox 1596 1771 1626 1794; x_wconf 92' lang='lat' dir='ltr'><strong>ut</strong></span> <span class='ocrx_word' id='word_1_660' title='bbox 1648 1766 1718 1801; x_wconf 80' lang='lat' dir='ltr'><strong>ignis</strong></span> <span class='ocrx_word' id='word_1_661' title='bbox 1745 1772 1775 1793; x_wconf 90' lang='lat' dir='ltr'><strong>et</strong></span> 
     </span>
    </p>
   </div>
   <div class='ocr_carea' id='block_1_96' title="bbox 989 1811 1775 1846">
    <p class='ocr_par' dir='ltr' id='par_1_96' title="bbox 989 1811 1775 1846">
     <span class='ocr_line' id='line_1_96' title="bbox 989 1811 1775 1846; baseline 0.003 -9"><span class='ocrx_word' id='word_1_662' title='bbox 989 1811 1073 1846; x_wconf 85' lang='lat' dir='ltr'><strong>ligna,</strong></span> <span class='ocrx_word' id='word_1_663' title='bbox 1099 1818 1153 1838; x_wconf 91' lang='lat' dir='ltr'><strong>non</strong></span> <span class='ocrx_word' id='word_1_664' title='bbox 1178 1811 1286 1838; x_wconf 90' lang='lat' dir='ltr'><strong>valente</strong></span> <span class='ocrx_word' id='word_1_665' title='bbox 1312 1811 1414 1839; x_wconf 90' lang='lat' dir='ltr'><strong>durare</strong></span> <span class='ocrx_word' id='word_1_666' title='bbox 1431 1817 1458 1839; x_wconf 87' lang='lat' dir='ltr'><strong>et</strong></span> <span class='ocrx_word' id='word_1_667' title='bbox 1473 1813 1564 1839; x_wconf 80' lang='lat' dir='ltr'><strong>lucere</strong></span> <span class='ocrx_word' id='word_1_668' title='bbox 1592 1811 1699 1839; x_wconf 81' lang='lat' dir='ltr'><strong>ﬂamma</strong></span> <span class='ocrx_word' id='word_1_669' title='bbox 1713 1812 1775 1839; x_wconf 86' lang='lat' dir='ltr'><strong>sine</strong></span> 
     </span>
    </p>
   </div>
   <div class='ocr_carea' id='block_1_97' title="bbox 990 1859 1775 1894">
    <p class='ocr_par' dir='ltr' id='par_1_97' title="bbox 990 1859 1775 1894">
     <span class='ocr_line' id='line_1_97' title="bbox 990 1859 1775 1894; baseline 0.003 -8"><span class='ocrx_word' id='word_1_670' title='bbox 990 1860 1115 1887; x_wconf 83' lang='lat' dir='ltr'><strong>materia.</strong></span> <span class='ocrx_word' id='word_1_671' title='bbox 1133 1859 1194 1887; x_wconf 61' lang='lat' dir='ltr'><strong>llaec</strong></span> <span class='ocrx_word' id='word_1_672' title='bbox 1214 1860 1261 1894; x_wconf 91' lang='lat' dir='ltr'><strong>qui</strong></span> <span class='ocrx_word' id='word_1_673' title='bbox 1277 1860 1475 1893; x_wconf 88' lang='lat' dir='ltr'><strong>observaverit,</strong></span> <span class='ocrx_word' id='word_1_674' title='bbox 1493 1865 1521 1888; x_wconf 90' lang='lat' dir='ltr'><strong>et</strong></span> <span class='ocrx_word' id='word_1_675' title='bbox 1534 1861 1568 1888; x_wconf 85' lang='lat' dir='ltr'><strong>ad</strong></span> <span class='ocrx_word' id='word_1_676' title='bbox 1586 1860 1656 1888; x_wconf 89' lang='lat' dir='ltr'><strong>hanc</strong></span> <span class='ocrx_word' id='word_1_677' title='bbox 1670 1861 1775 1888; x_wconf 89' lang='lat' dir='ltr'><strong>doctri-</strong></span> 
     </span>
    </p>
   </div>
   <div class='ocr_carea' id='block_1_98' title="bbox 989 1907 1774 1942">
    <p class='ocr_par' dir='ltr' id='par_1_98' title="bbox 989 1907 1774 1942">
     <span class='ocr_line' id='line_1_98' title="bbox 989 1907 1774 1942; baseline 0.001 -10"><span class='ocrx_word' id='word_1_678' title='bbox 989 1914 1051 1933; x_wconf 88' lang='lat' dir='ltr'><strong>nam</strong></span> <span class='ocrx_word' id='word_1_679' title='bbox 1072 1907 1154 1933; x_wconf 86' lang='lat' dir='ltr'><strong>vitam</strong></span> <span class='ocrx_word' id='word_1_680' title='bbox 1170 1907 1301 1941; x_wconf 79' lang='lat' dir='ltr'><strong>exegerit,</strong></span> <span class='ocrx_word' id='word_1_681' title='bbox 1329 1907 1447 1934; x_wconf 91' lang='lat' dir='ltr'><strong>multum</strong></span> <span class='ocrx_word' id='word_1_682' title='bbox 1472 1907 1608 1942; x_wconf 85' lang='lat' dir='ltr'><strong>percipiet</strong></span> <span class='ocrx_word' id='word_1_683' title='bbox 1635 1907 1774 1934; x_wconf 87' lang='lat' dir='ltr'><strong>utilitatis.</strong></span> 
     </span>
    </p>
   </div>
   <div class='ocr_carea' id='block_1_99' title="bbox 989 1951 1775 1987">
    <p class='ocr_par' dir='ltr' id='par_1_99' title="bbox 989 1951 1775 1987">
     <span class='ocr_line' id='line_1_99' title="bbox 989 1951 1775 1987; baseline 0.001 -9"><span class='ocrx_word' id='word_1_684' title='bbox 989 1951 1052 1978; x_wconf 88' lang='lat' dir='ltr'><strong>ideo</strong></span> <span class='ocrx_word' id='word_1_685' title='bbox 1068 1957 1158 1978; x_wconf 88' lang='lat' dir='ltr'><strong>autem</strong></span> <span class='ocrx_word' id='word_1_686' title='bbox 1171 1951 1227 1978; x_wconf 77' lang='lat' dir='ltr'><strong>dixi</strong></span> <span class='ocrx_word' id='word_1_687' title='bbox 1249 1960 1303 1978; x_wconf 92' lang='lat' dir='ltr'><strong>non</strong></span> <span class='ocrx_word' id='word_1_688' title='bbox 1328 1959 1388 1979; x_wconf 85' lang='lat' dir='ltr'><strong>esse</strong></span> <span class='ocrx_word' id='word_1_689' title='bbox 1413 1952 1612 1987; x_wconf 86' lang='lat' dir='ltr'><strong>desperandum</strong></span> <span class='ocrx_word' id='word_1_690' title='bbox 1631 1952 1659 1979; x_wconf 90' lang='lat' dir='ltr'><strong>in</strong></span> <span class='ocrx_word' id='word_1_691' title='bbox 1687 1960 1775 1987; x_wconf 83' lang='lat' dir='ltr'><strong>angu-</strong></span> 
     </span>
    </p>
   </div>
   <div class='ocr_carea' id='block_1_100' title="bbox 988 1996 1775 2031">
    <p class='ocr_par' dir='ltr' id='par_1_100' title="bbox 988 1996 1775 2031">
     <span class='ocr_line' id='line_1_100' title="bbox 988 1996 1775 2031; baseline 0.001 -8"><span class='ocrx_word' id='word_1_692' title='bbox 988 1996 1048 2023; x_wconf 87' lang='lat' dir='ltr'><strong>stiis</strong></span> <span class='ocrx_word' id='word_1_693' title='bbox 1061 1996 1169 2031; x_wconf 72' lang='lat' dir='ltr'><strong>inopiae,</strong></span> <span class='ocrx_word' id='word_1_694' title='bbox 1195 1997 1258 2031; x_wconf 90' lang='lat' dir='ltr'><strong>quia</strong></span> <span class='ocrx_word' id='word_1_695' title='bbox 1275 1997 1385 2025; x_wconf 90' lang='lat' dir='ltr'><strong>divitias</strong></span> <span class='ocrx_word' id='word_1_696' title='bbox 1413 1997 1490 2024; x_wconf 90' lang='lat' dir='ltr'><strong>multi</strong></span> <span class='ocrx_word' id='word_1_697' title='bbox 1508 1997 1704 2025; x_wconf 87' lang='lat' dir='ltr'><strong>nanciscnntur</strong></span> <span class='ocrx_word' id='word_1_698' title='bbox 1724 1998 1775 2024; x_wconf 91' lang='lat' dir='ltr'><strong>im-</strong></span> 
     </span>
    </p>
   </div>
   <div class='ocr_carea' id='block_1_101' title="bbox 989 2041 1772 2078">
    <p class='ocr_par' dir='ltr' id='par_1_101' title="bbox 989 2041 1772 2078">
     <span class='ocr_line' id='line_1_101' title="bbox 989 2041 1772 2078; baseline 0.004 -11"><span class='ocrx_word' id='word_1_699' title='bbox 989 2042 1109 2076; x_wconf 88' lang='lat' dir='ltr'><strong>proviso.</strong></span> <span class='ocrx_word' id='word_1_700' title='bbox 1125 2041 1255 2076; x_wconf 80' lang='lat' dir='ltr'><strong>Exemplo</strong></span> <span class='ocrx_word' id='word_1_701' title='bbox 1269 2042 1304 2069; x_wconf 87' lang='lat' dir='ltr'><strong>sit</strong></span> <span class='ocrx_word' id='word_1_702' title='bbox 1317 2050 1396 2069; x_wconf 87' lang='lat' dir='ltr'><strong>casus</strong></span> <span class='ocrx_word' id='word_1_703' title='bbox 1414 2043 1461 2077; x_wconf 86' lang='lat' dir='ltr'><strong>qui</strong></span> <span class='ocrx_word' id='word_1_704' title='bbox 1486 2048 1615 2070; x_wconf 89' lang='lat' dir='ltr'><strong>narratur</strong></span> <span class='ocrx_word' id='word_1_705' title='bbox 1630 2043 1772 2078; x_wconf 84' lang='lat' dir='ltr'><strong>cujusdam</strong></span> 
     </span>
    </p>
   </div>
   <div class='ocr_carea' id='block_1_102' title="bbox 989 2086 1772 2123">
    <p class='ocr_par' dir='ltr' id='par_1_102' title="bbox 989 2086 1772 2123">
     <span class='ocr_line' id='line_1_102' title="bbox 989 2086 1772 2123; baseline 0.003 -10"><span class='ocrx_word' id='word_1_706' title='bbox 989 2086 1160 2121; x_wconf 82' lang='lat' dir='ltr'><strong>pauperiseo</strong></span> <span class='ocrx_word' id='word_1_707' title='bbox 1174 2088 1304 2122; x_wconf 79' lang='lat' dir='ltr'><strong>egestatis</strong></span> <span class='ocrx_word' id='word_1_708' title='bbox 1322 2088 1435 2120; x_wconf 90' lang='lat' dir='ltr'><strong>redacti,</strong></span> <span class='ocrx_word' id='word_1_709' title='bbox 1450 2092 1480 2115; x_wconf 88' lang='lat' dir='ltr'><strong>ut</strong></span> <span class='ocrx_word' id='word_1_710' title='bbox 1495 2096 1529 2115; x_wconf 88' lang='lat' dir='ltr'><strong>ne</strong></span> <span class='ocrx_word' id='word_1_711' title='bbox 1543 2094 1647 2115; x_wconf 89' lang='lat' dir='ltr'><strong>vestem</strong></span> <span class='ocrx_word' id='word_1_712' title='bbox 1660 2089 1772 2123; x_wconf 81' lang='lat' dir='ltr'><strong>quidem</strong></span> 
     </span>
    </p>
   </div>
   <div class='ocr_carea' id='block_1_103' title="bbox 989 2133 1775 2169">
    <p class='ocr_par' dir='ltr' id='par_1_103' title="bbox 989 2133 1775 2169">
     <span class='ocr_line' id='line_1_103' title="bbox 989 2133 1775 2169; baseline 0.005 -9"><span class='ocrx_word' id='word_1_713' title='bbox 989 2133 1105 2160; x_wconf 86' lang='lat' dir='ltr'><strong>haberet</strong></span> <span class='ocrx_word' id='word_1_714' title='bbox 1119 2141 1171 2168; x_wconf 90' lang='lat' dir='ltr'><strong>qua</strong></span> <span class='ocrx_word' id='word_1_715' title='bbox 1187 2134 1341 2162; x_wconf 85' lang='lat' dir='ltr'><strong>nuditatem</strong></span> <span class='ocrx_word' id='word_1_716' title='bbox 1357 2139 1472 2169; x_wconf 85' lang='lat' dir='ltr'><strong>tegeret.</strong></span> <span class='ocrx_word' id='word_1_717' title='bbox 1488 2135 1538 2163; x_wconf 88' lang='lat' dir='ltr'><strong>lvit</strong></span> <span class='ocrx_word' id='word_1_718' title='bbox 1557 2136 1603 2163; x_wconf 89' lang='lat' dir='ltr'><strong>ille</strong></span> <span class='ocrx_word' id='word_1_719' title='bbox 1618 2135 1652 2163; x_wconf 85' lang='lat' dir='ltr'><strong>ad</strong></span> <span class='ocrx_word' id='word_1_720' title='bbox 1668 2136 1775 2164; x_wconf 88' lang='lat' dir='ltr'><strong>atnicos</strong></span> 
     </span>
    </p>
   </div>
   <div class='ocr_carea' id='block_1_104' title="bbox 988 2178 1773 2214">
    <p class='ocr_par' dir='ltr' id='par_1_104' title="bbox 988 2178 1773 2214">
     <span class='ocr_line' id='line_1_104' title="bbox 988 2178 1773 2214; baseline 0.005 -9"><span class='ocrx_word' id='word_1_721' title='bbox 988 2182 1016 2205; x_wconf 88' lang='lat' dir='ltr'><strong>ct</strong></span> <span class='ocrx_word' id='word_1_722' title='bbox 1033 2178 1185 2206; x_wconf 87' lang='lat' dir='ltr'><strong>subsidium</strong></span> <span class='ocrx_word' id='word_1_723' title='bbox 1197 2180 1323 2214; x_wconf 61' lang='lat' dir='ltr'><strong>quaesivit</strong></span> <span class='ocrx_word' id='word_1_724' title='bbox 1335 2184 1464 2208; x_wconf 65' lang='lat' dir='ltr'><strong>extremae</strong></span> <span class='ocrx_word' id='word_1_725' title='bbox 1477 2180 1513 2208; x_wconf 87' lang='lat' dir='ltr'><strong>illi</strong></span> <span class='ocrx_word' id='word_1_726' title='bbox 1530 2187 1587 2208; x_wconf 72' lang='lat' dir='ltr'><strong>sua:</strong></span> <span class='ocrx_word' id='word_1_727' title='bbox 1597 2181 1753 2209; x_wconf 79' lang='lat' dir='ltr'><strong>necessitati</strong></span> <span class='ocrx_word' id='word_1_728' title='bbox 1765 2191 1773 2214; x_wconf 84' lang='lat'>;</span> 
     </span>
    </p>
   </div>
   <div class='ocr_carea' id='block_1_105' title="bbox 953 2223 1774 2263">
    <p class='ocr_par' dir='ltr' id='par_1_105' title="bbox 953 2223 1774 2263">
     <span class='ocr_line' id='line_1_105' title="bbox 953 2223 1774 2263; baseline 0.006 -13"><span class='ocrx_word' id='word_1_729' title='bbox 953 2229 975 2258; x_wconf 83' lang='grc' dir='ltr'><strong>ι)</strong></span> <span class='ocrx_word' id='word_1_730' title='bbox 989 2223 1036 2251; x_wconf 91' lang='lat' dir='ltr'><strong>sed</strong></span> <span class='ocrx_word' id='word_1_731' title='bbox 1053 2223 1155 2251; x_wconf 86' lang='lat' dir='ltr'><strong>frustra</strong></span> <span class='ocrx_word' id='word_1_732' title='bbox 1172 2225 1199 2252; x_wconf 93' lang='lat' dir='ltr'><strong>id</strong></span> <span class='ocrx_word' id='word_1_733' title='bbox 1215 2225 1290 2256; x_wconf 87' lang='lat' dir='ltr'><strong>fecit,</strong></span> <span class='ocrx_word' id='word_1_734' title='bbox 1307 2233 1388 2253; x_wconf 91' lang='lat' dir='ltr'><strong>nemo</strong></span> <span class='ocrx_word' id='word_1_735' title='bbox 1406 2226 1443 2253; x_wconf 87' lang='lat' dir='ltr'><strong>illi</strong></span> <span class='ocrx_word' id='word_1_736' title='bbox 1454 2231 1502 2254; x_wconf 84' lang='lat' dir='ltr'><strong>aut</strong></span> <span class='ocrx_word' id='word_1_737' title='bbox 1518 2226 1606 2254; x_wconf 90' lang='lat' dir='ltr'><strong>voluit</strong></span> <span class='ocrx_word' id='word_1_738' title='bbox 1620 2232 1668 2254; x_wconf 90' lang='lat' dir='ltr'><strong>aut</strong></span> <span class='ocrx_word' id='word_1_739' title='bbox 1683 2229 1774 2263; x_wconf 86' lang='lat' dir='ltr'><strong>potuit</strong></span> 
     </span>
    </p>
   </div>
   <div class='ocr_carea' id='block_1_106' title="bbox 987 2269 1775 2307">
    <p class='ocr_par' dir='ltr' id='par_1_106' title="bbox 987 2269 1775 2307">
     <span class='ocr_line' id='line_1_106' title="bbox 987 2269 1775 2307; baseline 0.004 -10"><span class='ocrx_word' id='word_1_740' title='bbox 987 2276 1161 2297; x_wconf 87' lang='lat' dir='ltr'><strong>succurrere.</strong></span> <span class='ocrx_word' id='word_1_741' title='bbox 1181 2269 1341 2298; x_wconf 85' lang='lat' dir='ltr'><strong>Revertitur</strong></span> <span class='ocrx_word' id='word_1_742' title='bbox 1366 2278 1432 2307; x_wconf 87' lang='lat' dir='ltr'><strong>ergo</strong></span> <span class='ocrx_word' id='word_1_743' title='bbox 1455 2271 1558 2304; x_wconf 88' lang='lat' dir='ltr'><strong>nudus,</strong></span> <span class='ocrx_word' id='word_1_744' title='bbox 1591 2277 1621 2299; x_wconf 90' lang='lat' dir='ltr'><strong>ut</strong></span> <span class='ocrx_word' id='word_1_745' title='bbox 1647 2279 1775 2304; x_wconf 79' lang='lat' dir='ltr'><strong>venerat.</strong></span> 
     </span>
    </p>
   </div>
   <div class='ocr_carea' id='block_1_107' title="bbox 987 2315 1776 2351">
    <p class='ocr_par' dir='ltr' id='par_1_107' title="bbox 987 2315 1776 2351">
     <span class='ocr_line' id='line_1_107' title="bbox 987 2315 1776 2351; baseline 0.008 -10"><span class='ocrx_word' id='word_1_746' title='bbox 987 2315 1109 2347; x_wconf 87' lang='lat' dir='ltr'><strong>domum,</strong></span> <span class='ocrx_word' id='word_1_747' title='bbox 1125 2319 1152 2343; x_wconf 94' lang='lat' dir='ltr'><strong>et</strong></span> <span class='ocrx_word' id='word_1_748' title='bbox 1167 2323 1240 2351; x_wconf 67' lang='lat' dir='ltr'><strong>aegro</strong></span> <span class='ocrx_word' id='word_1_749' title='bbox 1254 2317 1346 2345; x_wconf 91' lang='lat' dir='ltr'><strong>animo</strong></span> <span class='ocrx_word' id='word_1_750' title='bbox 1373 2317 1401 2345; x_wconf 93' lang='lat' dir='ltr'><strong>in</strong></span> <span class='ocrx_word' id='word_1_751' title='bbox 1428 2325 1479 2345; x_wconf 86' lang='lat' dir='ltr'><strong>suo</strong></span> <span class='ocrx_word' id='word_1_752' title='bbox 1500 2318 1602 2346; x_wconf 86' lang='lat' dir='ltr'><strong>lectulo</strong></span> <span class='ocrx_word' id='word_1_753' title='bbox 1627 2318 1776 2347; x_wconf 87' lang='lat' dir='ltr'><strong>decubuit.</strong></span> 
     </span>
    </p>
   </div>
   <div class='ocr_carea' id='block_1_108' title="bbox 987 2359 1775 2395">
    <p class='ocr_par' dir='ltr' id='par_1_108' title="bbox 987 2359 1775 2395">
     <span class='ocr_line' id='line_1_108' title="bbox 987 2359 1775 2395; baseline 0.008 -9"><span class='ocrx_word' id='word_1_754' title='bbox 987 2359 1111 2387; x_wconf 88' lang='lat' dir='ltr'><strong>Habebat</strong></span> <span class='ocrx_word' id='word_1_755' title='bbox 1126 2365 1218 2388; x_wconf 88' lang='lat' dir='ltr'><strong>autem</strong></span> <span class='ocrx_word' id='word_1_756' title='bbox 1231 2361 1283 2389; x_wconf 86' lang='lat' dir='ltr'><strong>sub</strong></span> <span class='ocrx_word' id='word_1_757' title='bbox 1301 2362 1403 2390; x_wconf 90' lang='lat' dir='ltr'><strong>lectulo</strong></span> <span class='ocrx_word' id='word_1_758' title='bbox 1415 2363 1529 2395; x_wconf 90' lang='lat' dir='ltr'><strong>dolium,</strong></span> <span class='ocrx_word' id='word_1_759' title='bbox 1542 2364 1585 2391; x_wconf 91' lang='lat' dir='ltr'><strong>cui</strong></span> <span class='ocrx_word' id='word_1_760' title='bbox 1604 2363 1775 2392; x_wconf 85' lang='lat' dir='ltr'><strong>frumentum</strong></span> 
     </span>
    </p>
   </div>
   <div class='ocr_carea' id='block_1_109' title="bbox 986 2405 1774 2444">
    <p class='ocr_par' dir='ltr' id='par_1_109' title="bbox 986 2405 1774 2444">
     <span class='ocr_line' id='line_1_109' title="bbox 986 2405 1774 2444; baseline 0.006 -12"><span class='ocrx_word' id='word_1_761' title='bbox 986 2405 1085 2438; x_wconf 86' lang='lat' dir='ltr'><strong>inerat,</strong></span> <span class='ocrx_word' id='word_1_762' title='bbox 1104 2413 1160 2440; x_wconf 88' lang='lat' dir='ltr'><strong>quo</strong></span> <span class='ocrx_word' id='word_1_763' title='bbox 1172 2406 1206 2434; x_wconf 88' lang='lat' dir='ltr'><strong>ad</strong></span> <span class='ocrx_word' id='word_1_764' title='bbox 1224 2408 1327 2435; x_wconf 88' lang='lat' dir='ltr'><strong>victum</strong></span> <span class='ocrx_word' id='word_1_765' title='bbox 1352 2408 1492 2436; x_wconf 80' lang='lat' dir='ltr'><strong>utebatur.</strong></span> <span class='ocrx_word' id='word_1_766' title='bbox 1516 2408 1602 2436; x_wconf 79' lang='lat' dir='ltr'><strong>Nocte</strong></span> <span class='ocrx_word' id='word_1_767' title='bbox 1618 2417 1703 2444; x_wconf 89' lang='lat' dir='ltr'><strong>porro</strong></span> <span class='ocrx_word' id='word_1_768' title='bbox 1726 2411 1774 2437; x_wconf 79' lang='lat' dir='ltr'><strong>illa</strong></span> 
     </span>
    </p>
   </div>
   <div class='ocr_carea' id='block_1_110' title="bbox 986 2451 1775 2487">
    <p class='ocr_par' dir='ltr' id='par_1_110' title="bbox 986 2451 1775 2487">
     <span class='ocr_line' id='line_1_110' title="bbox 986 2451 1775 2487; baseline 0.006 -9"><span class='ocrx_word' id='word_1_769' title='bbox 986 2451 1127 2485; x_wconf 85' lang='lat' dir='ltr'><strong>ingressus</strong></span> <span class='ocrx_word' id='word_1_770' title='bbox 1143 2451 1187 2478; x_wconf 91' lang='lat' dir='ltr'><strong>fur</strong></span> <span class='ocrx_word' id='word_1_771' title='bbox 1203 2451 1230 2479; x_wconf 95' lang='lat' dir='ltr'><strong>in</strong></span> <span class='ocrx_word' id='word_1_772' title='bbox 1244 2453 1304 2487; x_wconf 89' lang='lat' dir='ltr'><strong>ejus</strong></span> <span class='ocrx_word' id='word_1_773' title='bbox 1322 2453 1446 2486; x_wconf 90' lang='lat' dir='ltr'><strong>domum,</strong></span> <span class='ocrx_word' id='word_1_774' title='bbox 1460 2461 1522 2481; x_wconf 93' lang='lat' dir='ltr'><strong>cum</strong></span> <span class='ocrx_word' id='word_1_775' title='bbox 1535 2455 1603 2482; x_wconf 86' lang='lat' dir='ltr'><strong>nihil</strong></span> <span class='ocrx_word' id='word_1_776' title='bbox 1620 2455 1775 2483; x_wconf 73' lang='lat' dir='ltr'><strong>invenisset</strong></span> 
     </span>
    </p>
   </div>
   <div class='ocr_carea' id='block_1_111' title="bbox 986 2495 1777 2532">
    <p class='ocr_par' dir='ltr' id='par_1_111' title="bbox 986 2495 1777 2532">
     <span class='ocr_line' id='line_1_111' title="bbox 986 2495 1777 2532; baseline 0.009 -11"><span class='ocrx_word' id='word_1_777' title='bbox 986 2495 1059 2528; x_wconf 87' lang='lat' dir='ltr'><strong>quod</strong></span> <span class='ocrx_word' id='word_1_778' title='bbox 1078 2501 1187 2531; x_wconf 89' lang='lat' dir='ltr'><strong>raperet</strong></span> <span class='ocrx_word' id='word_1_779' title='bbox 1203 2497 1289 2531; x_wconf 89' lang='lat' dir='ltr'><strong>aliud,</strong></span> <span class='ocrx_word' id='word_1_780' title='bbox 1312 2503 1341 2526; x_wconf 91' lang='lat' dir='ltr'><strong>et</strong></span> <span class='ocrx_word' id='word_1_781' title='bbox 1367 2506 1470 2527; x_wconf 89' lang='lat' dir='ltr'><strong>vacuus</strong></span> <span class='ocrx_word' id='word_1_782' title='bbox 1495 2499 1586 2527; x_wconf 89' lang='lat' dir='ltr'><strong>redire</strong></span> <span class='ocrx_word' id='word_1_783' title='bbox 1602 2500 1697 2532; x_wconf 89' lang='lat' dir='ltr'><strong>nollet,</strong></span> <span class='ocrx_word' id='word_1_784' title='bbox 1724 2502 1777 2528; x_wconf 87' lang='lat' dir='ltr'><strong>do—</strong></span> 
     </span>
    </p>
   </div>
   <div class='ocr_carea' id='block_1_112' title="bbox 986 2540 1776 2580">
    <p class='ocr_par' dir='ltr' id='par_1_112' title="bbox 986 2540 1776 2580">
     <span class='ocr_line' id='line_1_112' title="bbox 986 2540 1776 2580; baseline 0.005 -13"><span class='ocrx_word' id='word_1_785' title='bbox 986 2540 1054 2567; x_wconf 91' lang='lat' dir='ltr'><strong>lium</strong></span> <span class='ocrx_word' id='word_1_786' title='bbox 1073 2542 1190 2568; x_wconf 75' lang='lat' dir='ltr'><strong>extraxit</strong></span> <span class='ocrx_word' id='word_1_787' title='bbox 1204 2542 1278 2577; x_wconf 87' lang='lat' dir='ltr'><strong>quod</strong></span> <span class='ocrx_word' id='word_1_788' title='bbox 1295 2546 1356 2570; x_wconf 88' lang='lat' dir='ltr'><strong>erat</strong></span> <span class='ocrx_word' id='word_1_789' title='bbox 1371 2543 1424 2571; x_wconf 88' lang='lat' dir='ltr'><strong>sub</strong></span> <span class='ocrx_word' id='word_1_790' title='bbox 1440 2543 1511 2571; x_wconf 88' lang='lat' dir='ltr'><strong>lecto</strong></span> <span class='ocrx_word' id='word_1_791' title='bbox 1527 2544 1690 2573; x_wconf 85' lang='lat' dir='ltr'><strong>dormientis</strong></span> <span class='ocrx_word' id='word_1_792' title='bbox 1704 2553 1776 2580; x_wconf 86' lang='lat' dir='ltr'><strong>pau-</strong></span> 
     </span>
    </p>
   </div>
   <div class='ocr_carea' id='block_1_113' title="bbox 986 2586 1773 2623">
    <p class='ocr_par' dir='ltr' id='par_1_113' title="bbox 986 2586 1773 2623">
     <span class='ocr_line' id='line_1_113' title="bbox 986 2586 1773 2623; baseline 0.008 -11"><span class='ocrx_word' id='word_1_793' title='bbox 986 2586 1070 2621; x_wconf 88' lang='lat' dir='ltr'><strong>peris,</strong></span> <span class='ocrx_word' id='word_1_794' title='bbox 1085 2594 1116 2614; x_wconf 90' lang='lat' dir='ltr'><strong>ac</strong></span> <span class='ocrx_word' id='word_1_795' title='bbox 1139 2594 1249 2614; x_wconf 87' lang='lat' dir='ltr'><strong>saccum</strong></span> <span class='ocrx_word' id='word_1_796' title='bbox 1280 2595 1333 2615; x_wconf 92' lang='lat' dir='ltr'><strong>non</strong></span> <span class='ocrx_word' id='word_1_797' title='bbox 1362 2587 1477 2621; x_wconf 88' lang='lat' dir='ltr'><strong>habens,</strong></span> <span class='ocrx_word' id='word_1_798' title='bbox 1504 2595 1608 2617; x_wconf 88' lang='lat' dir='ltr'><strong>vestem</strong></span> <span class='ocrx_word' id='word_1_799' title='bbox 1627 2591 1714 2623; x_wconf 89' lang='lat' dir='ltr'><strong>exuit,</strong></span> <span class='ocrx_word' id='word_1_800' title='bbox 1743 2594 1773 2618; x_wconf 89' lang='lat' dir='ltr'><strong>in</strong></span> 
     </span>
    </p>
   </div>
   <div class='ocr_carea' id='block_1_114' title="bbox 986 2631 1772 2669">
    <p class='ocr_par' dir='ltr' id='par_1_114' title="bbox 986 2631 1772 2669">
     <span class='ocr_line' id='line_1_114' title="bbox 986 2631 1772 2669; baseline 0.008 -12"><span class='ocrx_word' id='word_1_801' title='bbox 986 2638 1101 2666; x_wconf 86' lang='lat' dir='ltr'><strong>eamque</strong></span> <span class='ocrx_word' id='word_1_802' title='bbox 1121 2631 1251 2660; x_wconf 89' lang='lat' dir='ltr'><strong>frumenti</strong></span> <span class='ocrx_word' id='word_1_803' title='bbox 1267 2637 1399 2667; x_wconf 88' lang='lat' dir='ltr'><strong>quantum</strong></span> <span class='ocrx_word' id='word_1_804' title='bbox 1417 2641 1514 2669; x_wconf 83' lang='lat' dir='ltr'><strong>capere</strong></span> <span class='ocrx_word' id='word_1_805' title='bbox 1535 2635 1624 2669; x_wconf 92' lang='lat' dir='ltr'><strong>potuit</strong></span> <span class='ocrx_word' id='word_1_806' title='bbox 1647 2637 1750 2664; x_wconf 86' lang='lat' dir='ltr'><strong>evolvit</strong></span> <span class='ocrx_word' id='word_1_807' title='bbox 1765 2646 1772 2667; x_wconf 86' lang='lat'>;</span> 
     </span>
    </p>
   </div>
   <div class='ocr_carea' id='block_1_115' title="bbox 987 2676 1776 2712">
    <p class='ocr_par' dir='ltr' id='par_1_115' title="bbox 987 2676 1776 2712">
     <span class='ocr_line' id='line_1_115' title="bbox 987 2676 1776 2712; baseline 0.009 -10"><span class='ocrx_word' id='word_1_808' title='bbox 987 2680 1052 2702; x_wconf 89' lang='lat' dir='ltr'><strong>tunc</strong></span> <span class='ocrx_word' id='word_1_809' title='bbox 1067 2676 1142 2703; x_wconf 90' lang='lat' dir='ltr'><strong>dedit</strong></span> <span class='ocrx_word' id='word_1_810' title='bbox 1163 2685 1193 2704; x_wconf 85' lang='lat' dir='ltr'><strong>se</strong></span> <span class='ocrx_word' id='word_1_811' title='bbox 1219 2677 1246 2704; x_wconf 92' lang='lat' dir='ltr'><strong>in</strong></span> <span class='ocrx_word' id='word_1_812' title='bbox 1260 2677 1352 2712; x_wconf 79' lang='lat' dir='ltr'><strong>fugam</strong></span> <span class='ocrx_word' id='word_1_813' title='bbox 1380 2678 1549 2706; x_wconf 87' lang='lat' dir='ltr'><strong>frumentum</strong></span> <span class='ocrx_word' id='word_1_814' title='bbox 1567 2680 1707 2709; x_wconf 86' lang='lat' dir='ltr'><strong>auferens.</strong></span> <span class='ocrx_word' id='word_1_815' title='bbox 1737 2683 1776 2708; x_wconf 78' lang='lat' dir='ltr'><strong>At.</strong></span> 
     </span>
    </p>
   </div>
   <div class='ocr_carea' id='block_1_116' title="bbox 987 2722 1777 2759">
    <p class='ocr_par' dir='ltr' id='par_1_116' title="bbox 987 2722 1777 2759">
     <span class='ocr_line' id='line_1_116' title="bbox 987 2722 1777 2759; baseline 0.01 -12"><span class='ocrx_word' id='word_1_816' title='bbox 987 2729 1092 2756; x_wconf 87' lang='lat' dir='ltr'><strong>pauper</strong></span> <span class='ocrx_word' id='word_1_817' title='bbox 1107 2722 1240 2758; x_wconf 82' lang='lat' dir='ltr'><strong>evigilans</strong></span> <span class='ocrx_word' id='word_1_818' title='bbox 1256 2723 1282 2750; x_wconf 91' lang='lat' dir='ltr'><strong>in</strong></span> <span class='ocrx_word' id='word_1_819' title='bbox 1299 2728 1434 2759; x_wconf 86' lang='lat' dir='ltr'><strong>tempore,</strong></span> <span class='ocrx_word' id='word_1_820' title='bbox 1452 2723 1545 2752; x_wconf 79' lang='lat' dir='ltr'><strong>exsilit</strong></span> <span class='ocrx_word' id='word_1_821' title='bbox 1556 2732 1575 2753; x_wconf 84' lang='lat' dir='ltr'><strong>e</strong></span> <span class='ocrx_word' id='word_1_822' title='bbox 1592 2726 1666 2754; x_wconf 83' lang='lat' dir='ltr'><strong>lecto</strong></span> <span class='ocrx_word' id='word_1_823' title='bbox 1678 2728 1777 2755; x_wconf 81' lang='lat' dir='ltr'><strong>nudus</strong></span> 
     </span>
    </p>
   </div>
   <div class='ocr_carea' id='block_1_117' title="bbox 987 2768 1776 2805">
    <p class='ocr_par' dir='ltr' id='par_1_117' title="bbox 987 2768 1776 2805">
     <span class='ocr_line' id='line_1_117' title="bbox 987 2768 1776 2805; baseline 0.01 -13"><span class='ocrx_word' id='word_1_824' title='bbox 987 2768 1214 2802; x_wconf 85' lang='lat' dir='ltr'><strong>persequiturque</strong></span> <span class='ocrx_word' id='word_1_825' title='bbox 1247 2768 1354 2802; x_wconf 87' lang='lat' dir='ltr'><strong>furem;</strong></span> <span class='ocrx_word' id='word_1_826' title='bbox 1383 2769 1514 2805; x_wconf 86' lang='lat' dir='ltr'><strong>brevique</strong></span> <span class='ocrx_word' id='word_1_827' title='bbox 1537 2776 1682 2800; x_wconf 82' lang='lat' dir='ltr'><strong>assecutus</strong></span> <span class='ocrx_word' id='word_1_828' title='bbox 1699 2776 1776 2801; x_wconf 75' lang='lat' dir='ltr'><strong>male</strong></span> 
     </span>
    </p>
   </div>
   <div class='ocr_carea' id='block_1_118' title="bbox 980 2810 1779 2852">
    <p class='ocr_par' dir='ltr' id='par_1_118' title="bbox 980 2810 1779 2852">
     <span class='ocr_line' id='line_1_118' title="bbox 980 2810 1779 2852; baseline 0.01 -14"><span class='ocrx_word' id='word_1_829' title='bbox 980 2810 1146 2840; x_wconf 76' lang='lat' dir='ltr'><strong>&#39;tuuletatnm</strong></span> <span class='ocrx_word' id='word_1_830' title='bbox 1159 2813 1262 2848; x_wconf 79' lang='lat' dir='ltr'><strong>abjecta</strong></span> <span class='ocrx_word' id='word_1_831' title='bbox 1279 2820 1353 2842; x_wconf 91' lang='lat' dir='ltr'><strong>veste</strong></span> <span class='ocrx_word' id='word_1_832' title='bbox 1364 2822 1426 2842; x_wconf 86' lang='lat' dir='ltr'><strong>cum</strong></span> <span class='ocrx_word' id='word_1_833' title='bbox 1439 2814 1576 2843; x_wconf 81' lang='lat' dir='ltr'><strong>frumento</strong></span> <span class='ocrx_word' id='word_1_834' title='bbox 1590 2817 1686 2852; x_wconf 80' lang='lat' dir='ltr'><strong>fugere</strong></span> <span class='ocrx_word' id='word_1_835' title='bbox 1697 2827 1779 2846; x_wconf 80' lang='lat' dir='ltr'><strong>cout-</strong></span> 
     </span>
    </p>
   </div>
   <div class='ocr_carea' id='block_1_119' title="bbox 987 2856 1778 2898">
    <p class='ocr_par' dir='ltr' id='par_1_119' title="bbox 987 2856 1778 2898">
     <span class='ocr_line' id='line_1_119' title="bbox 987 2856 1778 2898; baseline 0.011 -15"><span class='ocrx_word' id='word_1_836' title='bbox 987 2856 1065 2891; x_wconf 91' lang='lat' dir='ltr'><strong>pulit.</strong></span> <span class='ocrx_word' id='word_1_837' title='bbox 1083 2857 1119 2884; x_wconf 90' lang='lat' dir='ltr'><strong>Ita</strong></span> <span class='ocrx_word' id='word_1_838' title='bbox 1135 2865 1238 2892; x_wconf 88' lang='lat' dir='ltr'><strong>pauper</strong></span> <span class='ocrx_word' id='word_1_839' title='bbox 1253 2864 1356 2888; x_wconf 84' lang='lat' dir='ltr'><strong>vestem</strong></span> <span class='ocrx_word' id='word_1_840' title='bbox 1368 2865 1465 2888; x_wconf 83' lang='lat' dir='ltr'><strong>nactus</strong></span> <span class='ocrx_word' id='word_1_841' title='bbox 1484 2865 1525 2888; x_wconf 87' lang='lat' dir='ltr'><strong>est</strong></span> <span class='ocrx_word' id='word_1_842' title='bbox 1548 2869 1601 2896; x_wconf 86' lang='lat' dir='ltr'><strong>qua</strong></span> <span class='ocrx_word' id='word_1_843' title='bbox 1616 2863 1727 2898; x_wconf 80' lang='lat' dir='ltr'><strong>egebat,</strong></span> <span class='ocrx_word' id='word_1_844' title='bbox 1747 2870 1778 2892; x_wconf 84' lang='lat' dir='ltr'><strong>ct</strong></span> 
     </span>
    </p>
   </div>
  </div>
