1913 3068
163 130 230 165 1933

599 130 786 162 SPECIMEN
808 109 1022 160 SAPIENTI/ﬁ
1039 123 1218 158 INDORUM
1237 123 1317 156 var.

1709 119 1777 151 123s

164 189 333 216 frumentum
347 188 374 215 in
392 187 466 214 dolio
477 187 598 222 reposuit
614 187 640 214 in
656 195 710 222 quo
722 190 781 214 erat
794 186 887 221 prius;
907 183 949 212 di-
960 184 985 214 Α
999 182 1097 210 deinde
1122 186 1150 208 ut
1166 180 1218 208 sibi
1234 180 1377 216 perquirat
1395 177 1580 206 necessarium
1605 177 1776 209 alimentum,

162 234 285 268 dicitque
303 233 416 260 minime
443 231 645 267 desperandum
671 232 697 259 in
725 231 869 267 angustiis,
896 238 945 258 ex-

163 284 258 314 pertus
273 286 334 313 qua:
349 286 402 306 non
417 282 562 312 acceperat
589 277 623 305 ab
637 278 743 307 amicis.
760 285 789 304 se
806 285 820 304 a
835 276 895 304 fure
917 280 945 303 et

163 326 241 352 hoste
256 329 430 352 assecutum:
449 324 528 359 cujus
555 323 637 350 etiam
658 331 692 350 ex
707 331 773 351 casu
801 322 946 352 intellexit.

162 378 218 398 non
229 378 288 398 esse
301 369 517 405 aggrediendum
533 369 672 404 negotium
686 369 764 405 cujus
789 369 948 404 exploratus

163 423 218 443 nou
233 415 269 443 sit
283 415 385 443 exitus.

162 473 226 502 CAP.
255 473 310 501 VII.
332 487 369 493 —
389 471 542 500 Ostenditur
571 479 623 498 non
649 479 702 499 esse
727 471 903 499 desistendum
932 478 949 495 α

201 508 307 540 labore;
330 511 356 535 et
384 507 532 542 prudentia
557 506 642 542 magis
674 507 838 534 innitendum
867 513 948 540 quam

200 543 326 578 fortuna.

199 599 263 628 Haec
275 603 366 628 tamen
381 606 436 627 non
449 606 484 627 eo
507 598 647 634 pertinent
671 602 703 626 ut
718 597 817 625 tlducia
835 604 948 625 casuum

165 645 323 681 huiusmodi
339 644 514 672 fortuitorum
531 643 672 671 remittere
687 642 850 670 industriam
867 641 949 669 omit-

166 697 278 725 tereque
290 695 417 718 conatum
436 689 603 722 debeamus;
626 688 785 716 haerendum
808 691 851 716 est
874 687 949 715 enim

166 736 193 763 in
208 743 241 763 eo
258 735 331 770 quod
359 736 521 770 plerumque
537 734 589 767 fit;
610 734 680 762 solet
706 738 798 761 autem
827 733 949 760 invenire

165 782 212 816 qui
228 781 336 816 qumril.
356 780 492 814 Quocirca
519 780 570 807 etsi
600 779 749 815 aliquando
775 779 879 806 videris
897 778 948 805 ali-

166 834 248 861 quem
258 825 394 853 invenisse
402 826 466 854 licet
478 832 532 852 non
544 829 687 860 quaereret.
698 832 732 852 ne
741 825 790 851 tali
800 824 875 852 casui
890 828 951 851 tan-

168 879 251 907 quam
267 871 317 899 tibi
331 878 440 906 quoque
451 874 584 898 eventuro
598 869 729 901 conﬁdas,
743 877 812 897 neve
838 868 952 896 recedas

168 916 333 945 acommuni
345 924 395 944 usu
411 915 568 951 regulaque,
595 915 802 943 demonstrante
830 914 870 942 sic
895 913 954 941 fere

170 963 229 990 fieri
243 962 333 990 solere
352 966 381 988 ut
397 961 417 989 ii
440 961 552 988 demum
583 961 726 988 inveniant
752 960 799 995 qui
815 964 952 995 quaerunt.

170 1008 300 1035 Naturam
323 1013 389 1040 ergo
418 1013 510 1033 rerum
534 1009 562 1032 et
586 1005 758 1040 negotiorum
786 1003 954 1040 perscrutari

169 1057 288 1087 oportet,
303 1052 502 1087 explorareque
519 1051 676 1086 diligenter,
699 1051 864 1087 comparatis
876 1051 955 1078 diffe-

171 1097 270 1124 rentiis
287 1100 436 1125 eventuum
450 1103 456 1128 ;
479 1103 518 1126 ex
545 1103 631 1130 eaque
648 1096 852 1131 comparatione
868 1095 955 1123 ratio-

171 1141 290 1170 cinando
308 1141 409 1169 inferre
424 1148 478 1176 qua
493 1141 536 1168 via
551 1141 668 1175 grassari
680 1141 714 1168 ad
735 1141 864 1176 quodque
880 1149 956 1168 asse-

170 1187 310 1223 queudum
324 1191 450 1222 oporteat
463 1195 471 1220 ;
489 1192 520 1214 ut
531 1191 559 1213 ct
580 1193 613 1213 ex
627 1185 706 1213 bonis
720 1193 780 1220 quae
793 1186 956 1220 contingunt

171 1232 313 1260 industriae
329 1232 480 1267 prudenter
498 1231 634 1266 operanti,
651 1231 836 1265 intelligamus
848 1230 914 1265 quid
929 1234 957 1257 et

170 1284 224 1311 qua
237 1276 280 1303 via
297 1275 518 1311 persequendum
537 1275 582 1307 sit,
602 1279 631 1302 et
642 1282 676 1302 ex
694 1274 773 1303 malis
788 1274 814 1301 in
832 1282 893 1310 qua
907 1273 956 1301 de-

172 1322 303 1349 labuntur
323 1320 460 1348 temerarii
485 1326 670 1355 aggressores,
687 1325 868 1354 agnoscamus
889 1318 954 1353 quid

172 1367 250 1394 vitari
274 1368 430 1399 conveniat,
451 1374 486 1394 ne
498 1367 524 1394 in
548 1366 647 1394 similia
661 1365 758 1393 damna
774 1366 956 1393 incurramus.

173 1413 229 1441 Nisi
244 1413 318 1441 enim
330 1413 366 1441 ita
391 1413 540 1441 fecerimus
566 1412 669 1440 similes
690 1412 795 1440 erimus
811 1412 955 1445 columbae,

148 1494 156 1498 ε
173 1468 244 1494 quis,
257 1460 324 1488 licet
336 1459 437 1487 viderit
453 1458 544 1494 pullos
554 1466 619 1487 suos
635 1458 724 1486 occidi
735 1466 828 1486 coram
843 1466 884 1490 se,
901 1466 956 1486 non

997 227 1116 261 denique
1143 231 1173 253 ut
1206 230 1281 253 recte
1307 232 1370 253 cum
1400 223 1559 251 hominibus
1586 226 1778 250 conversetur.

998 274 1132 301 Dixerunt
1144 273 1227 300 etiam
1244 271 1337 305 iidem,
1349 271 1488 298 hominem
1501 269 1621 297 desident
1637 274 1665 296 et
1681 269 1779 303 supine

999 325 1140 349 securum.
1176 320 1279 344 temere
1313 315 1472 343 credentem
1514 314 1668 341 rationibus
1710 314 1780 340 male

998 364 1211 394 cohaerentibus,
1236 370 1352 398 quarum
1379 361 1578 389 connexionem
1606 367 1683 386 mens
1721 359 1781 392 eius

1001 411 1060 445 ipsa
1085 417 1139 436 non
1160 409 1260 443 capiat,
1284 408 1401 435 similem
1424 414 1485 433 esse
1509 405 1613 432 homini
1638 405 1780 431 voluntate

1001 456 1114 490 propria
1132 455 1201 481 duce
1227 453 1254 480 in
1276 453 1360 481 rebus
1376 460 1436 486 qua:
1460 451 1514 485 agit
1539 450 1601 477 vice
1627 450 1782 476 intellectus

1002 501 1103 531 ulenli.
1126 499 1358 534 persuadentique
1374 498 1424 524 sibi
1443 505 1503 532 qua:
1518 495 1571 530 ipsi
1591 496 1709 530 placent,
1728 495 1781 522 etsi

1000 554 1014 573 a
1034 545 1192 572 vcroaliena
1204 545 1310 571 easint.
1330 544 1440 571 Minime
1459 543 1640 570 autem-decet
1662 541 1776 576 pruden-

1001 596 1055 619 tem
1072 591 1160 618 virum
1178 590 1291 625 obsequi
1305 598 1360 617 sum
1370 589 1516 622 voluntati,
1535 588 1686 623 prmsertim
1720 595 1782 614 cum

999 635 1148 664 oﬂ‘ensione
1160 635 1295 668 aliorum;
1308 642 1398 670 neque
1409 634 1507 662 leviter
1522 633 1634 661 credere
1651 632 1785 660 sermoni-

999 683 1052 710 bus
1062 682 1213 713 hominum,
1229 686 1368 715 utcunque
1380 687 1491 707 veraces
1504 679 1553 714 ipsi
1567 679 1720 710 videantur,
1730 678 1784 705 nisi

1000 727 1072 755 ratio
1098 727 1125 754 in
1149 726 1230 754 dictis
1255 727 1374 753 eluceat.
1400 724 1490 758 Quare
1515 725 1538 752 si
1564 724 1612 759 qui
1632 724 1784 758 loquuntur

1003 773 1094 809 ignavi
1114 779 1146 800 ac
1164 771 1335 807 negligentes
1351 774 1510 806 appareant,
1525 770 1671 805 diligenter
1687 777 1786 796 caven-

1003 819 1080 851 dum,
1093 826 1129 846 ne
1146 818 1174 845 in
1186 817 1365 845 a‘stimatione
1380 816 1555 852 negotiorum
1567 816 1785 846 oceurrentium,

1003 868 1088 899 atque
1113 863 1141 890 in
1163 870 1255 890 rerum
1277 861 1459 897 gerendarum
1481 860 1785 892 notitia-informanda,

1004 908 1171 937 testimoniis
1193 908 1290 935 talium
1307 908 1469 935 innitamur.
1486 908 1590 935 Praeter
1606 908 1657 934 ista
1675 907 1787 941 sapiens

1004 955 1142 982 monitum
1163 958 1206 981 est
1220 962 1226 980 :
1242 953 1296 986 Qui
1321 953 1446 981 studiose
1461 953 1560 988 satagit
1579 953 1607 980 in
1629 957 1730 979 conatu
1747 953 1786 978 rei

1005 1007 1066 1032 quae
1084 999 1143 1027 ﬁeri
1160 1007 1214 1026 non
1230 1003 1331 1034 potest,
1351 1003 1381 1027 et
1395 999 1553 1026 inconsulto
1568 999 1624 1025 ruit
1639 998 1748 1034 impetu
1759 999 1787 1024 in

1005 1051 1104 1074 metam
1124 1053 1180 1073 non
1199 1045 1355 1080 contiguam
1381 1045 1508 1072 humana;
1531 1044 1667 1076 facultati,
1690 1045 1788 1071 similis

1004 1095 1046 1119 est.
1063 1090 1185 1119 currenti
1213 1095 1289 1118 extra
1315 1090 1399 1123 viam,
1413 1095 1487 1118 tanto
1500 1091 1602 1125 largius
1616 1091 1787 1121 aberraluro,

1006 1142 1110 1172 quanto
1139 1137 1263 1165 velocius
1290 1137 1485 1165 contenderit:
1517 1137 1671 1172 comparari
1706 1137 1788 1164 etiam

1006 1188 1097 1219 potest
1113 1184 1217 1211 homini
1233 1184 1278 1212 cui
1295 1191 1357 1211 cum
1377 1183 1447 1211 forte
1463 1183 1567 1211 festuca
1589 1183 1661 1210 intra
1678 1183 1789 1210 oculqu

1007 1228 1148 1260 inciderit.
1161 1229 1252 1264 pergit
1265 1237 1328 1257 eum
1344 1229 1499 1257 confricare
1515 1229 1606 1264 quoad
1622 1233 1787 1256 excmcetur.

1006 1274 1076 1302 illud
1092 1282 1203 1310 quoque
1224 1275 1327 1302 habere
1350 1275 1405 1312 alte
1420 1275 1534 1302 inﬁxum
1556 1274 1640 1301 menti
1661 1274 1791 1301 convenit

1007 1320 1147 1348 hominem
1162 1320 1316 1354 eordatum,
1330 1320 1402 1348 volvi
1415 1325 1491 1348 certa
1506 1321 1565 1355 lege
1582 1320 1658 1347 vices
1669 1324 1788 1349 mutuas.

1007 1372 1036 1395 et
1053 1368 1197 1395 verissime
1212 1374 1356 1402 passurum
1375 1366 1471 1394 eadem
1487 1374 1715 1402 unumquemque
1729 1374 1791 1401 quae

1008 1413 1129 1446 fecerit;
1156 1413 1251 1448 itaque
1278 1412 1420 1440 attendere
1446 1413 1498 1440 sibi
1526 1413 1577 1448 ipsi
1611 1413 1712 1440 debere
1743 1412 1791 1447 qui

1009 1458 1110 1487 laedere
1126 1458 1211 1486 alium
1230 1462 1320 1493 parat,
1344 1463 1522 1493 statuereque
1538 1457 1653 1486 omnino
1668 1459 1791 1485 futurum

173 1503 276 1531 deserit
288 1503 379 1531 locum
393 1503 438 1531 ubi
464 1503 663 1536 nidificaverat.
680 1503 727 1532 sed
743 1509 840 1532 rursus
859 1504 885 1531 in
910 1511 959 1532 eo-
971 1519 994 1550 ο
1011 1509 1041 1533 ut
1069 1512 1119 1540 par
1135 1504 1188 1540 ipsi
1203 1504 1351 1532 referatur.
1370 1503 1448 1532 Unde
1469 1503 1646 1531 manifestum
1661 1508 1714 1532 est.
1728 1511 1791 1530 eum

173 1550 236 1577 (lem
249 1557 298 1577 ova
311 1549 400 1584 ponit,
413 1548 503 1584 iisque
518 1549 640 1582 incubat,
658 1550 747 1578 donec
765 1553 793 1578 et
809 1550 866 1581 ipsa
879 1553 959 1585 capta

174 1599 319 1623 mactetur.
337 1596 421 1624 Decet
433 1595 516 1631 igitur
527 1595 666 1623 hominem
683 1597 833 1624 intuentem
844 1603 958 1630 scopum

175 1642 246 1669 viam
268 1641 302 1669 ad
334 1649 397 1669 eum
426 1646 529 1670 rectam
552 1641 666 1676 eligere,
695 1641 803 1676 sibique
827 1643 958 1670 terminos

175 1687 324 1722 pra-figere,
342 1687 413 1714 ultra
431 1694 500 1722 quos
518 1694 573 1714 non
585 1691 716 1721 evagetur
730 1707 737 1719 ,
749 1694 871 1721 curaque
882 1687 959 1722 vigili

176 1730 203 1757 in
214 1738 263 1758 usu
272 1738 303 1758 ac
312 1735 426 1758 tractatu
438 1730 609 1766 negotiorum
620 1730 767 1762 excubare,
775 1735 960 1766 praetereaque

177 1775 260 1808 scire,
272 1783 380 1804 omnem
397 1775 538 1803 hominem
553 1777 600 1811 qui
619 1776 713 1804 labore
728 1782 811 1811 atque
824 1776 960 1804 industria

176 1820 347 1847 contendens
365 1820 393 1847 in
405 1820 529 1848 futurum
549 1820 678 1852 consulit,
700 1820 844 1848 commode
871 1821 961 1848 victu-

177 1873 258 1898 rum;
294 1865 340 1900 qui
366 1872 432 1892 vero
460 1870 622 1900 praesentem
656 1870 760 1893 tantum
787 1871 816 1893 et
851 1866 960 1894 labilem

177 1909 323 1937 utilitatem
339 1909 480 1937 laboribus
495 1910 553 1938 suis
568 1915 669 1945 captat,
699 1911 727 1938 iu
753 1911 892 1939 miseriam
920 1912 962 1940 la-

178 1961 300 1989 psurum;
318 1961 400 1988 porro
411 1954 458 1989 qui
473 1954 499 1982 in
511 1959 627 1989 utroque
644 1955 826 1989 contenderit,
835 1957 875 1984 sic
891 1964 962 1991 prze-

177 2003 283 2026 sentem
317 1999 439 2027 fructum
479 2004 594 2035 captans
626 2005 655 2027 ut
695 2001 816 2028 futuram
852 2009 960 2036 quoque

178 2045 323 2073 utilitatem
339 2053 491 2081 procurare
520 2053 576 2073 non
605 2046 732 2079 desinat,
759 2054 822 2074 eum
847 2051 875 2074 et
898 2047 961 2074 vitae

177 2091 330 2119 commodis
346 2099 400 2120 non
416 2092 580 2125 cariturum,
601 2096 629 2120 et
648 2093 764 2127 ,laudem
793 2093 962 2128 gloriamque

179 2138 357 2173 adepturum.

213 2183 277 2212 Car.
298 2183 365 2212 VIII.
382 2199 418 2205 —
434 2184 564 2217 Quu'dam
597 2185 652 2212 alia
681 2187 782 2213 monita
807 2183 910 2214 utilia:
938 2193 962 2213 et

355 2219 488 2246 conclusio
505 2219 675 2256 Prwfationis
692 2221 782 2256 hujus.

214 2276 333 2304 Etlatum
357 2281 385 2306 et
405 2277 458 2305 hoc
483 2278 638 2312 sapieiuum
665 2283 718 2310 est,
755 2287 808 2308 tria
843 2280 962 2307 tenenda

180 2322 285 2350 homini
308 2330 386 2351 esse:
409 2323 528 2358 primum
555 2328 585 2351 ut
605 2323 686 2352 fidem
712 2333 788 2352 suam
813 2326 962 2356 custodiat.

964 2397 990 2404 —

1010 1550 1056 1585 qui
1069 1550 1189 1578 amicum
1205 1551 1373 1578 contristare
1385 1557 1440 1577 non
1465 1549 1575 1577 dubitat
1590 1550 1696 1585 ingrato
1709 1549 1792 1578 facto.

1010 1595 1065 1623 sibi
1085 1603 1188 1623 nocere
1213 1595 1276 1629 ipsi,
1304 1599 1332 1622 et
1357 1595 1386 1622 in
1413 1599 1497 1630 caput
1526 1594 1670 1630 proprium
1688 1597 1792 1628 pestem

1010 1640 1328 1668 accersere.Extremum
1342 1639 1425 1675 hujus
1440 1640 1613 1668 Praefationis
1627 1644 1793 1675 praeceptum

1010 1690 1090 1713 esto:
1107 1686 1155 1720 qui
1172 1685 1278 1712 areedit
1297 1685 1329 1712 ad
1356 1685 1440 1721 hujus
1466 1686 1530 1713 libri
1554 1686 1713 1716 lcelionem.
1740 1694 1793 1712 nou

1011 1731 1114 1759 cursim
1129 1731 1348 1765 praetervehitor,
1368 1731 1415 1758 sed
1445 1731 1521 1759 lente
1544 1739 1576 1759 ac
1594 1731 1795 1759 meditabundc

1011 1777 1176 1812 perpendito
1184 1777 1290 1812 singula
1303 1785 1310 1809 ;
1324 1784 1386 1804 nam
1402 1777 1603 1804 considerando
1617 1782 1646 1804 et
1660 1777 1797 1811 profunde

1013 1823 1193 1858 peuetrando,
1217 1823 1307 1850 latens
1329 1823 1381 1850 sub
1397 1823 1528 1858 symbolis
1552 1830 1678 1856 eruetur,
1708 1828 1737 1850 et
1767 1823 1794 1849 in

1012 1869 1132 1895 fructum
1147 1867 1278 1902 prodibit,
1300 1867 1416 1895 utilitas.
1432 1867 1494 1895 llaec
1511 1867 1661 1897 habuimus
1671 1867 1698 1894 in
1714 1873 1794 1894 ante-

1012 1921 1121 1941 cessum
1147 1914 1329 1949 suggerenda,
1346 1913 1452 1949 quibus.
1462 1914 1539 1941 velut
1555 1913 1728 1941 initiaremus
1740 1915 1796 1949 jam

1013 1969 1028 1988 a
1051 1960 1191 1988 vestibulo
1216 1959 1392 1995 ingressurus
1425 1960 1453 1987 in
1490 1959 1677 1995 cognitionem
1716 1960 1798 1996 hujus

1007 2005 1104 2040 operis
1114 2026 1121 2037 ,
1137 2006 1211 2041 quod
1223 2014 1285 2033 cum
1297 2006 1448 2034 viderimus
1458 2007 1526 2034 tanti
1540 2007 1665 2034 habitum
1680 2014 1695 2034 a
1706 2007 1798 2034 Persis

1014 2056 1044 2078 ut
1069 2051 1136 2078 illud
1162 2060 1195 2079 ex
1213 2052 1307 2079 indico
1336 2051 1468 2080 idiomate
1496 2052 1525 2079 in
1554 2059 1635 2079 suum
1658 2052 1797 2079 Persicum

1014 2097 1209 2131 transferrent,
1230 2105 1280 2125 nos
1296 2105 1406 2132 quoque
1423 2098 1620 2133 elaborgtndum
1641 2098 1798 2133 putavimus

1016 2147 1045 2183 ut
1058 2147 1151 2169 nostra
1165 2150 1250 2177 opera
1264 2143 1350 2170 Graeci
1363 2147 1500 2171 nostrates
1513 2143 1798 2177 illudcognoseerent,

1019 2189 1135 2222 lucoque
1160 2188 1198 2216 illi
1218 2189 1294 2216 velut
1307 2189 1431 2224 qumdam
1448 2189 1577 2224 prmludia
1592 2189 1798 2224 prmtexuimus,

1015 2235 1118 2269 quibus
1144 2236 1178 2262 ad
1197 2235 1307 2263 facilius
1333 2234 1540 2271 percipiendam
1556 2242 1634 2263 ex-co
1651 2235 1799 2265 utilitatem

1016 2284 1205 2315 pra-parentur
1213 2280 1342 2309 lectores.

760 2438 1091 2470 PROLEGOMENON
1120 2438 1174 2469 Ill.

259 2497 410 2537 Prwfatio
427 2497 554 2528 Perzoi:
578 2498 701 2535 medici,
718 2500 771 2540 qui
787 2499 868 2530 hunc
888 2499 1004 2530 librum
1017 2509 1056 2530 ea:
1070 2499 1181 2539 lingua
1195 2499 1307 2530 Indica
1332 2500 1365 2530 in
1382 2500 1538 2530 Persicam
1553 2502 1720 2531 convertit.

180 2564 244 2592 Ου’.
265 2562 287 2590 1.
304 2577 339 2583 —-
361 2561 468 2588 Peneis
483 2569 576 2597 genus,
599 2567 683 2595 ortus,
705 2564 837 2595 educatio,
850 2564 960 2592 studia:

216 2604 243 2625 ut
255 2598 299 2625 ille
311 2597 445 2624 medicina:
453 2597 639 2634 professionem
651 2607 705 2632 pra:
725 2600 826 2626 caeteris
844 2600 951 2634 elegerit

216 2641 318 2669 quoque
331 2637 408 2667 pacto
425 2633 459 2659 sit
474 2634 500 2659 in
521 2632 569 2659 illa
586 2637 716 2660 versatus.

217 2702 291 2730 Dixit
302 2702 419 2730 Perzoes
434 2701 562 2737 princeps
577 2702 748 2730 medicorum
765 2703 837 2737 apud
852 2703 961 2737 Persas,

183 2747 231 2783 qui
246 2753 274 2776 et
286 2749 360 2776 hunc
372 2748 474 2776 librum
482 2754 516 2776 ex
526 2747 621 2776 indico
632 2748 764 2777 idiomate
779 2750 807 2776 in
818 2749 963 2777 Persarum

185 2794 304 2830 linguam
321 2794 478 2822 transtulit:
493 2793 562 2822 dixit
576 2798 668 2822 autem
679 2794 713 2822 dc
724 2803 754 2823 se
765 2795 892 2830 ipsoqua‘.
910 2795 963 2823 sibi

186 2847 201 2866 a
216 2847 302 2873 puero
318 2839 496 2874 contigerint,
514 2839 616 2874 quibus
632 2839 786 2873 disciplinis
801 2840 965 2868 interemtus

1011 2563 1106 2596 fuerit,
1114 2563 1215 2598 quidve
1225 2563 1288 2590 boni
1300 2563 1396 2591 fecerit
1407 2563 1433 2590 in
1448 2564 1512 2596 vita,
1522 2571 1654 2592 exercens
1665 2563 1798 2591 medicum

1013 2615 1101 2637 artem
1124 2614 1184 2644 post
1199 2617 1279 2636 suum
1297 2617 1328 2636 ex
1343 2609 1416 2636 Indis
1442 2610 1475 2637 ad
1492 2610 1588 2637 Persas
1616 2610 1734 2637 reditum
1748 2619 1755 2642 ;
1771 2615 1800 2637 ct

1017 2660 1046 2682 ut
1067 2655 1218 2682 honoratus
1235 2654 1318 2681 fuerit
1333 2662 1347 2681 τι
1359 2663 1422 2690 rege
1437 2655 1571 2682 Chosroe.
1601 2656 1673 2682 Dixit
1707 2660 1800 2683 autem

1018 2702 1080 2729 sic:
1108 2701 1170 2729 Fuit
1196 2706 1274 2735 pater
1306 2708 1384 2728 meus
1409 2709 1443 2728 ex
1470 2702 1625 2730 illustribus
1656 2702 1800 2734 militibus;

1020 2752 1108 2775 mater
1123 2754 1187 2774 vero
1204 2754 1263 2774 mea
1282 2754 1314 2774 ex
1333 2746 1440 2774 filiabus
1455 2754 1613 2782 magnorum
1630 2752 1657 2775 et
1672 2752 1798 2782 praestan-

1022 2795 1090 2821 tium
1103 2796 1295 2827 satraparum:
1316 2797 1344 2820 ct
1359 2792 1444 2827 gratia
1458 2792 1505 2820 Dei
1522 2793 1607 2820 nostri
1626 2792 1663 2820 fui
1680 2793 1714 2820 ah
1736 2793 1802 2827 ipsis

1020 2842 1128 2866 amatus
1143 2842 1171 2865 ct
1187 2837 1338 2864 hOIIOI‘MUS
1366 2845 1448 2870 supra
1474 2845 1571 2873 omnes
1597 2837 1694 2866 fratres
1715 2845 1801 2866 lllCOS.

1766 2964 1790 2984 ..1
