1913 3068
120 75 190 111 1235

826 79 1029 111 ΑΡΡΕΝΙΠΧ.

1668 78 1738 111 1236

119 133 249 165 Traditus
265 140 357 164 autem
377 137 516 172 magistris
533 143 592 164 sum
610 141 640 164 ut
658 136 794 164 discerem
811 141 898 165 artem
914 140 936 168 Α
951 137 1041 171 nihil;
1058 137 1115 165 hate
1138 137 1214 165 enim
1228 137 1294 164 vilia
1319 140 1348 164 et
1372 136 1452 164 nihili
1478 136 1557 164 stulti
1571 136 1671 171 (qualis
1683 145 1737 172 ego

118 182 336 218 grammaticam,
353 183 433 218 cujus
454 187 546 217 partes
560 190 656 210 omnes
683 183 808 217 percurri
825 190 900 210 com-

118 227 308 262 prehendique
334 233 439 262 septem
466 227 565 260 annis;
596 231 625 255 et
654 228 710 263 jam
738 228 899 256 existimans

117 274 276 308 percepisse
290 280 335 301 me
351 273 419 301 satis
437 274 573 301 elementa
598 273 644 301 illa
669 273 768 308 prima,
795 274 850 301 dixi
866 274 899 302 ad

118 326 163 345 me
178 319 266 353 ipsum
280 318 432 351 :Quatuor,
442 323 473 346 ut
483 319 575 350 video,
583 327 628 347 res
640 323 705 346 sunt
720 327 789 355 quas
803 327 900 347 omnes

119 363 247 391 homines
269 365 584 398 sequunturfstudentes
608 364 742 400 adipisci;
768 373 817 393 eas
843 365 900 393 sin-

118 409 234 443 gillatim
261 409 440 438 considerare
464 418 508 437 me
535 415 646 445 oportet
672 412 899 446 perpendereque

118 462 151 483 ac
168 455 326 483 discernere
354 463 585 492 unamquamque,
610 457 704 492 sicque
730 458 899 484 constituere

118 508 179 535 quis
193 502 229 528 sit
254 501 368 536 optima,
398 506 429 531 ut
455 502 528 529 illam
547 510 708 537 persequar.
736 502 807 530 Sunt
833 509 900 536 ergo

118 547 173 575 illa;
187 552 306 582 quatuor
318 555 380 576 res:
398 549 487 582 prima
498 546 649 583 opulentia,
664 548 750 575 altera
763 548 898 582 voluptas,

118 593 199 619 tertia
218 596 352 627 potestas,
380 597 521 628 postrema
549 600 654 620 merces
670 594 728 620 sive
758 593 900 627 praemium

117 645 222 673 opere.
240 639 280 666 ‘Et
304 638 416 674 quidem
444 638 518 673 quod
545 638 578 666 ad
607 639 761 665 mercedem
791 639 899 670 attinet,

118 682 202 718 huius
215 683 313 719 ampla:
329 689 358 711 et
370 683 488 718 copiosa:
504 691 628 718 magnam
643 691 720 718 spem
746 684 901 712 ostentabat

118 729 253 763 professio
265 729 334 756 artis
347 729 480 762 medicae;
499 737 562 756 nam
588 729 660 756 illam
684 729 739 764 jam
763 729 900 765 elegeram

118 775 226 802 caeteris
249 775 409 810 praferens,
425 783 459 803 eo
475 775 550 811 quod
572 775 678 802 laudari
709 775 783 802 illam
798 784 812 802 a
832 782 899 811 pru-

119 821 250 848 dentibus
267 821 395 849 omnibns
411 821 544 852 viderem.
559 826 586 848 et
602 821 674 856 apud
688 826 805 849 cunctos
821 828 900 855 teque

118 866 210 893 omnis
223 870 306 894 secta:
324 873 357 894 ac
371 867 512 902 religionis
524 867 650 894 homines
668 867 695 894 in
712 867 815 894 honore
827 874 898 894 esse.

121 911 305 947 Reperiebam
330 917 421 947 autem
447 913 568 940 inlibris
590 913 732 940 medicinae
757 913 899 940 scientiam

124 958 307 990 tradentibus,
318 958 483 986 laudabilem
492 958 519 986 in
531 959 629 994 primis
637 966 697 986 esse
712 959 758 994 qui
772 959 900 986 medendi

118 1001 276 1031 facultatem
291 1011 451 1038 comparare
465 1004 518 1031 sibi
534 1005 653 1037 studeat,
667 1010 815 1039 propterea
828 1005 900 1039 quod

117 1057 176 1076 eam
189 1049 300 1077 aﬂ‘ectet
309 1053 395 1076 artem
409 1049 452 1077 cui
462 1049 621 1083 quotidiana
632 1050 775 1083 proveniat
785 1056 899 1077 merces.

119 1095 157 1122 Eo
173 1103 332 1129 persuasus,
346 1099 375 1122 et
391 1095 442 1122 hac
456 1102 504 1129 spe
522 1095 642 1127 illectus,
656 1095 733 1122 istam
751 1095 900 1130 professio-

119 1149 181 1168 nem
211 1141 321 1168 cunctis
348 1140 414 1167 aliis
440 1141 560 1175 praetuli,
588 1148 643 1168 non
670 1141 764 1175 utique
789 1146 901 1175 propter

117 1186 315 1221 temporariam
339 1186 506 1217 mercedem.
535 1186 583 1213 sed
606 1190 720 1221 propter
748 1191 899 1220 icternam;

118 1239 152 1258 ne
161 1231 230 1258 forte
240 1231 340 1258 similis
352 1232 403 1258 sim
417 1231 564 1259 mercatori
583 1231 728 1263 damnoso,
743 1231 900 1266 quihahens

119 1276 299 1312 hyacinthum
325 1276 446 1311 ingentis
480 1276 574 1312 pretii,
602 1284 658 1310 quo
686 1284 740 1303 uno
773 1280 900 1310 potuerat

118 1322 195 1349 dives
207 1322 277 1354 fieri,
292 1322 462 1356 permutavit
475 1322 552 1349 illum
568 1329 653 1357 grano
668 1322 734 1349 mali
756 1322 848 1357 punici
866 1322 900 1348 ad

116 1369 186 1395 nihil
215 1367 441 1403 utili..Comperi
463 1377 560 1396 rursus
577 1370 709 1403 quaerenti
739 1377 788 1403 per
819 1370 898 1397 istam

117 1413 317 1448 professionem
332 1414 487 1441 mercedem
513 1419 655 1447 aeternam,
670 1422 723 1441 non
739 1415 899 1442 defuturum

951 183 1025 218 sum)
1041 187 1247 218 persequuntur
1260 187 1288 210 et
1296 187 1398 210 amant.
1415 182 1564 218 Quousque
1580 190 1634 210 non
1646 182 1737 218 fugies

951 233 1142 256 momentanea
1152 229 1164 256 ἵ
1173 236 1228 256 non
1246 236 1355 264 quaeres
1368 228 1560 263 sempiterna?
1577 236 1632 255 non
1646 236 1735 263 parvo

951 275 1007 301 eris
1021 279 1150 302 contenta
1178 275 1206 302 in
1224 274 1384 301 necessario
1403 273 1557 301 alimento?
1571 281 1627 300 non
1643 273 1735 308 impe-

952 319 1027 347 rabis
1041 320 1091 347 tibi
1106 319 1133 347 in
1145 324 1259 348 strenua
1271 319 1443 347 exhibitione
1460 319 1594 346 bonorum
1606 326 1734 352 operum,

952 364 1144 392 contendendo
1174 365 1202 392 in
1230 364 1274 391 his
1299 368 1433 399 quantum
1460 363 1736 399 poterislblemento

952 417 1036 445 porro
1050 410 1261 445 compositionis
1285 411 1326 438 tui
1343 410 1479 445 corporis,
1501 414 1529 438 et
1545 409 1646 445 quibus
1663 409 1734 436 illud

951 457 1062 484 casibus
1077 457 1113 484 sit
1123 457 1283 484 obnoxium.
1298 457 1454 485 Recordare
1476 457 1581 484 luteum
1600 456 1673 483 istud
1687 463 1736 482 vas

951 503 1101 531 conﬂatum
1117 511 1178 530 esse
1197 511 1230 531 ex
1252 507 1373 538 quatuor
1395 503 1558 530 humoribus
1577 503 1650 529 inter
1674 508 1737 528 sese

950 549 1147 585 pugnantibus,
1167 557 1286 584 quorum
1309 549 1377 578 illud
1393 550 1484 584 ipsum
1511 554 1650 577 certamen
1679 549 1735 575 vita

951 594 1072 623 humana
1101 600 1247 631 est;quae
1274 595 1388 630 quidem
1426 596 1482 623 vita
1513 595 1570 622 cito
1600 594 1734 629 praterit,

950 641 1053 676 quippe
1067 641 1166 669 similis
1181 647 1279 669 statuae
1296 641 1455 676 compactili
1476 649 1510 668 ex
1528 640 1622 668 multis
1648 640 1736 675 parti-

951 688 1003 715 bus
1019 688 1092 715 inter
1104 695 1164 716 sese
1177 688 1334 715 commissis
1345 695 1393 722 per
1405 687 1498 714 clavos
1513 686 1620 717 inﬁxos,
1633 686 1736 720 quibus

951 734 1055 762 avulsis
1073 734 1190 762 solvitur
1215 738 1327 765 statua;
1352 734 1393 761 sic
1417 741 1447 761 se
1475 733 1559 760 habet
1581 733 1734 759 humanum

951 786 1051 813 corpus
1059 780 1191 814 temperie
1205 783 1425 814 coagmentatum
1438 777 1567 812 quadam,
1579 783 1641 811 quae
1652 775 1735 802 simul

951 824 1077 857 deﬂuxit,
1093 825 1181 860 ipsum
1192 829 1316 852 remanet
1328 828 1478 851 mortuum.
1495 822 1556 850 Noli
1574 829 1667 849 errare
1682 828 1736 847 nec

952 870 1056 904 imponi
1071 870 1120 897 tibi
1148 870 1232 902 sinas,
1259 877 1276 898 ο
1292 870 1382 897 anima
1411 876 1481 900 mea,
1500 868 1578 902 quasi
1606 873 1735 902 niagnnm

950 916 1013 943 vita
1028 916 1141 949 bonum,
1158 921 1187 944 et
1203 924 1254 951 pro
1278 924 1334 950 quo
1349 920 1456 943 certare
1471 915 1504 942 ad
1517 918 1669 941 extremum
1693 912 1737 938 di-

950 969 1034 996 gnum
1048 961 1094 993 sit,
1107 961 1257 996 repositum
1270 961 1358 988 videri
1377 960 1475 988 debeat
1493 960 1519 986 in
1533 958 1736 986 consuetudine

951 1007 1092 1041 tutelaque
1116 1007 1240 1042 gravium
1262 1012 1289 1034 et
1327 1007 1481 1041 potentium
1510 1007 1672 1035 amicorum,
1706 1004 1736 1030 in

948 1051 1072 1087 jucundo
1086 1052 1282 1084 contubernio,
1295 1056 1321 1079 et
1331 1051 1552 1078 confabulatione
1566 1049 1734 1084 elegantium

951 1097 1178 1130 adolescentum;
1203 1105 1266 1124 nam
1294 1097 1392 1124 horum
1424 1097 1546 1123 omnium
1578 1094 1736 1129 frequentia

951 1143 1090 1170 modicum
1115 1143 1221 1178 gaudii,
1236 1143 1352 1170 multum
1367 1142 1470 1170 doloris
1493 1147 1591 1174 creat;
1608 1140 1662 1167 imo
1675 1140 1737 1174 ple-

950 1196 1068 1223 rumque
1082 1189 1108 1215 in
1124 1189 1217 1216 odium
1231 1193 1259 1216 et
1276 1188 1376 1216 bellum
1394 1187 1506 1215 desinit.
1520 1187 1599 1220 Quod
1613 1186 1649 1213 ita
1660 1192 1734 1217 esse,

951 1234 997 1260 ubi
1014 1238 1040 1260 te
1057 1241 1152 1260 ausam
1171 1233 1292 1267 experiri
1318 1236 1435 1260 eventus
1456 1232 1591 1263 docuerit,
1610 1230 1735 1265 profecto

952 1279 1006 1306 icta
1018 1280 1118 1306 damno
1139 1279 1299 1312 improsperi
1313 1286 1466 1310 successus,
1486 1276 1661 1304 succensebis
1686 1275 1733 1302 isti

951 1325 1128 1360 experientia:
1139 1334 1146 1357 ;
1156 1325 1338 1358 similiterque
1352 1324 1435 1350 iacies
1446 1327 1475 1349 ut
1486 1323 1531 1357 qui
1545 1322 1586 1348 usi
1595 1320 1733 1348 cochleari

951 1371 985 1398 ad
1006 1378 1116 1405 sapores
1134 1370 1290 1405 probandos
1301 1369 1471 1404 jusculorum
1485 1372 1532 1394 aut
1549 1367 1733 1394 sorbitionum

952 1417 1116 1448 oblatarum,
1127 1416 1150 1443 si
1165 1416 1316 1450 cujuspiam
1334 1421 1432 1442 eorum
1459 1414 1599 1441 amarities
1613 1413 1735 1447 linguam

116 1459 267 1494 quidquam
284 1464 375 1493 neque
397 1459 424 1486 in
441 1460 494 1486 hoc
518 1459 620 1486 szeculo
635 1467 725 1493 neque
742 1459 769 1486 in
788 1460 899 1491 futuro;
914 1466 935 1494 c
950 1461 1141 1494 memorderit,
1153 1460 1483 1488 aversabundietoﬂensi
1496 1462 1643 1492 corrugato
1654 1465 1733 1487 naso.

116 1504 164 1532 sed
179 1510 345 1532 eventurum
369 1505 422 1540 ipsi
447 1504 519 1532 idem
538 1505 610 1539 quod
627 1505 754 1539 agricolis
770 1505 898 1539 purganti

115 1550 262 1585 diligenter
288 1558 384 1585 agrum
413 1559 494 1578 suum
521 1556 550 1578 et
578 1555 691 1577 strenue
715 1550 829 1582 colenti,
855 1550 900 1577 cui

114 1602 178 1621 cum
206 1598 235 1622 et
260 1594 355 1622 fenum
388 1599 415 1622 et
444 1595 565 1622 triticum
582 1595 645 1622 inde
664 1596 819 1629 proveniat,
845 1603 899 1621 non

116 1645 207 1667 tamen
227 1640 273 1667 ille
295 1645 409 1675 propter
422 1640 517 1667 fenum
548 1640 694 1673 laboravit,
721 1640 768 1667 st
787 1645 899 1675 propter

115 1686 249 1714 triticum.
265 1686 341 1721 (Σαξρί
359 1694 425 1721 ergo
443 1686 536 1714 statim
567 1693 665 1714 curare
690 1686 816 1713 infirmos
835 1695 900 1721 pro-

115 1737 177 1767 pter
202 1733 359 1760 mercedem
378 1738 521 1765 mtcrnam,
551 1738 578 1760 et
595 1732 752 1760 medicabar
766 1732 899 1767 quosdam

113 1779 226 1814 quidem
253 1779 410 1814 chirurgica
428 1786 510 1814 opera
538 1778 659 1813 propriis
674 1778 802 1806 manibus
817 1786 823 1810 ;
839 1778 901 1805 aliis

115 1824 202 1851 verbo
214 1824 438 1858 praescribeham,
456 1823 571 1858 praeberi
585 1824 685 1858 juhens
700 1824 900 1850 medicamenta

114 1870 322 1900 convenientia,
343 1877 395 1896 nec
412 1869 571 1903 quierebam
600 1868 753 1895 mercedem
783 1869 863 1896 aliam
885 1877 899 1896 a

113 1924 252 1952 quoquam
267 1916 321 1944 nisi
350 1916 458 1943 laudem
481 1923 498 1943 a
515 1915 654 1942 similibus
669 1915 733 1944 mei,
751 1920 798 1942 aut
816 1915 899 1941 etiam

114 1962 293 1993 clarioribus,
312 1966 339 1988 et
357 1961 442 1995 magis
461 1961 614 1994 honoratis,
631 1955 771 1995 m’agisque
786 1960 899 1994 opulen-

115 2010 169 2042 tis,
182 2008 249 2035 nihil
263 2012 425 2042 exspectans
438 2011 485 2034 aut
498 2010 612 2041 captans
635 2007 719 2039 aliud,
746 2006 799 2034 nisi
822 2010 848 2033 ut
866 2005 900 2034 ab

114 2055 181 2090 ipsis
195 2055 236 2082 vir
253 2055 342 2082 bonus
362 2054 443 2104 verbo
459 2059 487 2081 et
504 2061 587 2088 opere
600 2053 727 2081 haberer.

112 2112 177 2139 Car.
194 2110 227 2138 li.
250 2111 358 2151 Perseis
373 2111 519 2151 admonitio
536 2111 570 2151 ar!
587 2112 704 2138 animum
715 2119 793 2138 suam
823 2116 901 2138 tran-

324 2147 419 2173 sitoria
447 2147 681 2180 concupiscentem.

150 2191 372 2226 Concupiscebat
385 2196 476 2218 autem
502 2193 592 2218 anima
610 2199 669 2218 mea
698 2200 742 2218 res
755 2192 852 2219 labiles
867 2200 900 2219 ac

113 2237 219 2269 ﬂuxas;
235 2244 285 2271 ego
302 2241 394 2263 autem
411 2237 438 2264 in
456 2237 628 2263 contrarium
660 2236 750 2264 nitens
765 2237 897 2264 admone-

114 2283 178 2310 bam
205 2283 315 2318 ipsam:
336 2282 397 2310 Non
425 2283 567 2317 intelligis,
585 2282 725 2317 inquiens,
752 2290 768 2310 0
797 2283 900 2316 anima,

113 2330 207 2357 futura
224 2337 257 2356 ea
286 2337 347 2357 esse
365 2337 426 2364 quae
442 2337 506 2357 vere
532 2333 659 2364 prosunt,
675 2337 731 2356 non
762 2329 814 2356 ista
832 2337 901 2363 pra:-

115 2378 216 2404 sentia.
231 2376 380 2410 Quousque
395 2384 450 2402 non
466 2375 538 2410 fugis
551 2375 670 2402 humiles
696 2375 777 2402 hasce
790 2375 901 2403 reculas

114 2430 175 2457 qua:
197 2422 326 2458 gaudium
343 2429 438 2449 verum
455 2421 513 2448 suis
528 2420 733 2456 possessoribus
751 2428 806 2447 non
834 2420 900 2448 θίγε-

114 2474 191 2501 runt,
224 2469 272 2496 sed
303 2468 336 2496 iis
360 2467 453 2502 potius
481 2475 579 2502 graves
607 2466 748 2494 incutiunt
777 2466 899 2499 dolores,

114 2515 311 2549 molestiasque
336 2521 368 2540 ac
385 2513 578 2540 tribulationcs
604 2516 710 2545 creant,
733 2520 789 2539 non
812 2513 901 2540 evita~

113 2561 160 2588 bili
180 2560 364 2588 subductione
381 2559 436 2589 sui.
451 2559 484 2586 ad
499 2563 654 2586 extremum
677 2563 770 2586 autem
793 2558 901 2593 suppli-

113 2607 165 2636 ciis
185 2614 234 2634 eos
259 2606 412 2642 subjiciunt
436 2605 570 2632 aeternis?
592 2605 657 2636 Cur,
677 2612 693 2631 ο
719 2604 810 2631 anima
829 2611 900 2636 mea,

113 2660 167 2679 non
183 2651 339 2680 recordaris
356 2655 524 2678 meritorum
536 2650 547 2676 Ἰ
560 2650 618 2676 Non
636 2654 662 2676 te
676 2649 761 2684 pudet
776 2657 903 2677 commu-

115 2699 209 2726 nitare
226 2705 288 2734 cum
306 2698 409 2729 stultis,
428 2697 455 2723 in
479 2704 571 2724 amore
587 2696 649 2723 vitae
665 2696 747 2731 hujus
764 2696 902 2731 corrupti-

114 2742 200 2771 bilis?
216 2751 280 2771 nam
294 2743 342 2778 qui
357 2751 391 2770 ex
418 2743 471 2770 hoc
498 2749 567 2768 vano
585 2742 688 2768 mundo
699 2741 803 2776 aliquid
819 2742 903 2771 habet

116 2789 188 2824 apud
217 2797 258 2822 se,
289 2789 527 2816 tantuindemrest
556 2795 586 2815 ac
612 2788 634 2817 si
667 2787 766 2816 habent
786 2789 900 2817 omnin

952 1507 1033 1534 ctiam
1048 1507 1262 1533 instrumentum
1278 1513 1333 1540 quo
1345 1506 1440 1540 liquor
1453 1511 1554 1532 exosus
1582 1503 1673 1530 illatus
1691 1503 1735 1529 ori

950 1557 1002 1586 est,
1020 1553 1150 1580 iracunde
1162 1553 1330 1579 catafractum
1342 1552 1369 1579 in
1386 1552 1475 1586 ignem
1492 1551 1638 1585 abjiciunt.
1661 1549 1736 1576 Cave

954 1599 1064 1626 crucies
1081 1606 1113 1626 ac
1128 1599 1228 1634 perdas
1245 1603 1271 1626 te
1293 1598 1380 1632 ipsam
1396 1598 1514 1625 sollicita
1528 1602 1555 1624 et
1581 1596 1735 1631 periculosa

951 1645 1113 1672 corrasione
1128 1645 1306 1680 pecuniarum
1319 1644 1346 1671 in
1361 1644 1475 1679 gratiam
1496 1648 1673 1678 cognatorum
1703 1649 1735 1668 ac

951 1691 1069 1718 fratrum
1101 1697 1210 1718 tuorum
1236 1697 1306 1725 quos
1332 1689 1421 1716 ditare
1448 1687 1737 1715 damnisetaerumuis

952 1738 1007 1765 tuis
1022 1738 1150 1769 studeas;
1169 1736 1241 1763 idem
1254 1743 1333 1770 passa
1346 1735 1419 1770 quod
1433 1735 1497 1762 thus
1511 1739 1558 1762 aut
1575 1734 1734 1769 thymiama,

951 1791 1012 1819 qua:
1025 1787 1054 1810 ut
1065 1783 1134 1810 alios
1150 1782 1236 1810 odore
1247 1782 1345 1816 juvent
1357 1780 1384 1807 in
1401 1780 1464 1815 igne
1478 1786 1538 1806 sese
1555 1783 1733 1807 consumunt,

952 1833 979 1859 in
1000 1832 1090 1858 fumos
1105 1830 1309 1858 evanescentia.
1324 1828 1420 1856 Anima
1434 1835 1505 1857 mea,
1520 1834 1553 1853 ne
1572 1831 1597 1852 te
1613 1825 1737 1859 decipiat

951 1876 1036 1904 falsus
1063 1876 1194 1910 splendor
1233 1873 1391 1900 divitiarum
1426 1876 1454 1899 et
1487 1871 1598 1905 gloria:
1635 1870 1735 1896 harum

951 1923 1024 1949 enim
1050 1921 1199 1948 vanitatem
1226 1926 1307 1946 nemo
1338 1917 1466 1952 intelligit
1491 1917 1543 1943 nisi
1573 1924 1634 1942 cum
1652 1915 1736 1942 fuerit

951 1969 984 1995 ah
1000 1968 1032 1994 iis
1057 1971 1211 2001 separatus.
1228 1963 1340 1992 Similes
1353 1963 1455 1998 quippe
1480 1966 1544 1989 sunt
1557 1961 1675 1996 capillis,
1688 1961 1736 1995 qui

951 2012 1072 2047 quandiu
1098 2011 1204 2038 lnarent
1233 2009 1315 2044 capiti
1343 2016 1406 2035 cum
1432 2015 1466 2035 eo
1490 2007 1682 2038 honorantur;
1712 2006 1735 2032 si

951 2057 1039 2085 avulsi
1064 2060 1112 2084 aut
1130 2055 1228 2084 resecti
1245 2055 1360 2086 fuerint,
1389 2059 1420 2081 ut
1436 2053 1532 2080 sordes
1563 2052 1737 2087 abjiciuntur

951 2112 984 2131 ac
1001 2103 1212 2130 conculcantur.
1229 2100 1359 2132 Attende,
1380 2100 1470 2126 anima
1488 2106 1557 2131 mea,
1571 2106 1633 2125 cum
1651 2097 1735 2125 sedu-

915 2149 932 2175 l‘
952 2150 1026 2176 litate
1043 2147 1217 2175 medicandis
1234 2146 1368 2174 inﬁrmis:
1386 2153 1438 2172 nec
1457 2145 1543 2176 dicas,
1564 2143 1735 2170 iunctionem

949 2202 1010 2222 eam
1027 2202 1089 2221 esse
1104 2193 1193 2228 magni
1209 2192 1313 2219 laboris
1329 2191 1477 2227 gravisque
1507 2188 1656 2223 dispendii,
1676 2186 1737 2213 cui-

953 2248 1008 2275 que
1035 2247 1090 2266 non
1123 2238 1293 2273 respondeat
1317 2245 1332 2263 a
1360 2235 1532 2271 gratitudine
1561 2238 1735 2260 servatorum

953 2293 1059 2312 merces
1083 2285 1196 2316 idonea,
1221 2292 1255 2311 eo
1280 2283 1353 2318 quod
1373 2282 1498 2317 plerique
1517 2279 1661 2307 hominum
1679 2279 1737 2304 vim

949 2337 977 2358 et
996 2338 1074 2358 usum
1092 2330 1161 2357 artis
1179 2329 1294 2356 medica:
1322 2335 1376 2355 non
1403 2326 1569 2360 intelligant,
1602 2324 1737 2357 casuique

950 2382 998 2404 aut
1017 2381 1123 2404 natura:
1143 2376 1280 2410 imputent
1306 2375 1366 2410 ejus
1382 2373 1508 2400 eﬂ'cctus.
1527 2371 1568 2398 Tu
1589 2378 1656 2398 vero
1672 2370 1736 2396 imi-

949 2426 1005 2449 tata
1036 2422 1135 2448 heroas
1164 2421 1210 2455 qui
1240 2421 1359 2455 pretium
1390 2418 1492 2446 servati
1517 2416 1638 2444 hominis
1660 2415 1736 2442 aliud

949 2475 1004 2494 non
1031 2472 1129 2494 curant
1146 2466 1352 2501 quamgloriam
1376 2473 1437 2500 quae
1465 2463 1512 2491 isti
1547 2462 1621 2490 facto
1651 2461 1736 2492 inest,

949 2514 990 2541 sic
1010 2514 1095 2541 debes
1129 2517 1263 2544 statuere,
1281 2511 1392 2539 abunde
1409 2515 1436 2538 te
1468 2513 1673 2536 remuneratam
1702 2513 1737 2533 eo

951 2559 1013 2593 ipso
1038 2558 1113 2593 quod
1138 2557 1295 2585 calamitate
1322 2557 1438 2584 miseros
1471 2554 1618 2586 levaveris,
1660 2551 1734 2586 quod

950 2611 1038 2638 aegros
1068 2603 1166 2629 mortis
1192 2601 1320 2629 faucibus
1348 2607 1461 2635 ereptos
1488 2597 1672 2626 incolumitati
1703 2603 1738 2623 ac

950 2649 1077 2676 felicitati
1090 2649 1257 2676 reddideris.
1277 2648 1345 2675 Nam
1375 2647 1475 2674 herum
1496 2652 1569 2680 quos
1582 2644 1638 2671 disi
1654 2643 1738 2670 forti-

952 2695 1057 2722 tudinis
1070 2696 1190 2723 heroicze
1200 2695 1272 2722 fama
1286 2693 1441 2721 celebrium
1453 2691 1576 2719 virorum
1593 2697 1626 2717 ea
1641 2689 1738 2723 opinio

951 2747 1014 2769 est:
1047 2741 1117 2768 bene
1146 2740 1293 2776 quantavis
1332 2737 1511 2766 contentione
1541 2743 1573 2763 ac
1600 2741 1738 2765 terumna,

951 2796 1049 2816 cruore
1065 2789 1132 2821 quin
1157 2787 1240 2815 etiam
1268 2786 1341 2820 large
1366 2792 1414 2820 per
1429 2782 1543 2811 vulnera
1557 2781 1656 2815 eﬂuso,
1681 2780 1739 2807 emi
