1913 3068
191 109 255 142 127

629 109 819 140 SPECIMEN
840 108 1053 139 SAPlENTl/E
1071 107 1248 138 lNDORUM
1262 108 1346 140 VET.

1739 108 1806 139 1238

186 164 305 192 eitisvel
316 165 398 191 unius
409 164 491 192 vitam
502 165 537 192 ab
547 170 668 192 extremo
689 165 848 193 discrimine
862 164 966 199 recepti
980 164 1006 194 Α
1017 163 1105 196 Quam
1121 170 1252 191 exercere
1267 162 1428 198 diligentius
1443 169 1601 197 aggressum
1629 163 1806 190 conturbavit

186 209 361 246 restitutique
394 209 510 244 patriae:
540 215 644 244 quattto
685 211 772 245 maius
803 209 855 238 erit
887 210 973 237 decus

185 255 366 290 professionis
378 260 404 282 et
419 255 568 282 {unctionis
581 255 662 290 hujus
682 260 733 282 tum
751 256 892 290 propriutn
919 263 972 290 qua

186 309 241 328 non
258 308 342 328 unum
352 306 400 328 aut
411 302 541 332 alterum,
555 301 601 328 sed
615 301 833 329 innumerabiles
846 302 972 328 homines

185 347 271 375 exitio
284 347 471 382 grassantium
489 346 648 374 morborum
666 347 827 381 quotidiano
845 347 971 373 ministe-

186 391 228 419 rio
257 393 424 424 subtractos,
454 393 517 419 vitae
547 400 578 420 ac
607 393 775 427 reipublicae,
801 393 879 419 uxori
904 393 972 420 libe.

187 437 281 472 risque
308 442 490 472 repraesentas
520 437 685 464 incolumes.
714 437 764 464 Cui
783 438 882 464 tnerito
910 444 971 463 cum

186 483 283 511 d-‘esse
298 492 353 511 nou
372 484 460 519 possit
488 484 566 510 fama:
583 491 615 511 ac
629 483 718 510 laudis
742 488 851 510 aeterna
866 491 971 518 praeco-

186 530 274 562 nium,
294 530 409 557 ttitttiuttt
427 537 510 556 avara
524 529 573 562 sis,
588 530 611 556 si
629 531 783 558 mercedem
809 530 870 565 eius
890 530 970 556 aliain

186 575 362 610 quaerendam
395 582 485 610 putes.
525 574 623 602 Anima
661 583 732 607 mea,
761 583 795 603 tte
831 576 972 603 adhaerens

186 622 341 657 fugacibus,
367 629 402 648 ne
430 620 540 647 insistas
569 620 743 651 nutantibus,
775 629 809 648 ne
840 622 972 655 prmferas

186 675 268 701 parva
290 666 407 701 magnis,
423 674 457 693 ne
482 666 590 693 modico
614 667 734 693 aestimes
758 667 970 701 pretiosissima,

185 713 285 740 similis
312 713 461 739 mercatori
476 712 524 747 qui
551 712 660 747 plenam
680 712 786 740 habens
808 713 970 747 apothecam

184 759 266 786 serici
293 759 464 791 Damasceni,
483 763 675 793 suggerentein
691 758 743 785 sibi
770 758 903 785 desidiam
923 766 972 785 att-

186 805 254 832 divit
268 814 275 830 :
293 805 351 832 Heu
367 808 486 839 quantus
503 804 581 831 labor
593 804 647 831 crit
665 808 766 831 tantam
793 804 871 831 istam
887 804 969 839 panni

186 851 285 877 molem
304 850 459 877 minutatim
476 858 526 885 per
541 850 626 877 libras
641 850 776 885 ulnasque
792 850 966 878 distrahere!

187 904 303 930 moxque
318 897 387 923 citra
403 897 511 930 pondus
526 904 558 922 ac
578 904 735 923 mensuram
748 896 877 923 licitatori
894 904 968 923 mas-

185 949 242 968 i-am
262 945 345 969 totattt
359 942 492 969 vilissimo
511 941 618 969 addixit
641 942 730 977 pretio
747 951 755 975 ;
772 942 874 969 stultus
903 943 968 969 inde

182 987 330 1022 iudicatus.
341 988 402 1014 Ha-e
414 988 481 1015 tttihi
493 987 641 1015 disserenti
651 988 724 1023 apud
734 988 853 1016 animant
865 996 966 1021 meam,

183 1041 237 1060 non
251 1033 354 1060 habens
366 1033 410 1060 illa
425 1034 498 1068 quod
513 1034 700 1061 verisimiliter
713 1040 875 1070 oppoueret,
907 1043 968 1063 ces~

183 1080 219 1105 sit
236 1078 357 1109 tandem,
367 1087 552 1114 persuasaque
567 1080 676 1107 transiit
688 1080 714 1107 in
727 1082 891 1108 sententiam
908 1089 967 1108 mo-

183 1126 283 1157 uentis,
307 1126 442 1153 absistens
467 1134 483 1154 a
495 1126 692 1161 cupiditatibus
705 1132 733 1156 et
751 1127 826 1156 vanis
845 1128 966 1162 spebus:

181 1171 309 1205 coepique
324 1172 488 1206 tranquillus
503 1172 603 1200 exinde
619 1180 700 1208 agere
714 1181 806 1201 meum
824 1173 965 1208 negotium

179 1217 294 1252 iuvandi
313 1218 486 1253 languentes.
511 1218 570 1245 solo
595 1218 696 1245 intuitu
726 1219 822 1254 gloriae
844 1224 964 1248 aeternae.

180 1273 246 1300 Car.
274 1273 317 1301 ΙΙΙ.
335 1289 367 1294 -
391 1274 503 1312 {Elcrna
536 1277 665 1310 φαεν-εηεί
691 1277 965 1312 etium'temporaria

217 1315 370 1336 occurrunt.
390 1311 498 1336 Medic/0
521 1312 586 1338 artis
611 1311 725 1372 de{eclus
748 1311 924 1346 (lepra/tentus
949 1322 965 1339 a

218 1343 328 1372 I’vrzoe.
340 1346 457 1372 ciusztcm
473 1349 552 1372 cestus
565 1347 590 1372 in
605 1346 637 1372 de
650 1351 707 1372 ectu
727 1346 876 1372 reliaianis.

218 1343 328 1376 I’vrzoe,
340 1346 457 1378 cjusztcm
473 1349 552 1373 cestus
565 1347 590 1374 in
605 1343 707 1373 delectu
727 1343 876 1381 religionis.

216 1400 351 1428 Ca‘tcrum
369 1402 409 1429 sie
429 1410 523 1437 agens,
548 1407 576 1430 et
603 1408 707 1430 aeterna
737 1411 864 1438 quaerens
895 1405 964 1437 sola,

180 1455 234 1473 non
256 1452 346 1474 tamen
363 1449 536 1482 temporariis
549 1449 642 1482 carui;
657 1449 724 1484 quin
738 1450 837 1478 horum
853 1458 964 1485 quoque

1022 215 1174 235 occurrens
1200 208 1344 243 inquisitio
1360 215 1432 235 verre
1448 208 1601 242 religionis,
1616 208 1649 234 de
1665 215 1718 242 qua
1734 208 1804 236 nihil

1024 254 1051 281 in
1080 254 1250 282 medicorum
1282 254 1361 281 libris
1389 254 1520 289 legeram.
1551 253 1684 281 Videbam
1713 260 1806 282 autem

1022 307 1083 327 esse
1098 300 1178 327 istam
1204 307 1298 326 curam
1316 300 1426 326 cunctis
1452 299 1670 334 praevertendum
1686 309 1693 326 :
1708 300 1805 334 utique

1022 355 1085 374 euttt
1104 347 1137 374 ad
1157 347 1316 374 felicitatem
1333 348 1359 374 in
1385 347 1437 373 alia
1459 347 1576 381 quadam
1603 347 1639 374 ab
1655 347 1706 374 hac
1731 347 1806 374 labili

1022 393 1221 428 asscquendam
1237 393 1304 425 vita,
1320 392 1420 419 frustra
1435 392 1594 423 contendat,
1612 392 1665 419 nisi
1683 392 1727 419 cui
1740 399 1808 420 vera

1024 446 1078 466 una
1089 439 1185 473 religio
1202 439 1264 466 talis
1275 446 1335 465 sese
1349 438 1398 465 viae
1413 438 1511 465 ducem
1525 438 1680 472 praebuerit.
1696 438 1806 466 lntcnto

1024 491 1106 519 porro
1124 484 1152 511 in
1172 483 1244 510 hanc
1267 483 1461 519 cogitationem
1478 484 1545 511 mihi
1566 484 1658 511 multae
1683 492 1713 511 se
1736 485 1808 519 obji-

1023 530 1133 558 ciebant
1148 538 1209 564 quae
1225 529 1375 556 humanum
1393 537 1479 564 genus
1493 529 1520 556 in
1536 533 1629 564 partes
1646 530 1806 558 innumeras

1022 576 1179 603 distrahunt
1195 580 1276 603 sectae
1292 575 1454 610 opinionum
1473 575 1506 602 de
1522 576 1647 603 Numinis
1663 576 1737 604 cultu
1764 576 1807 604 di-

1023 629 1163 648 versarum
1180 628 1270 656 ;quas
1285 620 1400 648 adortus
1429 622 1607 649 considerare
1630 622 1804 656 singillatim.

1022 667 1062 694 sic
1072 666 1242 701 reperiebam
1257 675 1264 693 ε
1280 666 1350 693 trahi
1363 674 1394 693 ac
1410 668 1495 693 teneri
1507 667 1807 702 plerosqnehominum

1022 711 1049 738 itt
1074 712 1205 747 religione
1234 720 1314 746 quam
1343 717 1496 744 sectantur,
1524 713 1621 746 partim
1644 714 1806 741 auctoritate

1023 758 1191 785 tradentium
1220 763 1378 793 parentum,
1412 764 1439 785 ct
1479 759 1575 786 inolita
1603 760 1806 787 consuetudine

1022 804 1104 839 longo
1120 804 1292 831 educationis
1308 812 1376 835 usu;
1394 806 1493 839 partim
1514 805 1632 832 utilitate
1645 812 1676 832 ac
1688 810 1804 840 quaestu,

1020 849 1250 885 provenienlibus
1281 857 1314 876 ex
1344 851 1398 876 ritu
1419 850 1585 884 praevalente
1605 851 1712 878 illectos
1728 858 1805 877 com-

1018 896 1124 929 modis;
1143 896 1244 930 partim
1279 903 1349 922 vano
1378 895 1525 929 splendore
1554 901 1670 923 terrenae
1697 896 1807 924 clarita-

1020 939 1065 972 tis,
1094 943 1224 975 metuque
1251 940 1424 966 ineurrendte
1448 940 1591 972 infamiae,
1621 940 1643 967 si
1677 941 1806 975 praeiudi-

1018 991 1092 1013 catas
1105 992 1220 1012 assensiu
1237 985 1309 1019 vulgi
1324 985 1439 1020 reiicere
1459 989 1506 1012 aut
1534 986 1560 1013 in
1577 986 1692 1014 dubium
1709 995 1805 1014 vocare

1018 1032 1171 1060 sententias
1188 1032 1317 1060 audeant.
1336 1032 1402 1060 lude
1429 1040 1524 1060 omnes
1549 1041 1600 1068 pro
1616 1041 1645 1061 se
1664 1041 1804 1068 quemque

1018 1079 1118 1111 obniti,
1162 1086 1384 1113 magnopercque
1428 1079 1558 1107 insistere
1592 1080 1619 1106 in
1656 1079 1803 1107 astruenda

1016 1132 1097 1160 quant
1115 1125 1172 1160 ipse
1187 1133 1281 1152 vcrattt
1310 1125 1402 1157 habet,
1437 1126 1620 1161 improbanda
1651 1133 1734 1161 quant
1757 1126 1803 1153 alii

1015 1171 1174 1205 praeferunt,
1204 1172 1348 1207 religionis
1374 1176 1461 1203 secta,
1479 1172 1506 1198 in
1533 1179 1622 1206 eoque
1650 1173 1802 1200 certamine

1014 1218 1115 1252 passim
1129 1216 1289 1249 ardescunt,
1320 1218 1456 1245 mendacii
1483 1223 1565 1253 atque
1588 1219 1745 1253 impostura:
1772 1227 1802 1246 se

1014 1263 1132 1291 invicem
1156 1269 1328 1294 accusantes,
1355 1265 1533 1299 infinitasque
1561 1265 1674 1292 acribus
1699 1265 1802 1300 iurgiis

1017 1311 1164 1337 miscentes
1192 1310 1358 1344 quaestiones
1381 1309 1414 1336 de
1444 1309 1575 1337 Creatore
1606 1317 1638 1337 ac
1662 1315 1802 1342 creatura,

1016 1356 1050 1382 de
1067 1356 1202 1390 principio
1231 1363 1322 1382 rerum
1349 1363 1380 1383 ac
1404 1355 1458 1383 [itte
1483 1356 1588 1388 ultimo,
1610 1356 1803 1390 similibusque

1016 1402 1186 1436 argumentis
1219 1400 1377 1436 dogmatum
1406 1401 1643 1436 gravissimorum.
1666 1401 1728 1429 llaec
1751 1409 1803 1436 ego

1017 1448 1114 1475 videns
1125 1447 1219 1474 studui
1241 1447 1385 1474 consulere
1408 1447 1536 1482 privatim
1553 1447 1697 1482 magistros
1716 1452 1803 1474 sectu-

182 1493 298 1528 benigna
317 1494 383 1520 mihi
403 1502 464 1521 sese
491 1501 588 1529 spoute
605 1496 683 1528 copia
709 1496 834 1531 ingessit.
863 1497 962 1532 Oputu.
977 1498 998 1525 c
1016 1501 1087 1523 rum.
1107 1500 1139 1520 ac
1155 1493 1320 1528 placitorum
1337 1493 1512 1520 ﬁrmamenta
1529 1501 1710 1528 cognoscere.
1739 1501 1804 1528 prn-

181 1539 305 1573 inqnant,
321 1540 544 1573 existimationis,
566 1541 709 1576 dignitatis
727 1550 741 1570 e
763 1549 851 1579 gratta
869 1552 964 1579 regum

181 1590 286 1611 tantum
315 1592 412 1613 nactus
429 1594 500 1619 sunt,
517 1592 650 1622 quantutn
681 1595 716 1616 ne
742 1593 838 1624 optare
855 1590 964 1624 quidem

181 1638 311 1665 unquam,
329 1632 413 1659 multo
425 1632 515 1660 ntinus
532 1640 654 1667 sperare,
665 1633 693 1660 in
704 1639 821 1661 mentem
833 1640 964 1662 venerat:

180 1677 309 1712 ultroque
325 1677 423 1709 fateor,
451 1686 512 1712 quae
525 1678 586 1713 ejus
605 1680 715 1714 generis
725 1680 814 1714 ampla
843 1681 966 1715 magnili—

179 1730 277 1755 caque,
295 1723 335 1749 vel
348 1728 411 1749 ante
429 1731 517 1750 meam
537 1724 563 1750 in
580 1723 684 1751 Indiam
701 1725 965 1760 peregrinationem,

179 1768 222 1794 vel
241 1773 302 1802 post
317 1769 436 1794 reditum
454 1769 517 1796 inde
540 1777 600 1796 sum
617 1769 745 1804 adeptus,
760 1778 815 1798 non
836 1776 964 1799 votorum

179 1813 268 1840 solum
288 1821 423 1846 nteorttttt,
438 1814 486 1842 δρᾶ
509 1816 592 1841 etiam
614 1815 778 1843 meritorunt
793 1817 903 1844 modum
919 1826 966 1845 ex-

178 1859 289 1887 cedere.
307 1861 375 1887 Cutu
394 1864 484 1887 autem
502 1865 588 1887 totum
602 1861 764 1896 adiecissem
789 1864 910 1891 animum
932 1865 965 1891 ad

179 1906 467 1940 comprehendendam
483 1907 758 1943 pernoscendatnque
781 1910 891 1944 penitus
909 1918 966 1938 me-

180 1952 269 1979 dicam
285 1956 383 1984 artem,
400 1952 466 1979 illttd
483 1961 525 1980 me
555 1953 581 1980 in
597 1962 628 1981 ea
652 1953 818 1984 offendebat,
836 1956 909 1990 quod
937 1956 965 1984 in

181 1998 310 2025 universa
324 1998 384 2034 ejus
402 1998 426 2025 vi
442 1998 548 2025 nullum
564 2000 737 2033 reperiebam
752 2000 863 2027 modum
879 2001 966 2035 plenae

180 2051 212 2072 ac
226 2044 356 2079 perfectae
370 2044 495 2071 sanitatis
513 2044 617 2071 homini
636 2045 798 2072 tribuendas
817 2045 885 2073 Cum
910 2050 966 2073 tota

181 2091 242 2126 eius
255 2090 281 2117 in
298 2097 331 2117 eo
339 2089 451 2117 demum
464 2090 579 2117 facultas
590 2094 778 2125 expromatur,
793 2096 824 2118 ut
835 2091 966 2127 ingruen-

182 2141 236 2163 tem
267 2136 388 2171 depellat
403 2135 549 2169 morbum;
568 2137 693 2171 polliceri
710 2142 803 2164 autem
833 2145 866 2165 ac
895 2145 966 2172 prae-

179 2188 253 2210 stare
273 2191 327 2210 non
339 2187 432 2218 queat,
443 2187 472 2210 ut
489 2183 598 2217 propria
614 2188 804 2218 perpetuaque
816 2188 914 2211 curato
928 2185 965 2212 sit

180 2232 288 2262 recepta
306 2228 444 2260 valetudo,
461 2237 495 2255 ne
512 2236 572 2255 eam
602 2236 723 2263 unquam
749 2229 901 2264 languoris,
918 2232 966 2255 attt

180 2274 322 2301 redeuntis
343 2279 486 2309 postquam
514 2274 634 2306 abierat,
663 2278 711 2302 aut
742 2275 776 2302 de
797 2282 869 2302 novo
898 2274 965 2301 sub-

178 2319 294 2352 orientis
309 2315 439 2346 incursus
457 2319 612 2347 labefactet.
631 2320 659 2347 In
678 2328 734 2355 quo
753 2321 819 2347 ntihi
836 2320 964 2347 dillidens

150 2368 158 2401 ξ
178 2366 280 2393 frustra
291 2366 442 2400 exploravi,
455 2365 556 2400 ecquid
571 2365 618 2393 alii
633 2366 806 2401 professores
818 2367 878 2401 ejus
894 2366 963 2393 artis

178 2420 221 2440 me
248 2412 386 2440 feliciores
400 2417 510 2439 essent:
528 2412 575 2440 sed
592 2413 730 2440 nentinem
747 2420 859 2447 usquam
871 2413 962 2439 inveni

177 2459 223 2492 qui
243 2458 304 2492 plus
320 2466 401 2492 quam
419 2458 486 2489 dixi,
503 2463 605 2493 posset.
630 2459 658 2486 ω
676 2459 760 2494 quod,
781 2467 815 2486 tte
834 2458 963 2486 dissimu-

176 2505 230 2532 lem
257 2511 353 2531 verunt
380 2505 462 2532 animi
487 2512 611 2537 sensunt,
638 2506 756 2532 multum
787 2506 964 2541 refrigeravit

177 2551 318 2578 incensum
337 2558 427 2578 meum
448 2551 570 2579 studium
585 2552 611 2578 in
626 2552 705 2579 istam
723 2552 878 2584 scientiam,
895 2553 963 2582 adeo

176 2596 388 2624 insullicientem
429 2597 642 2632 deprehensam.
688 2598 848 2634 lntelligens
880 2607 963 2634 porro

177 2643 251 2675 inde,
278 2650 371 2670 veram
401 2643 522 2670 hominis
553 2643 669 2670 salutent
701 2652 733 2671 ac
750 2644 908 2671 felicitatem
935 2645 963 2672 in

176 2693 340 2715 aeteruarnm
370 2688 463 2723 potius
488 2693 515 2716 et
542 2695 652 2724 semper
671 2690 852 2723 manentium,
879 2699 961 2725 quam

178 2733 275 2761 harum
303 2734 470 2762 caducarunt
503 2743 564 2769 qua:
590 2735 669 2762 ttobis
694 2735 766 2762 inter
791 2744 888 2764 manus
920 2737 961 2764 εἴη

178 2780 431 2814 ﬂuunt,adeptione
449 2789 542 2808 rerum
561 2781 640 2808 sitam
667 2789 740 2812 esse,
763 2786 840 2808 tanto
857 2781 963 2816 impen-

178 2824 236 2852 sius
252 2825 365 2853 incubui
394 2827 420 2854 itt
435 2825 638 2854 abdicationem
656 2827 792 2854 ﬂuxerunt
814 2826 959 2854 bonorum.

977 2173 1004 2202 D

1018 1539 1145 1573 ponendo
1175 1538 1243 1573 ipsis
1273 1538 1472 1572 dubitationes,
1505 1545 1537 1566 ac
1569 1546 1632 1566 cum
1661 1539 1803 1573 responsis

1016 1592 1122 1615 eorum,
1139 1585 1305 1620 praeiudiciis
1315 1586 1453 1619 sepositis,
1468 1586 1670 1620 comparando;
1691 1593 1724 1613 eo
1742 1587 1802 1613 ani-

1016 1639 1060 1657 mo
1077 1637 1105 1658 ut
1118 1631 1275 1665 ubicunque
1295 1631 1439 1658 veritatem
1467 1632 1727 1665 deprehendisscm.
1740 1640 1800 1658 eam

1015 1680 1043 1703 et
1060 1677 1242 1710 amplecterer
1256 1681 1284 1703 et
1300 1678 1409 1703 sincera
1425 1676 1617 1710 intrepidaque
1645 1678 1802 1704 constantia

1016 1726 1150 1753 tenerent,
1168 1721 1268 1754 reiecta
1291 1722 1477 1756 qualicunque
1509 1722 1638 1750 falsitate.
1657 1723 1702 1750 Sic
1728 1723 1802 1750 enim

1018 1767 1083 1794 mihi
1114 1767 1271 1794 faciendum
1303 1767 1377 1799 duxi,
1407 1775 1452 1800 ne,
1480 1773 1510 1795 ut
1533 1768 1622 1801 mulli,
1656 1768 1801 1796 crederent

1016 1812 1090 1846 quod
1105 1812 1263 1846 ignorabam
1279 1823 1285 1840 :
1303 1813 1350 1840 sed
1384 1814 1477 1848 potius
1503 1814 1607 1841 lumine
1634 1814 1740 1841 notitiae
1769 1822 1802 1841 ac

1018 1858 1135 1885 rationis
1166 1863 1308 1892 praeeunte
1338 1859 1365 1886 in
1395 1860 1437 1887 via
1469 1860 1538 1887 tanti
1570 1860 1701 1886 montenti
1730 1860 1801 1887 dure

1017 1909 1121 1932 uterer.
1135 1904 1205 1932 Ecce
1218 1910 1310 1932 autem
1324 1905 1351 1932 itt
1367 1906 1419 1933 ltoe
1438 1906 1504 1932 tnilti
1515 1913 1544 1933 se
1560 1906 1655 1933 sedqu
1667 1906 1800 1936 versanti,

1018 1950 1210 1986 interroganti,
1233 1952 1358 1986 inquant,
1379 1952 1560 1986 audientique
1573 1953 1710 1979 antistites
1727 1953 1802 1986 ipsus

1017 2004 1050 2024 ac
1066 1998 1157 2031 capita
1195 1997 1345 2025 factionum
1375 1998 1447 2025 circa
1472 1999 1564 2026 divina
1588 1998 1799 2029 dissidentium,

1017 2050 1072 2069 nott
1087 2043 1161 2070 aliud
1178 2043 1343 2079 investigare
1367 2044 1471 2073 certius
1487 2044 1578 2077 licuit,
1590 2052 1672 2079 quain
1692 2044 1801 2072 inflexi-

1016 2088 1099 2116 bilem
1115 2089 1294 2123 pertinaciam
1313 2090 1424 2125 propria
1439 2098 1612 2125 quorumque
1630 2090 1800 2117 laudantium

1017 2143 1079 2162 cum
1108 2135 1264 2162 alienorum
1281 2136 1482 2170 superbissimo
1502 2136 1665 2171 eont'emptu
1683 2140 1712 2164 et
1729 2137 1801 2164 irre-

1017 2181 1133 2208 vocabili
1163 2181 1227 2207 odio
1253 2181 1441 2216 coniunctam.
1468 2182 1591 2210 Otl'endit
1608 2190 1640 2209 ea
1673 2190 1715 2209 me
1745 2190 1799 2213 res,

1016 2234 1181 2261 causamque
1191 2227 1307 2262 praebuit
1319 2228 1464 2256 universos
1475 2236 1507 2256 ex
1528 2236 1606 2263 aequo
1623 2229 1800 2262 reprobandi.

1016 2273 1119 2300 Insedit
1134 2280 1198 2308 ergo
1212 2274 1298 2301 menti
1315 2281 1392 2306 mem,
1407 2282 1504 2302 ontnes
1519 2280 1656 2309 quotquot
1681 2275 1799 2301 adissem

1015 2318 1208 2355 audissentque
1237 2320 1347 2347 libidini
1392 2321 1510 2356 proprim
1538 2321 1665 2356 obsequi,
1693 2329 1708 2348 a
1735 2329 1800 2347 vero

1015 2366 1157 2399 aberrare,
1174 2374 1269 2402 sapere
1285 2372 1368 2402 prout
1380 2368 1487 2402 volunt,
1505 2376 1554 2396 nec
1572 2368 1692 2403 regulam
1719 2368 1800 2394 adhi-

1014 2411 1082 2439 bere
1100 2413 1233 2439 rationem
1249 2414 1410 2446 voluntatis,
1428 2415 1476 2441 sed
1493 2415 1665 2442 intellectum
1685 2414 1798 2441 affet-tui

1015 2459 1191 2493 subiungere,
1209 2459 1277 2487 falso
1291 2459 1426 2495 iudicare,
1445 2460 1615 2488 mendaciter
1626 2461 1714 2495 loqui.

1015 2515 1078 2543 CAP.
1106 2513 1197 2541 lV.—
1213 2514 1367 2543 Periculum
1389 2521 1485 2543 temere
1513 2517 1636 2544 credendi
1667 2518 1694 2544 in
1724 2517 1799 2544 rebus

1173 2551 1308 2586 religionis
1329 2551 1459 2586 parabole
1479 2553 1645 2579 declaralum
1651 2573 1657 2580 .

1051 2598 1146 2633 Itaque
1161 2597 1200 2626 sic
1215 2597 1287 2632 apud
1304 2605 1393 2624 meum
1409 2598 1529 2625 animum
1547 2598 1702 2626 firmissime
1730 2607 1799 2626 eon-

1013 2644 1102 2675 stitui,
1120 2644 1283 2679 quaerendos
1299 2643 1364 2670 ntilti
1379 2644 1447 2671 alios
1461 2645 1547 2679 magis
1559 2652 1652 2680 aequos
1672 2645 1800 2672 idoneos-

1014 2698 1069 2725 quu
1084 2690 1243 2723 dogmatum
1268 2693 1414 2722 auctores;
1432 2697 1463 2717 ac
1480 2691 1572 2724 quoad
1593 2691 1661 2718 tales
1680 2691 1800 2726 reperis-

1014 2744 1083 2768 sem,
1099 2736 1166 2763 nulli
1189 2735 1288 2763 horum
1304 2742 1374 2769 quos
1389 2734 1512 2762 videram
1526 2736 1714 2771 acquiescere,
1735 2737 1798 2763 nul-

1014 2781 1070 2808 lum
1085 2781 1173 2816 sequi,
1189 2788 1223 2808 tte
1241 2780 1308 2807 mihi
1325 2781 1497 2815 contingeret
1511 2781 1582 2816 quod
1598 2782 1707 2809 cuidam
1720 2782 1799 2809 aiunt

1014 2827 1087 2860 gravi
1108 2834 1154 2854 sua
1176 2825 1297 2859 pernicie
1313 2825 1440 2858 decepto.
1469 2826 1529 2855 Non
1549 2826 1631 2857 longa
1647 2831 1688 2855 est
1705 2826 1798 2854 falula
