  <div class='ocr_page' id='page_1' title='image "/cluster/home/n/w/nwhite01/storage/ocr_20150623/143/njp.32101010942884/691.png"; bbox 0 0 1913 3068; ppageno 0'>
   <div class='ocr_carea' id='block_1_1' title="bbox 157 129 225 165">
    <p class='ocr_par' dir='ltr' id='par_1_1' title="bbox 157 129 225 165">
     <span class='ocr_line' id='line_1_1' title="bbox 157 129 225 165; baseline 0 0"><span class='ocrx_word' id='word_1_1' title='bbox 157 129 225 165; x_wconf 73' lang='grc'><strong>1239</strong></span> 
     </span>
    </p>
   </div>
   <div class='ocr_carea' id='block_1_2' title="bbox 869 140 1071 172">
    <p class='ocr_par' dir='ltr' id='par_1_2' title="bbox 869 140 1071 172">
     <span class='ocr_line' id='line_1_2' title="bbox 869 140 1071 172; baseline 0.01 -2"><span class='ocrx_word' id='word_1_2' title='bbox 869 140 1071 172; x_wconf 67' lang='lat' dir='ltr'><strong>APPENDIX.</strong></span> 
     </span>
    </p>
   </div>
   <div class='ocr_carea' id='block_1_3' title="bbox 1709 138 1777 172">
    <p class='ocr_par' dir='ltr' id='par_1_3' title="bbox 1709 138 1777 172">
     <span class='ocr_line' id='line_1_3' title="bbox 1709 138 1777 172; baseline 0 0"><span class='ocrx_word' id='word_1_3' title='bbox 1709 138 1777 172; x_wconf 66' lang='grc'><strong>1240</strong></span> 
     </span>
    </p>
   </div>
   <div class='ocr_carea' id='block_1_4' title="bbox 162 188 1776 229">
    <p class='ocr_par' dir='ltr' id='par_1_4' title="bbox 162 188 1776 229">
     <span class='ocr_line' id='line_1_4' title="bbox 162 188 1776 229; baseline 0.003 -13"><span class='ocrx_word' id='word_1_4' title='bbox 162 197 245 224; x_wconf 87' lang='lat' dir='ltr'><strong>quam</strong></span> <span class='ocrx_word' id='word_1_5' title='bbox 262 189 318 222; x_wconf 83' lang='lat' dir='ltr'><strong>hic.</strong></span> <span class='ocrx_word' id='word_1_6' title='bbox 333 192 364 218; x_wconf 88' lang='lat' dir='ltr'><strong>ut</strong></span> <span class='ocrx_word' id='word_1_7' title='bbox 381 188 463 226; x_wconf 84' lang='lat' dir='ltr'><strong>vulg‘o</strong></span> <span class='ocrx_word' id='word_1_8' title='bbox 480 190 580 224; x_wconf 88' lang='lat' dir='ltr'><strong>fertur,</strong></span> <span class='ocrx_word' id='word_1_9' title='bbox 593 191 691 220; x_wconf 87' lang='lat' dir='ltr'><strong>recito.</strong></span> <span class='ocrx_word' id='word_1_10' title='bbox 709 192 764 220; x_wconf 85' lang='lat' dir='ltr'><strong>Fur</strong></span> <span class='ocrx_word' id='word_1_11' title='bbox 780 199 864 222; x_wconf 88' lang='lat' dir='ltr'><strong>noctu</strong></span> <span class='ocrx_word' id='word_1_12' title='bbox 882 203 936 223; x_wconf 92' lang='lat' dir='ltr'><strong>non</strong></span> <span class='ocrx_word' id='word_1_13' title='bbox 953 198 975 224; x_wconf 81' lang='grc' dir='ltr'><strong>Α</strong></span> <span class='ocrx_word' id='word_1_14' title='bbox 989 194 1197 222; x_wconf 87' lang='lat' dir='ltr'><strong>constitueram.</strong></span> <span class='ocrx_word' id='word_1_15' title='bbox 1223 191 1263 221; x_wconf 94' lang='lat' dir='ltr'><strong>lbi</strong></span> <span class='ocrx_word' id='word_1_16' title='bbox 1302 191 1514 229; x_wconf 85' lang='lat' dir='ltr'><strong>pronuntiabam</strong></span> <span class='ocrx_word' id='word_1_17' title='bbox 1541 193 1776 221; x_wconf 65' lang='lat' dir='ltr'><strong>incantamentum</strong></span> 
     </span>
    </p>
   </div>
   <div class='ocr_carea' id='block_1_5' title="bbox 154 226 941 274">
    <p class='ocr_par' dir='ltr' id='par_1_5' title="bbox 154 226 941 274">
     <span class='ocr_line' id='line_1_5' title="bbox 154 226 941 274; baseline 0.009 -12"><span class='ocrx_word' id='word_1_18' title='bbox 154 226 336 264; x_wconf 61' lang='lat' dir='ltr'><strong>incomitatus</strong></span> <span class='ocrx_word' id='word_1_19' title='bbox 354 235 466 272; x_wconf 89' lang='lat' dir='ltr'><strong>irrepsit</strong></span> <span class='ocrx_word' id='word_1_20' title='bbox 482 237 509 264; x_wconf 91' lang='lat' dir='ltr'><strong>in</strong></span> <span class='ocrx_word' id='word_1_21' title='bbox 537 237 650 265; x_wconf 92' lang='lat' dir='ltr'><strong>domum</strong></span> <span class='ocrx_word' id='word_1_22' title='bbox 668 238 737 266; x_wconf 86' lang='lat' dir='ltr'><strong>civis</strong></span> <span class='ocrx_word' id='word_1_23' title='bbox 758 240 892 274; x_wconf 90' lang='lat' dir='ltr'><strong>opulenti.</strong></span> <span class='ocrx_word' id='word_1_24' title='bbox 916 242 941 270; x_wconf 74' lang='lat' dir='ltr'><strong>ls</strong></span> 
     </span>
    </p>
   </div>
   <div class='ocr_carea' id='block_1_6' title="bbox 156 277 942 323">
    <p class='ocr_par' dir='ltr' id='par_1_6' title="bbox 156 277 942 323">
     <span class='ocr_line' id='line_1_6' title="bbox 156 277 942 323; baseline 0.008 -14"><span class='ocrx_word' id='word_1_25' title='bbox 156 277 231 310; x_wconf 89' lang='lat' dir='ltr'><strong>lecto</strong></span> <span class='ocrx_word' id='word_1_26' title='bbox 256 282 427 310; x_wconf 85' lang='lat' dir='ltr'><strong>decumbens</strong></span> <span class='ocrx_word' id='word_1_27' title='bbox 452 283 650 318; x_wconf 87' lang='lat' dir='ltr'><strong>dormiensque</strong></span> <span class='ocrx_word' id='word_1_28' title='bbox 667 289 724 312; x_wconf 92' lang='lat' dir='ltr'><strong>tum</strong></span> <span class='ocrx_word' id='word_1_29' title='bbox 745 285 826 318; x_wconf 89' lang='lat' dir='ltr'><strong>forte.</strong></span> <span class='ocrx_word' id='word_1_30' title='bbox 844 295 942 323; x_wconf 87' lang='lat' dir='ltr'><strong>exper-</strong></span> 
     </span>
    </p>
   </div>
   <div class='ocr_carea' id='block_1_7' title="bbox 155 328 938 364">
    <p class='ocr_par' dir='ltr' id='par_1_7' title="bbox 155 328 938 364">
     <span class='ocr_line' id='line_1_7' title="bbox 155 328 938 364; baseline 0.006 -8"><span class='ocrx_word' id='word_1_31' title='bbox 155 331 250 356; x_wconf 77' lang='lat' dir='ltr'><strong>rectus</strong></span> <span class='ocrx_word' id='word_1_32' title='bbox 265 328 300 356; x_wconf 89' lang='lat' dir='ltr'><strong>ad</strong></span> <span class='ocrx_word' id='word_1_33' title='bbox 317 329 475 364; x_wconf 87' lang='lat' dir='ltr'><strong>strepitum.</strong></span> <span class='ocrx_word' id='word_1_34' title='bbox 492 330 572 357; x_wconf 87' lang='lat' dir='ltr'><strong>facile</strong></span> <span class='ocrx_word' id='word_1_35' title='bbox 587 329 722 359; x_wconf 83' lang='lat' dir='ltr'><strong>intellexit</strong></span> <span class='ocrx_word' id='word_1_36' title='bbox 734 331 809 360; x_wconf 71' lang='lat' dir='ltr'><strong>fures</strong></span> <span class='ocrx_word' id='word_1_37' title='bbox 821 330 917 361; x_wconf 81' lang='lat' dir='ltr'><strong>adesse</strong></span> <span class='ocrx_word' id='word_1_38' title='bbox 932 343 938 361; x_wconf 94' lang='lat'>:</span> 
     </span>
    </p>
   </div>
   <div class='ocr_carea' id='block_1_8' title="bbox 156 374 938 411">
    <p class='ocr_par' dir='ltr' id='par_1_8' title="bbox 156 374 938 411">
     <span class='ocr_line' id='line_1_8' title="bbox 156 374 938 411; baseline 0.008 -10"><span class='ocrx_word' id='word_1_39' title='bbox 156 374 308 409; x_wconf 84' lang='lat' dir='ltr'><strong>cubitoque</strong></span> <span class='ocrx_word' id='word_1_40' title='bbox 324 380 438 403; x_wconf 83' lang='lat' dir='ltr'><strong>uxorem</strong></span> <span class='ocrx_word' id='word_1_41' title='bbox 457 375 602 410; x_wconf 89' lang='lat' dir='ltr'><strong>impellens</strong></span> <span class='ocrx_word' id='word_1_42' title='bbox 628 381 656 404; x_wconf 93' lang='lat' dir='ltr'><strong>et</strong></span> <span class='ocrx_word' id='word_1_43' title='bbox 680 377 767 411; x_wconf 85' lang='lat' dir='ltr'><strong>ipsam</strong></span> <span class='ocrx_word' id='word_1_44' title='bbox 798 379 938 411; x_wconf 82' lang='lat' dir='ltr'><strong>excitavit,</strong></span> 
     </span>
    </p>
   </div>
   <div class='ocr_carea' id='block_1_9' title="bbox 156 419 939 458">
    <p class='ocr_par' dir='ltr' id='par_1_9' title="bbox 156 419 939 458">
     <span class='ocr_line' id='line_1_9' title="bbox 156 419 939 458; baseline 0.009 -12"><span class='ocrx_word' id='word_1_45' title='bbox 156 419 397 455; x_wconf 82' lang='lat' dir='ltr'><strong>insusurrsvitque</strong></span> <span class='ocrx_word' id='word_1_46' title='bbox 415 421 540 449; x_wconf 80' lang='lat' dir='ltr'><strong>excitatae</strong></span> <span class='ocrx_word' id='word_1_47' title='bbox 560 422 588 449; x_wconf 92' lang='lat' dir='ltr'><strong>in</strong></span> <span class='ocrx_word' id='word_1_48' title='bbox 613 422 785 452; x_wconf 89' lang='lat' dir='ltr'><strong>auriculam:</strong></span> <span class='ocrx_word' id='word_1_49' title='bbox 800 425 939 458; x_wconf 86' lang='lat' dir='ltr'><strong>Quantum</strong></span> 
     </span>
    </p>
   </div>
   <div class='ocr_carea' id='block_1_10' title="bbox 154 462 940 502">
    <p class='ocr_par' dir='ltr' id='par_1_10' title="bbox 154 462 940 502">
     <span class='ocr_line' id='line_1_10' title="bbox 154 462 940 502; baseline 0.009 -10"><span class='ocrx_word' id='word_1_50' title='bbox 154 462 289 501; x_wconf 83' lang='lat' dir='ltr'><strong>intelligo,</strong></span> <span class='ocrx_word' id='word_1_51' title='bbox 305 467 389 494; x_wconf 87' lang='lat' dir='ltr'><strong>chara</strong></span> <span class='ocrx_word' id='word_1_52' title='bbox 407 468 518 502; x_wconf 81' lang='lat' dir='ltr'><strong>coniux,</strong></span> <span class='ocrx_word' id='word_1_53' title='bbox 531 469 711 497; x_wconf 85' lang='lat' dir='ltr'><strong>circumventi</strong></span> <span class='ocrx_word' id='word_1_54' title='bbox 726 471 872 499; x_wconf 88' lang='lat' dir='ltr'><strong>latrocinio</strong></span> <span class='ocrx_word' id='word_1_55' title='bbox 892 479 940 499; x_wconf 82' lang='lat' dir='ltr'><strong>su-</strong></span> 
     </span>
    </p>
   </div>
   <div class='ocr_carea' id='block_1_11' title="bbox 155 514 940 553">
    <p class='ocr_par' dir='ltr' id='par_1_11' title="bbox 155 514 940 553">
     <span class='ocr_line' id='line_1_11' title="bbox 155 514 940 553; baseline 0.008 -14"><span class='ocrx_word' id='word_1_56' title='bbox 155 517 228 545; x_wconf 87' lang='lat' dir='ltr'><strong>mus,</strong></span> <span class='ocrx_word' id='word_1_57' title='bbox 245 520 297 540; x_wconf 89' lang='lat' dir='ltr'><strong>nec</strong></span> <span class='ocrx_word' id='word_1_58' title='bbox 311 514 406 548; x_wconf 90' lang='lat' dir='ltr'><strong>procul</strong></span> <span class='ocrx_word' id='word_1_59' title='bbox 424 522 439 541; x_wconf 90' lang='lat' dir='ltr'><strong>a</strong></span> <span class='ocrx_word' id='word_1_60' title='bbox 454 515 620 546; x_wconf 88' lang='lat' dir='ltr'><strong>calamitate,</strong></span> <span class='ocrx_word' id='word_1_61' title='bbox 636 516 689 543; x_wconf 83' lang='lat' dir='ltr'><strong>nisi</strong></span> <span class='ocrx_word' id='word_1_62' title='bbox 704 517 805 544; x_wconf 89' lang='lat' dir='ltr'><strong>malum</strong></span> <span class='ocrx_word' id='word_1_63' title='bbox 820 526 940 553; x_wconf 63' lang='lat' dir='ltr'><strong>praever-</strong></span> 
     </span>
    </p>
   </div>
   <div class='ocr_carea' id='block_1_12' title="bbox 155 557 939 595">
    <p class='ocr_par' dir='ltr' id='par_1_12' title="bbox 155 557 939 595">
     <span class='ocr_line' id='line_1_12' title="bbox 155 557 939 595; baseline 0.005 -11"><span class='ocrx_word' id='word_1_64' title='bbox 155 558 239 585; x_wconf 85' lang='lat' dir='ltr'><strong>timus</strong></span> <span class='ocrx_word' id='word_1_65' title='bbox 254 557 368 585; x_wconf 82' lang='lat' dir='ltr'><strong>astutia.</strong></span> <span class='ocrx_word' id='word_1_66' title='bbox 384 557 425 585; x_wconf 90' lang='lat' dir='ltr'><strong>Tu</strong></span> <span class='ocrx_word' id='word_1_67' title='bbox 439 566 504 585; x_wconf 92' lang='lat' dir='ltr'><strong>vero</strong></span> <span class='ocrx_word' id='word_1_68' title='bbox 518 559 561 586; x_wconf 92' lang='lat' dir='ltr'><strong>fac</strong></span> <span class='ocrx_word' id='word_1_69' title='bbox 575 559 649 593; x_wconf 90' lang='lat' dir='ltr'><strong>quod</strong></span> <span class='ocrx_word' id='word_1_70' title='bbox 660 559 755 595; x_wconf 75' lang='lat' dir='ltr'><strong>iubeo.</strong></span> <span class='ocrx_word' id='word_1_71' title='bbox 773 560 892 588; x_wconf 85' lang='lat' dir='ltr'><strong>Inelama</strong></span> <span class='ocrx_word' id='word_1_72' title='bbox 907 569 939 588; x_wconf 88' lang='lat' dir='ltr'><strong>ea</strong></span> 
     </span>
    </p>
   </div>
   <div class='ocr_carea' id='block_1_13' title="bbox 154 604 939 641">
    <p class='ocr_par' dir='ltr' id='par_1_13' title="bbox 154 604 939 641">
     <span class='ocr_line' id='line_1_13' title="bbox 154 604 939 641; baseline 0.005 -11"><span class='ocrx_word' id='word_1_73' title='bbox 154 604 232 632; x_wconf 89' lang='lat' dir='ltr'><strong>vocis</strong></span> <span class='ocrx_word' id='word_1_74' title='bbox 257 604 437 632; x_wconf 89' lang='lat' dir='ltr'><strong>contentione</strong></span> <span class='ocrx_word' id='word_1_75' title='bbox 452 612 535 640; x_wconf 89' lang='lat' dir='ltr'><strong>quam</strong></span> <span class='ocrx_word' id='word_1_76' title='bbox 561 605 683 634; x_wconf 88' lang='lat' dir='ltr'><strong>videaris</strong></span> <span class='ocrx_word' id='word_1_77' title='bbox 693 610 792 641; x_wconf 89' lang='lat' dir='ltr'><strong>putare</strong></span> <span class='ocrx_word' id='word_1_78' title='bbox 812 614 939 634; x_wconf 86' lang='lat' dir='ltr'><strong>necessa-</strong></span> 
     </span>
    </p>
   </div>
   <div class='ocr_carea' id='block_1_14' title="bbox 151 650 939 687">
    <p class='ocr_par' dir='ltr' id='par_1_14' title="bbox 151 650 939 687">
     <span class='ocr_line' id='line_1_14' title="bbox 151 650 939 687; baseline 0.003 -9"><span class='ocrx_word' id='word_1_79' title='bbox 151 650 223 678; x_wconf 80' lang='lat' dir='ltr'><strong>riam</strong></span> <span class='ocrx_word' id='word_1_80' title='bbox 243 651 277 678; x_wconf 88' lang='lat' dir='ltr'><strong>ad</strong></span> <span class='ocrx_word' id='word_1_81' title='bbox 293 651 492 678; x_wconf 85' lang='lat' dir='ltr'><strong>excutiendum</strong></span> <span class='ocrx_word' id='word_1_82' title='bbox 516 651 584 679; x_wconf 88' lang='lat' dir='ltr'><strong>mihi</strong></span> <span class='ocrx_word' id='word_1_83' title='bbox 606 659 733 687; x_wconf 88' lang='lat' dir='ltr'><strong>soporem</strong></span> <span class='ocrx_word' id='word_1_84' title='bbox 757 652 893 684; x_wconf 68' lang='lat' dir='ltr'><strong>altiorem,</strong></span> <span class='ocrx_word' id='word_1_85' title='bbox 910 658 939 680; x_wconf 88' lang='lat' dir='ltr'><strong>et</strong></span> 
     </span>
    </p>
   </div>
   <div class='ocr_carea' id='block_1_15' title="bbox 151 689 938 732">
    <p class='ocr_par' dir='ltr' id='par_1_15' title="bbox 151 689 938 732">
     <span class='ocr_line' id='line_1_15' title="bbox 151 689 938 732; baseline 0.005 -11"><span class='ocrx_word' id='word_1_86' title='bbox 151 694 217 721; x_wconf 76' lang='lat' dir='ltr'><strong>dic&#39;:</strong></span> <span class='ocrx_word' id='word_1_87' title='bbox 235 689 311 729; x_wconf 77' lang='lat' dir='ltr'><strong>Rogo</strong></span> <span class='ocrx_word' id='word_1_88' title='bbox 331 698 368 726; x_wconf 87' lang='lat' dir='ltr'><strong>te,</strong></span> <span class='ocrx_word' id='word_1_89' title='bbox 386 694 422 722; x_wconf 92' lang='lat' dir='ltr'><strong>mi</strong></span> <span class='ocrx_word' id='word_1_90' title='bbox 443 694 498 727; x_wconf 74' lang='lat' dir='ltr'><strong>vir,</strong></span> <span class='ocrx_word' id='word_1_91' title='bbox 519 695 592 724; x_wconf 90' lang='lat' dir='ltr'><strong>unde</strong></span> <span class='ocrx_word' id='word_1_92' title='bbox 611 700 659 724; x_wconf 86' lang='lat' dir='ltr'><strong>aut</strong></span> <span class='ocrx_word' id='word_1_93' title='bbox 672 697 811 732; x_wconf 89' lang='lat' dir='ltr'><strong>quomodo</strong></span> <span class='ocrx_word' id='word_1_94' title='bbox 837 698 938 732; x_wconf 88' lang='lat' dir='ltr'><strong>parasti</strong></span> 
     </span>
    </p>
   </div>
   <div class='ocr_carea' id='block_1_16' title="bbox 151 735 936 777">
    <p class='ocr_par' dir='ltr' id='par_1_16' title="bbox 151 735 936 777">
     <span class='ocr_line' id='line_1_16' title="bbox 151 735 936 777; baseline 0.006 -12"><span class='ocrx_word' id='word_1_95' title='bbox 151 738 262 767; x_wconf 80' lang='lat' dir='ltr'><strong>divitias</strong></span> <span class='ocrx_word' id='word_1_96' title='bbox 275 735 357 768; x_wconf 80' lang='lat' dir='ltr'><strong>hasce</strong></span> <span class='ocrx_word' id='word_1_97' title='bbox 373 745 428 767; x_wconf 90' lang='lat' dir='ltr'><strong>tam</strong></span> <span class='ocrx_word' id='word_1_98' title='bbox 443 741 545 768; x_wconf 86' lang='lat' dir='ltr'><strong>multas</strong></span> <span class='ocrx_word' id='word_1_99' title='bbox 572 739 674 777; x_wconf 82' lang='lat' dir='ltr'><strong>quibus</strong></span> <span class='ocrx_word' id='word_1_100' title='bbox 704 741 936 770; x_wconf 84' lang='lat' dir='ltr'><strong>circumfluimus?</strong></span> 
     </span>
    </p>
   </div>
   <div class='ocr_carea' id='block_1_17' title="bbox 151 784 937 824">
    <p class='ocr_par' dir='ltr' id='par_1_17' title="bbox 151 784 937 824">
     <span class='ocr_line' id='line_1_17' title="bbox 151 784 937 824; baseline 0.006 -12"><span class='ocrx_word' id='word_1_101' title='bbox 151 785 190 813; x_wconf 85' lang='lat' dir='ltr'><strong>Ac</strong></span> <span class='ocrx_word' id='word_1_102' title='bbox 203 784 271 813; x_wconf 90' lang='lat' dir='ltr'><strong>mibi</strong></span> <span class='ocrx_word' id='word_1_103' title='bbox 287 787 365 821; x_wconf 88' lang='lat' dir='ltr'><strong>quasi</strong></span> <span class='ocrx_word' id='word_1_104' title='bbox 381 787 505 815; x_wconf 91' lang='lat' dir='ltr'><strong>nondum</strong></span> <span class='ocrx_word' id='word_1_105' title='bbox 521 788 665 822; x_wconf 75' lang='lat' dir='ltr'><strong>sentienti,</strong></span> <span class='ocrx_word' id='word_1_106' title='bbox 676 789 814 824; x_wconf 74' lang='lat' dir='ltr'><strong>ingemina</strong></span> <span class='ocrx_word' id='word_1_107' title='bbox 836 790 937 818; x_wconf 86' lang='lat' dir='ltr'><strong>iterum</strong></span> 
     </span>
    </p>
   </div>
   <div class='ocr_carea' id='block_1_18' title="bbox 151 831 935 871">
    <p class='ocr_par' dir='ltr' id='par_1_18' title="bbox 151 831 935 871">
     <span class='ocr_line' id='line_1_18' title="bbox 151 831 935 871; baseline 0.005 -13"><span class='ocrx_word' id='word_1_108' title='bbox 151 831 260 864; x_wconf 86' lang='lat' dir='ltr'><strong>eadem,</strong></span> <span class='ocrx_word' id='word_1_109' title='bbox 279 839 312 860; x_wconf 90' lang='lat' dir='ltr'><strong>ac</strong></span> <span class='ocrx_word' id='word_1_110' title='bbox 330 833 423 867; x_wconf 88' lang='lat' dir='ltr'><strong>tertio,</strong></span> <span class='ocrx_word' id='word_1_111' title='bbox 440 840 509 861; x_wconf 89' lang='lat' dir='ltr'><strong>voce</strong></span> <span class='ocrx_word' id='word_1_112' title='bbox 525 841 632 868; x_wconf 81' lang='lat' dir='ltr'><strong>semper</strong></span> <span class='ocrx_word' id='word_1_113' title='bbox 649 834 806 871; x_wconf 85' lang='lat' dir='ltr'><strong>contentius</strong></span> <span class='ocrx_word' id='word_1_114' title='bbox 818 835 935 863; x_wconf 79' lang='lat' dir='ltr'><strong>sublata.</strong></span> 
     </span>
    </p>
   </div>
   <div class='ocr_carea' id='block_1_19' title="bbox 152 871 972 914">
    <p class='ocr_par' dir='ltr' id='par_1_19' title="bbox 152 871 972 914">
     <span class='ocr_line' id='line_1_19' title="bbox 152 871 972 914; baseline 0.006 -11"><span class='ocrx_word' id='word_1_115' title='bbox 152 876 231 904; x_wconf 84' lang='lat' dir='ltr'><strong>Fecit</strong></span> <span class='ocrx_word' id='word_1_116' title='bbox 260 878 401 912; x_wconf 82' lang='lat' dir='ltr'><strong>extemplo</strong></span> <span class='ocrx_word' id='word_1_117' title='bbox 431 878 532 906; x_wconf 91' lang='lat' dir='ltr'><strong>mulier</strong></span> <span class='ocrx_word' id='word_1_118' title='bbox 559 878 634 914; x_wconf 90' lang='lat' dir='ltr'><strong>quod</strong></span> <span class='ocrx_word' id='word_1_119' title='bbox 661 879 703 907; x_wconf 85' lang='lat' dir='ltr'><strong>vir</strong></span> <span class='ocrx_word' id='word_1_120' title='bbox 732 879 933 914; x_wconf 82' lang='lat' dir='ltr'><strong>imperaverat:</strong></span> <span class='ocrx_word' id='word_1_121' title='bbox 952 871 972 899; x_wconf 72' lang='grc' dir='ltr'><strong><em>Β</em></strong></span> 
     </span>
    </p>
   </div>
   <div class='ocr_carea' id='block_1_20' title="bbox 115 924 935 959">
    <p class='ocr_par' dir='ltr' id='par_1_20' title="bbox 115 924 935 959">
     <span class='ocr_line' id='line_1_20' title="bbox 115 924 935 959; baseline 0.005 -10"><span class='ocrx_word' id='word_1_122' title='bbox 115 925 120 930; x_wconf 71' lang='grc'>⁸</span> <span class='ocrx_word' id='word_1_123' title='bbox 151 927 367 959; x_wconf 75' lang='lat' dir='ltr'><strong>mussaruntque</strong></span> <span class='ocrx_word' id='word_1_124' title='bbox 385 924 479 952; x_wconf 79' lang='lat' dir='ltr'><strong>statim</strong></span> <span class='ocrx_word' id='word_1_125' title='bbox 502 924 589 957; x_wconf 88' lang='lat' dir='ltr'><strong>fures,</strong></span> <span class='ocrx_word' id='word_1_126' title='bbox 614 929 643 953; x_wconf 89' lang='lat' dir='ltr'><strong>et</strong></span> <span class='ocrx_word' id='word_1_127' title='bbox 669 933 705 954; x_wconf 91' lang='lat' dir='ltr'><strong>ne</strong></span> <span class='ocrx_word' id='word_1_128' title='bbox 730 925 865 953; x_wconf 85' lang='lat' dir='ltr'><strong>indicium</strong></span> <span class='ocrx_word' id='word_1_129' title='bbox 893 926 935 954; x_wconf 92' lang='lat' dir='ltr'><strong>sui</strong></span> 
     </span>
    </p>
   </div>
   <div class='ocr_carea' id='block_1_21' title="bbox 149 964 934 1004">
    <p class='ocr_par' dir='ltr' id='par_1_21' title="bbox 149 964 934 1004">
     <span class='ocr_line' id='line_1_21' title="bbox 149 964 934 1004; baseline 0.006 -10"><span class='ocrx_word' id='word_1_130' title='bbox 149 964 205 1002; x_wconf 74' lang='lat' dir='ltr'><strong>iam</strong></span> <span class='ocrx_word' id='word_1_131' title='bbox 219 968 399 1002; x_wconf 79' lang='lat' dir='ltr'><strong>vigilantibus</strong></span> <span class='ocrx_word' id='word_1_132' title='bbox 414 970 580 1004; x_wconf 70' lang='lat' dir='ltr'><strong>praeberent,</strong></span> <span class='ocrx_word' id='word_1_133' title='bbox 603 968 759 999; x_wconf 80' lang='lat' dir='ltr'><strong>immobiles</strong></span> <span class='ocrx_word' id='word_1_134' title='bbox 784 969 934 1003; x_wconf 87' lang='lat' dir='ltr'><strong>haeserunt,</strong></span> 
     </span>
    </p>
   </div>
   <div class='ocr_carea' id='block_1_22' title="bbox 149 1013 936 1052">
    <p class='ocr_par' dir='ltr' id='par_1_22' title="bbox 149 1013 936 1052">
     <span class='ocr_line' id='line_1_22' title="bbox 149 1013 936 1052; baseline 0.006 -12"><span class='ocrx_word' id='word_1_135' title='bbox 149 1013 311 1041; x_wconf 78' lang='lat' dir='ltr'><strong>curiositate</strong></span> <span class='ocrx_word' id='word_1_136' title='bbox 327 1020 459 1049; x_wconf 78' lang='lat' dir='ltr'><strong>praeterea</strong></span> <span class='ocrx_word' id='word_1_137' title='bbox 476 1014 661 1051; x_wconf 75' lang='lat' dir='ltr'><strong>cognoscendi</strong></span> <span class='ocrx_word' id='word_1_138' title='bbox 675 1017 741 1051; x_wconf 89' lang='lat' dir='ltr'><strong>quid</strong></span> <span class='ocrx_word' id='word_1_139' title='bbox 756 1017 800 1044; x_wconf 93' lang='lat' dir='ltr'><strong>vir</strong></span> <span class='ocrx_word' id='word_1_140' title='bbox 821 1024 936 1052; x_wconf 82' lang='lat' dir='ltr'><strong>respon-</strong></span> 
     </span>
    </p>
   </div>
   <div class='ocr_carea' id='block_1_23' title="bbox 151 1061 935 1098">
    <p class='ocr_par' dir='ltr' id='par_1_23' title="bbox 151 1061 935 1098">
     <span class='ocr_line' id='line_1_23' title="bbox 151 1061 935 1098; baseline 0.006 -13"><span class='ocrx_word' id='word_1_141' title='bbox 151 1066 235 1087; x_wconf 80' lang='lat' dir='ltr'><strong>surus</strong></span> <span class='ocrx_word' id='word_1_142' title='bbox 262 1064 345 1093; x_wconf 82' lang='lat' dir='ltr'><strong>esset,</strong></span> <span class='ocrx_word' id='word_1_143' title='bbox 372 1061 406 1088; x_wconf 87' lang='lat' dir='ltr'><strong>ad</strong></span> <span class='ocrx_word' id='word_1_144' title='bbox 423 1061 560 1088; x_wconf 87' lang='lat' dir='ltr'><strong>silendum</strong></span> <span class='ocrx_word' id='word_1_145' title='bbox 577 1061 846 1098; x_wconf 88' lang='lat' dir='ltr'><strong>auscultandumque</strong></span> <span class='ocrx_word' id='word_1_146' title='bbox 862 1062 935 1090; x_wconf 59' lang='lat' dir='ltr'><strong>inviv</strong></span> 
     </span>
    </p>
   </div>
   <div class='ocr_carea' id='block_1_24' title="bbox 149 1102 934 1142">
    <p class='ocr_par' dir='ltr' id='par_1_24' title="bbox 149 1102 934 1142">
     <span class='ocr_line' id='line_1_24' title="bbox 149 1102 934 1142; baseline 0.005 -10"><span class='ocrx_word' id='word_1_147' title='bbox 149 1106 236 1134; x_wconf 87' lang='lat' dir='ltr'><strong>tante.</strong></span> <span class='ocrx_word' id='word_1_148' title='bbox 256 1102 327 1133; x_wconf 88' lang='lat' dir='ltr'><strong>Tum</strong></span> <span class='ocrx_word' id='word_1_149' title='bbox 347 1107 423 1135; x_wconf 77' lang='lat' dir='ltr'><strong>velut</strong></span> <span class='ocrx_word' id='word_1_150' title='bbox 437 1115 509 1142; x_wconf 65' lang='lat' dir='ltr'><strong>azgre</strong></span> <span class='ocrx_word' id='word_1_151' title='bbox 527 1107 636 1135; x_wconf 85' lang='lat' dir='ltr'><strong>tandem</strong></span> <span class='ocrx_word' id='word_1_152' title='bbox 649 1108 757 1136; x_wconf 84' lang='lat' dir='ltr'><strong>solutus</strong></span> <span class='ocrx_word' id='word_1_153' title='bbox 768 1116 864 1136; x_wconf 87' lang='lat' dir='ltr'><strong>somno</strong></span> <span class='ocrx_word' id='word_1_154' title='bbox 881 1107 934 1141; x_wconf 90' lang='lat' dir='ltr'><strong>vir,</strong></span> 
     </span>
    </p>
   </div>
   <div class='ocr_carea' id='block_1_25' title="bbox 148 1149 935 1186">
    <p class='ocr_par' dir='ltr' id='par_1_25' title="bbox 148 1149 935 1186">
     <span class='ocr_line' id='line_1_25' title="bbox 148 1149 935 1186; baseline 0.004 -9"><span class='ocrx_word' id='word_1_155' title='bbox 148 1149 262 1178; x_wconf 84' lang='lat' dir='ltr'><strong>auditus</strong></span> <span class='ocrx_word' id='word_1_156' title='bbox 280 1155 323 1178; x_wconf 88' lang='lat' dir='ltr'><strong>est</strong></span> <span class='ocrx_word' id='word_1_157' title='bbox 339 1150 451 1180; x_wconf 85' lang='lat' dir='ltr'><strong>dicere&#39;:</strong></span> <span class='ocrx_word' id='word_1_158' title='bbox 469 1152 548 1180; x_wconf 87' lang='lat' dir='ltr'><strong>Nacti</strong></span> <span class='ocrx_word' id='word_1_159' title='bbox 576 1160 684 1185; x_wconf 91' lang='lat' dir='ltr'><strong>sumus,</strong></span> <span class='ocrx_word' id='word_1_160' title='bbox 702 1160 719 1180; x_wconf 90' lang='grc' dir='ltr'><strong>ο</strong></span> <span class='ocrx_word' id='word_1_161' title='bbox 734 1161 814 1186; x_wconf 85' lang='lat' dir='ltr'><strong>uxor,</strong></span> <span class='ocrx_word' id='word_1_162' title='bbox 840 1153 935 1181; x_wconf 90' lang='lat' dir='ltr'><strong>divino</strong></span> 
     </span>
    </p>
   </div>
   <div class='ocr_carea' id='block_1_26' title="bbox 148 1193 933 1235">
    <p class='ocr_par' dir='ltr' id='par_1_26' title="bbox 148 1193 933 1235">
     <span class='ocr_line' id='line_1_26' title="bbox 148 1193 933 1235; baseline 0.005 -12"><span class='ocrx_word' id='word_1_163' title='bbox 148 1193 286 1225; x_wconf 87' lang='lat' dir='ltr'><strong>beneficio</strong></span> <span class='ocrx_word' id='word_1_164' title='bbox 300 1199 395 1233; x_wconf 90' lang='lat' dir='ltr'><strong>copias</strong></span> <span class='ocrx_word' id='word_1_165' title='bbox 409 1206 532 1234; x_wconf 89' lang='lat' dir='ltr'><strong>opesque</strong></span> <span class='ocrx_word' id='word_1_166' title='bbox 545 1199 636 1227; x_wconf 91' lang='lat' dir='ltr'><strong>omnis</strong></span> <span class='ocrx_word' id='word_1_167' title='bbox 652 1200 762 1234; x_wconf 79' lang='lat' dir='ltr'><strong>generis</strong></span> <span class='ocrx_word' id='word_1_168' title='bbox 779 1200 913 1235; x_wconf 88' lang='lat' dir='ltr'><strong>plurimas</strong></span> <span class='ocrx_word' id='word_1_169' title='bbox 925 1207 933 1227; x_wconf 83' lang='lat'>:</span> 
     </span>
    </p>
   </div>
   <div class='ocr_carea' id='block_1_27' title="bbox 148 1243 933 1281">
    <p class='ocr_par' dir='ltr' id='par_1_27' title="bbox 148 1243 933 1281">
     <span class='ocr_line' id='line_1_27' title="bbox 148 1243 933 1281; baseline 0.004 -11"><span class='ocrx_word' id='word_1_170' title='bbox 148 1243 242 1271; x_wconf 88' lang='lat' dir='ltr'><strong>fruere</strong></span> <span class='ocrx_word' id='word_1_171' title='bbox 268 1244 312 1272; x_wconf 86' lang='lat' dir='ltr'><strong>bis</strong></span> <span class='ocrx_word' id='word_1_172' title='bbox 337 1245 475 1273; x_wconf 85' lang='lat' dir='ltr'><strong>vescendo</strong></span> <span class='ocrx_word' id='word_1_173' title='bbox 490 1245 678 1281; x_wconf 89' lang='lat' dir='ltr'><strong>bibendoque,</strong></span> <span class='ocrx_word' id='word_1_174' title='bbox 700 1253 732 1273; x_wconf 87' lang='lat' dir='ltr'><strong>ac</strong></span> <span class='ocrx_word' id='word_1_175' title='bbox 745 1246 835 1273; x_wconf 58' lang='lat' dir='ltr'><strong>laetam</strong></span> <span class='ocrx_word' id='word_1_176' title='bbox 850 1246 933 1274; x_wconf 87' lang='lat' dir='ltr'><strong>vitam</strong></span> 
     </span>
    </p>
   </div>
   <div class='ocr_carea' id='block_1_28' title="bbox 147 1289 935 1326">
    <p class='ocr_par' dir='ltr' id='par_1_28' title="bbox 147 1289 935 1326">
     <span class='ocr_line' id='line_1_28' title="bbox 147 1289 935 1326; baseline 0.003 -10"><span class='ocrx_word' id='word_1_177' title='bbox 147 1289 264 1323; x_wconf 84' lang='lat' dir='ltr'><strong>agendo,</strong></span> <span class='ocrx_word' id='word_1_178' title='bbox 282 1295 334 1317; x_wconf 88' lang='lat' dir='ltr'><strong>nec</strong></span> <span class='ocrx_word' id='word_1_179' title='bbox 358 1290 470 1318; x_wconf 82' lang='lat' dir='ltr'><strong>curiose</strong></span> <span class='ocrx_word' id='word_1_180' title='bbox 495 1295 662 1325; x_wconf 86' lang='lat' dir='ltr'><strong>percontare</strong></span> <span class='ocrx_word' id='word_1_181' title='bbox 691 1289 764 1318; x_wconf 89' lang='lat' dir='ltr'><strong>unde</strong></span> <span class='ocrx_word' id='word_1_182' title='bbox 782 1291 834 1318; x_wconf 89' lang='lat' dir='ltr'><strong>ista</strong></span> <span class='ocrx_word' id='word_1_183' title='bbox 852 1298 935 1326; x_wconf 82' lang='lat' dir='ltr'><strong>para-</strong></span> 
     </span>
    </p>
   </div>
   <div class='ocr_carea' id='block_1_29' title="bbox 147 1332 934 1372">
    <p class='ocr_par' dir='ltr' id='par_1_29' title="bbox 147 1332 934 1372">
     <span class='ocr_line' id='line_1_29' title="bbox 147 1332 934 1372; baseline 0.004 -11"><span class='ocrx_word' id='word_1_184' title='bbox 147 1334 222 1367; x_wconf 83' lang='lat' dir='ltr'><strong>rim;</strong></span> <span class='ocrx_word' id='word_1_185' title='bbox 241 1335 315 1370; x_wconf 92' lang='lat' dir='ltr'><strong>quod</strong></span> <span class='ocrx_word' id='word_1_186' title='bbox 336 1332 458 1363; x_wconf 87' lang='lat' dir='ltr'><strong>indicare</strong></span> <span class='ocrx_word' id='word_1_187' title='bbox 474 1334 523 1363; x_wconf 88' lang='lat' dir='ltr'><strong>tibi</strong></span> <span class='ocrx_word' id='word_1_188' title='bbox 547 1343 666 1371; x_wconf 88' lang='lat' dir='ltr'><strong>nequeo,</strong></span> <span class='ocrx_word' id='word_1_189' title='bbox 693 1340 768 1364; x_wconf 89' lang='lat' dir='ltr'><strong>metu</strong></span> <span class='ocrx_word' id='word_1_190' title='bbox 783 1343 818 1364; x_wconf 91' lang='lat' dir='ltr'><strong>ne</strong></span> <span class='ocrx_word' id='word_1_191' title='bbox 833 1336 934 1372; x_wconf 86' lang='lat' dir='ltr'><strong>aliquis</strong></span> 
     </span>
    </p>
   </div>
   <div class='ocr_carea' id='block_1_30' title="bbox 147 1380 932 1416">
    <p class='ocr_par' dir='ltr' id='par_1_30' title="bbox 147 1380 932 1416">
     <span class='ocr_line' id='line_1_30' title="bbox 147 1380 932 1416; baseline 0.004 -9"><span class='ocrx_word' id='word_1_192' title='bbox 147 1380 278 1407; x_wconf 79' lang='lat' dir='ltr'><strong>exaudiat</strong></span> <span class='ocrx_word' id='word_1_193' title='bbox 295 1381 383 1415; x_wconf 89' lang='lat' dir='ltr'><strong>(aiunt</strong></span> <span class='ocrx_word' id='word_1_194' title='bbox 411 1381 486 1409; x_wconf 91' lang='lat' dir='ltr'><strong>enim</strong></span> <span class='ocrx_word' id='word_1_195' title='bbox 517 1385 545 1409; x_wconf 88' lang='lat' dir='ltr'><strong>et</strong></span> <span class='ocrx_word' id='word_1_196' title='bbox 570 1388 666 1410; x_wconf 87' lang='lat' dir='ltr'><strong>muros</strong></span> <span class='ocrx_word' id='word_1_197' title='bbox 703 1382 810 1409; x_wconf 88' lang='lat' dir='ltr'><strong>auritos</strong></span> <span class='ocrx_word' id='word_1_198' title='bbox 842 1383 932 1416; x_wconf 89' lang='lat' dir='ltr'><strong>esse):</strong></span> 
     </span>
    </p>
   </div>
   <div class='ocr_carea' id='block_1_31' title="bbox 146 1426 933 1463">
    <p class='ocr_par' dir='ltr' id='par_1_31' title="bbox 146 1426 933 1463">
     <span class='ocr_line' id='line_1_31' title="bbox 146 1426 933 1463; baseline 0.005 -11"><span class='ocrx_word' id='word_1_199' title='bbox 146 1432 278 1453; x_wconf 84' lang='lat' dir='ltr'><strong>arcanum</strong></span> <span class='ocrx_word' id='word_1_200' title='bbox 290 1429 383 1453; x_wconf 88' lang='lat' dir='ltr'><strong>autem</strong></span> <span class='ocrx_word' id='word_1_201' title='bbox 395 1426 447 1454; x_wconf 86' lang='lat' dir='ltr'><strong>hoc</strong></span> <span class='ocrx_word' id='word_1_202' title='bbox 465 1427 534 1454; x_wconf 88' lang='lat' dir='ltr'><strong>tanti</strong></span> <span class='ocrx_word' id='word_1_203' title='bbox 554 1427 684 1455; x_wconf 89' lang='lat' dir='ltr'><strong>momenti</strong></span> <span class='ocrx_word' id='word_1_204' title='bbox 697 1432 749 1461; x_wconf 87' lang='lat' dir='ltr'><strong>est,</strong></span> <span class='ocrx_word' id='word_1_205' title='bbox 767 1432 797 1455; x_wconf 83' lang='lat' dir='ltr'><strong>ut</strong></span> <span class='ocrx_word' id='word_1_206' title='bbox 812 1436 846 1455; x_wconf 85' lang='lat' dir='ltr'><strong>ex</strong></span> <span class='ocrx_word' id='word_1_207' title='bbox 873 1429 933 1463; x_wconf 86' lang='lat' dir='ltr'><strong>ejus</strong></span> 
     </span>
    </p>
   </div>
   <div class='ocr_carea' id='block_1_32' title="bbox 146 1471 933 1509">
    <p class='ocr_par' dir='ltr' id='par_1_32' title="bbox 146 1471 933 1509">
     <span class='ocr_line' id='line_1_32' title="bbox 146 1471 933 1509; baseline 0.005 -11"><span class='ocrx_word' id='word_1_208' title='bbox 146 1471 322 1507; x_wconf 87' lang='lat' dir='ltr'><strong>evulgatione</strong></span> <span class='ocrx_word' id='word_1_209' title='bbox 339 1472 436 1500; x_wconf 92' lang='lat' dir='ltr'><strong>ultima</strong></span> <span class='ocrx_word' id='word_1_210' title='bbox 452 1473 535 1508; x_wconf 89' lang='lat' dir='ltr'><strong>capiti</strong></span> <span class='ocrx_word' id='word_1_211' title='bbox 550 1473 726 1509; x_wconf 77' lang='lat' dir='ltr'><strong>fortunisque</strong></span> <span class='ocrx_word' id='word_1_212' title='bbox 751 1474 854 1502; x_wconf 86' lang='lat' dir='ltr'><strong>nostris</strong></span> <span class='ocrx_word' id='word_1_213' title='bbox 867 1482 933 1509; x_wconf 65' lang='lat' dir='ltr'><strong>per-</strong></span> 
     </span>
    </p>
   </div>
   <div class='ocr_carea' id='block_1_33' title="bbox 992 239 1775 274">
    <p class='ocr_par' dir='ltr' id='par_1_33' title="bbox 992 239 1775 274">
     <span class='ocr_line' id='line_1_33' title="bbox 992 239 1775 274; baseline -0.001 -7"><span class='ocrx_word' id='word_1_214' title='bbox 992 239 1095 272; x_wconf 77' lang='lat' dir='ltr'><strong>meum,</strong></span> <span class='ocrx_word' id='word_1_215' title='bbox 1121 239 1147 266; x_wconf 91' lang='lat' dir='ltr'><strong>in</strong></span> <span class='ocrx_word' id='word_1_216' title='bbox 1163 240 1250 274; x_wconf 73' lang='lat' dir='ltr'><strong>ipsam</strong></span> <span class='ocrx_word' id='word_1_217' title='bbox 1267 239 1414 266; x_wconf 89' lang='lat' dir='ltr'><strong>fenestram</strong></span> <span class='ocrx_word' id='word_1_218' title='bbox 1444 239 1622 267; x_wconf 79' lang='lat' dir='ltr'><strong>insusurrans</strong></span> <span class='ocrx_word' id='word_1_219' title='bbox 1638 239 1775 274; x_wconf 80' lang='lat' dir='ltr'><strong>magicum</strong></span> 
     </span>
    </p>
   </div>
   <div class='ocr_carea' id='block_1_34' title="bbox 991 283 1776 321">
    <p class='ocr_par' dir='ltr' id='par_1_34' title="bbox 991 283 1776 321">
     <span class='ocr_line' id='line_1_34' title="bbox 991 283 1776 321; baseline 0 -8"><span class='ocrx_word' id='word_1_220' title='bbox 991 286 1043 313; x_wconf 84' lang='lat' dir='ltr'><strong>hoc</strong></span> <span class='ocrx_word' id='word_1_221' title='bbox 1052 285 1215 313; x_wconf 83' lang='lat' dir='ltr'><strong>vocabulum</strong></span> <span class='ocrx_word' id='word_1_222' title='bbox 1228 293 1234 311; x_wconf 90' lang='lat'>:</span> <span class='ocrx_word' id='word_1_223' title='bbox 1253 283 1351 317; x_wconf 81' lang='lat' dir='ltr'><strong>Semel,</strong></span> <span class='ocrx_word' id='word_1_224' title='bbox 1366 283 1457 318; x_wconf 71' lang='lat' dir='ltr'><strong>semel;</strong></span> <span class='ocrx_word' id='word_1_225' title='bbox 1472 285 1628 320; x_wconf 87' lang='lat' dir='ltr'><strong>repetebam</strong></span> <span class='ocrx_word' id='word_1_226' title='bbox 1642 290 1776 321; x_wconf 67' lang='lat' dir='ltr'><strong>praeterea</strong></span> 
     </span>
    </p>
   </div>
   <div class='ocr_carea' id='block_1_35' title="bbox 991 330 1775 367">
    <p class='ocr_par' dir='ltr' id='par_1_35' title="bbox 991 330 1775 367">
     <span class='ocr_line' id='line_1_35' title="bbox 991 330 1775 367; baseline -0.003 -8"><span class='ocrx_word' id='word_1_227' title='bbox 991 331 1149 367; x_wconf 87' lang='lat' dir='ltr'><strong>quinquies.</strong></span> <span class='ocrx_word' id='word_1_228' title='bbox 1167 331 1265 358; x_wconf 86' lang='lat' dir='ltr'><strong>Statim</strong></span> <span class='ocrx_word' id='word_1_229' title='bbox 1282 338 1296 357; x_wconf 89' lang='lat' dir='ltr'><strong>a</strong></span> <span class='ocrx_word' id='word_1_230' title='bbox 1317 330 1450 365; x_wconf 79' lang='lat' dir='ltr'><strong>replicata</strong></span> <span class='ocrx_word' id='word_1_231' title='bbox 1465 331 1568 364; x_wconf 86' lang='lat' dir='ltr'><strong>septies</strong></span> <span class='ocrx_word' id='word_1_232' title='bbox 1594 330 1690 362; x_wconf 89' lang='lat' dir='ltr'><strong>verbo,</strong></span> <span class='ocrx_word' id='word_1_233' title='bbox 1704 331 1775 358; x_wconf 86' lang='lat' dir='ltr'><strong>mira</strong></span> 
     </span>
    </p>
   </div>
   <div class='ocr_carea' id='block_1_36' title="bbox 990 375 1775 410">
    <p class='ocr_par' dir='ltr' id='par_1_36' title="bbox 990 375 1775 410">
     <span class='ocr_line' id='line_1_36' title="bbox 990 375 1775 410; baseline -0.003 -7"><span class='ocrx_word' id='word_1_234' title='bbox 990 377 1033 403; x_wconf 78' lang='lat' dir='ltr'><strong>ris</strong></span> <span class='ocrx_word' id='word_1_235' title='bbox 1055 375 1204 403; x_wconf 77' lang='lat' dir='ltr'><strong>carminis!</strong></span> <span class='ocrx_word' id='word_1_236' title='bbox 1220 375 1380 410; x_wconf 67' lang='lat' dir='ltr'><strong>prmbehant</strong></span> <span class='ocrx_word' id='word_1_237' title='bbox 1391 382 1456 403; x_wconf 89' lang='lat' dir='ltr'><strong>ecce</strong></span> <span class='ocrx_word' id='word_1_238' title='bbox 1469 382 1529 402; x_wconf 88' lang='lat' dir='ltr'><strong>sese</strong></span> <span class='ocrx_word' id='word_1_239' title='bbox 1538 375 1619 402; x_wconf 87' lang='lat' dir='ltr'><strong>nobis</strong></span> <span class='ocrx_word' id='word_1_240' title='bbox 1636 375 1775 409; x_wconf 86' lang='lat' dir='ltr'><strong>equitabi-</strong></span> 
     </span>
    </p>
   </div>
   <div class='ocr_carea' id='block_1_37' title="bbox 990 421 1775 456">
    <p class='ocr_par' dir='ltr' id='par_1_37' title="bbox 990 421 1775 456">
     <span class='ocr_line' id='line_1_37' title="bbox 990 421 1775 456; baseline -0.003 -6"><span class='ocrx_word' id='word_1_241' title='bbox 990 423 1030 450; x_wconf 88' lang='lat' dir='ltr'><strong>les</strong></span> <span class='ocrx_word' id='word_1_242' title='bbox 1045 422 1112 449; x_wconf 81' lang='lat' dir='ltr'><strong>radii</strong></span> <span class='ocrx_word' id='word_1_243' title='bbox 1130 427 1249 456; x_wconf 80' lang='lat' dir='ltr'><strong>snperne</strong></span> <span class='ocrx_word' id='word_1_244' title='bbox 1273 421 1402 456; x_wconf 77' lang='lat' dir='ltr'><strong>fulgentis</strong></span> <span class='ocrx_word' id='word_1_245' title='bbox 1428 422 1495 449; x_wconf 85' lang='lat' dir='ltr'><strong>orbe</strong></span> <span class='ocrx_word' id='word_1_246' title='bbox 1514 421 1596 456; x_wconf 86' lang='lat' dir='ltr'><strong>pleno</strong></span> <span class='ocrx_word' id='word_1_247' title='bbox 1623 421 1706 449; x_wconf 65' lang='lat' dir='ltr'><strong>lunae.</strong></span> <span class='ocrx_word' id='word_1_248' title='bbox 1727 421 1775 448; x_wconf 83' lang='lat' dir='ltr'><strong>llis</strong></span> 
     </span>
    </p>
   </div>
   <div class='ocr_carea' id='block_1_38' title="bbox 991 464 1775 501">
    <p class='ocr_par' dir='ltr' id='par_1_38' title="bbox 991 464 1775 501">
     <span class='ocr_line' id='line_1_38' title="bbox 991 464 1775 501; baseline -0.003 -6"><span class='ocrx_word' id='word_1_249' title='bbox 991 467 1092 495; x_wconf 85' lang='lat' dir='ltr'><strong>invecti</strong></span> <span class='ocrx_word' id='word_1_250' title='bbox 1119 467 1278 495; x_wconf 75' lang='lat' dir='ltr'><strong>ferebamur</strong></span> <span class='ocrx_word' id='word_1_251' title='bbox 1307 467 1380 494; x_wconf 88' lang='lat' dir='ltr'><strong>intra</strong></span> <span class='ocrx_word' id='word_1_252' title='bbox 1410 464 1495 498; x_wconf 73' lang='lat' dir='ltr'><strong>aedes,</strong></span> <span class='ocrx_word' id='word_1_253' title='bbox 1528 466 1632 494; x_wconf 86' lang='lat' dir='ltr'><strong>nemini</strong></span> <span class='ocrx_word' id='word_1_254' title='bbox 1661 472 1775 501; x_wconf 85' lang='lat' dir='ltr'><strong>prorsus</strong></span> 
     </span>
    </p>
   </div>
   <div class='ocr_carea' id='block_1_39' title="bbox 991 510 1774 549">
    <p class='ocr_par' dir='ltr' id='par_1_39' title="bbox 991 510 1774 549">
     <span class='ocr_line' id='line_1_39' title="bbox 991 510 1774 549; baseline -0.004 -7"><span class='ocrx_word' id='word_1_255' title='bbox 991 515 1065 542; x_wconf 85' lang='lat' dir='ltr'><strong>intus</strong></span> <span class='ocrx_word' id='word_1_256' title='bbox 1080 514 1239 549; x_wconf 78' lang='lat' dir='ltr'><strong>degentium</strong></span> <span class='ocrx_word' id='word_1_257' title='bbox 1256 513 1397 549; x_wconf 87' lang='lat' dir='ltr'><strong>conspicui</strong></span> <span class='ocrx_word' id='word_1_258' title='bbox 1418 518 1466 540; x_wconf 86' lang='lat' dir='ltr'><strong>aut</strong></span> <span class='ocrx_word' id='word_1_259' title='bbox 1479 512 1668 541; x_wconf 85' lang='lat' dir='ltr'><strong>observabiles</strong></span> <span class='ocrx_word' id='word_1_260' title='bbox 1695 510 1774 548; x_wconf 85' lang='lat' dir='ltr'><strong>signo</strong></span> 
     </span>
    </p>
   </div>
   <div class='ocr_carea' id='block_1_40' title="bbox 989 558 1773 594">
    <p class='ocr_par' dir='ltr' id='par_1_40' title="bbox 989 558 1773 594">
     <span class='ocr_line' id='line_1_40' title="bbox 989 558 1773 594; baseline -0.004 -6"><span class='ocrx_word' id='word_1_261' title='bbox 989 567 1107 588; x_wconf 86' lang='lat' dir='ltr'><strong>sensuve</strong></span> <span class='ocrx_word' id='word_1_262' title='bbox 1132 559 1198 587; x_wconf 85' lang='lat' dir='ltr'><strong>ullo.</strong></span> <span class='ocrx_word' id='word_1_263' title='bbox 1229 559 1299 586; x_wconf 89' lang='lat' dir='ltr'><strong>Tum</strong></span> <span class='ocrx_word' id='word_1_264' title='bbox 1328 559 1429 586; x_wconf 86' lang='lat' dir='ltr'><strong>iterum</strong></span> <span class='ocrx_word' id='word_1_265' title='bbox 1455 565 1507 594; x_wconf 80' lang='lat' dir='ltr'><strong>ego</strong></span> <span class='ocrx_word' id='word_1_266' title='bbox 1529 558 1773 585; x_wconf 87' lang='lat' dir='ltr'><strong>immurmurabam</strong></span> 
     </span>
    </p>
   </div>
   <div class='ocr_carea' id='block_1_41' title="bbox 989 603 1773 640">
    <p class='ocr_par' dir='ltr' id='par_1_41' title="bbox 989 603 1773 640">
     <span class='ocr_line' id='line_1_41' title="bbox 989 603 1773 640; baseline -0.004 -7"><span class='ocrx_word' id='word_1_267' title='bbox 989 613 1101 633; x_wconf 83' lang='lat' dir='ltr'><strong>carmen</strong></span> <span class='ocrx_word' id='word_1_268' title='bbox 1116 612 1208 632; x_wconf 90' lang='lat' dir='ltr'><strong>meum</strong></span> <span class='ocrx_word' id='word_1_269' title='bbox 1222 613 1230 636; x_wconf 77' lang='grc' dir='ltr'>ς</span> <span class='ocrx_word' id='word_1_270' title='bbox 1254 612 1310 640; x_wconf 88' lang='lat' dir='ltr'><strong>quo</strong></span> <span class='ocrx_word' id='word_1_271' title='bbox 1323 604 1399 632; x_wconf 90' lang='lat' dir='ltr'><strong>dicto</strong></span> <span class='ocrx_word' id='word_1_272' title='bbox 1414 604 1551 639; x_wconf 90' lang='lat' dir='ltr'><strong>quidquid</strong></span> <span class='ocrx_word' id='word_1_273' title='bbox 1568 603 1721 639; x_wconf 83' lang='lat' dir='ltr'><strong>pretiosum</strong></span> <span class='ocrx_word' id='word_1_274' title='bbox 1746 603 1773 630; x_wconf 92' lang='lat' dir='ltr'><strong>in</strong></span> 
     </span>
    </p>
   </div>
   <div class='ocr_carea' id='block_1_42' title="bbox 989 649 1775 684">
    <p class='ocr_par' dir='ltr' id='par_1_42' title="bbox 989 649 1775 684">
     <span class='ocr_line' id='line_1_42' title="bbox 989 649 1775 684; baseline -0.001 -6"><span class='ocrx_word' id='word_1_275' title='bbox 989 651 1035 678; x_wconf 92' lang='lat' dir='ltr'><strong>illa</strong></span> <span class='ocrx_word' id='word_1_276' title='bbox 1050 654 1109 678; x_wconf 88' lang='lat' dir='ltr'><strong>erat</strong></span> <span class='ocrx_word' id='word_1_277' title='bbox 1122 650 1205 677; x_wconf 92' lang='lat' dir='ltr'><strong>domo</strong></span> <span class='ocrx_word' id='word_1_278' title='bbox 1217 657 1232 677; x_wconf 92' lang='lat' dir='ltr'><strong>e</strong></span> <span class='ocrx_word' id='word_1_279' title='bbox 1243 649 1356 677; x_wconf 83' lang='lat' dir='ltr'><strong>latebris</strong></span> <span class='ocrx_word' id='word_1_280' title='bbox 1373 657 1524 684; x_wconf 89' lang='lat' dir='ltr'><strong>erumpens</strong></span> <span class='ocrx_word' id='word_1_281' title='bbox 1542 649 1601 677; x_wconf 84' lang='lat' dir='ltr'><strong>suis</strong></span> <span class='ocrx_word' id='word_1_282' title='bbox 1617 649 1775 677; x_wconf 82' lang='lat' dir='ltr'><strong>conﬂuebat</strong></span> 
     </span>
    </p>
   </div>
   <div class='ocr_carea' id='block_1_43' title="bbox 987 693 1775 731">
    <p class='ocr_par' dir='ltr' id='par_1_43' title="bbox 987 693 1775 731">
     <span class='ocr_line' id='line_1_43' title="bbox 987 693 1775 731; baseline -0.003 -7"><span class='ocrx_word' id='word_1_283' title='bbox 987 701 1087 731; x_wconf 85' lang='lat' dir='ltr'><strong>sponte</strong></span> <span class='ocrx_word' id='word_1_284' title='bbox 1100 695 1133 724; x_wconf 88' lang='lat' dir='ltr'><strong>ad</strong></span> <span class='ocrx_word' id='word_1_285' title='bbox 1149 703 1204 723; x_wconf 90' lang='lat' dir='ltr'><strong>me.</strong></span> <span class='ocrx_word' id='word_1_286' title='bbox 1220 693 1360 730; x_wconf 82' lang='lat' dir='ltr'><strong>Eligebam</strong></span> <span class='ocrx_word' id='word_1_287' title='bbox 1377 702 1436 730; x_wconf 66' lang='lat' dir='ltr'><strong>qua</strong></span> <span class='ocrx_word' id='word_1_288' title='bbox 1446 695 1602 728; x_wconf 73' lang='lat' dir='ltr'><strong>placebant,</strong></span> <span class='ocrx_word' id='word_1_289' title='bbox 1627 695 1775 730; x_wconf 87' lang='lat' dir='ltr'><strong>portanda-</strong></span> 
     </span>
    </p>
   </div>
   <div class='ocr_carea' id='block_1_44' title="bbox 988 741 1766 778">
    <p class='ocr_par' dir='ltr' id='par_1_44' title="bbox 988 741 1766 778">
     <span class='ocr_line' id='line_1_44' title="bbox 988 741 1766 778; baseline -0.001 -8"><span class='ocrx_word' id='word_1_290' title='bbox 988 750 1041 778; x_wconf 91' lang='lat' dir='ltr'><strong>que</strong></span> <span class='ocrx_word' id='word_1_291' title='bbox 1052 743 1150 770; x_wconf 90' lang='lat' dir='ltr'><strong>dabam</strong></span> <span class='ocrx_word' id='word_1_292' title='bbox 1161 741 1255 770; x_wconf 88' lang='lat' dir='ltr'><strong>sociis.</strong></span> <span class='ocrx_word' id='word_1_293' title='bbox 1269 742 1328 769; x_wconf 80' lang='lat' dir='ltr'><strong>Mox</strong></span> <span class='ocrx_word' id='word_1_294' title='bbox 1338 748 1434 769; x_wconf 90' lang='lat' dir='ltr'><strong>rursus</strong></span> <span class='ocrx_word' id='word_1_295' title='bbox 1447 742 1634 769; x_wconf 90' lang='lat' dir='ltr'><strong>incantatione</strong></span> <span class='ocrx_word' id='word_1_296' title='bbox 1649 741 1766 777; x_wconf 86' lang='lat' dir='ltr'><strong>repetita</strong></span> 
     </span>
    </p>
   </div>
   <div class='ocr_carea' id='block_1_45' title="bbox 988 786 1774 822">
    <p class='ocr_par' dir='ltr' id='par_1_45' title="bbox 988 786 1774 822">
     <span class='ocr_line' id='line_1_45' title="bbox 988 786 1774 822; baseline -0.003 -6"><span class='ocrx_word' id='word_1_297' title='bbox 988 786 1219 817; x_wconf 87' lang='lat' dir='ltr'><strong>inscendebamus</strong></span> <span class='ocrx_word' id='word_1_298' title='bbox 1234 787 1326 815; x_wconf 75' lang='lat' dir='ltr'><strong>radios</strong></span> <span class='ocrx_word' id='word_1_299' title='bbox 1341 787 1424 820; x_wconf 63' lang='lat' dir='ltr'><strong>lunae,</strong></span> <span class='ocrx_word' id='word_1_300' title='bbox 1436 788 1689 822; x_wconf 89' lang='lat' dir='ltr'><strong>famulantibusqne</strong></span> <span class='ocrx_word' id='word_1_301' title='bbox 1719 787 1774 814; x_wconf 76' lang='lat' dir='ltr'><strong>illis</strong></span> 
     </span>
    </p>
   </div>
   <div class='ocr_carea' id='block_1_46' title="bbox 987 832 1774 870">
    <p class='ocr_par' dir='ltr' id='par_1_46' title="bbox 987 832 1774 870">
     <span class='ocr_line' id='line_1_46' title="bbox 987 832 1774 870; baseline 0 -9"><span class='ocrx_word' id='word_1_302' title='bbox 987 842 1037 870; x_wconf 87' lang='lat' dir='ltr'><strong>per</strong></span> <span class='ocrx_word' id='word_1_303' title='bbox 1049 834 1160 862; x_wconf 86' lang='lat' dir='ltr'><strong>easdem</strong></span> <span class='ocrx_word' id='word_1_304' title='bbox 1177 832 1311 861; x_wconf 85' lang='lat' dir='ltr'><strong>fenestras</strong></span> <span class='ocrx_word' id='word_1_305' title='bbox 1324 833 1512 866; x_wconf 87' lang='lat' dir='ltr'><strong>evolabamus,</strong></span> <span class='ocrx_word' id='word_1_306' title='bbox 1529 840 1580 860; x_wconf 93' lang='lat' dir='ltr'><strong>nos</strong></span> <span class='ocrx_word' id='word_1_307' title='bbox 1597 834 1774 868; x_wconf 69' lang='lat' dir='ltr'><strong>praedamque</strong></span> 
     </span>
    </p>
   </div>
   <div class='ocr_carea' id='block_1_47' title="bbox 987 877 1773 914">
    <p class='ocr_par' dir='ltr' id='par_1_47' title="bbox 987 877 1773 914">
     <span class='ocr_line' id='line_1_47' title="bbox 987 877 1773 914; baseline -0.001 -7"><span class='ocrx_word' id='word_1_308' title='bbox 987 880 1014 907; x_wconf 92' lang='lat' dir='ltr'><strong>in</strong></span> <span class='ocrx_word' id='word_1_309' title='bbox 1029 883 1118 907; x_wconf 92' lang='lat' dir='ltr'><strong>tutum</strong></span> <span class='ocrx_word' id='word_1_310' title='bbox 1134 879 1311 914; x_wconf 86' lang='lat' dir='ltr'><strong>recipientes.</strong></span> <span class='ocrx_word' id='word_1_311' title='bbox 1327 877 1390 906; x_wconf 70' lang='lat' dir='ltr'><strong>Ilzec</strong></span> <span class='ocrx_word' id='word_1_312' title='bbox 1405 878 1479 906; x_wconf 88' lang='lat' dir='ltr'><strong>fures</strong></span> <span class='ocrx_word' id='word_1_313' title='bbox 1496 879 1642 906; x_wconf 81' lang='lat' dir='ltr'><strong>audientes</strong></span> <span class='ocrx_word' id='word_1_314' title='bbox 1664 880 1691 906; x_wconf 93' lang='lat' dir='ltr'><strong>in</strong></span> <span class='ocrx_word' id='word_1_315' title='bbox 1710 879 1773 906; x_wconf 83' lang='lat' dir='ltr'><strong>sinu</strong></span> 
     </span>
    </p>
   </div>
   <div class='ocr_carea' id='block_1_48' title="bbox 987 924 1775 962">
    <p class='ocr_par' dir='ltr' id='par_1_48' title="bbox 987 924 1775 962">
     <span class='ocr_line' id='line_1_48' title="bbox 987 924 1775 962; baseline 0 -8"><span class='ocrx_word' id='word_1_316' title='bbox 987 926 1155 962; x_wconf 85' lang='lat' dir='ltr'><strong>gaudebant,</strong></span> <span class='ocrx_word' id='word_1_317' title='bbox 1183 925 1349 961; x_wconf 89' lang='lat' dir='ltr'><strong>aiebantque</strong></span> <span class='ocrx_word' id='word_1_318' title='bbox 1366 927 1537 961; x_wconf 83' lang='lat' dir='ltr'><strong>gratulantes</strong></span> <span class='ocrx_word' id='word_1_319' title='bbox 1560 931 1667 959; x_wconf 88' lang='lat' dir='ltr'><strong>mutuo,</strong></span> <span class='ocrx_word' id='word_1_320' title='bbox 1690 924 1775 954; x_wconf 81' lang='lat' dir='ltr'><strong>Bonis</strong></span> 
     </span>
    </p>
   </div>
   <div class='ocr_carea' id='block_1_49' title="bbox 987 964 1773 1007">
    <p class='ocr_par' dir='ltr' id='par_1_49' title="bbox 987 964 1773 1007">
     <span class='ocr_line' id='line_1_49' title="bbox 987 964 1773 1007; baseline -0.003 -7"><span class='ocrx_word' id='word_1_321' title='bbox 987 964 1085 1001; x_wconf 79' lang='lat' dir='ltr'><strong>avibus</strong></span> <span class='ocrx_word' id='word_1_322' title='bbox 1100 970 1154 1000; x_wconf 87' lang='lat' dir='ltr'><strong>huc</strong></span> <span class='ocrx_word' id='word_1_323' title='bbox 1175 972 1324 1005; x_wconf 87' lang='lat' dir='ltr'><strong>venimus;</strong></span> <span class='ocrx_word' id='word_1_324' title='bbox 1342 972 1426 999; x_wconf 88' lang='lat' dir='ltr'><strong>nullis</strong></span> <span class='ocrx_word' id='word_1_325' title='bbox 1442 979 1563 1007; x_wconf 85' lang='lat' dir='ltr'><strong>unquam</strong></span> <span class='ocrx_word' id='word_1_326' title='bbox 1588 971 1699 999; x_wconf 88' lang='lat' dir='ltr'><strong>furibus</strong></span> <span class='ocrx_word' id='word_1_327' title='bbox 1718 976 1773 998; x_wconf 81' lang='lat' dir='ltr'><strong>tam</strong></span> 
     </span>
    </p>
   </div>
   <div class='ocr_carea' id='block_1_50' title="bbox 986 1015 1775 1054">
    <p class='ocr_par' dir='ltr' id='par_1_50' title="bbox 986 1015 1775 1054">
     <span class='ocr_line' id='line_1_50' title="bbox 986 1015 1775 1054; baseline -0.001 -8"><span class='ocrx_word' id='word_1_328' title='bbox 986 1015 1134 1054; x_wconf 75' lang='lat' dir='ltr'><strong>propitiam</strong></span> <span class='ocrx_word' id='word_1_329' title='bbox 1164 1017 1287 1045; x_wconf 80' lang='lat' dir='ltr'><strong>Laverna</strong></span> <span class='ocrx_word' id='word_1_330' title='bbox 1312 1025 1341 1045; x_wconf 85' lang='lat' dir='ltr'><strong>se</strong></span> <span class='ocrx_word' id='word_1_331' title='bbox 1361 1017 1488 1052; x_wconf 72' lang='lat' dir='ltr'><strong>praebuit.</strong></span> <span class='ocrx_word' id='word_1_332' title='bbox 1507 1017 1548 1045; x_wconf 89' lang='lat' dir='ltr'><strong>En</strong></span> <span class='ocrx_word' id='word_1_333' title='bbox 1580 1018 1627 1045; x_wconf 91' lang='lat' dir='ltr'><strong>ubi</strong></span> <span class='ocrx_word' id='word_1_334' title='bbox 1659 1017 1775 1045; x_wconf 86' lang='lat' dir='ltr'><strong>minime</strong></span> 
     </span>
    </p>
   </div>
   <div class='ocr_carea' id='block_1_51' title="bbox 986 1064 1774 1100">
    <p class='ocr_par' dir='ltr' id='par_1_51' title="bbox 986 1064 1774 1100">
     <span class='ocr_line' id='line_1_51' title="bbox 986 1064 1774 1100; baseline -0.001 -8"><span class='ocrx_word' id='word_1_335' title='bbox 986 1065 1152 1100; x_wconf 86' lang='lat' dir='ltr'><strong>putabamus</strong></span> <span class='ocrx_word' id='word_1_336' title='bbox 1164 1069 1250 1092; x_wconf 90' lang='lat' dir='ltr'><strong>artem</strong></span> <span class='ocrx_word' id='word_1_337' title='bbox 1263 1064 1412 1092; x_wconf 87' lang='lat' dir='ltr'><strong>didicimus</strong></span> <span class='ocrx_word' id='word_1_338' title='bbox 1422 1069 1529 1092; x_wconf 91' lang='lat' dir='ltr'><strong>montes</strong></span> <span class='ocrx_word' id='word_1_339' title='bbox 1538 1072 1636 1092; x_wconf 88' lang='lat' dir='ltr'><strong>aureos</strong></span> <span class='ocrx_word' id='word_1_340' title='bbox 1645 1064 1774 1099; x_wconf 86' lang='lat' dir='ltr'><strong>parandi,</strong></span> 
     </span>
    </p>
   </div>
   <div class='ocr_carea' id='block_1_52' title="bbox 985 1110 1775 1146">
    <p class='ocr_par' dir='ltr' id='par_1_52' title="bbox 985 1110 1775 1146">
     <span class='ocr_line' id='line_1_52' title="bbox 985 1110 1775 1146; baseline 0.001 -8"><span class='ocrx_word' id='word_1_341' title='bbox 985 1111 1134 1139; x_wconf 83' lang='lat' dir='ltr'><strong>securitate</strong></span> <span class='ocrx_word' id='word_1_342' title='bbox 1150 1111 1185 1139; x_wconf 90' lang='lat' dir='ltr'><strong>ab</strong></span> <span class='ocrx_word' id='word_1_343' title='bbox 1201 1110 1277 1138; x_wconf 88' lang='lat' dir='ltr'><strong>omni</strong></span> <span class='ocrx_word' id='word_1_344' title='bbox 1293 1115 1368 1139; x_wconf 88' lang='lat' dir='ltr'><strong>metu</strong></span> <span class='ocrx_word' id='word_1_345' title='bbox 1384 1119 1503 1139; x_wconf 90' lang='lat' dir='ltr'><strong>summa.</strong></span> <span class='ocrx_word' id='word_1_346' title='bbox 1524 1111 1597 1145; x_wconf 89' lang='lat' dir='ltr'><strong>Quin</strong></span> <span class='ocrx_word' id='word_1_347' title='bbox 1623 1112 1678 1146; x_wconf 86' lang='lat' dir='ltr'><strong>jam</strong></span> <span class='ocrx_word' id='word_1_348' title='bbox 1707 1111 1775 1139; x_wconf 89' lang='lat' dir='ltr'><strong>hinc</strong></span> 
     </span>
    </p>
   </div>
   <div class='ocr_carea' id='block_1_53' title="bbox 987 1157 1775 1194">
    <p class='ocr_par' dir='ltr' id='par_1_53' title="bbox 987 1157 1775 1194">
     <span class='ocr_line' id='line_1_53' title="bbox 987 1157 1775 1194; baseline -0.001 -9"><span class='ocrx_word' id='word_1_349' title='bbox 987 1157 1110 1186; x_wconf 90' lang='lat' dir='ltr'><strong>indicato</strong></span> <span class='ocrx_word' id='word_1_350' title='bbox 1133 1158 1297 1194; x_wconf 92' lang='lat' dir='ltr'><strong>compendio</strong></span> <span class='ocrx_word' id='word_1_351' title='bbox 1329 1158 1446 1191; x_wconf 87' lang='lat' dir='ltr'><strong>utimur,</strong></span> <span class='ocrx_word' id='word_1_352' title='bbox 1476 1163 1504 1187; x_wconf 91' lang='lat' dir='ltr'><strong>et</strong></span> <span class='ocrx_word' id='word_1_353' title='bbox 1517 1159 1602 1187; x_wconf 76' lang='lat' dir='ltr'><strong>armis</strong></span> <span class='ocrx_word' id='word_1_354' title='bbox 1616 1159 1689 1186; x_wconf 90' lang='lat' dir='ltr'><strong>hunc</strong></span> <span class='ocrx_word' id='word_1_355' title='bbox 1714 1159 1775 1186; x_wconf 86' lang='lat' dir='ltr'><strong>suis</strong></span> 
     </span>
    </p>
   </div>
   <div class='ocr_carea' id='block_1_54' title="bbox 986 1203 1773 1240">
    <p class='ocr_par' dir='ltr' id='par_1_54' title="bbox 986 1203 1773 1240">
     <span class='ocr_line' id='line_1_54' title="bbox 986 1203 1773 1240; baseline 0.001 -10"><span class='ocrx_word' id='word_1_356' title='bbox 986 1203 1128 1238; x_wconf 86' lang='lat' dir='ltr'><strong>petimus?</strong></span> <span class='ocrx_word' id='word_1_357' title='bbox 1141 1203 1243 1232; x_wconf 89' lang='lat' dir='ltr'><strong>Omnes</strong></span> <span class='ocrx_word' id='word_1_358' title='bbox 1257 1210 1435 1232; x_wconf 88' lang='lat' dir='ltr'><strong>assenserunt</strong></span> <span class='ocrx_word' id='word_1_359' title='bbox 1449 1213 1456 1232; x_wconf 89' lang='lat'><em>:</em></span> <span class='ocrx_word' id='word_1_360' title='bbox 1472 1208 1688 1240; x_wconf 80' lang='lat' dir='ltr'><strong>exspectatoque</strong></span> <span class='ocrx_word' id='word_1_361' title='bbox 1705 1204 1773 1231; x_wconf 86' lang='lat' dir='ltr'><strong>dum</strong></span> 
     </span>
    </p>
   </div>
   <div class='ocr_carea' id='block_1_55' title="bbox 986 1248 1774 1285">
    <p class='ocr_par' dir='ltr' id='par_1_55' title="bbox 986 1248 1774 1285">
     <span class='ocr_line' id='line_1_55' title="bbox 986 1248 1774 1285; baseline 0.001 -9"><span class='ocrx_word' id='word_1_362' title='bbox 986 1248 1029 1276; x_wconf 92' lang='lat' dir='ltr'><strong>vir</strong></span> <span class='ocrx_word' id='word_1_363' title='bbox 1044 1249 1201 1285; x_wconf 87' lang='lat' dir='ltr'><strong>mulierque</strong></span> <span class='ocrx_word' id='word_1_364' title='bbox 1216 1250 1317 1278; x_wconf 87' lang='lat' dir='ltr'><strong>iterum</strong></span> <span class='ocrx_word' id='word_1_365' title='bbox 1334 1251 1587 1284; x_wconf 86' lang='lat' dir='ltr'><strong>obdormiscerem,</strong></span> <span class='ocrx_word' id='word_1_366' title='bbox 1603 1250 1650 1278; x_wconf 89' lang='lat' dir='ltr'><strong>ubi</strong></span> <span class='ocrx_word' id='word_1_367' title='bbox 1665 1251 1774 1285; x_wconf 87' lang='lat' dir='ltr'><strong>sopitos</strong></span> 
     </span>
    </p>
   </div>
   <div class='ocr_carea' id='block_1_56' title="bbox 985 1296 1772 1332">
    <p class='ocr_par' dir='ltr' id='par_1_56' title="bbox 985 1296 1772 1332">
     <span class='ocr_line' id='line_1_56' title="bbox 985 1296 1772 1332; baseline 0.001 -10"><span class='ocrx_word' id='word_1_368' title='bbox 985 1299 1129 1330; x_wconf 87' lang='lat' dir='ltr'><strong>putarunt,</strong></span> <span class='ocrx_word' id='word_1_369' title='bbox 1146 1303 1308 1331; x_wconf 86' lang='lat' dir='ltr'><strong>progressus</strong></span> <span class='ocrx_word' id='word_1_370' title='bbox 1319 1297 1410 1324; x_wconf 88' lang='lat' dir='ltr'><strong>furum</strong></span> <span class='ocrx_word' id='word_1_371' title='bbox 1426 1299 1556 1332; x_wconf 86' lang='lat' dir='ltr'><strong>princeps</strong></span> <span class='ocrx_word' id='word_1_372' title='bbox 1569 1300 1603 1325; x_wconf 90' lang='lat' dir='ltr'><strong>ad</strong></span> <span class='ocrx_word' id='word_1_373' title='bbox 1620 1296 1772 1324; x_wconf 78' lang='lat' dir='ltr'><strong>fenestram</strong></span> 
     </span>
    </p>
   </div>
   <div class='ocr_carea' id='block_1_57' title="bbox 985 1340 1773 1378">
    <p class='ocr_par' dir='ltr' id='par_1_57' title="bbox 985 1340 1773 1378">
     <span class='ocr_line' id='line_1_57' title="bbox 985 1340 1773 1378; baseline 0.003 -11"><span class='ocrx_word' id='word_1_374' title='bbox 985 1347 1035 1376; x_wconf 86' lang='lat' dir='ltr'><strong>per</strong></span> <span class='ocrx_word' id='word_1_375' title='bbox 1048 1349 1131 1375; x_wconf 89' lang='lat' dir='ltr'><strong>quant</strong></span> <span class='ocrx_word' id='word_1_376' title='bbox 1157 1342 1229 1369; x_wconf 73' lang='lat' dir='ltr'><strong>luna:</strong></span> <span class='ocrx_word' id='word_1_377' title='bbox 1259 1342 1354 1370; x_wconf 82' lang='lat' dir='ltr'><strong>radius</strong></span> <span class='ocrx_word' id='word_1_378' title='bbox 1385 1340 1505 1375; x_wconf 87' lang='lat' dir='ltr'><strong>subibat,</strong></span> <span class='ocrx_word' id='word_1_379' title='bbox 1530 1344 1632 1378; x_wconf 86' lang='lat' dir='ltr'><strong>septies</strong></span> <span class='ocrx_word' id='word_1_380' title='bbox 1655 1343 1773 1378; x_wconf 89' lang='lat' dir='ltr'><strong>protulit</strong></span> 
     </span>
    </p>
   </div>
   <div class='ocr_carea' id='block_1_58' title="bbox 984 1384 1770 1421">
    <p class='ocr_par' dir='ltr' id='par_1_58' title="bbox 984 1384 1770 1421">
     <span class='ocr_line' id='line_1_58' title="bbox 984 1384 1770 1421; baseline 0.003 -7"><span class='ocrx_word' id='word_1_381' title='bbox 984 1384 1110 1415; x_wconf 87' lang='lat' dir='ltr'><strong>auditum</strong></span> <span class='ocrx_word' id='word_1_382' title='bbox 1128 1387 1383 1416; x_wconf 88' lang='lat' dir='ltr'><strong>incantamentum:</strong></span> <span class='ocrx_word' id='word_1_383' title='bbox 1398 1386 1496 1421; x_wconf 76' lang='lat' dir='ltr'><strong>Semei‘,</strong></span> <span class='ocrx_word' id='word_1_384' title='bbox 1525 1388 1615 1420; x_wconf 62' lang='lat' dir='ltr'><strong>semul,</strong></span> <span class='ocrx_word' id='word_1_385' title='bbox 1631 1394 1697 1420; x_wconf 72' lang='grc' dir='ltr'><strong>εις..</strong></span> <span class='ocrx_word' id='word_1_386' title='bbox 1712 1393 1770 1417; x_wconf 92' lang='lat' dir='ltr'><strong>tum</strong></span> 
     </span>
    </p>
   </div>
   <div class='ocr_carea' id='block_1_59' title="bbox 984 1428 1770 1472">
    <p class='ocr_par' dir='ltr' id='par_1_59' title="bbox 984 1428 1770 1472">
     <span class='ocr_line' id='line_1_59' title="bbox 984 1428 1770 1472; baseline 0.001 -11"><span class='ocrx_word' id='word_1_387' title='bbox 984 1433 1088 1469; x_wconf 88' lang='lat' dir='ltr'><strong>impetu</strong></span> <span class='ocrx_word' id='word_1_388' title='bbox 1119 1434 1246 1463; x_wconf 85' lang='lat' dir='ltr'><strong>insiliens</strong></span> <span class='ocrx_word' id='word_1_389' title='bbox 1270 1435 1349 1471; x_wconf 87' lang='lat' dir='ltr'><strong>quasi</strong></span> <span class='ocrx_word' id='word_1_390' title='bbox 1378 1436 1412 1464; x_wconf 92' lang='lat' dir='ltr'><strong>ad</strong></span> <span class='ocrx_word' id='word_1_391' title='bbox 1442 1428 1652 1472; x_wconf 89' lang='lat' dir='ltr'><strong>inequitandum</strong></span> <span class='ocrx_word' id='word_1_392' title='bbox 1679 1436 1770 1464; x_wconf 89' lang='lat' dir='ltr'><strong>lunari</strong></span> 
     </span>
    </p>
   </div>
   <div class='ocr_carea' id='block_1_60' title="bbox 984 1481 1770 1517">
    <p class='ocr_par' dir='ltr' id='par_1_60' title="bbox 984 1481 1770 1517">
     <span class='ocr_line' id='line_1_60' title="bbox 984 1481 1770 1517; baseline 0 -8"><span class='ocrx_word' id='word_1_393' title='bbox 984 1481 1073 1514; x_wconf 85' lang='lat' dir='ltr'><strong>radio,</strong></span> <span class='ocrx_word' id='word_1_394' title='bbox 1085 1481 1113 1509; x_wconf 91' lang='lat' dir='ltr'><strong>in</strong></span> <span class='ocrx_word' id='word_1_395' title='bbox 1129 1487 1212 1516; x_wconf 88' lang='lat' dir='ltr'><strong>caput</strong></span> <span class='ocrx_word' id='word_1_396' title='bbox 1227 1482 1359 1515; x_wconf 84' lang='lat' dir='ltr'><strong>concidit.</strong></span> <span class='ocrx_word' id='word_1_397' title='bbox 1383 1483 1477 1510; x_wconf 91' lang='lat' dir='ltr'><strong>sonitu</strong></span> <span class='ocrx_word' id='word_1_398' title='bbox 1502 1491 1621 1517; x_wconf 85' lang='lat' dir='ltr'><strong>magno;</strong></span> <span class='ocrx_word' id='word_1_399' title='bbox 1639 1482 1671 1509; x_wconf 90' lang='lat' dir='ltr'><strong>ad</strong></span> <span class='ocrx_word' id='word_1_400' title='bbox 1687 1489 1770 1517; x_wconf 81' lang='lat' dir='ltr'><strong>quem</strong></span> 
     </span>
    </p>
   </div>
   <div class='ocr_carea' id='block_1_61' title="bbox 146 1518 1769 1564">
    <p class='ocr_par' dir='ltr' id='par_1_61' title="bbox 146 1518 1769 1564">
     <span class='ocr_line' id='line_1_61' title="bbox 146 1518 1769 1564; baseline 0.001 -11"><span class='ocrx_word' id='word_1_401' title='bbox 146 1518 234 1564; x_wconf 55' lang='grc' dir='ltr'><strong>ᾏΊίοίεε</strong></span> <span class='ocrx_word' id='word_1_402' title='bbox 249 1518 417 1554; x_wconf 43' lang='lat' dir='ltr'><strong>impendeat</strong></span> <span class='ocrx_word' id='word_1_403' title='bbox 432 1519 535 1554; x_wconf 64' lang='lat' dir='ltr'><strong>Apage.</strong></span> <span class='ocrx_word' id='word_1_404' title='bbox 552 1519 589 1546; x_wconf 71' lang='lat' dir='ltr'><strong>mi</strong></span> <span class='ocrx_word' id='word_1_405' title='bbox 606 1519 648 1547; x_wconf 77' lang='grc' dir='ltr'><strong>νίι·</strong></span> <span class='ocrx_word' id='word_1_406' title='bbox 660 1519 771 1555; x_wconf 72' lang='lat' dir='ltr'><strong>(“mlier</strong></span> <span class='ocrx_word' id='word_1_407' title='bbox 783 1520 930 1555; x_wconf 55' lang='grc' dir='ltr'><strong>προπίω,</strong></span> <span class='ocrx_word' id='word_1_408' title='bbox 944 1533 966 1564; x_wconf 80' lang='lat' dir='ltr'>C</span> <span class='ocrx_word' id='word_1_409' title='bbox 982 1535 1132 1563; x_wconf 86' lang='lat' dir='ltr'><strong>erumpens</strong></span> <span class='ocrx_word' id='word_1_410' title='bbox 1148 1527 1220 1555; x_wconf 89' lang='lat' dir='ltr'><strong>fuste</strong></span> <span class='ocrx_word' id='word_1_411' title='bbox 1244 1532 1375 1563; x_wconf 90' lang='lat' dir='ltr'><strong>correpto</strong></span> <span class='ocrx_word' id='word_1_412' title='bbox 1401 1528 1605 1564; x_wconf 82' lang='lat' dir='ltr'><strong>paterfamilias,</strong></span> <span class='ocrx_word' id='word_1_413' title='bbox 1637 1527 1769 1555; x_wconf 86' lang='lat' dir='ltr'><strong>afflictum</strong></span> 
     </span>
    </p>
   </div>
   <div class='ocr_carea' id='block_1_62' title="bbox 145 1561 932 1599">
    <p class='ocr_par' dir='ltr' id='par_1_62' title="bbox 145 1561 932 1599">
     <span class='ocr_line' id='line_1_62' title="bbox 145 1561 932 1599; baseline 0.004 -8"><span class='ocrx_word' id='word_1_414' title='bbox 145 1561 368 1599; x_wconf 81' lang='lat' dir='ltr'><strong>intempestivam</strong></span> <span class='ocrx_word' id='word_1_415' title='bbox 393 1564 464 1592; x_wconf 90' lang='lat' dir='ltr'><strong>banc</strong></span> <span class='ocrx_word' id='word_1_416' title='bbox 488 1564 683 1592; x_wconf 88' lang='lat' dir='ltr'><strong>formidinem:</strong></span> <span class='ocrx_word' id='word_1_417' title='bbox 714 1573 768 1593; x_wconf 81' lang='lat' dir='ltr'><strong>nox</strong></span> <span class='ocrx_word' id='word_1_418' title='bbox 797 1566 932 1594; x_wconf 87' lang='lat' dir='ltr'><strong>concubia</strong></span> 
     </span>
    </p>
   </div>
   <div class='ocr_carea' id='block_1_63' title="bbox 144 1610 932 1646">
    <p class='ocr_par' dir='ltr' id='par_1_63' title="bbox 144 1610 932 1646">
     <span class='ocr_line' id='line_1_63' title="bbox 144 1610 932 1646; baseline 0.001 -8"><span class='ocrx_word' id='word_1_419' title='bbox 144 1615 199 1643; x_wconf 83' lang='lat' dir='ltr'><strong>est.</strong></span> <span class='ocrx_word' id='word_1_420' title='bbox 226 1610 318 1638; x_wconf 87' lang='lat' dir='ltr'><strong>clausa</strong></span> <span class='ocrx_word' id='word_1_421' title='bbox 345 1610 454 1642; x_wconf 87' lang='lat' dir='ltr'><strong>domus.</strong></span> <span class='ocrx_word' id='word_1_422' title='bbox 483 1619 535 1639; x_wconf 86' lang='lat' dir='ltr'><strong>nos</strong></span> <span class='ocrx_word' id='word_1_423' title='bbox 561 1611 606 1639; x_wconf 85' lang='lat' dir='ltr'><strong>hic</strong></span> <span class='ocrx_word' id='word_1_424' title='bbox 634 1611 708 1638; x_wconf 88' lang='lat' dir='ltr'><strong>soli:</strong></span> <span class='ocrx_word' id='word_1_425' title='bbox 735 1619 818 1646; x_wconf 85' lang='lat' dir='ltr'><strong>quem</strong></span> <span class='ocrx_word' id='word_1_426' title='bbox 834 1612 932 1640; x_wconf 85' lang='lat' dir='ltr'><strong>adesse</strong></span> 
     </span>
    </p>
   </div>
   <div class='ocr_carea' id='block_1_64' title="bbox 145 1654 932 1693">
    <p class='ocr_par' dir='ltr' id='par_1_64' title="bbox 145 1654 932 1693">
     <span class='ocr_line' id='line_1_64' title="bbox 145 1654 932 1693; baseline 0.001 -9"><span class='ocrx_word' id='word_1_427' title='bbox 145 1664 227 1692; x_wconf 85' lang='lat' dir='ltr'><strong>posse</strong></span> <span class='ocrx_word' id='word_1_428' title='bbox 243 1654 292 1685; x_wconf 93' lang='lat' dir='ltr'><strong>tibi</strong></span> <span class='ocrx_word' id='word_1_429' title='bbox 308 1654 387 1693; x_wconf 83' lang='lat' dir='ltr'><strong>ﬁngis</strong></span> <span class='ocrx_word' id='word_1_430' title='bbox 395 1656 441 1692; x_wconf 91' lang='lat' dir='ltr'><strong>qui</strong></span> <span class='ocrx_word' id='word_1_431' title='bbox 455 1657 529 1692; x_wconf 90' lang='lat' dir='ltr'><strong>quod</strong></span> <span class='ocrx_word' id='word_1_432' title='bbox 543 1657 665 1693; x_wconf 86' lang='lat' dir='ltr'><strong>loqueris</strong></span> <span class='ocrx_word' id='word_1_433' title='bbox 676 1658 791 1686; x_wconf 88' lang='lat' dir='ltr'><strong>audiat?</strong></span> <span class='ocrx_word' id='word_1_434' title='bbox 806 1658 932 1693; x_wconf 77' lang='lat' dir='ltr'><strong>Respon-</strong></span> 
     </span>
    </p>
   </div>
   <div class='ocr_carea' id='block_1_65' title="bbox 144 1703 929 1740">
    <p class='ocr_par' dir='ltr' id='par_1_65' title="bbox 144 1703 929 1740">
     <span class='ocr_line' id='line_1_65' title="bbox 144 1703 929 1740; baseline 0.003 -10"><span class='ocrx_word' id='word_1_435' title='bbox 144 1703 186 1730; x_wconf 91' lang='lat' dir='ltr'><strong>dit</strong></span> <span class='ocrx_word' id='word_1_436' title='bbox 203 1703 509 1739; x_wconf 77' lang='lat' dir='ltr'><strong>vieruandoquidem</strong></span> <span class='ocrx_word' id='word_1_437' title='bbox 535 1712 579 1732; x_wconf 89' lang='lat' dir='ltr'><strong>me</strong></span> <span class='ocrx_word' id='word_1_438' title='bbox 603 1704 691 1740; x_wconf 82' lang='lat' dir='ltr'><strong>cogis,</strong></span> <span class='ocrx_word' id='word_1_439' title='bbox 722 1704 845 1740; x_wconf 88' lang='lat' dir='ltr'><strong>aperiam</strong></span> <span class='ocrx_word' id='word_1_440' title='bbox 872 1712 929 1732; x_wconf 87' lang='lat' dir='ltr'><strong>rem</strong></span> 
     </span>
    </p>
   </div>
   <div class='ocr_carea' id='block_1_66' title="bbox 145 1748 931 1784">
    <p class='ocr_par' dir='ltr' id='par_1_66' title="bbox 145 1748 931 1784">
     <span class='ocr_line' id='line_1_66' title="bbox 145 1748 931 1784; baseline 0.001 -8"><span class='ocrx_word' id='word_1_441' title='bbox 145 1754 252 1782; x_wconf 87' lang='lat' dir='ltr'><strong>totam;</strong></span> <span class='ocrx_word' id='word_1_442' title='bbox 280 1748 329 1776; x_wconf 89' lang='lat' dir='ltr'><strong>sed</strong></span> <span class='ocrx_word' id='word_1_443' title='bbox 344 1748 408 1777; x_wconf 86' lang='lat' dir='ltr'><strong>vide</strong></span> <span class='ocrx_word' id='word_1_444' title='bbox 435 1756 486 1784; x_wconf 94' lang='lat' dir='ltr'><strong>pro</strong></span> <span class='ocrx_word' id='word_1_445' title='bbox 499 1756 533 1777; x_wconf 87' lang='lat' dir='ltr'><strong>eo</strong></span> <span class='ocrx_word' id='word_1_446' title='bbox 557 1754 691 1784; x_wconf 82' lang='lat' dir='ltr'><strong>quantum</strong></span> <span class='ocrx_word' id='word_1_447' title='bbox 715 1750 790 1778; x_wconf 89' lang='lat' dir='ltr'><strong>salus</strong></span> <span class='ocrx_word' id='word_1_448' title='bbox 816 1749 866 1777; x_wconf 90' lang='lat' dir='ltr'><strong>tibi</strong></span> <span class='ocrx_word' id='word_1_449' title='bbox 885 1753 931 1777; x_wconf 89' lang='lat' dir='ltr'><strong>tua</strong></span> 
     </span>
    </p>
   </div>
   <div class='ocr_carea' id='block_1_67' title="bbox 144 1795 928 1831">
    <p class='ocr_par' dir='ltr' id='par_1_67' title="bbox 144 1795 928 1831">
     <span class='ocr_line' id='line_1_67' title="bbox 144 1795 928 1831; baseline 0.004 -10"><span class='ocrx_word' id='word_1_450' title='bbox 144 1802 260 1829; x_wconf 87' lang='lat' dir='ltr'><strong>meaque</strong></span> <span class='ocrx_word' id='word_1_451' title='bbox 286 1795 362 1822; x_wconf 91' lang='lat' dir='ltr'><strong>cordi</strong></span> <span class='ocrx_word' id='word_1_452' title='bbox 388 1797 443 1827; x_wconf 88' lang='lat' dir='ltr'><strong>est,</strong></span> <span class='ocrx_word' id='word_1_453' title='bbox 469 1802 504 1822; x_wconf 90' lang='lat' dir='ltr'><strong>ne</strong></span> <span class='ocrx_word' id='word_1_454' title='bbox 518 1803 638 1830; x_wconf 91' lang='lat' dir='ltr'><strong>unquam</strong></span> <span class='ocrx_word' id='word_1_455' title='bbox 662 1796 791 1831; x_wconf 88' lang='lat' dir='ltr'><strong>cuiquam</strong></span> <span class='ocrx_word' id='word_1_456' title='bbox 808 1796 928 1831; x_wconf 85' lang='lat' dir='ltr'><strong>prodas,</strong></span> 
     </span>
    </p>
   </div>
   <div class='ocr_carea' id='block_1_68' title="bbox 144 1841 930 1876">
    <p class='ocr_par' dir='ltr' id='par_1_68' title="bbox 144 1841 930 1876">
     <span class='ocr_line' id='line_1_68' title="bbox 144 1841 930 1876; baseline 0.003 -8"><span class='ocrx_word' id='word_1_457' title='bbox 144 1846 199 1868; x_wconf 90' lang='lat' dir='ltr'><strong>non</strong></span> <span class='ocrx_word' id='word_1_458' title='bbox 216 1842 350 1876; x_wconf 80' lang='lat' dir='ltr'><strong>cognatis,</strong></span> <span class='ocrx_word' id='word_1_459' title='bbox 362 1847 417 1868; x_wconf 90' lang='lat' dir='ltr'><strong>non</strong></span> <span class='ocrx_word' id='word_1_460' title='bbox 437 1841 580 1869; x_wconf 89' lang='lat' dir='ltr'><strong>fratribus.</strong></span> <span class='ocrx_word' id='word_1_461' title='bbox 598 1841 667 1869; x_wconf 90' lang='lat' dir='ltr'><strong>Nam</strong></span> <span class='ocrx_word' id='word_1_462' title='bbox 684 1842 746 1870; x_wconf 88' lang='lat' dir='ltr'><strong>dico</strong></span> <span class='ocrx_word' id='word_1_463' title='bbox 762 1842 810 1869; x_wconf 92' lang='lat' dir='ltr'><strong>tibi</strong></span> <span class='ocrx_word' id='word_1_464' title='bbox 835 1841 930 1870; x_wconf 90' lang='lat' dir='ltr'><strong>edico-</strong></span> 
     </span>
    </p>
   </div>
   <div class='ocr_carea' id='block_1_69' title="bbox 144 1887 928 1923">
    <p class='ocr_par' dir='ltr' id='par_1_69' title="bbox 144 1887 928 1923">
     <span class='ocr_line' id='line_1_69' title="bbox 144 1887 928 1923; baseline 0.001 -9"><span class='ocrx_word' id='word_1_465' title='bbox 144 1894 199 1922; x_wconf 86' lang='lat' dir='ltr'><strong>que</strong></span> <span class='ocrx_word' id='word_1_466' title='bbox 215 1887 326 1920; x_wconf 88' lang='lat' dir='ltr'><strong>iterum,</strong></span> <span class='ocrx_word' id='word_1_467' title='bbox 342 1888 390 1915; x_wconf 85' lang='lat' dir='ltr'><strong>sia</strong></span> <span class='ocrx_word' id='word_1_468' title='bbox 407 1895 547 1923; x_wconf 87' lang='lat' dir='ltr'><strong>quoquam</strong></span> <span class='ocrx_word' id='word_1_469' title='bbox 563 1887 709 1919; x_wconf 87' lang='lat' dir='ltr'><strong>resciatur,</strong></span> <span class='ocrx_word' id='word_1_470' title='bbox 726 1895 823 1916; x_wconf 91' lang='lat' dir='ltr'><strong>omnes</strong></span> <span class='ocrx_word' id='word_1_471' title='bbox 836 1888 928 1915; x_wconf 91' lang='lat' dir='ltr'><strong>omnia</strong></span> 
     </span>
    </p>
   </div>
   <div class='ocr_carea' id='block_1_70' title="bbox 143 1933 927 1976">
    <p class='ocr_par' dir='ltr' id='par_1_70' title="bbox 143 1933 927 1976">
     <span class='ocr_line' id='line_1_70' title="bbox 143 1933 927 1976; baseline 0 -16"><span class='ocrx_word' id='word_1_472' title='bbox 143 1933 304 1968; x_wconf 87' lang='lat' dir='ltr'><strong>perdemus.</strong></span> <span class='ocrx_word' id='word_1_473' title='bbox 340 1940 481 1968; x_wconf 90' lang='lat' dir='ltr'><strong>superque</strong></span> <span class='ocrx_word' id='word_1_474' title='bbox 513 1933 565 1968; x_wconf 90' lang='lat' dir='ltr'><strong>ipsi</strong></span> <span class='ocrx_word' id='word_1_475' title='bbox 598 1933 732 1976; x_wconf 79' lang='lat' dir='ltr'><strong>continuo</strong></span> <span class='ocrx_word' id='word_1_476' title='bbox 765 1933 927 1968; x_wconf 82' lang='lat' dir='ltr'><strong>peribimus.</strong></span> 
     </span>
    </p>
   </div>
   <div class='ocr_carea' id='block_1_71' title="bbox 143 1977 929 2014">
    <p class='ocr_par' dir='ltr' id='par_1_71' title="bbox 143 1977 929 2014">
     <span class='ocr_line' id='line_1_71' title="bbox 143 1977 929 2014; baseline 0 -7"><span class='ocrx_word' id='word_1_477' title='bbox 143 1977 207 2007; x_wconf 65' lang='lat' dir='ltr'><strong>ﬂare</strong></span> <span class='ocrx_word' id='word_1_478' title='bbox 220 1978 350 2007; x_wconf 89' lang='lat' dir='ltr'><strong>videlicet</strong></span> <span class='ocrx_word' id='word_1_479' title='bbox 375 1978 494 2014; x_wconf 84' lang='lat' dir='ltr'><strong>(fatebor</strong></span> <span class='ocrx_word' id='word_1_480' title='bbox 519 1979 594 2006; x_wconf 90' lang='lat' dir='ltr'><strong>enim</strong></span> <span class='ocrx_word' id='word_1_481' title='bbox 611 1979 657 2006; x_wconf 86' lang='lat' dir='ltr'><strong>hic</strong></span> <span class='ocrx_word' id='word_1_482' title='bbox 672 1979 733 2014; x_wconf 88' lang='lat' dir='ltr'><strong>tibi)</strong></span> <span class='ocrx_word' id='word_1_483' title='bbox 751 1978 825 2007; x_wconf 92' lang='lat' dir='ltr'><strong>furto</strong></span> <span class='ocrx_word' id='word_1_484' title='bbox 839 1979 929 2007; x_wconf 90' lang='lat' dir='ltr'><strong>lucra-</strong></span> 
     </span>
    </p>
   </div>
   <div class='ocr_carea' id='block_1_72' title="bbox 143 2023 928 2060">
    <p class='ocr_par' dir='ltr' id='par_1_72' title="bbox 143 2023 928 2060">
     <span class='ocr_line' id='line_1_72' title="bbox 143 2023 928 2060; baseline 0.001 -8"><span class='ocrx_word' id='word_1_485' title='bbox 143 2028 190 2052; x_wconf 89' lang='lat' dir='ltr'><strong>tus</strong></span> <span class='ocrx_word' id='word_1_486' title='bbox 204 2024 331 2052; x_wconf 68' lang='lat' dir='ltr'><strong>universa</strong></span> <span class='ocrx_word' id='word_1_487' title='bbox 357 2031 430 2056; x_wconf 87' lang='lat' dir='ltr'><strong>sum,</strong></span> <span class='ocrx_word' id='word_1_488' title='bbox 448 2023 518 2052; x_wconf 92' lang='lat' dir='ltr'><strong>nihil</strong></span> <span class='ocrx_word' id='word_1_489' title='bbox 542 2031 598 2051; x_wconf 92' lang='lat' dir='ltr'><strong>non</strong></span> <span class='ocrx_word' id='word_1_490' title='bbox 626 2024 693 2051; x_wconf 91' lang='lat' dir='ltr'><strong>mihi</strong></span> <span class='ocrx_word' id='word_1_491' title='bbox 709 2029 868 2060; x_wconf 89' lang='lat' dir='ltr'><strong>congestum</strong></span> <span class='ocrx_word' id='word_1_492' title='bbox 894 2032 928 2053; x_wconf 85' lang='lat' dir='ltr'><strong>ex</strong></span> 
     </span>
    </p>
   </div>
   <div class='ocr_carea' id='block_1_73' title="bbox 144 2069 927 2107">
    <p class='ocr_par' dir='ltr' id='par_1_73' title="bbox 144 2069 927 2107">
     <span class='ocr_line' id='line_1_73' title="bbox 144 2069 927 2107; baseline 0.001 -9"><span class='ocrx_word' id='word_1_493' title='bbox 144 2071 250 2107; x_wconf 89' lang='lat' dir='ltr'><strong>rapina.</strong></span> <span class='ocrx_word' id='word_1_494' title='bbox 268 2071 398 2100; x_wconf 84' lang='lat' dir='ltr'><strong>Perculsa</strong></span> <span class='ocrx_word' id='word_1_495' title='bbox 424 2071 498 2099; x_wconf 90' lang='lat' dir='ltr'><strong>dicto</strong></span> <span class='ocrx_word' id='word_1_496' title='bbox 527 2070 645 2099; x_wconf 86' lang='lat' dir='ltr'><strong>mulier:</strong></span> <span class='ocrx_word' id='word_1_497' title='bbox 662 2069 739 2104; x_wconf 82' lang='lat' dir='ltr'><strong>Mira,</strong></span> <span class='ocrx_word' id='word_1_498' title='bbox 758 2071 858 2107; x_wconf 89' lang='lat' dir='ltr'><strong>inquit,</strong></span> <span class='ocrx_word' id='word_1_499' title='bbox 890 2072 927 2099; x_wconf 93' lang='lat' dir='ltr'><strong>mi</strong></span> 
     </span>
    </p>
   </div>
   <div class='ocr_carea' id='block_1_74' title="bbox 143 2116 928 2152">
    <p class='ocr_par' dir='ltr' id='par_1_74' title="bbox 143 2116 928 2152">
     <span class='ocr_line' id='line_1_74' title="bbox 143 2116 928 2152; baseline 0.001 -9"><span class='ocrx_word' id='word_1_500' title='bbox 143 2116 196 2149; x_wconf 87' lang='lat' dir='ltr'><strong>vir,</strong></span> <span class='ocrx_word' id='word_1_501' title='bbox 230 2123 351 2150; x_wconf 84' lang='lat' dir='ltr'><strong>narras;</strong></span> <span class='ocrx_word' id='word_1_502' title='bbox 375 2124 437 2144; x_wconf 88' lang='lat' dir='ltr'><strong>nam</strong></span> <span class='ocrx_word' id='word_1_503' title='bbox 463 2121 492 2144; x_wconf 91' lang='lat' dir='ltr'><strong>et</strong></span> <span class='ocrx_word' id='word_1_504' title='bbox 516 2121 572 2144; x_wconf 83' lang='lat' dir='ltr'><strong>tam</strong></span> <span class='ocrx_word' id='word_1_505' title='bbox 597 2117 682 2144; x_wconf 89' lang='lat' dir='ltr'><strong>multa</strong></span> <span class='ocrx_word' id='word_1_506' title='bbox 701 2116 728 2144; x_wconf 93' lang='lat' dir='ltr'><strong>in</strong></span> <span class='ocrx_word' id='word_1_507' title='bbox 754 2117 928 2152; x_wconf 84' lang='lat' dir='ltr'><strong>possessione</strong></span> 
     </span>
    </p>
   </div>
   <div class='ocr_carea' id='block_1_75' title="bbox 140 2161 927 2197">
    <p class='ocr_par' dir='ltr' id='par_1_75' title="bbox 140 2161 927 2197">
     <span class='ocr_line' id='line_1_75' title="bbox 140 2161 927 2197; baseline 0 -7"><span class='ocrx_word' id='word_1_508' title='bbox 140 2166 236 2190; x_wconf 83' lang='lat' dir='ltr'><strong>nostra</strong></span> <span class='ocrx_word' id='word_1_509' title='bbox 253 2166 328 2195; x_wconf 89' lang='lat' dir='ltr'><strong>sunt,</strong></span> <span class='ocrx_word' id='word_1_510' title='bbox 346 2169 407 2197; x_wconf 78' lang='lat' dir='ltr'><strong>quae</strong></span> <span class='ocrx_word' id='word_1_511' title='bbox 420 2161 612 2190; x_wconf 81' lang='lat' dir='ltr'><strong>difficillimum</strong></span> <span class='ocrx_word' id='word_1_512' title='bbox 629 2163 665 2191; x_wconf 91' lang='lat' dir='ltr'><strong>sit</strong></span> <span class='ocrx_word' id='word_1_513' title='bbox 680 2162 789 2191; x_wconf 85' lang='lat' dir='ltr'><strong>credito</strong></span> <span class='ocrx_word' id='word_1_514' title='bbox 817 2163 927 2190; x_wconf 84' lang='lat' dir='ltr'><strong>cnrradi</strong></span> 
     </span>
    </p>
   </div>
   <div class='ocr_carea' id='block_1_76' title="bbox 141 2207 927 2244">
    <p class='ocr_par' dir='ltr' id='par_1_76' title="bbox 141 2207 927 2244">
     <span class='ocr_line' id='line_1_76' title="bbox 141 2207 927 2244; baseline 0.003 -10"><span class='ocrx_word' id='word_1_515' title='bbox 141 2207 359 2243; x_wconf 84' lang='lat' dir='ltr'><strong>congregarique</strong></span> <span class='ocrx_word' id='word_1_516' title='bbox 389 2207 508 2236; x_wconf 90' lang='lat' dir='ltr'><strong>furando</strong></span> <span class='ocrx_word' id='word_1_517' title='bbox 537 2208 678 2243; x_wconf 84' lang='lat' dir='ltr'><strong>potuisse;</strong></span> <span class='ocrx_word' id='word_1_518' title='bbox 709 2211 737 2236; x_wconf 91' lang='lat' dir='ltr'><strong>et</strong></span> <span class='ocrx_word' id='word_1_519' title='bbox 765 2213 810 2236; x_wconf 89' lang='lat' dir='ltr'><strong>tua</strong></span> <span class='ocrx_word' id='word_1_520' title='bbox 841 2208 927 2244; x_wconf 87' lang='lat' dir='ltr'><strong>ipsius</strong></span> 
     </span>
    </p>
   </div>
   <div class='ocr_carea' id='block_1_77' title="bbox 142 2251 926 2288">
    <p class='ocr_par' dir='ltr' id='par_1_77' title="bbox 142 2251 926 2288">
     <span class='ocr_line' id='line_1_77' title="bbox 142 2251 926 2288; baseline 0.003 -7"><span class='ocrx_word' id='word_1_521' title='bbox 142 2254 214 2282; x_wconf 86' lang='lat' dir='ltr'><strong>hanc</strong></span> <span class='ocrx_word' id='word_1_522' title='bbox 244 2254 402 2288; x_wconf 88' lang='lat' dir='ltr'><strong>opinionem</strong></span> <span class='ocrx_word' id='word_1_523' title='bbox 423 2254 526 2282; x_wconf 88' lang='lat' dir='ltr'><strong>refutat</strong></span> <span class='ocrx_word' id='word_1_524' title='bbox 542 2251 636 2282; x_wconf 83' lang='lat' dir='ltr'><strong>fama:</strong></span> <span class='ocrx_word' id='word_1_525' title='bbox 664 2255 706 2282; x_wconf 88' lang='lat' dir='ltr'><strong>vir</strong></span> <span class='ocrx_word' id='word_1_526' title='bbox 735 2256 809 2283; x_wconf 86' lang='lat' dir='ltr'><strong>enim</strong></span> <span class='ocrx_word' id='word_1_527' title='bbox 837 2254 926 2283; x_wconf 86' lang='lat' dir='ltr'><strong>bonus</strong></span> 
     </span>
    </p>
   </div>
   <div class='ocr_carea' id='block_1_78' title="bbox 139 2300 925 2335">
    <p class='ocr_par' dir='ltr' id='par_1_78' title="bbox 139 2300 925 2335">
     <span class='ocr_line' id='line_1_78' title="bbox 139 2300 925 2335; baseline 0.001 -8"><span class='ocrx_word' id='word_1_528' title='bbox 139 2300 223 2335; x_wconf 85' lang='lat' dir='ltr'><strong>vulgo</strong></span> <span class='ocrx_word' id='word_1_529' title='bbox 249 2300 428 2328; x_wconf 83' lang='lat' dir='ltr'><strong>existimaris.</strong></span> <span class='ocrx_word' id='word_1_530' title='bbox 458 2300 575 2335; x_wconf 88' lang='lat' dir='ltr'><strong>Nempe,</strong></span> <span class='ocrx_word' id='word_1_531' title='bbox 604 2300 643 2328; x_wconf 85' lang='lat' dir='ltr'><strong>ait</strong></span> <span class='ocrx_word' id='word_1_532' title='bbox 661 2301 786 2332; x_wconf 89' lang='lat' dir='ltr'><strong>maritus,</strong></span> <span class='ocrx_word' id='word_1_533' title='bbox 814 2308 925 2329; x_wconf 88' lang='lat' dir='ltr'><strong>carmen</strong></span> 
     </span>
    </p>
   </div>
   <div class='ocr_carea' id='block_1_79' title="bbox 138 2345 925 2383">
    <p class='ocr_par' dir='ltr' id='par_1_79' title="bbox 138 2345 925 2383">
     <span class='ocr_line' id='line_1_79' title="bbox 138 2345 925 2383; baseline 0.001 -9"><span class='ocrx_word' id='word_1_534' title='bbox 138 2347 274 2381; x_wconf 90' lang='lat' dir='ltr'><strong>magicum</strong></span> <span class='ocrx_word' id='word_1_535' title='bbox 289 2345 403 2374; x_wconf 87' lang='lat' dir='ltr'><strong>adhibui</strong></span> <span class='ocrx_word' id='word_1_536' title='bbox 418 2346 546 2374; x_wconf 64' lang='lat' dir='ltr'><strong>efficaciae</strong></span> <span class='ocrx_word' id='word_1_537' title='bbox 565 2346 697 2379; x_wconf 59' lang='lat' dir='ltr'><strong>miriﬁca,</strong></span> <span class='ocrx_word' id='word_1_538' title='bbox 716 2347 797 2383; x_wconf 83' lang='lat' dir='ltr'><strong>cujus</strong></span> <span class='ocrx_word' id='word_1_539' title='bbox 827 2348 853 2375; x_wconf 93' lang='lat' dir='ltr'><strong>vi</strong></span> <span class='ocrx_word' id='word_1_540' title='bbox 879 2356 925 2375; x_wconf 87' lang='lat' dir='ltr'><strong>ar-</strong></span> 
     </span>
    </p>
   </div>
   <div class='ocr_carea' id='block_1_80' title="bbox 139 2392 923 2429">
    <p class='ocr_par' dir='ltr' id='par_1_80' title="bbox 139 2392 923 2429">
     <span class='ocr_line' id='line_1_80' title="bbox 139 2392 923 2429; baseline 0.003 -9"><span class='ocrx_word' id='word_1_541' title='bbox 139 2400 208 2420; x_wconf 88' lang='lat' dir='ltr'><strong>cana</strong></span> <span class='ocrx_word' id='word_1_542' title='bbox 236 2392 272 2420; x_wconf 90' lang='lat' dir='ltr'><strong>ita</strong></span> <span class='ocrx_word' id='word_1_543' title='bbox 287 2392 403 2427; x_wconf 79' lang='lat' dir='ltr'><strong>juvabar</strong></span> <span class='ocrx_word' id='word_1_544' title='bbox 416 2393 443 2419; x_wconf 95' lang='lat' dir='ltr'><strong>in</strong></span> <span class='ocrx_word' id='word_1_545' title='bbox 460 2392 586 2425; x_wconf 77' lang='lat' dir='ltr'><strong>furendo,</strong></span> <span class='ocrx_word' id='word_1_546' title='bbox 606 2398 634 2420; x_wconf 88' lang='lat' dir='ltr'><strong>ut</strong></span> <span class='ocrx_word' id='word_1_547' title='bbox 661 2401 832 2429; x_wconf 68' lang='lat' dir='ltr'><strong>quaecunque</strong></span> <span class='ocrx_word' id='word_1_548' title='bbox 854 2401 923 2422; x_wconf 84' lang='lat' dir='ltr'><strong>con-</strong></span> 
     </span>
    </p>
   </div>
   <div class='ocr_carea' id='block_1_81' title="bbox 139 2437 925 2474">
    <p class='ocr_par' dir='ltr' id='par_1_81' title="bbox 139 2437 925 2474">
     <span class='ocr_line' id='line_1_81' title="bbox 139 2437 925 2474; baseline 0.003 -8"><span class='ocrx_word' id='word_1_549' title='bbox 139 2437 279 2473; x_wconf 83' lang='lat' dir='ltr'><strong>cupieram</strong></span> <span class='ocrx_word' id='word_1_550' title='bbox 298 2437 445 2473; x_wconf 86' lang='lat' dir='ltr'><strong>quantovis</strong></span> <span class='ocrx_word' id='word_1_551' title='bbox 469 2446 596 2470; x_wconf 88' lang='lat' dir='ltr'><strong>numero,</strong></span> <span class='ocrx_word' id='word_1_552' title='bbox 623 2439 762 2473; x_wconf 89' lang='lat' dir='ltr'><strong>quantivis</strong></span> <span class='ocrx_word' id='word_1_553' title='bbox 792 2440 873 2474; x_wconf 88' lang='lat' dir='ltr'><strong>pretii</strong></span> <span class='ocrx_word' id='word_1_554' title='bbox 893 2448 925 2468; x_wconf 80' lang='lat' dir='ltr'><strong>ac</strong></span> 
     </span>
    </p>
   </div>
   <div class='ocr_carea' id='block_1_82' title="bbox 140 2483 924 2520">
    <p class='ocr_par' dir='ltr' id='par_1_82' title="bbox 140 2483 924 2520">
     <span class='ocr_line' id='line_1_82' title="bbox 140 2483 924 2520; baseline 0.003 -9"><span class='ocrx_word' id='word_1_555' title='bbox 140 2483 220 2511; x_wconf 84' lang='lat' dir='ltr'><strong>molis</strong></span> <span class='ocrx_word' id='word_1_556' title='bbox 241 2488 345 2517; x_wconf 84' lang='lat' dir='ltr'><strong>essent,</strong></span> <span class='ocrx_word' id='word_1_557' title='bbox 374 2483 543 2510; x_wconf 87' lang='lat' dir='ltr'><strong>attraherem</strong></span> <span class='ocrx_word' id='word_1_558' title='bbox 582 2491 816 2520; x_wconf 85' lang='lat' dir='ltr'><strong>congereremque</strong></span> <span class='ocrx_word' id='word_1_559' title='bbox 851 2486 924 2513; x_wconf 88' lang='lat' dir='ltr'><strong>unde</strong></span> 
     </span>
    </p>
   </div>
   <div class='ocr_carea' id='block_1_83' title="bbox 137 2530 924 2568">
    <p class='ocr_par' dir='ltr' id='par_1_83' title="bbox 137 2530 924 2568">
     <span class='ocr_line' id='line_1_83' title="bbox 137 2530 924 2568; baseline 0.003 -10"><span class='ocrx_word' id='word_1_560' title='bbox 137 2539 170 2560; x_wconf 86' lang='lat' dir='ltr'><strong>ac</strong></span> <span class='ocrx_word' id='word_1_561' title='bbox 184 2538 240 2566; x_wconf 92' lang='lat' dir='ltr'><strong>quo</strong></span> <span class='ocrx_word' id='word_1_562' title='bbox 254 2531 398 2558; x_wconf 85' lang='lat' dir='ltr'><strong>volebant:</strong></span> <span class='ocrx_word' id='word_1_563' title='bbox 415 2530 544 2566; x_wconf 86' lang='lat' dir='ltr'><strong>idemque</strong></span> <span class='ocrx_word' id='word_1_564' title='bbox 570 2536 672 2563; x_wconf 88' lang='lat' dir='ltr'><strong>tamen,</strong></span> <span class='ocrx_word' id='word_1_565' title='bbox 686 2531 844 2566; x_wconf 88' lang='lat' dir='ltr'><strong>suspicione</strong></span> <span class='ocrx_word' id='word_1_566' title='bbox 859 2540 924 2568; x_wconf 69' lang='lat' dir='ltr'><strong>pro~</strong></span> 
     </span>
    </p>
   </div>
   <div class='ocr_carea' id='block_1_84' title="bbox 137 2576 923 2613">
    <p class='ocr_par' dir='ltr' id='par_1_84' title="bbox 137 2576 923 2613">
     <span class='ocr_line' id='line_1_84' title="bbox 137 2576 923 2613; baseline 0.001 -9"><span class='ocrx_word' id='word_1_567' title='bbox 137 2577 182 2604; x_wconf 90' lang='lat' dir='ltr'><strong>cul</strong></span> <span class='ocrx_word' id='word_1_568' title='bbox 194 2576 280 2609; x_wconf 85' lang='lat' dir='ltr'><strong>omni,</strong></span> <span class='ocrx_word' id='word_1_569' title='bbox 290 2576 502 2604; x_wconf 84' lang='lat' dir='ltr'><strong>existimationis</strong></span> <span class='ocrx_word' id='word_1_570' title='bbox 515 2577 588 2612; x_wconf 86' lang='lat' dir='ltr'><strong>apud</strong></span> <span class='ocrx_word' id='word_1_571' title='bbox 603 2584 700 2604; x_wconf 90' lang='lat' dir='ltr'><strong>omnes</strong></span> <span class='ocrx_word' id='word_1_572' title='bbox 713 2585 796 2612; x_wconf 89' lang='lat' dir='ltr'><strong>quam</strong></span> <span class='ocrx_word' id='word_1_573' title='bbox 811 2578 923 2613; x_wconf 81' lang='lat' dir='ltr'><strong>optimae</strong></span> 
     </span>
    </p>
   </div>
   <div class='ocr_carea' id='block_1_85' title="bbox 136 2621 924 2658">
    <p class='ocr_par' dir='ltr' id='par_1_85' title="bbox 136 2621 924 2658">
     <span class='ocr_line' id='line_1_85' title="bbox 136 2621 924 2658; baseline 0.004 -9"><span class='ocrx_word' id='word_1_574' title='bbox 136 2623 339 2657; x_wconf 83' lang='lat' dir='ltr'><strong>possessionem</strong></span> <span class='ocrx_word' id='word_1_575' title='bbox 349 2622 542 2650; x_wconf 86' lang='lat' dir='ltr'><strong>inconcussam</strong></span> <span class='ocrx_word' id='word_1_576' title='bbox 555 2627 658 2650; x_wconf 87' lang='lat' dir='ltr'><strong>tuerer.</strong></span> <span class='ocrx_word' id='word_1_577' title='bbox 668 2621 748 2658; x_wconf 72' lang='lat' dir='ltr'><strong>Papae</strong></span> <span class='ocrx_word' id='word_1_578' title='bbox 760 2624 766 2650; x_wconf 87' lang='lat' dir='ltr'><strong>l</strong></span> <span class='ocrx_word' id='word_1_579' title='bbox 778 2623 924 2658; x_wconf 76' lang='lat' dir='ltr'><strong>(exclamat</strong></span> 
     </span>
    </p>
   </div>
   <div class='ocr_carea' id='block_1_86' title="bbox 136 2667 922 2705">
    <p class='ocr_par' dir='ltr' id='par_1_86' title="bbox 136 2667 922 2705">
     <span class='ocr_line' id='line_1_86' title="bbox 136 2667 922 2705; baseline 0.003 -9"><span class='ocrx_word' id='word_1_580' title='bbox 136 2668 183 2696; x_wconf 86' lang='lat' dir='ltr'><strong>hic</strong></span> <span class='ocrx_word' id='word_1_581' title='bbox 199 2667 309 2704; x_wconf 88' lang='lat' dir='ltr'><strong>mulier)</strong></span> <span class='ocrx_word' id='word_1_582' title='bbox 338 2669 474 2704; x_wconf 86' lang='lat' dir='ltr'><strong>stupenda</strong></span> <span class='ocrx_word' id='word_1_583' title='bbox 502 2676 651 2701; x_wconf 86' lang='lat' dir='ltr'><strong>memoras,</strong></span> <span class='ocrx_word' id='word_1_584' title='bbox 680 2674 709 2696; x_wconf 92' lang='lat' dir='ltr'><strong>ut</strong></span> <span class='ocrx_word' id='word_1_585' title='bbox 738 2670 809 2698; x_wconf 90' lang='lat' dir='ltr'><strong>scire</strong></span> <span class='ocrx_word' id='word_1_586' title='bbox 833 2671 922 2705; x_wconf 81' lang='lat' dir='ltr'><strong>gestio</strong></span> 
     </span>
    </p>
   </div>
   <div class='ocr_carea' id='block_1_87' title="bbox 135 2714 922 2751">
    <p class='ocr_par' dir='ltr' id='par_1_87' title="bbox 135 2714 922 2751">
     <span class='ocr_line' id='line_1_87' title="bbox 135 2714 922 2751; baseline 0.003 -9"><span class='ocrx_word' id='word_1_587' title='bbox 135 2722 192 2750; x_wconf 89' lang='lat' dir='ltr'><strong>quo</strong></span> <span class='ocrx_word' id='word_1_588' title='bbox 210 2714 237 2742; x_wconf 92' lang='lat' dir='ltr'><strong>id</strong></span> <span class='ocrx_word' id='word_1_589' title='bbox 251 2719 343 2742; x_wconf 86' lang='lat' dir='ltr'><strong>actum</strong></span> <span class='ocrx_word' id='word_1_590' title='bbox 370 2714 453 2742; x_wconf 91' lang='lat' dir='ltr'><strong>modo</strong></span> <span class='ocrx_word' id='word_1_591' title='bbox 471 2715 524 2742; x_wconf 85' lang='lat' dir='ltr'><strong>siti</strong></span> <span class='ocrx_word' id='word_1_592' title='bbox 543 2714 577 2742; x_wconf 88' lang='lat' dir='ltr'><strong>Et</strong></span> <span class='ocrx_word' id='word_1_593' title='bbox 594 2715 654 2742; x_wconf 89' lang='lat' dir='ltr'><strong>ille:</strong></span> <span class='ocrx_word' id='word_1_594' title='bbox 675 2715 739 2746; x_wconf 81' lang='lat' dir='ltr'><strong>Pax,</strong></span> <span class='ocrx_word' id='word_1_595' title='bbox 768 2715 868 2751; x_wconf 89' lang='lat' dir='ltr'><strong>inquit,</strong></span> <span class='ocrx_word' id='word_1_596' title='bbox 885 2717 922 2744; x_wconf 88' lang='lat' dir='ltr'><strong>sit</strong></span> 
     </span>
    </p>
   </div>
   <div class='ocr_carea' id='block_1_88' title="bbox 135 2759 921 2797">
    <p class='ocr_par' dir='ltr' id='par_1_88' title="bbox 135 2759 921 2797">
     <span class='ocr_line' id='line_1_88' title="bbox 135 2759 921 2797; baseline 0.004 -11"><span class='ocrx_word' id='word_1_597' title='bbox 135 2759 240 2787; x_wconf 85' lang='lat' dir='ltr'><strong>rebus:</strong></span> <span class='ocrx_word' id='word_1_598' title='bbox 267 2760 290 2788; x_wconf 88' lang='lat' dir='ltr'><strong>si</strong></span> <span class='ocrx_word' id='word_1_599' title='bbox 300 2760 434 2794; x_wconf 87' lang='lat' dir='ltr'><strong>quiescis,</strong></span> <span class='ocrx_word' id='word_1_600' title='bbox 455 2764 542 2788; x_wconf 88' lang='lat' dir='ltr'><strong>totum</strong></span> <span class='ocrx_word' id='word_1_601' title='bbox 566 2759 672 2788; x_wconf 86' lang='lat' dir='ltr'><strong>audies.</strong></span> <span class='ocrx_word' id='word_1_602' title='bbox 695 2761 841 2789; x_wconf 83' lang='lat' dir='ltr'><strong>Prodibam</strong></span> <span class='ocrx_word' id='word_1_603' title='bbox 863 2763 921 2797; x_wconf 88' lang='lat' dir='ltr'><strong>ple-</strong></span> 
     </span>
    </p>
   </div>
   <div class='ocr_carea' id='block_1_89' title="bbox 135 2805 919 2841">
    <p class='ocr_par' dir='ltr' id='par_1_89' title="bbox 135 2805 919 2841">
     <span class='ocr_line' id='line_1_89' title="bbox 135 2805 919 2841; baseline 0.006 -10"><span class='ocrx_word' id='word_1_604' title='bbox 135 2805 244 2832; x_wconf 83' lang='lat' dir='ltr'><strong>nilunio</strong></span> <span class='ocrx_word' id='word_1_605' title='bbox 259 2814 309 2841; x_wconf 90' lang='lat' dir='ltr'><strong>per</strong></span> <span class='ocrx_word' id='word_1_606' title='bbox 334 2812 467 2840; x_wconf 86' lang='lat' dir='ltr'><strong>noctem;</strong></span> <span class='ocrx_word' id='word_1_607' title='bbox 490 2810 570 2834; x_wconf 87' lang='lat' dir='ltr'><strong>erant</strong></span> <span class='ocrx_word' id='word_1_608' title='bbox 585 2813 638 2834; x_wconf 89' lang='lat' dir='ltr'><strong>una</strong></span> <span class='ocrx_word' id='word_1_609' title='bbox 668 2814 776 2834; x_wconf 86' lang='lat' dir='ltr'><strong>mecum</strong></span> <span class='ocrx_word' id='word_1_610' title='bbox 794 2809 919 2840; x_wconf 83' lang='lat' dir='ltr'><strong>comites.</strong></span> 
     </span>
    </p>
   </div>
   <div class='ocr_carea' id='block_1_90' title="bbox 136 2849 919 2890">
    <p class='ocr_par' dir='ltr' id='par_1_90' title="bbox 136 2849 919 2890">
     <span class='ocr_line' id='line_1_90' title="bbox 136 2849 919 2890; baseline 0.009 -14"><span class='ocrx_word' id='word_1_611' title='bbox 136 2849 353 2880; x_wconf 69' lang='lat' dir='ltr'><strong>escendebamus</strong></span> <span class='ocrx_word' id='word_1_612' title='bbox 366 2852 395 2880; x_wconf 86' lang='lat' dir='ltr'><strong>in</strong></span> <span class='ocrx_word' id='word_1_613' title='bbox 414 2851 549 2881; x_wconf 77' lang='lat' dir='ltr'><strong>fenestras</strong></span> <span class='ocrx_word' id='word_1_614' title='bbox 564 2851 662 2879; x_wconf 71' lang='lat' dir='ltr'><strong>aedium</strong></span> <span class='ocrx_word' id='word_1_615' title='bbox 681 2860 749 2888; x_wconf 85' lang='lat' dir='ltr'><strong>quas</strong></span> <span class='ocrx_word' id='word_1_616' title='bbox 767 2854 919 2890; x_wconf 50' lang='lat' dir='ltr'><strong>depretiari</strong></span> 
     </span>
    </p>
   </div>
   <div class='ocr_carea' id='block_1_91' title="bbox 982 1573 1768 1610">
    <p class='ocr_par' dir='ltr' id='par_1_91' title="bbox 982 1573 1768 1610">
     <span class='ocr_line' id='line_1_91' title="bbox 982 1573 1768 1610; baseline 0 -9"><span class='ocrx_word' id='word_1_617' title='bbox 982 1574 1072 1601; x_wconf 86' lang='lat' dir='ltr'><strong>valide</strong></span> <span class='ocrx_word' id='word_1_618' title='bbox 1085 1573 1216 1608; x_wconf 85' lang='lat' dir='ltr'><strong>pulsavit,</strong></span> <span class='ocrx_word' id='word_1_619' title='bbox 1231 1573 1404 1610; x_wconf 80' lang='lat' dir='ltr'><strong>ingeminans</strong></span> <span class='ocrx_word' id='word_1_620' title='bbox 1420 1574 1453 1601; x_wconf 91' lang='lat' dir='ltr'><strong>ad</strong></span> <span class='ocrx_word' id='word_1_621' title='bbox 1478 1574 1549 1602; x_wconf 87' lang='lat' dir='ltr'><strong>ictus</strong></span> <span class='ocrx_word' id='word_1_622' title='bbox 1563 1574 1688 1610; x_wconf 78' lang='lat' dir='ltr'><strong>singulos</strong></span> <span class='ocrx_word' id='word_1_623' title='bbox 1703 1583 1709 1600; x_wconf 95' lang='lat'><strong>:</strong></span> <span class='ocrx_word' id='word_1_624' title='bbox 1727 1573 1768 1601; x_wconf 87' lang='lat' dir='ltr'><strong>Tu</strong></span> 
     </span>
    </p>
   </div>
   <div class='ocr_carea' id='block_1_92' title="bbox 981 1619 1770 1655">
    <p class='ocr_par' dir='ltr' id='par_1_92' title="bbox 981 1619 1770 1655">
     <span class='ocr_line' id='line_1_92' title="bbox 981 1619 1770 1655; baseline 0.001 -9"><span class='ocrx_word' id='word_1_625' title='bbox 981 1620 1045 1655; x_wconf 81' lang='lat' dir='ltr'><strong>quis</strong></span> <span class='ocrx_word' id='word_1_626' title='bbox 1062 1620 1112 1648; x_wconf 78' lang='lat' dir='ltr'><strong>esi</strong></span> <span class='ocrx_word' id='word_1_627' title='bbox 1129 1620 1165 1647; x_wconf 85' lang='lat' dir='ltr'><strong>At</strong></span> <span class='ocrx_word' id='word_1_628' title='bbox 1177 1620 1223 1647; x_wconf 93' lang='lat' dir='ltr'><strong>ille</strong></span> <span class='ocrx_word' id='word_1_629' title='bbox 1241 1628 1247 1647; x_wconf 92' lang='lat'>:</span> <span class='ocrx_word' id='word_1_630' title='bbox 1266 1619 1359 1654; x_wconf 86' lang='lat' dir='ltr'><strong>Cessa,</strong></span> <span class='ocrx_word' id='word_1_631' title='bbox 1375 1619 1476 1655; x_wconf 89' lang='lat' dir='ltr'><strong>inquit,</strong></span> <span class='ocrx_word' id='word_1_632' title='bbox 1488 1625 1517 1648; x_wconf 89' lang='lat' dir='ltr'><strong>et</strong></span> <span class='ocrx_word' id='word_1_633' title='bbox 1542 1620 1630 1648; x_wconf 86' lang='lat' dir='ltr'><strong>dicam</strong></span> <span class='ocrx_word' id='word_1_634' title='bbox 1646 1629 1652 1647; x_wconf 90' lang='lat'>:</span> <span class='ocrx_word' id='word_1_635' title='bbox 1678 1620 1770 1647; x_wconf 58' lang='lat' dir='ltr'><strong>Stulte</strong></span> 
     </span>
    </p>
   </div>
   <div class='ocr_carea' id='block_1_93' title="bbox 981 1665 1769 1701">
    <p class='ocr_par' dir='ltr' id='par_1_93' title="bbox 981 1665 1769 1701">
     <span class='ocr_line' id='line_1_93' title="bbox 981 1665 1769 1701; baseline -0.001 -8"><span class='ocrx_word' id='word_1_636' title='bbox 981 1665 1112 1693; x_wconf 86' lang='lat' dir='ltr'><strong>credulus</strong></span> <span class='ocrx_word' id='word_1_637' title='bbox 1124 1665 1191 1693; x_wconf 88' lang='lat' dir='ltr'><strong>mihi</strong></span> <span class='ocrx_word' id='word_1_638' title='bbox 1207 1673 1308 1693; x_wconf 86' lang='lat' dir='ltr'><strong>nomen</strong></span> <span class='ocrx_word' id='word_1_639' title='bbox 1322 1670 1376 1694; x_wconf 88' lang='lat' dir='ltr'><strong>est.</strong></span> <span class='ocrx_word' id='word_1_640' title='bbox 1391 1665 1467 1693; x_wconf 83' lang='lat' dir='ltr'><strong>idem</strong></span> <span class='ocrx_word' id='word_1_641' title='bbox 1481 1674 1532 1701; x_wconf 86' lang='lat' dir='ltr'><strong>ego</strong></span> <span class='ocrx_word' id='word_1_642' title='bbox 1547 1674 1581 1693; x_wconf 86' lang='lat' dir='ltr'><strong>ne</strong></span> <span class='ocrx_word' id='word_1_643' title='bbox 1602 1666 1669 1693; x_wconf 83' lang='lat' dir='ltr'><strong>mihi</strong></span> <span class='ocrx_word' id='word_1_644' title='bbox 1699 1673 1769 1693; x_wconf 90' lang='lat' dir='ltr'><strong>con-</strong></span> 
     </span>
    </p>
   </div>
   <div class='ocr_carea' id='block_1_94' title="bbox 982 1711 1769 1748">
    <p class='ocr_par' dir='ltr' id='par_1_94' title="bbox 982 1711 1769 1748">
     <span class='ocr_line' id='line_1_94' title="bbox 982 1711 1769 1748; baseline -0.001 -8"><span class='ocrx_word' id='word_1_645' title='bbox 982 1712 1099 1748; x_wconf 88' lang='lat' dir='ltr'><strong>tingeret</strong></span> <span class='ocrx_word' id='word_1_646' title='bbox 1111 1712 1238 1745; x_wconf 88' lang='lat' dir='ltr'><strong>verebar,</strong></span> <span class='ocrx_word' id='word_1_647' title='bbox 1255 1711 1278 1740; x_wconf 84' lang='lat' dir='ltr'><strong>si</strong></span> <span class='ocrx_word' id='word_1_648' title='bbox 1293 1712 1400 1740; x_wconf 87' lang='lat' dir='ltr'><strong>somnia</strong></span> <span class='ocrx_word' id='word_1_649' title='bbox 1417 1713 1595 1740; x_wconf 76' lang='lat' dir='ltr'><strong>narrantibus</strong></span> <span class='ocrx_word' id='word_1_650' title='bbox 1608 1721 1656 1740; x_wconf 91' lang='lat' dir='ltr'><strong>sua</strong></span> <span class='ocrx_word' id='word_1_651' title='bbox 1674 1713 1769 1740; x_wconf 86' lang='lat' dir='ltr'><strong>multi-</strong></span> 
     </span>
    </p>
   </div>
   <div class='ocr_carea' id='block_1_95' title="bbox 980 1757 1770 1794">
    <p class='ocr_par' dir='ltr' id='par_1_95' title="bbox 980 1757 1770 1794">
     <span class='ocr_line' id='line_1_95' title="bbox 980 1757 1770 1794; baseline 0 -9"><span class='ocrx_word' id='word_1_652' title='bbox 980 1757 1112 1786; x_wconf 90' lang='lat' dir='ltr'><strong>fortuium</strong></span> <span class='ocrx_word' id='word_1_653' title='bbox 1128 1758 1356 1794; x_wconf 76' lang='lat' dir='ltr'><strong>snperstitionum</strong></span> <span class='ocrx_word' id='word_1_654' title='bbox 1382 1759 1554 1794; x_wconf 60' lang='lat' dir='ltr'><strong>praeconibus</strong></span> <span class='ocrx_word' id='word_1_655' title='bbox 1577 1759 1647 1787; x_wconf 88' lang='lat' dir='ltr'><strong>citra</strong></span> <span class='ocrx_word' id='word_1_656' title='bbox 1669 1759 1770 1794; x_wconf 86' lang='lat' dir='ltr'><strong>pignus</strong></span> 
     </span>
    </p>
   </div>
   <div class='ocr_carea' id='block_1_96' title="bbox 981 1802 1399 1832">
    <p class='ocr_par' dir='ltr' id='par_1_96' title="bbox 981 1802 1399 1832">
     <span class='ocr_line' id='line_1_96' title="bbox 981 1802 1399 1832; baseline 0.007 -3"><span class='ocrx_word' id='word_1_657' title='bbox 981 1802 1111 1831; x_wconf 90' lang='lat' dir='ltr'><strong>idoneum</strong></span> <span class='ocrx_word' id='word_1_658' title='bbox 1134 1803 1216 1831; x_wconf 84' lang='lat' dir='ltr'><strong>ﬁdem</strong></span> <span class='ocrx_word' id='word_1_659' title='bbox 1230 1803 1399 1832; x_wconf 87' lang='lat' dir='ltr'><strong>addicerem.</strong></span> 
     </span>
    </p>
   </div>
   <div class='ocr_carea' id='block_1_97' title="bbox 978 1868 1770 1905">
    <p class='ocr_par' dir='ltr' id='par_1_97' title="bbox 978 1868 1770 1905">
     <span class='ocr_line' id='line_1_97' title="bbox 978 1868 1770 1905; baseline 0.001 -8"><span class='ocrx_word' id='word_1_660' title='bbox 978 1868 1042 1897; x_wconf 75' lang='lat' dir='ltr'><strong>CAP.</strong></span> <span class='ocrx_word' id='word_1_661' title='bbox 1063 1869 1093 1896; x_wconf 87' lang='lat' dir='ltr'><strong>V.</strong></span> <span class='ocrx_word' id='word_1_662' title='bbox 1109 1883 1143 1889; x_wconf 91' lang='lat'><strong>—</strong></span> <span class='ocrx_word' id='word_1_663' title='bbox 1156 1869 1266 1905; x_wconf 62' lang='lat' dir='ltr'><strong>Persae:</strong></span> <span class='ocrx_word' id='word_1_664' title='bbox 1283 1869 1434 1905; x_wconf 77' lang='lat' dir='ltr'><strong>religionem</strong></span> <span class='ocrx_word' id='word_1_665' title='bbox 1447 1880 1462 1898; x_wconf 89' lang='lat' dir='ltr'><strong>a</strong></span> <span class='ocrx_word' id='word_1_666' title='bbox 1481 1871 1631 1904; x_wconf 77' lang='lat' dir='ltr'><strong>parentibus</strong></span> <span class='ocrx_word' id='word_1_667' title='bbox 1641 1872 1770 1898; x_wconf 78' lang='lat' dir='ltr'><strong>traditam</strong></span> 
     </span>
    </p>
   </div>
   <div class='ocr_carea' id='block_1_98' title="bbox 1014 1904 1766 1939">
    <p class='ocr_par' dir='ltr' id='par_1_98' title="bbox 1014 1904 1766 1939">
     <span class='ocr_line' id='line_1_98' title="bbox 1014 1904 1766 1939; baseline 0.001 -8"><span class='ocrx_word' id='word_1_668' title='bbox 1014 1904 1147 1938; x_wconf 78' lang='lat' dir='ltr'><strong>reprobat.</strong></span> <span class='ocrx_word' id='word_1_669' title='bbox 1163 1904 1346 1939; x_wconf 72' lang='lat' dir='ltr'><strong>Beneficentid:</strong></span> <span class='ocrx_word' id='word_1_670' title='bbox 1368 1907 1516 1933; x_wconf 78' lang='lat' dir='ltr'><strong>vacandum</strong></span> <span class='ocrx_word' id='word_1_671' title='bbox 1541 1907 1641 1932; x_wconf 76' lang='lat' dir='ltr'><strong>statuit.</strong></span> <span class='ocrx_word' id='word_1_672' title='bbox 1662 1906 1766 1932; x_wconf 85' lang='lat' dir='ltr'><strong>Pertur-</strong></span> 
     </span>
    </p>
   </div>
   <div class='ocr_carea' id='block_1_99' title="bbox 1014 1940 1771 1976">
    <p class='ocr_par' dir='ltr' id='par_1_99' title="bbox 1014 1940 1771 1976">
     <span class='ocr_line' id='line_1_99' title="bbox 1014 1940 1771 1976; baseline 0.003 -10"><span class='ocrx_word' id='word_1_673' title='bbox 1014 1940 1130 1976; x_wconf 65' lang='lat' dir='ltr'><strong>batiouea</strong></span> <span class='ocrx_word' id='word_1_674' title='bbox 1145 1941 1337 1976; x_wconf 74' lang='lat' dir='ltr'><strong>uehementium</strong></span> <span class='ocrx_word' id='word_1_675' title='bbox 1355 1940 1492 1976; x_wconf 73' lang='lat' dir='ltr'><strong>affectuum</strong></span> <span class='ocrx_word' id='word_1_676' title='bbox 1515 1949 1594 1976; x_wconf 85' lang='lat' dir='ltr'><strong>quam</strong></span> <span class='ocrx_word' id='word_1_677' title='bbox 1617 1941 1668 1968; x_wconf 72' lang='lat' dir='ltr'><strong>sint</strong></span> <span class='ocrx_word' id='word_1_678' title='bbox 1684 1942 1771 1968; x_wconf 63' lang='lat' dir='ltr'><strong>noxia:</strong></span> 
     </span>
    </p>
   </div>
   <div class='ocr_carea' id='block_1_100' title="bbox 1013 1974 1334 2009">
    <p class='ocr_par' dir='ltr' id='par_1_100' title="bbox 1013 1974 1334 2009">
     <span class='ocr_line' id='line_1_100' title="bbox 1013 1974 1334 2009; baseline 0.006 -8"><span class='ocrx_word' id='word_1_679' title='bbox 1013 1974 1142 2009; x_wconf 75' lang='lat' dir='ltr'><strong>parabole</strong></span> <span class='ocrx_word' id='word_1_680' title='bbox 1161 1974 1334 2003; x_wconf 70' lang='lat' dir='ltr'><strong>demonstrat.</strong></span> 
     </span>
    </p>
   </div>
   <div class='ocr_carea' id='block_1_101' title="bbox 1013 2029 1770 2069">
    <p class='ocr_par' dir='ltr' id='par_1_101' title="bbox 1013 2029 1770 2069">
     <span class='ocr_line' id='line_1_101' title="bbox 1013 2029 1770 2069; baseline 0.005 -12"><span class='ocrx_word' id='word_1_681' title='bbox 1013 2029 1126 2058; x_wconf 90' lang='lat' dir='ltr'><strong>Interim</strong></span> <span class='ocrx_word' id='word_1_682' title='bbox 1144 2030 1171 2058; x_wconf 89' lang='lat' dir='ltr'><strong>in</strong></span> <span class='ocrx_word' id='word_1_683' title='bbox 1184 2031 1236 2059; x_wconf 86' lang='lat' dir='ltr'><strong>hac</strong></span> <span class='ocrx_word' id='word_1_684' title='bbox 1249 2039 1309 2060; x_wconf 90' lang='lat' dir='ltr'><strong>mea</strong></span> <span class='ocrx_word' id='word_1_685' title='bbox 1330 2033 1402 2060; x_wconf 87' lang='lat' dir='ltr'><strong>var&#39;a</strong></span> <span class='ocrx_word' id='word_1_686' title='bbox 1415 2037 1443 2061; x_wconf 92' lang='lat' dir='ltr'><strong>et</strong></span> <span class='ocrx_word' id='word_1_687' title='bbox 1455 2033 1535 2061; x_wconf 83' lang='lat' dir='ltr'><strong>anxia</strong></span> <span class='ocrx_word' id='word_1_688' title='bbox 1548 2032 1727 2069; x_wconf 83' lang='lat' dir='ltr'><strong>inquisitione</strong></span> <span class='ocrx_word' id='word_1_689' title='bbox 1737 2034 1770 2061; x_wconf 87' lang='lat' dir='ltr'><strong>de</strong></span> 
     </span>
    </p>
   </div>
   <div class='ocr_carea' id='block_1_102' title="bbox 978 2075 1768 2111">
    <p class='ocr_par' dir='ltr' id='par_1_102' title="bbox 978 2075 1768 2111">
     <span class='ocr_line' id='line_1_102' title="bbox 978 2075 1768 2111; baseline 0.009 -8"><span class='ocrx_word' id='word_1_690' title='bbox 978 2076 1070 2109; x_wconf 88' lang='lat' dir='ltr'><strong>sectis,</strong></span> <span class='ocrx_word' id='word_1_691' title='bbox 1103 2075 1172 2104; x_wconf 89' lang='lat' dir='ltr'><strong>illud</strong></span> <span class='ocrx_word' id='word_1_692' title='bbox 1197 2076 1336 2111; x_wconf 87' lang='lat' dir='ltr'><strong>tenebam,</strong></span> <span class='ocrx_word' id='word_1_693' title='bbox 1364 2087 1399 2106; x_wconf 89' lang='lat' dir='ltr'><strong>ne</strong></span> <span class='ocrx_word' id='word_1_694' title='bbox 1425 2079 1451 2107; x_wconf 92' lang='lat' dir='ltr'><strong>in</strong></span> <span class='ocrx_word' id='word_1_695' title='bbox 1466 2080 1570 2108; x_wconf 89' lang='lat' dir='ltr'><strong>scelera</strong></span> <span class='ocrx_word' id='word_1_696' title='bbox 1596 2080 1768 2110; x_wconf 86' lang='lat' dir='ltr'><strong>incurrerem</strong></span> 
     </span>
    </p>
   </div>
   <div class='ocr_carea' id='block_1_103' title="bbox 979 2123 1769 2166">
    <p class='ocr_par' dir='ltr' id='par_1_103' title="bbox 979 2123 1769 2166">
     <span class='ocr_line' id='line_1_103' title="bbox 979 2123 1769 2166; baseline 0.013 -17"><span class='ocrx_word' id='word_1_697' title='bbox 979 2129 1077 2157; x_wconf 89' lang='lat' dir='ltr'><strong>meque</strong></span> <span class='ocrx_word' id='word_1_698' title='bbox 1092 2130 1191 2158; x_wconf 88' lang='lat' dir='ltr'><strong>purum</strong></span> <span class='ocrx_word' id='word_1_699' title='bbox 1207 2123 1242 2151; x_wconf 89' lang='lat' dir='ltr'><strong>ab</strong></span> <span class='ocrx_word' id='word_1_700' title='bbox 1265 2125 1339 2152; x_wconf 91' lang='lat' dir='ltr'><strong>omni</strong></span> <span class='ocrx_word' id='word_1_701' title='bbox 1362 2125 1514 2155; x_wconf 82' lang='lat' dir='ltr'><strong>offensione</strong></span> <span class='ocrx_word' id='word_1_702' title='bbox 1527 2135 1687 2164; x_wconf 78' lang='lat' dir='ltr'><strong>servarem,</strong></span> <span class='ocrx_word' id='word_1_703' title='bbox 1707 2138 1769 2166; x_wconf 68' lang='lat' dir='ltr'><strong>quae</strong></span> 
     </span>
    </p>
   </div>
   <div class='ocr_carea' id='block_1_104' title="bbox 979 2170 1766 2207">
    <p class='ocr_par' dir='ltr' id='par_1_104' title="bbox 979 2170 1766 2207">
     <span class='ocr_line' id='line_1_104' title="bbox 979 2170 1766 2207; baseline 0.011 -11"><span class='ocrx_word' id='word_1_704' title='bbox 979 2170 1129 2205; x_wconf 89' lang='lat' dir='ltr'><strong>perniciem</strong></span> <span class='ocrx_word' id='word_1_705' title='bbox 1145 2173 1240 2205; x_wconf 85' lang='lat' dir='ltr'><strong>posset</strong></span> <span class='ocrx_word' id='word_1_706' title='bbox 1250 2170 1359 2199; x_wconf 79' lang='lat' dir='ltr'><strong>afferre.</strong></span> <span class='ocrx_word' id='word_1_707' title='bbox 1382 2172 1502 2207; x_wconf 88' lang='lat' dir='ltr'><strong>Pergens</strong></span> <span class='ocrx_word' id='word_1_708' title='bbox 1527 2179 1619 2202; x_wconf 87' lang='lat' dir='ltr'><strong>autem</strong></span> <span class='ocrx_word' id='word_1_709' title='bbox 1647 2176 1766 2205; x_wconf 84' lang='lat' dir='ltr'><strong>interro-</strong></span> 
     </span>
    </p>
   </div>
   <div class='ocr_carea' id='block_1_105' title="bbox 944 2215 1770 2256">
    <p class='ocr_par' dir='ltr' id='par_1_105' title="bbox 944 2215 1770 2256">
     <span class='ocr_line' id='line_1_105' title="bbox 944 2215 1770 2256; baseline 0.012 -15"><span class='ocrx_word' id='word_1_710' title='bbox 944 2223 1041 2253; x_wconf 77' lang='lat' dir='ltr'><strong>Dgare</strong></span> <span class='ocrx_word' id='word_1_711' title='bbox 1067 2215 1137 2249; x_wconf 87' lang='lat' dir='ltr'><strong>illos,</strong></span> <span class='ocrx_word' id='word_1_712' title='bbox 1163 2216 1209 2252; x_wconf 93' lang='lat' dir='ltr'><strong>qui</strong></span> <span class='ocrx_word' id='word_1_713' title='bbox 1245 2217 1364 2245; x_wconf 87' lang='lat' dir='ltr'><strong>consulti</strong></span> <span class='ocrx_word' id='word_1_714' title='bbox 1390 2219 1526 2254; x_wconf 86' lang='lat' dir='ltr'><strong>peritique</strong></span> <span class='ocrx_word' id='word_1_715' title='bbox 1554 2221 1722 2256; x_wconf 79' lang='lat' dir='ltr'><strong>putabantur</strong></span> <span class='ocrx_word' id='word_1_716' title='bbox 1734 2223 1770 2251; x_wconf 85' lang='lat' dir='ltr'><strong>de</strong></span> 
     </span>
    </p>
   </div>
   <div class='ocr_carea' id='block_1_106' title="bbox 978 2261 1766 2301">
    <p class='ocr_par' dir='ltr' id='par_1_106' title="bbox 978 2261 1766 2301">
     <span class='ocr_line' id='line_1_106' title="bbox 978 2261 1766 2301; baseline 0.013 -13"><span class='ocrx_word' id='word_1_717' title='bbox 978 2261 1152 2297; x_wconf 85' lang='lat' dir='ltr'><strong>dogmatibus</strong></span> <span class='ocrx_word' id='word_1_718' title='bbox 1168 2271 1229 2298; x_wconf 67' lang='lat' dir='ltr'><strong>quae</strong></span> <span class='ocrx_word' id='word_1_719' title='bbox 1240 2271 1290 2298; x_wconf 92' lang='lat' dir='ltr'><strong>pro</strong></span> <span class='ocrx_word' id='word_1_720' title='bbox 1307 2263 1468 2293; x_wconf 88' lang='lat' dir='ltr'><strong>indubitatis</strong></span> <span class='ocrx_word' id='word_1_721' title='bbox 1483 2267 1676 2301; x_wconf 86' lang='lat' dir='ltr'><strong>venditabant,</strong></span> <span class='ocrx_word' id='word_1_722' title='bbox 1690 2275 1766 2298; x_wconf 84' lang='lat' dir='ltr'><strong>sata-</strong></span> 
     </span>
    </p>
   </div>
   <div class='ocr_carea' id='block_1_107' title="bbox 977 2307 1767 2350">
    <p class='ocr_par' dir='ltr' id='par_1_107' title="bbox 977 2307 1767 2350">
     <span class='ocr_line' id='line_1_107' title="bbox 977 2307 1767 2350; baseline 0.011 -15"><span class='ocrx_word' id='word_1_723' title='bbox 977 2308 1073 2342; x_wconf 90' lang='lat' dir='ltr'><strong>gebam</strong></span> <span class='ocrx_word' id='word_1_724' title='bbox 1084 2307 1273 2344; x_wconf 85' lang='lat' dir='ltr'><strong>proponeudis</strong></span> <span class='ocrx_word' id='word_1_725' title='bbox 1284 2311 1454 2346; x_wconf 89' lang='lat' dir='ltr'><strong>argumentis</strong></span> <span class='ocrx_word' id='word_1_726' title='bbox 1466 2312 1494 2340; x_wconf 89' lang='lat' dir='ltr'><strong>in</strong></span> <span class='ocrx_word' id='word_1_727' title='bbox 1504 2317 1673 2343; x_wconf 87' lang='lat' dir='ltr'><strong>contrarium</strong></span> <span class='ocrx_word' id='word_1_728' title='bbox 1686 2317 1767 2350; x_wconf 90' lang='lat' dir='ltr'><strong>meis,</strong></span> 
     </span>
    </p>
   </div>
   <div class='ocr_carea' id='block_1_108' title="bbox 977 2354 1767 2391">
    <p class='ocr_par' dir='ltr' id='par_1_108' title="bbox 977 2354 1767 2391">
     <span class='ocr_line' id='line_1_108' title="bbox 977 2354 1767 2391; baseline 0.013 -11"><span class='ocrx_word' id='word_1_729' title='bbox 977 2354 1172 2389; x_wconf 84' lang='lat' dir='ltr'><strong>responsisque</strong></span> <span class='ocrx_word' id='word_1_730' title='bbox 1189 2355 1312 2390; x_wconf 89' lang='lat' dir='ltr'><strong>ipsorum</strong></span> <span class='ocrx_word' id='word_1_731' title='bbox 1324 2357 1479 2391; x_wconf 87' lang='lat' dir='ltr'><strong>eliciendis,</strong></span> <span class='ocrx_word' id='word_1_732' title='bbox 1501 2359 1660 2389; x_wconf 84' lang='lat' dir='ltr'><strong>satisfacere</strong></span> <span class='ocrx_word' id='word_1_733' title='bbox 1673 2363 1767 2390; x_wconf 90' lang='lat' dir='ltr'><strong>animo</strong></span> 
     </span>
    </p>
   </div>
   <div class='ocr_carea' id='block_1_109' title="bbox 977 2399 1766 2441">
    <p class='ocr_par' dir='ltr' id='par_1_109' title="bbox 977 2399 1766 2441">
     <span class='ocr_line' id='line_1_109' title="bbox 977 2399 1766 2441; baseline 0.014 -16"><span class='ocrx_word' id='word_1_734' title='bbox 977 2406 1050 2432; x_wconf 85' lang='lat' dir='ltr'><strong>meo,</strong></span> <span class='ocrx_word' id='word_1_735' title='bbox 1067 2399 1329 2436; x_wconf 84' lang='lat' dir='ltr'><strong>deprehendereque</strong></span> <span class='ocrx_word' id='word_1_736' title='bbox 1345 2401 1366 2429; x_wconf 90' lang='lat' dir='ltr'><strong>si</strong></span> <span class='ocrx_word' id='word_1_737' title='bbox 1392 2410 1446 2437; x_wconf 91' lang='lat' dir='ltr'><strong>qua</strong></span> <span class='ocrx_word' id='word_1_738' title='bbox 1475 2411 1582 2439; x_wconf 89' lang='lat' dir='ltr'><strong>possem</strong></span> <span class='ocrx_word' id='word_1_739' title='bbox 1609 2407 1766 2441; x_wconf 86' lang='lat' dir='ltr'><strong>veritatem,</strong></span> 
     </span>
    </p>
   </div>
   <div class='ocr_carea' id='block_1_110' title="bbox 976 2446 1766 2482">
    <p class='ocr_par' dir='ltr' id='par_1_110' title="bbox 976 2446 1766 2482">
     <span class='ocr_line' id='line_1_110' title="bbox 976 2446 1766 2482; baseline 0.015 -11"><span class='ocrx_word' id='word_1_740' title='bbox 976 2449 1069 2472; x_wconf 82' lang='lat' dir='ltr'><strong>certus</strong></span> <span class='ocrx_word' id='word_1_741' title='bbox 1080 2446 1105 2472; x_wconf 89' lang='lat' dir='ltr'><strong>ei</strong></span> <span class='ocrx_word' id='word_1_742' title='bbox 1121 2447 1206 2474; x_wconf 85' lang='lat' dir='ltr'><strong>semel</strong></span> <span class='ocrx_word' id='word_1_743' title='bbox 1224 2447 1342 2475; x_wconf 63' lang='lat' dir='ltr'><strong>inventae</strong></span> <span class='ocrx_word' id='word_1_744' title='bbox 1351 2449 1493 2477; x_wconf 79' lang='lat' dir='ltr'><strong>mordicus</strong></span> <span class='ocrx_word' id='word_1_745' title='bbox 1511 2451 1628 2480; x_wconf 68' lang='lat' dir='ltr'><strong>haerere.</strong></span> <span class='ocrx_word' id='word_1_746' title='bbox 1641 2453 1694 2482; x_wconf 85' lang='lat' dir='ltr'><strong>Sed</strong></span> <span class='ocrx_word' id='word_1_747' title='bbox 1704 2462 1766 2482; x_wconf 89' lang='lat' dir='ltr'><strong>cum</strong></span> 
     </span>
    </p>
   </div>
   <div class='ocr_carea' id='block_1_111' title="bbox 976 2492 1767 2536">
    <p class='ocr_par' dir='ltr' id='par_1_111' title="bbox 976 2492 1767 2536">
     <span class='ocr_line' id='line_1_111' title="bbox 976 2492 1767 2536; baseline 0.013 -18"><span class='ocrx_word' id='word_1_748' title='bbox 976 2498 1007 2518; x_wconf 90' lang='lat' dir='ltr'><strong>ea</strong></span> <span class='ocrx_word' id='word_1_749' title='bbox 1022 2499 1083 2526; x_wconf 71' lang='lat' dir='ltr'><strong>quae</strong></span> <span class='ocrx_word' id='word_1_750' title='bbox 1097 2492 1269 2527; x_wconf 84' lang='lat' dir='ltr'><strong>superciliosi</strong></span> <span class='ocrx_word' id='word_1_751' title='bbox 1287 2493 1325 2521; x_wconf 91' lang='lat' dir='ltr'><strong>illi</strong></span> <span class='ocrx_word' id='word_1_752' title='bbox 1339 2495 1462 2530; x_wconf 82' lang='lat' dir='ltr'><strong>magistri</strong></span> <span class='ocrx_word' id='word_1_753' title='bbox 1485 2498 1655 2532; x_wconf 78' lang='lat' dir='ltr'><strong>reponebam</strong></span> <span class='ocrx_word' id='word_1_754' title='bbox 1684 2508 1767 2536; x_wconf 85' lang='lat' dir='ltr'><strong>argu-</strong></span> 
     </span>
    </p>
   </div>
   <div class='ocr_carea' id='block_1_112' title="bbox 976 2537 1765 2579">
    <p class='ocr_par' dir='ltr' id='par_1_112' title="bbox 976 2537 1765 2579">
     <span class='ocr_line' id='line_1_112' title="bbox 976 2537 1765 2579; baseline 0.015 -17"><span class='ocrx_word' id='word_1_755' title='bbox 976 2537 1203 2570; x_wconf 88' lang='lat' dir='ltr'><strong>mentationibus,</strong></span> <span class='ocrx_word' id='word_1_756' title='bbox 1218 2538 1277 2565; x_wconf 82' lang='lat' dir='ltr'><strong>veri</strong></span> <span class='ocrx_word' id='word_1_757' title='bbox 1299 2539 1487 2568; x_wconf 83' lang='lat' dir='ltr'><strong>characterem</strong></span> <span class='ocrx_word' id='word_1_758' title='bbox 1518 2551 1572 2570; x_wconf 90' lang='lat' dir='ltr'><strong>non</strong></span> <span class='ocrx_word' id='word_1_759' title='bbox 1590 2544 1765 2579; x_wconf 63' lang='lat' dir='ltr'><strong>praferreul,</strong></span> 
     </span>
    </p>
   </div>
   <div class='ocr_carea' id='block_1_113' title="bbox 976 2581 1765 2620">
    <p class='ocr_par' dir='ltr' id='par_1_113' title="bbox 976 2581 1765 2620">
     <span class='ocr_line' id='line_1_113' title="bbox 976 2581 1765 2620; baseline 0.013 -13"><span class='ocrx_word' id='word_1_760' title='bbox 976 2589 1026 2608; x_wconf 90' lang='lat' dir='ltr'><strong>nec</strong></span> <span class='ocrx_word' id='word_1_761' title='bbox 1039 2582 1152 2609; x_wconf 91' lang='lat' dir='ltr'><strong>omnino</strong></span> <span class='ocrx_word' id='word_1_762' title='bbox 1167 2581 1317 2618; x_wconf 85' lang='lat' dir='ltr'><strong>quidquam</strong></span> <span class='ocrx_word' id='word_1_763' title='bbox 1343 2585 1523 2613; x_wconf 87' lang='lat' dir='ltr'><strong>ostenderent</strong></span> <span class='ocrx_word' id='word_1_764' title='bbox 1545 2587 1612 2615; x_wconf 88' lang='lat' dir='ltr'><strong>satis</strong></span> <span class='ocrx_word' id='word_1_765' title='bbox 1633 2589 1765 2620; x_wconf 83' lang='lat' dir='ltr'><strong>solidum.</strong></span> 
     </span>
    </p>
   </div>
   <div class='ocr_carea' id='block_1_114' title="bbox 976 2627 1766 2669">
    <p class='ocr_par' dir='ltr' id='par_1_114' title="bbox 976 2627 1766 2669">
     <span class='ocr_line' id='line_1_114' title="bbox 976 2627 1766 2669; baseline 0.014 -16"><span class='ocrx_word' id='word_1_766' title='bbox 976 2627 1039 2654; x_wconf 89' lang='lat' dir='ltr'><strong>utei</strong></span> <span class='ocrx_word' id='word_1_767' title='bbox 1055 2633 1151 2655; x_wconf 83' lang='lat' dir='ltr'><strong>secure</strong></span> <span class='ocrx_word' id='word_1_768' title='bbox 1168 2635 1276 2662; x_wconf 84' lang='lat' dir='ltr'><strong>possem</strong></span> <span class='ocrx_word' id='word_1_769' title='bbox 1290 2629 1381 2662; x_wconf 88' lang='lat' dir='ltr'><strong>inniti,</strong></span> <span class='ocrx_word' id='word_1_770' title='bbox 1405 2632 1553 2660; x_wconf 76' lang='lat' dir='ltr'><strong>:estuabam</strong></span> <span class='ocrx_word' id='word_1_771' title='bbox 1578 2637 1608 2660; x_wconf 89' lang='lat' dir='ltr'><strong>ut</strong></span> <span class='ocrx_word' id='word_1_772' title='bbox 1635 2635 1712 2669; x_wconf 90' lang='lat' dir='ltr'><strong>prius</strong></span> <span class='ocrx_word' id='word_1_773' title='bbox 1739 2642 1766 2664; x_wconf 85' lang='lat' dir='ltr'><strong>et</strong></span> 
     </span>
    </p>
   </div>
   <div class='ocr_carea' id='block_1_115' title="bbox 975 2674 1766 2712">
    <p class='ocr_par' dir='ltr' id='par_1_115' title="bbox 975 2674 1766 2712">
     <span class='ocr_line' id='line_1_115' title="bbox 975 2674 1766 2712; baseline 0.013 -12"><span class='ocrx_word' id='word_1_774' title='bbox 975 2674 1096 2701; x_wconf 86' lang='lat' dir='ltr'><strong>incertus</strong></span> <span class='ocrx_word' id='word_1_775' title='bbox 1114 2675 1258 2703; x_wconf 65' lang='lat' dir='ltr'><strong>sententiae</strong></span> <span class='ocrx_word' id='word_1_776' title='bbox 1279 2677 1444 2711; x_wconf 84' lang='lat' dir='ltr'><strong>pendebant.</strong></span> <span class='ocrx_word' id='word_1_777' title='bbox 1471 2678 1562 2712; x_wconf 84' lang='lat' dir='ltr'><strong>Quare</strong></span> <span class='ocrx_word' id='word_1_778' title='bbox 1588 2681 1665 2708; x_wconf 88' lang='lat' dir='ltr'><strong>velut</strong></span> <span class='ocrx_word' id='word_1_779' title='bbox 1692 2682 1766 2711; x_wconf 54' lang='lat' dir='ltr'><strong>fessa</strong></span> 
     </span>
    </p>
   </div>
   <div class='ocr_carea' id='block_1_116' title="bbox 974 2721 1766 2759">
    <p class='ocr_par' dir='ltr' id='par_1_116' title="bbox 974 2721 1766 2759">
     <span class='ocr_line' id='line_1_116' title="bbox 974 2721 1766 2759; baseline 0.014 -14"><span class='ocrx_word' id='word_1_780' title='bbox 974 2721 1225 2755; x_wconf 85' lang='lat' dir='ltr'><strong>peregrinationum</strong></span> <span class='ocrx_word' id='word_1_781' title='bbox 1237 2722 1327 2750; x_wconf 89' lang='lat' dir='ltr'><strong>anima</strong></span> <span class='ocrx_word' id='word_1_782' title='bbox 1349 2731 1409 2751; x_wconf 89' lang='lat' dir='ltr'><strong>mea</strong></span> <span class='ocrx_word' id='word_1_783' title='bbox 1423 2732 1456 2752; x_wconf 88' lang='lat' dir='ltr'><strong>eo</strong></span> <span class='ocrx_word' id='word_1_784' title='bbox 1469 2724 1628 2759; x_wconf 77' lang='lat' dir='ltr'><strong>inclinabat.</strong></span> <span class='ocrx_word' id='word_1_785' title='bbox 1660 2733 1691 2755; x_wconf 89' lang='lat' dir='ltr'><strong>ut</strong></span> <span class='ocrx_word' id='word_1_786' title='bbox 1718 2737 1766 2756; x_wconf 84' lang='lat' dir='ltr'><strong>ac-</strong></span> 
     </span>
    </p>
   </div>
   <div class='ocr_carea' id='block_1_117' title="bbox 973 2764 1764 2808">
    <p class='ocr_par' dir='ltr' id='par_1_117' title="bbox 973 2764 1764 2808">
     <span class='ocr_line' id='line_1_117' title="bbox 973 2764 1764 2808; baseline 0.014 -17"><span class='ocrx_word' id='word_1_787' title='bbox 973 2764 1169 2799; x_wconf 87' lang='lat' dir='ltr'><strong>quiescendum</strong></span> <span class='ocrx_word' id='word_1_788' title='bbox 1179 2767 1230 2794; x_wconf 83' lang='lat' dir='ltr'><strong>sibi</strong></span> <span class='ocrx_word' id='word_1_789' title='bbox 1244 2769 1452 2802; x_wconf 85' lang='lat' dir='ltr'><strong>putaretdomi:</strong></span> <span class='ocrx_word' id='word_1_790' title='bbox 1468 2772 1627 2806; x_wconf 89' lang='lat' dir='ltr'><strong>tenendum,</strong></span> <span class='ocrx_word' id='word_1_791' title='bbox 1639 2773 1764 2808; x_wconf 84' lang='lat' dir='ltr'><strong>inquam,</strong></span> 
     </span>
    </p>
   </div>
   <div class='ocr_carea' id='block_1_118' title="bbox 974 2811 1766 2856">
    <p class='ocr_par' dir='ltr' id='par_1_118' title="bbox 974 2811 1766 2856">
     <span class='ocr_line' id='line_1_118' title="bbox 974 2811 1766 2856; baseline 0.014 -19"><span class='ocrx_word' id='word_1_792' title='bbox 974 2811 1001 2837; x_wconf 89' lang='lat' dir='ltr'><strong>in</strong></span> <span class='ocrx_word' id='word_1_793' title='bbox 1017 2811 1128 2846; x_wconf 80' lang='lat' dir='ltr'><strong>negotio</strong></span> <span class='ocrx_word' id='word_1_794' title='bbox 1144 2812 1284 2848; x_wconf 86' lang='lat' dir='ltr'><strong>religionis</strong></span> <span class='ocrx_word' id='word_1_795' title='bbox 1298 2814 1422 2850; x_wconf 82' lang='lat' dir='ltr'><strong>duceret,</strong></span> <span class='ocrx_word' id='word_1_796' title='bbox 1441 2817 1575 2852; x_wconf 88' lang='lat' dir='ltr'><strong>quidquid</strong></span> <span class='ocrx_word' id='word_1_797' title='bbox 1592 2819 1705 2847; x_wconf 88' lang='lat' dir='ltr'><strong>demum</strong></span> <span class='ocrx_word' id='word_1_798' title='bbox 1717 2829 1766 2856; x_wconf 88' lang='lat' dir='ltr'><strong>pa-</strong></span> 
     </span>
    </p>
   </div>
   <div class='ocr_carea' id='block_1_119' title="bbox 974 2859 1764 2898">
    <p class='ocr_par' dir='ltr' id='par_1_119' title="bbox 974 2859 1764 2898">
     <span class='ocr_line' id='line_1_119' title="bbox 974 2859 1764 2898; baseline 0.014 -14"><span class='ocrx_word' id='word_1_799' title='bbox 974 2862 1076 2892; x_wconf 78' lang='lat' dir='ltr'><strong>rentes,</strong></span> <span class='ocrx_word' id='word_1_800' title='bbox 1091 2863 1117 2886; x_wconf 82' lang='lat' dir='ltr'><strong>et</strong></span> <span class='ocrx_word' id='word_1_801' title='bbox 1134 2859 1258 2894; x_wconf 75' lang='lat' dir='ltr'><strong>exemplo</strong></span> <span class='ocrx_word' id='word_1_802' title='bbox 1273 2862 1457 2898; x_wconf 59' lang='lat' dir='ltr'><strong>punivissent,</strong></span> <span class='ocrx_word' id='word_1_803' title='bbox 1472 2867 1499 2891; x_wconf 87' lang='lat' dir='ltr'><strong>ct</strong></span> <span class='ocrx_word' id='word_1_804' title='bbox 1519 2865 1602 2894; x_wconf 79' lang='lat' dir='ltr'><strong>verbo</strong></span> <span class='ocrx_word' id='word_1_805' title='bbox 1619 2865 1764 2896; x_wconf 82' lang='lat' dir='ltr'><strong>docerent.</strong></span> 
     </span>
    </p>
   </div>
  </div>
