1913 3068
141 131 206 166 ten

580 131 773 164 SPEClMEN
795 134 1013 167 SAPIENTIE
1029 137 1212 170 INDORUM
1231 138 1318 171 VET.

1690 139 1760 174 2242

137 188 189 216 Sed
210 186 305 215 retorsi
319 194 371 221 ego
385 194 445 214 eam
460 187 494 214 ab
522 187 576 215 isto
604 189 756 222 proposito;
774 189 925 225 monuique
939 193 962 223 Α
977 198 1133 228 correptum
1146 194 1274 222 miserum
1291 193 1415 222 convicio
1432 194 1515 222 trahit
1536 196 1569 223 ad
1581 195 1609 230 ju
1621 196 1709 229 licem,
1727 206 1760 225 ex

137 235 216 270 longe
234 241 295 261 esse
310 233 408 261 melius
426 234 453 261 in
471 234 557 268 priori
575 235 716 269 qumrendi
737 236 851 263 consitio
861 243 924 270 per-

137 285 219 307 stare.
233 279 371 306 inﬁrmanti
383 287 458 307 enim
484 279 691 307 excusationem
721 281 825 308 erranti
855 281 924 315 fore,

136 325 312 353 domesticam
327 324 491 355 dortrinam,
513 325 559 353 ubi
575 324 645 354 forte
663 326 748 361 ipsius
760 326 871 354 ductum
880 335 924 355 sc-

136 376 217 398 cutus
234 372 262 398 in
277 371 392 398 exitium
415 371 563 398 corruerit.
587 371 654 398 Nam
685 371 747 406 quis
768 377 925 406 compertus

137 418 301 452 magicorum
317 417 429 447 artium,
454 417 565 451 impune
587 416 721 450 judicium
745 417 833 444 evasit
859 418 925 445 alle-

136 463 225 498 pando
241 463 325 490 fuisse
348 462 400 489 sibi
427 470 475 490 eas
491 470 506 490 a
520 467 598 498 patre
614 470 693 498 mago
720 463 850 491 traditas?
864 463 923 491 Non

136 517 201 536 sane
218 508 304 543 magis
320 516 402 543 quam
419 509 554 536 ebrietate
565 517 599 536 ac
623 509 734 544 crapula
761 509 922 543 quotidiana

136 555 319 583 valetudinem
337 563 517 589 corrumpens
532 560 580 582 aut
591 555 699 583 censori
722 555 818 583 vitium
828 555 923 591 objur-

136 601 210 636 ganti
223 601 383 633 satisfaciet,
400 601 601 629 autcurabitur
616 609 631 629 a
658 601 762 629 morbis
788 602 924 636 intempe-

137 647 223 673 rantia
239 647 400 679 contractis,
415 647 496 674 simul
511 654 554 684 ac,
565 646 617 674 etsi
632 653 706 680 vere,
722 647 833 679 dixerit,
850 655 881 674 ea
892 655 922 675 so

136 693 266 727 diciplina
284 692 430 720 educatum
448 693 475 720 in
488 698 600 727 paterna
618 693 710 725 domo,
724 693 786 720 talia
814 694 922 728 genito-

136 744 196 766 rnm
211 739 334 773 exempla
347 739 500 766 recordari.
513 738 575 766 Istae
589 747 631 766 me
642 747 732 767 causa:
742 740 923 774 perpulerunt

135 784 167 812 ad
181 784 380 819 reprobandam
407 789 551 818 parentum
582 791 705 811 meorum
731 785 765 811 de
790 785 922 819 religione

135 830 312 864 sententiam;
329 830 402 858 unde
414 830 479 857 hinc
491 829 618 865 repulsus
632 829 709 865 quasi
733 836 805 857 novo
816 831 921 865 princi-

975 239 1035 274 lege
1055 240 1150 275 utiqtue
1171 240 1307 268 acturum.
1334 239 1405 277 Ergo
1432 242 1559 276 equidem
1589 243 1616 269 in
1641 243 1760 270 animum

976 286 1069 313 induxi
1085 295 1139 314 non
1167 287 1352 318 committere,
1379 291 1409 314 ut
1430 288 1636 322 perturbatione
1664 290 1761 316 mentis

975 332 1084 366 ineptus
1098 333 1197 360 actioni
1216 333 1289 365 liam,
1304 333 1350 361 sed
1371 341 1469 361 sereno
1484 341 1591 369 semper
1602 335 1763 369 tranquillo-

975 386 1028 413 que
1041 379 1091 405 sim
1115 379 1217 411 animo,
1246 379 1389 414 expeditus
1405 369 1556 406 lalacritate
1585 380 1711 413 praesenti
1727 380 1759 406 ad

974 423 1125 452 navandam
1141 425 1221 459 agris
1233 433 1354 459 operam,
1368 423 1558 460 iuvandosque
1572 425 1684 460 quosvis
1709 433 1760 460 ope

974 471 1220 504 quomodocunque
1233 470 1387 506 indigentes
1401 479 1470 503 mea;
1489 479 1551 498 nam
1574 471 1601 498 in
1619 479 1760 498 co-utnen-

974 515 1062 542 danda
1076 513 1268 547 beneﬁcentia,
1281 523 1385 548 omnes,
1403 516 1428 543 in
1441 516 1504 543 aliis
1521 516 1760 544 licctdissr-nticn-

974 566 1025 592 tes.
1036 569 1140 588 summa
1153 561 1301 588 concordia
1308 566 1388 589 secta:
1406 562 1585 589 conveniunt.

972 629 1034 656 CAP.
1050 629 1091 656 Vl.
1107 644 1135 649 —
1151 629 1272 660 Perzocs,
1291 629 1416 663 pendente
1436 630 1521 657 adhuc
1531 629 1717 657 deliberatione
1730 631 1761 657 de

1008 665 1142 699 religione.
1158 665 1314 692 innocentia:
1325 672 1356 690 ac
1367 664 1523 698 benignitati
1544 666 1648 692 studere
1671 669 1760 692 durer-

1007 701 1057 732 nit;
1073 701 1130 761 (:‘jus
1141 701 1186 734 qui
1199 708 1273 727 secus
1288 700 1377 734 fecerit
1398 699 1511 727 stultitia
1535 708 1580 735 per
1603 700 1760 735 purabolum

1006 740 1076 762 οδιρη
1098 740 1161 762 itur.

1006 791 1141 820 Constitui
1153 798 1284 827 praeterea
1293 800 1347 820 non
1358 793 1445 821 solum
1457 792 1637 821 homicidium
1649 800 1757 824 cavere,

971 837 1019 865 sed
1034 838 1192 872 apulsando
1208 844 1356 873 quoquam.
1382 845 1414 865 ac
1445 839 1471 865 vi
1495 838 1591 873 quavis
1616 837 1760 865 inferenda

136 877 180 911 pio
202 876 230 904 in
252 884 366 904 examen
389 875 659 910 explorationemque
684 876 805 902 sedulam
832 880 920 903 secta—

974 883 1018 911 nlli
1042 884 1154 911 omnino
1169 889 1335 919 temperare;
1361 883 1470 911 decrevi
1488 891 1598 918 quoque
1622 882 1761 910 abstinere

136 930 194 950 rum
210 922 331 949 animum
347 921 443 949 admisi
460 929 537 956 :qno
550 922 614 948 dum
630 922 676 949 diu
702 930 797 949 versor
821 922 847 949 in
869 930 918 950 ne-

135 969 218 1003 gotio,
231 967 409 995 animadverti
431 975 556 1001 magnam
581 974 625 994 me
646 966 700 1001 jam
727 967 789 993 vita).
813 970 918 1002 partem

136 1021 290 1045 emensum,
304 1013 381 1040 senio
393 1017 422 1040 et
434 1013 515 1040 morti
532 1013 729 1048 propinquare.
748 1013 802 1040 Hac
814 1013 919 1048 pulsata

134 1059 299 1094 cogitatione
316 1065 393 1086 mens
407 1058 434 1085 in
447 1058 509 1086 ﬁnis
522 1059 568 1093 qui
586 1067 682 1086 omnes
707 1064 799 1086 manet
822 1063 850 1086 et
865 1059 918 1086 mi-

134 1105 266 1140 grationis
277 1110 311 1132 ex
328 1105 380 1132 hoc
403 1105 509 1132 mundo
523 1104 768 1132 considerationem
795 1104 922 1132 incubuit

134 1158 182 1185 per
196 1153 327 1177 attentam
341 1154 422 1184 atque
438 1155 529 1176 acrem
550 1157 584 1176 eo
605 1149 702 1177 effectu
731 1153 760 1176 ut
784 1149 920 1184 quidquid

134 1199 247 1230 apparet
268 1202 353 1229 seque
378 1199 497 1222 ostentat
523 1195 646 1226 speciose
674 1203 701 1221 in
728 1195 779 1222 hac
802 1195 919 1229 quadam

136 1242 335 1275 mundlsccna,
358 1241 427 1270 nihil
451 1242 503 1269 nisi
532 1242 628 1269 umbra
654 1242 804 1270 videretur.
831 1242 921 1270 Statui

134 1294 225 1316 autem
236 1288 416 1316 insistendum
431 1288 498 1316 mihi
511 1288 698 1316 exercitationi
722 1288 920 1320 beneficentiae,

133 1342 247 1370 sperans
275 1342 307 1362 ea
331 1340 544 1362 consecuturum
570 1341 625 1367 me,
648 1338 679 1361 ut
705 1334 786 1362 bonis
803 1334 870 1362 viris
893 1338 924 1361 et

134 1381 265 1416 przeclara
283 1389 333 1416 per
349 1382 432 1408 vitam
448 1381 570 1417 Operatis
584 1387 792 1408 annumerarer.
805 1379 922 1408 Decrevi

133 1428 215 1455 etiam
229 1427 392 1460 cavendum,
406 1435 439 1455 ne
455 1428 556 1455 nimius
573 1427 599 1455 in
619 1427 685 1455 illud
704 1427 792 1462 ipsum
817 1435 874 1462 quo
885 1427 923 1455 fe-

134 1473 215 1500 rebar
229 1473 375 1508 indagandi
391 1474 448 1500 veri
460 1473 581 1500 studium
595 1473 718 1503 atl'ectus.
735 1478 860 1500 avocaret
879 1480 922 1500 me

132 1526 147 1546 a
164 1519 303 1547 functione
312 1519 497 1546 curandorum
512 1527 656 1555 aegrorum;
672 1518 767 1554 sicque
788 1519 863 1547 iners
876 1527 925 1546 ne-

971 929 1063 958 verhis
1077 928 1216 958 maledicis
1230 938 1262 957 ac
1275 930 1412 965 turpibus,
1432 938 1485 956 non
1496 929 1591 961 furari,
1602 937 1656 956 non
1666 928 1758 955 irasi-ir

972 975 1038 1005 nulli
1075 977 1199 1005 fraudem
1233 978 1334 1005 moliri.
1368 977 1501 1005 Abdicavi
1533 977 1759 1005 consuetudinem

973 1023 1118 1051 mulierum
1149 1030 1335 1060 venereasque
1370 1023 1548 1058 voluptates;
1577 1022 1699 1049 adamavi
1733 1026 1761 1047 et

973 1067 1045 1094 colui
1074 1068 1294 1102 temperantiam.
1319 1068 1454 1095 custodivi
1482 1067 1603 1102 linguam
1633 1073 1721 1093 ntcam
1745 1073 1759 1092 a

974 1112 1127 1143 mendacio,
1141 1112 1175 1139 ab
1192 1112 1265 1139 omni
1287 1112 1371 1140 verbo
1393 1112 1482 1139 otioso
1497 1117 1524 1140 et
1548 1110 1640 1142 noxio;
1667 1110 1760 1148 studui

973 1157 1069 1184 mitem
1081 1165 1111 1185 ac
1124 1158 1272 1185 humanum
1287 1158 1410 1192 praebere
1434 1165 1475 1184 mc
1489 1157 1617 1184 omnibus
1647 1155 1760 1189 ubique.

973 1203 1063 1237 Atque
1080 1203 1137 1230 haec
1151 1203 1234 1230 statui
1257 1203 1323 1229 licet
1357 1203 1478 1230 nondum
1508 1203 1587 1238 plane
1615 1209 1763 1235 persuasus

973 1255 1062 1275 essem
1073 1247 1106 1275 de
1118 1247 1208 1275 futura
1224 1248 1435 1280 resurrectione,
1449 1247 1539 1282 deque
1569 1247 1689 1282 prauniis
1713 1246 1762 1273 bo-

974 1300 1073 1320 norum
1100 1293 1243 1328 panisque
1268 1293 1401 1320 malorum
1431 1298 1491 1328 post
1514 1292 1586 1320 illam
1614 1299 1763 1326 rcpra'seu-

975 1338 1075 1366 tandis.
1096 1337 1188 1373 Longe
1205 1345 1248 1365 me
1265 1338 1375 1373 abjunxi
1392 1346 1406 1366 a
1422 1337 1548 1365 convictu
1561 1341 1590 1364 et
1619 1335 1762 1363 familiari-

973 1384 1028 1412 late
1043 1384 1185 1411 hominum
1213 1384 1413 1419 improborum.
1440 1383 1565 1411 alfcctavi
1585 1380 1763 1409 consuetudi-

975 1436 1038 1456 nem
1054 1437 1115 1457 cnm
1128 1429 1250 1457 honestis
1267 1434 1294 1457 et
1316 1430 1409 1466 jnstis.
1438 1429 1496 1457 Prae
1525 1428 1653 1455 omnibus
1679 1428 1762 1454 lixum

976 1474 1165 1507 animotenui,
1174 1475 1240 1502 nihil
1254 1483 1316 1503 esse
1328 1475 1512 1510 praestantius,
1526 1473 1679 1504 honestius,
1689 1480 1763 1499 ama-

980 1520 1066 1548 bilius
1097 1520 1289 1553 bcncficentia;
1313 1528 1375 1548 eam
1402 1525 1430 1548 et
1452 1518 1549 1548 amicis
1577 1519 1723 1554 potiorem,
1735 1523 1763 1545 ct

133 1564 266 1599 gligondis
285 1564 478 1592 occasionibus
493 1565 561 1592 bene
578 1564 712 1596 metendi,
730 1570 838 1600 tempus
867 1564 923 1592 otio
937 1568 957 1598 c
974 1565 1090 1602 conjuge
1100 1566 1255 1595 charlorem
1272 1565 1339 1594 mihi
1359 1574 1421 1594 esse
1432 1566 1544 1599 debere;
1558 1565 1629 1593 hanc
1643 1565 1698 1592 Deo
1714 1571 1762 1591 vo-

133 1615 316 1643 conterercm;
332 1611 421 1645 quoad
437 1618 480 1638 me
500 1618 628 1646 suprema
639 1611 700 1639 dies
721 1615 869 1646 occuparet
879 1611 927 1638 de-

132 1657 260 1686 stitutum
284 1658 449 1693 supellectili
472 1659 645 1691 meritorum,
673 1666 754 1693 quam
769 1665 864 1693 parare
897 1658 924 1684 in

133 1704 387 1739 opportunitatibus
411 1704 612 1740 ncglexissem:
639 1712 701 1731 nam
731 1710 827 1739 magna
855 1703 926 1729 inest

132 1750 174 1777 vis
185 1748 437 1785 perturbationibus
447 1749 569 1776 animum
584 1749 752 1780 tenentibus,
788 1750 821 1776 ad
847 1755 926 1777 aver-

133 1796 242 1823 tendam
260 1795 439 1822 attentionem
459 1794 638 1822 necessariam
656 1794 783 1830 gerendis
797 1802 830 1821 ex
856 1801 926 1829 pra:-

133 1841 204 1868 senti
221 1839 316 1872 rebus,
333 1845 415 1874 prout
437 1839 593 1867 declaratur
617 1839 692 1867 brevi
723 1840 813 1867 fabula
842 1848 922 1875 quam

134 1885 201 1912 tanti
217 1889 260 1912 est
274 1892 398 1912 narrare.
424 1883 540 1918 Quidam
569 1889 746 1913 contraxerat
771 1885 923 1913 necessitu-

132 1931 223 1959 dinem
237 1931 323 1958 illiciti
341 1931 443 1958 amoris
462 1939 524 1959 cum
542 1932 656 1959 muliere
679 1936 773 1967 nupta;
787 1940 846 1966 qua:
856 1939 924 1960 ma:-

131 1977 186 2003 cho
199 1976 348 2012 gratiﬁcata
361 1976 495 2011 posticum
519 1980 662 2010 paraverat
685 1984 734 2011 per
753 1976 826 2011 quod
853 1977 921 2012 ipse.

132 2023 278 2057 ingruente
291 2022 384 2049 subito
401 2023 535 2058 periculo,
546 2022 661 2057 lugeret.
671 2023 793 2056 Quadam
806 2023 850 2050 die
859 2030 921 2051 cum

131 2077 186 2096 una
202 2073 305 2101 essent,
321 2068 438 2103 pulsavit
450 2068 600 2103 improviso
614 2068 656 2095 vir
667 2068 699 2095 ad
717 2069 840 2102 januam,
857 2077 924 2104 pan-

131 2114 213 2148 dique
227 2114 297 2142 fores
311 2115 469 2148 ingressum
485 2115 615 2149 poscebat
630 2115 696 2142 sibi.
711 2114 831 2142 Turbata
859 2123 921 2142 mu-

130 2160 272 2195 lierjnbet
285 2160 440 2188 adulterum
457 2161 598 2196 proripere
611 2169 642 2189 se
657 2161 690 2188 ad
708 2161 837 2189 ostiolum
860 2170 922 2197 pro-

131 2213 165 2240 pe
183 2211 306 2240 putcun.,
321 2206 398 2241 cujus
424 2206 528 2233 clavem
544 2211 560 2234 e
576 2207 666 2233 vicino
693 2206 772 2233 clavo
798 2207 920 2242 penden-

131 2255 186 2277 tem
203 2251 252 2285 ipsi
264 2256 345 2278 antea
360 2257 526 2279 monstrasse
536 2260 564 2279 se
578 2252 678 2280 aiebat.
691 2251 784 2280 Currit
797 2260 853 2287 quo
861 2253 924 2280 mit-

132 2297 242 2325 tcbatur
255 2298 319 2325 hinc
341 2303 426 2329 metu,
456 2299 530 2326 illinc
545 2306 639 2326 amore
654 2307 686 2326 ac
703 2299 841 2326 desiderio
865 2304 925 2326 tur-

131 2343 211 2370 batus
226 2343 360 2375 moechus,
375 2349 401 2371 et
419 2348 447 2371 ut
461 2343 595 2380 contingit
610 2345 665 2372 acri
680 2353 744 2372 cura
768 2345 921 2380 suspensis.

129 2396 181 2416 nec
195 2389 296 2420 locum.
309 2396 464 2424 quanquam
490 2395 685 2425 praeostcnsum
711 2398 920 2426 recognoscere.

129 2442 162 2463 ac
176 2442 227 2463 nec
238 2435 341 2462 clavem
356 2436 504 2470 januamtc
525 2435 610 2470 ipsam
634 2437 755 2471 reperire
775 2437 871 2466 valuit.
889 2437 920 2466 ln

129 2482 174 2509 his
196 2482 355 2517 aliquandiu
382 2484 574 2516 tumultuatus,
599 2484 671 2512 redit
694 2484 727 2511 ad
754 2484 918 2517 adulteram.

125 2528 183 2563 jam
197 2528 284 2563 magis
298 2529 422 2563 proximo
436 2528 488 2556 viri
503 2529 617 2564 appulsu
631 2530 788 2562 sollicitam,
811 2532 920 2566 procul-

128 2581 184 2608 que
193 2574 325 2601 acclamat
341 2573 466 2601 :Ostium
479 2574 513 2602 de
527 2582 583 2609 quo
603 2575 695 2603 dixisti
719 2577 838 2610 evanuit;
863 2578 919 2605 cla-

129 2619 171 2647 vis
185 2628 239 2647 non
251 2624 391 2654 comparet
404 2629 411 2647 :
424 2620 617 2649 animusmens
631 2623 701 2657 apud
712 2628 738 2650 te
753 2628 806 2656 est.
818 2631 917 2652 vacare

128 2665 174 2693 his
186 2666 341 2700 quaerendis
355 2667 462 2702 nequit.
477 2666 527 2695 Cui
542 2668 658 2696 mulier:
672 2669 806 2704 Eti'ugium
820 2677 917 2705 parare

127 2712 204 2746 potui
223 2719 278 2750 reo,
293 2717 412 2740 mentem
425 2715 490 2741 dare
503 2715 588 2742 stulto
605 2722 657 2742 non
670 2723 791 2750 possum;
802 2721 828 2743 tu
841 2725 916 2750 vero,

128 2761 159 2783 ut
174 2756 261 2786 lubet,
281 2758 400 2789 addidit;
418 2758 507 2786 aderit
523 2758 598 2786 brevi
614 2759 660 2794 qui
679 2759 726 2787 tibi
746 2768 800 2796 quo
817 2761 917 2794 dignus

127 2809 170 2833 cs,
183 2803 312 2836 praebeat.
334 2804 373 2831 llli
388 2804 515 2831 :estuanti
529 2805 704 2840 cursantique
719 2806 918 2834 maritusadul-

127 2850 196 2876 terte
209 2849 408 2884 superveniens
421 2851 513 2886 plagas
527 2851 643 2885 imponit
655 2851 809 2880 luculentas
823 2861 830 2880 :
858 2858 914 2882 tum

975 1613 1049 1640 lente
1065 1613 1144 1642 male
1159 1614 1260 1648 parari;
1275 1613 1340 1641 huic
1359 1620 1442 1648 porro
1469 1612 1537 1640 nihil
1566 1611 1762 1647 comparabile,

977 1659 1036 1694 plus
1048 1657 1121 1686 enim
1136 1659 1208 1686 illam
1226 1660 1318 1694 gloria
1334 1660 1434 1687 aﬂ'crre
1448 1658 1598 1694 possidenti
1625 1665 1655 1684 se
1680 1665 1762 1692 qn-nu

975 1709 1120 1738 parentum
1136 1705 1286 1733 claritatem
1301 1709 1349 1732 aut
1358 1712 1424 1739 opes
1437 1704 1598 1731 amicorum.
1611 1703 1693 1729 Docet
1705 1703 1762 1729 lucc

975 1749 1046 1777 bene
1065 1751 1163 1778 ποι-(τί
1177 1750 1211 1777 de
1227 1750 1364 1780 omnibus.
1387 1749 1528 1777 benefacta
1560 1749 1662 1782 ultique
1685 1756 1761 1782 spar-

974 1802 1047 1829 gere.
1066 1795 1177 1828 Eadem,
1197 1796 1272 1831 large
1292 1795 1356 1823 licet
1371 1795 1507 1826 tribuens,
1534 1794 1676 1829 dispendia
1708 1801 1762 1820 non

974 1840 1068 1871 sentit;
1082 1841 1129 1867 sed
1147 1849 1201 1875 quo
1221 1841 1281 1875 plus
1295 1841 1388 1874 donat,
1405 1841 1467 1875 plus
1481 1839 1612 1867 abundat.
1628 1839 1688 1866 Non
1699 1847 1761 1866 cor-

974 1886 1121 1921 rumpitur,
1138 1895 1191 1913 non
1213 1887 1367 1919 veterascit,
1385 1895 1440 1915 non
1452 1885 1668 1914 circumvertitur
1679 1891 1693 1911 a
1711 1892 1761 1919 po-

973 1931 1070 1963 tentia,
1094 1939 1148 1959 non
1172 1932 1267 1966 horret
1292 1932 1394 1967 ignem,
1423 1941 1476 1959 non
1496 1931 1573 1959 timct
1595 1931 1679 1959 fures.
1708 1938 1761 1956 non

973 1975 1104 2003 formidat
1118 1977 1230 2008 bestias.
1251 1985 1306 2004 non
1322 1977 1377 2004 ullo
1401 1975 1472 2004 tristi
1498 1980 1597 2004 eventu
1616 1973 1763 2003 conturba-

973 2027 1019 2048 tur
1035 2031 1043 2049 :
1059 2023 1145 2058 magis
1160 2023 1226 2057 quin
1243 2023 1325 2050 etiam
1341 2023 1368 2050 in
1387 2023 1542 2051 calamitate
1558 2022 1638 2054 nitet,
1650 2025 1679 2049 et
1702 2020 1763 2048 ubi-

972 2075 1025 2104 que
1046 2073 1149 2104 perstat
1169 2068 1318 2103 iutrcpida.
1342 2067 1523 2104 ﬁepericbam
1556 2073 1660 2100 autent,
1690 2068 1761 2103 apud

973 2121 1015 2141 mc
1032 2119 1172 2148 reputans,
1185 2122 1232 2141 cos
1249 2113 1295 2149 qui
1309 2120 1412 2154 sectam
1424 2115 1486 2142 vitm
1510 2115 1575 2142 huic
1596 2114 1761 2142 contrariam

971 2160 1100 2194 amplexi,
1116 2160 1217 2188 omissa
1234 2160 1422 2188 benefaciendi
1439 2161 1501 2188 aliis
1513 2168 1591 2193 cura,
1620 2160 1673 2187 sibi
1700 2160 1764 2187 unis

971 2206 1046 2233 omni
1073 2206 1213 2241 voluptate
1241 2206 1398 2242 saginandis
1421 2206 1504 2234 unice
1533 2206 1630 2234 intenti
1658 2209 1761 2237 essent,

939 2240 962 2269 υ
975 2252 1026 2280 sibi
1041 2253 1159 2287 possitne
1173 2254 1328 2283 consulere.
1348 2257 1375 2281 et
1390 2253 1525 2281 amaritiei
1550 2253 1698 2287 plurimum
1718 2251 1762 2279 in—

975 2300 1017 2325 ter
1031 2298 1112 2326 luxus
1140 2307 1172 2327 ac
1186 2299 1347 2327 deliciarum
1363 2299 1445 2327 falsas
1464 2298 1622 2326 dulcedines
1641 2302 1762 2334 gustare;

973 2345 1133 2380 similesque
1162 2347 1230 2372 istos
1245 2353 1306 2373 esse
1317 2345 1420 2372 homini
1436 2353 1532 2380 parum
1553 2351 1631 2377 sano,
1649 2343 1697 2379 qui
1724 2343 1763 2370 lc-

974 2391 1162 2419 vemdiccnlze
1178 2391 1261 2418 unius
1284 2391 1484 2427 jucunditatem
1516 2397 1611 2425 magna
1639 2388 1763 2424 pecunia:

970 2437 1076 2473 jactura
1092 2436 1222 2472 gravique
1256 2445 1347 2464 rerum
1367 2444 1478 2464 suarum
1492 2435 1657 2463 detrimento
1686 2441 1761 2461 eme-

972 2483 1018 2511 rit.
1032 2483 1094 2511 Fuit
1112 2484 1242 2511 nimirum
1259 2483 1369 2511 institor
1381 2482 1496 2518 gemmis
1505 2480 1656 2517 peregrinis
1673 2480 1760 2509 dives.

971 2530 1018 2565 qni
1042 2530 1175 2558 artificem
1200 2530 1349 2558 nnionihus
1375 2527 1497 2557 forandis
1525 2528 1623 2556 diurna
1649 2532 1760 2555 centum

973 2583 1148 2603 nummorum
1170 2576 1297 2603 mercede
1321 2575 1462 2602 conduxit.
1482 2575 1584 2602 Pmsto
1606 2580 1638 2601 ex
1666 2571 1762 2600 condi-

971 2627 1017 2649 cto
1032 2621 1120 2649 adfuit
1133 2622 1275 2656 operarius
1293 2622 1319 2649 in
1339 2620 1455 2649 iocantis
1467 2619 1560 2650 domo.
1579 2627 1640 2647 curn
1658 2619 1761 2646 instru-

971 2669 1072 2696 mentis
1087 2669 1164 2696 artis,
1182 2668 1231 2696 llic
1246 2669 1310 2695 dum
1324 2667 1434 2703 expedit
1451 2675 1480 2695 se
1495 2666 1581 2702 operi,
1598 2666 1673 2693 videt
1691 2665 1762 2692 for‘c

969 2711 1156 2750 suspensame
1169 2715 1246 2742 clavo
1266 2715 1411 2747 citharam,
1430 2718 1457 2742 ct
1471 2721 1531 2741 eam
1559 2713 1630 2740 scire
1659 2719 1687 2740 se
1700 2711 1759 2746 pul-

969 2769 1031 2789 sarc
1052 2761 1198 2796 significat.
1228 2761 1353 2789 Prmsr-ns
1384 2760 1592 2795 margaritarum
1617 2758 1755 2789 dominus,

966 2815 1000 2835 co
1013 2808 1212 2839 animadverso,
1228 2807 1268 2835 'l'u
1282 2815 1356 2838 vero.
1367 2807 1464 2842 inquit,
1472 2814 1550 2834 sume
1559 2806 1596 2833 sis
1606 2805 1702 2841 lyram,
1724 2803 1757 2831 li»

967 2854 1065 2882 bcntcr
1077 2862 1189 2883 cperam
1205 2854 1314 2882 canenti
1336 2853 1448 2882 dedero.
1477 2853 1522 2881 Ille
1547 2857 1685 2887 arreptum
1709 2857 1756 2878 or.
