1913 3068
148 119 216 148 1213

867 111 1070 144 ΛῘΨΕΧΟῘΧ.

1699 105 1771 138 122!

146 179 245 208 gnnum
262 180 315 199 non
332 171 428 199 inscite
439 176 548 207 tangere
561 178 712 206 aggressus,
739 171 806 197 ntirc
835 169 936 205 placuit
952 172 971 197 Α
987 171 1047 196 vita:
1065 173 1229 198 asoctarum,
1249 170 1330 201 gustu
1345 165 1455 192 illectus
1471 167 1523 190 tant
1543 163 1629 191 sancti
1642 170 1673 190 ac
1696 163 1773 190 salu-

146 218 321 252 vnluptuario
335 223 459 252 patrono,
475 217 542 244 adeo
559 221 587 243 ut
604 217 626 244 is
636 224 682 242 sua
696 217 766 242 seria
786 215 849 242 Indo
862 219 935 250 post-

148 264 262 297 ltabcns,
279 269 366 291 totttm
382 263 454 291 diem
483 263 623 290 inltiantcr
640 262 757 289 audierit
782 262 934 289 vibrantem

150 309 216 336 t:des
235 309 428 336 terebratorem
441 309 583 336 unionum.
598 308 638 335 Ad
660 315 800 342 vesperam
825 311 935 334 centum

151 362 275 381 nummos
290 354 442 381 citharcedo
458 354 558 388 petenti
582 357 736 380 commotus
751 352 866 382 institor.
887 352 936 378 At-

151 401 207 434 qui.
223 400 257 426 ttti
274 400 366 431 homo,
380 399 478 434 inquit,
497 407 549 425 non
565 398 660 433 plectri
674 399 812 430 movendi,
823 397 870 426 sed
896 402 937 423 te-

153 445 225 472 rebri
236 445 370 472 tractandi
382 445 536 472 mercedem
548 445 625 473 istam
635 446 854 480 pronuntiarant.
867 444 938 471 Sane

152 491 188 517 ita
202 494 252 522 est,
262 490 358 517 artifex
374 490 429 522 ait,
442 497 571 518 caeterum
589 491 655 518 mihi
668 495 762 525 parato
775 490 807 517 ad
823 490 936 517 locatam

152 544 273 570 operam,
283 537 344 571 quis
356 537 426 564 alius
434 545 514 571 quam
528 542 555 564 lu
564 537 621 572 ipse
639 545 671 564 ne
680 537 843 572 defungercr
851 535 921 563 obsti
929 550 939 555 -

154 582 206 609 tit?
220 582 270 609 Mei
286 582 382 618 judieii
398 591 452 610 non
479 587 538 610 erat
554 584 648 617 quanti
669 583 819 610 aestimares
844 588 940 609 avoca-

153 632 245 656 menta
258 622 314 661 tua,
324 629 391 655 mihi
404 628 492 656 fraudi
508 636 568 656 esse
581 637 636 656 non
648 629 729 656 debet
738 628 786 655 tibi
797 629 940 663 obtempe-

155 681 228 700 rasse
241 682 247 700 :
262 681 346 708 quare
363 682 397 701 ne
414 679 439 701 te
454 675 634 701 oblectaveris
652 673 815 701 mercenarii
829 674 938 705 damno,

156 719 319 753 promissum
335 720 440 747 diurna:
463 728 553 755 operm
575 721 692 755 pretittm
714 720 806 747 redde.
823 719 940 754 Equum

157 765 276 797 dicebat,
292 771 319 793 et
334 766 375 793 vel
400 767 502 793 invitus
526 771 661 794 mercatur
681 771 792 794 centutn
815 773 942 793 nummos

157 811 494 842 persolvit.inelaboratis
519 812 570 846 ipsi
593 812 765 838 manentibus
782 811 940 838 unionibus.

157 856 197 882 Ad
222 856 274 884 ltoc
297 858 451 891 exemplum
477 865 527 893 ego
551 858 653 884 veritus
678 865 711 887 ne
738 858 851 885 ludicris
869 858 940 885 seria

158 902 312 938 perderem,
338 903 545 930 remissionibus
570 903 647 938 posui
671 905 942 936 modutn.attcntus-

157 955 211 982 quc
232 947 312 974 cilicii
326 949 434 983 negotio
445 957 486 975 me
499 949 617 984 impendi
631 953 716 976 totum
729 949 808 983 nugis
819 949 939 984 abiectis.

157 1002 222 1030 Car.
255 1002 310 1029 γη.
342 1018 377 1022 -
400 1003 510 1031 Perzocs
539 1005 709 1031 meditatione
733 1012 764 1030 ac
789 1012 890 1030 set-essu
916 1004 944 1030 in

196 1039 392 1074 resurrectionis
398 1040 518 1065 notitiam
530 1039 607 1066 venit.
626 1039 690 1074 Ejus
699 1039 823 1065 doctrina?
833 1039 943 1066 utilitas.

195 1072 354 1100 Detiluratio
368 1074 437 1100 circa
457 1072 649 1108 professionem
659 1075 717 1101 vita:
732 1075 858 1101 «rectiore.

195 1129 330 1157 Pcrtazsus
349 1131 421 1158 inter
430 1131 487 1157 hzec
498 1131 669 1166 voluptatum
679 1132 751 1164 vila’,
763 1131 835 1167 qttod
850 1132 944 1158 harum

162 1175 368 1202 iustabilitatem
386 1181 414 1203 et
426 1176 591 1204 inanitatem
623 1185 730 1209 noram,
753 1178 849 1212 collegi
863 1186 905 1205 nte
919 1178 945 1204 itt

162 1222 409 1250 considerationem
425 1224 610 1255 attentiorcm.
626 1229 692 1251 etut
708 1224 770 1250 huic
796 1230 888 1260 aptum
915 1234 946 1251 o-

163 1268 230 1294 tium
244 1269 427 1300 uanciscerer,
444 1269 470 1296 iu
483 1270 657 1297 solitudinem
676 1278 718 1298 me
734 1271 838 1298 abdidi.
861 1272 898 1298 lbi
911 1272 949 1298 al-

164 1314 219 1340 tius
233 1314 371 1348 ingrcssus
388 1315 414 1342 in
426 1316 685 1350 contemplationem
707 1325 813 1348 rcruttt.
840 1326 949 1352 perma-

164 1367 247 1393 gnum
260 1360 319 1394 ejus
332 1367 421 1394 operae
432 1361 552 1405 fructum
567 1362 789 1390 retuli.lntellexi
805 1364 889 1395 enim,
905 1372 950 1391 na-

166 1411 233 1432 turte
256 1406 382 1433 humana:
411 1411 511 1433 statum
539 1412 566 1434 et
584 1408 701 1435 universi
723 1409 949 1443 gubernationem

166 1456 424 1484 tuecnmreputans,
443 1451 539 1478 deesse
557 1460 611 1479 nott
639 1461 719 1487 posse
745 1454 811 1488 quitt
839 1454 875 1482 sit
901 1455 951 1482 ali-

167 1495 277 1529 quando
291 1496 383 1523 futttra
406 1503 576 1525 tttortuorunt
601 1499 777 1530 resurrectio.
810 1500 842 1528 :td
869 1509 950 1535 quam

166 1549 262 1569 omnes
278 1544 390 1570 tendant
406 1545 461 1572 suis
477 1546 579 1580 quique
596 1547 655 1578 viis.
682 1548 804 1576 ntoribus
826 1549 953 1576 videlicet

169 1591 302 1624 artisque,
318 1599 414 1626 magno
430 1591 588 1620 discrimine
617 1593 667 1620 sub
693 1595 773 1620 linem
799 1595 953 1629 deprehen-

166 1635 184 1661 d
198 1636 258 1662 ~ndo
271 1637 404 1664 bonorum
421 1639 626 1674 tttaluruutque.
642 1647 716 1667 nunc
744 1641 895 1674 perntistiut
923 1649 953 1668 a-

169 1684 302 1717 gentium.
323 1683 384 1711 Haec
397 1687 522 1722 ascetirge
539 1687 689 1720 tlisciilinte
704 1688 730 1714 itt
754 1695 863 1715 secessu
879 1696 956 1715 exer—

170 1729 231 1756 citm
245 1729 368 1756 doctrina
386 1737 437 1759 est.
453 1738 533 1765 quam
553 1732 597 1758 illa
616 1732 689 1758 velut
708 1732 777 1758 botta
795 1737 880 1759 mater
899 1732 957 1759 suis

170 1775 333 1805 cultoribus,
347 1775 384 1802 uti
400 1777 542 1811 morigeris
560 1777 633 1810 filiis,
652 1777 744 1804 tradit.
764 1778 908 1810 Quantivis
920 1778 957 1805 is-

170 1821 218 1848 tud
235 1821 313 1855 pretii
331 1822 516 1856 motneutiqtte
531 1823 653 1849 omttiunt
668 1823 777 1850 maximi
795 1823 891 1857 dogma
905 1827 955 1855 cst.

174 1866 247 1890 unde
272 1864 335 1891 vitae
365 1871 439 1892 recte
465 1865 614 1901 dirigenda?
643 1874 705 1901 spes
731 1873 758 1894 ct
774 1869 842 1894 ratio
858 1869 959 1902 pendet

173 1910 311 1937 universa.
329 1910 425 1937 Turris
450 1911 506 1938 ha-c
520 1913 642 1946 qua-dam
659 1913 839 1941 munitissima
863 1919 914 1945 cst,
931 1914 958 1942 in

171 1964 255 1991 quam
267 1957 313 1991 qtti
329 1964 358 1984 se
376 1958 520 1991 receperit,
536 1966 588 1985 non
603 1959 683 1985 ntodo
695 1963 768 1986 tutus
791 1960 961 1994 permanebit

172 2003 209 2028 ab
223 2002 334 2029 incursu
350 2004 483 2030 ntalorttttt
498 2005 583 2037 ontni,
605 2004 652 2031 sed
667 2010 695 2032 et
717 2013 767 2040 per
793 2013 851 2033 eam
878 2006 960 2040 pandi

175 2048 228 2074 sibi
243 2048 347 2075 aditum
367 2049 392 2075 in
409 2050 684 2083 paradistunmterute
711 2051 868 2085 voluptatis,
895 2059 959 2086 quo.

173 2094 196 2120 si
217 2094 412 2126 velit,sccnrus
428 2097 962 2131 penetretgt-atttlansexperictur.Con:-

176 2138 234 2172 peri
251 2139 330 2172 plattc
345 2139 413 2166 ttiltil
440 2141 538 2167 melius
556 2147 659 2168 attenta
684 2142 733 2169 ista
762 2143 962 2176 tranquillaque

959 843 978 870 Ιι

967 1516 988 1545 C

986 214 1043 240 bris
1058 213 1185 246 instituti,
1208 219 1371 247 magnopere
1385 211 1455 238 allici
1471 218 1514 237 me
1527 210 1600 237 scttsi
1626 209 1660 236 ad
1690 209 1772 236 istaut

985 259 1182 294 professionem
1199 257 1407 293 capessendam.
1426 263 1523 290 meque
1545 263 1607 282 cum
1620 255 1663 282 his
1678 262 1774 289 aggre-

986 306 1115 340 gandum.
1133 304 1304 332 Retrtthebar
1324 308 1416 331 autcm
1437 302 1470 330 ab
1500 302 1550 328 hac
1580 301 1720 328 voluntate
1739 308 1774 327 eo

987 358 1061 380 metu
1075 360 1108 379 ne
1131 360 1184 380 non
1204 359 1253 386 par
1267 358 1355 378 essent
1384 348 1504 377 ferendis
1532 348 1606 375 illius
1624 347 1775 382 disciplina:

986 398 1138 429 laboribus,
1156 401 1269 433 propter
1281 395 1437 424 contrarios
1455 394 1536 429 longo
1566 401 1617 421 usu
1633 393 1775 421 educatio—

988 446 1030 472 nis
1044 443 1237 472 diversissima'
1247 446 1401 470 contractos
1417 440 1539 472 habitus,
1566 447 1711 474 ntoresquc
1733 447 1775 466 as-

988 490 1134 519 suetudine
1150 488 1264 516 coalitos
1291 487 1318 514 in
1335 492 1480 518 naturam;
1505 485 1597 519 itaque
1611 484 1724 511 verebar
1741 491 1775 510 ne

990 545 1071 571 supra
1085 536 1158 562 vires
1173 533 1314 565 connisus,
1341 540 1396 559 non
1423 532 1503 559 modo
1532 527 1585 557 non
1615 537 1776 564 asscquercr

989 586 1093 617 Optata,
1111 581 1158 609 sed
1171 585 1198 607 et
1209 579 1339 606 damnum
1357 578 1510 612 acciperem
1529 576 1720 611 jacturantquc
1732 582 1777 608 pa-

991 626 1128 660 tcrerjam
1144 624 1316 658 adeptorum.
1329 621 1398 649 lllud
1411 622 1494 649 etiam
1520 621 1583 647 talia
1611 620 1776 654 cogitantem

989 670 1172 698 conturbabat
1187 676 1240 700 me,
1259 667 1332 702 quod
1354 666 1491 695 videbam.
1509 665 1531 692 si
1546 664 1649 691 tmtndo
1674 663 1778 690 valedi—

990 723 1056 743 cens
1073 714 1253 750 migrarentin
1264 712 1452 742 solitudinem.
1481 711 1575 745 ibique
1596 709 1779 744 amplecterer

989 761 1150 789 institutum
1166 763 1330 790 ascetarum.
1351 756 1519 792 eripiendam
1543 755 1609 782 mihi
1623 754 1778 781 {nouitatem

994 808 1063 834 bene
1079 805 1202 833 merendi
1217 805 1251 832 de
1264 803 1432 832 hominibus.
1443 802 1613 838 iuvandique
1637 800 1780 828 beneficiis

993 854 1097 888 iuupcs.
1112 851 1189 886 cujus
1206 855 1295 877 tamen
1313 850 1340 877 itt
1366 848 1564 876 exercitatione
1595 846 1703 873 virtutis
1723 853 1782 872 ma-

992 906 1073 936 gnam
1087 897 1153 924 tuilti
1171 904 1247 931 spem
1260 895 1436 923 constitutam
1456 893 1605 920 arbitrarer
1618 892 1782 926 perenniutn

994 946 1128 972 bonorum
1139 939 1486 977 acquirendorum.Quare
1512 937 1667 965 metuebant
1685 944 1719 963 ne
1742 936 1782 963 si-

994 991 1066 1018 milis
1081 989 1174 1015 fierem
1189 987 1249 1015 cani
1264 987 1379 1013 frustum
1396 984 1486 1013 carnis
1505 992 1553 1012 ore
1573 982 1704 1018 portanti.
1734 981 1782 1015 qui

995 1038 1054 1072 ejus
1078 1035 1200 1063 umbram
1217 1035 1244 1062 in
1269 1034 1381 1061 ﬂumine
1405 1031 1496 1059 vicino
1520 1031 1649 1066 majorem
1670 1030 1784 1059 videns,

995 1083 1097 1110 omisso
1112 1081 1183 1116 quod
1201 1085 1284 1111 tenet.
1301 1080 1386 1106 insilit
1397 1079 1429 1106 ad
1444 1077 1606 1114 captandttttt
1617 1076 1689 1111 quod
1701 1083 1784 1110 appa-

997 1133 1048 1160 ret,
1061 1136 1092 1155 ac
1105 1128 1146 1154 sic
1164 1131 1314 1160 utrumque
1333 1125 1576 1158 pcrdcns,vacuus
1591 1122 1783 1156 impastusque

996 1174 1139 1204 stultitiam
1156 1180 1218 1199 sero
1233 1179 1310 1199 suam
1323 1172 1442 1197 damnat.
1457 1169 1503 1197 Sic
1514 1168 1656 1196 subductis
1674 1174 1783 1194 tttccuttt

999 1220 1150 1248 rationibus
1165 1218 1222 1252 spci
1245 1222 1399 1251 metusque.
1424 1215 1507 1242 statui
1534 1214 1670 1242 sustinete
1688 1220 1730 1239 me
1750 1212 1785 1238 ait

999 1267 1108 1300 incepto
1124 1273 1177 1291 non
1190 1264 1257 1291 satis
1277 1263 1422 1297 exploratte
1451 1261 1586 1292 utilitatis,
1611 1266 1786 1294 permanere—

999 1320 1051 1348 que
1060 1311 1168 1338 interim
1178 1310 1206 1337 in
1213 1309 1309 1336 ordine
1316 1316 1347 1335 ac
1356 1312 1426 1335 statu
1437 1307 1497 1334 vitae
1507 1306 1603 1341 priori.

999 1369 1062 1397 CAP.
1079 1368 1145 1396 Vlll.
1164 1383 1199 1387 —
1212 1366 1299 1393 lEutts
1317 1365 1422 1393 Pennis
1438 1366 1465 1391 in
1482 1363 1669 1391 deliberatione
1684 1361 1716 1387 de
1730 1361 1785 1386 rita

1056 1403 1181 1433 aacclica.
1196 1407 1219 1429 et
1235 1401 1381 1428 distinctior
1390 1400 1483 1426 notitia
1495 1399 1618 1426 uanitatis
1629 1396 1728 1423 mundi.

1036 1450 1065 1476 lu
1080 1450 1131 1476 hoc
1145 1454 1235 1475 tamen
1255 1447 1294 1474 sic
1311 1446 1462 1473 constituto
1482 1451 1516 1471 ne
1537 1442 1763 1477 conquiescerem
1781 1462 1787 1473 .

1003 1494 1156 1529 abripiebat
1173 1501 1215 1520 nte
1239 1499 1324 1518 novus
1339 1496 1422 1518 aestus
1441 1493 1646 1524 comparantem
1664 1487 1737 1514 inter
1756 1495 1787 1514 se

1005 1541 1088 1568 vitattt
1115 1546 1147 1566 ac
1173 1543 1291 1569 statum,
1316 1536 1381 1563 hinc
1409 1541 1523 1567 ascetze,
1550 1533 1626 1561 illittc
1657 1532 1789 1559 amatoris

1005 1587 1121 1620 mundi,
1138 1590 1164 1612 et
1189 1592 1221 1611 ea
1241 1583 1387 1610 collatione
1404 1580 1586 1616 rcpcricntent
1601 1598 1609 1611 ,
1629 1577 1703 1606 haud
1730 1578 1789 1605 fere

1006 1634 1067 1668 plus
1085 1630 1233 1664 voluptatis
1255 1636 1287 1655 ac
1309 1627 1453 1655 suavitatis
1468 1626 1626 1659 contingere
1640 1623 1790 1650 mundanis

1005 1685 1087 1714 quam
1106 1675 1246 1706 solitariis,
1262 1678 1403 1707 utcunque
1419 1672 1446 1699 hi
1463 1671 1608 1698 videantur
1627 1669 1702 1697 ontni
1720 1670 1786 1696 vitae

1007 1723 1131 1751 mortalis
1152 1721 1243 1748 fructu
1266 1718 1391 1748 destitui.
1417 1722 1510 1745 contra
1527 1717 1564 1744 illi
1581 1716 1687 1743 deliciis
1700 1715 1792 1743 abun-

1008 1769 1084 1797 dare.
1100 1767 1166 1800 Qure
1183 1766 1256 1792 enim
1283 1764 1393 1791 laudent
1418 1763 1476 1791 ista:
1499 1763 1604 1790 delicia:
1629 1767 1703 1794 sunt,
1722 1770 1793 1796 quas

1009 1814 1120 1850 penitus
1140 1811 1335 1847 introspiciens
1363 1809 1533 1844 reperiebant
1560 1809 1622 1843 plus
1648 1808 1681 1835 ad
1697 1812 1793 1835 extre-

1009 1868 1084 1888 mum
1112 1859 1262 1886 conciliare
1285 1857 1375 1885 damni
1395 1855 1585 1889 ntmstitiaeque
1610 1861 1691 1889 quam
1713 1854 1794 1880 initio

1009 1905 1150 1934 attulerint
1166 1903 1329 1938 voluptatis?
1341 1902 1388 1929 Est
1402 1901 1475 1928 enim
1487 1900 1606 1927 mundus
1620 1899 1705 1925 instar
1716 1907 1795 1932 aqua:

1010 1953 1097 1983 salsae,
1108 1950 1180 1978 unde
1199 1954 1302 1984 qttanto
1319 1949 1379 1983 plus
1394 1947 1510 1978 biberis,
1528 1950 1604 1972 tanto
1617 1945 1678 1978 plus
1695 1945 1795 1974 sitias;

1011 2000 1097 2026 instar
1113 1997 1182 2024 ossis
1199 1995 1281 2027 aridi,
1299 1994 1390 2021 carttis
1405 1992 1490 2019 odore
1505 1991 1625 2025 quodam
1642 1990 1797 2017 allieicutis

1011 2050 1106 2071 canem
1117 2062 1124 2073 .
1139 2042 1184 2076 qui
1200 2041 1283 2068 miser
1296 2047 1329 2066 co
1345 2037 1468 2065 rodendo
1482 2037 1550 2063 nihil
1566 2035 1617 2063 nisi
1637 2035 1735 2062 dentes
1753 2040 1796 2061 at-

1013 2089 1077 2117 terit
1095 2093 1124 2115 et
1145 2087 1238 2114 fauces
1253 2084 1449 2115 convulnerat;
1469 2083 1555 2109 instar
1579 2081 1687 2108 frustuli
1706 2080 1797 2107 carnis

1013 2139 1097 2170 raptae
1108 2142 1122 2161 a
1134 2134 1254 2163 vulture,
1270 2131 1296 2158 itt
1311 2138 1392 2165 quem
1407 2129 1584 2157 convolantes
1600 2127 1721 2161 undique
1736 2126 1797 2152 alia:

177 2185 352 2212 meditatione
367 2194 455 2213 rerum
468 2187 501 2213 ad
519 2188 634 2214 salutem
645 2188 741 2214 animm
759 2189 941 2222 spectantium

1013 2188 1125 2216 rapaces
1141 2186 1216 2210 aves,
1230 2178 1350 2213 abjicere
1365 2176 1485 2211 praedam
1508 2178 1619 2209 cogunt.
1636 2173 1793 2200 necessaria

175 2232 296 2266 cotttperi
312 2237 403 2259 autent
418 2232 442 2258 id
457 2239 510 2258 non
525 2240 573 2258 usu
584 2233 671 2259 solum
682 2239 752 2262 meo,
767 2231 813 2258 sed
827 2236 853 2258 ct
866 2240 960 2258 exent-

177 2278 232 2313 plis
247 2277 469 2312 expcrientiaque
487 2278 601 2304 aliorum
625 2279 649 2304 ei
663 2285 691 2304 se
719 2276 888 2303 dedentiunt.
906 2276 960 2304 llos

176 2323 251 2350 enim
263 2323 455 2356 animadverti.
469 2330 600 2357 apparere
624 2328 735 2357 pacatos
749 2327 777 2349 et
788 2322 864 2349 hetos
887 2329 960 2349 sem-

182 2377 239 2404 per.
255 2373 345 2403 gratos
363 2376 428 2403 erga
455 2375 561 2399 ontnes.
587 2375 637 2395 suo
659 2371 813 2398 contentos.
839 2373 963 2397 securos.

179 2416 311 2442 subnixos
324 2422 455 2450 generoso
464 2418 622 2448 contemptu
636 2419 795 2441 cunctarum
809 2412 902 2440 mundi
917 2419 965 2438 va—

180 2463 308 2492 nitatum,
322 2469 404 2496 supra
416 2469 525 2488 omnent
539 2468 614 2488 noxae
626 2460 712 2487 aleam
732 2459 759 2486 in
770 2459 823 2486 alta
846 2458 963 2493 quadam

179 2516 243 2536 arce
271 2508 371 2535 utentis
395 2510 543 2534 exstantes.
572 2506 672 2534 Horum
702 2505 784 2541 igitur
810 2504 965 2532 felicitatem

182 2565 196 2582 ει
207 2555 338 2586 mulatus,
355 2555 442 2581 livore
461 2558 543 2588 atque
557 2552 706 2581 invidentia
729 2551 891 2586 repudiatis,
905 2550 969 2577 cha-

182 2602 258 2630 ritati
275 2609 317 2629 me
335 2601 445 2633 dedidi;
459 2600 614 2634 spretisque
626 2599 706 2626 fluxis
718 2606 750 2626 ac
770 2598 892 2628 caducis.
904 2605 967 2632 pcr-

182 2650 330 2678 fuctionem
344 2648 468 2675 all‘ectavi
484 2647 634 2682 sapientiae,
650 2653 702 2680 qua
724 2648 892 2672 monstrante
907 2650 969 2677 pro-

183 2697 281 2723 videns
298 2695 399 2727 futura,
413 2693 614 2729 imperterritus
636 2692 719 2723 ibam,
743 2694 835 2717 certus
851 2689 918 2716 nihil
943 2696 971 2716 se

184 2743 358 2778 obiecturum
373 2741 445 2776 quod
463 2741 534 2767 viattt
561 2737 755 2766 intercluderet
779 2736 813 2763 ad
847 2743 971 2770 scopunt,

187 2795 268 2822 quem
285 2786 423 2818 intuebar.
436 2794 507 2813 vera:
521 2783 709 2814 beatitudinis.
723 2789 820 2816 meque
837 2785 974 2808 averteret

189 2839 237 2860 aut
250 2833 381 2861 turbaret.
398 2832 449 2860 l’er
465 2832 537 2859 hunc
552 2830 662 2857 modum
683 2827 872 2862 experimento
895 2832 974 2858 capto

1011 2227 1053 2255 sui
1070 2225 1163 2253 tuendi
1177 2231 1255 2255 cura,
1277 2223 1418 2258 plagisque
1433 2226 1549 2248 contuso
1563 2227 1594 2246 ac
1609 2226 1701 2254 pugna
1725 2218 1798 2244 fesso

1012 2281 1066 2300 non
1080 2273 1163 2299 aliunt
1178 2271 1278 2305 rapin'e
1289 2277 1344 2297 sua:
1357 2269 1476 2296 fructum
1490 2267 1648 2300 relinquttnt
1661 2272 1744 2299 quant
1759 2265 1799 2290 fa-

1015 2327 1087 2346 mem
1103 2322 1131 2345 et
1143 2322 1269 2344 moestam
1281 2315 1442 2343 memoriam
1458 2313 1582 2340 inanittnt
1599 2311 1742 2342 laborum;
1758 2310 1795 2336 in-

1013 2369 1072 2392 star
1092 2363 1165 2390 vasis
1182 2362 1280 2389 mellea
1300 2360 1447 2395 superficie
1467 2365 1603 2386 venenum
1625 2356 1799 2391 suppositum

1016 2411 1147 2447 tegentis,
1164 2417 1197 2438 ex
1216 2416 1271 2444 quo
1286 2408 1332 2443 qui
1347 2407 1494 2435 dulcedine
1511 2406 1617 2433 illectus
1634 2404 1734 2435 mellis,
1752 2411 1801 2437 gu-

1017 2457 1147 2489 staverit.
1171 2463 1234 2483 mox
1263 2462 1326 2482 ettm
1352 2453 1474 2481 cruciatu
1498 2451 1690 2480 exanitttatur;
1715 2449 1801 2475 instar

1014 2503 1109 2530 la‘tum
1124 2501 1262 2529 sotnttiunt
1276 2499 1406 2529 videntis.
1420 2498 1478 2532 qui,
1495 2505 1555 2523 mox
1566 2495 1697 2530 evigilans
1713 2494 1740 2520 irt
1763 2493 1803 2519 fa-

1019 2548 1141 2576 miliares
1167 2546 1292 2573 miserias
1314 2544 1480 2575 revolvitur;
1501 2543 1585 2569 instar
1611 2539 1727 2575 fulguris
1746 2546 1803 2565 mo-

1019 2597 1113 2621 mento
1127 2591 1309 2619 illuminantis
1325 2594 1489 2617 nocturnum
1508 2588 1652 2618 viatorem.
1670 2585 1729 2612 suis
1749 2589 1804 2611 sta-

1020 2640 1069 2668 tim
1084 2638 1205 2666 tenebris
1217 2637 1406 2668 reddendum;
1422 2635 1509 2662 instar
1523 2632 1675 2667 bontbycis,
1692 2631 1804 2658 assidue

1022 2685 1113 2713 nendo
1125 2683 1194 2711 nihil
1208 2682 1352 2713 lncrantis,
1368 2681 1420 2708 nisi
1435 2680 1557 2708 sterilem
1569 2677 1805 2705 continuationem

1024 2730 1124 2758 iufittiti
1148 2728 1261 2755 laboris.
1283 2726 1360 2753 Talia
1380 2731 1511 2760 reputans
1529 2731 1624 2750 rursus
1641 2721 1808 2749 resorbebar

1024 2777 1051 2804 in
1067 2773 1236 2803 desiderium
1251 2772 1313 2799 vitm
1328 2771 1457 2800 solitaria:
1482 2769 1629 2798 sectattdze.
1654 2774 1809 2801 rursusque

1025 2820 1183 2851 retraltcbar
1195 2819 1221 2846 itt
1236 2818 1406 2852 propositum
1421 2825 1474 2844 ttott
1493 2813 1637 2844 abdicandi
1654 2813 1719 2840 vitae
1735 2820 1810 2840 cout-
