1913 3068
119 121 180 153 liii")

551 123 744 155 SPECIMEN
763 124 979 156 SAl'IEN'l‘I/‘E
996 125 1177 157 INDORUM
1193 125 1274 158 VET.

1669 126 1738 158 ista

117 181 200 209 ιηυιιει.
218 180 283 206 dum
297 187 328 207 ea
341 188 507 216 comparans
518 189 580 209 cum
591 182 731 212 aerumnis,
748 183 894 217 angustiis,
912 186 933 212 Α
949 183 1034 210 renda
1048 189 1075 210 et
1088 183 1212 211 curanda
1230 183 1356 218 coniuge,
1375 182 1472 210 liberis
1488 181 1650 214 educandis,
1669 191 1739 216 pro-

117 228 252 255 laboribus
265 228 326 255 vitae
340 229 429 263 inopis
441 229 469 256 in
486 229 637 256 solitudine
653 229 794 264 degendte.
806 229 898 256 hand-

116 282 246 309 quaquam
267 275 334 302 mihi
352 275 509 303 faciendum
531 276 658 310 putabatur
672 297 679 306 .
695 280 726 302 u-t
745 276 803 303 hate
824 277 897 303 ultro

116 320 269 354 abjicerem,
286 328 348 355 quae
371 321 443 348 forte
460 321 635 356 postmodum
654 321 755 349 frustra
773 323 898 357 reqnire-

117 375 177 395 rem.
196 367 270 395 inter
287 368 338 395 hos
352 369 429 402 quasi
447 368 546 396 ﬂuctus
564 369 703 403 ancipites
720 377 852 396 sensuum
867 377 899 396 ac

116 417 238 440 votorum
257 413 372 441 alternis
393 415 602 448 praevalentium
621 416 752 450 ambigue
766 416 897 450 iactatus,

116 459 209 486 similis
223 466 298 486 eram
317 459 444 492 imperito
462 460 549 495 judici
563 481 570 493 ,
591 461 689 488 leviter
708 461 826 488 mutanti
841 462 896 489 cal-

116 505 199 536 culos,
223 510 251 532 et
275 506 357 532 modo
378 506 521 533 damnanti
544 515 627 542 quem
652 508 818 540 absolverat,
836 516 899 536 mox

115 558 192 586 quem
207 551 386 579 damnaverat
403 560 503 580 rursus
518 553 685 581 absalventi.

115 608 173 636 CAP.
188 608 233 636 1X.
252 625 287 630 —
303 608 411 637 Persae:
426 617 525 640 a-ternn
537 617 656 643 spectare
673 613 806 640 constituit
817 621 826 640 :
839 613 898 640 vita:

295 646 418 672 humane
433 647 568 673 miseriam
582 647 716 674 describit.

147 688 256 724 Aliquid
276 694 366 717 tamen
397 692 464 718 certi
494 692 600 719 fructus
623 700 657 719 ex
684 692 727 720 his
742 693 902 721 altercantis

114 743 204 762 secum
221 737 273 763 mei
287 737 369 763 animi
387 738 532 764 contrariis
545 738 694 765 assultibus
709 739 815 774 collegi.
830 740 902 766 Con-

114 781 236 809 siderans
248 783 321 809 enim
338 786 439 810 tantam
455 783 527 810 illam
545 784 570 811 in
585 785 657 811 victu
673 785 803 819 cultuque
823 786 902 813 duri-

949 229 1111 260 movendis;
1130 229 1285 257 ambiendis
1312 229 1476 259 honoribus,
1498 229 1673 256 commerciis
1687 229 1741 255 mi-

947 273 1070 307 scendis,
1078 275 1209 303 amicitiis
1219 275 1427 303 contrahendis.
1438 275 1548 302 invidim
1559 274 1739 308 petitionibus

949 320 1131 353 declinandis,
1147 322 1277 356 periculis
1295 321 1474 356 iudiciorum,
1489 321 1617 348 fraudum
1633 320 1741 348 insidiis

946 366 1027 393 anxia
1059 367 1231 400 providentia
1258 367 1399 394 cavendis.
1429 367 1553 394 Senescit
1578 366 1651 394 inter
1683 367 1742 393 ha‘c

947 412 1143 440 circumferens
1157 415 1183 441 in
1194 414 1254 440 suis
1270 414 1326 447 ipse
1340 413 1493 440 visceribus
1506 420 1537 440 ac
1552 413 1629 440 venis
1642 413 1739 440 hostes

947 460 1257 494 ntmquantquisccutes
1268 463 1396 493 quatuor,
1411 458 1585 493 sanguinem.
1600 458 1739 492 phlegma,

948 507 1077 541 ehymnm
1095 511 1123 532 et
1138 505 1237 537 bilem;
1256 505 1386 531 obsessus
1404 505 1526 531 exterius
1542 503 1650 530 infestis
1667 511 1741 530 sem-

949 560 1001 587 per
1018 552 1150 586 periculis
1173 551 1326 578 toxicnrum
1341 570 1348 582 ,
1373 551 1534 585 viperarum
1549 571 1556 582 ,
1581 555 1741 585 serpentum

948 606 1050 633 genere
1065 598 1152 629 omni,
1168 603 1224 624 tum
1244 597 1355 624 leonum
1377 597 1553 631 ferarumque
1571 597 1740 624 rabidarum.

951 645 1088 672 Praetereo
1102 651 1231 678 vaporem
1254 643 1366 671 noxium
1396 643 1461 670 solis
1482 643 1614 674 ardentis,
1638 643 1738 678 frigora

949 692 1072 719 hiemum
1088 700 1120 719 ac
1137 692 1252 722 nivium,
1267 691 1398 726 pestilens
1412 691 1524 722 cmlum,
1540 690 1655 724 luesquc
1668 698 1742 717 aura:

950 744 1038 766 tractu
1060 743 1142 772 atque
1168 737 1253 764 halitu
1278 736 1439 771 vulgabiles.
1468 736 1663 763 innndantiam
1691 736 1742 762 im-

951 783 1055 815 brium,
1086 784 1137 810 tela
1153 783 1268 810 nubium
1296 787 1324 809 ct
1353 782 1497 809 fulminum
1525 781 1667 809 horrores.
1690 782 1742 808 Per

115 827 174 854 tiem
190 832 357 860 ascetarum,
377 829 545 856 tolerabilem
562 830 639 864 ipsis,
660 831 714 857 imo
730 838 841 858 suavem
862 831 901 858 vi-
917 841 938 868 Β
952 832 1001 858 has
1017 831 1105 857 minas
1131 838 1266 864 nusquam
1294 838 1349 856 non
1377 830 1506 861 intentas,
1526 829 1548 856 si
1575 829 1637 864 quis
1665 832 1742 856 varie

113 872 179 901 deri.
195 873 298 899 idcirco
309 873 381 907 quod
394 873 486 902 brevis
499 875 544 907 sit,
559 883 608 902 nec
618 875 688 902 ultra
703 876 764 902 vitae
775 876 898 904 mortalis

113 918 230 952 spatium
246 923 342 950 exeat;
359 919 480 947 vicissim
504 925 596 948 autem
610 921 764 956 excipiatur
788 922 897 957 gaudiis

113 963 220 991 aeternis
235 973 240 990 :
255 964 362 992 decrevi
378 972 428 1000 ego
446 974 557 1001 quoque
571 988 578 1000 ,
600 967 675 1002 parvi
700 968 801 995 dueere
826 969 898 995 bona

113 1008 274 1043 przesentia,
296 1016 345 1043 spe
362 1017 394 1037 ac
410 1012 616 1047 comparatione
639 1013 806 1040 futurorum.
829 1013 899 1041 Hinc

112 1054 186 1088 quasi
211 1055 355 1082 consolans
383 1057 501 1083 animam
525 1065 633 1090 meam,
660 1062 687 1085 ct
712 1059 898 1093 eomprobans

112 1099 284 1133 inexplebilia
310 1101 353 1127 illa
369 1101 509 1129 desideria
533 1103 637 1137 quibus
660 1103 813 1130 iubiavcrat
836 1112 899 1139 pro-

111 1142 222 1169 fessioni
239 1143 300 1169 ritu
319 1152 381 1171 cum
401 1144 502 1172 virtute
519 1147 685 1181 conjunctae,
701 1148 826 1176 dicebam
847 1158 853 1175 :
875 1147 897 1175 0

110 1193 242 1222 quantum
264 1189 289 1215 in
303 1189 355 1216 hoc
377 1190 440 1217 vitae
460 1199 562 1226 genere
584 1200 682 1227 aspero
709 1193 897 1228 destitutoque

109 1232 233 1260 laborum
272 1241 514 1270 acrunmarnmque
555 1238 690 1265 sentitur!
730 1238 776 1265 sed
802 1247 898 1267 rursus

109 1284 190 1312 quam
214 1279 306 1307 brevis
330 1284 358 1307 ct
382 1279 454 1308 ﬂuxa
482 1286 523 1309 est
545 1283 671 1317 voluptas
696 1284 897 1319 indulgentium

109 1323 204 1358 genio!
232 1331 313 1358 quam
337 1325 418 1353 fallax
441 1327 562 1354 suavitas
589 1334 784 1356 montentaneo
814 1335 896 1365 gustu

108 1371 292 1397 evanescens!
315 1370 382 1404 Quis
407 1379 489 1406 porro
517 1377 570 1399 tam
601 1374 674 1400 irevie
701 1376 811 1407 mentis,
835 1384 892 1402 non

108 1415 217 1443 abunde
245 1416 498 1450 compensari,non
523 1418 592 1445 bene
614 1419 719 1446 condiri
748 1425 826 1454 putet
850 1428 898 1447 ex-

108 1462 268 1496 perientiam
291 1463 401 1490 brevem
424 1471 514 1498 parvae
540 1465 735 1492 amaritudinis
757 1472 898 1500 exspecta—

950 876 1118 904 vitabundus
1140 876 1276 910 pertingat
1298 876 1331 902 ad
1357 875 1527 910 decrepitam
1551 880 1679 905 aetatem,
1702 874 1741 902 ibi

949 922 1054 958 reperit
1069 928 1118 949 cur
1136 921 1230 948 tandiu
1242 921 1342 948 vixisse
1367 921 1509 956 poeniteat.
1534 920 1623 954 Super
1647 921 1741 947 omnia

949 977 1024 996 mors
1053 968 1157 1003 ingruit
1188 967 1293 995 incerta
1321 967 1364 994 sui
1392 967 1598 1001 exspectatione
1628 966 1742 1001 longum

949 1012 1063 1044 vexatis,
1080 1011 1321 1045 tristissimamque
1339 1018 1354 1037 a
1369 1009 1484 1040 mundo,
1507 1018 1521 1036 a
1538 1009 1627 1044 patria
1643 1009 1742 1036 domo-

949 1067 1013 1093 que,
1036 1066 1050 1085 a
1074 1057 1219 1092 complexu
1233 1057 1391 1089 charorum,
1412 1064 1426 1082 a
1448 1055 1554 1088 liberis,
1576 1056 1741 1090 consangui-

950 1104 1020 1136 neis,
1036 1103 1143 1133 aulicis.
1163 1101 1304 1131 fratribus,
1321 1109 1335 1127 a
1351 1101 1452 1136 spebus
1476 1101 1539 1128 vita:
1558 1101 1665 1127 cunctis
1688 1101 1740 1127 Ini-

949 1150 1100 1184 grationem
1120 1148 1329 1176 inexorabilitcr
1345 1147 1458 1174 ediecns
1483 1154 1490 1172 τ
1517 1146 1604 1173 multo
1629 1147 1738 1175 interim

949 1195 1035 1229 magis
1050 1194 1187 1225 crucians,
1207 1193 1316 1221 conscia
1336 1192 1491 1226 suspicione
1509 1200 1664 1227 pmnarnm,
1681 1193 1739 1219 ani-

949 1247 999 1266 mte
1011 1246 1072 1265 mox
1085 1246 1199 1273 corpore
1210 1238 1315 1269 solutae,
1326 1237 1502 1268 luendartnn,
1515 1237 1550 1264 ob
1565 1244 1619 1263 non
1628 1238 1737 1271 expiata

948 1284 1012 1311 vita:
1028 1284 1143 1312 scelera.
1176 1284 1272 1311 Eritne
1310 1284 1456 1317 quisquam
1479 1289 1552 1309 same
1568 1282 1678 1313 mentis,
1694 1282 1738 1309 his

949 1331 1103 1366 perpensis,
1119 1338 1200 1365 quem
1219 1329 1301 1363 hujus
1320 1336 1481 1355 :erntnnnsnc
1501 1335 1532 1354 ac
1549 1328 1738 1362 corruptibilis

948 1377 1011 1404 vita:
1028 1384 1082 1403 non
1098 1376 1215 1403 taedeat?
1227 1376 1272 1410 qui
1286 1375 1405 1402 libenter
1423 1374 1466 1400 hic
1480 1374 1525 1405 sit,
1547 1374 1593 1408 qui
1610 1374 1738 1408 volupta-

950 1428 1008 1450 tum
1024 1427 1052 1450 et
1072 1422 1193 1457 turpium
1211 1426 1238 1448 et
1256 1421 1393 1456 fugacium
1417 1425 1498 1455 gustu
1525 1420 1673 1454 capiatur?
1688 1419 1735 1454 qui

950 1469 1031 1496 fluxis
1053 1473 1081 1495 et
1103 1468 1216 1495 caducis
1245 1467 1413 1495 inmdiﬁcarc
1441 1474 1504 1500 ενι-ε
1532 1466 1690 1493 ambitiosas
1709 1471 1737 1493 et

108 1506 183 1534 tloue
202 1511 275 1533 certa
292 1506 447 1535 dulcedinis
460 1509 653 1542 sempiterna-.1?
666 1510 732 1543 Quis
747 1510 829 1537 homo
841 1517 893 1542 est,
909 1514 929 1542 C
947 1523 1044 1543 secure
1060 1515 1186 1542 insistere
1201 1522 1254 1540 non
1272 1513 1397 1539 dubitet?
1413 1512 1455 1539 δῑι
1473 1512 1518 1538 ille
1534 1510 1596 1538 lit‘el
1614 1519 1671 1542 NX.
1686 1511 1734 1543 Sit.

107 1552 152 1579 cui
172 1553 193 1580 si
213 1553 337 1580 conditio
355 1554 459 1581 feratur
482 1556 632 1583 subeunda:
648 1565 696 1590 per
719 1562 826 1591 tempus
843 1566 896 1585 non

106 1599 218 1633 longum
236 1600 304 1626 arcti
319 1600 440 1627 carceris
454 1603 596 1635 angustus,
619 1607 648 1628 nt
662 1611 722 1628 uu-x
741 1603 766 1629 in
786 1608 895 1631 acterna:

106 1644 273 1672 amoenitatis
286 1645 363 1672 beata
376 1646 462 1680 spatia
475 1647 593 1678 laxetur,
608 1647 653 1682 qui
666 1652 773 1675 recuset
790 1653 836 1675 aut
846 1648 897 1676 dn-

107 1690 176 1718 bitet
191 1691 355 1719 admittere?
368 1692 408 1720 Au
426 1700 478 1719 non
495 1697 538 1720 cst
554 1693 611 1721 haec
626 1694 680 1719 vita
697 1694 775 1727 plena
788 1694 896 1722 dolori-

105 1735 169 1768 bus,
196 1738 293 1764 aeerba
319 1737 455 1770 cladibus,
476 1737 556 1764 anni:-
575 1739 725 1772 periculis;
748 1739 803 1766 imo
824 1738 894 1773 quid

105 1782 228 1809 hominis
246 1781 274 1808 in
292 1787 362 1809 terra
383 1783 557 1810 conversatio
579 1783 651 1810 aliud
671 1789 711 1811 est
725 1792 806 1819 quam
824 1785 899 1819 jugis

107 1827 232 1858 afﬂictio,
251 1832 354 1854 textum
383 1828 545 1855 necessaria:
570 1829 707 1862 rniscriaa,
734 1831 897 1858 continuum

104 1877 275 1900 tormentum
288 1881 342 1900 uno
354 1873 465 1900 sa=vitim
481 1877 576 1901 tenore
591 1881 604 1901 a
619 1875 754 1910 principio
767 1876 801 1903 ad
812 1876 896 1903 ﬁnem

103 1918 268 1952 pertinens?
298 1918 447 1945 Enimvero
471 1919 528 1952 ipsa
557 1919 678 1947 hominis
703 1921 794 1955 prima
820 1922 897 1956 origo

102 1971 188 1998 quam
199 1963 275 1991 vilis?
288 1963 382 1991 Mucus
395 1972 493 2000 nempe
507 1965 618 1998 quidam
636 1968 676 2000 (ut
691 1966 766 1992 aiunt
782 1966 894 2002 medici)

101 2011 234 2046 delapsus
262 2011 290 2037 in
318 2015 428 2038 uterum
448 2011 580 2044 mulieris,
603 2011 696 2047 ibique
721 2021 783 2040 cum
807 2013 894 2048 ipsius

100 2056 240 2090 sanguine
257 2057 430 2088 commistus,
449 2058 513 2084 inde
533 2065 715 2086 conercscens
733 2059 894 2094 dispertitut

100 2101 130 2128 in
149 2103 282 2133 membra,
296 2110 459 2137 moramque
475 2104 553 2131 ducit
567 2104 676 2140 longam
692 2105 719 2131 in
744 2105 797 2133 illis
819 2110 897 2134 tene-

99 2147 161 2174 bris
176 2152 204 2174 et
229 2147 366 2182 angustiis
387 2148 446 2174 sine
468 2148 531 2175 cibo
554 2154 581 2175 et
608 2154 685 2183 potu,
708 2154 763 2177 tum
787 2154 895 2178 maturo

99 2197 199 2227 partus
214 2197 347 2227 tempore,
363 2201 426 2221 cum
446 2194 557 2222 nixibus
573 2199 601 2221 ct
617 2195 732 2222 summis
753 2195 896 2223 doloribus

97 2240 225 2275 cjicitur.
235 2240 321 2267 Natus
332 2249 401 2275 puer
411 2241 557 2276 multiplici
572 2242 724 2269 ministerio
736 2242 893 2277 gerulorum

97 2290 129 2311 et
144 2284 292 2317 nutricum,
308 2293 357 2320 per
372 2286 452 2313 ﬂetus
478 2286 535 2314 fere
556 2288 682 2315 assiduos
705 2288 737 2315 ad
758 2289 895 2316 creberri-

100 2341 182 2359 nzum
201 2341 311 2360 sensum
327 2333 417 2364 famis,
435 2333 504 2366 sitis,
521 2334 620 2370 algoris
633 2334 820 2369 similiumque
837 2342 894 2361 ma-

103 2380 210 2413 lorum,
228 2381 329 2415 quibus
344 2381 468 2416 subjaeet
485 2381 621 2410 imbecilla
640 2382 773 2414 infantia,
791 2381 893 2416 perdu-

101 2426 179 2453 citur
195 2425 229 2453 ad
255 2426 474 2454 molestissimam
501 2427 552 2462 ipsi
577 2427 800 2455 ablactationem.
826 2427 893 2454 Inde

99 2471 245 2507 magistris
266 2472 434 2503 edocendus,
449 2473 501 2499 hoc
516 2476 559 2500 est
579 2472 793 2504 excruciandus,
811 2473 893 2500 tradi-

99 2521 160 2548 tur,
177 2516 402 2552 subigendusquc
423 2521 532 2544 terrore
555 2525 587 2544 ac
611 2517 697 2552 plagis
723 2517 755 2545 ad
773 2518 889 2548 litteras.

96 2567 149 2590 aut
166 2567 239 2590 artes
256 2567 439 2598 casteramque
468 2563 643 2598 disciplinam
661 2563 784 2598 improbo
798 2564 891 2591 labore

95 2608 288 2643 arripiendas.
303 2608 381 2636 Mitto
405 2608 495 2635 febres
516 2609 664 2644 variosque
682 2609 839 2644 languores,
862 2614 891 2636 et

96 2654 196 2689 pejora
225 2654 304 2681 malis
330 2653 450 2681 remedia
480 2654 713 2681 amarissimarum
734 2655 888 2688 potionum.

95 2700 147 2728 Sic
164 2700 190 2727 in
206 2701 388 2729 robustiorem
405 2701 505 2729 educto
518 2706 640 2732 aetatem,
660 2702 730 2728 alius
753 2709 806 2728 non
823 2701 890 2728 faci-

94 2746 199 2773 liorutn
211 2747 390 2774 certaminum
406 2753 519 2781 campus
538 2747 673 2782 aperitur.
687 2747 822 2775 latissime
838 2755 887 2782 pa-

95 2797 164 2819 tens
175 2791 201 2818 in
218 2800 298 2820 curas
312 2794 558 2828 contentionesque
574 2793 707 2822 sollicitas
722 2794 823 2822 diversi
839 2802 887 2829 ge-

94 2838 197 2868 neris:
215 2838 242 2866 iu
257 2839 360 2867 divitiis
371 2840 500 2875 parandis
521 2841 661 2877 partisque
674 2841 792 2875 tuendis,
814 2848 889 2875 qua:-

947 1561 994 1588 Dt'l
1023 1561 1153 1595 singulari
1182 1559 1326 1590 beneficio,
1349 1558 1457 1585 cunctis
1483 1562 1588 1584 natura:
1612 1556 1734 1588 dotibus,

945 1605 1063 1633 fortuna:
1082 1605 1222 1631 favoribus
1237 1609 1369 1635 ornatus;
1387 1603 1474 1637 vigeat
1488 1602 1654 1634 valetudine,
1671 1610 1737 1637 gau-

945 1651 1009 1677 (luat
1024 1651 1140 1684 opibus,
1159 1649 1257 1676 ﬂoreat
1270 1648 1474 1676 existimatione
1490 1655 1521 1675 ac
1539 1649 1627 1680 fama;
1644 1651 1735 1674 exstet

944 1696 997 1722 alte
1013 1695 1116 1729 conspii
1127 1694 1215 1720 uusiu
1231 1701 1295 1720 arce
1313 1692 1433 1727 quadam
1450 1693 1576 1720 humana:
1593 1691 1735 1719 felicitatis

944 1747 959 1766 a
978 1740 1086 1766 cunctis
1103 1739 1256 1773 vulgarium
1272 1737 1511 1765 incommodorum
1526 1742 1666 1771 protectus
1683 1736 1733 1763 in-

945 1784 1063 1812 snltibus
1082 1792 1089 1810 :
1106 1784 1175 1811 feret
1189 1789 1282 1811 tamen
1305 1789 1399 1809 secum
1420 1790 1588 1818 quocunque
1605 1782 1746 1817 ascendet

944 1830 1088 1857 rodentem
1112 1830 1185 1857 intus
1203 1829 1303 1856 tineam
1317 1828 1391 1855 lente
1414 1829 1567 1863 grassantis
1588 1827 1682 1860 exitii,
1707 1832 1735 1854 et

943 1876 1134 1904 insidiantium
1152 1877 1273 1911 undique
1291 1875 1478 1903 calamitatum
1504 1883 1588 1902 unum
1614 1874 1733 1909 reperiet

941 1922 1048 1948 exitum
1067 1922 1094 1950 in
1111 1922 1188 1949 clade
1205 1922 1301 1949 ultima
1314 1943 1320 1952 .
1335 1922 1458 1950 animam
1480 1920 1534 1956 ipsi
1557 1928 1589 1947 ac
1608 1920 1738 1954 spiritum.

944 1967 1076 1994 extremis
1095 1966 1244 2001 angoribus
1256 1971 1409 1994 extortura.

944 2022 1008 2050 CAP.
1026 2021 1059 2049 X.
1075 2036 1108 2042 -—
1122 2022 1269 2057 Infelicitas
1292 2023 1445 2049 mortalium
1462 2021 1596 2048 luculento
1614 2021 1740 2056 symbolo

1257 2058 1421 2084 declaratur.

981 2103 1045 2130 Post
1071 2103 1127 2130 hzec
1143 2103 1283 2137 ingreSSIIs
1297 2111 1348 2138 ego
1363 2111 1458 2130 rursus
1475 2104 1500 2130 in
1522 2103 1647 2130 altiorem
1664 2108 1738 2128 con-

946 2148 1145 2176 siderationem
1169 2157 1260 2177 rerum
1277 2157 1338 2183 qua:
1359 2150 1485 2176 visuntur
1510 2149 1537 2176 in
1565 2149 1616 2176 hoc
1646 2147 1735 2178 orbe,

915 2188 936 2216 Ι)
948 2195 1131 2222 animadverti
1145 2199 1336 2222 creaturarum
1354 2195 1478 2222 omnium
1504 2194 1583 2222 facile
1601 2200 1735 2228 praestan-

950 2241 1084 2269 tissimum
1101 2249 1162 2268 esse
1176 2241 1326 2272 hominem,
1340 2249 1435 2268 verum
1453 2240 1579 2278 Ellmtl'elll
1593 2240 1736 2274 negligatu-

949 2291 1004 2314 tem
1017 2286 1073 2318 sui,
1086 2294 1117 2313 ac
1131 2285 1248 2320 propriae
1261 2285 1357 2312 salutis
1373 2285 1554 2315 incuriosum,
1568 2284 1642 2310 illam
1660 2288 1737 2317 post-

947 2331 1049 2359 habere
1071 2331 1258 2366 voluptatibus
1281 2338 1423 2358 sensuum.
1447 2330 1516 2357 Tum
1534 2330 1573 2357 sic
1597 2328 1668 2363 apud
1691 2334 1737 2355 me

947 2377 1002 2404 dixi
1015 2386 1022 2404 :
1035 2375 1140 2404 Similis
1151 2381 1193 2404 est
1207 2377 1288 2404 homo
1299 2376 1359 2403 viro
1370 2376 1487 2410 cuipiam
1503 2374 1618 2408 fugienti
1632 2382 1646 2401 a
1663 2373 1737 2400 facio

946 2423 997 2451 feri
1016 2424 1214 2454 monocerotis,
1232 2427 1259 2450 et
1283 2430 1365 2450 cursu
1387 2422 1434 2449 illo
1449 2422 1539 2449 delato
1561 2421 1587 2448 in
1606 2419 1736 2456 praecipi-

947 2470 1016 2497 tium
1043 2470 1190 2497 imminens
1210 2469 1294 2500 iacui,
1312 2469 1359 2496 ubi
1376 2473 1483 2503 reperta
1502 2467 1604 2503 ingenti
1620 2466 1736 2497 arbore.

946 2515 1107 2543 conscendit
1125 2516 1151 2542 in
1167 2522 1259 2542 ramos
1271 2515 1330 2550 ejus
1344 2514 1499 2545 inferiores,
1511 2514 1600 2548 iisque
1617 2519 1733 2546 suspen-

944 2570 993 2590 sus
1009 2561 1096 2590 haesit.
1120 2561 1321 2588 Nidulabantur
1340 2561 1392 2588 sub
1408 2568 1476 2588 cavo
1490 2560 1595 2588 cortice
1609 2559 1669 2595 ejus
1686 2566 1734 2585 ar‘

945 2608 1022 2636 boris
1039 2615 1142 2643 angues
1156 2612 1286 2642 quatuor,
1310 2607 1483 2634 terebrantes
1510 2606 1596 2641 ipsam
1608 2625 1616 2638 ,
1639 2610 1667 2632 et
1681 2611 1737 2639 per

945 2653 1091 2683 foramina.
1107 2662 1167 2688 qnze
1185 2653 1309 2681 rodendo
1326 2653 1459 2682 fecerant.
1475 2653 1565 2685 capita
1587 2655 1735 2679 ostentan-

944 2705 996 2727 tes.
1011 2700 1171 2734 Despicicns
1188 2699 1251 2726 inde
1266 2699 1298 2726 ad
1314 2699 1419 2726 radices
1435 2697 1552 2729 arboris,
1567 2697 1636 2724 vidit
1650 2703 1732 2723 accu-

943 2746 1056 2773 bantem
1087 2746 1235 2772 draconem
1264 2745 1422 2776 immanem,
1452 2749 1529 2771 vasto
1553 2743 1727 2770 diductarum

942 2791 1062 2819 faucium
1078 2791 1200 2818 hiantem
1221 2791 1318 2826 spatio,
1333 2790 1366 2818 ad
1380 2798 1421 2823 se,
1435 2790 1481 2817 ubi
1499 2789 1657 2820 decidisset,
1677 2788 1729 2815 ab-

943 2837 1122 2866 sorbendum.
1139 2837 1214 2866 Vidit
1243 2842 1270 2866 et
1303 2845 1393 2865 mutes
1414 2837 1493 2871 duos,
1509 2835 1602 2864 album
1628 2843 1727 2867 unum,
