1913 3068
187 85 252 119 1247

884 88 1085 119 At’PENDlX.

1736 87 1805 119 1948

184 143 293 177 nigrum
307 142 436 175 alterum,
451 143 549 170 rodere
563 143 672 171 assidue
696 145 757 172 illos
774 145 847 181 ipsos
864 146 964 181 quibus
980 151 1000 177 Α
1015 146 1114 180 quibus
1134 139 1203 179 aagra
1222 144 1377 172 mortalitas
1403 144 1540 173 innititur.
1557 145 1680 179 Quatuor
1697 154 1805 181 angues

184 187 326 215 insistebat
341 196 442 220 ramos.
455 188 651 216 admordentes
672 197 720 218 eos
744 192 803 219 sine
829 193 965 220 intermis-

184 233 262 260 sione
277 241 331 268 qua
347 238 425 268 parte
440 234 682 262 committebantur
700 241 816 268 trunco;
839 237 964 272 profece-

184 283 302 314 rantque
321 279 462 306 arrosione
477 279 608 308 continua
623 285 737 314 tanlum,
755 286 784 309 ut
800 283 862 316 plus
874 283 964 310 media

183 323 307 350 crassitie
325 324 425 355 accisa.
442 323 516 351 tenui
535 328 640 352 tantum
657 326 778 361 segmine
791 335 822 354 ac
832 327 906 354 Velut
919 327 964 355 filo

183 369 301 400 nutanti.
312 369 422 396 ramalia
435 369 478 396 illa
488 377 547 404 qua:
558 370 647 405 ipsum
659 373 858 405 sustentabant,
867 373 965 408 plantae

183 413 267 448 stipiti
283 414 427 442 haererent.
447 415 476 442 In
494 415 535 443 bis
551 416 634 443 miser
649 418 791 453 angustiis.
816 424 898 453 prout
916 426 966 454 par

182 463 252 492 erat,
272 460 406 488 aestuabat
425 460 529 491 animo.
551 462 687 490 sollicitus
703 471 821 498 quonam
836 469 915 499 pacto
930 473 964 492 ex

183 508 223 531 tot
239 504 359 540 undique
371 506 565 541 ingruentibus
577 508 706 541 periculis
717 509 809 536 salvus
821 511 964 539 evaderet.

182 549 239 576 Tali
257 557 322 577 cura
337 551 491 586 suspiciens
506 552 577 580 forte
589 554 758 585 observavit.
773 563 806 582 ex
819 557 963 583 cacumine

181 595 296 627 arboris.
310 596 355 623 ubi
370 604 434 631 apes
449 597 524 626 favos
540 598 680 631 fecerant.
696 600 750 627 mel
765 601 888 628 deﬂuens
903 603 964 629 stil-

181 640 246 672 lare,
263 641 347 675 quud.
366 649 431 669 usus
445 645 661 678 opportunitate.
677 651 786 681 gustare
798 648 890 682 coepit.
904 652 964 676 tan-

182 689 293 718 tumque
317 685 361 712 illa
387 686 532 714 dulcedine
552 688 705 716 oblectatns
723 695 782 723 est,
806 695 835 717 ut
861 691 963 719 oblitus

180 731 418 758 circumstantium
444 738 652 767 monstrorum,
680 734 730 762 feri
757 737 961 769 monocerotis.

181 775 321 804 horribilis
335 777 473 810 draconis,
499 779 650 814 hydrorum
680 786 810 816 quatuor,
842 782 962 810 duorum

181 823 311 855 murium.
327 831 427 856 ramos,
442 826 544 859 quibus
563 827 752 854 sustinebatur
768 835 802 855 ne
821 829 848 856 in
873 830 963 864 gulam

180 868 308 896 draconis
322 869 443 902 caderet,
459 871 584 906 stirpitus
596 873 798 900 suceidentium
810 893 818 904 ,
841 874 965 902 suaviter

181 914 383 948 acquiesceret,
399 916 479 944 avide
492 924 525 944 ac
542 924 639 945 Secure
654 924 768 953 captans
782 926 901 954 superne
917 919 965 947 de-

181 960 330 988 stillantem
345 961 478 996 liquorem
490 963 629 991 melleum.
643 963 671 991 Id
683 963 747 991 dum
761 965 827 999 agit.
839 964 965 1000 abruptis

182 1005 290 1033 tandem
313 1007 395 1034 ramis
405 1032 412 1040 ,
430 1007 560 1036 decidens
575 1008 670 1036 infelix
683 1029 691 1041 ,
720 1016 783 1037 esca
797 1009 886 1037 factus
901 1010 965 1037 dra-

180 1052 258 1079 conis
272 1052 415 1084 inliianlis.
436 1054 549 1082 interiit.
567 1054 596 1082 ln
611 1055 660 1082 bac
679 1055 796 1090 imagine
818 1055 892 1083 ferus
904 1055 964 1083 rbi-

180 1105 297 1126 noceros
311 1098 435 1134 designat
452 1104 566 1128 mortem
579 1101 797 1136 pertinacissime
811 1101 962 1129 instantem

182 1142 298 1175 homini,
314 1149 342 1172 et
363 1144 530 1181 quocunque
555 1153 584 1173 se
609 1147 758 1174 contulerit
781 1154 845 1174 eum
869 1154 964 1182 perse-

180 1194 308 1224 quentem
323 1210 330 1222 .
357 1190 440 1218 nullis
459 1199 573 1227 usquam
599 1192 624 1219 ei
643 1193 709 1219 tutis
724 1193 758 1219 ab
782 1200 813 1220 ea
836 1193 962 1221 latebris.

180 1232 268 1262 Lacus
283 1240 325 1263 est
340 1236 394 1263 vita
415 1236 474 1264 bzee
497 1237 607 1270 misera,
624 1237 753 1265 monstris
767 1242 877 1265 scatens
888 1258 895 1269 ,
916 1238 961 1266 in-

183 1280 252 1307 festa
277 1281 436 1318 naufragiis.
461 1282 571 1310 infamis
586 1283 712 1311 cladibus
725 1303 732 1316 ,
755 1283 829 1318 regio
847 1283 965 1311 infausta

181 1324 376 1360 lacryuiarum.
393 1327 471 1354 [tanti
496 1327 551 1355 duo
566 1328 700 1363 suppositi
720 1327 836 1363 pedibus
848 1347 856 1360 .
876 1329 965 1356 arrosi

180 1379 196 1398 a
210 1372 344 1406 muribus,
355 1374 526 1408 temporariae
534 1380 601 1409 opes
611 1379 639 1402 et
652 1374 730 1402 lluxze
741 1373 964 1409 commoditates.

1019 191 1081 218 sinu
1095 191 1154 226 ipso
1162 191 1246 218 clausi
1261 191 1380 224 arboris,
1393 191 1523 218 humores
1537 195 1657 226 quatuor
1672 192 1803 227 ﬁgurant.

1018 243 1135 271 quorum
1153 236 1299 271 temperie,
1325 236 1427 263 mutuis
1450 236 1566 263 invicem
1591 241 1756 264 cunctorum
1776 237 1806 263 li-

1019 284 1098 311 brata
1111 283 1320 316 certaminibus.
1333 291 1436 318 corpus
1449 282 1526 315 vivit;
1541 283 1683 318 perforant
1696 283 1714 310 ii
1729 288 1805 310 trun-

1017 336 1081 356 cum
1099 333 1237 363 caputque
1253 331 1394 360 exserunt,
1404 327 1513 364 quoties
1526 335 1598 354 unus
1611 335 1695 361 supra
1706 335 1804 354 omnes

1006 375 1178 411 praevalens,
1198 375 1309 402 morbos
1331 372 1416 405 creat.
1439 373 1581 401 interitum
1606 373 1726 404 minans,
1750 372 1802 400 nisi

1017 421 1060 449 vis
1072 422 1132 456 ejus
1147 420 1375 448 medicaminibus
1391 424 1482 448 retusa
1496 419 1531 447 ad
1554 421 1801 453 temperamentum

1019 471 1240 501 conceptumque
1255 466 1405 501 redigatur.
1420 465 1507 492 Draco
1529 463 1636 491 inferne
1661 464 1801 491 accubans

1017 511 1105 540 Orcus
1115 516 1167 544 est,
1183 519 1238 546 quo
1253 510 1447 538 inevitabilitcr
1461 510 1555 537 cuncti
1569 509 1717 536 trudimur.
1733 509 1801 535 Duo-

1017 564 1078 584 rum
1089 557 1207 584 murium
1217 555 1351 583 candidus
1363 556 1449 587 diem,
1461 560 1523 582 ater
1534 559 1642 582 noctem
1652 554 1800 589 significat:

1019 603 1061 630 lia-
1085 602 1170 630 fulcra
1188 603 1251 629 vitae
1272 601 1429 634 subruunt,
1442 600 1608 628 indesinenti
1631 599 1802 627 detractione

1016 648 1134 683 spatium
1150 647 1259 675 vivendi
1274 646 1442 674 minuentes.
1462 645 1585 674 Fallaces
1598 647 1742 679 noxiaaque
1757 654 1802 673 vo-

1016 693 1135 728 luptates
1153 693 1241 720 mellis
1264 700 1383 728 superne
1399 691 1535 719 afﬂuentia
1560 691 1694 718 insidiosa
1713 691 1802 718 stilla~

1018 738 1094 764 tione
1110 737 1329 764 adumbrantur:
1344 737 1401 764 haec
1412 737 1486 764 enim
1503 736 1659 771 perniciose
1671 737 1802 763 mortales

1016 781 1148 814 oblectat,
1169 789 1289 809 avocans
1311 786 1420 809 mentes
1439 788 1534 808 eorum
1558 787 1574 807 a
1597 780 1695 808 salutis
1717 787 1801 811 cura.

1017 828 1166 862 adixosque
1186 828 1261 863 ipsos
1275 826 1355 855 iliixis
1370 827 1477 862 gaudiis
1487 845 1496 859 ,
1510 834 1545 854 ne
1562 825 1732 860 sempiterna
1750 825 1801 852 sibi

1017 872 1199 908 provideant.
1224 872 1362 901 detinens.
1387 872 1434 899 llis
1458 879 1509 907 ego
1532 871 1675 906 perpensis
1698 874 1802 898 attente

1017 918 1158 950 omnibus,
1175 918 1284 945 decrevi
1309 923 1433 953 perstare
1457 921 1605 945 contentus
1629 916 1802 950 professione

1017 971 1090 996 mea,
1111 971 1330 999 magnopereque
1345 963 1458 991 incubui
1473 963 1507 990 ad
1521 962 1758 990 benemerendum
1770 962 1802 988 de

1017 1009 1216 1045 indigentibus.
1235 1014 1263 1037 et
1288 1017 1400 1045 quoquo
1415 1010 1507 1042 modo,
1522 1017 1610 1044 quave
1631 1016 1716 1044 opera
1741 1016 1804 1043 pos-

1016 1062 1084 1086 sem.
1100 1055 1197 1089 inopes
1211 1055 1367 1090 juvandos;
1384 1055 1424 1082 sic
1436 1059 1578 1090 reputans,
1585 1054 1665 1081 -banc
1677 1061 1740 1081 esse
1754 1054 1804 1080 de-

1016 1100 1094 1133 bere,
1110 1100 1133 1127 si
1149 1100 1203 1127 ulla
1218 1100 1254 1128 sit
1266 1120 1274 1132 ,
1291 1099 1389 1127 salutis
1403 1099 1486 1132 viam,
1503 1106 1674 1134 speransque
1684 1098 1804 1125 feliciu-

1017 1150 1084 1177 tem.
1110 1145 1189 1180 cujus
1215 1145 1339 1173 innatum
1359 1145 1464 1172 homini
1481 1144 1649 1173 desiderium
1675 1149 1731 1174 est,
1755 1144 1802 1170 tali

1016 1191 1190 1227 potissimum
1206 1191 1395 1219 assectandam
1416 1195 1526 1218 conatu.
1549 1190 1588 1217 ita
1610 1189 1764 1224 composita
1788 1197 1803 1215 e

1016 1239 1093 1273 prius
1109 1237 1269 1265 memoratis
1280 1237 1508 1265 ﬂuctuationibus
1522 1241 1613 1264 mente
1626 1236 1730 1263 missus
1742 1243 1802 1262 sum

1017 1292 1032 1312 a
1051 1292 1117 1320 rege
1135 1283 1258 1311 Chosme
1285 1284 1313 1311 in
1337 1283 1442 1311 Indiam
1467 1282 1608 1317 :indeque
1634 1282 1661 1308 in
1686 1281 1802 1316 patriam

1018 1330 1103 1358 redux
1117 1329 1191 1357 edidi
1209 1329 1311 1357 multos
1326 1329 1412 1356 libros
1424 1349 1432 1362 ,
1453 1336 1469 1356 e
1492 1328 1593 1363 quibus
1610 1328 1655 1355 liic
1674 1334 1748 1354 unus
1760 1329 1802 1354 est

1017 1378 1201 1409 nuncupatus.
1222 1372 1360 1408 Spectmen
1371 1362 1515 1409 Sapientits
1527 1362 1668 1401 luderem.

197 1470 1794 1483 —-———————————_———-——

813 1557 982 1615 SPEC
995 1558 1165 1615 lMEN

237 1680 772 1760 SAPIENTIZE
807 1680 1244 1759 INDOBUM
1291 1681 1757 1761 VETERUM

905 1828 1084 1852 EXHIBITUM

400 1899 780 1941 DISSERTATIONIBUS
817 1899 1083 1931 PARABOLICIS
1119 1898 1345 1937 QUINDECIM
1378 1899 1584 1931 CUIUSDAM

534 1961 884 1993 GYMNOSOPHISTE
900 1962 953 1992 AD
979 1961 1275 2005 ABESSALOMUM
1290 1961 1442 1993 REGEM.

696 2117 964 2150 DISSERTATIO
985 2116 1237 2149 PARABOLICA
1260 2117 1284 2149 1.

182 2193 390 2233 chnrnntat
409 2192 440 2233 in
458 2190 649 2232 Vestigatore
677 2197 760 2223 artes
771 2192 951 2224 ambitionis
975 2191 1134 2233 improba,
1150 2191 1350 2233 conciliantis
1363 2195 1390 2221 et
1402 2191 1588 2233 dirimth
1610 2191 1693 2233 inter
1718 2191 1803 2233 alios

221 2229 356 2270 gratiam
374 2232 415 2262 ad
431 2229 578 2270 qua-attint
592 2232 759 2270 proprium
773 2240 867 2271 eoque
891 2240 949 2271 per
977 2229 1082 2262 omnia
1108 2230 1228 2262 scelera
1246 2231 1434 2270 grassantis.
1463 2230 1573 2262 Obiter
1591 2229 1691 2261 multa
1717 2230 1806 2262 inse-

221 2276 338 2302 runtur
356 2272 421 2302 alia
435 2272 539 2302 varias
553 2271 624 2302 vim
641 2280 677 2301 ac
688 2271 817 2301 moralis
829 2271 980 2302 doctrina:
995 2274 1101 2311 partes
1114 2271 1330 2311 informantia.

217 2333 422 2364 Aliessalomus.
439 2332 571 2361 Indorum
589 2341 647 2366 rex,
663 2333 804 2361 consuluit
817 2333 966 2368 quemdam
979 2335 1002 2366 c
1018 2334 1113 2367 vitam,
1130 2334 1182 2361 bos
1201 2333 1377 2361 admonuisse
1401 2332 1493 2361 verbis
1509 2331 1666 2368 hujusmodi
1686 2339 1693 2357 :
1708 2331 1732 2359 0
1749 2332 1805 2359 mei

181 2386 197 2406 e
211 2379 269 2406 suis
285 2378 466 2406 familiaribus
480 2378 744 2414 gymnosophistam,
759 2378 855 2406 dicens
869 2386 876 2405 :
893 2378 964 2406 Volo

181 2433 197 2453 a
215 2430 241 2453 te
261 2425 326 2452 mihi
342 2424 477 2452 declarari
498 2432 547 2459 per
566 2424 701 2459 exempla,
719 2431 776 2459 quo
796 2424 877 2451 modo
891 2424 965 2451 frau-

182 2471 314 2499 dulentus
341 2475 370 2498 et
398 2470 535 2506 malignus
556 2471 608 2502 vir,
633 2470 778 2497 insinuans
801 2477 863 2497 sese
892 2469 966 2498 inter

182 2517 284 2545 amicos
301 2517 381 2548 duos.
396 2516 508 2544 dirimat
521 2520 549 2543 et
571 2516 599 2542 in
624 2515 717 2542 odium
733 2519 883 2542 commutet
899 2523 965 2543 con-

185 2568 298 2591 tractam
317 2562 394 2597 prius
407 2561 479 2589 inter
495 2561 569 2596 ipsos
581 2560 741 2588 amicitiam.

219 2608 240 2636 l.
259 2607 299 2636 Ad
323 2616 355 2636 ea
377 2608 405 2635 in
429 2607 503 2635 hunc
523 2606 634 2634 modum
657 2606 800 2641 respondit
822 2612 967 2642 gymnoso—

185 2655 276 2690 phista
294 2662 303 2681 :

223 2702 320 2730 Fertur
333 2705 471 2729 mercator
483 2700 594 2736 quidam
608 2699 736 2734 copiosus
750 2706 782 2726 ac
797 2698 884 2730 dives,
897 2697 968 2726 ﬁlios

187 2748 293 2776 habens
309 2747 404 2783 pigros
424 2752 452 2774 et
473 2754 520 2782 per
542 2745 674 2773 desidiam
694 2751 805 2772 aversos
831 2744 865 2771 ab
889 2744 967 2771 addi-

189 2793 504 2826 sccndafactitandaque
521 2796 579 2820 arte
601 2790 727 2826 quapiam
740 2798 774 2819 ex
797 2791 909 2819 utilibus
932 2791 965 2818 ad

1015 2379 1075 2412 ﬁlii,
1097 2379 1144 2415 qui
1162 2379 1190 2406 in
1214 2379 1266 2405 hac
1283 2378 1339 2405 vita
1362 2382 1554 2411 conversatur,
1582 2376 1672 2404 tribus
1697 2377 1807 2411 indiget

1016 2425 1099 2452 rebus
1110 2432 1118 2450 ι
1128 2431 1211 2459 opum
1227 2423 1304 2458 copia
1320 2422 1471 2450 sulliciente
1483 2422 1517 2450 ad
1529 2422 1631 2449 vietum
1644 2426 1672 2448 et
1686 2422 1807 2455 cultum,

1016 2469 1089 2497 bona
1105 2469 1175 2497 fama
1192 2473 1222 2497 et
1242 2468 1445 2496 existimatione
1469 2467 1542 2501 apud
1567 2467 1705 2498 homines.
1723 2467 1806 2494 deni-

1019 2524 1072 2551 que
1087 2515 1159 2544 felici
1180 2515 1353 2543 assecutione
1367 2514 1551 2548 repositorum
1577 2514 1605 2540 in
1631 2515 1686 2540 vita
1710 2513 1804 2540 futura

976 2580 979 2582 -
1019 2563 1099 2599 iustis
1114 2562 1260 2590 bonorum.
1277 2561 1340 2589 llaec
1353 2568 1436 2596 porro
1450 2561 1501 2587 tria
1512 2568 1567 2587 non
1583 2560 1663 2587 aliter
1674 2560 1722 2587 ulli
1739 2567 1805 2587 con-

1021 2610 1129 2644 tingunt.
1143 2616 1225 2643 quam
1247 2615 1297 2642 per
1322 2607 1374 2635 ista
1397 2611 1527 2642 quatuor,
1545 2614 1665 2642 quorum
1683 2607 1806 2642 primum

1019 2659 1083 2682 est:
1101 2654 1245 2689 possidere
1265 2653 1376 2680 divitias
1389 2653 1462 2688 juste
1483 2657 1594 2687 partas;
1610 2652 1741 2683 alterum.
1759 2660 1807 2680 eas

1018 2700 1209 2727 administrare
1225 2706 1257 2725 ac
1268 2699 1428 2733 dispensare
1445 2697 1603 2732 sapienter;
1622 2697 1736 2724 tertium
1749 2717 1756 2730 ,
1773 2704 1806 2725 ex

1022 2746 1055 2773 iis
1069 2752 1182 2780 erogare
1199 2743 1396 2779 indigentibus,
1408 2744 1560 2778 praesertim
1572 2742 1637 2769 dum
1652 2743 1806 2777 postulant:

1023 2791 1074 2818 huc
1089 2790 1162 2817 enim
1176 2796 1244 2824 opus
1257 2794 1285 2816 et
1299 2788 1325 2815 in
1342 2788 1393 2816 hac
1406 2789 1459 2816 vita
1474 2787 1541 2815 utile
1556 2791 1598 2815 est
1612 2791 1640 2814 ct
1656 2786 1682 2813 in
1700 2786 1806 2820 futura;
