1913 3068
139 172 150 203 1
157 171 208 204 Ξιθ

577 169 680 201 SPECl
687 169 764 200 ΜΕΝ
785 167 999 199 ΞᾹΡΙΕΝΤΗΕ
1011 166 1188 197 INDORUM
1207 165 1292 198 VET.

1689 167 1699 198 i
1706 168 1758 200 250

136 233 265 263 quartum
285 224 418 260 denique,
436 223 463 252 in
479 224 672 252 occasionibus
695 223 729 251 ad
748 222 917 258 peccandum
932 222 957 251 Α
971 221 1064 255 puisse
1086 221 1231 248 videatur?
1253 220 1324 248 liuic
1346 220 1501 249 Coronatus
1524 221 1564 250 sic
1587 225 1757 258 respondit:

136 271 315 301 invitantibus
328 270 464 298 sustinuere
479 277 508 297 se
521 277 536 297 a
553 270 629 306 lapsu
647 270 807 305 connitique
828 269 854 296 in
867 268 920 296 hoc

136 318 162 345 vi
182 324 299 345 summa.
315 316 419 343 Horum
439 320 558 351 quatuor
570 316 593 343 si
610 316 672 351 quis
687 316 729 343 vel
746 323 830 343 unum
849 322 920 350 pras-

137 361 298 392 termiscrit,
318 361 387 388 nihil
413 361 555 396 perlleict;
580 361 632 389 nisi
654 361 728 388 enim
748 361 803 388 erit
821 360 918 388 idonea

137 415 220 443 opum
240 407 318 443 copia
341 407 503 440 instructus,
527 414 579 435 nec
601 407 695 435 vivere
717 407 775 442 ipse
792 406 917 439 honeste,

137 460 189 480 nec
202 452 273 480 bene
293 452 355 479 aliis
373 452 472 486 poterit
494 451 593 480 facere.
616 452 693 486 Quod
713 452 735 480 si
759 453 918 481 divitiarum

136 497 248 533 quidem
274 497 374 531 aliquis
399 497 502 525 aﬂ‘atim
529 497 637 530 habeat,
662 498 733 526 male
758 503 850 526 autem
871 506 920 526 eas

136 543 306 570 administret
320 542 460 578 vitamque
475 542 612 577 gubernet
634 551 711 571 suam
725 563 734 576 ,
749 543 805 571 cito
822 544 917 579 egenis

135 587 364 616 aunumerabitur
382 597 390 615 :
410 595 524 616 necesse
545 588 649 624 quippe
667 592 720 622 est,
744 588 767 616 si
783 594 918 624 quantum

135 633 276 668 expendit.
286 637 427 668 utcunque
443 633 471 660 id
483 633 519 660 sit
534 633 684 666 modicum,
698 641 753 661 non
764 638 842 662 curet
854 641 920 662 con-

136 677 213 705 tinue
229 677 364 709 reficere.
380 677 539 706 accessione
553 677 684 706 damnum
709 684 866 713 reparante.
890 683 920 706 ut

136 725 196 759 eius
210 725 310 752 sensim
326 731 370 752 res
382 724 526 752 familiaris
539 730 676 753 atteratur
688 733 720 753 ac
734 726 843 754 tandem
855 735 919 754 eva-

136 772 240 800 nescat,
258 768 335 796 velut
351 768 467 796 stibium
480 788 488 800 ,
503 769 577 804 quod
593 770 724 805 paulatim
742 770 917 799 imminutum

136 812 163 840 in
179 813 337 847 pulverem,
353 814 535 842 consumitur.
558 815 645 842 Porro
665 816 687 843 si
713 820 741 843 et
766 815 869 844 divitiae
890 817 917 844 in

141 858 361 892 supplementum
376 866 555 893 expensarum
571 855 761 894 acquiranttir.
780 866 808 889 et
826 862 853 889 in
872 862 920 889 ha-

138 910 201 929 rum
219 903 424 938 dispensatione
438 904 508 932 ratio
521 910 639 937 constet,
659 906 721 933 inde
739 912 829 934 tamen
853 908 921 935 nihil

141 948 280 976 tribuatur
291 948 488 984 indigentibus,
505 950 601 977 talium
613 958 755 985 possessor
764 952 923 981 divitiarum

138 1001 244 1028 pauper
261 995 444 1029 reputabitur.
462 1000 489 1024 et
503 1003 554 1024 sua
571 996 649 1024 illum
663 998 742 1033 copia
759 998 922 1034 disrumpet,

137 1044 168 1066 ut
182 1039 314 1074 contingit
331 1040 358 1067 in
377 1040 518 1069 canalibus
532 1046 581 1069 aut
594 1042 693 1070 fistulis
705 1043 833 1076 fontium,
850 1053 922 1080 quae,

138 1084 248 1119 quando
263 1092 318 1113 non
342 1090 416 1121 patet
443 1087 535 1115 exitus
554 1095 634 1123 aqua:
654 1089 758 1124 iugiter
775 1089 900 1119 inﬂuenti
913 1112 921 1126 ,

138 1135 262 1165 crepant.

174 1176 207 1204 ll.
224 1177 272 1205 His
285 1177 362 1213 pueri
375 1178 487 1212 auditis,
506 1180 630 1215 persuasi
645 1181 732 1216 patris
746 1182 922 1216 auctoritate,

138 1221 332 1257 obtemperare
359 1229 432 1251 recta
450 1226 573 1253 monenti
596 1226 792 1255 decreverunt.
809 1227 843 1254 Et
862 1227 922 1262 pri.

139 1275 201 1295 mus
228 1275 326 1296 eorum
354 1270 577 1305 peregrinatione
603 1276 731 1307 suscepta
758 1278 923 1301 mercatura

138 1312 236 1347 gratia,
251 1313 327 1341 dedit
346 1321 375 1342 se
390 1314 418 1342 in
445 1315 516 1342 viam
536 1315 640 1343 ducens
663 1317 827 1351 plaustrum,
848 1319 922 1354 quod

137 1359 210 1386 tauri
228 1358 284 1387 duo
302 1360 458 1388 trahebant.
474 1360 512 1388 Eo
527 1361 625 1389 itinere
639 1362 751 1390 devenit
764 1363 790 1390 in
807 1364 923 1399 paludo-

137 1412 198 1431 sum
215 1404 318 1437 locum,
335 1405 381 1432 ubi
397 1410 537 1433 taurorum
552 1406 624 1434 alter
648 1407 714 1435 limo
729 1409 843 1436 haustus
856 1417 921 1445 pro-

137 1451 244 1479 cubuit.
262 1451 333 1478 Puer
347 1459 409 1478 cum
435 1453 494 1479 suis
514 1459 577 1480 eum
597 1460 696 1488 magno
718 1453 812 1482 labore
827 1463 859 1483 ac
872 1463 920 1483 co-

140 1501 205 1524 natu
223 1497 282 1524 luto
296 1496 430 1530 extraxit;
445 1502 573 1526 ceterum
587 1505 620 1526 ea
644 1499 833 1534 contentione,
854 1500 920 1530 dum

975 266 1045 300 Quid
1061 267 1108 294 tibi
1124 275 1186 295 cum
1202 266 1278 294 hisce
1291 267 1452 295 inconsultis
1474 269 1758 304 interrogationibus?

974 312 1121 340 Enimvero
1135 313 1203 340 nihil
1221 313 1269 340 ulli
1291 317 1415 340 nostrum
1439 314 1604 350 improsperi
1629 316 1756 351 contigit,

974 365 1029 393 quo
1043 358 1137 386 dolere
1150 358 1307 387 debeamus.
1324 359 1376 386 Sed
1392 360 1425 386 ad
1444 359 1517 387 fores
1533 360 1619 388 nostri
1638 362 1709 396 regis
1722 369 1757 389 ex

974 403 1064 431 cilicio
1076 407 1238 438 apparentes
1253 404 1406 431 dimensum
1422 412 1484 432 cum
1501 404 1554 431 iide
1566 406 1756 441 quotidianum

974 449 1144 483 accipimus;
1160 449 1188 476 iu
1205 457 1301 484 regum
1317 454 1408 477 autem
1430 458 1529 478 arcana
1553 451 1678 479 curiosos
1690 452 1758 487 adji-

973 502 1038 523 cere
1051 495 1156 527 oculos.
1172 500 1200 524 et
1213 495 1373 523 abscondita
1390 496 1514 531 improbe
1528 497 1620 524 rimari
1633 517 1641 529 ,
1658 503 1758 532 praeter

975 547 1059 575 quam
1075 545 1156 575 captu
1167 547 1199 568 ac
1215 540 1344 568 facultate
1360 547 1452 568 nostra
1465 542 1553 577 majus
1562 541 1691 577 quiddam
1702 547 1756 573 est,

973 585 1057 613 etiam
1077 586 1200 620 periculo
1215 594 1269 614 non
1283 590 1371 614 vacat.
1387 586 1496 614 Absiste
1510 587 1593 622 igitur
1606 595 1620 615 a
1636 587 1755 620 talibus;

973 639 1037 659 nam
1051 631 1097 666 qui
1109 631 1152 659 vel
1167 639 1248 666 agere
1263 632 1306 660 vel
1326 632 1403 667 loqui
1425 640 1481 660 suae
1500 633 1568 660 sorti
1584 641 1638 661 non
1654 641 1757 661 conve-

974 676 1078 704 nientia
1093 675 1216 708 audebit,
1225 676 1337 704 omnino
1351 677 1471 711 patietur
1478 678 1551 712 quod
1564 678 1645 705 simio
1652 678 1756 706 evenit.

975 722 1079 750 Simius
1093 722 1177 755 enim,
1195 726 1225 749 ut
1241 723 1329 754 aiunt,
1343 721 1492 750 observans
1507 723 1656 758 aliquando
1670 723 1757 758 ligna-

975 771 1062 795 torem
1080 767 1190 794 dantem
1206 775 1318 802 operam
1336 772 1436 795 trunco
1451 767 1580 796 ﬁndendo
1601 769 1756 796 successive

974 814 1116 841 adactioue
1131 813 1248 841 duorum
1266 821 1429 846 cuneorum,
1453 822 1570 849 quorum
1594 822 1703 850 semper
1718 816 1758 842 al-

973 864 1062 886 terum
1075 867 1108 887 ex
1123 867 1155 886 ea
1175 863 1249 894 parte
1267 858 1314 886 tibi
1339 858 1482 886 laxabatur
1505 859 1646 887 diductius
1665 859 1734 886 rima
1748 879 1755 890 ,

975 904 1002 932 in
1015 905 1202 940 angustiorem
1219 909 1247 932 et
1263 905 1373 932 tenuius
1392 904 1514 932 hiantem
1540 904 1604 940 ligni
1631 905 1756 933 fissuram

974 949 1153 983 intrudebat;
1177 949 1272 984 sicque
1297 953 1395 977 trunco
1422 949 1546 977 insidens
1567 950 1602 977 ab
1627 958 1682 977 uno
1697 951 1757 986 ejus

974 996 1063 1030 capite
1078 995 1111 1023 ad
1124 995 1241 1022 alterum
1254 995 1355 1022 sensim
1372 995 1539 1030 procedebat
1556 1003 1564 1021 :
1577 995 1615 1029 id,
1633 996 1755 1030 inquam,

974 1041 1113 1068 admirans
1133 1040 1240 1072 simius,
1261 1041 1405 1075 explorare
1420 1040 1485 1075 quid
1509 1045 1638 1076 ageretur
1657 1041 1754 1068 voluit.

973 1087 1046 1122 Ergo
1066 1087 1140 1121 ligno
1153 1091 1180 1114 et
1201 1087 1257 1121 ipse
1278 1090 1340 1121 post
1355 1085 1463 1112 fabrum
1481 1086 1640 1122 incquitans
1664 1087 1756 1122 inspe-

973 1133 1065 1161 ctabat
1076 1133 1267 1163 attentissime,
1289 1131 1400 1166 quando
1417 1139 1480 1159 ecce
1495 1131 1701 1160 discedentibus
1717 1133 1757 1160 la-

974 1179 1029 1205 tius
1054 1178 1224 1213 segmentis,
1247 1177 1368 1212 fragmen
1397 1177 1536 1212 quoddam
1566 1177 1755 1204 acutissimqu

973 1223 1106 1251 curiosuli
1139 1231 1170 1250 se
1200 1223 1366 1257 genitalibus
1388 1221 1488 1249 inﬁxit.
1513 1222 1560 1250 ille
1584 1223 1756 1250 exanimatus

973 1269 1029 1297 acri
1046 1273 1146 1304 punctu
1161 1268 1265 1296 doloris
1284 1268 1415 1302 eiulatum
1433 1267 1510 1296 dedit
1525 1267 1684 1296 maximum.
1701 1268 1756 1295 Re-

973 1319 1101 1350 spectans
1113 1313 1146 1341 ad
1159 1321 1256 1341 sonum
1268 1313 1354 1345 faber,
1365 1313 1510 1341 molestum
1521 1313 1754 1348 interpellatorem

973 1361 1066 1396 operis
1089 1359 1174 1396 plagis
1199 1359 1308 1395 egregie
1331 1363 1490 1392 contusum,
1506 1359 1580 1387 calce
1595 1359 1690 1394 procul
1708 1359 1756 1386 ah-

970 1407 1047 1443 jecit.
1065 1406 1139 1434 Nihil
1161 1406 1252 1433 mitius
1275 1405 1414 1441 impendet
1427 1405 1477 1433 tibi
1503 1405 1674 1439 si,curiosus
1695 1413 1756 1434 esse

973 1460 1110 1525 “iiii.in
1121 1505 1152 1525 ea
1166 1496 1286 1532 reposuit
1297 1497 1449 1532 Vestigator
1461 1505 1468 1524 :
1478 1496 1538 1525 Iam
1552 1504 1681 1525 noveram
1695 1504 1756 1532 qum

139 1542 224 1569 trahit
244 1547 272 1570 ct
287 1542 407 1570 vicissim
422 1543 542 1570 trahitur
555 1551 571 1571 a
585 1543 684 1578 bestia,
701 1549 807 1573 tantum
824 1545 922 1582 fatiga.
934 1544 956 1573 (Ξ
973 1551 1083 1575 mones:
1101 1543 1148 1571 sed
1166 1548 1194 1570 ct
1207 1543 1273 1570 illud
1290 1543 1361 1574 scias
1381 1543 1477 1574 Velim.
1496 1549 1557 1570 esse
1575 1547 1666 1570 tamen
1687 1551 1756 1578 pne-

140 1593 184 1615 tns
205 1592 246 1615 est
257 1606 265 1619 ,
281 1592 312 1614 ut
326 1587 477 1616 subsistere
496 1593 652 1624 cogeretur,
676 1597 790 1625 pergere
805 1591 921 1620 ulterius

139 1641 193 1660 nou
207 1633 310 1661 valens.
335 1634 393 1668 ipse
410 1637 504 1661 taurus
523 1642 573 1669 pro
598 1636 780 1663 semimortua
795 1636 919 1668 relictus,

137 1678 238 1705 sensim
265 1683 377 1713 recepto
401 1679 500 1713 spiritu
527 1679 716 1714 progrediens,
741 1681 867 1715 pervenit
891 1681 918 1709 in

137 1733 264 1760 campum
282 1726 428 1753 herbosum
448 1725 572 1760 beneque
591 1725 734 1760 irriguum,
758 1726 802 1753 ubi
821 1728 920 1755 mansit

136 1771 280 1798 attendens
304 1771 403 1805 pastui.
421 1771 476 1798 Nec
497 1771 613 1798 multum
634 1771 661 1808 in
686 1771 777 1798 medio
801 1776 918 1806 tempus,

136 1824 198 1844 cum
216 1817 401 1851 impinguatus
414 1817 637 1851 incrassatnsque
653 1817 737 1851 coepit
754 1822 854 1845 terram
877 1818 918 1845 τοο

137 1863 202 1888 dare
216 1861 349 1888 cornibus
365 1867 392 1888 et
409 1861 528 1895 mugitus
541 1861 623 1888 cdere
635 1868 740 1889 acutos.
759 1863 921 1892 Diversaba—

138 1912 182 1934 tur
199 1911 290 1933 autem
305 1914 358 1933 non
379 1906 458 1940 longe
475 1906 541 1933 hinc
563 1907 606 1934 lco
622 1915 667 1934 rex
687 1908 852 1941 belluarum.
869 1919 919 1938 nu-

138 1960 274 1979 merosum
301 1952 373 1979 circa
395 1959 425 1979 se
452 1951 556 1979 habens
582 1953 740 1980 satellitium
767 1954 918 1983 bestiarum

137 1998 226 2024 omnis
239 1997 356 2031 generis.
370 1997 492 2024 Aderant
504 1997 576 2025 enim
588 1999 612 2025 ei
623 1999 717 2026 leones
731 2004 759 2026 ct
777 2001 844 2033 ursi,
860 2001 918 2037 lupi

137 2048 164 2069 et
181 2044 298 2076 lepores,
317 2041 394 2076 pardi
408 2046 437 2069 et
448 2042 554 2077 vulpes,
569 2043 646 2070 thocs
657 2048 684 2071 et
697 2044 916 2080 lycopanthcres,

137 2094 293 2122 caitvncquc
319 2087 459 2114 brutarum
482 2088 661 2116 animantium
687 2091 804 2125 species.
834 2092 919 2121 Porro

137 2135 179 2160 lco
193 2134 244 2160 istc
257 2141 290 2160 ex
307 2133 399 2160 servili
415 2133 584 2166 conditione,
597 2134 707 2162 fortuna
719 2137 837 2171 quadam
855 2146 921 2166 eve-

137 2184 197 2206 ctus
213 2179 245 2206 ad
265 2186 391 2213 regnum,
412 2178 484 2206 haud
502 2179 600 2214 dignus
619 2186 678 2208 erat
705 2181 752 2210 illo
768 2182 848 2216 loco;
870 2183 918 2211 sti-

974 1592 1079 1618 clarum
1092 1589 1217 1617 attollere
1237 1589 1384 1623 aliquando
1402 1589 1525 1615 animum
1543 1588 1578 1615 ab
1597 1588 1754 1616 humilitate

973 1640 1062 1664 status
1077 1635 1119 1662 sui
1132 1655 1140 1665 .
1160 1635 1320 1669 audereque
1343 1634 1466 1669 aspirare
1482 1634 1514 1661 ad
1533 1635 1657 1670 gloriam.
1678 1635 1756 1669 cujus

973 1682 1020 1717 qui
1038 1681 1106 1709 fiunt
1126 1686 1276 1716 compotes,
1292 1685 1320 1708 et
1345 1681 1440 1708 amicis
1463 1682 1593 1716 gaudium
1610 1686 1639 1708 et
1655 1681 1755 1709 invidis

974 1735 1118 1754 maerorem
1131 1727 1164 1754 de
1180 1735 1209 1754 se
1224 1730 1320 1754 creant
1333 1735 1340 1753 :
1356 1727 1429 1761 quod
1445 1726 1512 1761 quid
1529 1727 1712 1761 praestabilius
1723 1735 1756 1755 ac

975 1772 1080 1806 majus?
1097 1771 1262 1799 Pusiliorum
1288 1778 1372 1806 porro
1389 1775 1472 1805 atque
1496 1771 1572 1798 hnmi
1600 1772 1754 1807 repentium

973 1818 1127 1844 animorum
1142 1821 1193 1847 est.
1209 1821 1302 1844 tenere
1325 1823 1354 1844 se
1372 1816 1496 1852 angustis
1510 1815 1622 1849 finibus,
1638 1821 1754 1844 conten.

974 1867 1031 1891 tum
1052 1870 1112 1890 esse
1129 1862 1235 1890 modico
1250 1861 1322 1896 quod
1341 1861 1436 1893 adest.
1452 1861 1521 1890 nihil
1540 1862 1609 1889 ultra
1635 1862 1754 1890 ambire.

973 1910 1040 1937 Nam
1054 1914 1081 1936 et
1097 1909 1173 1936 canis
1190 1908 1244 1936 ossi
1264 1907 1420 1935 aridissimo
1434 1907 1506 1934 forte
1525 1908 1683 1935 occurrenli
1708 1916 1754 1935 ro-

973 1955 1063 1983 dendo
1082 1962 1178 1982 secure
1196 1954 1326 1986 accubat;
1343 1961 1439 1982 verum
1461 1953 1623 1982 excelsioris
1636 1953 1678 1980 vir
1694 1953 1752 1987 spi-

973 2002 1053 2033 ritus,
1069 2000 1244 2036 acquiescere
1267 1998 1389 2026 minimis
1411 1998 1566 2034 inﬂniisque
1579 1998 1753 2033 dedignatus,

974 2055 1137 2084 generosum
1153 2047 1179 2073 in
1193 2054 1222 2074 se
1243 2045 1322 2080 digna
1347 2044 1536 2080 persequenda
1555 2044 1688 2078 impetum
1704 2052 1753 2072 ex-

973 2094 1058 2130 pedit,
1076 2093 1150 2120 velut
1168 2093 1209 2118 Ico
1223 2099 1341 2125 sequens
1357 2091 1489 2124 leporem.
1507 2090 1528 2118 si
1554 2090 1644 2117 obiter
1664 2097 1752 2117 carnes

972 2139 1016 2168 ius
1027 2137 1188 2168 occurrerit,
1201 2137 1262 2163 huic
1275 2136 1367 2165 instat.
1379 2135 1476 2170 pusilla
1486 2135 1574 2170 praeda
1586 2140 1753 2170 contempta.

973 2184 1014 2213 An
1036 2183 1125 2210 nescis
1149 2188 1244 2209 canem
1262 2180 1372 2214 quidem
1388 2179 1480 2206 caudzr
1504 2179 1661 2207 adulatricis
1679 2184 1753 2206 motu

137 2224 252 2258 gniatias
266 2223 455 2258 etpcrforatus
470 2232 560 2258 nares;
576 2225 656 2260 plane
671 2226 791 2261 degener
805 2215 917 2262 quidam
933 2215 958 2246 D
971 2229 1064 2257 servili
1076 2248 1083 2259 ,
1102 2234 1199 2262 pauent
1223 2226 1356 2253 cibarium
1377 2225 1524 2255 cblandiri.
1547 2232 1631 2259 seque
1657 2230 1753 2260 putare

137 2277 289 2304 expersque
313 2269 432 2297 consilii.
457 2269 507 2297 llic
531 2271 634 2298 auditis
661 2273 733 2299 tauri
760 2274 921 2308 mugitibus,

139 2316 198 2342 soni
223 2316 338 2343 minacis
361 2316 534 2344 vehementia
557 2318 699 2352 perculsus
718 2320 816 2347 misere
838 2321 922 2356 cmpit

137 2365 252 2388 tenuare
269 2360 412 2395 frangique
429 2361 521 2389 animo
535 2370 542 2394 ς
568 2362 742 2390 dissimulare
767 2369 856 2391 tamen
874 2374 923 2392 cu-

138 2407 208 2433 ravit
219 2406 391 2433 fnrinidznem
404 2406 570 2441 pudendam.
586 2415 620 2434 ne
631 2409 835 2436 venerationem
849 2411 921 2444 apud

137 2459 204 2478 suos
217 2450 324 2478 detecta
339 2450 446 2485 ignavia
466 2451 606 2486 perderet.
624 2452 704 2480 Stetit
722 2454 806 2489 igitur
822 2463 878 2482 unn
893 2456 920 2483 in

137 2497 197 2523 loco
217 2495 375 2524 immobilis.

174 2541 216 2568 ΙΙΙ.
240 2541 415 2576 Apparebant
428 2546 519 2570 autem
541 2542 566 2569 ei
588 2542 720 2571 familiari
740 2551 920 2574 accensorum

138 2587 292 2614 ministerio
305 2587 383 2614 thoes
399 2587 464 2620 duo,
484 2595 603 2621 quorum
618 2588 696 2616 alteri
711 2589 861 2623 Coronato,
878 2591 919 2618 al-

138 2633 189 2660 teri
208 2632 370 2667 Vcstigatori
394 2640 494 2660 nomen
509 2637 569 2660 erat
583 2642 590 2660 :
604 2634 709 2661 versuti
733 2635 815 2663 ambo
831 2642 859 2664 et
874 2645 920 2665 so-

139 2679 238 2710 lertes;
254 2679 302 2706 sed
319 2677 472 2713 Vestigator
488 2679 636 2713 aliquando
652 2681 769 2708 astutior
786 2683 919 2718 pravique

138 2725 230 2755 animi.
247 2723 365 2751 naturali
382 2723 499 2758 ﬂagrans
513 2724 650 2752 desiderio
666 2733 709 2752 res
725 2733 820 2754 omnes
833 2735 918 2762 usque

139 2769 168 2795 id
185 2769 310 2796 intimum
325 2769 477 2796 scrutandi.
493 2768 517 2795 is
531 2774 595 2796 tunc
607 2770 742 2797 Coronato
755 2772 832 2805 dixit,
849 2773 920 2806 Quid

138 2813 269 2846 dicamus,
285 2821 301 2840 ο
315 2813 415 2841 sodalis
429 2833 436 2846 ,
452 2821 513 2841 esse
528 2821 618 2841 causa!
634 2822 684 2841 cur
704 2815 748 2842 hic
763 2816 807 2843 lco
825 2823 919 2844 noster

139 2859 265 2886 dominus
279 2859 456 2887 immobilitcr
475 2860 583 2888 dctixus
597 2865 695 2895 prater
711 2870 814 2890 morem
826 2863 919 2890 obtor-

973 2274 1088 2301 heatum
1104 2273 1126 2299 si
1145 2276 1241 2299 nactus
1256 2271 1325 2298 forte
1348 2271 1400 2303 sit;
1427 2277 1555 2303 magnum
1579 2274 1674 2297 contra
1695 2271 1753 2302 ele-

975 2319 1103 2353 phantem
1130 2316 1270 2344 fastidiose
1294 2315 1438 2343 admittere
1461 2315 1548 2342 bonos
1570 2315 1653 2343 etiam
1680 2317 1753 2343 ultro

973 2363 1080 2390 oblatos
1094 2362 1182 2393 cibos,
1198 2369 1249 2388 nec
1265 2361 1317 2388 nisi
1339 2361 1452 2395 supplici
1472 2361 1516 2388 vix
1532 2359 1640 2387 tandem
1661 2368 1751 2387 assen-

974 2408 1077 2436 tatioue
1101 2411 1246 2434 exoratum
1271 2406 1304 2432 ad
1328 2406 1494 2433 vescendum
1522 2405 1642 2432 adduci?
1662 2407 1753 2441 Apage

972 2453 1097 2480 sordidas
1120 2452 1260 2487 angustias
1280 2451 1435 2478 constricta:
1458 2451 1484 2478 in
1506 2456 1613 2478 arctnrn
1634 2452 1752 2483 mentis,

973 2499 1042 2526 nihil
1057 2499 1128 2527 ultra
1140 2499 1324 2525 necessarium
1337 2497 1490 2525 ail'ectantis
1505 2505 1584 2524 nsum
1601 2506 1609 2524 :
1626 2505 1668 2524 me
1678 2501 1752 2532 jnu-l

973 2543 1098 2579 adipisci,
1120 2551 1201 2578 supra
1220 2548 1320 2570 sortem
1338 2543 1497 2574 crescendo,
1515 2542 1587 2570 unde
1601 2550 1662 2570 cum
1676 2547 1752 2570 satur

972 2589 1044 2616 domi
1061 2589 1139 2617 fuero
1153 2589 1179 2616 in
1197 2589 1264 2615 alios
1280 2587 1430 2620 effundam,
1441 2595 1507 2615 aura
1525 2588 1687 2615 mulcendus
1703 2596 1752 2623 po-

974 2634 1073 2668 pulari.
1090 2633 1148 2661 lioc
1163 2633 1213 2660 viri
1229 2637 1271 2660 est
1283 2633 1457 2668 magnanimi,
1471 2633 1597 2660 sublimia
1613 2634 1752 2664 teutantis.

974 2679 1115 2706 liberalis:
1131 2686 1212 2713 quem
1229 2678 1280 2706 etsi
1298 2686 1378 2706 casus
1410 2683 1474 2705 ante
1497 2683 1604 2714 tempus
1624 2679 1752 2713 prmelara

973 2730 1117 2752 conantem
1148 2725 1236 2752 fatalis
1265 2725 1412 2754 afllixerit.
1439 2725 1533 2759 perdiu
1559 2730 1648 2752 tamen
1674 2732 1752 2760 vntgn

973 2772 1074 2799 vixisse
1087 2775 1243 2803 censeatur,
1260 2775 1365 2798 tantum
1389 2771 1554 2806 atljnngente
1570 2771 1640 2798 fama
1665 2771 1751 2806 spatia

973 2817 1083 2844 \‘ivcndi
1099 2821 1233 2851 quantum
1257 2817 1398 2843 calamitas
1416 2816 1573 2843 detraxerit.
1594 2816 1640 2843 Isti
1661 2822 1751 2844 autem

971 2871 1039 2898 quos
1052 2870 1149 2890 narras
1159 2862 1297 2896 minutuli,
1306 2862 1507 2897 circumspecti,
1518 2863 1622 2897 trepide
1631 2863 1684 2890 obn
1696 2864 1752 2896 :xii,
