1913 3068
159 150 226 182 1231

869 156 1070 189 APPENDIX.

1723 163 1801 195 12:9

156 211 190 238 ad
204 218 313 238 omnem
349 216 454 239 motum
479 212 536 240 tolli
561 217 702 248 paventes,
719 215 771 242 sini
792 214 856 242 honi
873 215 946 248 unis.
963 219 984 248 Α
1000 221 1063 252 ptus
1079 224 1112 244 ac
1125 216 1220 250 sortis,
1238 216 1320 253 friget
1338 218 1412 252 apud
1428 218 1572 248 audientes
1588 224 1616 248 et
1633 222 1796 254 spernitur.

156 256 254 282 vivunt
272 256 380 290 inglorii
397 263 425 285 et
439 258 547 285 etim-tis
564 258 748 293 ignorabiles;
762 260 806 287 vel
821 260 843 286 si
859 268 946 288 anno-

157 310 219 328 rum
235 310 380 329 nuinerum
401 311 416 330 a
449 305 515 330 la-va
536 305 725 338 promorerint
742 307 775 332 ad
794 305 947 339 dexteram,

158 348 186 375 in
204 348 346 382 decrepito
362 349 427 376 licet
444 350 534 381 senio,
553 351 622 377 mori
641 351 749 385 pueruli
769 352 908 379 videntur.

193 393 226 420 V.
242 392 370 420 Occurrit
395 393 438 420 his
459 399 555 421 contra
572 394 735 427 Coronatus,
755 395 788 422 Et
812 396 875 427 ista,
901 395 945 423 in-

156 439 265 474 quiens,
279 447 339 473 qua:
354 439 524 472 declamasti,
535 448 586 467 nos
596 449 716 476 quoque.
735 449 751 468 ο
765 442 847 473 bone,
863 449 948 469 nove-

157 493 270 518 ramus;
290 490 421 513 eaeterum
444 487 483 514 sic
507 487 588 519 habe,
610 495 688 514 suam
712 495 773 514 esse
793 487 947 522 unicuique

157 531 335 559 constitutam
362 539 521 559 mensuram
549 533 683 560 claritatis
701 537 784 565 atque
806 533 945 560 fortunae:

157 586 243 613 quare
255 578 301 612 qui
322 579 394 605 inter
410 578 560 606 honoratos
577 583 606 605 et
620 579 679 612 ipse
695 578 800 605 honore
820 578 948 613 dignatus

159 625 257 659 fulget,
273 629 347 652 recte
360 625 412 651 sibi
429 631 460 651 ac
475 632 531 651 stite
543 624 627 660 quieti
646 625 826 654 consuluerit.
845 625 868 652 si
882 632 946 659 pru-

159 670 274 704 riginem
294 670 466 697 ambitiosam
484 670 645 705 assurgendi
661 670 742 697 altius
757 677 944 704 compescens,

159 715 187 742 iii
203 723 253 742 stto
268 715 363 742 sedeat
385 715 471 750 gradu
501 717 676 750 tranquillus.
701 715 772 749 Quid
800 723 866 750 ergo
894 722 946 742 nos

159 761 234 788 aliud
250 768 418 796 qnairamiis,
428 762 475 796 qui
490 762 571 788 ambo
583 762 694 796 gratiosi
707 763 778 797 apud
791 762 945 797 principem

160 807 187 834 in
206 807 296 841 amplo
322 807 474 834 ministerio
498 808 659 834 versamur?
683 807 733 835 Cui
759 808 811 835 hoc
833 815 888 835 non
905 814 947 836 est

159 853 236 884 satis,
253 852 322 879 nihil
340 853 467 881 sulﬁciet.
493 853 576 887 Atqui
590 873 597 884 ,
612 853 650 880 ait
665 853 831 887 Vestigator,
847 862 945 880 omnes

160 899 229 925 aiilie
244 907 274 926 ac
292 899 368 932 regni
388 919 394 930 ,
412 899 530 933 vitaeque
547 899 616 926 adeo
634 907 665 926 ac
683 899 777 926 mundi
799 900 946 934 dignitates

160 945 187 972 in
204 952 349 971 commune
365 949 557 979 proponuntur
571 945 684 979 praemia
700 946 873 977 merentium.
886 945 946 972 fru-

161 996 222 1018 ctus
248 990 420 1018 audentium.
447 990 541 1025 Itaque
568 995 697 1026 tauquam
722 991 755 1018 ad
780 991 895 1026 palmam
919 993 946 1018 in

160 1036 251 1063 medio
269 1036 386 1071 pesitam
405 1037 450 1071 jus
471 1037 671 1072 arbitriumque
694 1038 794 1072 cuique
819 1042 862 1065 est
883 1045 948 1065 cur—

161 1083 239 1110 reiidi
261 1087 289 1110 et
312 1083 477 1117 experiundi
503 1083 568 1117 quid
595 1083 692 1118 possit.
724 1084 762 1111 Er
789 1084 948 1111 discrimine

161 1136 244 1163 porro
259 1129 385 1163 generosi
401 1133 428 1156 et
443 1129 532 1164 ignavi
549 1129 654 1164 patebit
671 1129 760 1156 utrius
775 1129 853 1157 alteri
876 1137 947 1164 prat-

160 1175 279 1208 optanda
295 1175 415 1202 conditio
429 1175 464 1202 sit
487 1183 494 1201 :
519 1183 669 1210 generosus
686 1183 795 1209 semper
811 1175 946 1207 asreiidit,

161 1220 277 1253 ignavus
297 1219 428 1247 continue
445 1227 473 1247 se
491 1219 631 1254 depriutit.
648 1219 715 1246 Cum
736 1225 839 1251 autem.
856 1224 885 1246 iit
899 1227 947 1254 pa-

160 1265 214 1291 lam
227 1269 278 1296 est.
293 1264 410 1292 arduum
428 1265 650 1300 laboriosumqiic
664 1265 699 1292 sit
714 1265 741 1291 in
756 1265 873 1292 sublime
888 1265 948 1298 niti,

161 1311 321 1338 faci'liiniim
336 1319 403 1338 vero
419 1319 450 1338 ac
462 1319 576 1346 pronum
593 1312 719 1338 deorsum
734 1312 855 1344 tendere,
868 1319 949 1339 nemo

162 1365 214 1383 non
234 1357 308 1383 ridet
334 1361 438 1391 quanto
468 1358 642 1392 prmstaiitius
667 1357 888 1392 laudabiliusqu
914 1359 949 1384 sit

161 1409 303 1435 emergere
318 1403 345 1428 in
362 1402 458 1433 altum,
473 1410 504 1429 ac
524 1410 637 1437 surgere
656 1403 764 1435 conari,
779 1411 859 1437 quam
876 1403 948 1429 desi-

134 1473 136 1475 ,
161 1447 226 1474 dere
244 1447 381 1481 patienter
396 1448 423 1474 iii
441 1447 546 1475 infimo.
564 1449 649 1483 Igitur
665 1448 727 1483 quis
747 1448 856 1476 dubitet
869 1449 948 1483 sequi

161 1499 299 1526 quemque
322 1493 422 1520 debere
443 1493 516 1527 quod
535 1501 596 1520 esse
618 1497 727 1520 constat
749 1493 947 1523 excellentius.

161 1545 267 1572 nosque
281 1538 350 1565 adeo
366 1538 429 1565 vilis
453 1539 559 1565 inertim
583 1539 765 1571 damnandos,
791 1539 813 1566 si
834 1538 948 1566 modicis

162 1583 360 1611 indorniiamus
385 1584 417 1610 a-l
433 1592 527 1619 magna
543 1584 661 1611 invitati.
676 1584 809 1619 Equidem
823 1584 948 1619 arripere

161 1629 290 1656 constitui
308 1631 479 1657 occasionem
497 1630 640 1657 crescendi
656 1638 737 1665 quam
754 1630 898 1665 benignam
909 1631 950 1658 01⁵-

162 1676 215 1703 fert
231 1677 280 1702 ista
296 1676 412 1703 formido
423 1676 525 1703 domini
543 1676 641 1710 leonis,
654 1682 682 1703 et
696 1682 749 1703 tam
767 1676 854 1711 ipsius
866 1685 947 1711 quam

161 1722 283 1749 cohortis
298 1730 328 1749 :ic
344 1723 491 1749 comitatus
509 1723 630 1749 universi
649 1726 731 1749 aestus
754 1728 836 1757 atque
861 1723 950 1749 incer-

163 1767 251 1794 titudo
267 1768 387 1795 consilii.
407 1768 490 1798 Adire
516 1768 590 1794 illum
615 1768 692 1802 juvat
715 1772 743 1794 et
764 1768 951 1802 percontando

161 1813 263 1840 elicere
280 1813 345 1847 quid
362 1813 473 1847 Cogitet.
500 1812 568 1845 Quis
590 1813 641 1839 scit
663 1813 736 1839 enim
762 1820 797 1839 an
816 1821 870 1838 non
887 1812 950 1839 inde

163 1859 230 1885 milii
250 1860 326 1886 nasci
356 1860 549 1893 opportunitas
568 1859 656 1893 possit
689 1866 767 1886 nevae
797 1859 949 1894 ciijiispiain

162 1905 304 1939 dignitatis
324 1904 512 1938 impetrandae.

198 1951 241 1978 Vl.
258 1950 336 1977 Unde
351 1955 452 1981 autem,
477 1950 601 1985 reposuit
619 1949 783 1982 Coronatus,
800 1950 854 1982 die.
874 1957 949 1976 aina-

163 1995 211 2027 bo,
230 1995 278 2021 tibi
300 1999 417 2026 constat,
435 1999 563 2027 aestuare,
580 1999 609 2022 ut
621 1995 672 2026 ais.
689 1999 717 2021 et
733 1995 880 2022 tormidare
898 2003 950 2022 no-

165 2044 251 2067 strum
265 2039 495 2074 regenﬂNempe,
510 2040 599 2074 inquit
610 2040 775 2074 Vestigator.
785 2041 845 2075 ejus
865 2039 950 2067 animi

165 2093 262 2113 sensus
275 2087 390 2113 intimus
410 2085 475 2112 mihi
501 2086 619 2120 pellucet
634 2092 666 2112 ex
691 2085 786 2112 habitu
810 2091 839 2113 et
862 2087 950 2113 vultu.

165 2134 280 2162 Solertis
306 2133 409 2168 quippe
439 2141 469 2160 ac
485 2133 591 2161 ratione
619 2141 674 2161 non
695 2133 796 2160 frustra
829 2134 951 2169 praedita!

165 2179 266 2206 utentis
281 2183 323 2206 est
341 2186 439 2205 arcana
454 2187 487 2206 ex
509 2179 706 2214 apparentibus
723 2179 875 2213 intelligere
886 2200 893 2211 ,
907 2180 951 2206 ul-

998 262 1043 289 Sit
1060 263 1094 289 ita
1115 269 1191 293 sane.
1212 263 1356 298 respondit
1369 263 1534 295 Coronatus.
1564 265 1659 293 vineas
1692 274 1799 294 omnes

997 308 1108 344 ingenio
1124 309 1190 335 dum
1208 308 1360 343 disputabis
1386 317 1478 336 coram
1503 318 1566 346 rege
1579 319 1586 338 z
1600 318 1634 337 an
1654 317 1681 338 tu
1709 318 1798 346 putas

997 355 1085 382 solere
1110 355 1248 389 principes
1273 356 1399 390 amplecti
1415 364 1522 383 summo
1538 357 1632 384 favore
1648 363 1791 391 praestan-

998 400 1132 427 tissimum
1160 401 1322 436 quemque?
1347 402 1428 436 Atqui
1446 403 1493 430 viti
1521 403 1561 429 illi
1579 409 1645 430 sunt
1671 404 1793 437 similes,

997 454 1057 481 quae
1072 447 1207 481 pampinis
1234 447 1291 474 suis
1306 447 1390 482 cingit
1417 455 1448 475 ac
1463 448 1572 484 stringit
1591 457 1644 476 non
1664 449 1792 483 optimas

997 492 1138 522 arborum.
1152 492 1198 518 sed
1212 493 1361 527 proximas.
1379 493 1498 520 Favores
1514 493 1586 528 regis
1599 494 1653 521 illis
1670 502 1790 522 servan-

998 542 1054 568 tur,
1077 537 1124 571 qui
1153 537 1251 564 intimo
1270 538 1320 572 ipsi
1339 537 1527 572 diuturnoque
1557 540 1684 566 convictu
1709 547 1791 567 com-

998 582 1130 613 mendati,
1148 582 1333 616 praeferuntur
1350 583 1468 615 cunctis,
1484 584 1643 618 prejudicie
1662 584 1787 618 quodam

998 629 1118 662 antiqua:
1130 627 1323 654 familiaritatis
1339 636 1346 655 :
1361 636 1375 654 a
1396 636 1449 663 qua
1467 634 1495 655 tu
1512 637 1573 656 cuiu
1590 629 1669 663 longe
1693 630 1789 656 hacte-

998 680 1049 699 iius
1064 672 1200 704 abfueris.
1234 680 1323 700 novus
1338 673 1442 700 scilicet
1454 673 1525 705 istic.
1540 675 1624 700 etiam
1640 682 1691 708 pro
1707 675 1788 710 igne-

998 722 1025 745 to
1051 717 1229 753 negligendus
1257 718 1411 752 apparebis.
1439 718 1478 745 Ad
1498 727 1529 746 ea
1546 719 1709 755 Vestigamr.
1729 721 1789 748 Nec

999 762 1119 789 inaudita
1148 762 1226 794 mihi.
1254 770 1304 789 nec
1333 763 1410 794 falsa,
1442 764 1549 797 inquit.
1577 765 1707 798 disseris;
1732 773 1787 793 cie-

998 812 1098 840 terum,
1116 812 1145 835 et
1166 807 1232 834 illud
1255 808 1317 834 novi
1335 808 1411 839 istos.
1434 815 1504 842 quos
1528 817 1623 836 narras
1639 811 1695 844 regi
1722 818 1788 837 esse

999 853 1121 885 intimos,
1138 849 1256 888 primum
1277 853 1423 887 aliquando
1440 854 1472 880 ad
1497 861 1561 881 eum
1579 863 1719 882 accessum
1737 856 1789 882 ha-

961 891 982 920 Β
997 898 1100 929 bilisse,
1126 905 1265 932 nunquam
1279 902 1359 924 antea
1382 899 1466 929 visos.
1480 903 1507 925 et
1519 907 1552 925 ex
1578 899 1675 927 humili
1696 900 1730 926 ad
1747 901 1786 927 il-

997 945 1051 972 lam
1079 944 1263 979 dignationem
1276 948 1386 971 evectos
1404 953 1412 970 :
1428 944 1524 978 quidni
1544 949 1572 971 et
1588 953 1638 980 ego
1653 946 1786 973 inchoem

997 997 1072 1024 spem
1093 989 1185 1021 istam,
1212 993 1238 1016 et
1259 996 1331 1015 unus
1353 989 1438 1016 exiis
1455 989 1573 1016 evadere
1604 992 1786 1023 contendam.

998 1035 1044 1069 qui
1057 1035 1190 1069 deinceps
1205 1035 1389 1061 familiaritate
1401 1035 1531 1070 principis
1540 1036 1690 1063 honorandi
1700 1041 1767 1064 sunt
1777 1038 1791 1064 Τ

998 1080 1066 1108 Νονί
1093 1085 1184 1107 autem
1209 1084 1237 1107 et
1267 1087 1318 1114 ego
1333 1080 1491 1106 methodnm
1522 1080 1632 1115 regibus
1659 1082 1789 1115 placendi

998 1125 1141 1160 prarceptis
1166 1124 1240 1151 hisce
1255 1125 1336 1159 vulgo
1352 1125 1509 1152 celebribus
1531 1129 1689 1152 contentam
1708 1134 1715 1152 :
1733 1125 1789 1152 Fa-

999 1177 1070 1199 stiun
1103 1171 1204 1204 abjice,
1224 1171 1290 1197 iram
1316 1171 1417 1202 domn.
1445 1171 1638 1198 contumeliam
1669 1171 1790 1203 sustine.

999 1218 1106 1243 cunctis
1119 1216 1195 1243 cede.
1221 1216 1282 1243 Haec
1296 1216 1448 1243 observans
1467 1216 1613 1243 insinuabo
1629 1224 1672 1243 me
1686 1217 1742 1244 cito
1759 1218 1790 1244 in

999 1263 1114 1297 gratiam
1133 1262 1275 1297 principis.
1298 1263 1354 1297 Age
1375 1270 1461 1293 sane.
1488 1263 1640 1290 Coronatiis
1666 1264 1789 1298 reponit.

1000 1309 1070 1344 [iuge
1087 1317 1159 1336 nunc
1172 1310 1291 1343 primum
1307 1314 1333 1336 te
1347 1309 1454 1336 admitti
1476 1309 1510 1336 ad
1525 1318 1703 1345 eongreswm
1718 1319 1791 1346 quu—

1001 1354 1134 1381 tidiauuin
1146 1354 1250 1381 domini
1267 1355 1366 1386 leonis,
1391 1355 1530 1389 quomodo
1546 1362 1570 1382 te
1584 1364 1665 1390 geres
1682 1362 1710 1383 ut
1725 1358 1790 1392 ejus

1002 1400 1050 1427 tibi
1064 1401 1194 1428 concilies
1211 1401 1353 1428 amorem?
1370 1401 1474 1433 Dicam,
1493 1402 1584 1436 inquit
1602 1402 1757 1438 Vestigalor
1780 1414 1787 1430 ε

1002 1447 1137 1481 principio
1154 1454 1313 1481 periioscam
1328 1447 1446 1473 indolem
1463 1448 1523 1482 ejus
1537 1456 1568 1474 ac
1581 1454 1717 1481 naturain,
1731 1457 1788 1484 quo

1002 1493 1124 1525 inclinet,
1141 1493 1214 1520 unde
1228 1493 1376 1520 abhorreat
1393 1502 1400 1526 ;
1420 1498 1476 1520 tum
1489 1495 1710 1522 animam-oriens
1724 1504 1790 1530 prn-

1001 1539 1122 1574 pendere
1135 1539 1223 1574 ipsum
1240 1539 1271 1565 ad
1287 1538 1500 1573 aggredieiidum
1515 1540 1618 1574 aliquid
1636 1541 1721 1573 utile,
1736 1541 1787 1569 ad-

999 1585 1062 1612 dam
1084 1585 1210 1612 stimiilos
1232 1585 1365 1615 currenti,
1384 1591 1548 1619 magnopere
1561 1589 1657 1612 auctor
1680 1586 1743 1614 tiam
1761 1587 1787 1614 id

1001 1632 1096 1667 agendi
1125 1632 1198 1666 quod
1221 1632 1288 1663 vult,
1313 1639 1478 1658 enumerans
1499 1633 1537 1659 rei
1557 1633 1709 1663 commoda,
1727 1641 1790 1667 quae

1001 1678 1047 1705 ubi
1065 1678 1119 1705 voti
1140 1686 1251 1712 compos
1266 1679 1431 1713 perceperit.
1456 1686 1500 1705 me
1519 1679 1652 1710 laudabit,
1670 1679 1708 1705 uti
1723 1687 1790 1714 pro-

1001 1722 1112 1754 vidum,
1134 1723 1255 1757 ii-iliiqiie
1276 1727 1416 1750 assueseet
1431 1723 1537 1754 ﬁdere;
1554 1724 1664 1757 quando
1694 1729 1788 1751 autem

1001 1775 1156 1802 cognovero
1173 1768 1262 1800 ipsum
1275 1768 1378 1802 aliquid
1391 1769 1467 1795 exitu
1486 1769 1597 1795 noxium
1610 1773 1727 1801 tentare,
1737 1769 1787 1796 de-

1003 1812 1142 1843 liortabor,
1172 1813 1324 1846 perieulum
1339 1813 1517 1845 denuntians,
1542 1813 1589 1840 sed
1605 1814 1702 1840 blande
1718 1814 1787 1842 illud

1001 1857 1152 1892 dextroque
1175 1858 1284 1888 faciam.
1301 1862 1330 1884 ut
1343 1858 1523 1886 oﬂ'ensionein
1543 1859 1638 1886 vitem.
1668 1859 1715 1887 Sic
1744 1868 1789 1887 as-

1001 1908 1146 1931 secuturus
1157 1904 1296 1934 videor,iit
1309 1911 1351 1930 me
1362 1904 1405 1930 leo
1421 1908 1504 1934 amet.
1521 1904 1634 1938 aliisque
1648 1905 1787 1939 praeferat.

1000 1949 1235 1982 Quemadmodum
1254 1949 1327 1975 enim
1347 1949 1446 1983 passim
1464 1949 1593 1976 homines
1618 1950 1727 1984 pictura
1739 1952 1789 1977 de-

1001 1995 1148 2025 lectantur.
1167 2000 1293 2022 naturam
1308 2000 1367 2022 arte
1377 1995 1570 2026 adumbrante,
1585 2003 1688 2030 resque
1703 1997 1741 2023 uti
1758 2005 1788 2024 se

1003 2041 1105 2067 habent
1132 2040 1282 2067 exliibente
1303 2041 1402 2071 oculis.
1419 2040 1455 2067 ita
1473 2041 1614 2075 principes
1630 2047 1696 2075 puto
1721 2050 1789 2077 gauo

1002 2086 1067 2114 dere
1098 2086 1242 2120 colloquiis
1264 2093 1373 2115 eorum.
1388 2086 1434 2121 qui
1451 2091 1590 2113 momenta
1614 2088 1788 2120 negotiorum

1003 2131 1192 2166 ancipitesque
1213 2135 1368 2165 coeptorum
1389 2131 1499 2164 exitus.
1518 2132 1586 2167 ipsis
1604 2132 1697 2166 qualia
1723 2140 1789 2161 sunt

1003 2185 1129 2204 sermone
1155 2181 1364 2210 represents".
1383 2185 1415 2205 ac
1445 2178 1524 2212 quasi
1546 2178 1675 2213 ﬁgurare,
1692 2180 1790 2214 provi-

166 2229 263 2259 traque
283 2224 456 2258 superﬁciem
471 2225 637 2259 conjectura:
663 2225 746 2252 ductu
762 2226 795 2252 ad
820 2226 950 2260 introspi-
967 2230 988 2257 ι)
1002 2222 1091 2249 dendo
1106 2222 1355 2256 premonendoque
1369 2227 1443 2257 grate
1459 2228 1573 2250 norunt.

165 2270 295 2296 ciendum
311 2269 370 2296 niti.
389 2269 428 2296 Ad
452 2277 484 2296 ea
508 2269 672 2302 Coronatus,
689 2270 728 2297 Tu
747 2278 823 2301 vero,
852 2271 951 2305 inquit.

164 2323 220 2351 quo
237 2316 413 2343 fundamento
429 2323 523 2350 speras
541 2316 705 2350 adepturum
721 2323 746 2343 te
762 2316 877 2351 gratiam
892 2318 951 2344 leo-

165 2361 219 2392 nis.
238 2361 306 2388 nihil
323 2361 348 2388 ei
366 2368 485 2395 unquam
505 2361 645 2395 praecipuo
663 2361 755 2387 studio
768 2362 948 2397 gratiﬁcatus,

165 2415 255 2442 neque
270 2411 358 2434 artem
373 2406 477 2434 callens
493 2407 566 2434 illam
591 2407 772 2441 multiplicem
788 2416 820 2435 ac
836 2409 950 2443 spissam

165 2451 314 2479 deliiiiendi
331 2458 457 2478 sermone
475 2459 570 2484 regum
585 2452 692 2478 animos
705 2471 712 2484 ,
727 2459 904 2486 amoremque
919 2453 952 2479 il-

165 2498 255 2525 lorum
274 2497 338 2524 inte
351 2497 478 2524 vertendi
497 2506 504 2524 :
521 2498 621 2532 quippe
636 2497 682 2532 qui
712 2505 763 2524 nec
781 2498 814 2524 iis
831 2505 846 2525 a
865 2505 951 2532 puero

166 2543 204 2570 sis
219 2543 341 2570 imbutus
356 2543 514 2578 disciplinis
532 2550 600 2578 quas
614 2550 676 2570 cum
694 2543 833 2578 principes
843 2544 951 2571 liberali

165 2589 329 2616 educatione
355 2588 553 2622 perceperint.
584 2589 611 2615 in
630 2589 662 2616 iis
685 2589 768 2615 etiam
807 2589 952 2623 requirunt

166 2640 284 2668 quorum
294 2633 418 2660 familiari
430 2633 630 2660 consuetudine
647 2641 675 2660 se
687 2634 784 2660 ambiri
801 2634 951 2667 patiantur.

167 2679 244 2706 Mitte
260 2679 311 2706 ista
331 2686 466 2713 quaerere.
485 2679 636 2713 Vrsiigator
656 2680 703 2709 ait.
720 2679 808 2705 dextri
824 2680 897 2705 enim
924 2684 952 2706 et

167 2725 309 2760 przesentis
334 2725 436 2759 ingenii
467 2725 509 2751 vir
533 2725 611 2751 facile
638 2724 664 2751 in
691 2725 790 2751 talibus
815 2725 951 2752 defectum

168 2768 340 2795 educationis
353 2768 472 2802 supplet,
490 2769 578 2802 perite
595 2769 757 2796 disserendo
774 2770 892 2796 naturali
906 2771 952 2805 ju-

166 2813 238 2838 dicio
259 2811 292 2837 de
303 2812 347 2839 his
360 2820 421 2846 quas
435 2820 489 2838 non
506 2812 603 2839 didicit
619 2815 644 2839 iii
659 2814 760 2840 scholis
778 2823 784 2840 :
802 2814 848 2848 qui
861 2821 951 2842 autem

169 2856 231 2881 talis
245 2863 298 2882 non
319 2861 361 2883 est
373 2877 380 2886 .
394 2858 417 2883 is
433 2857 515 2884 etiam
532 2863 694 2888 argumenta
716 2862 835 2885 tractans
849 2859 890 2886 sui
905 2867 952 2886 ca-

1041 2267 1095 2294 νη.
1115 2267 1183 2294 Tum
1198 2267 1362 2297 Coronatus.
1377 2268 1605 2303 Quandoquidem
1621 2269 1718 2302 istius.
1739 2271 1789 2302 ait,

1003 2313 1112 2341 consilii
1128 2318 1222 2341 certus
1237 2321 1277 2343 es.
1292 2322 1376 2341 unum
1390 2319 1416 2340 te
1434 2314 1589 2341 admonebo
1604 2324 1611 2341 :
1629 2323 1726 2351 magna
1739 2317 1788 2343 tilii

1002 2367 1074 2394 opus
1089 2359 1180 2393 vigilia
1195 2359 1333 2386 cautionis
1350 2379 1357 2390 .
1375 2360 1471 2394 utique
1488 2360 1628 2389 inchoanti
1648 2362 1789 2396 negotium

1003 2405 1161 2440 ambiguum
1189 2405 1337 2439 multaeque
1363 2405 1512 2432 obnoxium
1542 2407 1662 2434 invidiae.
1689 2408 1789 2435 Audivi

1003 2451 1137 2485 scriptum
1153 2458 1214 2477 esse
1233 2452 1260 2477 in
1281 2451 1360 2477 libris
1374 2452 1530 2486 sapientum
1543 2452 1624 2479 eﬂiita
1641 2453 1789 2480 rciereuti-

1003 2497 1065 2527 bus.
1082 2497 1133 2523 tria
1147 2496 1272 2530 quadam
1285 2504 1348 2523 esse
1364 2505 1424 2531 qua:
1438 2505 1519 2524 nemo
1534 2498 1654 2533 prudens
1671 2497 1789 2525 libenter

1004 2542 1189 2576 aggrediatur,
1206 2549 1286 2569 nemo
1303 2549 1448 2576 aggressus
1468 2542 1578 2570 innoxie
1595 2543 1695 2570 obierit
1709 2552 1716 2570 :
1732 2549 1789 2570 tra-

1003 2593 1079 2614 ctare
1096 2587 1192 2614 intimc
1217 2595 1280 2613 cum
1296 2588 1434 2622 principe.
1461 2588 1556 2615 bibere
1581 2596 1730 2621 venenum.
1743 2598 1788 2616 ar-

1003 2640 1101 2660 canum
1117 2633 1230 2660 credere
1249 2634 1369 2661 mulieri.
1386 2634 1490 2662 Similis
1512 2635 1586 2662 enim
1607 2636 1735 2670 princeps
1747 2639 1789 2664 e-t

1004 2679 1103 2706 vertici
1120 2686 1229 2705 alumno
1244 2679 1282 2706 illi
1307 2680 1419 2713 quidem
1444 2681 1578 2716 uberiqtie
1598 2682 1699 2708 utentis
1719 2690 1790 2716 pne-

1004 2725 1096 2758 rupti,
1126 2725 1298 2760 protectique
1326 2725 1448 2761 undique
1466 2727 1548 2754 inviis
1566 2728 1690 2762 rupibus.
1710 2729 1790 2763 cujus

1004 2777 1072 2804 apex
1085 2777 1232 2804 supremus
1245 2771 1322 2798 lietus
1335 2772 1516 2806 graminibus,
1528 2773 1675 2801 abundans
1687 2775 1789 2808 pomis,

1005 2814 1052 2841 sed
1068 2820 1094 2841 et
1114 2815 1180 2842 ieris
1195 2817 1284 2843 omnis
1307 2817 1417 2850 generis
1439 2818 1524 2844 lustra
1538 2818 1594 2844 illic
1610 2818 1791 2852 habentibus,

1005 2860 1133 2890 inicstus.
1143 2861 1234 2888 aditus
1249 2862 1333 2889 habet
1343 2870 1395 2893 per
1407 2863 1558 2894 prim-initia
1570 2863 1705 2897 diﬂicilc-s,
1716 2873 1791 2892 coni-
