1913 3068
161 120 230 153 19.55

861 117 1075 148 APPENDIY:

1713 117 1782 151 12'6

157 179 232 206 viros
265 176 416 206 industrios
444 181 472 204 et
502 176 617 204 dotibus
644 175 774 212 praeditos
789 173 1121 209 pr:relaris.Abccillem
1150 176 1361 211 instabilemque
1390 175 1511 203 turbavit
1540 175 1673 204 animum.
1708 176 1783 209 Quid

158 224 264 251 etiatnsi
280 231 313 250 ex
327 223 417 250 inﬁma
432 228 505 251 sorte
518 231 549 250 ae
564 222 629 249 faece
651 221 724 256 vulgi
742 223 817 253 sint;
834 219 881 247 sed
899 223 938 246 ta-

158 269 199 297 les
214 273 241 296 et
258 269 374 304 negotiis
382 268 512 296 adhibere
526 273 554 295 et
568 266 721 295 honoribus
732 265 850 295 afﬁcere.
860 269 942 299 prout

159 315 234 350 digiti
250 319 324 346 sunt,
339 320 479 348 utcunque
492 312 583 341 caeteri
599 320 695 340 omnes
722 311 749 339 id
771 311 885 338 moleste
901 309 941 337 fe-

160 364 236 386 rant.
251 359 288 386 Ea
303 359 385 386 verba
403 366 503 385 novum
520 357 681 393 Vcstigatori
701 361 729 384 et
743 356 842 383 fortius
859 362 941 390 quam

161 405 252 439 priora
272 408 465 438 argumentum
479 403 592 430 fuerunt
607 402 639 429 ad
656 400 862 436 iutelligendtnn
872 400 942 427 bette

160 453 287 481 alrectum
302 459 365 486 erga
384 458 443 478 sese
456 451 562 477 leonem
575 456 645 481 esse,
664 457 695 476 ac
705 456 758 475 non
777 454 944 483 parumpro-

161 505 277 533 pensum
294 497 327 524 ad
344 497 492 524 favendum
509 497 578 531 ipsi;
594 502 680 530 quare
700 493 843 529 tempusid
851 497 943 528 aptum

161 550 237 571 ratus
252 551 315 571 cum
327 543 374 570 illo
390 543 479 570 libere
494 541 602 576 agendi,
622 548 745 568 seorsum
770 546 802 566 ac
816 539 875 565 sine
901 545 945 565 ar-

162 590 239 617 lnitris
254 593 420 616 conventum
440 587 484 614 his
499 586 591 614 verbis
605 587 754 620 alloquitur
778 592 786 611 :
807 583 877 618 Quid
891 587 944 616 est.

162 644 179 661 o
194 636 319 666 dutttitte.
334 634 406 669 quod
421 633 502 669 longo
514 634 569 669 jam
584 637 708 668 tempore
734 632 865 660 immotus
888 638 945 658 ma-

161 689 221 712 nes.
236 689 287 708 nec
301 689 334 706 es
350 681 411 709 loco
423 680 475 706 isto
494 679 521 706 in
537 679 652 707 altertnu
672 676 792 704 transis?
811 676 946 704 Decreve-

162 731 205 754 rat
230 727 289 753 lucc
315 725 432 753 audiens
458 725 501 752 leo
525 723 710 756 dissimulare,
743 721 945 757 respondendo.

162 772 338 800 formidinem
352 779 429 798 suam
444 779 451 803 ;
466 771 514 798 sed
526 778 588 797 cum
602 769 674 797 forte
690 768 836 796 accidisset
846 775 878 794 eo
888 768 947 802 ipso

163 821 304 845 tuomcnlo
315 816 478 850 ingeminari
494 816 615 851 mugitus
630 815 713 846 tauri,
727 818 819 848 tegere
844 817 945 840 metum

164 870 218 889 non
236 863 334 896 potuit.
349 869 404 896 quo
432 866 475 889 est
502 861 596 887 intime
623 866 773 887 concussus
796 865 882 892 usque
913 857 946 884 ad

164 908 295 942 pallorem
310 911 512 939 tremoremque
527 905 712 933 manifestum.
734 903 834 937 Quare,
847 903 949 930 omisso

163 959 290 988 tanquam
303 953 397 980 inutili
413 956 512 980 conatu
531 950 638 979 celandi
653 950 678 977 id
693 949 766 984 quod
793 952 890 983 sponte
920 954 949 974 se

162 1001 305 1034 prodebat,
325 999 427 1026 Vereor
445 997 586 1028 nimirum,
603 996 650 1029 ait,
677 1004 711 1023 ne
729 1002 829 1029 corpus
855 994 950 1021 bestiae

161 1046 239 1080 cuius
255 1045 299 1073 isti
315 1044 436 1079 mugitus
447 1047 522 1075 sunt.
537 1042 718 1078 magnitudini
734 1040 950 1075 terriﬁczehujtts

162 1092 238 1119 vocis
251 1091 428 1126 proportione
438 1089 620 1124 respondeat;
636 1087 758 1122 adeoque
773 1091 826 1115 tam
841 1090 948 1113 vastum

161 1142 190 1165 et
202 1137 322 1165 validum
340 1136 387 1168 sit.
407 1140 437 1163 ut
448 1135 529 1163 nobis
544 1134 696 1169 imparibus
715 1133 749 1160 ad
766 1132 854 1161 ferum
877 1131 949 1158 istu-l

161 1183 262 1211 animal
275 1181 484 1212 debellandum.
514 1180 665 1207 necessitas
685 1177 825 1207 incumbat
848 1185 880 1204 ex
898 1177 950 1204 hoc

162 1229 224 1258 loco
237 1228 371 1263 fugiendi.
389 1226 514 1262 Subjecit
531 1224 685 1260 Vcstigator
703 1224 761 1253 :Ne
789 1226 951 1250 consternet

163 1278 201 1304 te,
214 1273 337 1303 domine.
367 1272 418 1298 hoc
437 1271 552 1303 tonitru,
573 1270 663 1298 inania
677 1300 680 1310 ι
694 1269 766 1296 enim
788 1268 950 1304 plerumque

165 1319 295 1346 lcrrieula
319 1317 453 1353 ejusmodi
479 1315 721 1352 deprehenduntur
744 1315 951 1350 cxplorantihus

163 1365 196 1392 ad
215 1363 359 1398 liquidum.
372 1362 458 1395 Quam
476 1361 503 1388 in
517 1368 574 1388 rem
590 1361 682 1395 accipe
698 1360 764 1396 quid
783 1360 856 1395 vulpi
881 1367 949 1387 con-

165 1408 257 1442 tigerit
272 1415 278 1432 :
294 1407 354 1434 llzec
368 1407 491 1434 famelica
509 1405 628 1441 praedam
647 1413 786 1441 quatrcns,
798 1405 899 1440 largam
915 1413 947 1434 ex

164 1459 230 1480 voto
244 1453 344 1488 reperit
355 1453 382 1479 in
397 1452 514 1487 quadam
531 1453 599 1480 silva
611 1460 619 1484 ς
632 1451 679 1479 sed
698 1459 733 1478 ne
746 1459 843 1479 secure
855 1459 948 1478 vesce-

991 222 1045 255 egi.
1065 222 1156 249 aiebat
1169 229 1262 250 secum
1296 222 1395 249 tacitus
1413 221 1465 254 leo,
1492 221 1564 256 qttod
1595 226 1707 249 versuto
1735 222 1782 249 isti

992 275 1067 294 nunc
1086 268 1206 302 primum
1222 271 1287 294 noto
1295 274 1339 294 me
1354 271 1441 294 totum
1456 267 1542 294 cﬂudi
1554 267 1566 292 1
1579 267 1662 302 Atqui
1676 267 1782 294 artium

992 313 1147 348 imperandi
1175 320 1228 339 una
1244 320 1296 340 nec
1324 317 1462 347 postrema
1478 316 1529 345 est,
1558 319 1614 340 non
1637 311 1722 339 ﬁdere
1750 312 1785 338 iis

991 367 1061 396 quos
1080 359 1127 386 diu
1162 359 1278 395 superbe
1306 359 1516 393 contempseris,
1539 366 1594 386 non
1615 358 1770 385 ambitiosis

994 412 1049 432 non
1067 405 1186 441 cupidis.
1204 412 1258 432 non
1271 405 1405 432 fraudatis
1419 404 1547 432 mercede
1566 404 1703 436 laborum.
1726 412 1782 430 non

993 450 1095 485 opibus
1105 455 1153 478 aut
1167 451 1299 485 dignitate
1314 450 1447 484 spoliatis.
1475 450 1524 477 llic
1549 449 1711 485 Vestigator.
1741 449 1784 476 in-

994 496 1079 532 genii.
1096 501 1126 523 ut
1138 501 1261 533 apparet.
1275 495 1450 526 astutissimi.
1464 495 1620 522 diutissime
1640 494 1783 529 neglectus

995 549 1010 569 a
1025 549 1069 570 me
1082 542 1115 569 ad
1128 550 1202 570 meas
1216 542 1291 570 fores
1313 541 1447 577 inglorius
1458 541 1543 576 jaeuit
1553 549 1561 574 ;
1573 546 1601 568 et
1613 548 1664 575 ego
1680 540 1727 567 tali
1742 540 1781 566 ir-

996 589 1108 617 ritatum
1123 588 1289 617 Contumelia
1318 588 1407 625 primo
1438 591 1550 622 repente
1572 594 1719 621 congressu
1738 594 1783 613 ar-

996 641 1130 662 canorum
1161 633 1321 669 imprudens
1348 640 1472 661 meorum
1503 633 1626 660 omnium
1654 632 1780 660 festinasi

995 679 1136 707 conscium
1169 679 1269 707 facere.
1294 678 1365 712 Quid
1395 683 1487 706 autem
1510 677 1623 706 attinuit
1649 683 1781 712 praeterea

996 724 1122 751 eumdem
1135 723 1169 750 ad
1186 728 1297 751 taurum
1311 723 1462 757 videndum
1478 722 1598 754 mittere,
1615 729 1676 749 cum
1695 722 1784 749 mani-

997 769 1067 798 festo
1094 770 1230 806 periculo,
1249 778 1284 798 ne
1302 770 1326 797 is
1352 770 1398 797 ubi
1415 777 1505 797 meum
1523 768 1712 797 adversarlum
1728 775 1784 796 ms-

996 815 1084 850 jorem
1112 822 1145 843 ac
1180 814 1359 842 valentiorem
1390 813 1588 845 observaverit,
1625 817 1785 841 contemnat

1001 861 1131 896 deinceps
1153 868 1209 892 me,
1231 868 1312 896 quem
1330 853 1444 888 eatenus
1464 863 1568 888 tantum
1589 859 1786 890 honoraverat.

1001 911 1139 941 quatenus
1172 906 1295 934 nondum
1319 909 1526 940 comparaverat
1543 912 1605 933 cum
1627 904 1786 940 potentiori.

1000 952 1063 980 Haec
1078 952 1149 987 apud
1163 960 1192 979 se
1207 951 1343 986 reputanti
1370 952 1450 978 anxie
1467 951 1539 978 leoni
1562 949 1724 985 supervenit
1735 949 1781 978 Ye-

1001 998 1117 1034 stigator
1129 1006 1142 1024 a
1156 1002 1235 1024 tauro
1249 1001 1385 1025 convento
1404 997 1500 1028 n-dux.
1523 1003 1604 1031 quem
1628 996 1672 1023 leo
1696 995 1787 1022 solum

1001 1043 1190 1077 conspicatus,
1206 1046 1316 1076 sumpto
1331 1043 1423 1069 animo
1451 1041 1678 1075 dissimulataque
1703 1039 1781 1067 tristi

1002 1089 1051 1122 tia.
1068 1089 1244 1123 compellavit
1265 1088 1292 1114 in
1310 1088 1385 1115 hunc
1399 1087 1510 1114 modum
1525 1096 1532 1114 :
1545 1087 1725 1121 Exspectatus
1741 1085 1787 1112 ad.

1001 1135 1096 1164 venis;
1110 1143 1169 1169 age,
1193 1134 1268 1161 refer
1283 1133 1348 1168 quid
1366 1133 1445 1168 egisti
1458 1133 1469 1160 2
1482 1132 1555 1164 Vidi,
1567 1132 1606 1159 ait
1620 1131 1789 1166 Vestigator,

1003 1185 1033 1210 ut
1044 1181 1161 1216 iussisti.
1179 1179 1383 1207 vocalissimum
1397 1178 1467 1206 illud
1481 1178 1596 1207 animal.
1610 1177 1719 1204 Taurus
1740 1176 1789 1204 hic

1001 1231 1054 1254 est.
1077 1225 1185 1254 Accessi
1204 1225 1237 1252 ad
1258 1232 1322 1252 eum
1341 1225 1476 1255 cominus.
1495 1222 1686 1257 allocutusque
1713 1228 1786 1251 sum.

1003 1280 1052 1299 nec
1068 1272 1216 1307 quidquam
1236 1278 1269 1298 ex
1287 1278 1321 1298 eo
1345 1269 1437 1298 damni
1464 1272 1511 1296 aut
1527 1268 1659 1296 molestia:
1679 1267 1785 1301 accepi.

1001 1318 1071 1351 Quid
1086 1322 1142 1346 tum
1160 1317 1268 1352 postea?
1284 1317 1326 1344 leo
1339 1316 1427 1351 inquit
1441 1324 1449 1347 ;
1467 1315 1566 1342 indene
1577 1313 1684 1351 colligis
1699 1313 1788 1340 imbe-

1000 1365 1095 1392 cillum
1107 1364 1141 1392 ad
1155 1363 1311 1392 ttocendum
1326 1367 1433 1389 tanrutn
1446 1361 1529 1389 esse?
1544 1361 1586 1388 An
1612 1359 1704 1388 nescis
1728 1359 1788 1386 vio-

1000 1409 1172 1439 lentissimas
1185 1408 1313 1436 turbines
1329 1415 1445 1443 parcere
1468 1406 1605 1434 interdum
1635 1405 1788 1433 humilibus

999 1455 1134 1487 arbustis.
1159 1455 1328 1489 eosdemque
1348 1453 1557 1488 procerissima:
1579 1459 1700 1487 quercus
1724 1451 1789 1478 imis

165 1503 243 1527 retur
258 1498 386 1526 obstabat
398 1498 530 1525 terribilis
541 1497 673 1532 strepitus
689 1504 722 1524 ex
737 1496 793 1524 alto
806 1496 946 1531 ingruens:

1000 1503 1161 1537 etstirpalas
1176 1501 1316 1531 radicibus
1330 1499 1470 1535 frangere?
1481 1498 1522 1526 Ad
1534 1506 1565 1526 ea
1579 1497 1737 1533 Vestigator
1755 1496 1789 1524 ﬂ-

165 1553 262 1579 nentpe
275 1549 434 1580 tympanum
445 1542 583 1578 quispiam
600 1542 634 1569 de'
652 1549 728 1568 ramo
741 1540 838 1568 vicina:
868 1541 950 1568 arbo-

165 1589 202 1617 ris
216 1589 397 1624 suspenderat
411 1597 419 1622 ;
434 1593 462 1615 et
473 1593 552 1616 motm
566 1595 632 1614 aura
649 1586 760 1614 frondes
780 1586 813 1614 ad
831 1586 897 1613 illud
911 1586 951 1613 al-

164 1635 224 1664 iine
240 1635 375 1670 fragorem
388 1634 507 1661 edebant
523 1634 578 1661 alte
590 1637 763 1660 resonantem
779 1638 806 1660 et
822 1632 952 1661 formido-

164 1683 223 1710 lose
240 1682 385 1709 tninaeetn.
401 1681 441 1708 Eo
453 1680 560 1707 turbata
577 1679 678 1707 misera
705 1679 802 1714 vulpes
827 1678 949 1714 saginam

164 1733 228 1758 ante
244 1727 339 1755 oculos
367 1732 489 1762 paratam
512 1725 620 1761 pinguis
651 1729 680 1752 et
703 1725 822 1760 copiosa:
846 1724 951 1757 feritur,

164 1781 259 1808 pressa
273 1773 339 1802 licet
358 1773 413 1800 acri
430 1771 570 1799 desiderio
601 1770 712 1802 edendi.
738 1770 871 1804 attingere
896 1776 950 1796 non

164 1819 294 1851 audebat.
309 1818 406 1845 timide
432 1817 672 1852 circumspiciens.
692 1823 754 1844 sese
775 1815 951 1848 eontraltens,

164 1871 192 1894 et
212 1865 246 1894 ad
264 1871 361 1892 omnes
376 1863 510 1898 impulsus
533 1862 654 1897 tympani
677 1860 781 1896 (crebri
803 1865 895 1888 autem
925 1859 954 1886 hi

164 1916 245 1939 erant
262 1910 399 1944 aspirante
412 1909 504 1942 vento)
520 1908 584 1934 totis
595 1907 712 1934 artubus
725 1906 952 1934 contremiseens.

165 1957 287 1984 Durante
298 1955 407 1990 longius
423 1962 454 1982 ea
480 1953 603 1986 miseria.
632 1952 748 1980 consilio
770 1960 785 1979 e
812 1960 841 1979 re
872 1955 953 1986 capto

167 2001 311 2037 vulpecula
330 2008 392 2028 cum
408 2000 581 2027 observassct
596 2006 739 2033 erumpere
752 2006 849 2025 sonum
867 1997 950 2025 istum

167 2047 330 2075 horriﬁcum
344 2053 377 2073 ex
390 2053 451 2073 arca
468 2044 586 2080 quadam
606 2043 773 2072 orbicularis
790 2043 884 2070 fortnas
897 2043 951 2070 alte

166 2100 313 2128 suspensa.
330 2091 405 2121 dedit
423 2099 547 2126 operam,
560 2097 681 2121 omnem,
704 2089 777 2124 quod
802 2089 890 2121 aiunt,
908 2088 952 2115 fur

168 2148 230 2167 nem
245 2144 358 2166 movens
379 2141 409 2164 ut
423 2144 482 2166 eam
503 2136 565 2164 inde
588 2135 735 2173 dcjiceret;
765 2142 819 2162 non
838 2134 950 2167 frustra,

167 2185 288 2213 concidit
301 2184 374 2212 enint
387 2183 495 2211 tandem
513 2186 669 2219 tympanum
698 2184 726 2208 et
744 2180 821 2215 lapsu
842 2180 951 2208 confra-

168 2237 242 2259 ctum
252 2234 306 2257 cst.
321 2229 486 2263 Contingcre
504 2227 530 2256 id
548 2232 604 2256 tum
629 2227 725 2262 vulpes
743 2233 808 2253 ausa
823 2225 951 2261 propius-

168 2283 223 2310 que
241 2273 354 2305 intueri,
372 2271 556 2308 deprehendit
571 2278 666 2299 cavum
684 2271 765 2300 inane
777 2271 848 2305 pelle
876 2269 951 2298 tenui

169 2325 338 2350 contectum.
355 2319 530 2354 irridensque
549 2324 556 2342 :
573 2317 662 2352 Papae,
674 2316 773 2353 inquit,
784 2323 864 2351 quam
876 2323 953 2342 men-

169 2366 222 2392 dax
238 2364 344 2399 species
358 2363 514 2398 falsumque
538 2361 672 2389 indicium
703 2363 819 2388 tutnoris
836 2361 896 2388 est!
924 2365 953 2388 ut

171 2410 279 2445 turgida
293 2410 351 2437 hzec
368 2408 595 2443 vocalissimsque
620 2414 735 2442 corpora
758 2406 856 2434 inaniis
879 2406 954 2434 intus

169 2456 303 2483 exhausta
319 2454 484 2485 vanissimis.
505 2452 620 2480 ridicule
647 2452 790 2479 minantur
817 2457 845 2480 et
866 2453 953 2480 risum

170 2501 288 2528 debentl
305 2499 399 2528 Simile
423 2506 474 2531 nos
487 2498 773 2534 quidpiam.domine,
791 2498 872 2526 hodie
904 2506 954 2534 pa-

170 2548 265 2579 timur.
285 2545 395 2573 fremitu
409 2552 490 2580 quam
502 2544 612 2577 minaci.
631 2549 683 2571 tam
719 2544 796 2571 irrito
825 2544 954 2574 animalis

170 2593 254 2626 hujus
266 2591 363 2619 territi.
379 2590 451 2624 Quin
462 2591 485 2618 sl
510 2591 592 2626 iubes
607 2590 641 2618 ad
665 2589 732 2618 illud
760 2590 899 2622 accedant.
927 2594 955 2618 et

169 2638 313 2673 explorato
333 2637 398 2672 quid
423 2635 534 2664 demum
553 2635 600 2667 sit,
617 2635 650 2663 ad
670 2640 696 2662 te
709 2635 850 2663 curriculo
878 2635 956 2664 refe-

170 2692 238 2711 ram.

205 2773 238 2800 Χ,
256 2774 359 2801 Annuit
372 2773 426 2804 leo.
445 2772 574 2807 misitque
588 2772 687 2806 ipsum.
713 2772 848 2800 Caeterum
862 2771 954 2799 statim

172 2825 206 2846 eo
215 2819 337 2852 profecto
365 2818 540 2847 mmstissima
554 2819 613 2854 ejus
635 2817 698 2845 facti
726 2818 887 2853 pwnitentia
906 2818 957 2846 im-

1003 1549 1102 1577 denter
1114 1547 1248 1579 arridens,
1264 1546 1335 1574 Cave
1350 1545 1459 1577 eredas,
1472 1545 1572 1580 inquit.
1589 1544 1710 1576 domine,
1735 1543 1789 1570 hu-

1001 1594 1121 1630 iusmodi
1141 1592 1257 1622 animal
1283 1591 1508 1620 robustissimum
1539 1597 1600 1618 esse
1629 1589 1737 1624 :quin.
1764 1590 1787 1616 si

1003 1641 1083 1672 velis.
1100 1641 1196 1668 sistam
1213 1640 1268 1667 huc
1281 1638 1350 1667 illud
1373 1638 1434 1670 tibi,
1451 1638 1656 1672 obnoxiamque
1682 1644 1714 1664 ac
1735 1636 1787 1663 sub

1005 1693 1088 1714 manu
1103 1690 1148 1712 tua
1162 1689 1294 1713 statuam.
1312 1683 1469 1711 Delectatus
1493 1682 1628 1717 promisso
1644 1681 1699 1713 leo.
1730 1680 1789 1715 Age

1004 1738 1069 1758 sane
1085 1729 1156 1764 quod
1171 1728 1318 1764 polliceris,
1333 1728 1382 1759 ait.
1399 1727 1468 1755 nihil
1483 1726 1551 1754 mihi
1575 1726 1664 1760 possis
1679 1725 1788 1760 gratius

1003 1776 1105 1804 facere.
1130 1775 1322 1810 Continuoque
1343 1773 1497 1810 Vcstigator
1512 1780 1654 1809 regressus
1679 1772 1712 1800 ad
1728 1776 1788 1799 tau-

1005 1830 1077 1853 rum.
1095 1821 1163 1848 dicit
1180 1820 1216 1848 illi
1234 1820 1406 1855 prteﬁdenter
1422 1828 1429 1846 :
1458 1818 1530 1847 Heus
1557 1823 1596 1851 tu.
1621 1818 1666 1846 hic
1688 1817 1786 1846 adsum

1005 1867 1038 1893 ad
1053 1872 1077 1894 te
1092 1867 1216 1894 missusa
1241 1866 1331 1900 leone,
1350 1865 1396 1900 qui
1418 1858 1581 1901 magnopere
1619 1864 1732 1891 mandat
1758 1868 1790 1893 ut

1004 1913 1137 1940 continuo
1151 1912 1246 1940 venias
1261 1911 1295 1939 ad
1309 1919 1349 1944 se,
1367 1911 1543 1943 denuntians,
1561 1911 1583 1938 si
1613 1910 1789 1944 obtempera-

1005 1960 1091 1991 veris.
1110 1958 1223 1994 gratiam
1248 1957 1297 1985 tibi
1318 1965 1347 1985 se
1362 1956 1498 1985 facturum
1517 1956 1634 1992 neglecti
1654 1955 1791 1985 hactenus

1004 2004 1161 2037 oﬁicii,nec
1175 2011 1271 2038 ptenas
1299 2003 1479 2039 repetiturum
1501 2009 1535 2030 eo
1569 2002 1682 2029 meritas
1713 2001 1788 2036 quod

1005 2050 1101 2078 tandiu
1118 2050 1144 2077 in
1160 2053 1233 2076 tanta
1247 2048 1348 2076 vicinia
1363 2048 1491 2076 omiseris
1507 2048 1628 2076 debitam
1653 2047 1788 2082 maiestati

1004 2098 1065 2133 ejus
1082 2095 1286 2123 venerationem
1303 2094 1429 2122 reddere.
1449 2094 1497 2121 Ais
1512 2102 1545 2121 an
1561 2093 1668 2129 negas?
1689 2094 1789 2127 expedi

1003 2149 1165 2178 responsum
1177 2150 1186 2175 ;
1199 2149 1260 2169 nam
1270 2141 1292 2168 si
1305 2140 1425 2174 dubitas.
1437 2139 1526 2167 refero
1543 2139 1635 2167 statim
1647 2140 1681 2166 ad
1696 2139 1787 2174 ipsum

1005 2187 1139 2224 quidquid
1153 2187 1187 2215 de
1208 2191 1233 2214 te
1241 2187 1362 2221 comperi
1380 2195 1388 2212 :
1406 2193 1496 2212 moras
1510 2185 1583 2212 enim
1609 2186 1720 2212 trahere
1733 2193 1789 2212 non

1001 2239 1092 2262 vacat.
1107 2233 1209 2268 Ecquis
1224 2237 1327 2264 autem.
1341 2231 1485 2267 respondit
1502 2235 1607 2264 taurus.
1618 2231 1661 2258 leo
1679 2230 1724 2258 hic
1746 2238 1762 2258 e
1781 2235 1791 2259 t

1002 2279 1101 2307 horutn
1114 2284 1212 2307 auctor
1228 2277 1434 2308 mandatorum.
1458 2281 1487 2304 et
1518 2276 1630 2305 ubinam
1659 2276 1788 2303 babltat?

1002 2325 1042 2354 Ad
1055 2333 1087 2352 ea
1102 2324 1266 2359 Vestigator,
1280 2323 1338 2351 Rex
1353 2327 1406 2355 est,
1420 2321 1520 2357 inquit.
1546 2329 1662 2357 magnus
1685 2322 1790 2349 bestia—

1002 2377 1077 2402 rum,
1090 2372 1119 2396 et
1129 2368 1174 2396 hic
1186 2368 1214 2395 in
1238 2367 1394 2403 propinquo
1409 2372 1499 2395 castra
1513 2371 1632 2395 metatus
1658 2375 1708 2395 sua
1732 2371 1786 2399 est.

1003 2414 1052 2442 ubi
1067 2418 1122 2441 stat
1137 2414 1164 2440 in
1184 2413 1329 2448 augustali,
1343 2420 1493 2440 numeroso
1507 2412 1703 2440 circumstante
1718 2412 1790 2439 fera-

1005 2466 1065 2485 rum
1084 2458 1221 2488 exercitu.
1237 2457 1338 2492 quibus
1356 2457 1482 2491 imperat.
1497 2457 1623 2485 Territus
1634 2457 1677 2485 his
1693 2462 1790 2486 taurus

1004 2506 1117 2530 secutus
1133 2502 1269 2529 dicentem
1289 2506 1342 2535 est,
1352 2501 1482 2537 leonique
1497 2510 1511 2529 a
1527 2503 1697 2538 Vestigatore
1712 2503 1790 2530 obla-

1005 2552 1061 2580 tus,
1076 2548 1102 2576 ei
1114 2555 1143 2575 se
1154 2548 1306 2576 humillime
1320 2548 1449 2583 subjecit.
1463 2547 1540 2576 Hune
1557 2548 1714 2576 humaniter
1743 2550 1788 2577 leo

1004 2593 1155 2629 excipiens,
1173 2593 1255 2621 etiam
1267 2598 1444 2628 percontatus
1455 2594 1572 2630 benigne
1589 2599 1631 2622 est
1647 2596 1681 2622 de
1695 2596 1788 2623 fortu-

1006 2647 1047 2666 nze
1061 2647 1093 2667 ac
1109 2647 1200 2667 rerum
1214 2647 1326 2666 suarum
1342 2644 1426 2667 statu.
1437 2641 1542 2668 Retulit
1562 2649 1595 2669 ex
1610 2640 1661 2668 ﬁde
1692 2647 1789 2669 taurus

1005 2689 1116 2716 cuncta.
1131 2685 1282 2719 gratiaeque
1300 2692 1353 2712 non
1369 2685 1490 2720 vulgaris
1513 2686 1585 2718 apud
1609 2686 1717 2713 leonem
1749 2687 1790 2713 lo.

1006 2736 1070 2756 cum
1085 2729 1199 2760 invenit,
1218 2729 1288 2757 adeo
1305 2734 1336 2757 ut
1349 2729 1393 2756 hic
1412 2730 1437 2756 ei
1447 2729 1517 2757 bona
1535 2730 1626 2758 omnia
1641 2731 1789 2765 promitte-

1007 2779 1060 2807 ret,
1076 2774 1376 2809 eodemquejamnunc
1400 2775 1529 2803 ministro
1551 2783 1720 2803 summarum
1743 2784 1789 2804 re-

1009 2827 1069 2846 rum
1096 2824 1198 2847 utetur.
1213 2819 1252 2847 Ac
1267 2820 1342 2848 brevi
1361 2824 1456 2848 taurus
1474 2828 1508 2848 eo
1538 2821 1673 2856 pervenit.
1691 2827 1722 2850 ut
1741 2830 1792 2850 au»
