1913 3068
130 122 196 153 1‘25?

551 119 744 150 SPECIMEN
766 114 980 148 SAPIENTl/E
1000 117 1178 148 INDOBUM
1202 118 1281 149 l'li'l‘.

1676 119 1742 155 1-158

110 183 249 219 ,ctoritate
265 188 296 209 ac
319 181 441 216 potentia
469 181 549 216 longe
570 180 699 208 omnibus
726 179 796 207 leoni
819 178 909 213 subje-
926 180 945 207 Α
963 178 1094 212 prabere.
1109 179 1154 205 ubi
1171 178 1409 206 mansuetudinem
1426 183 1453 206 ct
1465 180 1744 215 specientcletnentia:

130 230 180 257 etis
195 228 385 256 antecelleret.

157 275 201 302 Xl.
220 275 282 302 llaec
299 281 417 302 cernens
435 273 590 308 Vestigator
607 272 665 300 aeri
685 272 770 298 livore
786 270 910 304 ringelta—

125 326 177 350 tur.
194 322 233 348 Ac
243 329 306 348 eum
330 321 376 347 diu
400 327 492 347 secum
524 323 656 353 reputans
682 319 830 345 volutasset
852 316 911 351 plu-

125 369 204 400 rima,
218 373 340 395 veterent
354 367 464 394 tandetn
479 365 601 393 sodalem
617 365 785 392 Coronatum
802 365 908 398 adiens,

125 415 216 450 erupit
236 414 263 441 in
279 414 340 441 sinu
362 413 444 440 amici
480 411 662 443 stomachum,
689 418 717 438 et
744 411 816 446 apud
844 411 911 438 fidas

125 469 208 490 aures
228 459 422 495 mgritudinem
437 457 521 484 animi
537 465 690 492 arcanaque
704 455 817 484 consilia
831 457 910 484 fateri

126 515 217 538 ausus.
236 507 268 533 Et
285 505 404 536 miraris,
420 511 447 530 et
472 503 613 530 miserari:
641 503 773 537 profecto,
809 503 909 536 inquit,

126 562 178 584 me.
195 553 242 588 qui
252 557 306 579 tam
319 550 464 578 infeliciter
473 558 583 584 operam
596 549 682 576 locavi
697 549 723 575 in
737 549 911 576 conciliando

127 601 198 627 leoni
215 604 304 629 tauro,
322 603 352 624 ut
366 596 417 631 ipsi
433 596 516 622 miser
530 595 596 621 milti
610 594 725 621 exitium
742 594 911 621 confecerim

128 645 320 681 ingratissimis
347 643 535 671 benefaciens.
564 642 624 669 Scis
657 649 737 676 quant
760 641 854 668 dextre
881 648 912 667 ac

128 692 216 727 perite
229 690 347 718 discussi
363 689 546 724 suspiciones,
561 696 622 723 qua:
641 693 749 715 taurum
765 692 793 714 et
804 688 911 714 leonem

128 738 244 765 invicem
259 736 447 763 commissura:
463 735 636 767 videbantur,
667 734 741 769 gravi
769 735 912 767 utriusque

129 784 261 820 periculo.
276 782 343 810 Inde
363 787 454 808 autem
466 781 532 816 quid
549 780 662 808 evenit!
683 780 787 814 Nempe
813 784 843 806 ut
874 779 912 806 illi

129 837 177 864 per
189 837 233 856 tne
245 827 384 856 conciliati
395 827 495 856 felices
513 828 659 861 imperent,
687 832 847 859 rerumque,
870 832 912 851 me

127 874 249 906 excluso,
267 873 409 908 potiantur
427 882 433 899 :
451 879 524 907 rege,
537 872 582 898 cui
605 878 699 899 curam
721 871 809 898 exemi
825 870 912 897 mole-

129 919 288 950 stissimam,
307 923 362 946 tam
378 918 431 945 sibi
447 918 522 944 utilis
536 917 590 944 mei
608 916 754 944 ministerii
776 915 872 947 oblito,
886 919 914 942 et

130 966 219 1000 ipsum
241 965 317 992 illum
332 956 410 999 prius
435 963 612 991 formidatum
629 959 830 992 adversarium,
841 966 914 993 post-

129 1019 210 1047 quam
234 1018 294 1038 mea
313 1011 446 1038 industria
459 1010 510 1037 sibi
533 1009 688 1044 subjectum
708 1008 814 1040 habuit,
824 1008 851 1034 itt
862 1007 915 1034 mei

129 1058 209 1092 longe
222 1057 343 1084 submoti
374 1057 466 1084 locum
488 1056 521 1083 ad
540 1056 699 1091 dignitatem
727 1059 915 1090 promovente.

131 1102 227 1135 Viduo,
249 1103 339 1135 inquit
360 1102 525 1133 Coronatus,
552 1107 580 1128 et
608 1101 712 1128 sentire
735 1101 790 1136 jam
815 1100 917 1134 incipio

130 1159 185 1177 non
204 1157 316 1184 prorsus
329 1156 397 1176 vana
413 1148 553 1176 monuisse
578 1156 632 1180 me,
647 1155 709 1174 cum
726 1147 771 1174 illa
794 1154 854 1181 qua:
868 1146 918 1172 du-

130 1195 194 1222 dum
210 1195 323 1226 audisti,
337 1193 448 1229 aggredi
465 1194 498 1220 ad
517 1193 568 1220 hoc
583 1193 723 1228 negotium
741 1191 790 1218 tibi
800 1191 917 1225 paranti,

131 1242 327 1268 disserueram.
345 1240 417 1273 Quid
433 1245 524 1266 autent
537 1240 610 1266 circa
639 1247 670 1266 ea
687 1246 748 1272 qum
778 1245 852 1264 nunc
876 1238 918 1264 in-

130 1291 204 1313 stant
220 1286 327 1312 censilii
343 1285 430 1319 capis,
461 1284 563 1319 quidve
594 1292 674 1319 paras
700 1284 805 1318 agere?
840 1282 918 1314 'v’olo,

131 1332 221 1367 inquit
235 1331 402 1366 Vestigator,
420 1331 447 1358 in
464 1331 609 1366 pristinam
627 1331 721 1365 reponi
738 1330 864 1363 gratiam,
876 1337 905 1356 re

131 1385 319 1414 cuperarcque
329 1378 487 1413 dignitatem
502 1378 700 1409 intcrversam;
715 1381 741 1403 et
753 1383 835 1412 spero
850 1376 920 1403 viam

132 1426 164 1452 ad
179 1425 205 1452 id
221 1425 341 1460 aliquam
359 1427 538 1452 inventurum
557 1433 611 1457 tne,
634 1425 684 1452 tria
703 1424 845 1456 faciendo,
861 1431 922 1458 qua:

133 1472 221 1498 virum
240 1472 404 1506 prudentem
423 1478 504 1505 agere
524 1471 666 1498 convenit.
683 1470 852 1505 Hujusenim
862 1469 921 1496 olli-

960 224 1081 251 atl‘eetari
1105 233 1147 252 rt-s
1172 226 1321 259 posci-bat;
1354 226 1475 258 tertium,
1493 234 1547 254 non
1575 227 1640 254 dare
1672 228 1745 262 ipsos

960 277 1083 304 operam,
1102 275 1131 298 ut
1148 271 1332 303 eruditorum,
1347 272 1525 306 prudentum,
1540 271 1656 300 fidorum
1673 281 1747 300 sent—

962 323 1010 349 per
1026 316 1098 350 apud
1111 324 1140 343 se
1151 317 1371 344 consiliariorum
1388 317 1496 352 copiam
1509 317 1628 345 habeant
1642 327 1648 350 ;
1663 327 1746 352 quar-

963 365 1030 393 tum,
1046 362 1207 396 permittere
1223 362 1367 398 digladiari
1386 364 1457 390 inter
1469 371 1497 390 se
1519 363 1645 391 subditos
1669 372 1701 392 ac
1718 366 1744 392 in

963 406 1095 434 factiones
1106 408 1213 440 scindi;
1241 408 1379 443 quintum,
1403 417 1457 436 non
1480 409 1616 436 moderari
1643 410 1747 439 affet-tio

963 452 1024 484 bus,
1039 453 1087 480 sed
1104 453 1266 488 cupiditate,
1280 454 1397 482 libidine
1412 463 1443 482 ac
1465 456 1616 489 praesertim
1643 455 1682 482 ira
1706 456 1748 483 ef-

962 498 1027 525 ferri
1040 506 1069 525 se
1084 499 1174 526 sinere
1188 509 1195 532 ;
1210 505 1318 527 sextum
1334 500 1463 535 denique,
1477 509 1530 528 non
1548 501 1690 536 invigilare
1705 501 1748 537 ju-

964 546 1034 579 giter
1059 547 1180 574 intentos
1206 555 1254 574 eos
1274 548 1302 574 in
1331 549 1490 582 contingere
1515 548 1678 582 plerumque
1704 556 1749 574 so-

963 594 1026 620 litas
1057 594 1221 620 mutationes
1250 598 1415 628 temporum,
1440 600 1468 621 et
1494 595 1639 621 adversum
1669 602 1749 622 casus

963 647 1068 671 omnes,
1085 641 1361 674 quotquotcxsistere
1380 641 1476 675 quavis
1489 641 1671 668 conversione
1684 648 1749 674 pos-

964 685 1028 716 sint,
1051 693 1106 712 non
1135 693 1169 712 ex
1193 686 1275 721 longo
1304 687 1458 721 providisse
1486 686 1584 714 idonea
1611 686 1748 722 prmaidia,

964 736 1116 766 parataque
1130 732 1163 759 ad
1180 740 1293 759 manum
1310 738 1414 760 tenere.

999 777 1057 804 ΧΗ.
1076 779 1220 810 Quomodo
1233 787 1299 806 vero
1313 779 1427 813 poteris,
1447 779 1486 806 ait
1498 778 1666 810 Coronatus,
1688 784 1750 805 tau-

929 843 951 872 Β
966 831 1026 850 rum
1040 823 1242 852 circumvenire
1265 825 1351 852 multo
1374 825 1560 860 potentiorem
1584 830 1620 858 te,
1650 825 1752 852 amico—

965 877 1082 903 rumque
1110 877 1142 897 ac
1163 870 1296 897 clientum
1325 871 1424 898 validis
1453 870 1554 906 opibus
1578 870 1752 898 subnixum?

965 914 1118 948 Respondit
1151 914 1326 950 Vestigator:
1347 915 1387 942 Ne
1413 921 1583 949 contemnas,
1618 916 1686 942 heus
1711 921 1750 948 tu.

966 963 1080 990 nimiutn
1104 964 1265 991 tenuitatem
1294 970 1322 991 et
1347 965 1563 992 imbecillitatem
1586 971 1684 991 meam.
1709 964 1754 991 Vi-

966 1011 1063 1042 ctoria,
1080 1011 1102 1038 si
1121 1012 1221 1043 neseis,
1235 1019 1288 1038 non
1301 1016 1343 1038 est
1359 1011 1467 1045 alligata
1485 1011 1595 1038 lacertis
1606 1018 1639 1038 ac
1649 1011 1752 1042 robori,

967 1064 1093 1092 swpeque
1103 1057 1223 1084 vidimus
1240 1058 1405 1084 valentiores
1423 1058 1458 1084 ab
1481 1056 1679 1084 infirmioribus
1691 1064 1754 1090 pro-

969 1107 1080 1130 stratos.
1096 1104 1135 1130 Ad
1151 1111 1182 1130 ea
1194 1103 1359 1136 Coronatusl
1379 1103 1447 1130 Vera
1470 1103 1602 1137 loqueris,
1632 1103 1680 1134 ait,
1706 1102 1754 1128 sed

969 1149 1042 1181 vide,
1059 1157 1094 1176 ue
1119 1150 1164 1176 ubi
1180 1150 1387 1184 pcrpctraveris
1398 1149 1469 1183 quod
1489 1157 1579 1183 paras,
1604 1149 1633 1176 in
1662 1148 1756 1183 perni-

970 1196 1039 1222 eiem
1054 1196 1194 1222 laborasse
1217 1200 1242 1222 te
1260 1195 1397 1230 propriam
1412 1203 1475 1222 sero
1489 1195 1644 1230 intelligas;
1663 1197 1757 1223 multis

970 1242 1044 1268 enim
1059 1241 1135 1276 paria
1149 1240 1313 1268 machinatis
1327 1240 1354 1266 id
1367 1240 1492 1274 contigit,
1505 1245 1533 1267 et
1550 1241 1617 1267 tanti
1632 1246 1756 1276 estque:-

971 1288 1033 1314 dam
1050 1287 1094 1313 hic
1106 1288 1165 1321 ejus
1176 1286 1286 1321 generis
1298 1287 1422 1320 exempla
1440 1293 1620 1313 memorasse.
1652 1287 1758 1314 Ascetze

972 1332 1082 1357 cuidatn
1097 1330 1256 1358 solitudinis
1279 1338 1334 1357 suae
1346 1337 1462 1364 perlmso
1478 1331 1609 1358 accedere
1623 1331 1703 1359 libuit
1723 1332 1757 1358 ad

973 1376 1087 1409 regiam,
1105 1381 1142 1408 et,
1154 1381 1185 1402 ut
1202 1376 1239 1403 ibi
1255 1380 1298 1402 est
1325 1376 1449 1407 solitum,
1476 1384 1543 1410 opes
1573 1377 1758 1405 assentatione

973 1422 1133 1449 nundinari.
1153 1422 1208 1449 Nec
1223 1426 1286 1449 voto
1305 1422 1408 1449 excidit
1423 1431 1429 1448 :
1447 1423 1579 1450 delittilus
1609 1424 1682 1450 enim
1699 1425 1759 1458 ejus

975 1467 1117 1502 obsequiis
1132 1475 1178 1494 rex
1192 1475 1289 1502 magno
1301 1476 1364 1496 eum
1376 1477 1492 1496 numero
1509 1469 1622 1497 donavit
1639 1471 1760 1505 conchy-

133 1518 206 1544 cium
222 1523 274 1549 est,
292 1518 411 1552 primum
422 1517 601 1544 considerare
617 1525 679 1552 qua:
702 1517 754 1552 ipsi
769 1521 922 1544 evenerunt
936 1517 958 1546 ο
975 1514 1102 1541 lialorunt
1119 1518 1281 1540 stromatum
1303 1518 1330 1541 et
1343 1515 1427 1542 vestis
1453 1514 1570 1542 attalicae
1586 1515 1684 1542 summi
1699 1523 1761 1550 pre~

134 1564 204 1590 bona
219 1564 355 1598 malaque,
368 1571 400 1591 ac
414 1564 506 1591 causis
527 1569 708 1598 utrorumque
731 1563 922 1597 deprehensis,

132 1607 177 1635 illa
194 1609 304 1643 quidem
320 1609 414 1644 fugere
429 1609 501 1637 unde
513 1614 572 1637 orta
587 1610 639 1637 sibi
653 1609 723 1637 mala
736 1610 918 1643 compererit,

131 1663 163 1682 ea
175 1659 270 1681 contra
286 1656 364 1689 sequi
382 1662 413 1682 ac
428 1663 579 1690 procurare
593 1663 702 1683 summo
714 1655 808 1682 studio
821 1655 923 1689 quibus

133 1711 163 1729 sc
178 1704 297 1730 senserit
317 1703 453 1738 adjutum.
468 1703 607 1737 Inspicere
622 1702 723 1730 deinde
737 1702 809 1729 idem
835 1706 925 1728 atten-

136 1753 218 1782 teque
239 1749 320 1775 debet
338 1749 512 1782 perpendere
528 1755 589 1782 qua
603 1748 692 1781 ipsum
710 1747 854 1782 praesentia
868 1747 923 1773 cir-

135 1799 274 1820 cutustant
290 1793 434 1820 commoda
449 1793 689 1827 iueomtnodaqtte,
714 1798 825 1826 totoque
862 1793 923 1819 nisu

134 1841 230 1868 conari
245 1840 411 1874 illaquidem
439 1844 533 1866 tenere
565 1839 673 1873 sibique
703 1847 837 1870 asserere,
867 1839 925 1866 lucc

137 1889 230 1911 autem
255 1892 338 1919 quam
361 1884 519 1918 longissime
548 1888 674 1910 avertere
689 1891 720 1910 ac
752 1883 924 1918 propulsare.

138 1930 280 1957 Postremo
298 1930 325 1956 in
343 1930 466 1956 futurum
484 1930 535 1964 ipsi
551 1929 751 1957 consulendum
772 1935 822 1956 cst.
841 1930 868 1955 ln
884 1929 925 1956 his

136 1983 189 2011 ego
201 1974 402 2002 dum‘animum
421 1982 501 2001 verso
531 1982 586 2001 non
606 1974 738 2008 segniter,
756 1975 795 1999 sic
817 1973 926 2007 reperio

138 2020 261 2053 tandem,
279 2021 415 2048 subducta
427 2021 607 2047 consiliorum
623 2027 740 2051 sututna,
758 2019 837 2053 plane
858 2019 925 2045 mihi

136 2067 321 2094 occidendum
337 2067 400 2094 dolo
413 2066 534 2101 quodam
558 2071 667 2093 taurum
683 2073 765 2092 esse:
788 2065 829 2092 sic
852 2065 925 2092 enim

137 2118 167 2140 et
190 2113 242 2140 iter
258 2113 388 2148 aperiens
407 2113 440 2139 ad
457 2112 696 2146 recuperationem
713 2112 842 2147 potentiae
854 2111 926 2146 prio-

138 2159 175 2185 ris
187 2159 290 2194 optime
306 2158 373 2185 mihi
387 2158 540 2191 consulam,
561 2162 587 2184 et
599 2158 706 2184 leonem
734 2158 825 2192 ipsutn
854 2165 926 2184 novo

138 2205 272 2232 beneficio
283 2204 450 2231 devinciant.
468 2204 524 2232 Hoc
541 2211 709 2239 posuetuum
727 2204 800 2239 quod
816 2205 855 2232 ais
874 2213 926 2231 ttun

137 2251 274 2286 intelligo,
301 2252 392 2286 inquit
420 2252 595 2285 Coronatus;
622 2260 685 2280 nam
714 2258 743 2280 ut
761 2253 925 2280 beneficium

139 2297 213 2324 lconi
226 2302 300 2324 esset
320 2297 409 2324 ea:ch
427 2299 509 2330 tauri,
527 2303 663 2332 oporteret
687 2300 759 2326 hunc
775 2300 927 2326 incommo-

139 2345 206 2372 dare
223 2345 275 2377 illi,
302 2345 374 2379 quod
399 2349 494 2371 contra
517 2350 582 2376 est;
608 2353 670 2372 nam
695 2354 726 2372 ex
752 2354 807 2380 qtto
832 2351 927 2372 taurus

140 2392 214 2419 leoni
235 2392 332 2424 servit,
350 2391 418 2419 satis
432 2391 516 2421 bono,
533 2396 561 2418 ut
575 2392 695 2423 videtur,
709 2392 768 2419 loco
786 2400 830 2418 res
846 2392 928 2426 hujus

140 2442 216 2464 sunt.
240 2437 367 2469 Falleris,
382 2437 524 2472 respondit
550 2437 711 2471 Vestigator,
731 2438 926 2472 contemptibi-

140 2483 194 2510 lem
207 2483 309 2518 quippe
319 2490 347 2510 se
359 2483 413 2515 leo,
430 2488 457 2509 et
476 2490 524 2517 per
552 2483 603 2509 hoc
617 2484 724 2510 insidiis
739 2491 926 2518 opportunum

140 2529 212 2564 apud
229 2537 293 2556 suos
304 2536 400 2556 omnes
413 2529 544 2558 reddidit.
559 2529 610 2556 isto
636 2529 720 2557 nimio
752 2531 779 2557 in
816 2535 926 2557 taurum

140 2577 243 2608 studio,
266 2583 348 2610 quem
363 2576 518 2602 inconsulte
537 2576 644 2602 cunctis
658 2577 789 2610 prauulit.
811 2577 863 2604 Sex
879 2586 928 2604 au-

141 2626 195 2650 tem
208 2626 299 2649 errata
313 2629 406 2656 regum
421 2627 496 2653 sunt,
518 2622 618 2656 quibus
649 2624 844 2650 auctoritatem
865 2633 928 2658 per-

140 2669 211 2695 dunt
225 2673 252 2695 et
268 2667 373 2703 gladios
398 2667 542 2694 rebellioni
561 2668 587 2694 in
611 2676 639 2695 se
663 2674 774 2697 acuunt.
804 2669 926 2698 Primum

139 2720 183 2743 est
201 2715 237 2742 ibi
256 2714 354 2742 resolvi
370 2715 397 2742 in
414 2715 554 2742 lenitatetn
568 2715 718 2746 tlaceidam.
743 2717 788 2744 ubi
816 2724 927 2745 austera

140 2762 287 2790 severitate
298 2769 367 2797 opus
383 2762 489 2795 fuerat;
515 2763 676 2794 secundum,
701 2764 727 2790 in
756 2765 927 2792 contrarium

141 2813 295 2836 extremum
314 2815 439 2842 peccans,
455 2808 492 2835 ibi
508 2816 537 2835 se
552 2808 671 2836 ferocem
697 2814 724 2837 et
749 2810 926 2845 itnplacidum

265 2858 400 2888 Ριτιωιη
421 2858 478 2887 Gtt.
501 2858 622 2888 CXLlll

976 1560 1018 1587 tii.
1034 1560 1126 1587 llediit
1143 1565 1261 1587 onustus
1281 1560 1372 1595 opima
1390 1560 1481 1594 prxda
1497 1561 1638 1588 solitarius
1661 1569 1760 1588 avarus

975 1605 1003 1632 in
1024 1613 1104 1632 suum
1122 1606 1273 1638 rusculum,
1291 1611 1318 1633 et
1351 1613 1448 1640 magno
1472 1605 1560 1633 fructu
1584 1614 1613 1634 se
1633 1615 1760 1641 peccasse

975 1656 1072 1680 contra
1096 1652 1296 1686 professionem
1325 1661 1402 1679 suam
1423 1653 1451 1679 in
1475 1654 1536 1680 sinu
1559 1654 1760 1688 gratulabatur.

976 1699 1062 1724 Breve
1073 1698 1203 1732 gaudium
1217 1697 1242 1724 id
1269 1697 1331 1724 fuit.
1362 1698 1555 1729 Latrunculus,
1581 1706 1609 1725 re
1639 1699 1760 1732 cognita.

976 1752 1069 1772 senem
1088 1744 1167 1770 adit:
1181 1748 1276 1771 narrat
1292 1743 1395 1770 fessum
1413 1752 1442 1770 se
1463 1744 1556 1770 mundi
1580 1744 1759 1776 tumultuum,

976 1791 1114 1825 appulisse
1129 1791 1250 1817 anintum
1264 1790 1297 1817 ad
1312 1790 1479 1817 desiderium
1498 1790 1561 1818 vita:
1587 1791 1760 1825 tranquiilte;

976 1843 1059 1871 atque
1074 1836 1144 1864 adeo
1174 1837 1244 1871 ipso,
1271 1837 1293 1863 si
1309 1836 1480 1872 dignaretur,
1506 1837 1636 1872 magistro
1660 1845 1762 1872 cupere

978 1891 1080 1918 ponere
1102 1884 1259 1911 tirociuitttn
1276 1884 1423 1910 sanctioris
1435 1883 1588 1918 disciplinae
1607 1892 1612 1910 :
1627 1884 1665 1911 sic
1677 1884 1761 1915 enim.

977 1930 1161 1956 consideratis
1177 1930 1399 1964 comparatisque
1415 1929 1519 1961 multis,
1535 1928 1742 1962 statttisse,'ltatt
1755 1931 1780 1959 Ι,

978 1985 1006 2003 se
1022 1983 1102 2011 posse
1119 1976 1185 2003 alibi
1203 1977 1327 2012 reperire
1343 1977 1493 2011 perfectius
1507 1977 1648 2010 exemplar
1676 1978 1764 2004 virtu-

979 2029 1034 2050 tum
1049 2025 1232 2058 egregiarutn,
1249 2024 1349 2058 cuique
1370 2023 1502 2051 intuendo
1528 2023 1764 2058 exprimendoqtte

979 2070 1134 2097 imitatione
1153 2070 1247 2096 utilius
1261 2069 1425 2096 attenderet.
1454 2069 1524 2102 Quid
1547 2070 1652 2096 ntulta?
1666 2070 1765 2097 admit-

979 2116 1066 2148 titur;
1084 2115 1197 2142 simulat
1212 2115 1345 2145 studium.
1362 2115 1442 2142 tidem
1458 2115 1521 2141 facit
1538 2115 1654 2142 sincera:
1669 2117 1766 2142 volun-

945 2181 968 2209 υ
982 2164 1056 2194 tatis,
1070 2170 1102 2189 ac
1122 2162 1215 2197 paucis
1226 2162 1326 2188 diebus
1338 2161 1495 2188 facultatem
1512 2166 1609 2188 nactus
1621 2170 1701 2196 quam
1714 2171 1765 2190 vo‘

980 2208 1064 2239 lebat,
1080 2211 1226 2234 convasata
1245 2207 1318 2233 senis
1337 2206 1508 2241 supellectile
1523 2210 1633 2233 strenue
1649 2207 1763 2242 aufugit.

980 2256 1053 2282 lctus
1065 2255 1165 2281 damno
1179 2254 1319 2281 solitarius
1339 2253 1384 2280 dat
1412 2260 1441 2279 se
1467 2252 1492 2279 in
1521 2254 1593 2279 viam
1623 2258 1652 2280 ut
1678 2253 1766 2280 furem

980 2299 1261 2336 qtta:reret.-Apparet
1275 2299 1350 2325 eunti
1375 2306 1492 2333 prunum
1509 2307 1601 2331 omen,
1620 2300 1765 2326 commissa

981 2348 1008 2375 in
1023 2355 1087 2382 agro
1102 2355 1190 2382 pugna
1206 2347 1321 2373 arietum
1336 2346 1466 2376 duorum,
1487 2353 1582 2380 magna
1596 2346 1644 2378 ira,
1658 2347 1767 2381 lateque

981 2398 1127 2421 resonante
1144 2393 1302 2420 collirarum
1336 2393 1427 2419 sonitu
1452 2393 1595 2425 frontium,
1624 2393 1767 2421 incursan-

981 2441 1048 2467 tium
1069 2439 1197 2466 invicem.
1218 2438 1378 2472 V‘ulpecula,
1394 2446 1461 2465 sono
1474 2439 1574 2469 excita,
1600 2440 1710 2474 uttiqtte
1727 2442 1768 2468 it.—

981 2487 1087 2513 sidiaus
1100 2486 1232 2516 accurrit,
1251 2490 1277 2512 et
1292 2485 1356 2511 dum
1378 2490 1506 2512 eventum
1531 2491 1684 2518 exspectat,
1703 2487 1766 2519 sibi,

981 2538 1010 2559 ut
1027 2533 1156 2568 sperabat
1178 2532 1301 2558 futurum
1318 2531 1423 2562 utilem,
1442 2532 1510 2558 tanti
1526 2533 1695 2564 certaminis,
1727 2534 1769 2559 in-

981 2580 1060 2607 terim
1085 2579 1195 2613 sanguis
1213 2579 1286 2613 large
1314 2578 1401 2605 fluens
1424 2586 1438 2605 c
1462 2579 1620 2606 vulneribus
1647 2588 1769 2614 pugnan-

981 2627 1047 2653 tium
1073 2626 1110 2652 illi
1136 2625 1248 2651 salivam
1282 2624 1384 2657 movit;
1415 2632 1500 2658 quare
1523 2624 1657 2652 accedens
1685 2631 1769 2660 cmptt

980 2672 1096 2706 lingere.
1115 2670 1307 2704 auspicarique
1323 2671 1399 2703 quasi
1416 2670 1612 2705 promulsidem
1630 2671 1769 2699 uberioris

980 2725 1042 2744 mox
1062 2717 1201 2744 amuxura:
1232 2723 1326 2743 tuante.
1360 2715 1460 2741 Verum
1495 2715 1535 2742 illi
1557 2723 1619 2742 caro
1645 2718 1770 2744 constitit

981 2774 1030 2793 sua
1046 2765 1183 2799 cupiditas
1202 2772 1208 2791 :
1225 2771 1285 2790 nam
1302 2764 1354 2788 arti
1384 2762 1464 2790 furiis
1483 2763 1528 2790 ira:
1545 2765 1768 2795 recrudescentis

979 2812 1061 2840 atnbo
1076 2811 1177 2844 aemuli,
1193 2811 1261 2838 dttm
1275 2810 1366 2838 infesti
1381 2819 1409 2838 se
1423 2815 1518 2838 mutue
1543 2811 1689 2846 impetum,
1710 2815 1769 2843 vul.

1533 2859 1567 2889 40
