1913 3068
158 134 226 168 1259

872 124 1079 157 APPE‘NDIX.

1721 121 1795 154 1250

153 204 215 232 pem
242 194 314 222 forte
338 194 527 221 incurrentem
551 189 669 218 mediam
699 186 944 217 vehementissimo
959 191 982 218 Α
997 186 1051 212 vita
1072 184 1213 220 indignum
1227 184 1374 219 profitetur
1384 182 1516 211 obnoxie.
1547 181 1651 210 Tundit
1662 182 1698 209 ad
1727 182 1790 210 hate

151 241 274 275 capitum
288 239 368 266 allisn
383 238 588 265 contriverunt.

187 285 259 312 Xlll.
288 285 409 318 Pergens
439 287 530 309 asceta
568 284 659 315 empto
689 279 808 310 itinere,
833 283 948 311 vespere

154 331 253 360 incidit
281 334 308 358 in
337 329 487 358 coriarium
504 327 571 355 satis
592 327 741 353 humanum
756 345 763 357 ,
780 323 826 358 qui
846 322 949 350 reveri-

155 383 199 407 tus
227 377 382 412 hospitem,
406 374 520 402 deduxit
555 372 667 399 domum
699 369 832 403 uxorique
871 375 947 395 com-

154 423 308 455 mendavit,
333 428 470 450 excusans
492 427 522 446 se
543 417 697 446 condixisse
722 416 810 443 amico
834 413 867 440 ad
890 419 947 439 co:-

155 478 230 498 nam.
245 470 370 498 Habebat
381 473 530 495 amatorem
543 465 643 500 conjux
657 463 778 494 coriarii,
793 466 822 489 et
850 467 949 494 seque-

157 521 214 544 stra
229 514 357 551 ﬂagitiosi
365 512 523 541 commercii
540 511 628 538 vicina
646 509 786 539 utebatur,
803 513 886 533 uxore
900 512 947 531 ar.-

158 562 238 589 lilicis
253 561 435 588 umbellarum
448 568 455 591 ;
469 558 513 586 cui
529 563 592 584 tunc
606 556 632 583 in
644 561 752 587 aurem,
778 559 875 580 secura
898 551 947 577 ho-

159 608 247 642 spitis.
260 607 357 637 Curre,
367 606 415 637 ait,
425 605 513 632 amico
529 604 624 630 nuntia
640 605 748 634 tempus
759 606 819 626 esse
832 597 947 625 venien-

158 654 185 680 di
202 662 263 680 cum
280 654 322 679 vir
337 652 427 678 abest.
444 649 535 678 Fluxit
559 647 623 675 inde
644 651 685 674 sat
709 645 826 672 multum
852 642 945 678 spatii,

158 703 294 730 morante,
313 697 406 724 nescio
429 703 510 730 quam
533 694 569 721 ob
596 699 716 722 causam,
738 690 862 717 adultero
878 696 885 716 :
900 687 946 722 qui

158 744 205 770 ubi
221 743 328 770 tandem
346 742 378 768 ad
391 741 462 768 fores
487 739 584 770 astitit,
607 745 672 765 ecce
689 737 743 772 jam
760 735 845 762 redux
861 733 948 760 coria-

159 791 217 817 rius
229 790 339 816 domum
358 787 488 815 intrabat.
506 786 619 813 Multum
636 785 659 811 is
675 783 731 810 vini
746 790 824 810 cmna
840 781 884 807 illa
902 787 948 806 ex-

159 837 302 868 hauserat,
328 842 379 861 nec
403 832 547 860 constabat
573 831 653 866 plane
681 828 831 859 sensibus;
854 831 945 853 tamen

159 879 205 906 tali
221 879 282 904 loco
297 883 325 904 et
343 882 465 910 tempore
480 875 580 909 compti
595 873 706 909 juvenis
717 879 847 899 occursus
872 869 944 897 haud
963 863 983 891 Β

159 929 260 952 temere
280 923 463 957 suspicionem
485 921 580 948 movit.
607 918 782 953 Temperavit
807 915 947 944 nihilomi-

158 977 211 997 nus
231 970 302 996 facto
330 969 439 995 dictove
463 967 594 1002 graviori,
617 969 645 992 et
664 965 742 991 illum
759 962 842 990 modo
869 966 946 989 torve

159 1015 286 1046 intuitus,
304 1014 377 1040 aedes
401 1012 487 1042 subit,
508 1015 621 1046 portans
646 1010 720 1037 intus
747 1016 810 1036 acre
826 1007 946 1043 jurgium

158 1061 191 1088 ad
207 1066 438 1094 uxorem;quam,
452 1062 481 1084 ut
497 1058 613 1091 prilnum
631 1055 769 1090 apparuit,
784 1053 870 1088 plagis
883 1060 948 1079 con-

156 1114 247 1134 tusam
259 1106 291 1133 ad
304 1106 367 1133 lecti
377 1106 494 1132 fulcrum
508 1103 657 1138 alligat;ae
677 1106 798 1136 repente.
810 1100 882 1134 quod
896 1099 948 1126 du-

159 1155 223 1181 dum
248 1153 378 1188 poseebat
408 1158 549 1186 gravatum
581 1156 657 1176 utero
676 1152 769 1182 caput,
795 1154 892 1174 somno
918 1153 948 1172 se

159 1200 254 1228 tradit.
278 1199 418 1226 Stertente
435 1199 490 1232 jam
507 1196 577 1227 viro,
606 1199 686 1222 vocat
711 1201 827 1221 susurro
851 1192 948 1219 mulier

160 1254 244 1282 prope
260 1247 388 1274 latentem
398 1245 503 1276 lenam;
516 1248 552 1276 et,
562 1241 678 1273 Amabo,
691 1241 791 1275 inquit,
804 1240 878 1267 solve
890 1244 949 1265 tan-

160 1293 246 1327 tisper
261 1300 316 1323 me,
339 1296 420 1325 teque
443 1289 573 1317 vicariam
596 1288 629 1315 ad
654 1288 736 1314 breve
761 1285 879 1321 spatium
906 1285 950 1311 his

159 1337 304 1366 commoda
329 1336 458 1363 vinculis.
485 1334 648 1362 Admonebo
670 1340 686 1360 e
712 1333 832 1360 fenestra
851 1330 950 1366 paucis

159 1384 253 1411 verbis
276 1382 422 1414 amasium,
447 1386 523 1408 extra
542 1385 572 1407 ut
592 1383 650 1407 tute
677 1378 805 1405 indicasti
836 1381 950 1412 praesto-

161 1430 273 1460 lantem,
292 1435 342 1454 nos
371 1427 415 1453 hic
430 1426 490 1461 ejus
514 1432 597 1452 causa
620 1423 724 1456 vexari,
745 1422 949 1457 quamprimum

162 1475 197 1502 ab
211 1479 239 1501 at
255 1478 283 1500 et
297 1472 472 1507 suspiciones
487 1471 565 1503 vitet,
579 1477 698 1504 moxque
722 1469 776 1496 huc
803 1475 845 1495 me
860 1468 948 1502 ligan-

162 1521 225 1547 dam
250 1520 348 1546 iterum
375 1517 499 1545 reddam.
521 1516 638 1543 Necesse
654 1519 746 1542 autem
770 1518 813 1541 est
831 1513 876 1540 hic
895 1512 949 1539 mei

163 1567 222 1594 loco
238 1569 361 1600 perstare
388 1567 426 1595 te,
454 1570 488 1589 ne
506 1562 569 1595 ille,
601 1562 671 1588 forte
699 1560 844 1595 evigilans,
867 1564 895 1586 et
908 1558 950 1584 fu-
965 1543 987 1573 ε

163 1613 233 1647 gisse
251 1619 295 1637 me
310 1610 442 1641 sentiens,
457 1614 586 1643 erumpat
603 1607 629 1634 in
647 1607 743 1634 furias.
766 1606 886 1636 Dictum,
913 1604 952 1630 fa-

163 1664 250 1686 ctmn.
266 1657 300 1684 At
317 1664 382 1683 ecce
398 1656 463 1682 dum
475 1659 597 1681 moratur
608 1653 742 1684 adultera,
753 1651 889 1679 coriarius
903 1658 952 1677 ex—

164 1702 340 1737 pergiseitur,
378 1707 493 1726 uxorem
523 1702 612 1725 vocat.
646 1697 718 1724 Lena
748 1704 781 1723 ne
809 1702 875 1722 voce
901 1695 951 1721 dc—

164 1746 362 1781 prehendatur.
376 1744 457 1776 silet;
472 1744 582 1775 iterum,
596 1742 688 1774 tertio,
703 1739 868 1768 contentiori
881 1747 954 1767 scm-

164 1799 213 1826 per
230 1799 298 1819 sono
316 1798 415 1817 nomen
436 1790 577 1816 inclamat.
597 1788 686 1815 Surdo
706 1787 825 1815 canitur.
844 1785 884 1813 Ad
901 1793 953 1812 ex-

166 1843 285 1865 tremum
303 1837 470 1864 vociferatur
485 1835 688 1862 excandescens
701 1842 708 1860 :
723 1833 789 1866 Quae
805 1832 874 1864 haec,
892 1839 952 1858 ma-

163 1884 236 1911 lum!
259 1881 454 1910 contumacia?
471 1881 609 1914 simulque
626 1884 737 1914 arrepto
758 1887 806 1914 per
824 1880 953 1906 tenebras

165 1930 288 1963 cultello,
298 1928 433 1963 negantis,
446 1931 476 1954 ut
487 1926 612 1961 putabat,
626 1925 826 1952 contumeliose
838 1932 953 1958 respon-

164 1983 226 2004 sum
245 1974 340 2002 uxoris
356 1981 453 2001 nasum
471 1972 624 2004 abscindit;
643 1978 795 2006 rursusque
832 1978 953 2006 praegra-

165 2027 245 2050 vante
264 2020 375 2056 crapula
393 2026 520 2054 soporem
540 2018 652 2053 repetit.
673 2017 755 2044 Redit
775 2025 855 2049 uxor,
872 2017 952 2044 adul-

167 2074 227 2097 tero
242 2068 369 2098 dimisso,
387 2066 574 2102 ejulatumquc
591 2071 692 2099 magno
708 2068 807 2091 conatu
825 2070 953 2098 premen-

166 2117 202 2143 tis
229 2116 402 2142 leuanocum
431 2116 459 2139 et
486 2111 593 2137 vincula
609 2111 734 2143 resumit,
770 2110 827 2144 ipsa
842 2108 954 2136 dontum

165 2169 228 2190 euIn
246 2168 312 2188 naso
327 2159 354 2186 in
372 2165 454 2185 manu
469 2156 594 2184 remissa.
610 2155 648 2183 Ea
663 2155 783 2191 digressa
798 2155 895 2189 incipit
908 2161 955 2180 va-

999 236 1106 266 pcctus,
1127 232 1155 258 in
1170 238 1258 265 genua
1275 230 1405 264 procidit,
1419 230 1528 256 veniam
1543 233 1630 264 rogat,
1651 233 1791 256 aeternum

1000 285 1122 305 amoretn
1149 276 1412 311 venerationetnque
1437 275 1593 310 pollicetur.

1037 322 1107 350 XIV.
1129 322 1206 350 Lena
1233 322 1343 348 Interim
1369 321 1468 348 misera
1494 320 1689 351 dormientem,
1709 325 1794 347 nocte

1001 369 1095 403 utique
1112 367 1258 400 concubia,
1276 367 1350 394 domi
1367 367 1457 393 virum
1477 371 1566 397 nacta,
1585 366 1724 393 assidebat
1742 374 1793 401 ge-

1000 422 1078 442 mens
1090 414 1208 449 jacentis
1222 413 1304 445 lecto,
1329 413 1445 440 sollicita
1459 419 1541 446 quam
1557 419 1667 439 causam
1688 412 1793 445 allega-

1002 465 1043 487 ret
1057 459 1281 494 deprehendendi
1298 466 1359 486 mox
1379 459 1512 486 vulneris.
1529 459 1598 485 Dum
1617 459 1703 485 multa
1721 458 1794 484 deli-

1000 507 1088 537 berat,
1105 510 1134 533 et
1149 505 1218 533 nihil
1240 505 1364 539 expedit,
1383 505 1462 539 signo
1479 505 1636 531 admonitus
1661 504 1792 530 familiari

1000 551 1115 578 secundi
1143 550 1273 586 gallicinii
1291 550 1479 581 umbellarius.
1504 555 1589 578 strato
1606 558 1634 577 se
1653 551 1791 584 proripit,

1000 605 1031 624 ac
1044 598 1114 624 inter
1126 596 1274 624 sumendas
1289 600 1378 622 vestes
1389 596 1424 623 de
1437 603 1514 623 more
1528 604 1639 623 uxorem
1654 598 1792 624 excit-vna.

999 642 1085 675 Cedo,
1111 641 1210 676 inquit,
1229 642 1262 669 da
1280 642 1306 669 in
1322 649 1420 669 manus
1435 643 1639 676 quamprimum
1660 641 1685 668 in
1705 642 1791 668 oflici~

999 696 1062 716 nam
1088 688 1120 715 ad
1139 695 1209 723 opus
1234 687 1394 722 profecturo
1420 687 1603 714 instrumenta
1621 687 1725 714 laboris
1743 695 1792 713 no-

999 735 1059 762 stri.
1088 734 1210 766 Utuntur
1242 733 1469 760 umbraculorum
1489 741 1504 760 e
1527 733 1644 767 pellibus
1669 738 1791 760 sutores.

998 786 1098 816 prater
1114 788 1181 807 actts
1194 784 1221 807 et
1236 779 1346 807 forfices
1361 779 1525 813 similiaque,
1543 779 1619 806 brevi
1636 779 1791 813 pra‘scrtim

999 827 1046 854 sed
1063 827 1118 853 lato
1141 826 1243 857 cultro,
1261 825 1437 852 semilunaris
1450 824 1554 856 formtc,
1569 832 1630 852 cunt
1644 825 1793 851 manubrio

999 881 1014 899 a
1033 877 1120 906 tergo,
1136 871 1256 899 rotundo
1269 879 1320 898 nec
1335 871 1428 906 longo,
1445 877 1500 905 quo
1518 874 1629 905 arrepto
1645 870 1732 904 pelles
1747 878 1794 897 su-

1001 927 1050 955 per
1065 919 1184 946 tabnlam
1207 923 1335 945 extensus
1350 917 1548 950 incumbendo,
1562 922 1590 944 et
1606 917 1793 944 semiorbicu-

1000 966 1085 993 larem
1101 965 1181 992 cultri
1197 964 1329 992 ambitum
1347 963 1481 998 gyrando,
1496 967 1607 994 secant;
1625 963 1792 989 novaculam

1001 1010 1147 1038 coriariam
1163 1009 1280 1037 dixeris.
1294 1009 1370 1037 Hanc
1379 1016 1462 1036 unam
1474 1015 1507 1036 ex
1519 1008 1656 1040 omnibus,
1672 1015 1793 1042 poscen-

1002 1058 1021 1084 ti
1038 1057 1105 1084 artis
1120 1064 1221 1092 organa
1250 1056 1361 1088 marito,
1384 1055 1505 1090 perrexit
1522 1054 1550 1082 in
1573 1054 1697 1082 tenebris
1723 1062 1794 1081 uxor

1001 1102 1162 1134 obtrudere,
1178 1101 1333 1136 excipiente
1350 1105 1447 1128 contra
1464 1101 1521 1132 illo,
1538 1100 1576 1127 Da
1592 1104 1691 1127 cuncta
1708 1099 1794 1127 simul

1003 1148 1030 1176 in
1050 1156 1132 1175 unam
1150 1147 1265 1175 collecta
1281 1148 1391 1178 cistam,
1416 1153 1471 1173 non
1495 1146 1548 1174 hoc
1575 1145 1793 1173 instrumentum

1002 1195 1091 1222 solum
1113 1198 1188 1229 peto.
1206 1193 1274 1221 Cum
1290 1197 1382 1220 autem
1401 1193 1447 1219 illa
1471 1192 1561 1220 nihilo
1590 1191 1681 1219 secius
1709 1191 1795 1218 tertio

1002 1245 1155 1276 quartaque
1179 1240 1300 1268 cultrum
1327 1238 1547 1266 semirotundum
1571 1243 1724 1273 oggereret,
1746 1237 1794 1264 ille

1003 1287 1107 1321 impetu
1121 1293 1244 1320 prreceps
1268 1285 1317 1312 ira:
1337 1285 1455 1312 furentis
1472 1294 1478 1311 :
1497 1284 1538 1312 Dii
1554 1289 1580 1311 te
1594 1284 1711 1318 perdant
1731 1292 1796 1318 per-

1004 1332 1140 1359 ducantve
1160 1331 1187 1358 in
1202 1332 1303 1358 malam
1318 1339 1375 1358 rem
1391 1339 1454 1358 cum
1474 1335 1521 1358 tua
1541 1330 1628 1357 isthac
1645 1330 1792 1360 novacula,

1003 1385 1085 1412 quam
1103 1377 1131 1404 in
1156 1381 1239 1412 caput
1258 1377 1319 1409 tibi,
1337 1381 1366 1403 ut
1383 1376 1465 1411 digna
1479 1383 1518 1409 es,
1540 1376 1661 1408 remitto,
1680 1376 1794 1410 quando

1003 1424 1085 1452 istum
1102 1423 1190 1457 placet
1201 1423 1271 1457 ejus,
1286 1427 1415 1457 tanquam
1430 1422 1503 1457 pilze,
1517 1422 1550 1449 ad
1565 1429 1608 1448 me
1621 1430 1709 1455 usque
1724 1422 1792 1448 mis-

1003 1469 1131 1502 sitandze,
1149 1468 1244 1496 ludum
1262 1467 1410 1495 ridiculum
1431 1467 1537 1494 ludere.
1558 1466 1607 1493 Hic
1622 1471 1733 1500 arrepto
1759 1468 1792 1492 ad

1004 1519 1098 1542 votum
1118 1520 1241 1548 tempore
1265 1513 1363 1541 mulier
1395 1513 1557 1540 acutissime
1597 1513 1792 1541 vociferatur;

1004 1561 1060 1588 Heu
1076 1561 1176 1588 nasusl
1193 1560 1246 1587 heu
1263 1561 1358 1587 nasus!
1377 1559 1471 1586 Excita
1485 1559 1575 1587 sonitu
1592 1559 1712 1586 accurrit
1728 1559 1796 1585 vici-

1003 1606 1047 1633 nia
1061 1614 1123 1634 cum
1140 1606 1257 1638 facibus,
1270 1605 1364 1633 vident
1379 1613 1475 1633 nasum
1491 1605 1616 1633 mulieris
1631 1613 1646 1632 a
1662 1605 1733 1632 facie
1748 1614 1794 1631 re-

1002 1652 1089 1679 cisum
1104 1661 1110 1679 :
1127 1652 1227 1679 tollunt
1239 1652 1378 1686 jacentem
1393 1652 1513 1678 cultrum
1528 1657 1682 1682 auctorem.
1697 1656 1727 1678 ut
1743 1659 1794 1685 pn-

1004 1697 1243 1730 tabant,vulneris.
1253 1697 1411 1724 Accersitus
1419 1697 1508 1724 aedilis
1515 1705 1577 1724 cum
1588 1697 1742 1727 lictoribus,
1753 1698 1794 1723 vi-

1004 1752 1064 1770 rum
1073 1743 1174 1771 frustra
1183 1749 1339 1771 causantem
1350 1743 1478 1771 tenebras
1484 1748 1511 1770 et
1520 1751 1652 1773 errorem,
1663 1747 1793 1778 tanquam

1004 1790 1132 1817 immanis
1142 1789 1308 1817 carnificina:
1317 1793 1490 1824 compertum
1504 1788 1615 1823 abripit,
1628 1789 1687 1822 lege
1698 1789 1794 1822 utique

1005 1835 1188 1869 plectendutn.
1201 1835 1359 1862 Crebreseit
1373 1834 1508 1862 tumultus
1521 1838 1579 1861 toto
1595 1835 1672 1867 vico;
1685 1834 1795 1868 inquie-

1006 1886 1078 1909 tatur
1092 1882 1133 1908 vcl
1147 1881 1262 1908 maxime
1275 1881 1384 1908 coriarii
1397 1880 1514 1914 domus;
1529 1881 1610 1915 hujus
1631 1888 1715 1907 umre
1737 1888 1794 1916 quo

1004 1935 1084 1954 suum
1111 1927 1196 1960 magis
1210 1926 1331 1955 dedecus
1347 1929 1461 1961 tegeret,
1481 1926 1612 1953 admirari
1630 1934 1659 1953 se
1673 1926 1765 1954 mavin
1779 1935 1794 1954 e

1005 1975 1194 2010 indignarique
1207 1974 1365 2002 simulante.
1375 1974 1409 2002 At
1423 1981 1517 2002 secum
1532 1974 1672 2001 solitarius
1685 1984 1691 2000 ι
1706 1974 1793 2006 Itane,

1005 2021 1104 2055 inquit,
1122 2021 1148 2047 in
1172 2020 1288 2055 singulis
1312 2020 1440 2055 hospitiis
1461 2019 1607 2055 tragoedias
1633 2020 1793 2048 inveniam!

1005 2068 1119 2095 Praestat
1133 2067 1247 2094 domum
1260 2066 1374 2099 reverti,
1387 2066 1594 2101 desperareque
1607 2067 1796 2101 recuperatio-

1006 2121 1068 2140 nem
1082 2113 1235 2140 ablatarum
1248 2111 1321 2139 furto
1332 2112 1459 2139 vestium.
1473 2112 1526 2139 Sed
1539 2112 1617 2147 prius
1629 2112 1718 2139 obiter
1728 2120 1796 2139 con-

1007 2159 1101 2186 venire
1112 2166 1204 2193 regem
1214 2158 1314 2193 placet,
1323 2162 1352 2184 ut
1361 2165 1424 2184 eum
1437 2165 1505 2184 mea:
1515 2157 1684 2192 paenitentiae
1693 2162 1793 2184 testem

167 2208 207 2235 fra
225 2206 323 2233 mulier
342 2205 415 2232 clara
432 2210 500 2231 voce
520 2202 648 2229 invocare
664 2201 731 2228 deos
748 2208 854 2232 omnes,
873 2204 955 2227 testes
971 2209 993 2237 ο
1009 2205 1167 2232 adhibeam,
1184 2203 1223 2230 Ad
1246 2203 1337 2230 aulam
1350 2203 1486 2238 ρει-νεηίι,
1503 2203 1669 2233 ηαωίιιίιυιι.
1693 2202 1795 2229 agatur

168 2252 333 2280 innocentia:
355 2249 461 2277 scilicet
477 2255 543 2280 suae.
561 2255 593 2275 ac
609 2247 643 2274 de
658 2246 794 2273 industria
809 2253 878 2273 sono
893 2250 953 2272 tan—

170 2305 197 2327 to
223 2299 270 2333 qui
289 2301 382 2332 posset
399 2294 520 2329 sopitum
538 2293 670 2324 excitare,
687 2292 840 2320 vetularum
858 2299 954 2326 super-

168 2343 329 2372 stitionibus
343 2342 420 2369 tritas
432 2340 564 2367 formulas
573 2340 633 2366 sine
647 2339 699 2366 fine
715 2338 838 2374 replicat.
849 2337 954 2365 Excus-

167 2399 198 2418 so
209 2390 284 2417 hisee
297 2387 465 2416 clamoribus
475 2394 572 2414 somno
584 2386 740 2420 indignatus
751 2385 792 2411 vir
806 2393 813 2410 :
826 2383 885 2411 Non
897 2390 956 2410 ces-

169 2435 255 2466 sabis,
273 2433 373 2468 inquit,
393 2433 557 2466 obstrepere
572 2431 614 2458 vel
630 2430 701 2457 malo
715 2429 817 2456 domitu
833 2428 954 2455 trivene-

169 2479 235 2507 ﬁca?
245 2480 271 2506 Si
282 2478 384 2513 pergis,
397 2481 458 2512 post
470 2484 565 2504 nasum
577 2476 696 2510 linguam
709 2474 879 2502 exscindam.
893 2474 954 2501 Non

168 2527 244 2561 prius
260 2524 383 2559 qtndem,
395 2523 485 2558 inquit
495 2523 636 2557 illa,quam
645 2529 679 2548 ex
690 2521 740 2548 hac
749 2520 881 2553 audieris,
898 2521 954 2547 vir-

169 2576 254 2598 tutem
265 2577 351 2596 nti-am
362 2569 466 2596 caslesti
480 2576 541 2595 esse
549 2568 705 2595 testimonio
715 2567 858 2601 probatam
871 2575 878 2599 ;
890 2574 953 2592 nam

167 2615 270 2643 exorati
280 2614 360 2649 justis
371 2613 440 2640 meis
449 2612 577 2647 precibus
586 2611 640 2643 dei,
649 2618 744 2637 nasum
757 2609 825 2636 mihi
838 2614 889 2636 ate
904 2609 954 2635 im-

169 2661 214 2696 pie
239 2665 394 2687 truncatum
417 2658 610 2686 reddiderunt.
638 2657 785 2684 Perculsus
801 2656 876 2684 dicto
913 2657 954 2682 vir

170 2707 269 2741 raptim
286 2713 434 2741 exsurgens
447 2705 577 2740 lychnum
591 2703 729 2734 accendit,
741 2707 768 2729 et
779 2709 875 2728 nasum
888 2709 954 2727 uxo-

169 2753 217 2783 ris,
235 2753 311 2786 cujus
333 2750 437 2778 exsecti
452 2757 551 2777 cruore
567 2757 664 2777 manus
677 2749 767 2776 adhuc
782 2749 902 2776 habebat
915 2750 954 2774 in-

169 2799 264 2830 l‘cctas,
284 2798 343 2824 sine
359 2796 496 2824 cicatricis
510 2796 625 2830 vestigio
639 2803 736 2823 sanum
768 2796 876 2827 videns,
892 2803 954 2822 san-

169 2849 240 2870 ctam
254 2844 337 2871 ipsam
356 2847 383 2869 et
401 2842 454 2869 diis
468 2850 519 2869 suo
535 2841 632 2868 merito
647 2842 769 2875 clturam,
786 2849 814 2869 se
833 2850 908 2869 reum
928 2847 954 2869 et

1007 2251 1159 2286 principem
1176 2250 1219 2277 his
1236 2249 1329 2276 verbis
1345 2258 1352 2275 :
1372 2249 1498 2281 Peccavi,
1516 2249 1638 2278 domine.
1654 2257 1717 2275 cum
1734 2258 1797 2276 ere-

1007 2304 1081 2323 mum
1099 2297 1165 2323 urbe
1185 2296 1256 2331 regia
1272 2295 1396 2328 mutavi;
1414 2303 1477 2322 cum
1495 2295 1651 2322 eblanditus
1664 2300 1718 2322 ate
1735 2303 1796 2322 mu-

1006 2351 1084 2375 nera,
1102 2342 1192 2369 libens
1206 2342 1401 2377 gratulansqne
1418 2341 1531 2368 domum
1546 2341 1639 2373 retuli,
1661 2348 1715 2367 non
1731 2341 1795 2368 talia

1006 2386 1158 2421 pollicitus,
1169 2386 1280 2419 quando
1298 2385 1325 2412 in
1344 2386 1416 2412 hanc
1439 2390 1543 2412 sectam
1562 2393 1661 2412 nontcn
1683 2386 1793 2412 dabam.

1007 2431 1061 2459 Sed
1079 2435 1223 2466 peccatum
1234 2430 1272 2457 lui
1284 2430 1489 2457 circumventus
1505 2430 1579 2457 furto
1593 2430 1745 2457 domestico
1759 2431 1794 2456 ab

1005 2477 1175 2505 cmentiente
1190 2476 1321 2509 ascesim,
1335 2476 1411 2503 sicut
1427 2483 1478 2510 ego
1496 2475 1580 2502 vitam
1597 2475 1713 2502 aulicam
1730 2482 1795 2502 00L-

1007 2528 1046 2550 tra
1061 2522 1219 2549 institutum
1236 2521 1439 2549 affectaveram.
1456 2520 1582 2555 Spuliato
1597 2525 1625 2548 et
1640 2521 1792 2555 requirenti

1007 2568 1186 2603 rapta,biduo
1197 2568 1315 2603 plurima
1323 2569 1500 2602 contigerunt
1514 2575 1576 2601 quas
1594 2574 1637 2594 me
1649 2566 1792 2599 docerent,

1007 2614 1148 2649 inuigilare
1163 2613 1267 2640 mundo
1280 2613 1493 2649 providentiam,
1507 2614 1532 2640 id
1545 2613 1642 2640 sedulo
1657 2617 1792 2648 agentem.

1008 2665 1037 2686 ut
1054 2660 1082 2687 in
1096 2660 1246 2694 perniciem
1260 2666 1403 2687 auctorum
1416 2667 1499 2694 prave
1515 2664 1576 2686 acta
1591 2659 1727 2686 recidant.
1746 2659 1794 2686 ll.e

1007 2706 1062 2741 regi
1079 2706 1199 2733 narravit
1216 2714 1252 2740 qu
1261 2714 1277 2732 Β
1290 2706 1427 2733 hactenus
1440 2706 1513 2732 dicta
1525 2710 1600 2736 sunt.
1621 2705 1717 2739 sicque
1731 2713 1795 2731 con—

1008 2752 1085 2779 tinuo
1102 2752 1233 2786 colligens
1259 2752 1353 2778 intulit
1368 2760 1375 2779 :
1388 2751 1473 2778 Avida
1493 2751 1588 2786 vulpes
1613 2751 1734 2785 ingluvie
1746 2758 1794 2777 sua

1007 2797 1288 2832 periit;temulentum
1299 2798 1374 2824 ctira
1387 2797 1554 2831 prazcipitem
1564 2796 1712 2823 curiarium
1729 2803 1796 2822 suus

1008 2851 1088 2871 error
1095 2844 1168 2870 ultus
1176 2839 1232 2876 cst;
1243 2843 1304 2870 lena
1315 2844 1419 2879 proprii
1429 2843 1487 2871 nasi
1496 2843 1627 2876 iacturam
1636 2843 1796 2883 nupdinau-
