1913 3068
113 126 179 158 ῙΞ63

828 128 1031 158 ΛΙῚἛΝΟΙΧ.

1666 128 1733 163 ῙΞῦι

111 188 265 219 Recteista,
279 186 380 221 inquit,
397 185 515 220 diceres,
530 187 551 214 si
567 186 651 214 robur
670 192 765 215 taurus
782 188 896 215 solertia
909 189 933 219 Α
947 187 1038 221 ipsum
1052 193 1146 213 ausus.
1170 185 1307 222 Fugiego;
1325 186 1390 222 quid
1411 186 1486 214 enim
1503 191 1626 222 poteram
1643 189 1735 217 alium

109 235 272 263 destitutum
298 234 435 261 obtineret
456 242 463 262 :
486 234 560 267 atqui
580 234 650 261 idem
675 239 808 268 praeterea
829 242 896 269 pru-

109 283 291 311 dentissimus
316 286 369 308 est.
398 280 477 312 Vere,
501 281 539 308 ait
559 280 723 315 Vestigator,
737 286 765 309 et
779 281 831 309 hoc
855 282 896 308 lo-

109 329 213 364 queris.
239 327 373 354 Caeterum
397 331 424 353 et
449 334 499 354 nos
515 326 618 360 aliquid
643 327 765 354 valemus
790 327 817 353 in
844 327 895 354 hac

111 379 200 410 parte,
222 381 278 408 quo
302 380 358 400 non
391 372 529 399 immerito
560 379 701 406 speremus
720 372 894 407 przevalitura

111 418 288 454 quantaelibet
311 417 452 450 sagacitati
467 417 527 452 ejus
544 416 660 443 artiﬁcia
674 421 779 449 nostra,
795 424 893 451 passu-

111 472 229 499 rumque
244 464 320 491 illum
335 463 387 490 tale
397 462 538 497 quidpiam
552 469 566 488 a
580 462 661 488 nobis
676 462 756 496 quale
771 463 836 489 olim
851 462 894 488 leo

111 512 222 547 quidam
235 519 249 538 a
263 511 367 545 lepore,
380 509 504 544 dejectus
518 508 551 535 ab
567 515 599 535 eo
612 513 688 534 tanto
700 507 850 534 inﬁrmiore
862 515 893 534 ac

111 559 265 593 perculsus,
285 562 316 584 ut
331 564 393 583 mox
412 555 518 581 audies.
537 554 689 581 lncubabat
706 554 810 588 regioni
826 554 893 580 bene

110 605 230 640 pascuis,
242 608 267 630 et
278 611 326 638 per
333 603 385 629 hoc
393 601 467 628 omni
474 601 583 627 animan
589 600 653 626 tium
664 607 763 634 genere
774 599 892 630 referne,

111 654 187 679 ferus
216 650 327 685 quidam
352 649 407 681 leo,
434 646 602 681 quolidianis
626 645 778 672 latrociniis
809 653 893 678 agens

109 699 255 731 ferensque
280 695 395 722 miseras
404 693 518 724 bestias,
531 692 600 719 adeo
611 697 639 718 ut
648 691 728 718 anxio
738 691 893 718 constrich

110 748 195 776 metu,
226 742 278 769 frui
306 740 383 774 copia
410 739 558 773 nequirent
585 745 667 772 quam
696 737 746 764 soli
780 736 892 763 ubertas

108 787 282 822 suggerebat.
300 786 371 820 Ergo
393 784 456 815 illae,
469 783 585 810 consilio
606 782 710 813 habito,
726 782 890 816 legationem

109 835 142 860 ad
165 840 228 860 eum
254 832 407 859 decernunt
432 830 515 864 hujus
542 828 684 856 sententiae
709 837 716 854 :
745 827 845 855 Omnes
867 831 892 854 te

108 878 250 906 dominum
260 877 433 911 agnoscimus
447 895 454 907 ,
463 879 489 902 ct
497 879 527 901 ut
537 875 582 902 tali
593 874 744 905 studentes,
757 874 890 900 rationem

107 923 308 960 exquisivimus
327 929 381 957 qua
399 927 426 949 et
442 927 471 948 tu
497 922 620 948 laborem
638 920 791 947 venationis
806 920 891 946 lucri-

107 973 222 1002 laceres,
235 974 262 996 et
278 977 338 1000 nos,
351 968 424 1003 quod
439 972 485 994 tua
497 967 580 994 etiam
596 967 721 997 interest,
737 966 810 999 pasci
822 965 889 992 citra

106 1015 371 1047 consternationem,
387 1019 470 1048 atque
482 1013 518 1039 ita
533 1012 712 1047 pinguescere
728 1019 869 1045 possemus
883 1019 889 1037 :

108 1070 162 1089 non
183 1067 343 1088 recusamus
357 1059 443 1090 enim,
465 1058 577 1092 quando
598 1057 655 1084 haec
678 1062 723 1083 tua
744 1061 772 1083 et
796 1060 890 1083 nostra

107 1108 216 1134 fortuna
235 1110 288 1137 cst,
305 1104 370 1139 quin
390 1103 531 1134 carnibus,
556 1107 586 1129 ut
607 1102 688 1134 soles,
707 1102 807 1128 nostris
823 1109 891 1136 cpu-

106 1153 182 1181 leris.
195 1151 389 1179 Conditionem
399 1156 463 1176 ecce
477 1148 560 1184 igitur
571 1148 620 1175 tibi
632 1148 745 1175 ferimus
762 1148 891 1181 utrinque

106 1196 277 1225 commodam
302 1203 309 1221 :
337 1199 366 1221 ιιι
393 1193 442 1221 tibi
468 1201 554 1219 unum
572 1200 586 1219 e
604 1192 706 1219 nostris
733 1199 834 1226 corpus
862 1199 889 1217 in

106 1243 197 1270 cibum
226 1241 360 1272 mittatur,
387 1245 415 1266 tu
437 1244 529 1266 autem
558 1246 591 1265 eo
606 1237 706 1264 diurno
730 1242 888 1268 contentus,

107 1289 220 1322 fatigare
236 1292 261 1313 te
277 1293 309 1313 ac
326 1291 430 1312 terrere
449 1292 499 1311 nos
521 1284 642 1311 desinas.
665 1283 771 1310 Placuit
789 1291 890 1317 propo-

105 1333 169 1359 sitio
182 1331 254 1359 leoni
269 1341 275 1357 :
291 1331 477 1364 deincepsque
492 1328 653 1363 quotidiana
663 1327 809 1355 sortitione
819 1327 886 1354 desi-

105 1383 216 1413 gnatum
245 1377 344 1404 animal
373 1383 469 1408 unum,
498 1383 512 1401 a
537 1375 644 1402 delecto
666 1374 699 1401 ad
723 1373 749 1400 id
780 1373 889 1408 publice

105 1424 233 1451 ministro
247 1422 434 1450 deducebatur
451 1421 483 1447 ad
500 1421 620 1447 leonem.
637 1420 700 1446 l’ost
716 1419 818 1446 multos
831 1419 890 1445 dics

105 1474 179 1496 sorte
191 1469 338 1495 damnatus
348 1467 426 1501 lepus
437 1466 476 1493 sic
489 1466 516 1492 in
535 1465 654 1493 concilio
671 1465 822 1492 bestiarum
848 1468 890 1491 cst

104 1515 213 1542 locutus
233 1522 239 1540 :
258 1513 286 1540 Si
298 1521 341 1539 me
355 1520 408 1539 non
421 1512 490 1539 fallit
503 1512 624 1544 anitnus,
640 1516 668 1538 et
682 1511 753 1538 Deus
771 1511 887 1546 cogitata

105 1562 238 1592 fortunet,
252 1559 374 1586 liberabo
386 1559 517 1593 vosgravi
530 1566 614 1584 onere
628 1557 763 1593 tyrannici
778 1558 886 1590 tributi,

105 1609 187 1636 modo
200 1607 274 1642 quod
298 1609 372 1641 peto,
389 1606 549 1633 lacillimum
567 1613 712 1633 concessu.
731 1606 886 1639 impetrem.

103 1656 251 1683 Jusscrunt
276 1661 371 1681 omnes
395 1653 488 1680 dicere
505 1660 568 1687 quae
585 1652 675 1679 vellet.
696 1651 727 1678 Et
748 1651 792 1678 ille
812 1660 818 1678 :
837 1652 889 1678 Po-

104 1703 188 1732 stulo,
205 1701 305 1736 inquit,
320 1700 376 1726 duo
391 1700 425 1726 ab
439 1707 473 1726 eo
489 1699 536 1733 qui
553 1705 595 1725 me
611 1698 644 1725 dc
661 1705 737 1724 more
754 1698 889 1725 ducturus

104 1747 137 1774 ad
152 1747 259 1774 leonem
276 1751 319 1773 est
333 1755 339 1772 :
356 1746 475 1780 primum
497 1752 530 1772 ne
550 1752 593 1771 me
611 1749 707 1778 urgeat
722 1744 748 1770 in
770 1744 824 1774 via,
840 1744 888 1770 sed

105 1801 147 1820 me
159 1792 293 1820 arbitratu
304 1799 365 1818 meo
381 1790 517 1817 moderari
533 1797 655 1824 gressum
667 1790 756 1816 sinat:
771 1790 888 1816 altermn

105 1843 134 1866 ut
145 1847 207 1866 eum
221 1846 307 1873 prope
319 1837 518 1864 accesserimus
531 1836 563 1862 ad
578 1835 666 1863 leonis
680 1843 803 1869 specum,
817 1835 886 1861 deli-

105 1889 192 1912 tescat
204 1884 277 1918 ipse;
293 1892 354 1910 nam
369 1889 554 1917 tneapparcrc
566 1886 674 1916 oportet
686 1882 773 1908 solum
786 1885 815 1908 ut
829 1889 888 1915 qua:

105 1929 241 1957 destinavi
282 1935 440 1955 successum
465 1927 594 1954 habeant.
634 1926 785 1960 Utrumque
815 1926 887 1953 haud

105 1977 218 2008 gravate
233 1973 338 2003 datum,
359 1975 387 1998 et
403 1971 476 2006 quod
501 1971 571 1998 bene
586 1976 708 1998 verteret
726 1972 887 2006 imperatum

106 2019 232 2046 ministro
264 2017 375 2053 publico
407 2017 628 2051 reprtesentatori
658 2017 752 2043 tributi
780 2023 831 2048 est,
860 2022 889 2044 nt

106 2065 193 2100 lepori
218 2072 280 2099 qua:
294 2063 377 2090 vellet
406 2063 616 2095 obsequeretur.
645 2063 781 2090 Postridie
806 2063 889 2098 proli-

105 2112 259 2142 ciscuntur,
274 2117 364 2136 moras
378 2109 412 2136 de
431 2108 567 2135 industria
582 2114 708 2136 nectente
726 2109 820 2143 lepore
834 2116 889 2143 quo

107 2163 190 2191 quam
215 2154 372 2182 tardissime
398 2161 427 2180 se
448 2153 569 2180 sisteret.
596 2153 650 2180 Leo
676 2154 797 2184 interim,
822 2153 888 2180 hora

107 2201 211 2228 dudum
235 2199 372 2234 praeterita
400 2199 527 2226 consueti
561 2204 665 2233 pastus,
701 2198 771 2226 fame
793 2199 887 2233 iraque

107 2245 318 2274 stimulantibus
333 2243 573 2278 impatientissime
591 2244 715 2276 furebat,
732 2252 793 2271 cum
808 2245 890 2272 ol‘l‘rrt

106 2298 170 2318 ecce
190 2289 227 2316 illi
255 2296 283 2316 se
311 2288 362 2315 sub
381 2295 525 2322 vesperam
557 2287 633 2315 solus
658 2292 758 2322 praeter
783 2296 888 2315 morem

107 2339 195 2372 lepus.
213 2335 263 2363 Cui
285 2335 341 2367 ille,
359 2334 424 2367 Qure
445 2334 541 2361 isthzec
569 2334 671 2360 malum
690 2334 802 2368 perfidia
829 2334 889 2361 est?

107 2384 213 2417 inquit:
226 2381 331 2408 docebo
345 2388 394 2414 ego
407 2387 452 2407 vos
462 2379 549 2414 pactis
562 2383 646 2407 stare.
659 2379 739 2406 Plura
751 2380 889 2406 dicturum

106 2433 135 2456 et
162 2429 323 2457 irruentem,
353 2425 513 2460 interpellat
546 2425 746 2452 demississime
775 2427 889 2460 suppch

107 2474 203 2508 lepus:
223 2471 251 2499 Si
267 2480 309 2499 me
323 2471 411 2502 audis,
420 2471 541 2504 domine,
553 2471 626 2505 quod
638 2476 682 2498 tua
697 2472 767 2498 seire
781 2479 890 2506 magno-

109 2526 172 2554 pere
187 2518 311 2549 interest,
321 2517 470 2549 dicturum,
485 2523 540 2543 non
557 2517 645 2543 solum
661 2516 784 2551 ignosces
799 2517 889 2547 nobis,

108 2565 155 2591 sed
167 2569 195 2591 et
212 2562 337 2590 laudabis
352 2561 433 2589 fidem
451 2567 585 2589 nostram.
602 2561 719 2589 Obvium
736 2570 765 2589 se
779 2563 891 2589 venien-

108 2612 183 2638 tibus
196 2611 250 2636 hnc
266 2609 344 2636 nobis
355 2608 417 2635 tulit
432 2608 476 2635 leo
487 2607 568 2640 alius,
581 2608 627 2642 qui
643 2607 785 2635 ductorem
800 2616 889 2635 meum

109 2665 151 2684 mc
174 2656 306 2690 majorem
336 2654 470 2689 arripuit;
502 2662 534 2681 ac
565 2655 785 2681 eontestamibus
810 2655 890 2681 enixe

108 2702 198 2733 nobis.
225 2705 380 2728 commeatu
402 2708 453 2727 nos
471 2704 518 2727 tuo
540 2707 572 2727 ac
593 2701 670 2735 jussu
698 2700 820 2727 debitum
840 2701 889 2727 tibi

108 2747 222 2782 vettigal
250 2754 384 2781 pensuros
416 2745 565 2780 proﬁcisci,
602 2746 690 2773 nihilo
723 2746 769 2773 ille
800 2747 890 2774 secius

108 2792 212 2827 ριιτρείι
228 2790 301 2825 quod
316 2797 447 2826 coeperat,
463 2793 638 2818 contumeliis
650 2792 731 2818 etiam
749 2800 780 2819 ac
804 2793 889 2819 male-

113 2837 204 2867 dictis,
225 2844 284 2866 qna‘
302 2838 329 2864 in
347 2843 429 2870 caput
452 2839 511 2870 ejus
533 2843 649 2870 vertant,
672 2838 844 2866 incomitiare
864 2844 889 2866 te

948 236 976 258 et
993 238 1091 266 magno
1104 231 1233 263 circuitu,
1249 232 1450 267 laboriosisquc
1463 233 1588 265 latebris,
1603 234 1657 262 huc
1672 240 1733 261 tan-

947 277 1020 308 dem,
1045 284 1079 303 ne
1104 276 1268 310 promissum
1299 277 1350 304 tibi
1382 279 1545 305 demensum
1574 279 1615 306 vel
1647 281 1732 307 semel

947 320 1063 352 deferet,
1079 329 1161 355 quam
1172 321 1291 356 primum
1303 322 1383 350 licuit
1396 324 1516 350 accurri.
1534 324 1674 352 Turbatus
1692 326 1732 352 ira

947 367 974 392 in
1001 366 1129 393 aemulum
1157 367 1400 395 vehementissima
1425 363 1641 403 superbissimus
1675 371 1730 402 leo,

947 412 1037 445 Potes,
1055 412 1156 447 inquit,
1175 421 1218 441 me
1231 414 1264 440 ad
1280 414 1361 441 istum
1377 414 1512 442 latronem
1527 416 1648 443 ducere?
1666 417 1730 444 Pos-

946 466 1018 490 sum,
1052 458 1141 493 inquit
1171 459 1261 494 lepus,
1278 467 1330 486 nec
1356 460 1436 495 longe
1461 461 1549 488 abest.
1575 462 1730 498 Statimque

947 503 1069 538 praeiens
1086 504 1159 531 sistit
1175 504 1282 532 leonem
1295 505 1328 532 ad
1345 513 1376 532 os
1395 507 1481 539 putei,
1501 515 1582 542 quem
1598 508 1624 534 in
1641 509 1730 536 vicino

945 549 1028 576 situm
1057 549 1272 582 observaverat;
1301 558 1519 586 conversusque,
1553 553 1602 584 lbi,
1630 554 1728 589 inquit,

946 595 1061 628 habitat,
1089 595 1152 622 inde
1176 596 1213 634 ad.
1229 604 1280 624 nos
1293 597 1402 631 erupit;
1432 598 1536 632 inspice
1563 599 1611 629 sis,
1637 601 1728 626 statim

944 641 1063 668 videbis.
1079 641 1244 676 Despectam
1256 643 1336 669 ambo
1350 643 1440 674 simul,
1453 649 1480 670 et
1494 651 1571 678 aqua:
1584 647 1729 679 superﬁcie

946 687 1090 721 imaginem
1113 687 1231 714 intuenti
1248 688 1320 714 leoni
1336 689 1475 723 propriam
1504 690 1648 723 reddente,
1669 692 1728 718 Non

944 733 1031 762 vides.
1047 733 1138 767 inquit
1154 739 1308 768 opportune
1335 735 1422 769 lepus,
1441 740 1631 763 contumacem
1649 743 1676 764 et
1689 738 1726 764 les

945 779 1025 805 rum?
1043 779 1066 806 is
1082 779 1140 812 ipso
1153 784 1195 806 est
1216 785 1389 814 contemptor
1407 782 1457 813 tui,
1479 783 1620 817 vectigalis
1643 783 1730 811 inter-

944 833 1049 855 versor,
1066 825 1214 852 devorator
1229 827 1347 853 ministri
1363 827 1479 861 publici.
1495 828 1554 855 Non
1574 829 1662 856 tenuit
1676 830 1728 856 im-

910 866 929 893 Β
946 875 1038 904 petum
1060 871 1211 899 iracundiae
1231 873 1337 900 ultricis
1362 881 1394 900 ea
1420 881 1538 902 cernens
1558 875 1728 910 audiensque

943 916 998 949 leo,
1014 916 1062 943 sed
1086 917 1197 944 fremitu
1218 918 1309 945 statim
1338 918 1449 946 immani
1469 921 1542 947 velut
1568 921 1594 947 in
1622 921 1730 949 hostem

945 963 1063 994 irruens,
1085 964 1164 997 aquis
1178 963 1252 997 putei
1268 964 1383 991 haustus
1398 971 1424 992 ct
1442 965 1593 994 suﬂocatus
1607 966 1728 1000 interiit;

942 1007 1036 1042 lepore
1051 1016 1115 1035 cum
1129 1010 1218 1036 accito
1231 1017 1245 1036 e
1257 1009 1371 1038 latebris
1380 1011 1507 1045 ductore,
1521 1013 1603 1040 salvis
1615 1013 1649 1040 ad
1664 1022 1730 1041 suos

943 1053 1136 1086 redeuntibus,
1161 1062 1193 1082 ac
1214 1056 1321 1090 magnis
1349 1057 1470 1091 ipsorum
1499 1059 1731 1092 gratulationibus

942 1101 1075 1134 exceptis.
1102 1101 1141 1128 Ad
1165 1101 1218 1128 hoc
1237 1102 1393 1136 exctnplum
1418 1104 1527 1131 conlido
1551 1112 1593 1132 me
1619 1113 1729 1139 quoque

943 1154 1140 1180 persuasurum
1166 1151 1256 1180 tauro,
1272 1156 1333 1183 qum
1350 1148 1428 1176 illum
1442 1150 1525 1178 stulte
1543 1150 1683 1178 credulum
1702 1152 1729 1178 in

942 1192 1056 1218 exitium
1070 1192 1254 1227 praecipitent.

978 1237 1060 1263 XVII.
1088 1237 1127 1264 Tu
1149 1246 1227 1271 vero,
1251 1239 1291 1266 ait
1308 1239 1474 1272 Coronatus,
1496 1241 1634 1276 siquidem
1656 1243 1728 1277 quod

942 1282 985 1309 dic
999 1291 1011 1309 s
1026 1287 1115 1316 potes.
1138 1284 1284 1317 providere
1296 1290 1399 1319 tamen,
1410 1287 1569 1322 priusquam
1588 1289 1614 1316 id
1631 1297 1729 1323 aggre-

941 1327 1037 1359 diaris,
1060 1328 1156 1359 debes,
1172 1337 1206 1356 ne
1222 1338 1303 1364 quam
1326 1332 1495 1360 machinaris
1513 1338 1591 1360 tauro
1611 1340 1727 1368 pestem,

941 1382 973 1400 ea
988 1381 1049 1401 cum
1065 1374 1155 1402 leonis
1168 1376 1240 1410 regis
1257 1377 1344 1404 nostri
1358 1372 1480 1411 pernicie
1495 1385 1542 1406 aut
1555 1379 1728 1406 incommodo

941 1421 1087 1454 conjuncta
1106 1421 1160 1454 sit;
1185 1421 1319 1449 denuntio
1335 1423 1409 1450 enim
1434 1424 1482 1450 tibi
1500 1432 1542 1451 me
1560 1429 1727 1459 czeterJSqne

940 1466 1095 1493 animantes
1120 1474 1180 1500 qua:
1209 1472 1384 1495 sacramento
1411 1469 1486 1496 leoni
1505 1470 1636 1502 diximus,
1672 1479 1726 1498 non

941 1511 1126 1545 permissuros
1138 1519 1201 1546 (nec
1209 1513 1282 1540 enim
1295 1514 1370 1541 salva
1384 1514 1437 1542 fide
1449 1519 1605 1550 possumus)
1615 1516 1728 1544 domino

942 1561 1038 1583 nostro
1052 1565 1221 1592 quocunque
1238 1563 1371 1592 praetextu
1389 1564 1415 1586 te
1427 1567 1538 1587 nocere.
1552 1561 1640 1593 Quare
1652 1569 1726 1591 cum,

939 1611 994 1636 quo
1017 1603 1078 1630 loco
1107 1612 1151 1631 res
1180 1605 1260 1632 modo
1285 1610 1360 1638 sunt,
1383 1611 1438 1633 tam
1457 1608 1631 1635 necessarius
1652 1608 1727 1635 leoni

941 1649 1063 1681 regnanti
1079 1649 1242 1677 administer
1253 1651 1355 1684 publici
1370 1651 1511 1685 regiminis
1524 1652 1582 1679 tolli
1593 1652 1626 1680 de
1636 1653 1726 1679 medio

940 1701 993 1720 non
1010 1695 1097 1729 possit
1122 1696 1181 1722 sine
1205 1697 1282 1731 gravi
1300 1697 1463 1731 imperantis
1484 1698 1596 1729 damno,
1626 1706 1725 1726 revoca

940 1741 1004 1768 dum
1017 1742 1080 1769 licet
1096 1742 1196 1770 rebelle
1211 1744 1393 1778 propositum,
1409 1748 1490 1779 tequc
1502 1745 1529 1771 in
1545 1745 1727 1780 subjectionis

939 1788 1029 1814 ollicio
1059 1785 1179 1816 contine.
1209 1789 1257 1817 llis
1288 1789 1443 1825 Vestigator
1470 1791 1583 1823 auditis,
1616 1792 1724 1826 quievit

939 1834 1030 1861 adhuc
1044 1834 1103 1861 dies
1117 1836 1231 1869 aliquot.
1253 1836 1317 1863 Pust
1335 1844 1406 1870 quos
1421 1837 1530 1864 leonem
1546 1837 1642 1864 adiens
1656 1838 1725 1865 alre-

939 1884 1012 1907 ctata
1039 1881 1168 1907 mmstitia
1190 1881 1403 1915 cogitabundus,
1422 1883 1456 1909 ab
1471 1890 1504 1910 eo
1528 1891 1584 1909 rem
1607 1884 1726 1911 mir.mte

940 1926 1062 1953 audivit:
1081 1926 1146 1959 Quae
1160 1930 1186 1953 te
1204 1934 1286 1953 causa
1307 1928 1413 1954 tristem
1429 1927 1515 1954 facit?
1531 1928 1570 1954 An
1585 1928 1632 1955 tibi
1651 1929 1724 1962 quod

941 1971 1027 1997 nolles
1056 1971 1160 2005 aliquid
1176 1972 1302 1999 accidit?
1324 1972 1357 1998 Et
1380 1973 1426 2000 ille
1450 1981 1457 1999 :
1484 1973 1592 2000 Accidit
1612 1974 1727 2000 omnino

941 2016 1082 2043 inlandutn
1096 2022 1124 2044 et
1136 2017 1273 2045 funestum
1289 2018 1337 2044 tibi
1351 2018 1427 2053 juxta
1442 2019 1727 2054 mihiqucqnidpiam,

940 2066 1022 2096 atquo
1051 2062 1118 2089 illud
1143 2063 1279 2098 ejusmodi
1303 2064 1377 2098 quod
1400 2065 1464 2098 quia
1488 2064 1539 2091 tibi
1555 2065 1613 2091 fore
1629 2065 1726 2092 auditu

941 2107 1085 2133 molestum
1098 2107 1165 2138 scio,
1175 2108 1209 2134 ab
1218 2107 1406 2134 eoindicando
1416 2108 1576 2135 deterrebar
1584 2109 1726 2144 equidem,

941 2156 1016 2179 metu
1030 2151 1186 2178 offendendi
1199 2160 1281 2179 aures
1295 2158 1354 2180 tuas
1370 2153 1473 2180 indicio
1487 2154 1594 2188 ingrato
1609 2163 1615 2180 :
1634 2160 1726 2182 tanien

942 2197 989 2224 ubi
1005 2204 1095 2224 mcum
1113 2197 1354 2232 flagrantissimum
1376 2199 1472 2226 salutis
1487 2207 1518 2226 ac
1532 2200 1728 2235 prosperitatis

942 2247 994 2270 tuae
1021 2244 1143 2270 studium
1168 2245 1293 2279 consulo,
1325 2245 1416 2279 potius
1445 2245 1598 2272 habendam
1625 2247 1729 2279 capitis

940 2296 1022 2322 quam
1044 2290 1153 2317 aurium
1166 2275 1315 2318 .rationem
1342 2291 1453 2326 judico;
1478 2298 1529 2318 nec
1543 2291 1728 2319 dubitandum

941 2340 994 2362 tua.
1007 2335 1154 2363 imminens
1168 2338 1229 2363 vita:
1245 2336 1398 2371 periculurn
1414 2340 1550 2368 avertere,
1564 2337 1608 2363 vel
1628 2337 1729 2363 obtru-

940 2381 1043 2413 dendo,
1058 2390 1120 2409 cum
1138 2383 1173 2409 ita
1185 2391 1255 2417 opus
1268 2383 1314 2414 sit,
1332 2383 1441 2410 fastidio
1457 2383 1633 2417 inatlspicalaa
1649 2391 1729 2409 men-

941 2428 1034 2454 tionis.
1051 2428 1141 2461 Quare
1157 2433 1214 2461 tua,
1234 2429 1357 2461 domine,
1377 2429 1511 2463 sapientia
1534 2436 1590 2456 rem
1614 2428 1727 2463 dignam

941 2474 1049 2506 feceris,
1066 2474 1088 2500 si
1106 2482 1148 2501 me
1162 2474 1300 2508 patienter
1313 2474 1409 2501 audies
1426 2481 1456 2501 ea
1480 2474 1647 2501 referentem
1662 2476 1729 2509 qui-

941 2519 992 2546 bus
1006 2519 1159 2546 elarissime
1175 2520 1336 2554 perspicias,
1353 2524 1381 2547 et
1395 2527 1482 2546 meam
1500 2520 1527 2546 in
1546 2524 1571 2547 te
1587 2523 1728 2547 sinceram

942 2564 1033 2592 fidem.
1049 2570 1181 2591 eteorum
1197 2565 1359 2598 perﬁdiosas
1374 2565 1542 2597 molitioncs,
1553 2565 1730 2600 quisummis

942 2611 996 2637 tuis
1008 2610 1150 2638 beneficiis
1160 2611 1303 2638 malefacta
1313 2611 1464 2646 rependere
1477 2612 1580 2639 nefaria
1592 2613 1727 2648 cogitant.

940 2655 1028 2690 Atque
1044 2664 1093 2691 ego
1110 2657 1136 2683 in
1153 2657 1299 2691 procinctu
1316 2658 1464 2684 delationis
1480 2658 1653 2689 necessarizc,
1671 2667 1730 2686 non

942 2703 1053 2735 ignarus
1076 2703 1257 2730 artificiorum
1281 2703 1476 2735 simulationis,
1498 2703 1576 2730 lacile
1596 2703 1677 2730 video
1700 2706 1728 2730 in

941 2753 1072 2781 quantum
1103 2755 1144 2774 me
1171 2747 1321 2775 discrimen
1338 2749 1491 2784 projiciam,
1512 2749 1652 2784 periturus
1673 2750 1729 2777 nisi

942 2802 1103 2828 persuzisero
1131 2795 1202 2829 quod
1232 2795 1333 2822 dicam.
1360 2797 1485 2831 Erumpit
1514 2801 1602 2823 tamen
1625 2797 1730 2830 juratal.

943 2840 990 2866 tibi
1010 2839 1149 2867 fide-litatis
1166 2839 1284 2866 cilicium
1302 2846 1374 2868 trans
1397 2841 1484 2868 minas
1508 2841 1730 2876 furmidinc5que
