1913 3068
214 156 282 189 Ῑῐϋὸ

639 155 830 186 SI‘ECIMEN
853 154 1067 185 S.\I‘lENTI:E
1085 156 1261 187 lNDOl‘tUll
1283 158 1364 189 VET.

1762 159 1834 193 1266

208 223 222 241 θ
237 212 481 248 nrcs,subigitque
491 206 830 247 aleamjacereinfortuuii
841 210 991 245 quantivis.
1010 217 1031 243 Α
1046 220 1106 239 ι-ιιιιι
1124 217 1237 246 putans,
1253 222 1334 241 manu
1351 214 1517 248 prehensum
1532 214 1648 250 projecit
1664 214 1689 242 in
1707 214 1818 242 ﬂuvium
1829 237 1836 248 ,

204 261 218 287 ό
234 269 269 286 ιιιι
287 259 344 289 tibi,
361 259 484 290 domine,
496 258 575 294 cujus
591 266 637 285 ore
650 257 799 286 venerabili
817 257 930 292 spiritus
945 257 989 284 hic

205 314 282 333 treus
295 306 428 336 trahitur,
445 305 488 332 vel
505 312 566 331 meo
590 304 676 332 exitio
696 304 850 335 consulam,
870 310 901 330 ac
918 310 988 337 quo-

204 360 312 387 cumque
335 359 463 379 successu
480 351 588 386 aperire
603 350 730 381 audeam,
745 357 806 385 qum
818 349 869 376 nisi
881 356 989 384 praeno-

204 399 287 430 veris,
301 398 424 424 ultimam
436 405 450 423 a
465 402 490 424 te
504 396 610 423 cladem
622 395 671 429 (dii
683 403 763 423 omen
774 400 958 422 averruuccnt
970 395 989 429 ἰ)

204 444 303 470 frustra
313 442 459 470 conaberis
473 442 623 476 depellere.
636 441 696 468 Erit
710 441 807 468 solatio
820 439 990 468 conscientia

203 490 249 516 tati
271 497 352 516 causa
375 488 519 523 pereunti;
544 495 594 514 nec
611 487 781 522 generositas
799 486 991 522 imprudentiae

203 535 370 570 culpabitur.
385 534 481 568 utique
491 533 686 560 auctoritatem
712 537 805 560 secuta
822 532 990 566 sapientum,

202 588 320 614 quorum
344 580 427 614 \ulgo
452 579 562 606 celebre
588 579 721 612 probatur
744 578 849 605 dictum
874 586 880 604 τ
903 577 957 604 Nec
975 585 989 604 a

203 625 313 651 subdito
330 624 550 652 benevolentiam
566 623 694 658 principi,
714 631 765 651 nec
780 623 815 650 ah
829 630 903 657 :cgro
918 630 991 657 mor—

203 670 267 695 bum
283 669 400 701 medico.
418 677 469 695 ncc
488 677 502 695 a
525 676 647 704 paupere
668 668 787 702 inopiam
808 667 885 694 diviti
903 667 991 694 amico

202 715 331 741 abscondi
349 723 469 749 unquam
486 719 627 748 oportere.
654 715 753 748 Accepi
777 722 827 749 ego
842 722 855 740 a
872 714 990 748 quodam

204 763 255 789 fide.
273 762 367 796 digno,
387 768 497 789 taurum
514 761 677 796 proceribus
701 761 754 788 sibi
776 761 904 788 olmoxiis
921 760 990 787 clam

202 808 361 834 convocatis
384 807 486 834 dixisse
504 816 510 833 ε
527 807 752 841 Experimentum
770 807 828 841 cepi
846 812 886 833 sat
909 806 991 841 longo

202 854 254 887 jam
283 861 333 880 usu
352 852 524 880 fortitudinis
541 856 570 879 et
590 851 743 886 prudentiae
767 852 866 885 leonis,
880 860 991 886 compe-

1047 257 1094 284 ubi
1116 258 1259 285 confestim
1278 259 1321 286 ille
1340 260 1422 287 sociis
1438 260 1579 295 gratulans
1597 261 1719 287 narravit
1740 262 1838 288 tnortis

1045 311 1074 330 se
1090 303 1264 331 simulatione
1279 306 1362 331 vitam
1379 306 1539 333 redemisse.
1559 307 1669 334 Tertius
1685 306 1835 341 implicitus

1046 348 1097 374 reti
1121 352 1223 375 temere
1246 349 1399 384 cespitaus,
1421 358 1453 377 ac
1474 358 1581 377 sursum
1604 351 1733 377 deorsum
1755 351 1838 377 caecis

1047 394 1166 420 motibus
1181 395 1346 430 impingens,
1360 396 1484 423 stultitiae
1500 403 1594 430 poenas
1608 404 1665 423 sua:
1681 401 1778 430 captus
1791 396 1838 423 dc‘

1046 439 1096 467 dit.
1109 439 1212 467 Similia
1227 441 1346 475 patietur
1357 443 1482 477 quisquis
1493 442 1654 470 denuntiato
1667 443 1838 469 indormiens

1046 485 1181 520 periculo,
1197 487 1348 521 neglexerit
1364 488 1405 515 vel
1422 489 1584 523 tempestive
1600 494 1776 523 praevertere.
1795 489 1836 515 vel

1046 531 1162 558 solert‘r
1179 533 1290 559 eludere
1311 533 1425 561 insidias
1445 534 1498 561 iitlo
1520 534 1622 561 indicio
1644 535 1835 569 prmeognitas.

1081 577 1173 605 XVII].
1195 578 1318 612 Percipio
1333 580 1405 612 quod
1419 579 1498 612 dicis,
1513 580 1556 607 leo
1570 581 1624 611 ait;
1640 581 1686 606 sed
1702 588 1755 606 non
1771 585 1838 614 puto

1047 627 1155 649 taurum
1176 624 1244 650 nihil
1272 632 1286 650 a
1304 632 1345 651 me
1363 632 1471 659 passum
1490 626 1570 656 mali,
1587 626 1665 653 dolos
1681 630 1776 652 contra
1796 634 1838 651 Ine

1046 669 1147 696 tnoliri.
1161 669 1263 696 Contra
1274 670 1430 703 Vestigator
1444 680 1450 696 ι
1466 671 1522 698 Hoc
1537 672 1636 706 ipsttm,
1652 672 1751 705 inquit.
1766 661 1836 698 nihil

1046 722 1060 740 a
1079 719 1104 742 te
1124 715 1186 741 ntali
1208 723 1319 749 passum
1337 723 1398 743 esse
1417 721 1526 743 taurum
1539 737 1545 749 ,
1565 717 1655 751 ipsum
1674 716 1784 751 impulit
1803 717 1835 742 ad

1046 760 1232 788 insidiandum
1257 761 1306 788 tibi
1329 771 1335 789 :
1359 770 1420 788 nam
1445 762 1522 789 illurn
1545 771 1627 798 supra
1651 770 1748 790 omttes
1771 762 1837 789 elle-

1045 814 1121 837 rens,
1135 806 1160 833 id
1174 807 1263 841 egisti.
1278 811 1307 834 ut
1321 811 1347 834 le
1360 808 1448 835 solum
1463 808 1626 838 intueretur.
1640 809 1742 843 quippe
1755 815 1837 842 qut-tn

1046 860 1131 879 unum
1147 853 1262 880 haberet
1277 861 1360 887 supra
1376 861 1416 884 se,
1431 854 1566 889 depositis
1583 855 1654 882 infra
1671 854 1779 882 cunctis
1795 861 1837 880 rc-

203 900 281 933 rique
295 904 439 933 utramque
453 898 674 930 mediocrem,ne
686 898 822 925 tnodicam
837 906 868 926 ac
885 899 989 926 nullam
1009 895 1028 921 Β
1043 898 1136 933 liquis.
1162 898 1210 926 Est
1232 904 1324 926 autem
1348 904 1447 927 natura
1469 900 1658 934 improbarum
1683 900 1815 927 mentium
1827 923 1834 932 ,

203 946 296 971 verius
313 945 413 972 dicam.
431 944 469 971 Ex
486 944 538 971 hoc
555 944 614 978 ejus
625 944 739 971 exordio
759 943 880 972 divinavi
897 944 989 971 statim

203 989 268 1023 quid
284 990 398 1017 sceleris
416 998 448 1017 ac
467 990 583 1017 monstri
600 990 704 1025 reliqua
722 990 873 1024 parturiret
887 990 988 1016 oratio.

204 1035 314 1062 Minime
337 1036 468 1063 videlicet
496 1036 644 1064 obscurum
672 1040 714 1064 est
737 1036 808 1064 hanc
823 1036 882 1072 ejus
899 1036 990 1070 impu-

203 1082 324 1108 dentiam
337 1089 371 1109 eo
383 1089 573 1116 prorumpere,
591 1087 621 1108 ut
637 1086 672 1114 te,
690 1082 735 1116 qui
748 1089 810 1108 eutn
824 1082 946 1109 extulisti
963 1081 990 1108 in

204 1128 290 1154 ferme
313 1135 407 1162 parem
428 1128 479 1155 tibi
505 1129 650 1162 ltonorem,
671 1129 774 1156 nefarie
789 1129 938 1157 deturbare
957 1129 992 1156 de

205 1173 274 1200 Solio
292 1174 451 1207 contendat,
472 1174 578 1210 tibique
595 1180 735 1202 extortum
756 1175 903 1210 imperium
921 1175 991 1202 arri—

205 1228 281 1254 pr-rc.
311 1219 425 1255 Oportet
448 1228 542 1248 autem
574 1229 652 1257 reges
677 1221 769 1249 subito
796 1229 828 1249 ac
855 1221 994 1248 senserint

207 1265 358 1293 machinari
392 1266 500 1301 aliquos
537 1274 651 1301 regnum
686 1267 810 1302 ipsorum
851 1266 992 1299 invadere,

206 1319 398 1346 przeoccupare
416 1317 528 1339 strenue
550 1312 653 1339 nefaria
670 1313 795 1346 consilia,
818 1312 994 1348 dejicerequc

203 1361 312 1384 mature
323 1357 450 1392 perﬁdos.
468 1365 518 1385 nec
529 1356 704 1386 committere
721 1358 912 1393 intempestiva
922 1358 991 1385 leni-

206 1407 261 1430 tate
278 1407 307 1430 ut
323 1404 526 1431 scelestissima:
550 1404 708 1432 molitioues
733 1404 830 1439 ignava
850 1398 994 1431 nutricum

208 1449 340 1482 patientia
358 1449 507 1476 valentium
527 1450 672 1485 principiis
692 1449 813 1481 obstare,
833 1450 995 1478 adolescant

209 1495 235 1520 in
253 1494 306 1521 vim
331 1494 431 1522 deinde
456 1496 599 1530 majorem,
617 1504 699 1530 quam
714 1501 744 1523 ut
765 1496 789 1524 ei
818 1501 948 1531 apertum
965 1497 993 1524 in

206 1545 335 1568 conatum
354 1543 509 1576 erntnpenti
533 1546 617 1577 queat
631 1542 740 1570 obsisti.
767 1543 852 1578 Cujus
877 1543 994 1571 laudat-.e
1008 1560 1030 1590 ο

208 1590 289 1620 atque
306 1587 339 1614 ad
357 1587 488 1622 probrum
506 1588 534 1616 in
555 1589 708 1616 infortunio
721 1589 862 1617 vitandum
882 1598 996 1622 prorsus

208 1634 371 1660 necessariae
396 1634 534 1662 cautionis
555 1635 625 1662 duos
639 1635 771 1669 quosdam
788 1636 888 1670 gradus
904 1636 995 1667 video,

207 1678 372 1712 provisionis
385 1679 527 1707 celeritate
543 1679 713 1707 differentes.
730 1680 818 1711 Prior,
832 1681 919 1708 multo
933 1685 997 1708 ante

208 1724 320 1750 odorata
337 1724 502 1758 periculum,
519 1725 584 1752 huic
598 1725 689 1751 adhuc
702 1725 785 1760 longe
812 1726 904 1758 posito
915 1733 998 1754 secu-

208 1777 268 1795 rutn
285 1769 416 1804 etfugium
435 1770 678 1804 praevertit;altera
688 1771 792 1803 cautio,
811 1772 923 1806 segnius
940 1775 996 1799 sat.

208 1822 291 1847 agens
309 1813 493 1864 adlindicium
513 1813 675 1840 insidiarum
694 1814 813 1848 primum
827 1833 834 1844 ,
854 1814 998 1841 admoveri

209 1867 237 1885 se
267 1860 333 1886 sinit
350 1859 531 1892 'discrimini;
558 1863 688 1886 czeterum
718 1860 745 1886 in
772 1865 878 1887 arcium
905 1866 999 1888 coaeta

210 1913 318 1932 summo
345 1905 453 1932 tandem
478 1911 578 1934 conatu
603 1905 720 1933 salutem
746 1906 867 1940 expedit.
890 1906 932 1933 Ab
957 1906 1001 1933 his

212 1952 291 1978 tertia
308 1956 350 1978 est
367 1952 483 1985 ingloria
502 1952 597 1979 classis
616 1952 722 1979 inertia:
740 1952 998 1987 contemptissimae,

211 1997 327 2030 opprimi
345 2005 374 2024 se
392 2005 440 2031 per
457 1997 666 2024 somnolentiam
686 1997 860 2032 patientium,
879 1997 1001 2024 immise-

212 2043 291 2069 rabili
310 2043 381 2078 apud
400 2050 495 2070 omnes
512 2043 682 2074 conditione,
696 2043 797 2078 quippe
816 2044 1001 2078 quorumexi-

212 2090 291 2121 tium,
307 2089 440 2116 dedecore
455 2089 588 2116 socordiae
603 2090 784 2121 cumulatum.
801 2097 882 2117 netno
898 2095 940 2117 est
955 2090 1002 2124 qui

211 2143 266 2163 non
285 2135 357 2169 ipsis
382 2135 481 2162 merito
504 2135 630 2173 evenisse
654 2135 782 2162 fateatur.
804 2135 952 2170 Imaginem
976 2135 1002 2164 in

211 2179 337 2215 cvemplo
358 2189 511 2215 proponam
530 2180 646 2215 triplicis
663 2181 744 2208 istius
761 2180 876 2208 ordinis.
895 2180 1003 2207 Lacuna

1042 945 1194 978 pra-sortito
1209 945 1359 972 ambitione
1374 951 1584 980 corruptarum,
1600 945 1732 981 quidquid
1749 946 1837 973 oculis

1043 990 1174 1024 obiicitur
1187 991 1360 1025 splendidum
1376 992 1451 1019 omni
1465 992 1491 1019 vi
1509 1000 1655 1027 prensare,
1670 1000 1701 1020 at:
1717 996 1774 1019 toto
1788 1000 1836 1019 co-

1043 1041 1108 1063 natu
1130 1037 1238 1071 insequi
1260 1043 1290 1065 ut
1308 1038 1451 1072 arripiant.
1471 1039 1511 1065 Ex
1531 1038 1583 1065 ltoc
1602 1045 1702 1073 genere
1723 1043 1834 1070 taurus;

1042 1081 1094 1108 etsi
1116 1089 1166 1116 per
1187 1087 1260 1113 tuam
1283 1089 1417 1110 summam
1442 1083 1639 1118 indulgentiam
1664 1083 1762 1110 solium
1781 1083 1836 1118 jant

1042 1127 1130 1154 ferme
1144 1132 1220 1155 tuum
1235 1129 1336 1164 attigit,
1350 1137 1485 1164 suprema:
1500 1134 1552 1157 tua?
1565 1130 1740 1157 auctoritatis
1755 1129 1838 1163 parti-

1044 1181 1108 1207 ceps
1129 1173 1156 1200 in
1179 1174 1265 1201 libera
1288 1183 1380 1202 rerum
1403 1175 1642 1203 administratione
1664 1176 1763 1208 factus,
1784 1183 1837 1202 non

1044 1223 1135 1246 tamen
1153 1219 1180 1246 id
1197 1220 1234 1247 illi
1251 1220 1360 1253 sufﬁcit,
1375 1221 1465 1251 sedet
1480 1225 1505 1248 te
1519 1221 1649 1256 collegam
1667 1221 1838 1254 indignatur,

1044 1265 1174 1299 solusque
1191 1265 1307 1300 imperio
1322 1267 1402 1301 potiri
1419 1267 1533 1295 studens
1546 1267 1604 1294 vias
1618 1267 1652 1293 ad
1669 1266 1695 1293 id
1712 1266 1838 1300 obliquas

1045 1313 1136 1343 parat,
1152 1309 1222 1336 male
1238 1309 1290 1336 sibi
1306 1310 1480 1337 consciorum
1496 1318 1589 1342 more,
1607 1315 1746 1345 nunquam
1765 1314 1838 1336 recta

1047 1354 1238 1386 tendentium,
1268 1362 1316 1389 per
1342 1355 1481 1382 anfractus
1510 1364 1620 1390 semper
1646 1364 1678 1383 ac
1705 1355 1839 1382 circuitus

1045 1400 1239 1435 grassantium.
1264 1401 1303 1428 Eo
1328 1401 1445 1428 tendunt
1471 1402 1687 1429 asscntationutu
1713 1406 1785 1428 artes
1812 1405 1838 1428 et

1046 1445 1173 1473 affectata
1192 1446 1330 1473 simulatio
1346 1446 1486 1482 obsequii,
1503 1455 1555 1474 nec
1572 1455 1666 1482 speres
1684 1447 1839 1481 inexplebi-

1046 1491 1081 1519 lia
1099 1491 1236 1519 desideria
1253 1493 1348 1520 talium
1365 1493 1455 1521 dando
1471 1493 1572 1521 satiare
1588 1502 1594 1519 :
1610 1501 1666 1528 quo
1681 1493 1758 1528 plura
1775 1501 1839 1520 cou-

1047 1538 1167 1572 gesseris
1178 1558 1184 1569 ,
1200 1538 1262 1572 plus
1277 1542 1420 1572 appetunt.
1437 1537 1473 1565 Ut
1487 1537 1558 1573 ignis
1574 1538 1603 1565 fit
1619 1538 1744 1565 voracior
1759 1546 1840 1566 aecu-

1047 1583 1196 1610 tnulatione
1220 1584 1360 1616 materiae;
1381 1592 1433 1611 nec
1457 1589 1530 1612 recta
1555 1585 1636 1620 hujus
1660 1584 1774 1611 ﬂttlllmtn
1796 1583 1839 1610 via

1046 1632 1104 1658 est,
1121 1627 1148 1654 in
1164 1635 1273 1655 omnem
1289 1634 1393 1663 partem
1409 1628 1514 1655 futuosa
1531 1637 1591 1656 sese
1606 1629 1697 1656 vibrat
1712 1637 1743 1656 ac
1758 1628 1840 1664 repli-

1047 1679 1090 1701 cat
1111 1681 1118 1700 :
1140 1674 1179 1701 sic
1202 1674 1269 1701 istos
1291 1681 1389 1708 pravos
1399 1679 1558 1708 astutosque
1583 1675 1693 1702 assidue
1717 1675 1838 1701 circulu-

1048 1723 1130 1753 agunt
1146 1718 1302 1753 caliginosm
1316 1718 1444 1753 ambages
1459 1718 1570 1745 malitia:
1583 1723 1716 1749 versuta}:
1733 1723 1762 1744 ιιι
1776 1726 1840 1745 cau-

1048 1763 1110 1790 dam
1127 1764 1204 1791 canis
1223 1769 1321 1791 natura
1339 1763 1476 1796 inflexam,
1495 1765 1516 1791 si
1536 1765 1597 1798 quis
1616 1765 1661 1792 filo
1681 1765 1790 1799 ligatam
1811 1765 1838 1792 in

1049 1809 1187 1836 directum
1205 1809 1368 1839 cxtentlerit.
1381 1810 1452 1836 haud
1471 1809 1631 1837 duraturam
1649 1810 1673 1837 ei
1694 1810 1839 1837 rectitudi-

1050 1862 1112 1882 nent
1136 1855 1274 1886 tribuerit;
1295 1855 1339 1882 illa
1361 1855 1434 1882 enim
1458 1856 1548 1882 statim
1572 1864 1603 1882 ac
1626 1863 1655 1882 se
1678 1855 1841 1883 relaxavorit

1050 1902 1192 1928 contentio
1216 1901 1360 1932 trahentis,
1381 1901 1536 1936 obliquitati
1560 1909 1589 1928 se
1614 1901 1710 1928 reddet
1731 1901 1840 1930 innattn.

1052 1946 1148 1974 Sentio
1165 1947 1239 1981 qttod
1259 1946 1336 1974 initio
1357 1947 1554 1982 prmvideram,
1575 1947 1645 1974 haud
1665 1946 1714 1974 tibi
1734 1947 1842 1980 placere

1052 1999 1112 2026 quae
1130 1996 1263 2019 memoro.
1280 1992 1416 2021 Cancrum
1436 2000 1487 2020 nec
1504 1993 1651 2027 pharmace
1668 1996 1769 2025 aegroto
1788 1992 1843 2025 pla-

1052 2041 1136 2063 cent:
1153 2041 1243 2064 tamen
1259 2038 1311 2065 nisi
1327 2045 1359 2064 ea
1375 2037 1544 2073 degluticrit,
1560 2038 1615 2065 vita
1630 2038 1754 2069 excidet;
1769 2042 1843 2063 catc-

1054 2090 1161 2117 nusquc
1184 2083 1222 2112 illi
1246 2083 1397 2110 benevolus
1419 2088 1461 2110 est
1484 2083 1618 2114 medicus,
1640 2088 1777 2116 quatenus
1803 2083 1844 2108 in-

1055 2134 1130 2163 grata
1147 2128 1281 2163 praecipit,
1298 2129 1388 2163 qualia
1403 2129 1543 2163 languenti
1558 2128 1680 2161 salubria
1695 2128 1752 2154 sola
1768 2134 1841 2154 sunt.

1056 2176 1093 2201 Ac
1109 2175 1148 2201 sic
1163 2175 1234 2201 habe
1246 2195 1252 2206 ,
1270 2175 1406 2210 optimum
1421 2183 1482 2202 esse
1498 2175 1658 2207 subditum,
1676 2174 1724 2209 qui
1740 2182 1792 2201 non
1809 2174 1841 2199 al

211 2232 270 2254 erat
287 2227 388 2258 brevis,
403 2226 477 2253 amni
491 2226 582 2253 vicino
598 2226 756 2258 commissa,
774 2226 800 2252 in
817 2233 870 2260 qua
885 2230 939 2252 tres
955 2225 1002 2252 lla-
1019 2229 1040 2256 υ
1055 2221 1169 2256 gratiam
1195 2221 1297 2253 servit;
1324 2221 1443 2248 amicum
1471 2222 1518 2255 qui
1546 2221 1638 2251 utilia.
1665 2229 1719 2247 non
1745 2221 1842 2246 itlztltiltl

213 2272 338 2299 bitabant
358 2272 500 2299 dissimilis
520 2271 592 2298 inter
609 2279 638 2298 se
659 2271 800 2306 qualitatis
822 2271 920 2306 pisces.
940 2271 995 2297 Pri-

213 2326 272 2345 mus
288 2323 348 2345 erat
363 2317 604 2352 prudentissimus,
620 2317 690 2344 alter
704 2325 758 2344 non
775 2325 888 2351 prorsus
904 2317 999 2349 hebes,

212 2363 312 2390 tertius
328 2363 513 2390 stolidissima:
529 2367 687 2397 compertus
706 2362 830 2389 inscitia.
848 2362 1001 2389 Piscatores

213 2410 245 2436 axi
262 2410 364 2436 lacuna:
376 2417 451 2436 oram
466 2409 552 2435 auditi
566 2408 601 2435 ab
615 2408 743 2436 omnibus
757 2413 821 2435 sunt
833 2416 895 2435 cum
911 2408 999 2442 palatii

212 2454 388 2481 condicerent
404 2454 497 2480 horam
514 2458 615 2480 certam
632 2461 684 2487 qua
699 2452 852 2480 everriculo
869 2452 999 2486 piscinam

214 2505 297 2526 totum
322 2504 521 2526 scrutarentur.
544 2499 708 2526 Admonitus
734 2499 779 2525 illa
804 2505 869 2524 voce
896 2498 1001 2531 primus

213 2547 312 2580 piscis,
328 2545 480 2580 periculosa
496 2545 588 2572 subito
603 2545 739 2572 excedens
755 2543 888 2575 statione,
906 2543 933 2570 in
951 2543 1001 2570 llu-

214 2593 286 2619 vinm
304 2599 332 2619 se
349 2591 499 2619 transtulit.
517 2590 661 2622 Secundus
678 2598 769 2617 moras
787 2590 877 2617 adhuc
895 2590 921 2616 in
939 2590 1000 2617 loco

213 2638 314 2670 traxit,
332 2637 477 2672 quamdam
496 2637 661 2671 voluptatent
682 2644 819 2671 sequens,
836 2638 925 2672 quoad
944 2638 1000 2672 jam

214 2684 348 2718 expeditis
365 2683 470 2710 retibus
488 2682 576 2709 adorti
597 2683 735 2717 negotium
753 2683 903 2716 piscatores
920 2691 1000 2718 agere

212 2730 340 2763 ferreque
355 2729 480 2756 lacunam
497 2732 636 2762 coperant.
655 2727 733 2759 Tunc
749 2727 805 2758 ille,
822 2728 863 2754 ve!
880 2736 942 2755 sero
958 2736 1000 2754 sa-

214 2776 301 2809 piens,
325 2775 475 2802 intercluso
496 2774 550 2808 jatn
573 2774 647 2800 exitu
672 2775 697 2800 iu
722 2774 834 2805 ﬂumen,
861 2780 1000 2800 tnortttum

213 2821 356 2851 simulans,
373 2820 518 2854 resupinus
535 2819 662 2849 fluitavit,
677 2826 805 2846 successu
823 2824 1001 2852 stratagcma-

215 2865 250 2895 tis
264 2872 318 2892 non
328 2865 458 2898 infausto;
473 2874 533 2892 nam
544 2865 707 2893 exstinctum
722 2872 784 2896 cum
800 2872 870 2892 unus
886 2866 1002 2900 piscato-

1052 2267 1189 2298 cottsulit;
1216 2266 1360 2301 negotium.
1382 2265 1455 2300 quod
1485 2266 1557 2293 lelici
1583 2268 1657 2293 exitu
1685 2266 1842 2295 clauditur;

1052 2312 1161 2339 laudem
1179 2319 1239 2346 qum
1256 2319 1270 2339 a
1288 2311 1368 2339 bonis
1384 2312 1481 2345 datur;
1499 2311 1650 2347 principem
1669 2311 1842 2346 prtesideutia

1053 2364 1107 2386 non
1131 2357 1287 2392 turgidum;
1309 2357 1422 2384 divitem
1444 2365 1499 2384 non
1522 2357 1605 2384 nimis
1627 2361 1761 2384 attentum
1785 2357 1841 2386 rei;

1052 2403 1174 2430 sodalem
1189 2410 1243 2429 non
1259 2403 1474 2430 contentiosum.
1490 2402 1595 2430 Dicitur
1608 2407 1636 2430 et
1650 2402 1701 2429 hoc
1715 2402 1797 2436 vulgo
1812 2410 1843 2427 ac

1053 2456 1117 2476 vere
1128 2469 1135 2481 ,
1153 2449 1302 2484 optabilius
1317 2457 1377 2476 esse
1392 2457 1474 2484 supra
1490 2457 1592 2484 prunas
1604 2450 1697 2476 cinere
1713 2453 1823 2483 opertas
1834 2468 1840 2478 ν

1053 2500 1100 2522 aut
1115 2503 1196 2530 super
1206 2496 1314 2530 viperas
1331 2495 1469 2528 incedere,
1486 2503 1566 2530 quam
1584 2495 1686 2525 habere
1701 2495 1727 2521 in
1743 2500 1841 2524 contu-

1054 2540 1150 2568 bernio
1167 2540 1342 2568 insidiantem
1357 2541 1419 2568 vitae
1435 2549 1501 2568 suae.

1091 2585 1161 2612 th.
1183 2585 1246 2612 llzcc
1264 2593 1361 2621 magno
1378 2585 1476 2612 ardore
1494 2585 1676 2613 disserentem
1689 2585 1842 2619 Vestigato-

1053 2639 1111 2659 rem
1129 2631 1238 2659 intuens
1255 2631 1359 2666 placide
1375 2632 1418 2659 leo
1435 2640 1442 2659 :
1459 2631 1720 2659 Beuevolentissime
1737 2636 1763 2659 tu
1778 2632 1842 2666 qui-

1053 2678 1125 2710 dem.
1139 2679 1186 2708 ait,
1202 2686 1295 2707 verum
1311 2678 1396 2705 cruda
1410 2678 1534 2712 quaedam
1550 2683 1577 2705 et
1594 2679 1687 2705 auditu
1705 2678 1772 2707 dura
1790 2679 1840 2709 ista

1053 2731 1199 2752 memoras.
1219 2722 1271 2750 Sed
1289 2723 1386 2754 demus
1403 2724 1438 2750 ita
1457 2731 1517 2750 οδες
1535 2724 1568 2751 de
1596 2729 1687 2755 lauro,
1706 2729 1735 2751 ut
1753 2723 1839 2751 refers

1055 2775 1144 2797 tamen
1161 2769 1306 2796 lterbivora
1323 2769 1407 2796 bestia
1423 2770 1486 2804 quid
1503 2777 1601 2799 noecrc
1617 2770 1681 2796 mihi
1697 2770 1842 2797 carnivoro

1055 2817 1173 2851 poterit?
1190 2815 1291 2842 Natura
1310 2816 1385 2842 illum
1405 2824 1470 2843 mea:
1487 2817 1556 2850 gulm
1575 2816 1732 2850 vectigalem
1751 2815 1815 2843 fecit
1834 2824 1839 2841 :

1054 2871 1114 2897 ego,
1136 2862 1186 2890 nisi
1209 2862 1313 2892 lactuca
1336 2861 1396 2888 limit
1417 2867 1463 2889 aut
1485 2862 1582 2894 malva,
1603 2862 1698 2891 dentes
1719 2861 1790 2891 illius
1809 2861 1841 2888 ιὶτ
