  <div class='ocr_page' id='page_1' title='image "/cluster/home/n/w/nwhite01/storage/ocr_20150623/143/njp.32101010942884/705.png"; bbox 0 0 1913 3068; ppageno 0'>
   <div class='ocr_carea' id='block_1_1' title="bbox 104 160 172 193">
    <p class='ocr_par' dir='ltr' id='par_1_1' title="bbox 104 160 172 193">
     <span class='ocr_line' id='line_1_1' title="bbox 104 160 172 193; baseline 0 0"><span class='ocrx_word' id='word_1_1' title='bbox 104 160 172 193; x_wconf 72' lang='grc' dir='ltr'><strong>ῙΞῦΊ</strong></span> 
     </span>
    </p>
   </div>
   <div class='ocr_carea' id='block_1_2' title="bbox 804 166 1013 199">
    <p class='ocr_par' dir='ltr' id='par_1_2' title="bbox 804 166 1013 199">
     <span class='ocr_line' id='line_1_2' title="bbox 804 166 1013 199; baseline 0.014 -4"><span class='ocrx_word' id='word_1_2' title='bbox 804 166 1013 199; x_wconf 76' lang='grc' dir='ltr'><strong>ΑΡΡΕΝΟΙΧ.</strong></span> 
     </span>
    </p>
   </div>
   <div class='ocr_carea' id='block_1_3' title="bbox 1673 167 1744 201">
    <p class='ocr_par' dir='ltr' id='par_1_3' title="bbox 1673 167 1744 201">
     <span class='ocr_line' id='line_1_3' title="bbox 1673 167 1744 201; baseline 0 -1"><span class='ocrx_word' id='word_1_3' title='bbox 1673 167 1744 201; x_wconf 69' lang='grc' dir='ltr'><strong>1Ξ68</strong></span> 
     </span>
    </p>
   </div>
   <div class='ocr_carea' id='block_1_4' title="bbox 103 222 1739 260">
    <p class='ocr_par' dir='ltr' id='par_1_4' title="bbox 103 222 1739 260">
     <span class='ocr_line' id='line_1_4' title="bbox 103 222 1739 260; baseline 0.002 -12"><span class='ocrx_word' id='word_1_4' title='bbox 103 229 178 249; x_wconf 90' lang='lat' dir='ltr'><strong>mere</strong></span> <span class='ocrx_word' id='word_1_5' title='bbox 194 222 360 260; x_wconf 42' lang='lat' dir='ltr'><strong>non.debeo.</strong></span> <span class='ocrx_word' id='word_1_6' title='bbox 377 223 425 251; x_wconf 86' lang='lat' dir='ltr'><strong>llic</strong></span> <span class='ocrx_word' id='word_1_7' title='bbox 438 225 592 259; x_wconf 72' lang='lat' dir='ltr'><strong>Vestigalor</strong></span> <span class='ocrx_word' id='word_1_8' title='bbox 610 233 617 251; x_wconf 85' lang='lat'><strong>:</strong></span> <span class='ocrx_word' id='word_1_9' title='bbox 631 224 670 252; x_wconf 79' lang='lat' dir='ltr'><strong>Ne</strong></span> <span class='ocrx_word' id='word_1_10' title='bbox 683 232 768 257; x_wconf 89' lang='lat' dir='ltr'><strong>erres,</strong></span> <span class='ocrx_word' id='word_1_11' title='bbox 784 224 884 259; x_wconf 86' lang='lat' dir='ltr'><strong>inquit,</strong></span> <span class='ocrx_word' id='word_1_12' title='bbox 900 226 923 254; x_wconf 76' lang='grc' dir='ltr'><strong>Α</strong></span> <span class='ocrx_word' id='word_1_13' title='bbox 939 225 1089 260; x_wconf 69' lang='lat' dir='ltr'><strong>prrefcrens</strong></span> <span class='ocrx_word' id='word_1_14' title='bbox 1109 225 1326 253; x_wconf 67' lang='lat' dir='ltr'><strong>maestitudinem</strong></span> <span class='ocrx_word' id='word_1_15' title='bbox 1344 225 1436 253; x_wconf 77' lang='lat' dir='ltr'><strong>vultus</strong></span> <span class='ocrx_word' id='word_1_16' title='bbox 1455 230 1482 252; x_wconf 89' lang='lat' dir='ltr'><strong>et</strong></span> <span class='ocrx_word' id='word_1_17' title='bbox 1502 225 1601 253; x_wconf 79' lang='lat' dir='ltr'><strong>indicia</strong></span> <span class='ocrx_word' id='word_1_18' title='bbox 1623 228 1739 260; x_wconf 65' lang='lat' dir='ltr'><strong>aegritu-</strong></span> 
     </span>
    </p>
   </div>
   <div class='ocr_carea' id='block_1_5' title="bbox 105 265 886 298">
    <p class='ocr_par' dir='ltr' id='par_1_5' title="bbox 105 265 886 298">
     <span class='ocr_line' id='line_1_5' title="bbox 105 265 886 298; baseline 0.005 -5"><span class='ocrx_word' id='word_1_19' title='bbox 105 265 227 298; x_wconf 79' lang='lat' dir='ltr'><strong>damine,</strong></span> <span class='ocrx_word' id='word_1_20' title='bbox 248 266 319 294; x_wconf 87' lang='lat' dir='ltr'><strong>haud</strong></span> <span class='ocrx_word' id='word_1_21' title='bbox 344 268 457 295; x_wconf 81' lang='lat' dir='ltr'><strong>solidam</strong></span> <span class='ocrx_word' id='word_1_22' title='bbox 483 269 566 297; x_wconf 84' lang='lat' dir='ltr'><strong>habet</strong></span> <span class='ocrx_word' id='word_1_23' title='bbox 591 269 676 296; x_wconf 92' lang='lat' dir='ltr'><strong>basim</strong></span> <span class='ocrx_word' id='word_1_24' title='bbox 701 269 751 296; x_wconf 84' lang='lat' dir='ltr'><strong>ista</strong></span> <span class='ocrx_word' id='word_1_25' title='bbox 775 269 886 297; x_wconf 91' lang='lat' dir='ltr'><strong>ﬁducia.</strong></span> 
     </span>
    </p>
   </div>
   <div class='ocr_carea' id='block_1_6' title="bbox 105 309 888 347">
    <p class='ocr_par' dir='ltr' id='par_1_6' title="bbox 105 309 888 347">
     <span class='ocr_line' id='line_1_6' title="bbox 105 309 888 347; baseline 0.009 -12"><span class='ocrx_word' id='word_1_26' title='bbox 105 309 182 336; x_wconf 88' lang='lat' dir='ltr'><strong>Ultro</strong></span> <span class='ocrx_word' id='word_1_27' title='bbox 202 310 290 338; x_wconf 89' lang='lat' dir='ltr'><strong>fateor</strong></span> <span class='ocrx_word' id='word_1_28' title='bbox 308 315 415 339; x_wconf 86' lang='lat' dir='ltr'><strong>taurum</strong></span> <span class='ocrx_word' id='word_1_29' title='bbox 436 320 485 347; x_wconf 89' lang='lat' dir='ltr'><strong>per</strong></span> <span class='ocrx_word' id='word_1_30' title='bbox 503 320 531 340; x_wconf 86' lang='lat' dir='ltr'><strong>se</strong></span> <span class='ocrx_word' id='word_1_31' title='bbox 552 313 624 340; x_wconf 84' lang='lat' dir='ltr'><strong>haud</strong></span> <span class='ocrx_word' id='word_1_32' title='bbox 658 313 786 341; x_wconf 88' lang='lat' dir='ltr'><strong>idoneum</strong></span> <span class='ocrx_word' id='word_1_33' title='bbox 805 314 838 341; x_wconf 91' lang='lat' dir='ltr'><strong>ad</strong></span> <span class='ocrx_word' id='word_1_34' title='bbox 861 318 888 342; x_wconf 85' lang='lat' dir='ltr'><strong>te</strong></span> 
     </span>
    </p>
   </div>
   <div class='ocr_carea' id='block_1_7' title="bbox 105 354 886 394">
    <p class='ocr_par' dir='ltr' id='par_1_7' title="bbox 105 354 886 394">
     <span class='ocr_line' id='line_1_7' title="bbox 105 354 886 394; baseline 0.008 -13"><span class='ocrx_word' id='word_1_35' title='bbox 105 354 304 383; x_wconf 88' lang='lat' dir='ltr'><strong>deturbandum</strong></span> <span class='ocrx_word' id='word_1_36' title='bbox 320 364 379 384; x_wconf 67' lang='grc' dir='ltr'><strong>ϐεδε</strong></span> <span class='ocrx_word' id='word_1_37' title='bbox 394 366 401 384; x_wconf 91' lang='lat'>:</span> <span class='ocrx_word' id='word_1_38' title='bbox 415 366 509 386; x_wconf 89' lang='lat' dir='ltr'><strong>verum</strong></span> <span class='ocrx_word' id='word_1_39' title='bbox 523 359 595 394; x_wconf 91' lang='lat' dir='ltr'><strong>quod</strong></span> <span class='ocrx_word' id='word_1_40' title='bbox 611 367 660 394; x_wconf 87' lang='lat' dir='ltr'><strong>per</strong></span> <span class='ocrx_word' id='word_1_41' title='bbox 673 367 701 387; x_wconf 90' lang='lat' dir='ltr'><strong>se</strong></span> <span class='ocrx_word' id='word_1_42' title='bbox 715 367 768 386; x_wconf 92' lang='lat' dir='ltr'><strong>non</strong></span> <span class='ocrx_word' id='word_1_43' title='bbox 784 364 886 394; x_wconf 89' lang='lat' dir='ltr'><strong>potest,</strong></span> 
     </span>
    </p>
   </div>
   <div class='ocr_carea' id='block_1_8' title="bbox 103 401 887 434">
    <p class='ocr_par' dir='ltr' id='par_1_8' title="bbox 103 401 887 434">
     <span class='ocr_line' id='line_1_8' title="bbox 103 401 887 434; baseline 0.009 -8"><span class='ocrx_word' id='word_1_44' title='bbox 103 408 152 434; x_wconf 87' lang='lat' dir='ltr'><strong>per</strong></span> <span class='ocrx_word' id='word_1_45' title='bbox 170 401 238 429; x_wconf 89' lang='lat' dir='ltr'><strong>alios</strong></span> <span class='ocrx_word' id='word_1_46' title='bbox 258 402 355 434; x_wconf 81' lang='lat' dir='ltr'><strong>faciet;</strong></span> <span class='ocrx_word' id='word_1_47' title='bbox 374 408 421 430; x_wconf 88' lang='lat' dir='ltr'><strong>aut</strong></span> <span class='ocrx_word' id='word_1_48' title='bbox 442 404 475 430; x_wconf 89' lang='lat' dir='ltr'><strong>de</strong></span> <span class='ocrx_word' id='word_1_49' title='bbox 497 404 629 432; x_wconf 85' lang='lat' dir='ltr'><strong>industria</strong></span> <span class='ocrx_word' id='word_1_50' title='bbox 649 406 789 432; x_wconf 88' lang='lat' dir='ltr'><strong>concitans</strong></span> <span class='ocrx_word' id='word_1_51' title='bbox 812 405 838 432; x_wconf 93' lang='lat' dir='ltr'><strong>in</strong></span> <span class='ocrx_word' id='word_1_52' title='bbox 861 410 887 433; x_wconf 88' lang='lat' dir='ltr'><strong>te</strong></span> 
     </span>
    </p>
   </div>
   <div class='ocr_carea' id='block_1_9' title="bbox 102 447 887 485">
    <p class='ocr_par' dir='ltr' id='par_1_9' title="bbox 102 447 887 485">
     <span class='ocr_line' id='line_1_9' title="bbox 102 447 887 485; baseline 0.008 -13"><span class='ocrx_word' id='word_1_53' title='bbox 102 447 245 480; x_wconf 82' lang='lat' dir='ltr'><strong>populum,</strong></span> <span class='ocrx_word' id='word_1_54' title='bbox 258 453 305 474; x_wconf 90' lang='lat' dir='ltr'><strong>aut</strong></span> <span class='ocrx_word' id='word_1_55' title='bbox 316 449 488 476; x_wconf 85' lang='lat' dir='ltr'><strong>occasionem</strong></span> <span class='ocrx_word' id='word_1_56' title='bbox 502 450 644 477; x_wconf 76' lang='lat' dir='ltr'><strong>rebellioni</strong></span> <span class='ocrx_word' id='word_1_57' title='bbox 659 451 794 485; x_wconf 76' lang='lat' dir='ltr'><strong>praebens,</strong></span> <span class='ocrx_word' id='word_1_58' title='bbox 808 451 887 478; x_wconf 92' lang='lat' dir='ltr'><strong>odio-</strong></span> 
     </span>
    </p>
   </div>
   <div class='ocr_carea' id='block_1_10' title="bbox 102 492 887 528">
    <p class='ocr_par' dir='ltr' id='par_1_10' title="bbox 102 492 887 528">
     <span class='ocr_line' id='line_1_10' title="bbox 102 492 887 528; baseline 0.005 -11"><span class='ocrx_word' id='word_1_59' title='bbox 102 499 161 517; x_wconf 85' lang='lat' dir='ltr'><strong>sum</strong></span> <span class='ocrx_word' id='word_1_60' title='bbox 188 496 214 519; x_wconf 84' lang='lat' dir='ltr'><strong>te</strong></span> <span class='ocrx_word' id='word_1_61' title='bbox 239 492 390 520; x_wconf 84' lang='lat' dir='ltr'><strong>reddendo.</strong></span> <span class='ocrx_word' id='word_1_62' title='bbox 416 493 494 520; x_wconf 91' lang='lat' dir='ltr'><strong>Sicut</strong></span> <span class='ocrx_word' id='word_1_63' title='bbox 518 494 665 528; x_wconf 82' lang='lat' dir='ltr'><strong>aliquando</strong></span> <span class='ocrx_word' id='word_1_64' title='bbox 691 495 772 528; x_wconf 89' lang='lat' dir='ltr'><strong>pulex</strong></span> <span class='ocrx_word' id='word_1_65' title='bbox 796 495 887 522; x_wconf 86' lang='lat' dir='ltr'><strong>acrius</strong></span> 
     </span>
    </p>
   </div>
   <div class='ocr_carea' id='block_1_11' title="bbox 100 537 887 574">
    <p class='ocr_par' dir='ltr' id='par_1_11' title="bbox 100 537 887 574">
     <span class='ocr_line' id='line_1_11' title="bbox 100 537 887 574; baseline 0.006 -12"><span class='ocrx_word' id='word_1_66' title='bbox 100 542 226 570; x_wconf 88' lang='lat' dir='ltr'><strong>pungens</strong></span> <span class='ocrx_word' id='word_1_67' title='bbox 246 537 365 571; x_wconf 76' lang='lat' dir='ltr'><strong>sopitum</strong></span> <span class='ocrx_word' id='word_1_68' title='bbox 388 539 526 566; x_wconf 83' lang='lat' dir='ltr'><strong>hominem</strong></span> <span class='ocrx_word' id='word_1_69' title='bbox 549 547 630 566; x_wconf 90' lang='lat' dir='ltr'><strong>causa</strong></span> <span class='ocrx_word' id='word_1_70' title='bbox 652 540 785 574; x_wconf 84' lang='lat' dir='ltr'><strong>pereundi</strong></span> <span class='ocrx_word' id='word_1_71' title='bbox 809 541 887 574; x_wconf 88' lang='lat' dir='ltr'><strong>pedi-</strong></span> 
     </span>
    </p>
   </div>
   <div class='ocr_carea' id='block_1_12' title="bbox 101 581 886 618">
    <p class='ocr_par' dir='ltr' id='par_1_12' title="bbox 101 581 886 618">
     <span class='ocr_line' id='line_1_12' title="bbox 101 581 886 618; baseline 0.009 -12"><span class='ocrx_word' id='word_1_72' title='bbox 101 581 163 608; x_wconf 78' lang='lat' dir='ltr'><strong>culo</strong></span> <span class='ocrx_word' id='word_1_73' title='bbox 183 581 234 609; x_wconf 89' lang='lat' dir='ltr'><strong>fuit</strong></span> <span class='ocrx_word' id='word_1_74' title='bbox 252 583 328 616; x_wconf 89' lang='lat' dir='ltr'><strong>jttxta</strong></span> <span class='ocrx_word' id='word_1_75' title='bbox 351 583 438 618; x_wconf 90' lang='lat' dir='ltr'><strong>ipsum</strong></span> <span class='ocrx_word' id='word_1_76' title='bbox 460 584 609 612; x_wconf 75' lang='lat' dir='ltr'><strong>modestius</strong></span> <span class='ocrx_word' id='word_1_77' title='bbox 629 593 662 612; x_wconf 85' lang='lat' dir='ltr'><strong>ex</strong></span> <span class='ocrx_word' id='word_1_78' title='bbox 681 586 778 613; x_wconf 79' lang='lat' dir='ltr'><strong>eodem</strong></span> <span class='ocrx_word' id='word_1_79' title='bbox 803 586 886 612; x_wconf 90' lang='lat' dir='ltr'><strong>ubere</strong></span> 
     </span>
    </p>
   </div>
   <div class='ocr_carea' id='block_1_13' title="bbox 100 628 886 666">
    <p class='ocr_par' dir='ltr' id='par_1_13' title="bbox 100 628 886 666">
     <span class='ocr_line' id='line_1_13' title="bbox 100 628 886 666; baseline 0.008 -14"><span class='ocrx_word' id='word_1_80' title='bbox 100 628 217 660; x_wconf 74' lang='lat' dir='ltr'><strong>Sugettti.</strong></span> <span class='ocrx_word' id='word_1_81' title='bbox 235 628 393 662; x_wconf 86' lang='lat' dir='ltr'><strong>Experrecti</strong></span> <span class='ocrx_word' id='word_1_82' title='bbox 412 630 485 656; x_wconf 89' lang='lat' dir='ltr'><strong>enim</strong></span> <span class='ocrx_word' id='word_1_83' title='bbox 505 638 602 657; x_wconf 87' lang='lat' dir='ltr'><strong>manus</strong></span> <span class='ocrx_word' id='word_1_84' title='bbox 618 639 651 657; x_wconf 89' lang='lat' dir='ltr'><strong>eo</strong></span> <span class='ocrx_word' id='word_1_85' title='bbox 668 639 815 658; x_wconf 84' lang='lat' dir='ltr'><strong>accurrens</strong></span> <span class='ocrx_word' id='word_1_86' title='bbox 832 640 886 666; x_wconf 92' lang='lat' dir='ltr'><strong>quo</strong></span> 
     </span>
    </p>
   </div>
   <div class='ocr_carea' id='block_1_14' title="bbox 100 671 884 709">
    <p class='ocr_par' dir='ltr' id='par_1_14' title="bbox 100 671 884 709">
     <span class='ocr_line' id='line_1_14' title="bbox 100 671 884 709; baseline 0.008 -13"><span class='ocrx_word' id='word_1_87' title='bbox 100 678 198 698; x_wconf 80' lang='lat' dir='ltr'><strong>sensus</strong></span> <span class='ocrx_word' id='word_1_88' title='bbox 215 671 317 699; x_wconf 84' lang='lat' dir='ltr'><strong>doloris</strong></span> <span class='ocrx_word' id='word_1_89' title='bbox 335 673 430 705; x_wconf 89' lang='lat' dir='ltr'><strong>traxit,</strong></span> <span class='ocrx_word' id='word_1_90' title='bbox 449 675 567 708; x_wconf 91' lang='lat' dir='ltr'><strong>pulicetn</strong></span> <span class='ocrx_word' id='word_1_91' title='bbox 586 674 695 709; x_wconf 88' lang='lat' dir='ltr'><strong>quidem</strong></span> <span class='ocrx_word' id='word_1_92' title='bbox 714 676 797 702; x_wconf 81' lang='lat' dir='ltr'><strong>celeri</strong></span> <span class='ocrx_word' id='word_1_93' title='bbox 815 677 884 702; x_wconf 83' lang='lat' dir='ltr'><strong>saltu</strong></span> 
     </span>
    </p>
   </div>
   <div class='ocr_carea' id='block_1_15' title="bbox 99 716 885 753">
    <p class='ocr_par' dir='ltr' id='par_1_15' title="bbox 99 716 885 753">
     <span class='ocr_line' id='line_1_15' title="bbox 99 716 885 753; baseline 0.006 -11"><span class='ocrx_word' id='word_1_94' title='bbox 99 716 252 744; x_wconf 69' lang='lat' dir='ltr'><strong>evolantem</strong></span> <span class='ocrx_word' id='word_1_95' title='bbox 272 718 413 752; x_wconf 85' lang='lat' dir='ltr'><strong>corripere</strong></span> <span class='ocrx_word' id='word_1_96' title='bbox 433 726 486 745; x_wconf 95' lang='lat' dir='ltr'><strong>non</strong></span> <span class='ocrx_word' id='word_1_97' title='bbox 508 719 607 753; x_wconf 83' lang='lat' dir='ltr'><strong>potuit,</strong></span> <span class='ocrx_word' id='word_1_98' title='bbox 625 720 710 746; x_wconf 87' lang='lat' dir='ltr'><strong>alium</strong></span> <span class='ocrx_word' id='word_1_99' title='bbox 732 721 807 747; x_wconf 90' lang='lat' dir='ltr'><strong>illum</strong></span> <span class='ocrx_word' id='word_1_100' title='bbox 831 725 885 748; x_wconf 91' lang='lat' dir='ltr'><strong>lar-</strong></span> 
     </span>
    </p>
   </div>
   <div class='ocr_carea' id='block_1_16' title="bbox 99 760 885 797">
    <p class='ocr_par' dir='ltr' id='par_1_16' title="bbox 99 760 885 797">
     <span class='ocr_line' id='line_1_16' title="bbox 99 760 885 797; baseline 0.009 -11"><span class='ocrx_word' id='word_1_101' title='bbox 99 760 215 791; x_wconf 86' lang='lat' dir='ltr'><strong>diorcm.</strong></span> <span class='ocrx_word' id='word_1_102' title='bbox 230 769 280 789; x_wconf 88' lang='lat' dir='ltr'><strong>nec</strong></span> <span class='ocrx_word' id='word_1_103' title='bbox 295 770 402 790; x_wconf 84' lang='lat' dir='ltr'><strong>morsus</strong></span> <span class='ocrx_word' id='word_1_104' title='bbox 416 771 542 791; x_wconf 75' lang='lat' dir='ltr'><strong>Somnum</strong></span> <span class='ocrx_word' id='word_1_105' title='bbox 556 766 721 793; x_wconf 81' lang='lat' dir='ltr'><strong>excutientis</strong></span> <span class='ocrx_word' id='word_1_106' title='bbox 733 772 885 797; x_wconf 84' lang='lat' dir='ltr'><strong>auctorem,</strong></span> 
     </span>
    </p>
   </div>
   <div class='ocr_carea' id='block_1_17' title="bbox 97 807 886 843">
    <p class='ocr_par' dir='ltr' id='par_1_17' title="bbox 97 807 886 843">
     <span class='ocr_line' id='line_1_17' title="bbox 97 807 886 843; baseline 0.005 -10"><span class='ocrx_word' id='word_1_107' title='bbox 97 807 192 833; x_wconf 76' lang='lat' dir='ltr'><strong>alicna-</strong></span> <span class='ocrx_word' id='word_1_108' title='bbox 209 807 316 842; x_wconf 64' lang='lat' dir='ltr'><strong>injuriae</strong></span> <span class='ocrx_word' id='word_1_109' title='bbox 332 809 439 843; x_wconf 88' lang='lat' dir='ltr'><strong>piacttlo</strong></span> <span class='ocrx_word' id='word_1_110' title='bbox 455 811 592 836; x_wconf 88' lang='lat' dir='ltr'><strong>mactavit.</strong></span> <span class='ocrx_word' id='word_1_111' title='bbox 609 811 637 837; x_wconf 93' lang='lat' dir='ltr'><strong>lu</strong></span> <span class='ocrx_word' id='word_1_112' title='bbox 656 819 759 838; x_wconf 86' lang='lat' dir='ltr'><strong>summa</strong></span> <span class='ocrx_word' id='word_1_113' title='bbox 775 811 815 839; x_wconf 88' lang='lat' dir='ltr'><strong>sic</strong></span> <span class='ocrx_word' id='word_1_114' title='bbox 831 812 886 838; x_wconf 90' lang='lat' dir='ltr'><strong>col-</strong></span> 
     </span>
    </p>
   </div>
   <div class='ocr_carea' id='block_1_18' title="bbox 97 853 885 892">
    <p class='ocr_par' dir='ltr' id='par_1_18' title="bbox 97 853 885 892">
     <span class='ocr_line' id='line_1_18' title="bbox 97 853 885 892; baseline 0.008 -13"><span class='ocrx_word' id='word_1_115' title='bbox 97 853 152 887; x_wconf 75' lang='lat' dir='ltr'><strong>ligo</strong></span> <span class='ocrx_word' id='word_1_116' title='bbox 171 862 178 879; x_wconf 90' lang='lat'>:</span> <span class='ocrx_word' id='word_1_117' title='bbox 199 854 382 888; x_wconf 78' lang='lat' dir='ltr'><strong>peregrinanti</strong></span> <span class='ocrx_word' id='word_1_118' title='bbox 402 863 452 890; x_wconf 91' lang='lat' dir='ltr'><strong>per</strong></span> <span class='ocrx_word' id='word_1_119' title='bbox 468 856 585 891; x_wconf 76' lang='lat' dir='ltr'><strong>ignotam</strong></span> <span class='ocrx_word' id='word_1_120' title='bbox 605 857 745 892; x_wconf 68' lang='lat' dir='ltr'><strong>regionem</strong></span> <span class='ocrx_word' id='word_1_121' title='bbox 761 858 885 885; x_wconf 85' lang='lat' dir='ltr'><strong>certissi-</strong></span> 
     </span>
    </p>
   </div>
   <div class='ocr_carea' id='block_1_19' title="bbox 98 899 885 933">
    <p class='ocr_par' dir='ltr' id='par_1_19' title="bbox 98 899 885 933">
     <span class='ocr_line' id='line_1_19' title="bbox 98 899 885 933; baseline 0.009 -9"><span class='ocrx_word' id='word_1_122' title='bbox 98 899 150 926; x_wconf 73' lang='lat' dir='ltr'><strong>mis</strong></span> <span class='ocrx_word' id='word_1_123' title='bbox 165 900 328 933; x_wconf 83' lang='lat' dir='ltr'><strong>pignoribus</strong></span> <span class='ocrx_word' id='word_1_124' title='bbox 345 901 445 928; x_wconf 86' lang='lat' dir='ltr'><strong>debere</strong></span> <span class='ocrx_word' id='word_1_125' title='bbox 463 906 590 929; x_wconf 88' lang='lat' dir='ltr'><strong>constare</strong></span> <span class='ocrx_word' id='word_1_126' title='bbox 607 903 641 930; x_wconf 87' lang='lat' dir='ltr'><strong>de</strong></span> <span class='ocrx_word' id='word_1_127' title='bbox 661 903 713 929; x_wconf 90' lang='lat' dir='ltr'><strong>ﬁde</strong></span> <span class='ocrx_word' id='word_1_128' title='bbox 731 911 762 930; x_wconf 88' lang='lat' dir='ltr'><strong>ac</strong></span> <span class='ocrx_word' id='word_1_129' title='bbox 779 903 885 931; x_wconf 82' lang='lat' dir='ltr'><strong>sint-era</strong></span> 
     </span>
    </p>
   </div>
   <div class='ocr_carea' id='block_1_20' title="bbox 98 944 887 981">
    <p class='ocr_par' dir='ltr' id='par_1_20' title="bbox 98 944 887 981">
     <span class='ocr_line' id='line_1_20' title="bbox 98 944 887 981; baseline 0.005 -9"><span class='ocrx_word' id='word_1_130' title='bbox 98 944 287 973; x_wconf 81' lang='lat' dir='ltr'><strong>benevolentia</strong></span> <span class='ocrx_word' id='word_1_131' title='bbox 301 947 362 981; x_wconf 83' lang='lat' dir='ltr'><strong>ejus</strong></span> <span class='ocrx_word' id='word_1_132' title='bbox 377 948 420 973; x_wconf 89' lang='lat' dir='ltr'><strong>cui</strong></span> <span class='ocrx_word' id='word_1_133' title='bbox 435 955 463 974; x_wconf 87' lang='lat' dir='ltr'><strong>se</strong></span> <span class='ocrx_word' id='word_1_134' title='bbox 478 947 646 975; x_wconf 84' lang='lat' dir='ltr'><strong>duclandum</strong></span> <span class='ocrx_word' id='word_1_135' title='bbox 664 950 755 976; x_wconf 80' lang='lat' dir='ltr'><strong>tradit.</strong></span> <span class='ocrx_word' id='word_1_136' title='bbox 770 950 887 977; x_wconf 82' lang='lat' dir='ltr'><strong>Persua-</strong></span> 
     </span>
    </p>
   </div>
   <div class='ocr_carea' id='block_1_21' title="bbox 97 991 887 1031">
    <p class='ocr_par' dir='ltr' id='par_1_21' title="bbox 97 991 887 1031">
     <span class='ocr_line' id='line_1_21' title="bbox 97 991 887 1031; baseline 0.006 -14"><span class='ocrx_word' id='word_1_137' title='bbox 97 997 144 1017; x_wconf 83' lang='lat' dir='ltr'><strong>sus</strong></span> <span class='ocrx_word' id='word_1_138' title='bbox 161 991 203 1018; x_wconf 85' lang='lat' dir='ltr'><strong>his</strong></span> <span class='ocrx_word' id='word_1_139' title='bbox 218 992 391 1019; x_wconf 80' lang='lat' dir='ltr'><strong>sermonibus</strong></span> <span class='ocrx_word' id='word_1_140' title='bbox 406 993 448 1020; x_wconf 89' lang='lat' dir='ltr'><strong>leo</strong></span> <span class='ocrx_word' id='word_1_141' title='bbox 464 1002 471 1020; x_wconf 89' lang='lat'><strong>:</strong></span> <span class='ocrx_word' id='word_1_142' title='bbox 488 994 556 1026; x_wconf 88' lang='lat' dir='ltr'><strong>Quid</strong></span> <span class='ocrx_word' id='word_1_143' title='bbox 574 995 668 1028; x_wconf 79' lang='lat' dir='ltr'><strong>igitur,</strong></span> <span class='ocrx_word' id='word_1_144' title='bbox 686 995 785 1030; x_wconf 82' lang='lat' dir='ltr'><strong>inquit,</strong></span> <span class='ocrx_word' id='word_1_145' title='bbox 802 1003 887 1031; x_wconf 78' lang='lat' dir='ltr'><strong>agen-</strong></span> 
     </span>
    </p>
   </div>
   <div class='ocr_carea' id='block_1_22' title="bbox 96 1034 885 1074">
    <p class='ocr_par' dir='ltr' id='par_1_22' title="bbox 96 1034 885 1074">
     <span class='ocr_line' id='line_1_22' title="bbox 96 1034 885 1074; baseline 0.009 -13"><span class='ocrx_word' id='word_1_146' title='bbox 96 1034 161 1062; x_wconf 90' lang='lat' dir='ltr'><strong>dum</strong></span> <span class='ocrx_word' id='word_1_147' title='bbox 185 1037 243 1063; x_wconf 90' lang='lat' dir='ltr'><strong>est?</strong></span> <span class='ocrx_word' id='word_1_148' title='bbox 265 1036 314 1064; x_wconf 87' lang='lat' dir='ltr'><strong>Cui</strong></span> <span class='ocrx_word' id='word_1_149' title='bbox 336 1038 490 1072; x_wconf 79' lang='lat' dir='ltr'><strong>Vestigator</strong></span> <span class='ocrx_word' id='word_1_150' title='bbox 514 1049 520 1066; x_wconf 75' lang='grc' dir='ltr'><strong>ε</strong></span> <span class='ocrx_word' id='word_1_151' title='bbox 545 1040 617 1066; x_wconf 85' lang='lat' dir='ltr'><strong>Dens</strong></span> <span class='ocrx_word' id='word_1_152' title='bbox 638 1041 809 1074; x_wconf 85' lang='lat' dir='ltr'><strong>putrefactus</strong></span> <span class='ocrx_word' id='word_1_153' title='bbox 831 1049 885 1069; x_wconf 92' lang='lat' dir='ltr'><strong>non</strong></span> 
     </span>
    </p>
   </div>
   <div class='ocr_carea' id='block_1_23' title="bbox 96 1081 885 1119">
    <p class='ocr_par' dir='ltr' id='par_1_23' title="bbox 96 1081 885 1119">
     <span class='ocr_line' id='line_1_23' title="bbox 96 1081 885 1119; baseline 0.008 -12"><span class='ocrx_word' id='word_1_154' title='bbox 96 1081 176 1108; x_wconf 77' lang='lat' dir='ltr'><strong>aliter</strong></span> <span class='ocrx_word' id='word_1_155' title='bbox 194 1083 284 1109; x_wconf 87' lang='lat' dir='ltr'><strong>ettrari</strong></span> <span class='ocrx_word' id='word_1_156' title='bbox 304 1091 385 1117; x_wconf 88' lang='lat' dir='ltr'><strong>quam</strong></span> <span class='ocrx_word' id='word_1_157' title='bbox 403 1084 545 1112; x_wconf 87' lang='lat' dir='ltr'><strong>evulsione</strong></span> <span class='ocrx_word' id='word_1_158' title='bbox 564 1090 662 1119; x_wconf 87' lang='lat' dir='ltr'><strong>potest,</strong></span> <span class='ocrx_word' id='word_1_159' title='bbox 681 1091 707 1112; x_wconf 86' lang='lat' dir='ltr'><strong>el</strong></span> <span class='ocrx_word' id='word_1_160' title='bbox 724 1087 804 1114; x_wconf 88' lang='lat' dir='ltr'><strong>cibus</strong></span> <span class='ocrx_word' id='word_1_161' title='bbox 821 1095 885 1113; x_wconf 87' lang='lat' dir='ltr'><strong>cor-</strong></span> 
     </span>
    </p>
   </div>
   <div class='ocr_carea' id='block_1_24' title="bbox 96 1131 884 1168">
    <p class='ocr_par' dir='ltr' id='par_1_24' title="bbox 96 1131 884 1168">
     <span class='ocr_line' id='line_1_24' title="bbox 96 1131 884 1168; baseline 0.008 -15"><span class='ocrx_word' id='word_1_162' title='bbox 96 1133 194 1162; x_wconf 85' lang='lat' dir='ltr'><strong>ruptus</strong></span> <span class='ocrx_word' id='word_1_163' title='bbox 216 1137 333 1163; x_wconf 75' lang='lat' dir='ltr'><strong>gravatis</strong></span> <span class='ocrx_word' id='word_1_164' title='bbox 355 1131 539 1163; x_wconf 89' lang='lat' dir='ltr'><strong>stomachum,</strong></span> <span class='ocrx_word' id='word_1_165' title='bbox 562 1132 615 1159; x_wconf 90' lang='lat' dir='ltr'><strong>nisi</strong></span> <span class='ocrx_word' id='word_1_166' title='bbox 641 1133 742 1159; x_wconf 89' lang='lat' dir='ltr'><strong>vomitu</strong></span> <span class='ocrx_word' id='word_1_167' title='bbox 765 1133 884 1168; x_wconf 74' lang='lat' dir='ltr'><strong>cjicitur,</strong></span> 
     </span>
    </p>
   </div>
   <div class='ocr_carea' id='block_1_25' title="bbox 96 1173 885 1212">
    <p class='ocr_par' dir='ltr' id='par_1_25' title="bbox 96 1173 885 1212">
     <span class='ocr_line' id='line_1_25' title="bbox 96 1173 885 1212; baseline 0.01 -14"><span class='ocrx_word' id='word_1_168' title='bbox 96 1173 206 1199; x_wconf 87' lang='lat' dir='ltr'><strong>occidit.</strong></span> <span class='ocrx_word' id='word_1_169' title='bbox 225 1174 317 1201; x_wconf 82' lang='lat' dir='ltr'><strong>Dicam</strong></span> <span class='ocrx_word' id='word_1_170' title='bbox 338 1175 421 1209; x_wconf 77' lang='lat' dir='ltr'><strong>igitur</strong></span> <span class='ocrx_word' id='word_1_171' title='bbox 438 1181 528 1208; x_wconf 88' lang='lat' dir='ltr'><strong>lauro,</strong></span> <span class='ocrx_word' id='word_1_172' title='bbox 546 1178 589 1204; x_wconf 87' lang='lat' dir='ltr'><strong>leo</strong></span> <span class='ocrx_word' id='word_1_173' title='bbox 610 1178 706 1212; x_wconf 85' lang='lat' dir='ltr'><strong>inquit.</strong></span> <span class='ocrx_word' id='word_1_174' title='bbox 727 1183 756 1205; x_wconf 91' lang='lat' dir='ltr'><strong>ut</strong></span> <span class='ocrx_word' id='word_1_175' title='bbox 776 1180 885 1206; x_wconf 81' lang='lat' dir='ltr'><strong>recedat</strong></span> 
     </span>
    </p>
   </div>
   <div class='ocr_carea' id='block_1_26' title="bbox 97 1220 884 1258">
    <p class='ocr_par' dir='ltr' id='par_1_26' title="bbox 97 1220 884 1258">
     <span class='ocr_line' id='line_1_26' title="bbox 97 1220 884 1258; baseline 0.01 -13"><span class='ocrx_word' id='word_1_176' title='bbox 97 1227 152 1254; x_wconf 87' lang='lat' dir='ltr'><strong>qtto</strong></span> <span class='ocrx_word' id='word_1_177' title='bbox 169 1220 277 1246; x_wconf 75' lang='lat' dir='ltr'><strong>libitum</strong></span> <span class='ocrx_word' id='word_1_178' title='bbox 293 1221 387 1248; x_wconf 89' lang='lat' dir='ltr'><strong>fuerit.</strong></span> <span class='ocrx_word' id='word_1_179' title='bbox 405 1222 511 1256; x_wconf 69' lang='lat' dir='ltr'><strong>Apage,</strong></span> <span class='ocrx_word' id='word_1_180' title='bbox 528 1223 565 1249; x_wconf 86' lang='lat' dir='ltr'><strong>ait</strong></span> <span class='ocrx_word' id='word_1_181' title='bbox 578 1222 732 1257; x_wconf 80' lang='lat' dir='ltr'><strong>Vestigator</strong></span> <span class='ocrx_word' id='word_1_182' title='bbox 747 1225 884 1258; x_wconf 86' lang='lat' dir='ltr'><strong>(metuens</strong></span> 
     </span>
    </p>
   </div>
   <div class='ocr_carea' id='block_1_27' title="bbox 97 1267 883 1304">
    <p class='ocr_par' dir='ltr' id='par_1_27' title="bbox 97 1267 883 1304">
     <span class='ocr_line' id='line_1_27' title="bbox 97 1267 883 1304; baseline 0.008 -13"><span class='ocrx_word' id='word_1_183' title='bbox 97 1273 131 1292; x_wconf 89' lang='lat' dir='ltr'><strong>ne</strong></span> <span class='ocrx_word' id='word_1_184' title='bbox 145 1273 294 1300; x_wconf 86' lang='lat' dir='ltr'><strong>congressu</strong></span> <span class='ocrx_word' id='word_1_185' title='bbox 314 1267 382 1293; x_wconf 92' lang='lat' dir='ltr'><strong>tauri</strong></span> <span class='ocrx_word' id='word_1_186' title='bbox 397 1275 457 1293; x_wconf 87' lang='lat' dir='ltr'><strong>ettm</strong></span> <span class='ocrx_word' id='word_1_187' title='bbox 472 1267 550 1294; x_wconf 86' lang='lat' dir='ltr'><strong>leone</strong></span> <span class='ocrx_word' id='word_1_188' title='bbox 565 1276 612 1294; x_wconf 88' lang='lat' dir='ltr'><strong>sua</strong></span> <span class='ocrx_word' id='word_1_189' title='bbox 626 1269 727 1295; x_wconf 86' lang='lat' dir='ltr'><strong>malitia</strong></span> <span class='ocrx_word' id='word_1_190' title='bbox 742 1270 883 1304; x_wconf 69' lang='lat' dir='ltr'><strong>detegere-</strong></span> 
     </span>
    </p>
   </div>
   <div class='ocr_carea' id='block_1_28' title="bbox 98 1312 881 1346">
    <p class='ocr_par' dir='ltr' id='par_1_28' title="bbox 98 1312 881 1346">
     <span class='ocr_line' id='line_1_28' title="bbox 98 1312 881 1346; baseline 0.008 -9"><span class='ocrx_word' id='word_1_191' title='bbox 98 1312 165 1343; x_wconf 81' lang='lat' dir='ltr'><strong>tur),</strong></span> <span class='ocrx_word' id='word_1_192' title='bbox 179 1319 245 1338; x_wconf 83' lang='lat' dir='ltr'><strong>cave</strong></span> <span class='ocrx_word' id='word_1_193' title='bbox 258 1312 355 1338; x_wconf 77' lang='lat' dir='ltr'><strong>feceris</strong></span> <span class='ocrx_word' id='word_1_194' title='bbox 382 1313 427 1339; x_wconf 83' lang='lat' dir='ltr'><strong>ille</strong></span> <span class='ocrx_word' id='word_1_195' title='bbox 441 1313 542 1346; x_wconf 82' lang='lat' dir='ltr'><strong>quippe</strong></span> <span class='ocrx_word' id='word_1_196' title='bbox 559 1314 603 1340; x_wconf 88' lang='lat' dir='ltr'><strong>tali</strong></span> <span class='ocrx_word' id='word_1_197' title='bbox 620 1319 665 1341; x_wconf 88' lang='lat' dir='ltr'><strong>ttto</strong></span> <span class='ocrx_word' id='word_1_198' title='bbox 678 1322 804 1343; x_wconf 84' lang='lat' dir='ltr'><strong>sermone</strong></span> <span class='ocrx_word' id='word_1_199' title='bbox 819 1324 881 1343; x_wconf 71' lang='lat' dir='ltr'><strong>stn-</strong></span> 
     </span>
    </p>
   </div>
   <div class='ocr_carea' id='block_1_29' title="bbox 99 1357 880 1395">
    <p class='ocr_par' dir='ltr' id='par_1_29' title="bbox 99 1357 880 1395">
     <span class='ocr_line' id='line_1_29' title="bbox 99 1357 880 1395; baseline 0.008 -11"><span class='ocrx_word' id='word_1_200' title='bbox 99 1357 169 1385; x_wconf 73' lang='lat' dir='ltr'><strong>tirtrs</strong></span> <span class='ocrx_word' id='word_1_201' title='bbox 188 1358 343 1386; x_wconf 80' lang='lat' dir='ltr'><strong>subolu&#39;rsse</strong></span> <span class='ocrx_word' id='word_1_202' title='bbox 364 1358 413 1386; x_wconf 86' lang='lat' dir='ltr'><strong>t=bi</strong></span> <span class='ocrx_word' id='word_1_203' title='bbox 434 1359 573 1394; x_wconf 80' lang='lat' dir='ltr'><strong>quidpiam</strong></span> <span class='ocrx_word' id='word_1_204' title='bbox 594 1360 627 1387; x_wconf 90' lang='lat' dir='ltr'><strong>de</strong></span> <span class='ocrx_word' id='word_1_205' title='bbox 646 1361 754 1388; x_wconf 87' lang='lat' dir='ltr'><strong>arcanis</strong></span> <span class='ocrx_word' id='word_1_206' title='bbox 774 1363 834 1395; x_wconf 85' lang='lat' dir='ltr'><strong>ejus</strong></span> <span class='ocrx_word' id='word_1_207' title='bbox 854 1363 880 1390; x_wconf 93' lang='lat' dir='ltr'><strong>in</strong></span> 
     </span>
    </p>
   </div>
   <div class='ocr_carea' id='block_1_30' title="bbox 97 1404 879 1442">
    <p class='ocr_par' dir='ltr' id='par_1_30' title="bbox 97 1404 879 1442">
     <span class='ocr_line' id='line_1_30' title="bbox 97 1404 879 1442; baseline 0.01 -13"><span class='ocrx_word' id='word_1_208' title='bbox 97 1408 122 1430; x_wconf 75' lang='lat' dir='ltr'><strong>te</strong></span> <span class='ocrx_word' id='word_1_209' title='bbox 146 1404 354 1437; x_wconf 91' lang='lat' dir='ltr'><strong>molitionibus,</strong></span> <span class='ocrx_word' id='word_1_210' title='bbox 372 1406 530 1438; x_wconf 75' lang='lat' dir='ltr'><strong>properabit</strong></span> <span class='ocrx_word' id='word_1_211' title='bbox 550 1408 662 1441; x_wconf 84' lang='lat' dir='ltr'><strong>exsequi</strong></span> <span class='ocrx_word' id='word_1_212' title='bbox 684 1407 758 1442; x_wconf 89' lang='lat' dir='ltr'><strong>quod</strong></span> <span class='ocrx_word' id='word_1_213' title='bbox 779 1409 879 1437; x_wconf 81' lang='lat' dir='ltr'><strong>sensim</strong></span> 
     </span>
    </p>
   </div>
   <div class='ocr_carea' id='block_1_31' title="bbox 96 1448 879 1489">
    <p class='ocr_par' dir='ltr' id='par_1_31' title="bbox 96 1448 879 1489">
     <span class='ocr_line' id='line_1_31' title="bbox 96 1448 879 1489; baseline 0.01 -15"><span class='ocrx_word' id='word_1_214' title='bbox 96 1448 303 1476; x_wconf 80' lang='lat' dir='ltr'><strong>machinabatur</strong></span> <span class='ocrx_word' id='word_1_215' title='bbox 327 1459 334 1476; x_wconf 83' lang='lat'><strong><em>:</em></strong></span> <span class='ocrx_word' id='word_1_216' title='bbox 356 1458 417 1485; x_wconf 70' lang='lat' dir='ltr'><strong>qua:</strong></span> <span class='ocrx_word' id='word_1_217' title='bbox 440 1459 520 1478; x_wconf 85' lang='lat' dir='ltr'><strong>causa</strong></span> <span class='ocrx_word' id='word_1_218' title='bbox 542 1453 763 1486; x_wconf 82' lang='lat' dir='ltr'><strong>prudentissimis</strong></span> <span class='ocrx_word' id='word_1_219' title='bbox 786 1463 879 1489; x_wconf 80' lang='lat' dir='ltr'><strong>regum</strong></span> 
     </span>
    </p>
   </div>
   <div class='ocr_carea' id='block_1_32' title="bbox 95 1495 879 1532">
    <p class='ocr_par' dir='ltr' id='par_1_32' title="bbox 95 1495 879 1532">
     <span class='ocr_line' id='line_1_32' title="bbox 95 1495 879 1532; baseline 0.009 -11"><span class='ocrx_word' id='word_1_220' title='bbox 95 1500 147 1525; x_wconf 78' lang='lat' dir='ltr'><strong>cst,</strong></span> <span class='ocrx_word' id='word_1_221' title='bbox 164 1495 272 1528; x_wconf 80' lang='lat' dir='ltr'><strong>publice</strong></span> <span class='ocrx_word' id='word_1_222' title='bbox 286 1495 396 1529; x_wconf 81' lang='lat' dir='ltr'><strong>quidem</strong></span> <span class='ocrx_word' id='word_1_223' title='bbox 414 1497 543 1530; x_wconf 84' lang='lat' dir='ltr'><strong>puniendi</strong></span> <span class='ocrx_word' id='word_1_224' title='bbox 561 1498 650 1532; x_wconf 81' lang='lat' dir='ltr'><strong>palam</strong></span> <span class='ocrx_word' id='word_1_225' title='bbox 664 1500 805 1527; x_wconf 81' lang='lat' dir='ltr'><strong>convictos</strong></span> <span class='ocrx_word' id='word_1_226' title='bbox 821 1509 879 1528; x_wconf 83' lang='lat' dir='ltr'><strong>sce—</strong></span> 
     </span>
    </p>
   </div>
   <div class='ocr_carea' id='block_1_33' title="bbox 904 891 922 917">
    <p class='ocr_par' dir='ltr' id='par_1_33' title="bbox 904 891 922 917">
     <span class='ocr_line' id='line_1_33' title="bbox 904 891 922 917; baseline 0 0"><span class='ocrx_word' id='word_1_227' title='bbox 904 891 922 917; x_wconf 81' lang='grc' dir='ltr'>Β</span> 
     </span>
    </p>
   </div>
   <div class='ocr_carea' id='block_1_34' title="bbox 940 271 1732 306">
    <p class='ocr_par' dir='ltr' id='par_1_34' title="bbox 940 271 1732 306">
     <span class='ocr_line' id='line_1_34' title="bbox 940 271 1732 306; baseline 0 -8"><span class='ocrx_word' id='word_1_228' title='bbox 940 271 1013 298; x_wconf 86' lang='lat' dir='ltr'><strong>dinis</strong></span> <span class='ocrx_word' id='word_1_229' title='bbox 1035 271 1162 306; x_wconf 80' lang='lat' dir='ltr'><strong>ingentis.</strong></span> <span class='ocrx_word' id='word_1_230' title='bbox 1183 271 1297 306; x_wconf 84' lang='lat' dir='ltr'><strong>Excepit</strong></span> <span class='ocrx_word' id='word_1_231' title='bbox 1318 271 1396 298; x_wconf 90' lang='lat' dir='ltr'><strong>illutn</strong></span> <span class='ocrx_word' id='word_1_232' title='bbox 1416 279 1467 306; x_wconf 93' lang='lat' dir='ltr'><strong>pro</strong></span> <span class='ocrx_word' id='word_1_233' title='bbox 1488 272 1574 299; x_wconf 84' lang='lat' dir='ltr'><strong>veteri</strong></span> <span class='ocrx_word' id='word_1_234' title='bbox 1594 273 1732 303; x_wconf 79' lang='lat' dir='ltr'><strong>amicitia,</strong></span> 
     </span>
    </p>
   </div>
   <div class='ocr_carea' id='block_1_35' title="bbox 939 316 1736 352">
    <p class='ocr_par' dir='ltr' id='par_1_35' title="bbox 939 316 1736 352">
     <span class='ocr_line' id='line_1_35' title="bbox 939 316 1736 352; baseline 0.003 -9"><span class='ocrx_word' id='word_1_235' title='bbox 939 324 1005 343; x_wconf 82' lang='lat' dir='ltr'><strong>sane</strong></span> <span class='ocrx_word' id='word_1_236' title='bbox 1024 316 1207 350; x_wconf 79' lang='lat' dir='ltr'><strong>familiariter,</strong></span> <span class='ocrx_word' id='word_1_237' title='bbox 1227 316 1297 344; x_wconf 87' lang='lat' dir='ltr'><strong>nihil</strong></span> <span class='ocrx_word' id='word_1_238' title='bbox 1317 317 1422 344; x_wconf 86' lang='lat' dir='ltr'><strong>sinistri</strong></span> <span class='ocrx_word' id='word_1_239' title='bbox 1441 318 1587 352; x_wconf 85' lang='lat' dir='ltr'><strong>suspicans</strong></span> <span class='ocrx_word' id='word_1_240' title='bbox 1608 322 1704 345; x_wconf 88' lang='lat' dir='ltr'><strong>taurus</strong></span> <span class='ocrx_word' id='word_1_241' title='bbox 1729 328 1736 346; x_wconf 88' lang='lat'><strong>:</strong></span> 
     </span>
    </p>
   </div>
   <div class='ocr_carea' id='block_1_36' title="bbox 941 362 1741 397">
    <p class='ocr_par' dir='ltr' id='par_1_36' title="bbox 941 362 1741 397">
     <span class='ocr_line' id='line_1_36' title="bbox 941 362 1741 397; baseline 0 -8"><span class='ocrx_word' id='word_1_242' title='bbox 941 362 1032 389; x_wconf 87' lang='lat' dir='ltr'><strong>lleusl</strong></span> <span class='ocrx_word' id='word_1_243' title='bbox 1046 367 1085 395; x_wconf 92' lang='lat' dir='ltr'><strong>tu,</strong></span> <span class='ocrx_word' id='word_1_244' title='bbox 1097 362 1236 397; x_wconf 80' lang='lat' dir='ltr'><strong>inquiens,</strong></span> <span class='ocrx_word' id='word_1_245' title='bbox 1250 370 1266 390; x_wconf 91' lang='grc' dir='ltr'><strong>ο</strong></span> <span class='ocrx_word' id='word_1_246' title='bbox 1279 363 1362 394; x_wconf 87' lang='lat' dir='ltr'><strong>bone,</strong></span> <span class='ocrx_word' id='word_1_247' title='bbox 1375 362 1423 389; x_wconf 92' lang='lat' dir='ltr'><strong>ubi</strong></span> <span class='ocrx_word' id='word_1_248' title='bbox 1439 366 1544 390; x_wconf 92' lang='lat' dir='ltr'><strong>tantum</strong></span> <span class='ocrx_word' id='word_1_249' title='bbox 1559 370 1589 389; x_wconf 90' lang='lat' dir='ltr'><strong>es</strong></span> <span class='ocrx_word' id='word_1_250' title='bbox 1601 364 1741 389; x_wconf 87' lang='lat' dir='ltr'><strong>moratus?</strong></span> 
     </span>
    </p>
   </div>
   <div class='ocr_carea' id='block_1_37' title="bbox 939 408 1735 444">
    <p class='ocr_par' dir='ltr' id='par_1_37' title="bbox 939 408 1735 444">
     <span class='ocr_line' id='line_1_37' title="bbox 939 408 1735 444; baseline 0.001 -9"><span class='ocrx_word' id='word_1_251' title='bbox 939 409 1069 435; x_wconf 65' lang='lat' dir='ltr'><strong>saeculum</strong></span> <span class='ocrx_word' id='word_1_252' title='bbox 1087 412 1129 436; x_wconf 90' lang='lat' dir='ltr'><strong>est</strong></span> <span class='ocrx_word' id='word_1_253' title='bbox 1145 417 1178 436; x_wconf 81' lang='lat' dir='ltr'><strong>ex</strong></span> <span class='ocrx_word' id='word_1_254' title='bbox 1196 417 1251 444; x_wconf 87' lang='lat' dir='ltr'><strong>qtto</strong></span> <span class='ocrx_word' id='word_1_255' title='bbox 1269 408 1385 435; x_wconf 85' lang='lat' dir='ltr'><strong>invicem</strong></span> <span class='ocrx_word' id='word_1_256' title='bbox 1403 417 1458 436; x_wconf 90' lang='lat' dir='ltr'><strong>non</strong></span> <span class='ocrx_word' id='word_1_257' title='bbox 1475 409 1615 442; x_wconf 87' lang='lat' dir='ltr'><strong>vidimus;</strong></span> <span class='ocrx_word' id='word_1_258' title='bbox 1633 409 1681 436; x_wconf 88' lang='lat' dir='ltr'><strong>sed</strong></span> <span class='ocrx_word' id='word_1_259' title='bbox 1700 417 1735 436; x_wconf 91' lang='lat' dir='ltr'><strong>eo</strong></span> 
     </span>
    </p>
   </div>
   <div class='ocr_carea' id='block_1_38' title="bbox 939 454 1736 489">
    <p class='ocr_par' dir='ltr' id='par_1_38' title="bbox 939 454 1736 489">
     <span class='ocr_line' id='line_1_38' title="bbox 939 454 1736 489; baseline 0.001 -9"><span class='ocrx_word' id='word_1_260' title='bbox 939 462 982 480; x_wconf 89' lang='lat' dir='ltr'><strong>me</strong></span> <span class='ocrx_word' id='word_1_261' title='bbox 1007 455 1134 481; x_wconf 89' lang='lat' dir='ltr'><strong>consolor</strong></span> <span class='ocrx_word' id='word_1_262' title='bbox 1158 455 1229 488; x_wconf 88' lang='lat' dir='ltr'><strong>quod</strong></span> <span class='ocrx_word' id='word_1_263' title='bbox 1256 459 1438 489; x_wconf 66' lang='lat' dir='ltr'><strong>quiestuosam</strong></span> <span class='ocrx_word' id='word_1_264' title='bbox 1466 454 1513 482; x_wconf 89' lang='lat' dir='ltr'><strong>tibi</strong></span> <span class='ocrx_word' id='word_1_265' title='bbox 1538 454 1624 482; x_wconf 82' lang='lat' dir='ltr'><strong>fuisse</strong></span> <span class='ocrx_word' id='word_1_266' title='bbox 1649 462 1736 482; x_wconf 66' lang='lat' dir='ltr'><strong>morae</strong></span> 
     </span>
    </p>
   </div>
   <div class='ocr_carea' id='block_1_39' title="bbox 938 499 1732 535">
    <p class='ocr_par' dir='ltr' id='par_1_39' title="bbox 938 499 1732 535">
     <span class='ocr_line' id='line_1_39' title="bbox 938 499 1732 535; baseline 0 -9"><span class='ocrx_word' id='word_1_267' title='bbox 938 507 1048 526; x_wconf 86' lang='lat' dir='ltr'><strong>causam</strong></span> <span class='ocrx_word' id='word_1_268' title='bbox 1063 507 1154 534; x_wconf 90' lang='lat' dir='ltr'><strong>spero.</strong></span> <span class='ocrx_word' id='word_1_269' title='bbox 1169 500 1215 527; x_wconf 90' lang='lat' dir='ltr'><strong>Die</strong></span> <span class='ocrx_word' id='word_1_270' title='bbox 1230 500 1327 534; x_wconf 84' lang='lat' dir='ltr'><strong>agesis.</strong></span> <span class='ocrx_word' id='word_1_271' title='bbox 1341 500 1407 534; x_wconf 88' lang='lat' dir='ltr'><strong>quid</strong></span> <span class='ocrx_word' id='word_1_272' title='bbox 1420 499 1454 527; x_wconf 90' lang='lat' dir='ltr'><strong>ab</strong></span> <span class='ocrx_word' id='word_1_273' title='bbox 1469 499 1566 527; x_wconf 91' lang='lat' dir='ltr'><strong>ultimo</strong></span> <span class='ocrx_word' id='word_1_274' title='bbox 1580 507 1732 535; x_wconf 81' lang='lat' dir='ltr'><strong>congressu</strong></span> 
     </span>
    </p>
   </div>
   <div class='ocr_carea' id='block_1_40' title="bbox 940 545 1735 580">
    <p class='ocr_par' dir='ltr' id='par_1_40' title="bbox 940 545 1735 580">
     <span class='ocr_line' id='line_1_40' title="bbox 940 545 1735 580; baseline 0 -8"><span class='ocrx_word' id='word_1_275' title='bbox 940 550 1034 572; x_wconf 67' lang='lat' dir='ltr'><strong>no.stro</strong></span> <span class='ocrx_word' id='word_1_276' title='bbox 1055 546 1178 572; x_wconf 87' lang='lat' dir='ltr'><strong>lucratus</strong></span> <span class='ocrx_word' id='word_1_277' title='bbox 1197 546 1261 572; x_wconf 87' lang='lat' dir='ltr'><strong>boni</strong></span> <span class='ocrx_word' id='word_1_278' title='bbox 1286 546 1336 572; x_wconf 86' lang='lat' dir='ltr'><strong>es?</strong></span> <span class='ocrx_word' id='word_1_279' title='bbox 1356 545 1396 571; x_wconf 84' lang='lat' dir='ltr'><strong>Ad</strong></span> <span class='ocrx_word' id='word_1_280' title='bbox 1417 552 1449 572; x_wconf 85' lang='lat' dir='ltr'><strong>ea</strong></span> <span class='ocrx_word' id='word_1_281' title='bbox 1466 545 1632 580; x_wconf 84' lang='lat' dir='ltr'><strong>Vestigator,</strong></span> <span class='ocrx_word' id='word_1_282' title='bbox 1654 545 1735 572; x_wconf 90' lang='lat' dir='ltr'><strong>nullo</strong></span> 
     </span>
    </p>
   </div>
   <div class='ocr_carea' id='block_1_41' title="bbox 938 590 1733 625">
    <p class='ocr_par' dir='ltr' id='par_1_41' title="bbox 938 590 1733 625">
     <span class='ocr_line' id='line_1_41' title="bbox 938 590 1733 625; baseline 0 -8"><span class='ocrx_word' id='word_1_283' title='bbox 938 591 1025 617; x_wconf 84' lang='lat' dir='ltr'><strong>arrisu</strong></span> <span class='ocrx_word' id='word_1_284' title='bbox 1040 591 1177 618; x_wconf 82' lang='lat' dir='ltr'><strong>tristitiam</strong></span> <span class='ocrx_word' id='word_1_285' title='bbox 1196 596 1368 625; x_wconf 78' lang='lat' dir='ltr'><strong>temperans:</strong></span> <span class='ocrx_word' id='word_1_286' title='bbox 1386 590 1454 617; x_wconf 86' lang='lat' dir='ltr'><strong>Nam</strong></span> <span class='ocrx_word' id='word_1_287' title='bbox 1472 590 1538 625; x_wconf 88' lang='lat' dir='ltr'><strong>qttid</strong></span> <span class='ocrx_word' id='word_1_288' title='bbox 1550 610 1557 622; x_wconf 92' lang='lat'><strong>,</strong></span> <span class='ocrx_word' id='word_1_289' title='bbox 1573 591 1622 623; x_wconf 84' lang='lat' dir='ltr'><strong>ait,</strong></span> <span class='ocrx_word' id='word_1_290' title='bbox 1639 595 1733 625; x_wconf 86' lang='lat' dir='ltr'><strong>potest</strong></span> 
     </span>
    </p>
   </div>
   <div class='ocr_carea' id='block_1_42' title="bbox 939 635 1730 670">
    <p class='ocr_par' dir='ltr' id='par_1_42' title="bbox 939 635 1730 670">
     <span class='ocr_line' id='line_1_42' title="bbox 939 635 1730 670; baseline -0.001 -7"><span class='ocrx_word' id='word_1_291' title='bbox 939 635 1002 664; x_wconf 87' lang='lat' dir='ltr'><strong>boni</strong></span> <span class='ocrx_word' id='word_1_292' title='bbox 1020 637 1179 670; x_wconf 81' lang='lat' dir='ltr'><strong>contingere</strong></span> <span class='ocrx_word' id='word_1_293' title='bbox 1196 636 1341 663; x_wconf 81' lang='lat' dir='ltr'><strong>arbitrium</strong></span> <span class='ocrx_word' id='word_1_294' title='bbox 1359 636 1401 663; x_wconf 89' lang='lat' dir='ltr'><strong>sui</strong></span> <span class='ocrx_word' id='word_1_295' title='bbox 1420 644 1473 663; x_wconf 93' lang='lat' dir='ltr'><strong>non</strong></span> <span class='ocrx_word' id='word_1_296' title='bbox 1493 636 1615 669; x_wconf 88' lang='lat' dir='ltr'><strong>habenti,</strong></span> <span class='ocrx_word' id='word_1_297' title='bbox 1632 636 1680 662; x_wconf 89' lang='lat' dir='ltr'><strong>sed</strong></span> <span class='ocrx_word' id='word_1_298' title='bbox 1697 643 1730 662; x_wconf 85' lang='lat' dir='ltr'><strong>ex</strong></span> 
     </span>
    </p>
   </div>
   <div class='ocr_carea' id='block_1_43' title="bbox 939 681 1734 716">
    <p class='ocr_par' dir='ltr' id='par_1_43' title="bbox 939 681 1734 716">
     <span class='ocr_line' id='line_1_43' title="bbox 939 681 1734 716; baseline 0 -8"><span class='ocrx_word' id='word_1_299' title='bbox 939 681 1042 708; x_wconf 81' lang='lat' dir='ltr'><strong>domini</strong></span> <span class='ocrx_word' id='word_1_300' title='bbox 1058 683 1211 716; x_wconf 78' lang='lat' dir='ltr'><strong>arrogantis</strong></span> <span class='ocrx_word' id='word_1_301' title='bbox 1224 686 1251 708; x_wconf 90' lang='lat' dir='ltr'><strong>et</strong></span> <span class='ocrx_word' id='word_1_302' title='bbox 1268 681 1342 708; x_wconf 87' lang='lat' dir='ltr'><strong>inﬁdi</strong></span> <span class='ocrx_word' id='word_1_303' title='bbox 1360 686 1427 708; x_wconf 87' lang='lat' dir='ltr'><strong>nuttt</strong></span> <span class='ocrx_word' id='word_1_304' title='bbox 1444 681 1564 708; x_wconf 85' lang='lat' dir='ltr'><strong>instabili</strong></span> <span class='ocrx_word' id='word_1_305' title='bbox 1582 688 1734 716; x_wconf 83' lang='lat' dir='ltr'><strong>suspensas</strong></span> 
     </span>
    </p>
   </div>
   <div class='ocr_carea' id='block_1_44' title="bbox 939 726 1732 758">
    <p class='ocr_par' dir='ltr' id='par_1_44' title="bbox 939 726 1732 758">
     <span class='ocr_line' id='line_1_44' title="bbox 939 726 1732 758; baseline 0 -5"><span class='ocrx_word' id='word_1_306' title='bbox 939 728 1000 754; x_wconf 72' lang='lat' dir='ltr'><strong>vitze</strong></span> <span class='ocrx_word' id='word_1_307' title='bbox 1011 735 1042 754; x_wconf 84' lang='lat' dir='ltr'><strong>ac</strong></span> <span class='ocrx_word' id='word_1_308' title='bbox 1053 731 1141 754; x_wconf 88' lang='lat' dir='ltr'><strong>status</strong></span> <span class='ocrx_word' id='word_1_309' title='bbox 1153 727 1253 754; x_wconf 81' lang='lat' dir='ltr'><strong>misere</strong></span> <span class='ocrx_word' id='word_1_310' title='bbox 1267 727 1387 753; x_wconf 87' lang='lat' dir='ltr'><strong>trahenti</strong></span> <span class='ocrx_word' id='word_1_311' title='bbox 1400 727 1538 754; x_wconf 84' lang='lat' dir='ltr'><strong>rationes?</strong></span> <span class='ocrx_word' id='word_1_312' title='bbox 1550 726 1623 754; x_wconf 83' lang='lat' dir='ltr'><strong>Bona</strong></span> <span class='ocrx_word' id='word_1_313' title='bbox 1636 727 1732 758; x_wconf 87' lang='lat' dir='ltr'><strong>verba,</strong></span> 
     </span>
    </p>
   </div>
   <div class='ocr_carea' id='block_1_45' title="bbox 939 772 1734 808">
    <p class='ocr_par' dir='ltr' id='par_1_45' title="bbox 939 772 1734 808">
     <span class='ocr_line' id='line_1_45' title="bbox 939 772 1734 808; baseline 0 -9"><span class='ocrx_word' id='word_1_314' title='bbox 939 779 1034 800; x_wconf 87' lang='lat' dir='ltr'><strong>taurus</strong></span> <span class='ocrx_word' id='word_1_315' title='bbox 1056 773 1165 807; x_wconf 82' lang='lat' dir='ltr'><strong>inquit;</strong></span> <span class='ocrx_word' id='word_1_316' title='bbox 1190 781 1223 799; x_wconf 89' lang='lat' dir='ltr'><strong>an</strong></span> <span class='ocrx_word' id='word_1_317' title='bbox 1246 780 1342 808; x_wconf 88' lang='lat' dir='ltr'><strong>passus</strong></span> <span class='ocrx_word' id='word_1_318' title='bbox 1361 781 1390 800; x_wconf 87' lang='lat' dir='ltr'><strong>es</strong></span> <span class='ocrx_word' id='word_1_319' title='bbox 1410 772 1514 806; x_wconf 87' lang='lat' dir='ltr'><strong>aliqttid</strong></span> <span class='ocrx_word' id='word_1_320' title='bbox 1534 773 1608 807; x_wconf 83' lang='lat' dir='ltr'><strong>quod</strong></span> <span class='ocrx_word' id='word_1_321' title='bbox 1629 773 1734 800; x_wconf 77' lang='lat' dir='ltr'><strong>nolles?</strong></span> 
     </span>
    </p>
   </div>
   <div class='ocr_carea' id='block_1_46' title="bbox 937 817 1732 853">
    <p class='ocr_par' dir='ltr' id='par_1_46' title="bbox 937 817 1732 853">
     <span class='ocr_line' id='line_1_46' title="bbox 937 817 1732 853; baseline -0.003 -8"><span class='ocrx_word' id='word_1_322' title='bbox 937 819 987 845; x_wconf 82' lang='lat' dir='ltr'><strong>ele</strong></span> <span class='ocrx_word' id='word_1_323' title='bbox 1005 818 1070 853; x_wconf 88' lang='lat' dir='ltr'><strong>quid</strong></span> <span class='ocrx_word' id='word_1_324' title='bbox 1088 827 1165 845; x_wconf 76' lang='lat' dir='ltr'><strong>novre</strong></span> <span class='ocrx_word' id='word_1_325' title='bbox 1184 819 1221 845; x_wconf 84' lang='lat' dir='ltr'><strong>rei</strong></span> <span class='ocrx_word' id='word_1_326' title='bbox 1240 822 1291 845; x_wconf 86' lang='lat' dir='ltr'><strong>est.</strong></span> <span class='ocrx_word' id='word_1_327' title='bbox 1306 818 1356 845; x_wconf 84' lang='lat' dir='ltr'><strong>Hie</strong></span> <span class='ocrx_word' id='word_1_328' title='bbox 1373 818 1525 853; x_wconf 81' lang='lat' dir='ltr'><strong>Vestigator</strong></span> <span class='ocrx_word' id='word_1_329' title='bbox 1541 827 1548 844; x_wconf 90' lang='lat'><strong>:</strong></span> <span class='ocrx_word' id='word_1_330' title='bbox 1563 818 1628 850; x_wconf 85' lang='lat' dir='ltr'><strong>Quis</strong></span> <span class='ocrx_word' id='word_1_331' title='bbox 1643 817 1732 844; x_wconf 87' lang='lat' dir='ltr'><strong>vitare</strong></span> 
     </span>
    </p>
   </div>
   <div class='ocr_carea' id='block_1_47' title="bbox 938 864 1730 898">
    <p class='ocr_par' dir='ltr' id='par_1_47' title="bbox 938 864 1730 898">
     <span class='ocr_line' id='line_1_47' title="bbox 938 864 1730 898; baseline 0 -7"><span class='ocrx_word' id='word_1_332' title='bbox 938 870 1021 898; x_wconf 83' lang='lat' dir='ltr'><strong>queat</strong></span> <span class='ocrx_word' id='word_1_333' title='bbox 1042 865 1116 892; x_wconf 80' lang='lat' dir='ltr'><strong>fatali</strong></span> <span class='ocrx_word' id='word_1_334' title='bbox 1140 865 1304 892; x_wconf 87' lang='lat' dir='ltr'><strong>necessitate</strong></span> <span class='ocrx_word' id='word_1_335' title='bbox 1329 865 1460 898; x_wconf 72' lang='lat' dir='ltr'><strong>ingruens</strong></span> <span class='ocrx_word' id='word_1_336' title='bbox 1483 865 1595 895; x_wconf 85' lang='lat' dir='ltr'><strong>malum,</strong></span> <span class='ocrx_word' id='word_1_337' title='bbox 1615 869 1662 891; x_wconf 88' lang='lat' dir='ltr'><strong>aut</strong></span> <span class='ocrx_word' id='word_1_338' title='bbox 1683 864 1730 891; x_wconf 91' lang='lat' dir='ltr'><strong>cui</strong></span> 
     </span>
    </p>
   </div>
   <div class='ocr_carea' id='block_1_48' title="bbox 941 909 1732 945">
    <p class='ocr_par' dir='ltr' id='par_1_48' title="bbox 941 909 1732 945">
     <span class='ocr_line' id='line_1_48' title="bbox 941 909 1732 945; baseline 0 -8"><span class='ocrx_word' id='word_1_339' title='bbox 941 911 1036 938; x_wconf 64' lang='lat' dir='ltr'><strong>aulica:</strong></span> <span class='ocrx_word' id='word_1_340' title='bbox 1057 911 1199 938; x_wconf 85' lang='lat' dir='ltr'><strong>servitutis</strong></span> <span class='ocrx_word' id='word_1_341' title='bbox 1221 911 1247 937; x_wconf 90' lang='lat' dir='ltr'><strong>in</strong></span> <span class='ocrx_word' id='word_1_342' title='bbox 1270 911 1404 945; x_wconf 89' lang='lat' dir='ltr'><strong>obsequio</strong></span> <span class='ocrx_word' id='word_1_343' title='bbox 1429 911 1584 945; x_wconf 89' lang='lat' dir='ltr'><strong>principum</strong></span> <span class='ocrx_word' id='word_1_344' title='bbox 1610 909 1732 938; x_wconf 83' lang='lat' dir='ltr'><strong>trahenti</strong></span> 
     </span>
    </p>
   </div>
   <div class='ocr_carea' id='block_1_49' title="bbox 938 955 1732 992">
    <p class='ocr_par' dir='ltr' id='par_1_49' title="bbox 938 955 1732 992">
     <span class='ocr_line' id='line_1_49' title="bbox 938 955 1732 992; baseline -0.001 -9"><span class='ocrx_word' id='word_1_345' title='bbox 938 957 1045 992; x_wconf 85' lang='lat' dir='ltr'><strong>jugum.</strong></span> <span class='ocrx_word' id='word_1_346' title='bbox 1061 964 1116 983; x_wconf 91' lang='lat' dir='ltr'><strong>non</strong></span> <span class='ocrx_word' id='word_1_347' title='bbox 1134 956 1226 983; x_wconf 87' lang='lat' dir='ltr'><strong>evenit</strong></span> <span class='ocrx_word' id='word_1_348' title='bbox 1244 956 1374 991; x_wconf 72' lang='lat' dir='ltr'><strong>denique,</strong></span> <span class='ocrx_word' id='word_1_349' title='bbox 1391 957 1452 983; x_wconf 88' lang='lat' dir='ltr'><strong>vice</strong></span> <span class='ocrx_word' id='word_1_350' title='bbox 1470 955 1575 990; x_wconf 69' lang='lat' dir='ltr'><strong>pricmii</strong></span> <span class='ocrx_word' id='word_1_351' title='bbox 1594 956 1732 987; x_wconf 89' lang='lat' dir='ltr'><strong>laborum,</strong></span> 
     </span>
    </p>
   </div>
   <div class='ocr_carea' id='block_1_50' title="bbox 940 1001 1732 1036">
    <p class='ocr_par' dir='ltr' id='par_1_50' title="bbox 940 1001 1732 1036">
     <span class='ocr_line' id='line_1_50' title="bbox 940 1001 1732 1036; baseline -0.003 -7"><span class='ocrx_word' id='word_1_352' title='bbox 940 1002 1036 1036; x_wconf 80' lang='lat' dir='ltr'><strong>ingens</strong></span> <span class='ocrx_word' id='word_1_353' title='bbox 1056 1002 1218 1030; x_wconf 85' lang='lat' dir='ltr'><strong>calamitas?</strong></span> <span class='ocrx_word' id='word_1_354' title='bbox 1238 1003 1304 1029; x_wconf 84' lang='lat' dir='ltr'><strong>Nam</strong></span> <span class='ocrx_word' id='word_1_355' title='bbox 1328 1003 1373 1030; x_wconf 88' lang='lat' dir='ltr'><strong>isti</strong></span> <span class='ocrx_word' id='word_1_356' title='bbox 1396 1002 1507 1036; x_wconf 89' lang='lat' dir='ltr'><strong>superbi</strong></span> <span class='ocrx_word' id='word_1_357' title='bbox 1531 1001 1652 1031; x_wconf 86' lang='lat' dir='ltr'><strong>domini.</strong></span> <span class='ocrx_word' id='word_1_358' title='bbox 1673 1001 1732 1028; x_wconf 87' lang='lat' dir='ltr'><strong>suis</strong></span> 
     </span>
    </p>
   </div>
   <div class='ocr_carea' id='block_1_51' title="bbox 939 1048 1730 1082">
    <p class='ocr_par' dir='ltr' id='par_1_51' title="bbox 939 1048 1730 1082">
     <span class='ocr_line' id='line_1_51' title="bbox 939 1048 1730 1082; baseline -0.001 -7"><span class='ocrx_word' id='word_1_359' title='bbox 939 1048 1019 1076; x_wconf 88' lang='lat' dir='ltr'><strong>unice</strong></span> <span class='ocrx_word' id='word_1_360' title='bbox 1034 1048 1132 1075; x_wconf 90' lang='lat' dir='ltr'><strong>intenti</strong></span> <span class='ocrx_word' id='word_1_361' title='bbox 1149 1048 1301 1075; x_wconf 88' lang='lat' dir='ltr'><strong>comtnodis</strong></span> <span class='ocrx_word' id='word_1_362' title='bbox 1311 1069 1318 1081; x_wconf 89' lang='lat'><strong>,</strong></span> <span class='ocrx_word' id='word_1_363' title='bbox 1333 1049 1401 1075; x_wconf 84' lang='lat' dir='ltr'><strong>alios</strong></span> <span class='ocrx_word' id='word_1_364' title='bbox 1416 1049 1539 1082; x_wconf 86' lang='lat' dir='ltr'><strong>aliosque</strong></span> <span class='ocrx_word' id='word_1_365' title='bbox 1553 1048 1730 1075; x_wconf 88' lang='lat' dir='ltr'><strong>subditorum</strong></span> 
     </span>
    </p>
   </div>
   <div class='ocr_carea' id='block_1_52' title="bbox 937 1092 1729 1130">
    <p class='ocr_par' dir='ltr' id='par_1_52' title="bbox 937 1092 1729 1130">
     <span class='ocr_line' id='line_1_52' title="bbox 937 1092 1729 1130; baseline -0.004 -8"><span class='ocrx_word' id='word_1_366' title='bbox 937 1095 1135 1130; x_wconf 82' lang='lat' dir='ltr'><strong>experiuntur;</strong></span> <span class='ocrx_word' id='word_1_367' title='bbox 1155 1103 1259 1129; x_wconf 77' lang='lat' dir='ltr'><strong>eosque</strong></span> <span class='ocrx_word' id='word_1_368' title='bbox 1280 1095 1325 1121; x_wconf 95' lang='lat' dir='ltr'><strong>ubi</strong></span> <span class='ocrx_word' id='word_1_369' title='bbox 1345 1103 1378 1121; x_wconf 87' lang='lat' dir='ltr'><strong>ex</strong></span> <span class='ocrx_word' id='word_1_370' title='bbox 1398 1095 1438 1121; x_wconf 88' lang='lat' dir='ltr'><strong>eis</strong></span> <span class='ocrx_word' id='word_1_371' title='bbox 1461 1093 1636 1129; x_wconf 85' lang='lat' dir='ltr'><strong>perceperint</strong></span> <span class='ocrx_word' id='word_1_372' title='bbox 1655 1092 1729 1127; x_wconf 86' lang='lat' dir='ltr'><strong>quod</strong></span> 
     </span>
    </p>
   </div>
   <div class='ocr_carea' id='block_1_53' title="bbox 933 1141 1728 1177">
    <p class='ocr_par' dir='ltr' id='par_1_53' title="bbox 933 1141 1728 1177">
     <span class='ocr_line' id='line_1_53' title="bbox 933 1141 1728 1177; baseline -0.003 -10"><span class='ocrx_word' id='word_1_373' title='bbox 933 1142 1021 1176; x_wconf 80' lang='lat' dir='ltr'><strong>juvat,</strong></span> <span class='ocrx_word' id='word_1_374' title='bbox 1040 1141 1155 1168; x_wconf 87' lang='lat' dir='ltr'><strong>miseros</strong></span> <span class='ocrx_word' id='word_1_375' title='bbox 1172 1141 1371 1169; x_wconf 86' lang='lat' dir='ltr'><strong>obliviscuntur</strong></span> <span class='ocrx_word' id='word_1_376' title='bbox 1385 1141 1563 1177; x_wconf 84' lang='lat' dir='ltr'><strong>abjcctosque</strong></span> <span class='ocrx_word' id='word_1_377' title='bbox 1581 1144 1728 1175; x_wconf 87' lang='lat' dir='ltr'><strong>spernunt,</strong></span> 
     </span>
    </p>
   </div>
   <div class='ocr_carea' id='block_1_54' title="bbox 937 1185 1730 1221">
    <p class='ocr_par' dir='ltr' id='par_1_54' title="bbox 937 1185 1730 1221">
     <span class='ocr_line' id='line_1_54' title="bbox 937 1185 1730 1221; baseline -0.001 -9"><span class='ocrx_word' id='word_1_378' title='bbox 937 1186 1005 1213; x_wconf 80' lang='lat' dir='ltr'><strong>nihil</strong></span> <span class='ocrx_word' id='word_1_379' title='bbox 1020 1186 1098 1220; x_wconf 86' lang='lat' dir='ltr'><strong>pensi</strong></span> <span class='ocrx_word' id='word_1_380' title='bbox 1114 1187 1257 1220; x_wconf 83' lang='lat' dir='ltr'><strong>habentes,</strong></span> <span class='ocrx_word' id='word_1_381' title='bbox 1274 1188 1343 1213; x_wconf 87' lang='lat' dir='ltr'><strong>male</strong></span> <span class='ocrx_word' id='word_1_382' title='bbox 1357 1194 1390 1213; x_wconf 92' lang='lat' dir='ltr'><strong>an</strong></span> <span class='ocrx_word' id='word_1_383' title='bbox 1407 1187 1476 1214; x_wconf 88' lang='lat' dir='ltr'><strong>bene</strong></span> <span class='ocrx_word' id='word_1_384' title='bbox 1492 1191 1588 1221; x_wconf 79' lang='lat' dir='ltr'><strong>agatur</strong></span> <span class='ocrx_word' id='word_1_385' title='bbox 1600 1193 1661 1212; x_wconf 91' lang='lat' dir='ltr'><strong>cum</strong></span> <span class='ocrx_word' id='word_1_386' title='bbox 1678 1185 1730 1211; x_wconf 82' lang='lat' dir='ltr'><strong>ini-</strong></span> 
     </span>
    </p>
   </div>
   <div class='ocr_carea' id='block_1_55' title="bbox 937 1230 1729 1267">
    <p class='ocr_par' dir='ltr' id='par_1_55' title="bbox 937 1230 1729 1267">
     <span class='ocr_line' id='line_1_55' title="bbox 937 1230 1729 1267; baseline -0.003 -7"><span class='ocrx_word' id='word_1_387' title='bbox 937 1232 1030 1260; x_wconf 88' lang='lat' dir='ltr'><strong>nistris</strong></span> <span class='ocrx_word' id='word_1_388' title='bbox 1045 1233 1193 1264; x_wconf 75' lang='lat' dir='ltr'><strong>veteribus,</strong></span> <span class='ocrx_word' id='word_1_389' title='bbox 1209 1233 1273 1260; x_wconf 87' lang='lat' dir='ltr'><strong>dum</strong></span> <span class='ocrx_word' id='word_1_390' title='bbox 1292 1233 1353 1260; x_wconf 89' lang='lat' dir='ltr'><strong>novi</strong></span> <span class='ocrx_word' id='word_1_391' title='bbox 1369 1237 1516 1267; x_wconf 88' lang='lat' dir='ltr'><strong>suppetant</strong></span> <span class='ocrx_word' id='word_1_392' title='bbox 1531 1232 1577 1266; x_wconf 90' lang='lat' dir='ltr'><strong>qui</strong></span> <span class='ocrx_word' id='word_1_393' title='bbox 1594 1239 1657 1259; x_wconf 89' lang='lat' dir='ltr'><strong>suas</strong></span> <span class='ocrx_word' id='word_1_394' title='bbox 1675 1230 1729 1258; x_wconf 88' lang='lat' dir='ltr'><strong>illis</strong></span> 
     </span>
    </p>
   </div>
   <div class='ocr_carea' id='block_1_56' title="bbox 935 1276 1726 1313">
    <p class='ocr_par' dir='ltr' id='par_1_56' title="bbox 935 1276 1726 1313">
     <span class='ocr_line' id='line_1_56' title="bbox 935 1276 1726 1313; baseline -0.003 -9"><span class='ocrx_word' id='word_1_395' title='bbox 935 1278 1083 1305; x_wconf 88' lang='lat' dir='ltr'><strong>conﬁciant</strong></span> <span class='ocrx_word' id='word_1_396' title='bbox 1109 1279 1281 1313; x_wconf 87' lang='lat' dir='ltr'><strong>voluptates;</strong></span> <span class='ocrx_word' id='word_1_397' title='bbox 1310 1279 1414 1305; x_wconf 88' lang='lat' dir='ltr'><strong>similes</strong></span> <span class='ocrx_word' id='word_1_398' title='bbox 1441 1278 1618 1305; x_wconf 84' lang='lat' dir='ltr'><strong>meretricum</strong></span> <span class='ocrx_word' id='word_1_399' title='bbox 1645 1276 1726 1303; x_wconf 84' lang='lat' dir='ltr'><strong>inex-</strong></span> 
     </span>
    </p>
   </div>
   <div class='ocr_carea' id='block_1_57' title="bbox 935 1323 1727 1358">
    <p class='ocr_par' dir='ltr' id='par_1_57' title="bbox 935 1323 1727 1358">
     <span class='ocr_line' id='line_1_57' title="bbox 935 1323 1727 1358; baseline -0.003 -8"><span class='ocrx_word' id='word_1_400' title='bbox 935 1324 1012 1358; x_wconf 74' lang='lat' dir='ltr'><strong>pletae</strong></span> <span class='ocrx_word' id='word_1_401' title='bbox 1026 1324 1158 1355; x_wconf 76' lang='lat' dir='ltr'><strong>libidinis,</strong></span> <span class='ocrx_word' id='word_1_402' title='bbox 1173 1332 1233 1358; x_wconf 75' lang='lat' dir='ltr'><strong>quae</strong></span> <span class='ocrx_word' id='word_1_403' title='bbox 1246 1325 1312 1351; x_wconf 87' lang='lat' dir='ltr'><strong>alios</strong></span> <span class='ocrx_word' id='word_1_404' title='bbox 1326 1329 1407 1358; x_wconf 90' lang='lat' dir='ltr'><strong>atque</strong></span> <span class='ocrx_word' id='word_1_405' title='bbox 1420 1324 1497 1355; x_wconf 84' lang='lat' dir='ltr'><strong>alios,</strong></span> <span class='ocrx_word' id='word_1_406' title='bbox 1513 1323 1640 1350; x_wconf 79' lang='lat' dir='ltr'><strong>fastiditis</strong></span> <span class='ocrx_word' id='word_1_407' title='bbox 1653 1330 1727 1349; x_wconf 86' lang='lat' dir='ltr'><strong>sem-</strong></span> 
     </span>
    </p>
   </div>
   <div class='ocr_carea' id='block_1_58' title="bbox 934 1368 1724 1406">
    <p class='ocr_par' dir='ltr' id='par_1_58' title="bbox 934 1368 1724 1406">
     <span class='ocr_line' id='line_1_58' title="bbox 934 1368 1724 1406; baseline -0.003 -11"><span class='ocrx_word' id='word_1_408' title='bbox 934 1378 982 1404; x_wconf 85' lang='lat' dir='ltr'><strong>per</strong></span> <span class='ocrx_word' id='word_1_409' title='bbox 1004 1370 1154 1406; x_wconf 88' lang='lat' dir='ltr'><strong>prioribus,</strong></span> <span class='ocrx_word' id='word_1_410' title='bbox 1176 1374 1313 1398; x_wconf 86' lang='lat' dir='ltr'><strong>amatores</strong></span> <span class='ocrx_word' id='word_1_411' title='bbox 1335 1375 1484 1405; x_wconf 88' lang='lat' dir='ltr'><strong>appelunl;</strong></span> <span class='ocrx_word' id='word_1_412' title='bbox 1509 1374 1557 1396; x_wconf 89' lang='lat' dir='ltr'><strong>aut</strong></span> <span class='ocrx_word' id='word_1_413' title='bbox 1579 1368 1724 1403; x_wconf 83' lang='lat' dir='ltr'><strong>magistro-</strong></span> 
     </span>
    </p>
   </div>
   <div class='ocr_carea' id='block_1_59' title="bbox 933 1417 1722 1451">
    <p class='ocr_par' dir='ltr' id='par_1_59' title="bbox 933 1417 1722 1451">
     <span class='ocr_line' id='line_1_59' title="bbox 933 1417 1722 1451; baseline -0.001 -9"><span class='ocrx_word' id='word_1_414' title='bbox 933 1424 992 1443; x_wconf 89' lang='lat' dir='ltr'><strong>rutn</strong></span> <span class='ocrx_word' id='word_1_415' title='bbox 1008 1425 1118 1451; x_wconf 81' lang='lat' dir='ltr'><strong>cperant</strong></span> <span class='ocrx_word' id='word_1_416' title='bbox 1133 1417 1248 1444; x_wconf 79' lang='lat' dir='ltr'><strong>docendi</strong></span> <span class='ocrx_word' id='word_1_417' title='bbox 1264 1419 1390 1444; x_wconf 84' lang='lat' dir='ltr'><strong>mercede</strong></span> <span class='ocrx_word' id='word_1_418' title='bbox 1403 1417 1591 1448; x_wconf 79' lang='lat' dir='ltr'><strong>vendentium,</strong></span> <span class='ocrx_word' id='word_1_419' title='bbox 1605 1423 1722 1449; x_wconf 85' lang='lat' dir='ltr'><strong>quorum</strong></span> 
     </span>
    </p>
   </div>
   <div class='ocr_carea' id='block_1_60' title="bbox 933 1461 1725 1496">
    <p class='ocr_par' dir='ltr' id='par_1_60' title="bbox 933 1461 1725 1496">
     <span class='ocr_line' id='line_1_60' title="bbox 933 1461 1725 1496; baseline -0.004 -7"><span class='ocrx_word' id='word_1_420' title='bbox 933 1471 1016 1489; x_wconf 88' lang='lat' dir='ltr'><strong>ttnntn</strong></span> <span class='ocrx_word' id='word_1_421' title='bbox 1031 1467 1123 1488; x_wconf 90' lang='lat' dir='ltr'><strong>votum</strong></span> <span class='ocrx_word' id='word_1_422' title='bbox 1139 1469 1179 1488; x_wconf 88' lang='lat' dir='ltr'><strong>est</strong></span> <span class='ocrx_word' id='word_1_423' title='bbox 1193 1463 1304 1496; x_wconf 85' lang='lat' dir='ltr'><strong>plenum</strong></span> <span class='ocrx_word' id='word_1_424' title='bbox 1320 1462 1413 1489; x_wconf 89' lang='lat' dir='ltr'><strong>videre</strong></span> <span class='ocrx_word' id='word_1_425' title='bbox 1428 1462 1521 1488; x_wconf 89' lang='lat' dir='ltr'><strong>lttdutn</strong></span> <span class='ocrx_word' id='word_1_426' title='bbox 1538 1461 1638 1488; x_wconf 83' lang='lat' dir='ltr'><strong>atlluxu</strong></span> <span class='ocrx_word' id='word_1_427' title='bbox 1654 1467 1725 1490; x_wconf 66' lang='lat' dir='ltr'><strong>prie-</strong></span> 
     </span>
    </p>
   </div>
   <div class='ocr_carea' id='block_1_61' title="bbox 931 1505 1720 1540">
    <p class='ocr_par' dir='ltr' id='par_1_61' title="bbox 931 1505 1720 1540">
     <span class='ocr_line' id='line_1_61' title="bbox 931 1505 1720 1540; baseline -0.003 -6"><span class='ocrx_word' id='word_1_428' title='bbox 931 1513 1098 1534; x_wconf 85' lang='lat' dir='ltr'><strong>textatorum</strong></span> <span class='ocrx_word' id='word_1_429' title='bbox 1117 1507 1248 1534; x_wconf 84' lang='lat' dir='ltr'><strong>minerva]</strong></span> <span class='ocrx_word' id='word_1_430' title='bbox 1267 1507 1424 1540; x_wconf 82' lang='lat' dir='ltr'><strong>ferentium,</strong></span> <span class='ocrx_word' id='word_1_431' title='bbox 1443 1506 1627 1534; x_wconf 88' lang='lat' dir='ltr'><strong>securissimis</strong></span> <span class='ocrx_word' id='word_1_432' title='bbox 1641 1505 1720 1539; x_wconf 77' lang='lat' dir='ltr'><strong>ipsis.</strong></span> 
     </span>
    </p>
   </div>
   <div class='ocr_carea' id='block_1_62' title="bbox 96 1540 1723 1590">
    <p class='ocr_par' dir='ltr' id='par_1_62' title="bbox 96 1540 1723 1590">
     <span class='ocr_line' id='line_1_62' title="bbox 96 1540 1723 1590; baseline 0.006 -24"><span class='ocrx_word' id='word_1_433' title='bbox 96 1540 201 1577; x_wconf 83' lang='lat' dir='ltr'><strong>lerunt,</strong></span> <span class='ocrx_word' id='word_1_434' title='bbox 228 1547 385 1575; x_wconf 56' lang='lat' dir='ltr'><strong>compertos</strong></span> <span class='ocrx_word' id='word_1_435' title='bbox 411 1547 502 1568; x_wconf 87' lang='lat' dir='ltr'><strong>autem</strong></span> <span class='ocrx_word' id='word_1_436' title='bbox 531 1543 679 1572; x_wconf 77' lang='lat' dir='ltr'><strong>coitionem</strong></span> <span class='ocrx_word' id='word_1_437' title='bbox 706 1547 875 1574; x_wconf 84' lang='lat' dir='ltr'><strong>occultarum</strong></span> <span class='ocrx_word' id='word_1_438' title='bbox 892 1559 914 1590; x_wconf 72' lang='grc' dir='ltr'>ρ</span> <span class='ocrx_word' id='word_1_439' title='bbox 933 1553 1076 1587; x_wconf 67' lang='lat' dir='ltr'><strong>proﬁciam</strong></span> <span class='ocrx_word' id='word_1_440' title='bbox 1098 1561 1183 1581; x_wconf 71' lang='lat' dir='ltr'><strong>necne</strong></span> <span class='ocrx_word' id='word_1_441' title='bbox 1205 1553 1300 1588; x_wconf 87' lang='lat' dir='ltr'><strong>pueri,</strong></span> <span class='ocrx_word' id='word_1_442' title='bbox 1319 1558 1366 1579; x_wconf 91' lang='lat' dir='ltr'><strong>aut</strong></span> <span class='ocrx_word' id='word_1_443' title='bbox 1384 1553 1496 1579; x_wconf 89' lang='lat' dir='ltr'><strong>omnino</strong></span> <span class='ocrx_word' id='word_1_444' title='bbox 1517 1551 1581 1586; x_wconf 92' lang='lat' dir='ltr'><strong>quid</strong></span> <span class='ocrx_word' id='word_1_445' title='bbox 1603 1551 1636 1577; x_wconf 92' lang='lat' dir='ltr'><strong>iis</strong></span> <span class='ocrx_word' id='word_1_446' title='bbox 1656 1551 1723 1583; x_wconf 83' lang='lat' dir='ltr'><strong>fiat,</strong></span> 
     </span>
    </p>
   </div>
   <div class='ocr_carea' id='block_1_63' title="bbox 95 1586 880 1629">
    <p class='ocr_par' dir='ltr' id='par_1_63' title="bbox 95 1586 880 1629">
     <span class='ocr_line' id='line_1_63' title="bbox 95 1586 880 1629; baseline 0.01 -17"><span class='ocrx_word' id='word_1_447' title='bbox 95 1586 164 1613; x_wconf 84' lang='lat' dir='ltr'><strong>clam</strong></span> <span class='ocrx_word' id='word_1_448' title='bbox 204 1587 237 1613; x_wconf 84' lang='lat' dir='ltr'><strong>de</strong></span> <span class='ocrx_word' id='word_1_449' title='bbox 264 1588 352 1615; x_wconf 72' lang='lat' dir='ltr'><strong>medio</strong></span> <span class='ocrx_word' id='word_1_450' title='bbox 380 1589 502 1616; x_wconf 74' lang='lat' dir='ltr'><strong>tollendi.</strong></span> <span class='ocrx_word' id='word_1_451' title='bbox 528 1591 626 1625; x_wconf 78' lang='lat' dir='ltr'><strong>Atqui,</strong></span> <span class='ocrx_word' id='word_1_452' title='bbox 651 1594 793 1626; x_wconf 86' lang='lat' dir='ltr'><strong>respondit</strong></span> <span class='ocrx_word' id='word_1_453' title='bbox 828 1596 880 1629; x_wconf 76' lang='lat' dir='ltr'><strong>leo,</strong></span> 
     </span>
    </p>
   </div>
   <div class='ocr_carea' id='block_1_64' title="bbox 95 1630 880 1671">
    <p class='ocr_par' dir='ltr' id='par_1_64' title="bbox 95 1630 880 1671">
     <span class='ocr_line' id='line_1_64' title="bbox 95 1630 880 1671; baseline 0.015 -15"><span class='ocrx_word' id='word_1_454' title='bbox 95 1630 223 1666; x_wconf 76' lang='lat' dir='ltr'><strong>princeps</strong></span> <span class='ocrx_word' id='word_1_455' title='bbox 236 1633 280 1664; x_wconf 74' lang='lat' dir='ltr'><strong>qui</strong></span> <span class='ocrx_word' id='word_1_456' title='bbox 296 1641 327 1659; x_wconf 74' lang='lat' dir='ltr'><strong>ex</strong></span> <span class='ocrx_word' id='word_1_457' title='bbox 342 1633 497 1667; x_wconf 82' lang='lat' dir='ltr'><strong>suspicione</strong></span> <span class='ocrx_word' id='word_1_458' title='bbox 512 1635 676 1669; x_wconf 89' lang='lat' dir='ltr'><strong>supplicium</strong></span> <span class='ocrx_word' id='word_1_459' title='bbox 692 1644 880 1671; x_wconf 63' lang='lat' dir='ltr'><strong>repraesentat.</strong></span> 
     </span>
    </p>
   </div>
   <div class='ocr_carea' id='block_1_65' title="bbox 95 1677 881 1716">
    <p class='ocr_par' dir='ltr' id='par_1_65' title="bbox 95 1677 881 1716">
     <span class='ocr_line' id='line_1_65' title="bbox 95 1677 881 1716; baseline 0.015 -14"><span class='ocrx_word' id='word_1_460' title='bbox 95 1677 116 1702; x_wconf 89' lang='lat' dir='ltr'><strong>si</strong></span> <span class='ocrx_word' id='word_1_461' title='bbox 142 1681 235 1710; x_wconf 84' lang='lat' dir='ltr'><strong>postea</strong></span> <span class='ocrx_word' id='word_1_462' title='bbox 259 1679 399 1705; x_wconf 82' lang='lat' dir='ltr'><strong>enotuerit</strong></span> <span class='ocrx_word' id='word_1_463' title='bbox 423 1679 483 1707; x_wconf 83' lang='lat' dir='ltr'><strong>sine</strong></span> <span class='ocrx_word' id='word_1_464' title='bbox 508 1688 590 1708; x_wconf 87' lang='lat' dir='ltr'><strong>causa</strong></span> <span class='ocrx_word' id='word_1_465' title='bbox 613 1688 772 1716; x_wconf 80' lang='lat' dir='ltr'><strong>suspectum</strong></span> <span class='ocrx_word' id='word_1_466' title='bbox 797 1686 881 1714; x_wconf 75' lang='lat' dir='ltr'><strong>fuisse</strong></span> 
     </span>
    </p>
   </div>
   <div class='ocr_carea' id='block_1_66' title="bbox 95 1724 881 1764">
    <p class='ocr_par' dir='ltr' id='par_1_66' title="bbox 95 1724 881 1764">
     <span class='ocr_line' id='line_1_66' title="bbox 95 1724 881 1764; baseline 0.013 -16"><span class='ocrx_word' id='word_1_467' title='bbox 95 1730 175 1756; x_wconf 84' lang='lat' dir='ltr'><strong>quem</strong></span> <span class='ocrx_word' id='word_1_468' title='bbox 192 1724 262 1751; x_wconf 92' lang='lat' dir='ltr'><strong>male</strong></span> <span class='ocrx_word' id='word_1_469' title='bbox 279 1725 451 1757; x_wconf 80' lang='lat' dir='ltr'><strong>multaverit.</strong></span> <span class='ocrx_word' id='word_1_470' title='bbox 478 1734 601 1761; x_wconf 87' lang='lat' dir='ltr'><strong>magnam</strong></span> <span class='ocrx_word' id='word_1_471' title='bbox 625 1728 764 1764; x_wconf 70' lang='lat' dir='ltr'><strong>injustitize</strong></span> <span class='ocrx_word' id='word_1_472' title='bbox 778 1732 881 1758; x_wconf 88' lang='lat' dir='ltr'><strong>subit-it</strong></span> 
     </span>
    </p>
   </div>
   <div class='ocr_carea' id='block_1_67' title="bbox 96 1768 878 1811">
    <p class='ocr_par' dir='ltr' id='par_1_67' title="bbox 96 1768 878 1811">
     <span class='ocr_line' id='line_1_67' title="bbox 96 1768 878 1811; baseline 0.014 -17"><span class='ocrx_word' id='word_1_473' title='bbox 96 1768 235 1796; x_wconf 84' lang='lat' dir='ltr'><strong>invidiam.</strong></span> <span class='ocrx_word' id='word_1_474' title='bbox 254 1771 292 1797; x_wconf 87' lang='lat' dir='ltr'><strong>Ne</strong></span> <span class='ocrx_word' id='word_1_475' title='bbox 311 1772 436 1799; x_wconf 86' lang='lat' dir='ltr'><strong>timueris</strong></span> <span class='ocrx_word' id='word_1_476' title='bbox 452 1773 505 1800; x_wconf 89' lang='lat' dir='ltr'><strong>hoc</strong></span> <span class='ocrx_word' id='word_1_477' title='bbox 521 1774 631 1808; x_wconf 86' lang='lat' dir='ltr'><strong>quidem</strong></span> <span class='ocrx_word' id='word_1_478' title='bbox 643 1795 650 1807; x_wconf 83' lang='lat'><strong>,</strong></span> <span class='ocrx_word' id='word_1_479' title='bbox 667 1778 774 1811; x_wconf 89' lang='lat' dir='ltr'><strong>reponit</strong></span> <span class='ocrx_word' id='word_1_480' title='bbox 789 1778 878 1805; x_wconf 83' lang='lat' dir='ltr'><strong>Vesti-</strong></span> 
     </span>
    </p>
   </div>
   <div class='ocr_carea' id='block_1_68' title="bbox 94 1817 880 1858">
    <p class='ocr_par' dir='ltr' id='par_1_68' title="bbox 94 1817 880 1858">
     <span class='ocr_line' id='line_1_68' title="bbox 94 1817 880 1858; baseline 0.011 -17"><span class='ocrx_word' id='word_1_481' title='bbox 94 1821 187 1849; x_wconf 71' lang='lat' dir='ltr'><strong>gator;</strong></span> <span class='ocrx_word' id='word_1_482' title='bbox 203 1820 256 1842; x_wconf 88' lang='lat' dir='ltr'><strong>tam</strong></span> <span class='ocrx_word' id='word_1_483' title='bbox 273 1817 355 1844; x_wconf 85' lang='lat' dir='ltr'><strong>certis</strong></span> <span class='ocrx_word' id='word_1_484' title='bbox 369 1818 442 1844; x_wconf 85' lang='lat' dir='ltr'><strong>enim</strong></span> <span class='ocrx_word' id='word_1_485' title='bbox 459 1818 568 1847; x_wconf 87' lang='lat' dir='ltr'><strong>indiciis</strong></span> <span class='ocrx_word' id='word_1_486' title='bbox 585 1821 655 1848; x_wconf 91' lang='lat' dir='ltr'><strong>tauri</strong></span> <span class='ocrx_word' id='word_1_487' title='bbox 673 1822 802 1849; x_wconf 89' lang='lat' dir='ltr'><strong>malitiam</strong></span> <span class='ocrx_word' id='word_1_488' title='bbox 819 1832 880 1858; x_wconf 82' lang='lat' dir='ltr'><strong>pcr-</strong></span> 
     </span>
    </p>
   </div>
   <div class='ocr_carea' id='block_1_69' title="bbox 94 1861 879 1897">
    <p class='ocr_par' dir='ltr' id='par_1_69' title="bbox 94 1861 879 1897">
     <span class='ocr_line' id='line_1_69' title="bbox 94 1861 879 1897; baseline 0.013 -10"><span class='ocrx_word' id='word_1_489' title='bbox 94 1861 204 1894; x_wconf 79' lang='lat' dir='ltr'><strong>spicies,</strong></span> <span class='ocrx_word' id='word_1_490' title='bbox 222 1866 250 1889; x_wconf 89' lang='lat' dir='ltr'><strong>ut</strong></span> <span class='ocrx_word' id='word_1_491' title='bbox 269 1864 420 1896; x_wconf 87' lang='lat' dir='ltr'><strong>periculum</strong></span> <span class='ocrx_word' id='word_1_492' title='bbox 439 1865 543 1891; x_wconf 91' lang='lat' dir='ltr'><strong>nullum</strong></span> <span class='ocrx_word' id='word_1_493' title='bbox 561 1867 596 1892; x_wconf 85' lang='lat' dir='ltr'><strong>sit</strong></span> <span class='ocrx_word' id='word_1_494' title='bbox 613 1875 646 1894; x_wconf 92' lang='lat' dir='ltr'><strong>ne</strong></span> <span class='ocrx_word' id='word_1_495' title='bbox 665 1868 687 1894; x_wconf 90' lang='lat' dir='ltr'><strong>is</strong></span> <span class='ocrx_word' id='word_1_496' title='bbox 705 1868 879 1897; x_wconf 89' lang='lat' dir='ltr'><strong>circumven—</strong></span> 
     </span>
    </p>
   </div>
   <div class='ocr_carea' id='block_1_70' title="bbox 95 1909 878 1946">
    <p class='ocr_par' dir='ltr' id='par_1_70' title="bbox 95 1909 878 1946">
     <span class='ocr_line' id='line_1_70' title="bbox 95 1909 878 1946; baseline 0.015 -15"><span class='ocrx_word' id='word_1_497' title='bbox 95 1910 140 1931; x_wconf 83' lang='lat' dir='ltr'><strong>tus</strong></span> <span class='ocrx_word' id='word_1_498' title='bbox 165 1914 213 1940; x_wconf 85' lang='lat' dir='ltr'><strong>per</strong></span> <span class='ocrx_word' id='word_1_499' title='bbox 237 1909 401 1934; x_wconf 85' lang='lat' dir='ltr'><strong>calumniam</strong></span> <span class='ocrx_word' id='word_1_500' title='bbox 426 1910 513 1936; x_wconf 87' lang='lat' dir='ltr'><strong>videri</strong></span> <span class='ocrx_word' id='word_1_501' title='bbox 539 1911 667 1946; x_wconf 89' lang='lat' dir='ltr'><strong>cuiquam</strong></span> <span class='ocrx_word' id='word_1_502' title='bbox 692 1915 787 1946; x_wconf 88' lang='lat' dir='ltr'><strong>possit.</strong></span> <span class='ocrx_word' id='word_1_503' title='bbox 806 1914 878 1943; x_wconf 82' lang='lat' dir='ltr'><strong>Voca</strong></span> 
     </span>
    </p>
   </div>
   <div class='ocr_carea' id='block_1_71' title="bbox 95 1952 879 1992">
    <p class='ocr_par' dir='ltr' id='par_1_71' title="bbox 95 1952 879 1992">
     <span class='ocr_line' id='line_1_71' title="bbox 95 1952 879 1992; baseline 0.013 -15"><span class='ocrx_word' id='word_1_504' title='bbox 95 1952 176 1978; x_wconf 84' lang='lat' dir='ltr'><strong>modo</strong></span> <span class='ocrx_word' id='word_1_505' title='bbox 190 1953 266 1979; x_wconf 91' lang='lat' dir='ltr'><strong>illum</strong></span> <span class='ocrx_word' id='word_1_506' title='bbox 282 1958 308 1978; x_wconf 88' lang='lat' dir='ltr'><strong>et</strong></span> <span class='ocrx_word' id='word_1_507' title='bbox 323 1953 440 1980; x_wconf 87' lang='lat' dir='ltr'><strong>observa</strong></span> <span class='ocrx_word' id='word_1_508' title='bbox 456 1959 539 1982; x_wconf 82' lang='lat' dir='ltr'><strong>nutus</strong></span> <span class='ocrx_word' id='word_1_509' title='bbox 552 1957 613 1991; x_wconf 80' lang='lat' dir='ltr'><strong>ejus</strong></span> <span class='ocrx_word' id='word_1_510' title='bbox 628 1957 795 1992; x_wconf 85' lang='lat' dir='ltr'><strong>obtutusquc</strong></span> <span class='ocrx_word' id='word_1_511' title='bbox 810 1969 817 1986; x_wconf 85' lang='lat'><strong>:</strong></span> <span class='ocrx_word' id='word_1_512' title='bbox 832 1961 879 1988; x_wconf 89' lang='lat' dir='ltr'><strong>de—</strong></span> 
     </span>
    </p>
   </div>
   <div class='ocr_carea' id='block_1_72' title="bbox 95 1997 876 2039">
    <p class='ocr_par' dir='ltr' id='par_1_72' title="bbox 95 1997 876 2039">
     <span class='ocr_line' id='line_1_72' title="bbox 95 1997 876 2039; baseline 0.014 -17"><span class='ocrx_word' id='word_1_513' title='bbox 95 1997 247 2028; x_wconf 87' lang='lat' dir='ltr'><strong>prehendes</strong></span> <span class='ocrx_word' id='word_1_514' title='bbox 259 1998 335 2024; x_wconf 90' lang='lat' dir='ltr'><strong>vultu</strong></span> <span class='ocrx_word' id='word_1_515' title='bbox 348 1999 489 2032; x_wconf 85' lang='lat' dir='ltr'><strong>pallidum,</strong></span> <span class='ocrx_word' id='word_1_516' title='bbox 503 2005 663 2029; x_wconf 88' lang='lat' dir='ltr'><strong>trementem</strong></span> <span class='ocrx_word' id='word_1_517' title='bbox 678 2004 740 2031; x_wconf 90' lang='lat' dir='ltr'><strong>totis</strong></span> <span class='ocrx_word' id='word_1_518' title='bbox 752 2005 876 2039; x_wconf 88' lang='lat' dir='ltr'><strong>artubus,</strong></span> 
     </span>
    </p>
   </div>
   <div class='ocr_carea' id='block_1_73' title="bbox 94 2042 876 2081">
    <p class='ocr_par' dir='ltr' id='par_1_73' title="bbox 94 2042 876 2081">
     <span class='ocr_line' id='line_1_73' title="bbox 94 2042 876 2081; baseline 0.012 -12"><span class='ocrx_word' id='word_1_519' title='bbox 94 2042 200 2070; x_wconf 87' lang='lat' dir='ltr'><strong>incerto</strong></span> <span class='ocrx_word' id='word_1_520' title='bbox 214 2043 280 2071; x_wconf 63' lang='lat' dir='ltr'><strong>la‘va</strong></span> <span class='ocrx_word' id='word_1_521' title='bbox 295 2044 445 2079; x_wconf 81' lang='lat' dir='ltr'><strong>dextraque</strong></span> <span class='ocrx_word' id='word_1_522' title='bbox 461 2045 661 2081; x_wconf 86' lang='lat' dir='ltr'><strong>circumspectu</strong></span> <span class='ocrx_word' id='word_1_523' title='bbox 672 2067 679 2080; x_wconf 88' lang='lat'><strong>,</strong></span> <span class='ocrx_word' id='word_1_524' title='bbox 696 2054 771 2076; x_wconf 90' lang='lat' dir='ltr'><strong>mottt</strong></span> <span class='ocrx_word' id='word_1_525' title='bbox 786 2051 876 2078; x_wconf 77' lang='lat' dir='ltr'><strong>inten-</strong></span> 
     </span>
    </p>
   </div>
   <div class='ocr_carea' id='block_1_74' title="bbox 93 2092 875 2130">
    <p class='ocr_par' dir='ltr' id='par_1_74' title="bbox 93 2092 875 2130">
     <span class='ocr_line' id='line_1_74' title="bbox 93 2092 875 2130; baseline 0.012 -16"><span class='ocrx_word' id='word_1_526' title='bbox 93 2093 176 2123; x_wconf 88' lang='lat' dir='ltr'><strong>tuque</strong></span> <span class='ocrx_word' id='word_1_527' title='bbox 194 2096 327 2116; x_wconf 89' lang='lat' dir='ltr'><strong>cornuum</strong></span> <span class='ocrx_word' id='word_1_528' title='bbox 345 2093 450 2117; x_wconf 88' lang='lat' dir='ltr'><strong>tantum</strong></span> <span class='ocrx_word' id='word_1_529' title='bbox 469 2098 524 2118; x_wconf 92' lang='lat' dir='ltr'><strong>non</strong></span> <span class='ocrx_word' id='word_1_530' title='bbox 541 2092 614 2119; x_wconf 87' lang='lat' dir='ltr'><strong>clare</strong></span> <span class='ocrx_word' id='word_1_531' title='bbox 632 2094 792 2127; x_wconf 91' lang='lat' dir='ltr'><strong>prodentem</strong></span> <span class='ocrx_word' id='word_1_532' title='bbox 811 2097 875 2130; x_wconf 88' lang='lat' dir='ltr'><strong>quid</strong></span> 
     </span>
    </p>
   </div>
   <div class='ocr_carea' id='block_1_75' title="bbox 93 2134 875 2174">
    <p class='ocr_par' dir='ltr' id='par_1_75' title="bbox 93 2134 875 2174">
     <span class='ocr_line' id='line_1_75' title="bbox 93 2134 875 2174; baseline 0.012 -15"><span class='ocrx_word' id='word_1_533' title='bbox 93 2134 203 2161; x_wconf 83' lang='lat' dir='ltr'><strong>sceleris</strong></span> <span class='ocrx_word' id='word_1_534' title='bbox 218 2135 309 2161; x_wconf 88' lang='lat' dir='ltr'><strong>animo</strong></span> <span class='ocrx_word' id='word_1_535' title='bbox 326 2135 470 2169; x_wconf 80' lang='lat' dir='ltr'><strong>parturiat.</strong></span> <span class='ocrx_word' id='word_1_536' title='bbox 486 2135 513 2163; x_wconf 87' lang='lat' dir='ltr'><strong>Si</strong></span> <span class='ocrx_word' id='word_1_537' title='bbox 530 2136 587 2164; x_wconf 56' lang='lat' dir='ltr'><strong>haec</strong></span> <span class='ocrx_word' id='word_1_538' title='bbox 601 2145 662 2172; x_wconf 74' lang='lat' dir='ltr'><strong>quze</strong></span> <span class='ocrx_word' id='word_1_539' title='bbox 675 2139 753 2172; x_wconf 83' lang='lat' dir='ltr'><strong>dicis,</strong></span> <span class='ocrx_word' id='word_1_540' title='bbox 769 2141 806 2167; x_wconf 89' lang='lat' dir='ltr'><strong>ait</strong></span> <span class='ocrx_word' id='word_1_541' title='bbox 821 2141 875 2174; x_wconf 88' lang='lat' dir='ltr'><strong>leo,</strong></span> 
     </span>
    </p>
   </div>
   <div class='ocr_carea' id='block_1_76' title="bbox 91 2179 873 2214">
    <p class='ocr_par' dir='ltr' id='par_1_76' title="bbox 91 2179 873 2214">
     <span class='ocr_line' id='line_1_76' title="bbox 91 2179 873 2214; baseline 0.012 -10"><span class='ocrx_word' id='word_1_542' title='bbox 91 2179 167 2211; x_wconf 67' lang='lat' dir='ltr'><strong>signa</strong></span> <span class='ocrx_word' id='word_1_543' title='bbox 190 2179 306 2212; x_wconf 82' lang='lat' dir='ltr'><strong>videam,</strong></span> <span class='ocrx_word' id='word_1_544' title='bbox 329 2180 537 2214; x_wconf 83' lang='lat' dir='ltr'><strong>plenatn’ﬁdem</strong></span> <span class='ocrx_word' id='word_1_545' title='bbox 560 2183 676 2210; x_wconf 86' lang='lat' dir='ltr'><strong>tribuam</strong></span> <span class='ocrx_word' id='word_1_546' title='bbox 698 2185 790 2212; x_wconf 85' lang='lat' dir='ltr'><strong>verbis</strong></span> <span class='ocrx_word' id='word_1_547' title='bbox 810 2187 873 2214; x_wconf 88' lang='lat' dir='ltr'><strong>tuis.</strong></span> 
     </span>
    </p>
   </div>
   <div class='ocr_carea' id='block_1_77' title="bbox 92 2223 915 2262">
    <p class='ocr_par' dir='ltr' id='par_1_77' title="bbox 92 2223 915 2262">
     <span class='ocr_line' id='line_1_77' title="bbox 92 2223 915 2262; baseline 0.011 -12"><span class='ocrx_word' id='word_1_548' title='bbox 92 2224 204 2251; x_wconf 89' lang='lat' dir='ltr'><strong>Volebat</strong></span> <span class='ocrx_word' id='word_1_549' title='bbox 215 2225 365 2253; x_wconf 83' lang='lat' dir='ltr'><strong>hisauditis</strong></span> <span class='ocrx_word' id='word_1_550' title='bbox 376 2226 529 2262; x_wconf 82' lang='lat' dir='ltr'><strong>Vestigator</strong></span> <span class='ocrx_word' id='word_1_551' title='bbox 546 2228 620 2255; x_wconf 88' lang='lat' dir='ltr'><strong>adire</strong></span> <span class='ocrx_word' id='word_1_552' title='bbox 638 2233 746 2256; x_wconf 88' lang='lat' dir='ltr'><strong>taurutn</strong></span> <span class='ocrx_word' id='word_1_553' title='bbox 766 2231 798 2258; x_wconf 91' lang='lat' dir='ltr'><strong>ad</strong></span> <span class='ocrx_word' id='word_1_554' title='bbox 817 2232 858 2259; x_wconf 90' lang='lat' dir='ltr'><strong>dis</strong></span> <span class='ocrx_word' id='word_1_555' title='bbox 893 2223 915 2252; x_wconf 75' lang='grc' dir='ltr'><strong>ι)</strong></span> 
     </span>
    </p>
   </div>
   <div class='ocr_carea' id='block_1_78' title="bbox 94 2271 878 2311">
    <p class='ocr_par' dir='ltr' id='par_1_78' title="bbox 94 2271 878 2311">
     <span class='ocr_line' id='line_1_78' title="bbox 94 2271 878 2311; baseline 0.009 -15"><span class='ocrx_word' id='word_1_556' title='bbox 94 2271 249 2304; x_wconf 81' lang='lat' dir='ltr'><strong>ponendum</strong></span> <span class='ocrx_word' id='word_1_557' title='bbox 266 2279 329 2298; x_wconf 91' lang='lat' dir='ltr'><strong>cum</strong></span> <span class='ocrx_word' id='word_1_558' title='bbox 361 2276 443 2306; x_wconf 92' lang='lat' dir='ltr'><strong>prout</strong></span> <span class='ocrx_word' id='word_1_559' title='bbox 456 2279 527 2307; x_wconf 90' lang='lat' dir='ltr'><strong>opus</strong></span> <span class='ocrx_word' id='word_1_560' title='bbox 540 2277 608 2306; x_wconf 87' lang='lat' dir='ltr'><strong>erat,</strong></span> <span class='ocrx_word' id='word_1_561' title='bbox 623 2274 730 2308; x_wconf 85' lang='lat' dir='ltr'><strong>injectis</strong></span> <span class='ocrx_word' id='word_1_562' title='bbox 745 2276 878 2311; x_wconf 84' lang='lat' dir='ltr'><strong>suspicio—</strong></span> 
     </span>
    </p>
   </div>
   <div class='ocr_carea' id='block_1_79' title="bbox 92 2315 876 2352">
    <p class='ocr_par' dir='ltr' id='par_1_79' title="bbox 92 2315 876 2352">
     <span class='ocr_line' id='line_1_79' title="bbox 92 2315 876 2352; baseline 0.009 -10"><span class='ocrx_word' id='word_1_563' title='bbox 92 2315 175 2343; x_wconf 90' lang='lat' dir='ltr'><strong>nibus</strong></span> <span class='ocrx_word' id='word_1_564' title='bbox 189 2321 217 2343; x_wconf 83' lang='lat' dir='ltr'><strong>et</strong></span> <span class='ocrx_word' id='word_1_565' title='bbox 232 2316 287 2343; x_wconf 90' lang='lat' dir='ltr'><strong>odii</strong></span> <span class='ocrx_word' id='word_1_566' title='bbox 302 2317 456 2345; x_wconf 86' lang='lat' dir='ltr'><strong>seminibus</strong></span> <span class='ocrx_word' id='word_1_567' title='bbox 471 2318 497 2344; x_wconf 92' lang='lat' dir='ltr'><strong>in</strong></span> <span class='ocrx_word' id='word_1_568' title='bbox 512 2318 639 2352; x_wconf 89' lang='lat' dir='ltr'><strong>leonem;</strong></span> <span class='ocrx_word' id='word_1_569' title='bbox 656 2320 703 2347; x_wconf 88' lang='lat' dir='ltr'><strong>sed</strong></span> <span class='ocrx_word' id='word_1_570' title='bbox 719 2321 772 2348; x_wconf 91' lang='lat' dir='ltr'><strong>hoc</strong></span> <span class='ocrx_word' id='word_1_571' title='bbox 787 2321 876 2349; x_wconf 78' lang='lat' dir='ltr'><strong>facere</strong></span> 
     </span>
    </p>
   </div>
   <div class='ocr_carea' id='block_1_80' title="bbox 91 2361 874 2401">
    <p class='ocr_par' dir='ltr' id='par_1_80' title="bbox 91 2361 874 2401">
     <span class='ocr_line' id='line_1_80' title="bbox 91 2361 874 2401; baseline 0.01 -14"><span class='ocrx_word' id='word_1_572' title='bbox 91 2361 150 2388; x_wconf 76' lang='lat' dir='ltr'><strong>sine</strong></span> <span class='ocrx_word' id='word_1_573' title='bbox 171 2362 339 2389; x_wconf 83' lang='lat' dir='ltr'><strong>conscientia</strong></span> <span class='ocrx_word' id='word_1_574' title='bbox 357 2370 546 2398; x_wconf 88' lang='lat' dir='ltr'><strong>consensuque</strong></span> <span class='ocrx_word' id='word_1_575' title='bbox 563 2365 650 2392; x_wconf 86' lang='lat' dir='ltr'><strong>leonis</strong></span> <span class='ocrx_word' id='word_1_576' title='bbox 666 2373 722 2393; x_wconf 91' lang='lat' dir='ltr'><strong>non</strong></span> <span class='ocrx_word' id='word_1_577' title='bbox 739 2367 874 2401; x_wconf 90' lang='lat' dir='ltr'><strong>audebat,</strong></span> 
     </span>
    </p>
   </div>
   <div class='ocr_carea' id='block_1_81' title="bbox 92 2407 874 2440">
    <p class='ocr_par' dir='ltr' id='par_1_81' title="bbox 92 2407 874 2440">
     <span class='ocr_line' id='line_1_81' title="bbox 92 2407 874 2440; baseline 0.009 -7"><span class='ocrx_word' id='word_1_578' title='bbox 92 2415 124 2433; x_wconf 81' lang='lat' dir='ltr'><strong>ne</strong></span> <span class='ocrx_word' id='word_1_579' title='bbox 147 2407 215 2434; x_wconf 89' lang='lat' dir='ltr'><strong>forte</strong></span> <span class='ocrx_word' id='word_1_580' title='bbox 232 2407 341 2435; x_wconf 90' lang='lat' dir='ltr'><strong>aliunde</strong></span> <span class='ocrx_word' id='word_1_581' title='bbox 359 2409 533 2436; x_wconf 82' lang='lat' dir='ltr'><strong>innotescens</strong></span> <span class='ocrx_word' id='word_1_582' title='bbox 551 2409 591 2437; x_wconf 93' lang='lat' dir='ltr'><strong>illi</strong></span> <span class='ocrx_word' id='word_1_583' title='bbox 607 2410 806 2439; x_wconf 82' lang='lat' dir='ltr'><strong>clandestinum</strong></span> <span class='ocrx_word' id='word_1_584' title='bbox 827 2413 874 2440; x_wconf 81' lang='lat' dir='ltr'><strong>de-</strong></span> 
     </span>
    </p>
   </div>
   <div class='ocr_carea' id='block_1_82' title="bbox 92 2453 878 2489">
    <p class='ocr_par' dir='ltr' id='par_1_82' title="bbox 92 2453 878 2489">
     <span class='ocr_line' id='line_1_82' title="bbox 92 2453 878 2489; baseline 0.009 -10"><span class='ocrx_word' id='word_1_585' title='bbox 92 2453 187 2481; x_wconf 85' lang='lat' dir='ltr'><strong>latoris</strong></span> <span class='ocrx_word' id='word_1_586' title='bbox 203 2461 265 2480; x_wconf 85' lang='lat' dir='ltr'><strong>cum</strong></span> <span class='ocrx_word' id='word_1_587' title='bbox 281 2454 372 2481; x_wconf 87' lang='lat' dir='ltr'><strong>delato</strong></span> <span class='ocrx_word' id='word_1_588' title='bbox 387 2454 567 2489; x_wconf 89' lang='lat' dir='ltr'><strong>colloquium,</strong></span> <span class='ocrx_word' id='word_1_589' title='bbox 583 2456 688 2484; x_wconf 79' lang='lat' dir='ltr'><strong>fraudis</strong></span> <span class='ocrx_word' id='word_1_590' title='bbox 702 2465 733 2484; x_wconf 90' lang='lat' dir='ltr'><strong>ac</strong></span> <span class='ocrx_word' id='word_1_591' title='bbox 749 2459 878 2486; x_wconf 76' lang='lat' dir='ltr'><strong>collusio-</strong></span> 
     </span>
    </p>
   </div>
   <div class='ocr_carea' id='block_1_83' title="bbox 92 2499 874 2536">
    <p class='ocr_par' dir='ltr' id='par_1_83' title="bbox 92 2499 874 2536">
     <span class='ocr_line' id='line_1_83' title="bbox 92 2499 874 2536; baseline 0.006 -10"><span class='ocrx_word' id='word_1_592' title='bbox 92 2499 135 2526; x_wconf 89' lang='lat' dir='ltr'><strong>nis</strong></span> <span class='ocrx_word' id='word_1_593' title='bbox 159 2500 232 2527; x_wconf 91' lang='lat' dir='ltr'><strong>inter</strong></span> <span class='ocrx_word' id='word_1_594' title='bbox 255 2499 328 2534; x_wconf 91' lang='lat' dir='ltr'><strong>ipsos</strong></span> <span class='ocrx_word' id='word_1_595' title='bbox 353 2500 537 2536; x_wconf 85' lang='lat' dir='ltr'><strong>suspicionem</strong></span> <span class='ocrx_word' id='word_1_596' title='bbox 562 2507 700 2534; x_wconf 88' lang='lat' dir='ltr'><strong>moveret,</strong></span> <span class='ocrx_word' id='word_1_597' title='bbox 724 2508 771 2531; x_wconf 89' lang='lat' dir='ltr'><strong>aut</strong></span> <span class='ocrx_word' id='word_1_598' title='bbox 795 2505 874 2531; x_wconf 91' lang='lat' dir='ltr'><strong>aliam</strong></span> 
     </span>
    </p>
   </div>
   <div class='ocr_carea' id='block_1_84' title="bbox 90 2545 874 2585">
    <p class='ocr_par' dir='ltr' id='par_1_84' title="bbox 90 2545 874 2585">
     <span class='ocr_line' id='line_1_84' title="bbox 90 2545 874 2585; baseline 0.008 -13"><span class='ocrx_word' id='word_1_599' title='bbox 90 2545 210 2579; x_wconf 77' lang='lat' dir='ltr'><strong>aliquam</strong></span> <span class='ocrx_word' id='word_1_600' title='bbox 236 2545 308 2572; x_wconf 91' lang='lat' dir='ltr'><strong>viatn</strong></span> <span class='ocrx_word' id='word_1_601' title='bbox 335 2545 467 2579; x_wconf 89' lang='lat' dir='ltr'><strong>panderet</strong></span> <span class='ocrx_word' id='word_1_602' title='bbox 493 2547 601 2574; x_wconf 86' lang='lat' dir='ltr'><strong>technis</strong></span> <span class='ocrx_word' id='word_1_603' title='bbox 625 2548 734 2576; x_wconf 89' lang='lat' dir='ltr'><strong>artiﬁcii</strong></span> <span class='ocrx_word' id='word_1_604' title='bbox 763 2550 874 2585; x_wconf 77' lang='lat' dir='ltr'><strong>maligni</strong></span> 
     </span>
    </p>
   </div>
   <div class='ocr_carea' id='block_1_85' title="bbox 90 2590 873 2630">
    <p class='ocr_par' dir='ltr' id='par_1_85' title="bbox 90 2590 873 2630">
     <span class='ocr_line' id='line_1_85' title="bbox 90 2590 873 2630; baseline 0.01 -13"><span class='ocrx_word' id='word_1_605' title='bbox 90 2591 258 2625; x_wconf 86' lang='lat' dir='ltr'><strong>detegendis.</strong></span> <span class='ocrx_word' id='word_1_606' title='bbox 270 2590 314 2618; x_wconf 77' lang='lat' dir='ltr'><strong>Ait</strong></span> <span class='ocrx_word' id='word_1_607' title='bbox 335 2591 417 2626; x_wconf 78' lang='lat' dir='ltr'><strong>igitur</strong></span> <span class='ocrx_word' id='word_1_608' title='bbox 439 2593 520 2620; x_wconf 90' lang='lat' dir='ltr'><strong>nimis</strong></span> <span class='ocrx_word' id='word_1_609' title='bbox 540 2594 651 2622; x_wconf 88' lang='lat' dir='ltr'><strong>credttlo</strong></span> <span class='ocrx_word' id='word_1_610' title='bbox 669 2595 742 2622; x_wconf 86' lang='lat' dir='ltr'><strong>leoni</strong></span> <span class='ocrx_word' id='word_1_611' title='bbox 765 2605 771 2623; x_wconf 93' lang='lat'><em>:</em></span> <span class='ocrx_word' id='word_1_612' title='bbox 792 2597 873 2630; x_wconf 86' lang='lat' dir='ltr'><strong>Quin,</strong></span> 
     </span>
    </p>
   </div>
   <div class='ocr_carea' id='block_1_86' title="bbox 91 2637 874 2676">
    <p class='ocr_par' dir='ltr' id='par_1_86' title="bbox 91 2637 874 2676">
     <span class='ocr_line' id='line_1_86' title="bbox 91 2637 874 2676; baseline 0.01 -13"><span class='ocrx_word' id='word_1_613' title='bbox 91 2637 217 2668; x_wconf 87' lang='lat' dir='ltr'><strong>domine.</strong></span> <span class='ocrx_word' id='word_1_614' title='bbox 236 2637 258 2664; x_wconf 89' lang='lat' dir='ltr'><strong>si</strong></span> <span class='ocrx_word' id='word_1_615' title='bbox 274 2638 368 2672; x_wconf 89' lang='lat' dir='ltr'><strong>jubes,</strong></span> <span class='ocrx_word' id='word_1_616' title='bbox 385 2639 546 2667; x_wconf 88' lang='lat' dir='ltr'><strong>conveniam</strong></span> <span class='ocrx_word' id='word_1_617' title='bbox 564 2648 614 2676; x_wconf 85' lang='lat' dir='ltr'><strong>ego</strong></span> <span class='ocrx_word' id='word_1_618' title='bbox 631 2641 688 2675; x_wconf 89' lang='lat' dir='ltr'><strong>ipse</strong></span> <span class='ocrx_word' id='word_1_619' title='bbox 707 2643 874 2671; x_wconf 88' lang='lat' dir='ltr'><strong>machinato-</strong></span> 
     </span>
    </p>
   </div>
   <div class='ocr_carea' id='block_1_87' title="bbox 90 2682 873 2719">
    <p class='ocr_par' dir='ltr' id='par_1_87' title="bbox 90 2682 873 2719">
     <span class='ocr_line' id='line_1_87' title="bbox 90 2682 873 2719; baseline 0.01 -11"><span class='ocrx_word' id='word_1_620' title='bbox 90 2689 149 2708; x_wconf 90' lang='lat' dir='ltr'><strong>rem</strong></span> <span class='ocrx_word' id='word_1_621' title='bbox 166 2682 292 2710; x_wconf 77' lang='lat' dir='ltr'><strong>fraudum</strong></span> <span class='ocrx_word' id='word_1_622' title='bbox 304 2703 311 2716; x_wconf 91' lang='lat'><strong>,</strong></span> <span class='ocrx_word' id='word_1_623' title='bbox 328 2684 553 2719; x_wconf 87' lang='lat' dir='ltr'><strong>obscrvaboque,</strong></span> <span class='ocrx_word' id='word_1_624' title='bbox 571 2691 598 2713; x_wconf 90' lang='lat' dir='ltr'><strong>et</strong></span> <span class='ocrx_word' id='word_1_625' title='bbox 615 2686 722 2714; x_wconf 85' lang='lat' dir='ltr'><strong>eliciam</strong></span> <span class='ocrx_word' id='word_1_626' title='bbox 740 2688 810 2716; x_wconf 86' lang='lat' dir='ltr'><strong>forte</strong></span> <span class='ocrx_word' id='word_1_627' title='bbox 825 2690 873 2716; x_wconf 92' lang='lat' dir='ltr'><strong>ali-</strong></span> 
     </span>
    </p>
   </div>
   <div class='ocr_carea' id='block_1_88' title="bbox 89 2729 878 2770">
    <p class='ocr_par' dir='ltr' id='par_1_88' title="bbox 89 2729 878 2770">
     <span class='ocr_line' id='line_1_88' title="bbox 89 2729 878 2770; baseline 0.011 -16"><span class='ocrx_word' id='word_1_628' title='bbox 89 2730 162 2763; x_wconf 82' lang='lat' dir='ltr'><strong>quod</strong></span> <span class='ocrx_word' id='word_1_629' title='bbox 188 2729 321 2757; x_wconf 84' lang='lat' dir='ltr'><strong>indicium</strong></span> <span class='ocrx_word' id='word_1_630' title='bbox 350 2731 539 2759; x_wconf 91' lang='lat' dir='ltr'><strong>abstrusorum</strong></span> <span class='ocrx_word' id='word_1_631' title='bbox 566 2733 625 2767; x_wconf 89' lang='lat' dir='ltr'><strong>ejus</strong></span> <span class='ocrx_word' id='word_1_632' title='bbox 652 2742 792 2762; x_wconf 88' lang='lat' dir='ltr'><strong>sensuum.</strong></span> <span class='ocrx_word' id='word_1_633' title='bbox 818 2736 878 2770; x_wconf 69' lang='lat' dir='ltr'><strong>Age,</strong></span> 
     </span>
    </p>
   </div>
   <div class='ocr_carea' id='block_1_89' title="bbox 88 2775 873 2816">
    <p class='ocr_par' dir='ltr' id='par_1_89' title="bbox 88 2775 873 2816">
     <span class='ocr_line' id='line_1_89' title="bbox 88 2775 873 2816; baseline 0.011 -17"><span class='ocrx_word' id='word_1_634' title='bbox 88 2782 163 2804; x_wconf 78' lang='lat' dir='ltr'><strong>:.anc,</strong></span> <span class='ocrx_word' id='word_1_635' title='bbox 189 2775 277 2809; x_wconf 86' lang='lat' dir='ltr'><strong>inquit</strong></span> <span class='ocrx_word' id='word_1_636' title='bbox 300 2776 354 2807; x_wconf 86' lang='lat' dir='ltr'><strong>leo,</strong></span> <span class='ocrx_word' id='word_1_637' title='bbox 376 2777 569 2812; x_wconf 83' lang='lat' dir='ltr'><strong>explorataque</strong></span> <span class='ocrx_word' id='word_1_638' title='bbox 592 2779 624 2806; x_wconf 91' lang='lat' dir='ltr'><strong>ad</strong></span> <span class='ocrx_word' id='word_1_639' title='bbox 650 2787 699 2806; x_wconf 89' lang='lat' dir='ltr'><strong>nos</strong></span> <span class='ocrx_word' id='word_1_640' title='bbox 720 2780 792 2807; x_wconf 79' lang='lat' dir='ltr'><strong>rcfcr</strong></span> <span class='ocrx_word' id='word_1_641' title='bbox 812 2790 873 2816; x_wconf 71' lang='lat' dir='ltr'><strong>quze</strong></span> 
     </span>
    </p>
   </div>
   <div class='ocr_carea' id='block_1_90' title="bbox 89 2819 313 2851">
    <p class='ocr_par' dir='ltr' id='par_1_90' title="bbox 89 2819 313 2851">
     <span class='ocr_line' id='line_1_90' title="bbox 89 2819 313 2851; baseline 0.022 -9"><span class='ocrx_word' id='word_1_642' title='bbox 89 2819 313 2851; x_wconf 60' lang='lat' dir='ltr'><strong>deprehenderis.</strong></span> 
     </span>
    </p>
   </div>
   <div class='ocr_carea' id='block_1_91' title="bbox 127 2863 871 2903">
    <p class='ocr_par' dir='ltr' id='par_1_91' title="bbox 127 2863 871 2903">
     <span class='ocr_line' id='line_1_91' title="bbox 127 2863 871 2903; baseline 0.015 -14"><span class='ocrx_word' id='word_1_643' title='bbox 127 2863 181 2893; x_wconf 70' lang='lat' dir='ltr'><strong>XX.</strong></span> <span class='ocrx_word' id='word_1_644' title='bbox 203 2864 258 2891; x_wconf 80' lang='lat' dir='ltr'><strong>Sub</strong></span> <span class='ocrx_word' id='word_1_645' title='bbox 272 2865 329 2892; x_wconf 75' lang='lat' dir='ltr'><strong>hzcc</strong></span> <span class='ocrx_word' id='word_1_646' title='bbox 343 2867 408 2893; x_wconf 85' lang='lat' dir='ltr'><strong>adiit</strong></span> <span class='ocrx_word' id='word_1_647' title='bbox 421 2867 571 2901; x_wconf 67' lang='lat' dir='ltr'><strong>\&#39;cst&#39;-,ja:or</strong></span> <span class='ocrx_word' id='word_1_648' title='bbox 586 2874 703 2903; x_wconf 79' lang='lat' dir='ltr'><strong>taurum,</strong></span> <span class='ocrx_word' id='word_1_649' title='bbox 717 2871 871 2900; x_wconf 78' lang='lat' dir='ltr'><strong>allectatam</strong></span> 
     </span>
    </p>
   </div>
   <div class='ocr_carea' id='block_1_92' title="bbox 933 1596 1723 1626">
    <p class='ocr_par' dir='ltr' id='par_1_92' title="bbox 933 1596 1723 1626">
     <span class='ocr_line' id='line_1_92' title="bbox 933 1596 1723 1626; baseline -0.004 -2"><span class='ocrx_word' id='word_1_650' title='bbox 933 1599 985 1625; x_wconf 89' lang='lat' dir='ltr'><strong>ubi</strong></span> <span class='ocrx_word' id='word_1_651' title='bbox 1003 1599 1168 1625; x_wconf 86' lang='lat' dir='ltr'><strong>recesserint</strong></span> <span class='ocrx_word' id='word_1_652' title='bbox 1184 1599 1338 1626; x_wconf 83' lang='lat' dir='ltr'><strong>mercedula</strong></span> <span class='ocrx_word' id='word_1_653' title='bbox 1357 1602 1507 1625; x_wconf 88' lang='lat' dir='ltr'><strong>numerata.</strong></span> <span class='ocrx_word' id='word_1_654' title='bbox 1525 1597 1587 1624; x_wconf 59' lang='lat' dir='ltr'><strong>[late</strong></span> <span class='ocrx_word' id='word_1_655' title='bbox 1603 1596 1639 1623; x_wconf 90' lang='lat' dir='ltr'><strong>ita</strong></span> <span class='ocrx_word' id='word_1_656' title='bbox 1654 1603 1723 1622; x_wconf 91' lang='lat' dir='ltr'><strong>con-</strong></span> 
     </span>
    </p>
   </div>
   <div class='ocr_carea' id='block_1_93' title="bbox 934 1641 1722 1674">
    <p class='ocr_par' dir='ltr' id='par_1_93' title="bbox 934 1641 1722 1674">
     <span class='ocr_line' id='line_1_93' title="bbox 934 1641 1722 1674; baseline -0.005 -3"><span class='ocrx_word' id='word_1_657' title='bbox 934 1642 1050 1671; x_wconf 82' lang='lat' dir='ltr'><strong>ﬁdenter</strong></span> <span class='ocrx_word' id='word_1_658' title='bbox 1064 1649 1155 1671; x_wconf 89' lang='lat' dir='ltr'><strong>tecum</strong></span> <span class='ocrx_word' id='word_1_659' title='bbox 1172 1644 1281 1671; x_wconf 89' lang='lat' dir='ltr'><strong>fabulor</strong></span> <span class='ocrx_word' id='word_1_660' title='bbox 1295 1644 1382 1671; x_wconf 84' lang='lat' dir='ltr'><strong>fretus</strong></span> <span class='ocrx_word' id='word_1_661' title='bbox 1397 1644 1483 1671; x_wconf 66' lang='lat' dir='ltr'><strong>Veteri</strong></span> <span class='ocrx_word' id='word_1_662' title='bbox 1499 1642 1620 1669; x_wconf 88' lang='lat' dir='ltr'><strong>amicitia</strong></span> <span class='ocrx_word' id='word_1_663' title='bbox 1633 1662 1639 1674; x_wconf 89' lang='lat'><strong>,</strong></span> <span class='ocrx_word' id='word_1_664' title='bbox 1655 1645 1683 1668; x_wconf 95' lang='lat' dir='ltr'><strong>ct</strong></span> <span class='ocrx_word' id='word_1_665' title='bbox 1698 1641 1722 1668; x_wconf 88' lang='lat' dir='ltr'><strong>si</strong></span> 
     </span>
    </p>
   </div>
   <div class='ocr_carea' id='block_1_94' title="bbox 932 1688 1722 1722">
    <p class='ocr_par' dir='ltr' id='par_1_94' title="bbox 932 1688 1722 1722">
     <span class='ocr_line' id='line_1_94' title="bbox 932 1688 1722 1722; baseline -0.001 -7"><span class='ocrx_word' id='word_1_666' title='bbox 932 1689 1024 1716; x_wconf 88' lang='lat' dir='ltr'><strong>dicere</strong></span> <span class='ocrx_word' id='word_1_667' title='bbox 1042 1697 1084 1716; x_wconf 89' lang='lat' dir='ltr'><strong>me</strong></span> <span class='ocrx_word' id='word_1_668' title='bbox 1100 1690 1177 1721; x_wconf 87' lang='lat' dir='ltr'><strong>sinis,</strong></span> <span class='ocrx_word' id='word_1_669' title='bbox 1193 1690 1359 1717; x_wconf 84' lang='lat' dir='ltr'><strong>conscientia</strong></span> <span class='ocrx_word' id='word_1_670' title='bbox 1377 1689 1501 1716; x_wconf 80' lang='lat' dir='ltr'><strong>benevoli</strong></span> <span class='ocrx_word' id='word_1_671' title='bbox 1518 1688 1610 1720; x_wconf 86' lang='lat' dir='ltr'><strong>oilicii,</strong></span> <span class='ocrx_word' id='word_1_672' title='bbox 1626 1695 1680 1722; x_wconf 89' lang='lat' dir='ltr'><strong>quo</strong></span> <span class='ocrx_word' id='word_1_673' title='bbox 1695 1692 1722 1714; x_wconf 89' lang='lat' dir='ltr'><strong>te</strong></span> 
     </span>
    </p>
   </div>
   <div class='ocr_carea' id='block_1_95' title="bbox 934 1733 1722 1768">
    <p class='ocr_par' dir='ltr' id='par_1_95' title="bbox 934 1733 1722 1768">
     <span class='ocr_line' id='line_1_95' title="bbox 934 1733 1722 1768; baseline -0.004 -7"><span class='ocrx_word' id='word_1_674' title='bbox 934 1735 959 1761; x_wconf 92' lang='lat' dir='ltr'><strong>in</strong></span> <span class='ocrx_word' id='word_1_675' title='bbox 976 1735 1063 1762; x_wconf 84' lang='lat' dir='ltr'><strong>leonis</strong></span> <span class='ocrx_word' id='word_1_676' title='bbox 1077 1736 1190 1767; x_wconf 69' lang='lat' dir='ltr'><strong>gratiam</strong></span> <span class='ocrx_word' id='word_1_677' title='bbox 1206 1735 1355 1767; x_wconf 76' lang='lat' dir='ltr'><strong>insinuari,</strong></span> <span class='ocrx_word' id='word_1_678' title='bbox 1370 1742 1506 1768; x_wconf 84' lang='lat' dir='ltr'><strong>causaque</strong></span> <span class='ocrx_word' id='word_1_679' title='bbox 1521 1734 1567 1760; x_wconf 88' lang='lat' dir='ltr'><strong>tibi</strong></span> <span class='ocrx_word' id='word_1_680' title='bbox 1585 1734 1622 1760; x_wconf 87' lang='lat' dir='ltr'><strong>fui</strong></span> <span class='ocrx_word' id='word_1_681' title='bbox 1640 1733 1722 1767; x_wconf 86' lang='lat' dir='ltr'><strong>hujus</strong></span> 
     </span>
    </p>
   </div>
   <div class='ocr_carea' id='block_1_96' title="bbox 931 1780 1720 1815">
    <p class='ocr_par' dir='ltr' id='par_1_96' title="bbox 931 1780 1720 1815">
     <span class='ocr_line' id='line_1_96' title="bbox 931 1780 1720 1815; baseline -0.003 -9"><span class='ocrx_word' id='word_1_682' title='bbox 931 1788 984 1814; x_wconf 88' lang='lat' dir='ltr'><strong>qtta</strong></span> <span class='ocrx_word' id='word_1_683' title='bbox 1009 1780 1113 1807; x_wconf 87' lang='lat' dir='ltr'><strong>emines</strong></span> <span class='ocrx_word' id='word_1_684' title='bbox 1139 1780 1279 1815; x_wconf 78' lang='lat' dir='ltr'><strong>polentize,</strong></span> <span class='ocrx_word' id='word_1_685' title='bbox 1304 1788 1385 1815; x_wconf 87' lang='lat' dir='ltr'><strong>quam</strong></span> <span class='ocrx_word' id='word_1_686' title='bbox 1411 1780 1514 1807; x_wconf 89' lang='lat' dir='ltr'><strong>utinam</strong></span> <span class='ocrx_word' id='word_1_687' title='bbox 1544 1780 1591 1806; x_wconf 89' lang='lat' dir='ltr'><strong>tibi</strong></span> <span class='ocrx_word' id='word_1_688' title='bbox 1615 1783 1720 1806; x_wconf 90' lang='lat' dir='ltr'><strong>certam</strong></span> 
     </span>
    </p>
   </div>
   <div class='ocr_carea' id='block_1_97' title="bbox 932 1825 1720 1860">
    <p class='ocr_par' dir='ltr' id='par_1_97' title="bbox 932 1825 1720 1860">
     <span class='ocr_line' id='line_1_97' title="bbox 932 1825 1720 1860; baseline -0.001 -8"><span class='ocrx_word' id='word_1_689' title='bbox 932 1826 1125 1860; x_wconf 85' lang='lat' dir='ltr'><strong>propriamque</strong></span> <span class='ocrx_word' id='word_1_690' title='bbox 1147 1827 1184 1853; x_wconf 92' lang='lat' dir='ltr'><strong>dii</strong></span> <span class='ocrx_word' id='word_1_691' title='bbox 1209 1830 1335 1858; x_wconf 84' lang='lat' dir='ltr'><strong>servent;</strong></span> <span class='ocrx_word' id='word_1_692' title='bbox 1359 1828 1448 1854; x_wconf 89' lang='lat' dir='ltr'><strong>nescis</strong></span> <span class='ocrx_word' id='word_1_693' title='bbox 1470 1826 1543 1853; x_wconf 88' lang='lat' dir='ltr'><strong>enim</strong></span> <span class='ocrx_word' id='word_1_694' title='bbox 1564 1831 1668 1860; x_wconf 91' lang='lat' dir='ltr'><strong>quanto</strong></span> <span class='ocrx_word' id='word_1_695' title='bbox 1692 1825 1720 1851; x_wconf 89' lang='lat' dir='ltr'><strong>itt</strong></span> 
     </span>
    </p>
   </div>
   <div class='ocr_carea' id='block_1_98' title="bbox 930 1872 1719 1907">
    <p class='ocr_par' dir='ltr' id='par_1_98' title="bbox 930 1872 1719 1907">
     <span class='ocr_line' id='line_1_98' title="bbox 930 1872 1719 1907; baseline -0.001 -9"><span class='ocrx_word' id='word_1_696' title='bbox 930 1872 1053 1906; x_wconf 82' lang='lat' dir='ltr'><strong>periculo</strong></span> <span class='ocrx_word' id='word_1_697' title='bbox 1070 1873 1198 1905; x_wconf 86' lang='lat' dir='ltr'><strong>verseris,</strong></span> <span class='ocrx_word' id='word_1_698' title='bbox 1215 1873 1293 1907; x_wconf 85' lang='lat' dir='ltr'><strong>cujus</strong></span> <span class='ocrx_word' id='word_1_699' title='bbox 1308 1880 1358 1906; x_wconf 77' lang='lat' dir='ltr'><strong>ego</strong></span> <span class='ocrx_word' id='word_1_700' title='bbox 1375 1873 1502 1899; x_wconf 87' lang='lat' dir='ltr'><strong>conscius</strong></span> <span class='ocrx_word' id='word_1_701' title='bbox 1519 1872 1606 1899; x_wconf 86' lang='lat' dir='ltr'><strong>celare</strong></span> <span class='ocrx_word' id='word_1_702' title='bbox 1623 1877 1648 1898; x_wconf 90' lang='lat' dir='ltr'><strong>te</strong></span> <span class='ocrx_word' id='word_1_703' title='bbox 1665 1879 1719 1897; x_wconf 91' lang='lat' dir='ltr'><strong>non</strong></span> 
     </span>
    </p>
   </div>
   <div class='ocr_carea' id='block_1_99' title="bbox 930 1918 1717 1953">
    <p class='ocr_par' dir='ltr' id='par_1_99' title="bbox 930 1918 1717 1953">
     <span class='ocr_line' id='line_1_99' title="bbox 930 1918 1717 1953; baseline 0 -9"><span class='ocrx_word' id='word_1_704' title='bbox 930 1925 1040 1952; x_wconf 92' lang='lat' dir='ltr'><strong>possum</strong></span> <span class='ocrx_word' id='word_1_705' title='bbox 1051 1938 1058 1950; x_wconf 94' lang='lat'>.</span> <span class='ocrx_word' id='word_1_706' title='bbox 1073 1919 1146 1946; x_wconf 88' lang='lat' dir='ltr'><strong>salva</strong></span> <span class='ocrx_word' id='word_1_707' title='bbox 1161 1919 1375 1946; x_wconf 65' lang='lat' dir='ltr'><strong>necessitudinis</strong></span> <span class='ocrx_word' id='word_1_708' title='bbox 1390 1919 1452 1945; x_wconf 86' lang='lat' dir='ltr'><strong>ﬁde.</strong></span> <span class='ocrx_word' id='word_1_709' title='bbox 1470 1918 1515 1946; x_wconf 91' lang='lat' dir='ltr'><strong>Sic</strong></span> <span class='ocrx_word' id='word_1_710' title='bbox 1531 1919 1614 1953; x_wconf 82' lang='lat' dir='ltr'><strong>igitur</strong></span> <span class='ocrx_word' id='word_1_711' title='bbox 1628 1918 1697 1944; x_wconf 85' lang='lat' dir='ltr'><strong>habe</strong></span> <span class='ocrx_word' id='word_1_712' title='bbox 1709 1937 1717 1948; x_wconf 88' lang='lat'><strong>,</strong></span> 
     </span>
    </p>
   </div>
   <div class='ocr_carea' id='block_1_100' title="bbox 930 1963 1718 2000">
    <p class='ocr_par' dir='ltr' id='par_1_100' title="bbox 930 1963 1718 2000">
     <span class='ocr_line' id='line_1_100' title="bbox 930 1963 1718 2000; baseline -0.003 -9"><span class='ocrx_word' id='word_1_713' title='bbox 930 1969 1102 2000; x_wconf 85' lang='lat' dir='ltr'><strong>compertum</strong></span> <span class='ocrx_word' id='word_1_714' title='bbox 1125 1965 1191 1992; x_wconf 76' lang='lat' dir='ltr'><strong>inihi</strong></span> <span class='ocrx_word' id='word_1_715' title='bbox 1213 1973 1245 1991; x_wconf 91' lang='lat' dir='ltr'><strong>cx</strong></span> <span class='ocrx_word' id='word_1_716' title='bbox 1267 1971 1335 1992; x_wconf 85' lang='lat' dir='ltr'><strong>teste</strong></span> <span class='ocrx_word' id='word_1_717' title='bbox 1357 1965 1464 1997; x_wconf 73' lang='lat' dir='ltr'><strong>attrito,</strong></span> <span class='ocrx_word' id='word_1_718' title='bbox 1487 1964 1622 1991; x_wconf 78' lang='lat' dir='ltr'><strong>excidisse</strong></span> <span class='ocrx_word' id='word_1_719' title='bbox 1644 1963 1718 1990; x_wconf 89' lang='lat' dir='ltr'><strong>leoni</strong></span> 
     </span>
    </p>
   </div>
   <div class='ocr_carea' id='block_1_101' title="bbox 928 2010 1718 2044">
    <p class='ocr_par' dir='ltr' id='par_1_101' title="bbox 928 2010 1718 2044">
     <span class='ocr_line' id='line_1_101' title="bbox 928 2010 1718 2044; baseline -0.001 -7"><span class='ocrx_word' id='word_1_720' title='bbox 928 2011 1000 2044; x_wconf 87' lang='lat' dir='ltr'><strong>apud</strong></span> <span class='ocrx_word' id='word_1_721' title='bbox 1018 2010 1168 2038; x_wconf 85' lang='lat' dir='ltr'><strong>familiares</strong></span> <span class='ocrx_word' id='word_1_722' title='bbox 1183 2011 1252 2038; x_wconf 89' lang='lat' dir='ltr'><strong>hanc</strong></span> <span class='ocrx_word' id='word_1_723' title='bbox 1267 2019 1361 2039; x_wconf 89' lang='lat' dir='ltr'><strong>vocem</strong></span> <span class='ocrx_word' id='word_1_724' title='bbox 1378 2021 1384 2038; x_wconf 88' lang='lat'><strong>:</strong></span> <span class='ocrx_word' id='word_1_725' title='bbox 1400 2010 1490 2038; x_wconf 87' lang='lat' dir='ltr'><strong>Cerno</strong></span> <span class='ocrx_word' id='word_1_726' title='bbox 1507 2011 1579 2038; x_wconf 90' lang='lat' dir='ltr'><strong>hunc</strong></span> <span class='ocrx_word' id='word_1_727' title='bbox 1594 2016 1718 2037; x_wconf 87' lang='lat' dir='ltr'><strong>nostrum</strong></span> 
     </span>
    </p>
   </div>
   <div class='ocr_carea' id='block_1_102' title="bbox 928 2057 1719 2092">
    <p class='ocr_par' dir='ltr' id='par_1_102' title="bbox 928 2057 1719 2092">
     <span class='ocr_line' id='line_1_102' title="bbox 928 2057 1719 2092; baseline 0.001 -10"><span class='ocrx_word' id='word_1_728' title='bbox 928 2060 1037 2083; x_wconf 86' lang='lat' dir='ltr'><strong>taurum</strong></span> <span class='ocrx_word' id='word_1_729' title='bbox 1055 2057 1242 2092; x_wconf 64' lang='lat' dir='ltr'><strong>praepinguem</strong></span> <span class='ocrx_word' id='word_1_730' title='bbox 1257 2057 1311 2092; x_wconf 87' lang='lat' dir='ltr'><strong>jam</strong></span> <span class='ocrx_word' id='word_1_731' title='bbox 1328 2065 1403 2089; x_wconf 83' lang='lat' dir='ltr'><strong>esse,</strong></span> <span class='ocrx_word' id='word_1_732' title='bbox 1418 2065 1558 2092; x_wconf 89' lang='lat' dir='ltr'><strong>nunquam</strong></span> <span class='ocrx_word' id='word_1_733' title='bbox 1576 2057 1719 2091; x_wconf 84' lang='lat' dir='ltr'><strong>tempesti-</strong></span> 
     </span>
    </p>
   </div>
   <div class='ocr_carea' id='block_1_103' title="bbox 927 2101 1718 2138">
    <p class='ocr_par' dir='ltr' id='par_1_103' title="bbox 927 2101 1718 2138">
     <span class='ocr_line' id='line_1_103' title="bbox 927 2101 1718 2138; baseline 0.001 -10"><span class='ocrx_word' id='word_1_734' title='bbox 927 2101 987 2128; x_wconf 86' lang='lat' dir='ltr'><strong>vior</strong></span> <span class='ocrx_word' id='word_1_735' title='bbox 1002 2102 1036 2129; x_wconf 85' lang='lat' dir='ltr'><strong>ad</strong></span> <span class='ocrx_word' id='word_1_736' title='bbox 1053 2103 1148 2136; x_wconf 87' lang='lat' dir='ltr'><strong>epulas</strong></span> <span class='ocrx_word' id='word_1_737' title='bbox 1167 2103 1249 2130; x_wconf 85' lang='lat' dir='ltr'><strong>fuerit</strong></span> <span class='ocrx_word' id='word_1_738' title='bbox 1265 2113 1272 2130; x_wconf 87' lang='lat'><strong>:</strong></span> <span class='ocrx_word' id='word_1_739' title='bbox 1289 2104 1350 2130; x_wconf 90' lang='lat' dir='ltr'><strong>volo</strong></span> <span class='ocrx_word' id='word_1_740' title='bbox 1368 2111 1429 2130; x_wconf 91' lang='lat' dir='ltr'><strong>eum</strong></span> <span class='ocrx_word' id='word_1_741' title='bbox 1447 2103 1652 2138; x_wconf 88' lang='lat' dir='ltr'><strong>quampritntttn</strong></span> <span class='ocrx_word' id='word_1_742' title='bbox 1670 2103 1718 2129; x_wconf 92' lang='lat' dir='ltr'><strong>dc-</strong></span> 
     </span>
    </p>
   </div>
   <div class='ocr_carea' id='block_1_104' title="bbox 929 2147 1717 2180">
    <p class='ocr_par' dir='ltr' id='par_1_104' title="bbox 929 2147 1717 2180">
     <span class='ocr_line' id='line_1_104' title="bbox 929 2147 1717 2180; baseline 0.004 -9"><span class='ocrx_word' id='word_1_743' title='bbox 929 2155 1034 2175; x_wconf 83' lang='lat' dir='ltr'><strong>vorare.</strong></span> <span class='ocrx_word' id='word_1_744' title='bbox 1051 2147 1151 2175; x_wconf 87' lang='lat' dir='ltr'><strong>llorrui</strong></span> <span class='ocrx_word' id='word_1_745' title='bbox 1168 2148 1275 2180; x_wconf 77' lang='lat' dir='ltr'><strong>auditu,</strong></span> <span class='ocrx_word' id='word_1_746' title='bbox 1293 2149 1425 2176; x_wconf 89' lang='lat' dir='ltr'><strong>miserans</strong></span> <span class='ocrx_word' id='word_1_747' title='bbox 1442 2148 1521 2175; x_wconf 85' lang='lat' dir='ltr'><strong>amici</strong></span> <span class='ocrx_word' id='word_1_748' title='bbox 1538 2153 1640 2175; x_wconf 85' lang='lat' dir='ltr'><strong>s0rtcm</strong></span> <span class='ocrx_word' id='word_1_749' title='bbox 1669 2155 1717 2174; x_wconf 88' lang='lat' dir='ltr'><strong>ac-</strong></span> 
     </span>
    </p>
   </div>
   <div class='ocr_carea' id='block_1_105' title="bbox 929 2193 1715 2228">
    <p class='ocr_par' dir='ltr' id='par_1_105' title="bbox 929 2193 1715 2228">
     <span class='ocr_line' id='line_1_105' title="bbox 929 2193 1715 2228; baseline 0.001 -9"><span class='ocrx_word' id='word_1_750' title='bbox 929 2193 1058 2228; x_wconf 89' lang='lat' dir='ltr'><strong>currique</strong></span> <span class='ocrx_word' id='word_1_751' title='bbox 1079 2194 1112 2220; x_wconf 87' lang='lat' dir='ltr'><strong>ad</strong></span> <span class='ocrx_word' id='word_1_752' title='bbox 1135 2199 1171 2226; x_wconf 84' lang='lat' dir='ltr'><strong>te,</strong></span> <span class='ocrx_word' id='word_1_753' title='bbox 1191 2200 1222 2221; x_wconf 92' lang='lat' dir='ltr'><strong>ut</strong></span> <span class='ocrx_word' id='word_1_754' title='bbox 1242 2195 1425 2222; x_wconf 85' lang='lat' dir='ltr'><strong>communiter</strong></span> <span class='ocrx_word' id='word_1_755' title='bbox 1443 2194 1585 2221; x_wconf 75' lang='lat' dir='ltr'><strong>videamus</strong></span> <span class='ocrx_word' id='word_1_756' title='bbox 1615 2194 1715 2228; x_wconf 88' lang='lat' dir='ltr'><strong>ecquid</strong></span> 
     </span>
    </p>
   </div>
   <div class='ocr_carea' id='block_1_106' title="bbox 928 2239 1716 2274">
    <p class='ocr_par' dir='ltr' id='par_1_106' title="bbox 928 2239 1716 2274">
     <span class='ocr_line' id='line_1_106' title="bbox 928 2239 1716 2274; baseline 0.001 -10"><span class='ocrx_word' id='word_1_757' title='bbox 928 2239 1050 2272; x_wconf 82' lang='lat' dir='ltr'><strong>expediri</strong></span> <span class='ocrx_word' id='word_1_758' title='bbox 1066 2239 1172 2266; x_wconf 86' lang='lat' dir='ltr'><strong>consilii</strong></span> <span class='ocrx_word' id='word_1_759' title='bbox 1190 2240 1275 2273; x_wconf 86' lang='lat' dir='ltr'><strong>possit</strong></span> <span class='ocrx_word' id='word_1_760' title='bbox 1292 2240 1365 2267; x_wconf 88' lang='lat' dir='ltr'><strong>utilis</strong></span> <span class='ocrx_word' id='word_1_761' title='bbox 1378 2239 1411 2266; x_wconf 89' lang='lat' dir='ltr'><strong>ad</strong></span> <span class='ocrx_word' id='word_1_762' title='bbox 1427 2239 1531 2267; x_wconf 86' lang='lat' dir='ltr'><strong>cladem</strong></span> <span class='ocrx_word' id='word_1_763' title='bbox 1549 2244 1716 2274; x_wconf 74' lang='lat' dir='ltr'><strong>prteverten-</strong></span> 
     </span>
    </p>
   </div>
   <div class='ocr_carea' id='block_1_107' title="bbox 928 2284 1714 2320">
    <p class='ocr_par' dir='ltr' id='par_1_107' title="bbox 928 2284 1714 2320">
     <span class='ocr_line' id='line_1_107' title="bbox 928 2284 1714 2320; baseline 0.003 -10"><span class='ocrx_word' id='word_1_764' title='bbox 928 2285 1000 2311; x_wconf 88' lang='lat' dir='ltr'><strong>dam.</strong></span> <span class='ocrx_word' id='word_1_765' title='bbox 1018 2284 1223 2318; x_wconf 88' lang='lat' dir='ltr'><strong>Conturbatus,</strong></span> <span class='ocrx_word' id='word_1_766' title='bbox 1241 2290 1271 2312; x_wconf 90' lang='lat' dir='ltr'><strong>ut</strong></span> <span class='ocrx_word' id='word_1_767' title='bbox 1288 2293 1336 2320; x_wconf 90' lang='lat' dir='ltr'><strong>par</strong></span> <span class='ocrx_word' id='word_1_768' title='bbox 1351 2290 1427 2318; x_wconf 87' lang='lat' dir='ltr'><strong>erat,</strong></span> <span class='ocrx_word' id='word_1_769' title='bbox 1445 2286 1489 2312; x_wconf 89' lang='lat' dir='ltr'><strong>tali</strong></span> <span class='ocrx_word' id='word_1_770' title='bbox 1507 2293 1634 2312; x_wconf 87' lang='lat' dir='ltr'><strong>sermone</strong></span> <span class='ocrx_word' id='word_1_771' title='bbox 1651 2290 1714 2312; x_wconf 81' lang='lat' dir='ltr'><strong>tau-</strong></span> 
     </span>
    </p>
   </div>
   <div class='ocr_carea' id='block_1_108' title="bbox 929 2330 1712 2367">
    <p class='ocr_par' dir='ltr' id='par_1_108' title="bbox 929 2330 1712 2367">
     <span class='ocr_line' id='line_1_108' title="bbox 929 2330 1712 2367; baseline 0.004 -11"><span class='ocrx_word' id='word_1_772' title='bbox 929 2338 977 2357; x_wconf 89' lang='lat' dir='ltr'><strong>rus</strong></span> <span class='ocrx_word' id='word_1_773' title='bbox 996 2340 1002 2355; x_wconf 91' lang='lat'><strong><em>:</em></strong></span> <span class='ocrx_word' id='word_1_774' title='bbox 1021 2330 1092 2364; x_wconf 85' lang='lat' dir='ltr'><strong>Quid</strong></span> <span class='ocrx_word' id='word_1_775' title='bbox 1111 2330 1161 2358; x_wconf 88' lang='lat' dir='ltr'><strong>feci</strong></span> <span class='ocrx_word' id='word_1_776' title='bbox 1179 2335 1227 2358; x_wconf 87' lang='lat' dir='ltr'><strong>aut</strong></span> <span class='ocrx_word' id='word_1_777' title='bbox 1243 2331 1310 2366; x_wconf 90' lang='lat' dir='ltr'><strong>quid</strong></span> <span class='ocrx_word' id='word_1_778' title='bbox 1327 2331 1382 2359; x_wconf 80' lang='lat' dir='ltr'><strong>dixi</strong></span> <span class='ocrx_word' id='word_1_779' title='bbox 1401 2332 1492 2364; x_wconf 88' lang='lat' dir='ltr'><strong>miser,</strong></span> <span class='ocrx_word' id='word_1_780' title='bbox 1512 2332 1618 2367; x_wconf 89' lang='lat' dir='ltr'><strong>inquit,</strong></span> <span class='ocrx_word' id='word_1_781' title='bbox 1638 2333 1712 2367; x_wconf 88' lang='lat' dir='ltr'><strong>quod</strong></span> 
     </span>
    </p>
   </div>
   <div class='ocr_carea' id='block_1_109' title="bbox 928 2377 1713 2412">
    <p class='ocr_par' dir='ltr' id='par_1_109' title="bbox 928 2377 1713 2412">
     <span class='ocr_line' id='line_1_109' title="bbox 928 2377 1713 2412; baseline 0.004 -9"><span class='ocrx_word' id='word_1_782' title='bbox 928 2377 991 2403; x_wconf 87' lang='lat' dir='ltr'><strong>talia</strong></span> <span class='ocrx_word' id='word_1_783' title='bbox 1009 2377 1043 2404; x_wconf 89' lang='lat' dir='ltr'><strong>de</strong></span> <span class='ocrx_word' id='word_1_784' title='bbox 1061 2384 1103 2404; x_wconf 87' lang='lat' dir='ltr'><strong>me</strong></span> <span class='ocrx_word' id='word_1_785' title='bbox 1120 2377 1257 2412; x_wconf 82' lang='lat' dir='ltr'><strong>cogitandi</strong></span> <span class='ocrx_word' id='word_1_786' title='bbox 1279 2385 1373 2404; x_wconf 85' lang='lat' dir='ltr'><strong>ansam</strong></span> <span class='ocrx_word' id='word_1_787' title='bbox 1397 2382 1444 2405; x_wconf 86' lang='lat' dir='ltr'><strong>aut</strong></span> <span class='ocrx_word' id='word_1_788' title='bbox 1463 2383 1622 2412; x_wconf 58' lang='lat' dir='ltr'><strong>praetextum</strong></span> <span class='ocrx_word' id='word_1_789' title='bbox 1640 2379 1713 2407; x_wconf 82' lang='lat' dir='ltr'><strong>leoni</strong></span> 
     </span>
    </p>
   </div>
   <div class='ocr_carea' id='block_1_110' title="bbox 927 2422 1711 2458">
    <p class='ocr_par' dir='ltr' id='par_1_110' title="bbox 927 2422 1711 2458">
     <span class='ocr_line' id='line_1_110' title="bbox 927 2422 1711 2458; baseline 0.003 -9"><span class='ocrx_word' id='word_1_790' title='bbox 927 2422 1094 2457; x_wconf 60' lang='lat' dir='ltr'><strong>praebuerit?</strong></span> <span class='ocrx_word' id='word_1_791' title='bbox 1111 2430 1209 2456; x_wconf 87' lang='lat' dir='ltr'><strong>nempe</strong></span> <span class='ocrx_word' id='word_1_792' title='bbox 1227 2423 1268 2450; x_wconf 66' lang='lat' dir='ltr'><strong>hae</strong></span> <span class='ocrx_word' id='word_1_793' title='bbox 1286 2429 1350 2449; x_wconf 91' lang='lat' dir='ltr'><strong>sunt</strong></span> <span class='ocrx_word' id='word_1_794' title='bbox 1367 2428 1439 2450; x_wconf 90' lang='lat' dir='ltr'><strong>artes</strong></span> <span class='ocrx_word' id='word_1_795' title='bbox 1458 2423 1644 2457; x_wconf 90' lang='lat' dir='ltr'><strong>improborum</strong></span> <span class='ocrx_word' id='word_1_796' title='bbox 1663 2424 1711 2458; x_wconf 90' lang='lat' dir='ltr'><strong>qui</strong></span> 
     </span>
    </p>
   </div>
   <div class='ocr_carea' id='block_1_111' title="bbox 929 2468 1713 2504">
    <p class='ocr_par' dir='ltr' id='par_1_111' title="bbox 929 2468 1713 2504">
     <span class='ocr_line' id='line_1_111' title="bbox 929 2468 1713 2504; baseline 0.001 -10"><span class='ocrx_word' id='word_1_797' title='bbox 929 2475 971 2494; x_wconf 91' lang='lat' dir='ltr'><strong>me</strong></span> <span class='ocrx_word' id='word_1_798' title='bbox 985 2468 1059 2495; x_wconf 83' lang='lat' dir='ltr'><strong>falsis</strong></span> <span class='ocrx_word' id='word_1_799' title='bbox 1071 2468 1142 2502; x_wconf 90' lang='lat' dir='ltr'><strong>apud</strong></span> <span class='ocrx_word' id='word_1_800' title='bbox 1155 2476 1217 2494; x_wconf 89' lang='lat' dir='ltr'><strong>eum</strong></span> <span class='ocrx_word' id='word_1_801' title='bbox 1231 2468 1391 2495; x_wconf 88' lang='lat' dir='ltr'><strong>criminibus</strong></span> <span class='ocrx_word' id='word_1_802' title='bbox 1405 2469 1604 2496; x_wconf 87' lang='lat' dir='ltr'><strong>infamavcrint.</strong></span> <span class='ocrx_word' id='word_1_803' title='bbox 1617 2470 1713 2504; x_wconf 43' lang='lat' dir='ltr'><strong>Su5pis</strong></span> 
     </span>
    </p>
   </div>
   <div class='ocr_carea' id='block_1_112' title="bbox 928 2513 1709 2549">
    <p class='ocr_par' dir='ltr' id='par_1_112' title="bbox 928 2513 1709 2549">
     <span class='ocr_line' id='line_1_112' title="bbox 928 2513 1709 2549; baseline 0.003 -8"><span class='ocrx_word' id='word_1_804' title='bbox 928 2513 1012 2541; x_wconf 85' lang='lat' dir='ltr'><strong>cabar</strong></span> <span class='ocrx_word' id='word_1_805' title='bbox 1027 2513 1186 2547; x_wconf 88' lang='lat' dir='ltr'><strong>jamdudum</strong></span> <span class='ocrx_word' id='word_1_806' title='bbox 1209 2513 1338 2540; x_wconf 87' lang='lat' dir='ltr'><strong>invidiam</strong></span> <span class='ocrx_word' id='word_1_807' title='bbox 1359 2514 1540 2548; x_wconf 73' lang='lat' dir='ltr'><strong>malignorum</strong></span> <span class='ocrx_word' id='word_1_808' title='bbox 1562 2523 1630 2549; x_wconf 90' lang='lat' dir='ltr'><strong>quos</strong></span> <span class='ocrx_word' id='word_1_809' title='bbox 1650 2523 1709 2543; x_wconf 84' lang='lat' dir='ltr'><strong>mea</strong></span> 
     </span>
    </p>
   </div>
   <div class='ocr_carea' id='block_1_113' title="bbox 927 2558 1710 2590">
    <p class='ocr_par' dir='ltr' id='par_1_113' title="bbox 927 2558 1710 2590">
     <span class='ocr_line' id='line_1_113' title="bbox 927 2558 1710 2590; baseline 0.004 -6"><span class='ocrx_word' id='word_1_810' title='bbox 927 2558 1042 2585; x_wconf 84' lang='lat' dir='ltr'><strong>felicitas</strong></span> <span class='ocrx_word' id='word_1_811' title='bbox 1056 2558 1169 2590; x_wconf 82' lang='lat' dir='ltr'><strong>urebat,</strong></span> <span class='ocrx_word' id='word_1_812' title='bbox 1185 2566 1236 2586; x_wconf 70' lang='lat' dir='ltr'><strong>nec</strong></span> <span class='ocrx_word' id='word_1_813' title='bbox 1249 2559 1367 2585; x_wconf 86' lang='lat' dir='ltr'><strong>obscura</strong></span> <span class='ocrx_word' id='word_1_814' title='bbox 1383 2559 1480 2585; x_wconf 90' lang='lat' dir='ltr'><strong>horum</strong></span> <span class='ocrx_word' id='word_1_815' title='bbox 1497 2559 1593 2587; x_wconf 86' lang='lat' dir='ltr'><strong>livoris</strong></span> <span class='ocrx_word' id='word_1_816' title='bbox 1609 2560 1710 2588; x_wconf 90' lang='lat' dir='ltr'><strong>iudicia</strong></span> 
     </span>
    </p>
   </div>
   <div class='ocr_carea' id='block_1_114' title="bbox 927 2603 1709 2637">
    <p class='ocr_par' dir='ltr' id='par_1_114' title="bbox 927 2603 1709 2637">
     <span class='ocr_line' id='line_1_114' title="bbox 927 2603 1709 2637; baseline 0.005 -8"><span class='ocrx_word' id='word_1_817' title='bbox 927 2604 1028 2630; x_wconf 83' lang='lat' dir='ltr'><strong>notavi.</strong></span> <span class='ocrx_word' id='word_1_818' title='bbox 1051 2603 1231 2637; x_wconf 88' lang='lat' dir='ltr'><strong>Nunquamne</strong></span> <span class='ocrx_word' id='word_1_819' title='bbox 1251 2604 1286 2631; x_wconf 89' lang='lat' dir='ltr'><strong>ab</strong></span> <span class='ocrx_word' id='word_1_820' title='bbox 1307 2604 1415 2632; x_wconf 88' lang='lat' dir='ltr'><strong>insidiis</strong></span> <span class='ocrx_word' id='word_1_821' title='bbox 1433 2605 1630 2633; x_wconf 88' lang='lat' dir='ltr'><strong>sceleratorum</strong></span> <span class='ocrx_word' id='word_1_822' title='bbox 1652 2611 1709 2634; x_wconf 90' lang='lat' dir='ltr'><strong>tuta</strong></span> 
     </span>
    </p>
   </div>
   <div class='ocr_carea' id='block_1_115' title="bbox 926 2649 1710 2686">
    <p class='ocr_par' dir='ltr' id='par_1_115' title="bbox 926 2649 1710 2686">
     <span class='ocr_line' id='line_1_115' title="bbox 926 2649 1710 2686; baseline 0.003 -10"><span class='ocrx_word' id='word_1_823' title='bbox 926 2649 978 2676; x_wconf 89' lang='lat' dir='ltr'><strong>erit</strong></span> <span class='ocrx_word' id='word_1_824' title='bbox 1003 2649 1176 2676; x_wconf 86' lang='lat' dir='ltr'><strong>innocentia?</strong></span> <span class='ocrx_word' id='word_1_825' title='bbox 1200 2649 1270 2676; x_wconf 87' lang='lat' dir='ltr'><strong>Tum</strong></span> <span class='ocrx_word' id='word_1_826' title='bbox 1290 2649 1445 2685; x_wconf 83' lang='lat' dir='ltr'><strong>Vestigator</strong></span> <span class='ocrx_word' id='word_1_827' title='bbox 1461 2651 1577 2683; x_wconf 83' lang='lat' dir='ltr'><strong>:Erras,</strong></span> <span class='ocrx_word' id='word_1_828' title='bbox 1602 2652 1710 2686; x_wconf 87' lang='lat' dir='ltr'><strong>inquit,</strong></span> 
     </span>
    </p>
   </div>
   <div class='ocr_carea' id='block_1_116' title="bbox 927 2693 1709 2731">
    <p class='ocr_par' dir='ltr' id='par_1_116' title="bbox 927 2693 1709 2731">
     <span class='ocr_line' id='line_1_116' title="bbox 927 2693 1709 2731; baseline 0.009 -13"><span class='ocrx_word' id='word_1_829' title='bbox 927 2693 991 2719; x_wconf 88' lang='lat' dir='ltr'><strong>dtnn</strong></span> <span class='ocrx_word' id='word_1_830' title='bbox 1007 2693 1074 2721; x_wconf 86' lang='lat' dir='ltr'><strong>alios</strong></span> <span class='ocrx_word' id='word_1_831' title='bbox 1087 2701 1212 2722; x_wconf 85' lang='lat' dir='ltr'><strong>accusas.</strong></span> <span class='ocrx_word' id='word_1_832' title='bbox 1227 2694 1294 2721; x_wconf 87' lang='lat' dir='ltr'><strong>Tota</strong></span> <span class='ocrx_word' id='word_1_833' title='bbox 1312 2695 1338 2721; x_wconf 93' lang='lat' dir='ltr'><strong>in</strong></span> <span class='ocrx_word' id='word_1_834' title='bbox 1355 2695 1432 2722; x_wconf 89' lang='lat' dir='ltr'><strong>leone</strong></span> <span class='ocrx_word' id='word_1_835' title='bbox 1447 2696 1526 2730; x_wconf 89' lang='lat' dir='ltr'><strong>culpa</strong></span> <span class='ocrx_word' id='word_1_836' title='bbox 1539 2702 1590 2724; x_wconf 90' lang='lat' dir='ltr'><strong>est.</strong></span> <span class='ocrx_word' id='word_1_837' title='bbox 1607 2698 1709 2731; x_wconf 72' lang='lat' dir='ltr'><strong>Scires,</strong></span> 
     </span>
    </p>
   </div>
   <div class='ocr_carea' id='block_1_117' title="bbox 927 2739 1710 2774">
    <p class='ocr_par' dir='ltr' id='par_1_117' title="bbox 927 2739 1710 2774">
     <span class='ocr_line' id='line_1_117' title="bbox 927 2739 1710 2774; baseline 0.006 -10"><span class='ocrx_word' id='word_1_838' title='bbox 927 2739 948 2764; x_wconf 90' lang='lat' dir='ltr'><strong>si</strong></span> <span class='ocrx_word' id='word_1_839' title='bbox 967 2745 1029 2764; x_wconf 87' lang='lat' dir='ltr'><strong>eum</strong></span> <span class='ocrx_word' id='word_1_840' title='bbox 1047 2745 1156 2771; x_wconf 88' lang='lat' dir='ltr'><strong>nosses,</strong></span> <span class='ocrx_word' id='word_1_841' title='bbox 1175 2743 1205 2765; x_wconf 89' lang='lat' dir='ltr'><strong>ut</strong></span> <span class='ocrx_word' id='word_1_842' title='bbox 1222 2747 1272 2766; x_wconf 90' lang='lat' dir='ltr'><strong>nos</strong></span> <span class='ocrx_word' id='word_1_843' title='bbox 1287 2740 1333 2773; x_wconf 87' lang='lat' dir='ltr'><strong>qui</strong></span> <span class='ocrx_word' id='word_1_844' title='bbox 1353 2739 1457 2766; x_wconf 84' lang='lat' dir='ltr'><strong>diutius</strong></span> <span class='ocrx_word' id='word_1_845' title='bbox 1474 2741 1544 2774; x_wconf 88' lang='lat' dir='ltr'><strong>apud</strong></span> <span class='ocrx_word' id='word_1_846' title='bbox 1565 2741 1637 2768; x_wconf 90' lang='lat' dir='ltr'><strong>hunc</strong></span> <span class='ocrx_word' id='word_1_847' title='bbox 1654 2742 1710 2769; x_wconf 90' lang='lat' dir='ltr'><strong>tui-</strong></span> 
     </span>
    </p>
   </div>
   <div class='ocr_carea' id='block_1_118' title="bbox 925 2784 1707 2820">
    <p class='ocr_par' dir='ltr' id='par_1_118' title="bbox 925 2784 1707 2820">
     <span class='ocr_line' id='line_1_118' title="bbox 925 2784 1707 2820; baseline 0.006 -11"><span class='ocrx_word' id='word_1_848' title='bbox 925 2791 995 2810; x_wconf 86' lang='lat' dir='ltr'><strong>mns.</strong></span> <span class='ocrx_word' id='word_1_849' title='bbox 1013 2784 1099 2810; x_wconf 77' lang='lat' dir='ltr'><strong>Crede</strong></span> <span class='ocrx_word' id='word_1_850' title='bbox 1115 2784 1175 2810; x_wconf 84' lang='lat' dir='ltr'><strong>fidis</strong></span> <span class='ocrx_word' id='word_1_851' title='bbox 1190 2789 1217 2810; x_wconf 90' lang='lat' dir='ltr'><strong>et</strong></span> <span class='ocrx_word' id='word_1_852' title='bbox 1231 2786 1352 2819; x_wconf 83' lang='lat' dir='ltr'><strong>expertis</strong></span> <span class='ocrx_word' id='word_1_853' title='bbox 1364 2806 1371 2817; x_wconf 95' lang='lat'><strong>,</strong></span> <span class='ocrx_word' id='word_1_854' title='bbox 1387 2786 1454 2812; x_wconf 80' lang='lat' dir='ltr'><strong>nihil</strong></span> <span class='ocrx_word' id='word_1_855' title='bbox 1473 2787 1520 2814; x_wconf 90' lang='lat' dir='ltr'><strong>illo</strong></span> <span class='ocrx_word' id='word_1_856' title='bbox 1534 2787 1689 2816; x_wconf 87' lang='lat' dir='ltr'><strong>instabilius</strong></span> <span class='ocrx_word' id='word_1_857' title='bbox 1700 2809 1707 2820; x_wconf 82' lang='lat'><strong>,</strong></span> 
     </span>
    </p>
   </div>
   <div class='ocr_carea' id='block_1_119' title="bbox 925 2829 1708 2867">
    <p class='ocr_par' dir='ltr' id='par_1_119' title="bbox 925 2829 1708 2867">
     <span class='ocr_line' id='line_1_119' title="bbox 925 2829 1708 2867; baseline 0.009 -14"><span class='ocrx_word' id='word_1_858' title='bbox 925 2829 1117 2862; x_wconf 68' lang='lat' dir='ltr'><strong>perﬁdiosius.</strong></span> <span class='ocrx_word' id='word_1_859' title='bbox 1134 2830 1273 2857; x_wconf 78' lang='lat' dir='ltr'><strong>crudelius</strong></span> <span class='ocrx_word' id='word_1_860' title='bbox 1289 2835 1340 2857; x_wconf 79' lang='lat' dir='ltr'><strong>est;</strong></span> <span class='ocrx_word' id='word_1_861' title='bbox 1359 2831 1439 2858; x_wconf 86' lang='lat' dir='ltr'><strong>Initio</strong></span> <span class='ocrx_word' id='word_1_862' title='bbox 1457 2832 1502 2859; x_wconf 86' lang='lat' dir='ltr'><strong>ille</strong></span> <span class='ocrx_word' id='word_1_863' title='bbox 1520 2834 1630 2867; x_wconf 88' lang='lat' dir='ltr'><strong>quidem</strong></span> <span class='ocrx_word' id='word_1_864' title='bbox 1649 2835 1708 2867; x_wconf 89' lang='lat' dir='ltr'><strong>pla-</strong></span> 
     </span>
    </p>
   </div>
   <div class='ocr_carea' id='block_1_120' title="bbox 924 2874 1705 2916">
    <p class='ocr_par' dir='ltr' id='par_1_120' title="bbox 924 2874 1705 2916">
     <span class='ocr_line' id='line_1_120' title="bbox 924 2874 1705 2916; baseline 0.009 -16"><span class='ocrx_word' id='word_1_865' title='bbox 924 2874 1034 2902; x_wconf 79' lang='lat' dir='ltr'><strong>ciditate</strong></span> <span class='ocrx_word' id='word_1_866' title='bbox 1059 2876 1175 2909; x_wconf 82' lang='lat' dir='ltr'><strong>quadam</strong></span> <span class='ocrx_word' id='word_1_867' title='bbox 1202 2876 1302 2909; x_wconf 82' lang='lat' dir='ltr'><strong>allicit,</strong></span> <span class='ocrx_word' id='word_1_868' title='bbox 1328 2878 1518 2906; x_wconf 86' lang='lat' dir='ltr'><strong>accedentium</strong></span> <span class='ocrx_word' id='word_1_869' title='bbox 1544 2881 1705 2916; x_wconf 69' lang='lat' dir='ltr'><strong>sanguinem</strong></span> 
     </span>
    </p>
   </div>
  </div>
