1913 3068
177 156 245 188 1269

613 159 804 189 Sl’EClMEN
822 159 1037 190 SAPIENTIE
1061 159 1238 190 lNDOilUll
1259 159 1342 189 \'E'l‘.

1736 154 1804 186 1270

173 216 266 241 statim
280 214 338 241 sitit
354 221 503 249 paremque
519 215 647 250 rependit
662 215 801 241 dulcedni
817 215 960 242 admissio-
976 219 996 245 Α
1013 215 1046 242 ad
1063 215 1114 249 ipsi
1132 215 1250 242 olliciose
1268 218 1435 256 apparentes
1453 221 1523 248 quos
1540 204 1735 240 disiauliens:
1756 213 1807 239 Vos

172 260 216 287 nis
225 260 319 294 pri-nae
333 260 435 286 ultima-
447 260 636 294 catastrophes
651 261 806 286 amaritiem
819 259 961 286 acerbissi-

173 314 256 332 mam.
270 306 351 337 Vera,
369 306 459 340 inquit
474 312 580 338 taurus,
597 314 746 338 memoras;
763 312 790 333 et
805 314 854 341 ego
871 305 966 332 infelix

171 351 315 386 degustata
334 352 378 379 illa
397 352 482 386 priori
502 352 659 383 suavitate,
678 360 749 384 nunc
767 360 799 378 co
817 351 915 378 deveni
936 356 966 378 ut

172 396 336 423 atnarissitni
350 397 425 424 exitii
439 396 512 424 feces
535 397 645 424 ItaUrire
657 398 738 424 modo
751 398 876 425 debeam.
889 397 911 425 0
924 405 966 425 mc

173 443 375 477 imprudentem
390 443 437 478 qui
455 449 510 470 tam
524 444 570 470 diu
587 443 632 471 hic
647 444 773 471 haeserint
787 445 793 471 ι
813 452 864 472 nec
882 452 966 478 repu-

174 489 266 520 Iarim,
283 489 356 524 quod
375 490 445 516 ratio
461 489 601 522 monebat,
620 490 693 517 haud
711 495 796 517 tutatn
813 498 874 517 esse
889 497 965 517 eom-

173 533 354 561 morationetu
369 534 477 568 longam
491 534 647 562 herbivora:
660 534 807 562 animantis
819 534 891 569 apud
906 543 966 561 car-

174 579 309 605 nivoram.
317 579 429 606 Modum
437 579 581 614 oportebat
591 588 632 606 me
640 585 762 607 statuere
769 581 963 608 consuetudini

172 627 322 657 suspectae,
342 629 505 658 matureque
525 632 540 651 a
563 625 679 652 macello
702 625 842 653 recedere.
865 626 965 653 Fraudi

173 674 215 695 est
235 669 354 696 incautis
375 669 493 696 aviditas
512 677 573 702 sua,
593 670 658 696 dum
680 679 751 705 :cgre
773 671 934 698 avelluntur
951 680 966 698 a

173 714 364 748 placentibus,
380 715 452 750 passi
470 716 544 750 quod
562 717 684 750 apiculas
702 717 888 751 imprudentes
905 725 967 752 per-

173 759 230 791 dit,
249 767 309 794 qum
327 760 392 787 dum
410 761 549 788 mordicus
567 761 701 789 inliverent
718 762 848 790 dulcibus
866 763 966 790 ﬂoscu-

173 805 218 835 lis,
234 805 376 831 volucrum
392 805 530 840 rapacium
545 806 637 840 praeda
650 806 731 839 fiunt,
745 811 790 833 aut
803 807 966 842 superlapSO

174 851 245 878 forte
263 851 385 886 pondere
396 872 404 884 ,
423 851 451 879 in
468 851 614 887 complexu
634 852 853 888 intemperanter
868 858 966 880 amata:

173 896 324 930 voluptatis
344 897 552 931 opprimuntur.
574 897 709 925 Decuerat
733 900 828 933 paucis
848 890 967 927 conten-

175 946 244 973 tum,
263 950 323 976 qure
341 943 428 976 prima
460 943 566 970 modica
583 943 656 971 bona
674 952 852 980 perceperant
871 939 968 980 procul

175 992 234 1014 luto
257 988 373 1015 fruenda
396 987 562 1023 deportare,
585 997 636 1017 nec
660 990 810 1025 periclitari
834 999 868 1019 ex
891 993 969 1019 inex-

175 1034 246 1068 ricta
263 1033 426 1068 gulositatc,
444 1042 601 1062 muscarum
618 1035 737 1064 similem
749 1056 756 1068 ,
773 1037 874 1071 quibus
889 1037 966 1070 quasi

174 1088 227 1106 non
250 1079 367 1107 sufﬁciat
386 1080 516 1115 pabulum
539 1081 612 1116 quod
634 1081 737 1109 atlatitn
759 1083 786 1110 in
808 1082 965 1113 frondibus.

174 1126 201 1152 in
223 1125 369 1157 fructibus,
388 1125 415 1152 in
435 1125 510 1153 omni
533 1134 624 1153 rerum
644 1128 789 1162 superficie
807 1129 880 1162 jacet
900 1129 968 1162 ipsis

173 1171 340 1205 t-xpositum,
370 1171 453 1198 etiam
474 1172 571 1199 sordes
599 1172 772 1200 leoninarum
794 1174 902 1200 aurium
923 1181 969 1201 ca-

173 1223 262 1250 piant,
278 1225 380 1252 easque
396 1218 550 1252 sculpentes
567 1218 735 1253 importune,
753 1219 894 1247 irritabilis
911 1219 968 1247 bel-

175 1264 227 1290 lua:
245 1264 382 1298 unguibus
398 1268 527 1299 pereunt.

210 1353 282 1381 XXI.
302 1354 377 1381 Mitte
397 1355 449 1382 ista
468 1363 524 1382 non
541 1356 624 1390 hujus
647 1356 791 1391 temporis,
810 1357 967 1392 interpellat

175 1399 345 1434 Yestigator;
362 1409 435 1428 nunc
450 1401 525 1428 enim
542 1403 722 1436 quaerendum
743 1403 836 1438 potius
854 1409 897 1430 est
913 1412 966 1438 qua

177 1446 282 1472 ratione
298 1453 413 1474 mortem
428 1447 553 1482 effugias.
566 1448 659 1483 Atqui,
671 1449 709 1476 ait
724 1454 830 1480 taurus,
847 1451 966 1477 evellere

176 1494 242 1520 illttd
258 1494 335 1525 mihi,
350 1495 414 1521 dum
427 1502 488 1530 quae
502 1496 556 1522 vidi
574 1502 673 1523 cuncta
689 1502 797 1532 reputo,
813 1498 905 1524 anituo
919 1505 966 1524 ne—

1017 261 1249 295 quidem,inquit,
1265 268 1306 287 tne
1322 260 1472 292 honoratis,
1485 264 1512 286 at
1527 267 1578 294 ego
1592 259 1704 286 tabesco
1723 258 1805 284 fatue.

1017 306 1077 340 Quo
1089 307 1140 333 ista
1157 307 1223 333 mihi
1236 306 1338 333 sterilia
1352 306 1504 340 obsequia?
1516 298 1657 339 ite°potius
1673 309 1700 330 et
1712 304 1807 331 afferte

1020 353 1092 379 unde
1109 360 1213 379 vescar.
1228 352 1268 378 Ad
1285 360 1316 379 ea
1332 352 1389 379 illi:
1405 351 1512 378 Dudum
1530 351 1693 378 fecissemus
1707 355 1806 384 sponte

1017 397 1193 432 quodjubes,
1217 402 1245 424 et
1263 401 1358 424 noster
1383 397 1410 423 iu
1430 401 1455 423 te
1482 403 1560 422 amor
1587 394 1804 422 admonitionem

1017 444 1203 478 prtevertisset
1215 448 1302 473 tuam,
1315 443 1368 470 nisi
1380 443 1454 470 vires
1467 442 1620 469 deﬁcerent
1631 441 1664 468 ad
1680 440 1804 468 conanda

1017 497 1078 524 quae
1105 489 1249 521 vellemus,
1267 489 1426 523 quibusque
1455 496 1530 515 nunc
1548 487 1667 522 indiges.
1694 487 1806 513 Tenues

1018 543 1069 563 nos
1087 543 1194 566 smnus,
1215 540 1243 562 et
1270 542 1367 569 pugna:
1396 535 1517 568 impares
1533 533 1714 560 conserendas
1741 539 1804 559 Cum

1018 581 1166 616 pinguibus
1194 585 1222 608 et
1244 581 1346 607 torosis
1375 580 1452 612 feris,
1472 580 1570 614 quales
1587 578 1679 614 palato
1697 583 1744 605 tuo
1763 586 1808 604 sa-

1018 628 1112 662 piunt:
1127 626 1194 662 quin
1213 626 1294 653 nobis
1311 626 1376 660 ipsis
1401 627 1445 652 vix
1469 625 1620 652 sufﬁcimus
1634 624 1743 651 exiliter
1760 632 1807 658 pa-

1017 673 1126 700 srendis
1150 673 1275 706 hancque
1301 672 1389 707 ipsam
1408 679 1502 697 curam
1518 671 1610 698 studio
1638 670 1806 705 imputamus

1017 720 1058 748 tui
1078 727 1132 747 non
1149 720 1202 746 alia
1229 719 1263 746 de
1292 726 1373 745 causa
1391 717 1536 752 cupientes
1562 718 1668 747 vivere,
1694 716 1749 742 nisi
1774 724 1807 742 ne

1017 765 1108 793 desint
1123 765 1169 800 qui
1188 769 1241 791 tua:
1257 763 1393 798 maiestati
1410 762 1588 790 famulentur.
1602 761 1642 789 Ειι
1661 769 1711 787 nos
1725 768 1807 794 para-

1018 816 1061 838 tos
1079 810 1164 837 habes
1181 809 1214 836 ad
1236 809 1347 844 quidvis
1365 812 1410 834 tua
1429 815 1511 835 causa
1525 807 1642 841 periculi
1658 806 1806 839 damnique

1017 855 1212 888 subeundum;
1230 862 1327 882 verum
1355 854 1478 888 optimm,
1515 857 1544 879 ut
1559 853 1690 883 diximus,
1709 852 1807 878 volun-

1023 903 1072 930 tati
1086 902 1203 930 facultas
1227 902 1299 928 haud
1327 909 1375 936 par
1395 900 1553 935 respondet.
1569 900 1606 926 De
1622 903 1714 926 vestra
1727 898 1808 932 equi-

1020 949 1093 982 dem,
1110 949 1220 984 reponit
1234 949 1287 980 leo,
1303 947 1496 975 benevolentia
1513 953 1569 972 non
1589 945 1699 976 dubito,
1716 952 1806 978 eoque

1019 1002 1069 1022 vos
1081 1003 1130 1022 oro
1140 994 1334 1025 conﬁdentius,
1349 997 1483 1020 utenntes
1497 993 1524 1018 in
1535 991 1695 1023 consilium,
1710 990 1808 1024 exqui-

1020 1042 1087 1069 ratis
1097 1041 1167 1068 viam
1183 1041 1302 1075 aliquam
1315 1039 1494 1068 succurrendi
1505 1039 1590 1073 lapsis
1603 1039 1696 1065 rebus.
1711 1038 1806 1073 Agite:

1019 1095 1074 1114 non
1090 1087 1178 1114 deerit
1190 1087 1299 1113 fortuna
1312 1096 1319 1117 ;
1332 1086 1428 1113 atl‘erte
1444 1085 1571 1112 alicunde
1582 1085 1637 1111 cibi
1650 1084 1804 1119 quidpiam:

1019 1134 1113 1162 brevis
1136 1138 1179 1160 est
1190 1134 1298 1160 occasio
1313 1133 1405 1163 chara:
1422 1133 1498 1159 vobis
1515 1132 1617 1159 anima:
1636 1131 1781 1159 servanda:
1798 1137 1807 1160 ε

1019 1180 1041 1207 si
1059 1179 1216 1208 moramini.
1235 1179 1350 1205 morior.
1377 1179 1433 1205 Sub
1451 1178 1508 1204 Ιιςιξο
1525 1178 1563 1204 illi
1580 1185 1634 1204 non
1652 1177 1748 1211 procul
1764 1185 1808 1203 re-

1019 1226 1160 1256 cedentes,
1183 1225 1272 1259 capit't
1301 1224 1458 1252 conferunt.
1473 1224 1571 1250 Cuncti
1584 1224 1639 1257 jam
1655 1228 1734 1249 antea
1751 1230 1808 1249 ma-

1019 1271 1102 1306 lignis
1127 1271 1215 1297 oculis
1240 1271 1375 1298 camelum
1402 1270 1591 1296 intuebantur.
1621 1269 1691 1296 Tum
1725 1276 1804 1299 vero,

1019 1321 1129 1351 tempus
1158 1316 1244 1348 nacti,
1263 1316 1333 1349 Quid
1363 1316 1454 1347 nobis,
1484 1315 1624 1350 inquiunt,
1650 1319 1678 1342 et
1700 1315 1806 1348 ignava:

1020 1361 1085 1388 huic
1102 1361 1215 1388 bestiae!
1229 1368 1372 1394 quousque
1390 1360 1504 1387 ferimus
1520 1361 1607 1392 victu,
1624 1359 1728 1390 indole,
1743 1367 1803 1385 Ino-

1019 1408 1096 1434 rihus
1111 1407 1273 1434 dissimilem
1293 1406 1473 1438 animantem,
1487 1406 1562 1433 civili
1578 1406 1658 1432 nobis
1673 1405 1805 1432 societate

1018 1452 1138 1479 misceri.
1157 1452 1195 1478 Eo
1210 1460 1276 1486 ergo
1291 1451 1490 1485 conspirahant
1506 1451 1651 1478 sententia:
1665 1455 1694 1476 ut
1709 1451 1807 1476 decer-

1018 1503 1145 1532 neretur,
1164 1497 1413 1525 suadendamleoui
1431 1497 1528 1524 cameli
1544 1505 1650 1529 necem,
1668 1497 1746 1531 cujus
1758 1504 1806 1523 va-

175 1548 257 1574 qneo,
279 1539 421 1568 innoxium
443 1542 554 1576 propria
582 1542 676 1569 indole
696 1543 804 1570 leonem
834 1552 906 1575 esse,
925 1549 999 1579 ιιι-ί]
1016 1549 1090 1572 stum
1117 1552 1218 1577 corpus
1244 1553 1297 1570 non
1316 1552 1384 1570 mtas
1408 1544 1434 1570 in
1460 1544 1556 1577 epulas
1568 1543 1748 1570 suffecturum
1765 1542 1805 1569 vi—

178 1591 288 1620 tamque
306 1587 394 1614 labem
419 1595 433 1614 e
451 1588 542 1622 pravis
559 1588 619 1622 ejus
647 1589 831 1617 familiaribus
851 1590 965 1617 descen-

176 1630 251 1662 dere,
267 1632 313 1665 qui
332 1631 433 1658 bonum
448 1633 537 1666 ipsum
553 1641 614 1660 esse
630 1635 796 1666 nonsinant,
815 1636 964 1669 proritent-

177 1685 231 1710 que
243 1678 419 1705 i‘oracitatetu
434 1679 502 1706 nihil
515 1687 564 1713 per
572 1688 600 1707 sc
613 1681 664 1707 tale
675 1681 824 1715 cogitaturi
835 1682 861 1708 in
870 1690 966 1709 excar-

179 1723 365 1750 lt-licalioncm
382 1725 545 1756 insontium,
559 1727 641 1760 quale
665 1735 772 1761 passam
789 1728 857 1754 alias
875 1735 966 1755 came-

178 1770 234 1795 lum
252 1770 362 1796 tuemiui
378 1770 472 1797 fraude
484 1771 702 1805 eouspirautium
718 1773 868 1799 bestiarum
882 1774 964 1800 trium

179 1816 247 1849 lupi,
264 1817 339 1842 corvi
356 1821 385 1842 et
401 1816 482 1842 thois.
504 1817 645 1851 Regnabat
663 1818 706 1844 [eo
722 1818 833 1852 quidam
851 1820 876 1845 in
898 1819 965 1846 silva

179 1862 227 1887 \ire
250 1861 365 1895 publica:
379 1861 506 1893 ﬁnitima,
532 1863 683 1890 familiares
709 1864 814 1891 habens
840 1865 967 1892 subditos

180 1912 235 1933 tres
255 1914 323 1941 qttos
340 1908 742 1942 metuoravi,lupum,corvuni
753 1915 780 1937 et
799 1911 905 1942 thoein,
920 1920 966 1946 ap-

180 1954 268 1988 prime
288 1954 360 1981 inter
375 1962 404 1981 se
420 1955 583 1981 concordes.
602 1955 764 1983 Pertransiit
786 1966 839 1992 qua
854 1957 911 1984 dixi
925 1959 967 1985 via

179 1999 327 2026 comitatus
343 2005 539 2032 ntercatorum,
559 2001 701 2028 mandram
719 2011 801 2038 agens
814 2005 965 2036 ingentem,

179 2053 213 2072 ex
234 2053 287 2080 qua
315 2047 436 2072 camelus
462 2054 514 2073 una
540 2047 712 2074 inobservata
733 2057 762 2076 se
787 2050 964 2079 subtrahens.

179 2093 206 2119 in
224 2100 321 2119 nemus
336 2101 365 2119 se
381 2093 506 2125 abdidit;
519 2094 608 2128 etiam
623 2094 656 2120 ab
671 2094 781 2121 herniae
795 2095 907 2122 domino
923 2104 966 2123 se.

179 2146 256 2168 cura.
270 2139 431 2174 prmoptavit
449 2140 596 2174 imperium
613 2142 775 2175 congeneris
787 2142 839 2169 sibi
858 2142 965 2174 bellum,

179 2185 343 2219 leonemque
369 2185 407 2212 ibi
434 2186 623 2214 dominantem
645 2188 825 2220 conveniens,
849 2189 887 2215 illi
904 2197 966 2223 pcr-

1017 1592 1142 1618 tleretur.
1165 1590 1240 1618 Thus
1265 1595 1355 1616 tamen
1373 1597 1404 1617 ea
1429 1590 1598 1616 disserentes
1628 1589 1804 1618 admonebat.

1019 1636 1092 1662 haud
1110 1643 1139 1663 se
1159 1643 1269 1670 sperare
1287 1643 1463 1662 assensurum
1489 1636 1514 1662 ei
1539 1635 1655 1662 consilio
1682 1636 1802 1665 leonem,

1019 1681 1116 1715 utique
1144 1689 1292 1707 memorem
1311 1681 1373 1706 fidei
1399 1682 1479 1711 data),
1507 1689 1558 1707 nec
1585 1685 1665 1707 antea
1690 1681 1802 1707 solitum

1018 1726 1158 1760 supplices
1187 1726 1213 1752 iu
1240 1726 1394 1752 clientelam
1414 1726 1550 1752 admissos
1571 1725 1698 1760 prodere.
1715 1725 1806 1756 Nego-

1020 1772 1086 1798 tiutu
1101 1771 1153 1798 sibi
1169 1776 1260 1798 tamen
1275 1779 1375 1797 corvus
1386 1772 1503 1805 sumpsit
1521 1771 1559 1797 rei
1576 1771 1726 1801 tentandie,
1739 1778 1806 1797 cott-

1018 1817 1153 1852 tinuoque
1181 1818 1289 1844 leonem
1307 1817 1414 1848 adiens,
1440 1817 1629 1851 interrogatus
1652 1816 1686 1843 ab
1703 1824 1736 1842 eo
1752 1822 1804 1845 est.

1018 1863 1118 1898 ecquid
1137 1863 1231 1890 auxilii
1249 1863 1464 1897 capedivisseut,
1479 1868 1509 1890 et
1525 1871 1559 1888 an
1575 1863 1671 1889 saltem
1689 1861 1747 1895 spei
1763 1869 1804 1887 ra-

1019 1911 1081 1937 dius
1096 1909 1240 1944 aﬂ‘ulgeret
1256 1909 1393 1936 alicunde.
1410 1909 1460 1936 Cui
1478 1917 1599 1936 corvus:
1613 1908 1678 1942 Spei
1696 1907 1804 1934 radium

1019 1963 1166 1988 memoras,
1185 1955 1308 1988 domine,
1323 1955 1412 1990 qualis
1435 1956 1477 1983 vel
1502 1956 1525 1982 si
1551 1955 1686 1990 benignus
1702 1954 1790 1980 alluce

1022 2007 1073 2034 ret,
1087 2003 1182 2029 videre
1195 2007 1286 2029 tamen
1303 2003 1484 2037 nequiremus
1497 2009 1549 2029 nos
1565 2001 1688 2036 quidem,
1702 2000 1806 2035 quibus

1019 2048 1099 2082 longa
1128 2047 1219 2074 inedia
1244 2054 1375 2073 sensuum
1392 2047 1480 2073 ollieia
1506 2046 1637 2076 turbavit,
1659 2053 1691 2073 ac
1716 2045 1804 2072 visum

1018 2094 1170 2129 prasertim
1183 2094 1302 2127 eripuit:
1319 2093 1441 2129 suppetit
1459 2097 1550 2120 tatnen
1561 2092 1594 2119 ad
1609 2099 1718 2119 manum
1732 2091 1804 2118 unde

1018 2141 1133 2173 spiritus
1144 2140 1277 2174 recipere,
1293 2139 1434 2174 aciemque
1444 2138 1559 2165 defectis
1569 2139 1624 2173 jam
1638 2137 1724 2164 ferme
1739 2145 1806 2164 ocu-

1019 2187 1055 2213 lis
1072 2187 1217 2213 restituere
1247 2185 1392 2219 pristinam
1419 2184 1566 2219 possimus.
1584 2183 1714 2211 Versatur
1735 2183 1807 2209 inter

180 2230 299 2257 libenter
311 2231 467 2258 admittenti
483 2237 655 2259 sacramento
672 2233 964 2268 addixitobscquium.
985 2229 1005 2256 Ι)
1020 2239 1070 2259 nos
1091 2232 1199 2266 pinguis
1220 2235 1247 2258 et
1269 2231 1343 2258 iners
1372 2238 1425 2257 non
1456 2230 1546 2256 nostri
1572 2230 1682 2265 generis
1707 2229 1806 2261 bestia:

179 2276 250 2308 Quid
264 2276 383 2310 quartis?
399 2277 549 2303 Videbatur
563 2277 616 2304 sibi
634 2278 730 2304 beata:
750 2286 832 2304 nemo
845 2283 904 2305 erat
919 2279 966 2313 qui

180 2329 251 2347 onus
266 2321 431 2354 imponeret.
446 2321 516 2348 viam
533 2322 700 2358 iniungeret,
720 2323 812 2358 plagas
826 2324 904 2350 fessa:
919 2323 969 2350 ad-

180 2367 267 2396 deret,
285 2371 312 2393 et
340 2367 384 2393 leo
412 2367 523 2402 quoties
545 2375 706 2396 occurrerat
727 2370 864 2401 arridens,
895 2370 967 2397 bono

179 2419 240 2438 esse
255 2412 348 2439 animo
375 2412 499 2446 iubebat,
517 2413 586 2440 nihil
615 2413 690 2440 aliud
707 2419 853 2441 curantem
883 2423 966 2449 quam

177 2457 300 2491 jucunde
316 2457 400 2492 pasci.
415 2457 516 2485 Verum
532 2458 578 2485 die
603 2459 720 2493 quadam
739 2467 866 2494 egressus
886 2468 968 2487 vena-

181 2507 237 2528 torii
252 2502 293 2529 leo
306 2503 383 2530 malis
395 2503 504 2536 avibus,
517 2503 635 2531 incurrit
648 2505 675 2531 in
687 2505 872 2539 elephantem,
883 2514 966 2541 quem

179 2549 316 2575 lacessere
330 2556 424 2581 ausus,
438 2549 509 2576 male
527 2557 542 2576 a
567 2549 676 2577 fortiori
695 2550 855 2583 mulctatus,
870 2552 969 2579 vulne-

181 2595 313 2629 ribusque
336 2594 436 2622 debilis
447 2604 517 2630 mgre
531 2603 561 2623 se
582 2596 688 2631 recepit
711 2597 737 2624 in
751 2604 863 2631 specum
875 2606 964 2625 suam.

179 2641 219 2668 lbi
235 2641 306 2668 lenta
319 2646 346 2668 et
361 2649 456 2676 parum
469 2642 631 2676 proliciente
643 2644 787 2671 curatione
799 2644 967 2672 decumbere

180 2692 302 2718 coactus,
319 2688 389 2714 fame
398 2688 483 2722 cmpit
494 2688 658 2721 conﬂictari,
674 2697 724 2716 nec
735 2690 851 2723 viribus,
865 2691 966 2726 quippe

180 2733 295 2760 defectis
312 2741 409 2768 magna
425 2734 503 2769 copia
516 2734 659 2769 sanguinis
675 2735 788 2767 amissa,
800 2743 849 2763 nec
860 2737 965 2770 prteda-

181 2785 241 2804 tum
261 2779 453 2806 instrumentis
468 2779 596 2812 artubus,
613 2780 677 2807 hinc
692 2780 804 2811 luxatis,
822 2781 887 2809 itide
899 2789 965 2808 con-

180 2824 287 2855 tractis,
302 2825 420 2858 amplius
434 2825 490 2860 jam
505 2826 598 2853 valens
614 2827 816 2861 quotidianam,
840 2832 871 2854 ut
886 2833 965 2856 antea

180 2874 241 2896 erat
259 2870 367 2898 solitus.
385 2872 508 2902 saginam
523 2872 575 2900 sibi
594 2880 701 2908 parare.
729 2873 800 2908 Ergo
815 2882 967 2903 conversus

1019 2282 1133 2312 paratus
1162 2278 1203 2304 vel
1232 2277 1258 2304 in
1277 2277 1398 2304 triduum
1415 2276 1505 2306 cibus.
1531 2277 1554 2304 si
1581 2276 1804 2312 jugularijuhes.

1020 2323 1228 2351 Exhorrescens
1248 2323 1281 2350 ad
1300 2324 1468 2350 mentionem
1485 2322 1599 2350 sceleris
1625 2322 1679 2354 leo,
1704 2322 1806 2357 Apage,

1021 2371 1121 2405 inquit,
1136 2370 1289 2398 remedium
1308 2371 1380 2398 malo
1398 2371 1489 2405 pejus.
1517 2370 1608 2405 Egone
1627 2369 1671 2403 jus
1695 2369 1805 2403 hospitii

1019 2421 1046 2444 et
1060 2417 1145 2452 jurati
1175 2417 1287 2444 hederis
1306 2417 1465 2451 religionem
1485 2416 1615 2451 polluam,
1642 2423 1675 2442 eo
1704 2415 1807 2442 interli-

1020 2463 1119 2490 ciendo
1132 2463 1179 2498 qui
1202 2463 1254 2490 sub
1279 2463 1332 2490 mei
1354 2463 1501 2498 patrocinii
1519 2463 1632 2489 tutelam
1650 2462 1722 2489 ultro
1740 2469 1807 2488 con~

1019 2509 1101 2544 fugit,
1119 2510 1172 2537 tidc
1191 2509 1350 2537 securitatis
1376 2509 1511 2544 accepta?
1525 2509 1566 2536 Ad
1585 2509 1643 2536 haec
1668 2508 1806 2535 malitiose

1018 2556 1290 2584 corvuszcenerose
1305 2561 1388 2590 atque
1404 2560 1432 2582 ut
1448 2560 1473 2582 te
1487 2555 1600 2590 dignum
1615 2560 1657 2582 est
1670 2554 1804 2588 loqueris;

1019 2605 1122 2631 tamen,
1135 2601 1256 2629 domine.
1270 2601 1352 2628 etiam
1364 2601 1435 2627 inter
1447 2600 1670 2635 religiosissimos
1680 2607 1805 2635 quosque

1019 2647 1048 2674 in
1064 2648 1191 2674 confesso
1217 2655 1278 2675 esse
1299 2647 1383 2674 audio
1408 2647 1449 2674 fas
1472 2655 1533 2674 esse
1553 2647 1635 2674 unius
1655 2646 1753 2681 capitis
1766 2647 1807 2680 ja-

1019 2697 1098 2720 ctura
1118 2693 1216 2720 redimi
1232 2694 1348 2721 salutem
1363 2693 1460 2720 domus
1475 2694 1600 2728 integrae,
1615 2701 1713 2720 rursus
1730 2697 1806 2720 recte

1019 2739 1132 2765 domum
1159 2747 1241 2766 unam
1266 2747 1316 2774 pro
1343 2739 1533 2766 incolumitate
1564 2739 1640 2766 urhis
1657 2739 1742 2766 totius
1757 2739 1805 2765 de-

1018 2785 1100 2816 strui,
1119 2784 1259 2812 civitatem
1270 2792 1381 2819 quoque
1394 2793 1475 2812 unant
1496 2785 1638 2812 servanda:
1655 2785 1804 2819 provincia:

1017 2831 1092 2866 justc
1111 2830 1247 2865 impendi;
1268 2830 1388 2864 deniqtte
1410 2830 1456 2857 ubi
1474 2830 1549 2865 regni
1578 2830 1722 2865 imperiive
1743 2830 1827 2873 ιιιιὶ-⁸

1018 2875 1091 2906 versi
1108 2875 1148 2905 sic
1182 2875 1304 2904 rationes
1322 2881 1450 2912 poscunt,
1475 2875 1535 2904 sine
1559 2875 1676 2904 crimine
1691 2876 1806 2911 provin-
