1913 3068
104 130 168 162 1271

819 132 1024 164 APPENDIX.

1651 135 1726 168 1272

105 189 176 216 ciam
190 188 310 224 aliquam
328 190 427 225 praedis
443 190 590 218 hostilibus
603 191 714 225 exponi.
734 190 772 218 lta
786 197 884 224 nempe
900 192 921 220 Α
971 191 1053 219 XXII.
1079 192 1116 219 Ad
1131 200 1163 220 ea
1180 193 1219 220 sic
1237 196 1333 220 contra
1352 191 1493 226 ingressus
1508 190 1654 220 vaferrime
1671 193 1725 220 Ve-

105 236 208 263 est:in
225 243 396 263 summorum
421 237 612 264 discriminum
641 237 766 264 articulis
789 237 888 264 conni-

105 286 171 308 vent
184 281 324 310 interdum
342 283 432 317 leges;
450 287 497 309 aut
516 283 619 317 potius,
647 283 794 310 silentibus
808 287 889 310 caete-

106 327 156 359 ris,
173 331 226 355 una
252 329 359 356 cttnctis
383 329 533 363 praevalens
558 330 674 364 imperat
695 337 822 364 suprema
845 329 888 356 lex

107 373 216 402 invictae
230 376 423 408 necessitatis;
439 376 528 411 qualis
556 376 613 403 haec
637 381 678 404 est
699 383 758 410 quae
778 383 828 402 nos
842 375 890 401 ho-

108 420 152 446 die
169 420 294 447 faucibus
311 425 384 447 arcte
401 422 559 448 constrictis
582 422 675 451 trahit.
697 421 792 455 utique
811 419 891 446 mori-

108 469 198 497 turos,
213 466 236 493 si
250 474 264 492 a
281 472 375 500 parato
396 466 477 493 famis
496 472 627 494 extrema:
644 466 742 494 solatio
758 465 892 500 supersti—

108 511 186 537 tiosis
202 511 372 545 respectibus
390 520 529 540 arcemur.
546 512 594 540 His
610 512 692 539 dictis
711 512 844 539 revolavit
857 511 891 538 ad

108 554 198 582 socios
222 563 333 587 corvus,
359 560 386 583 et
406 557 472 591 quid
499 556 686 591 respondisset
715 556 757 582 leo
785 555 889 582 retulit.

109 599 187 627 Tunc
205 600 231 628 hi
251 605 307 628 tres
325 601 396 629 hanc
424 602 610 629 communiter
629 601 753 628 fraudem
772 600 891 627 adorna-

110 650 183 678 runt,
202 654 255 681 qua
272 647 407 674 camelum
428 648 542 674 nimium
561 647 712 682 simplicem
733 645 890 680 perderent.

112 691 297 721 Decreverunt
313 693 389 720 adire
406 693 486 720 simul
510 701 572 720 cum
589 700 620 720 ea
642 693 760 720 leonem.
777 691 891 718 offerre-

112 744 166 770 que
185 744 213 764 se
237 737 276 764 illi
299 737 457 772 singillatim
474 738 502 764 in
524 739 627 765 cibum.
648 737 748 764 Verum
765 736 802 762 ita
820 736 893 762 inter

110 790 158 810 eos
175 789 353 816 convenerat,
370 788 400 811 ut
427 784 505 811 talem
530 783 745 818 propositionem
765 781 894 808 uniuscu-

107 829 207 862 jusque
230 829 325 860 trium,
356 837 410 868 una
438 836 535 856 omnes
562 829 686 864 quaesitis
715 827 894 863 praetextibus

111 875 272 908 refutarcnt,
289 877 315 903 in
334 877 414 904 unius
428 877 525 904 cameli
538 877 706 904 oblationem
721 876 780 903 sine
813 882 894 902 exee-
909 861 930 890 Β

111 921 205 953 ptione
224 923 395 949 consensuri.
414 921 520 949 Sistunt
537 930 600 950 ecce
618 923 700 957 igitur
726 929 786 949 sese
800 928 896 948 omnes

110 974 184 1001 δεδι-ο
199 971 226 994 et
249 968 400 996 tabescenti
428 969 498 996 fame
521 969 606 996 leoni.
632 968 670 995 Ac
694 974 794 995 corvus
810 966 893 1001 prior.

110 1013 178 1039 Dum
208 1013 327 1045 domine,
353 1018 380 1041 et
397 1021 451 1049 quo
466 1014 526 1040 loco
546 1013 583 1040 sis
602 1013 692 1042 video.
713 1017 741 1039 et
764 1017 895 1047 quantum

111 1059 164 1086 tibi
185 1059 299 1087 debeam
319 1064 429 1094 reputo,
443 1059 483 1087 sic
498 1064 600 1088 statuo.
618 1059 686 1086 nihil
712 1066 773 1085 esse
792 1057 896 1092 justius

111 1113 192 1140 quam
206 1110 236 1133 ut
250 1111 347 1140 sponte
362 1110 449 1133 morte
464 1113 523 1132 mea
539 1106 623 1132 vitam
639 1109 790 1131 sustentem
805 1108 895 1130 tuam:

111 1159 145 1178 en
165 1151 258 1186 igitur,
275 1157 364 1178 macta
379 1159 422 1178 me
437 1151 474 1178 sis
491 1155 518 1178 et
534 1150 658 1177 comede.
677 1150 725 1176 llic
743 1155 838 1176 omnes
864 1156 896 1174 ex

111 1197 264 1230 composito
288 1197 449 1228 reclamant.
465 1197 542 1223 Mitte
556 1196 622 1223 istas
645 1202 742 1229 nugas,
759 1198 787 1220 tu
806 1194 897 1220 minu-

113 1249 169 1269 tum
181 1250 212 1269 es
222 1243 333 1273 animal.
349 1243 395 1270 vix
405 1243 432 1269 in
445 1242 596 1269 bueccllam
610 1249 691 1268 unam
703 1240 895 1268 suffecturum.

112 1287 177 1315 lude
195 1288 257 1316 tltos
280 1296 427 1323 assurgens
444 1297 450 1315 :
469 1288 509 1314 Me
525 1287 627 1322 potius,
643 1287 764 1316 domine,
782 1285 897 1312 devores

112 1342 223 1367 censeo;
250 1342 314 1361 nam
329 1335 357 1361 in
382 1335 464 1361 unius
493 1333 588 1360 saltem
614 1332 669 1360 diei
698 1337 805 1366 pastum
830 1331 897 1357 satis

113 1381 182 1407 mihi
198 1380 299 1407 habere
313 1380 439 1407 carnium
452 1379 556 1406 videor.
573 1378 612 1406 Ibi
625 1386 726 1405 corvus
736 1379 822 1405 \‘iCClIl
837 1377 897 1404 red—

114 1426 193 1457 dens,
218 1426 408 1453 conclamante
428 1425 499 1452 idem
521 1425 585 1459 lupo
599 1434 605 1452 :
621 1424 730 1456 Desine,
756 1424 896 1458 inquiunt,

113 1477 140 1498 et
162 1476 190 1498 tu
214 1470 351 1503 delirare;
370 1477 467 1498 carnes
486 1470 572 1496 habes
597 1469 724 1500 fetentes.
747 1476 798 1495 nec
821 1474 898 1503 aptas

940 239 1055 273 stigator
1069 244 1121 271 est,
1144 239 1286 273 implicare
1310 239 1440 266 miserum
1461 243 1568 265 taurunt
1582 238 1642 266 suis
1654 239 1726 270 arti-

940 283 1010 311 ﬁciis
1024 292 1150 319 pergens,
1164 288 1193 311 et
1210 284 1249 310 sic
1270 291 1333 310 eum
1350 283 1376 310 in
1390 283 1504 311 exitium
1530 283 1657 311 trudere:
1672 283 1727 311 Ca-

939 329 1060 356 vcndum
1086 329 1213 364 equidem
1243 328 1398 355 censuerim
1428 328 1488 355 viro
1521 328 1667 361 prudenti,
1691 335 1726 355 ne

941 379 1043 401 temere
1059 382 1088 402 se
1115 374 1242 409 projieiat
1257 375 1284 401 in
1302 375 1388 401 aleam
1405 374 1533 408 ancipitis
1546 377 1572 400 et
1586 373 1661 400 exitu
1679 381 1727 408 pe-

942 419 1051 446 riculosi
1065 419 1178 454 negotii;
1191 419 1314 454 adeoque
1326 418 1521 453 sapientissimi
1546 418 1728 445 consentiunt

944 466 1086 493 tentandas
1097 473 1193 493 omnes
1208 465 1416 500 compositionis
1430 465 1500 497 vias,
1515 464 1676 498 priusquam
1691 463 1727 490 ad

942 510 996 537 vim
1017 511 1174 545 bellumque
1201 511 1340 542 veniatur,
1363 511 1447 537 etiam
1474 518 1536 537 cum
1564 510 1729 537 adversario

943 554 1052 582 infirmo
1068 555 1140 591 (nam
1158 556 1250 583 varius
1268 555 1339 583 Mars
1357 555 1536 590 ambiguique
1556 554 1727 588 successus).

943 607 1047 638 quanto
1064 603 1150 637 magis
1168 602 1190 628 si
1211 602 1375 636 praevalidus
1392 601 1413 628 is
1428 601 1523 631 fuerit,
1537 607 1565 628 et
1589 609 1651 627 cum
1665 601 1728 634 opi-

944 649 995 675 bus
1019 649 1135 676 vallatus
1161 648 1371 683 praepotentium
1397 648 1558 680 multorum,
1584 652 1641 674 tum
1667 646 1729 680 ipse

944 701 992 728 per
1011 701 1070 721 sese
1098 701 1163 721 acer
1178 701 1209 720 ac
1225 694 1319 720 solers.
1347 694 1436 726 Quare
1452 693 1474 720 si
1491 700 1534 720 me
1552 692 1663 726 dignum
1679 691 1726 717 du-

945 740 984 766 cis
998 740 1076 774 cujus
1089 740 1213 767 consiliis
1235 739 1341 766 deferas
1360 738 1513 773 quidpiam,
1528 742 1642 772 propter
1662 736 1732 763 satis

946 789 1096 819 spectatam
1112 784 1192 812 fidem
1211 785 1238 812 in
1269 790 1293 812 te
1309 793 1407 816 meam,
1428 786 1620 818 sinceramque
1641 783 1726 810 chari-

947 837 1038 862 tatem.
1059 832 1134 864 audi,
1150 833 1275 862 obsecro,
1297 839 1350 863 me,
1376 839 1410 858 nc
1428 830 1451 858 si
1471 830 1552 857 amici
1576 829 1732 864 suggestio-

948 886 998 905 nes
1014 878 1095 905 utiles
1115 878 1256 913 rejcceris,
1274 877 1347 904 idem
1365 877 1516 911 experiaris
1534 875 1608 910 quod
1621 875 1732 915 alcyon,

947 925 990 951 cui
1007 932 1062 951 non
1077 924 1278 958 obtemperanti
1296 922 1370 949 sanis
1393 922 1516 954 monitis,
1532 921 1628 948 Nereis
1640 920 1734 947 furata

948 971 1037 1005 pullos
1053 975 1106 1001 est,
1129 970 1181 997 etsi
1199 976 1247 996 eos
1263 968 1360 995 eadem
1385 973 1490 1001 postea,
1507 966 1671 993 intentatam
1697 966 1734 992 ab

947 1022 980 1041 eo
997 1015 1050 1042 vim
1071 1014 1169 1047 verita,
1190 1013 1352 1042 restituerit.
1383 1012 1527 1040 llabitabat
1553 1012 1581 1038 in
1611 1011 1734 1045 quodam

947 1062 1041 1088 littore
1057 1061 1114 1087 avis
1136 1060 1247 1088 nomine
1267 1059 1374 1094 alcyon,
1387 1066 1448 1086 cum
1463 1058 1587 1093 conjuge,
1605 1064 1666 1091 qua:
1677 1056 1734 1091 jam

948 1109 1037 1144 partui
1058 1109 1157 1140 vicina,
1185 1108 1244 1134 viro
1264 1107 1350 1134 dixit:
1369 1106 1465 1139 Quazre
1488 1105 1526 1132 sis
1544 1105 1633 1132 locum
1649 1103 1732 1130 sedu-

948 1159 1022 1182 ctum
1037 1163 1069 1182 ac
1088 1155 1224 1181 munitum
1253 1153 1298 1180 ubi
1319 1153 1408 1188 pullos
1422 1150 1620 1181 excludamus;
1638 1153 1734 1176 metuo

949 1203 1020 1230 enim
1039 1211 1084 1235 ne,
1106 1203 1305 1230 intumescente
1319 1200 1397 1228 statis
1414 1199 1524 1227 aestibus
1545 1198 1624 1228 mari,
1641 1198 1735 1224 veniat

949 1250 1002 1276 huc
1016 1248 1111 1276 Nereis
1133 1252 1161 1274 et
1179 1247 1267 1282 pullos
1295 1251 1404 1273 nostros
1429 1244 1557 1278 abripiat.
1581 1240 1734 1276 Respondit

949 1297 973 1323 ei
991 1296 1051 1322 vir:
1069 1295 1129 1327 Abi,
1148 1293 1333 1323 formidolosa,
1353 1291 1476 1318 umbram
1505 1290 1603 1320 times;
1617 1287 1734 1322 periculi

950 1342 995 1369 hic
1010 1341 1121 1375 quidem
1138 1340 1207 1367 nihil
1223 1343 1274 1370 est,
1299 1337 1414 1365 exclude
1433 1337 1523 1371 pullos
1539 1342 1646 1361 secura.
1666 1333 1734 1360 Her-

950 1388 1044 1415 bosam
1063 1391 1090 1413 et
1106 1386 1237 1420 irriguam
1258 1385 1390 1412 habemus
1412 1383 1575 1410 stationem:
1594 1380 1638 1407 ubi
1655 1387 1733 1406 com-

951 1433 1072 1462 modius.
1091 1430 1305 1466 ubijucundius
1329 1427 1551 1456 diversabimur?
1572 1425 1621 1453 Cui
1642 1432 1733 1451 uxor:

952 1479 1088 1506 Denuntio
1105 1478 1204 1505 iterum
1220 1476 1282 1507 tibi.
1298 1475 1436 1503 obnoxius
1452 1472 1578 1502 Nereidis
1595 1471 1676 1498 furtis
1688 1470 1735 1497 hic

115 1518 147 1543 ad
167 1517 270 1543 cibum.
291 1517 330 1543 Me
348 1516 449 1551 potius,
468 1516 507 1543 ait
520 1516 600 1550 lupus
615 1523 767 1542 conversus
792 1514 825 1541 ad
841 1514 898 1540 lt'O-
913 1527 934 1555 ο
952 1527 1028 1552 locus
1043 1529 1103 1557 es”
1125 1523 1263 1559 fug-lamus
1283 1526 1346 1549 ante
1371 1521 1522 1548 damnum:
1542 1526 1604 1546 sero
1625 1517 1671 1544 ίοιί
1688 1524 1735 1544 εει.

115 1571 189 1593 nem.
208 1563 329 1593 domine,
347 1562 479 1594 comede;
497 1562 569 1589 haud
590 1561 672 1595 paulo
697 1561 759 1595 plus
774 1568 854 1595 quam
870 1560 898 1587 hi

116 1609 233 1636 idoneus
252 1609 285 1635 ad
313 1608 339 1634 id
359 1615 431 1640 sum,
458 1615 508 1635 nec
536 1607 628 1634 minus
654 1614 737 1641 quam
754 1606 900 1640 quisquam

115 1661 238 1691 paratus,
266 1655 314 1690 qui
343 1660 415 1682 tuam
441 1662 551 1689 semper
574 1653 790 1681 incolumitatem
813 1656 841 1679 et
859 1651 901 1678 di-

115 1703 248 1737 gnitatem
263 1706 327 1728 ante
342 1701 432 1728 omnia
447 1700 598 1735 posuerim.
620 1698 670 1726 Hic
692 1698 846 1725 coorieutes
862 1698 901 1724 si-

118 1748 175 1776 mul
194 1748 257 1775 thos
269 1752 298 1774 ct
313 1754 424 1779 corvus,
437 1746 501 1779 Qui,
518 1746 607 1777 aiurtt,
631 1744 794 1779 strangulari
810 1751 901 1770 come-

118 1795 209 1822 dcndo
234 1794 302 1827 vult,
327 1794 420 1828 lupunt
446 1792 614 1824 manducet;
641 1799 724 1826 rapax
741 1796 782 1818 est
799 1791 902 1821 bellua,

116 1843 197 1877 cujus
213 1841 296 1869 etiam
315 1845 396 1867 secta:
424 1840 451 1866 in
473 1839 559 1866 frusta
582 1845 679 1865 carnes
693 1843 721 1864 et
735 1841 830 1872 guttur
841 1838 902 1872 ειυ-

118 1888 212 1916 tientis
223 1893 250 1914 et
262 1887 367 1914 viscera
390 1886 590 1920 discerperent.
605 1883 684 1911 Absit
699 1884 750 1910 hoc
763 1890 777 1910 a
791 1883 903 1910 domino

117 1935 197 1961 leone
215 1934 221 1960 l
238 1941 293 1960 non
318 1933 438 1967 patimur
455 1932 506 1966 ipsi
523 1931 622 1966 apponi
649 1938 755 1958 veneno
782 1932 902 1966 pejorcm

117 1988 219 2007 eseam.
237 1979 259 2006 Ο
272 1979 366 2005 unium
384 1983 449 2004 tunc
465 1977 537 2004 oeuli
561 1977 743 2004 eonvolarunt
771 1977 798 2003 in
815 1984 904 2004 cante-

118 2028 186 2058 lum,
203 2034 264 2060 qua:
283 2025 383 2052 misera
401 2033 436 2052 ne
454 2023 543 2051 cilicio
562 2031 615 2050 una
637 2022 733 2051 deesse
749 2023 902 2054 videretur,

118 2071 260 2101 conlidens
279 2077 367 2098 tamen
386 2076 413 2104 et
427 2072 484 2106 ipsa
499 2077 700 2106 repugnaturos
723 2069 834 2105 proposi
850 2070 904 2097 ioni

118 2124 244 2151 caeteros,
269 2119 308 2145 En
328 2126 382 2149 me,
402 2118 501 2152 inquit,
518 2117 628 2144 domine
654 2117 707 2148 leo,
726 2116 838 2144 comede
856 2116 903 2147 sis,

119 2175 181 2192 natu
206 2166 347 2197 carnibus,
373 2169 401 2191 et
419 2165 452 2191 iis
480 2164 507 2191 ni
529 2163 607 2190 fallor
623 2163 764 2193 suavibus,
782 2162 903 2189 abundo.

119 2213 332 2240 (lonclamarunt
359 2211 451 2239 statim
481 2219 598 2238 omnes:
625 2210 733 2245 Optime
749 2210 828 2243 dicis,
857 2216 888 2236 ca

122 2259 202 2290 mele.
230 2265 263 2286 ac
292 2258 335 2284 vix
352 2260 511 2291 exspectato
538 2256 626 2283 leonis
643 2261 725 2286 nutu,
755 2255 906 2290 jugulatam

122 2306 314 2333 deartuarunt.
325 2304 428 2332 Vereor
439 2308 467 2330 et
480 2310 531 2338 ego
546 2310 580 2329 ne
594 2302 617 2329 si
631 2309 707 2337 agam
720 2301 849 2334 molliter,
867 2301 905 2328 si-

120 2352 194 2379 milia
212 2342 310 2386 pa'tiar.
325 2350 383 2377 Non
396 2357 460 2384 ergo
473 2357 515 2376 me
539 2348 709 2376 committant
721 2347 830 2374 insidiis
845 2347 908 2373 isto-

122 2407 192 2431 rum,
219 2402 267 2425 aut
291 2397 415 2424 subdolis
441 2395 650 2431 parasitantium
677 2394 750 2422 leoni
782 2393 907 2421 artificiis

121 2446 211 2472 locutu
244 2444 375 2475 tribuam,
411 2443 507 2476 ignava
549 2441 722 2475 obnoxiaque
761 2440 905 2476 patientia.

123 2490 214 2516 Lentae
233 2489 344 2520 fraudes
371 2487 520 2522 aliquando
538 2487 624 2514 robur
644 2494 772 2520 magnum
789 2485 906 2518 elidunt,

122 2542 205 2571 prout
219 2536 309 2567 aiunt,
338 2535 395 2570 pati
419 2538 525 2569 petram
542 2541 557 2560 a
578 2533 659 2560 stillis
678 2533 780 2568 iugiter
795 2532 908 2560 illaben-

123 2583 205 2609 tibus.
220 2581 367 2616 Expediam
383 2588 499 2614 quarum
513 2579 580 2606 mihi
593 2587 654 2606 sum
669 2579 809 2610 conscius,
826 2578 906 2610 vires,

121 2635 150 2656 et
177 2637 220 2655 me
251 2628 284 2654 ad
311 2627 399 2661 palam
425 2626 616 2653 reluctandum
644 2625 767 2652 armabo.
796 2625 906 2652 Nullum

122 2674 289 2702 laudabilius
319 2680 388 2708 opus
411 2676 453 2699 est
471 2679 553 2706 quam
568 2679 679 2698 servare
705 2671 907 2705 semetipsum;

125 2722 240 2754 plusque
253 2719 389 2746 mercedis
401 2718 439 2745 dii
454 2722 658 2752 proposuerunt
671 2723 754 2751 captlt
766 2718 908 2751 proprium

124 2767 159 2793 ab
176 2771 299 2792 extremo
314 2765 474 2792 discriminc
493 2764 591 2796 tuenti,
617 2771 698 2798 quant
717 2768 764 2790 aut
784 2764 844 2790 dies
861 2771 910 2790 no-

94 2831 108 2846 ,
123 2817 238 2845 t‘tesquc
256 2811 429 2838 orationibus
452 2810 570 2841 vacanti,
584 2814 632 2836 aut
646 2809 820 2836 misericordi
835 2809 909 2844 large

126 2859 306 2890 liilariterque
332 2857 457 2888 donanti,
484 2860 531 2883 aut
559 2857 704 2883 asceticam
731 2855 804 2883 ultro
824 2857 910 2884 susci-

127 2904 214 2942 picnti
230 2907 445 2938 constanterque
466 2903 592 2930 toleranti
611 2902 795 2938 disciplinam.

953 1570 1068 1604 piemus.
1085 1569 1219 1603 chosuit
1234 1567 1347 1602 alcyon:
1372 1566 1455 1597 Tace,
1476 1565 1599 1599 inquam.
1620 1570 1674 1589 non
1687 1570 1737 1589 au—

953 1616 1029 1644 debit
1054 1614 1151 1642 Nereis
1179 1613 1289 1640 irritare
1316 1619 1370 1643 me,
1387 1611 1461 1638 vires
1477 1618 1551 1637 meas
1576 1609 1663 1640 nevit.
1681 1608 1736 1635 sibi

954 1666 1069 1689 metuet.
1083 1661 1104 1689 0
1118 1665 1154 1691 te,
1171 1659 1259 1693 inquit
1272 1666 1351 1688 uxor,
1367 1657 1555 1687 temerarium,
1567 1655 1614 1690 qui
1635 1655 1736 1681 minari

954 1709 1011 1736 deae
1040 1707 1152 1739 audeas.
1185 1705 1281 1732 Metire
1305 1709 1331 1730 te
1359 1708 1405 1730 tuo
1433 1702 1553 1733 modulo,
1568 1706 1738 1736 ctagnoscc,

954 1754 1076 1782 mortalis
1102 1761 1164 1781 cum
1194 1751 1343 1779 immortali
1369 1750 1438 1777 male
1465 1752 1649 1783 comparatum
1675 1754 1738 1773 esse

955 1806 1104 1829 certamen.
1132 1800 1184 1826 Fac
1201 1799 1284 1832 igitur
1299 1797 1371 1832 quod
1399 1795 1482 1828 suasi,
1497 1793 1666 1821 domicilium
1683 1792 1739 1819 alie

956 1846 1092 1877 transfer;
1111 1853 1174 1872 nam
1190 1845 1211 1871 si
1228 1845 1358 1871 eblirmas
1376 1841 1552 1877 pertinaciam
1570 1841 1596 1867 in
1613 1848 1666 1866 non
1688 1840 1740 1866 ob-

955 1893 1097 1927 sequendo
1114 1891 1237 1918 monenti
1255 1895 1341 1920 recta.
1368 1888 1477 1915 eveniet
1496 1888 1567 1914 idem
1593 1886 1642 1913 tibi
1665 1885 1739 1920 quod

956 1940 1098 1968 testudini.
1116 1939 1219 1965 Ferunt
1246 1937 1346 1970 quippe
1364 1935 1391 1961 in
1418 1934 1537 1968 quodam
1567 1932 1640 1959 fonte
1659 1932 1740 1958 habi-

957 1993 1028 2014 tasse
1060 1986 1129 2013 duos
1153 1988 1248 2011 anates
1273 1989 1335 2009 eutn
1364 1987 1417 2008 una
1446 1978 1584 2007 testudine
1603 1997 1609 2004 .
1637 1977 1740 2005 Exare-

957 2036 1049 2061 scente
1068 2035 1158 2058 autem
1179 2037 1227 2064 per
1240 2031 1362 2055 aaslatem
1380 2026 1464 2057 fonte.
1483 2025 1628 2052 consilium
1644 2029 1742 2050 anates

957 2082 1088 2113 ceperunt
1103 2076 1169 2104 alibi
1193 2075 1375 2102 diversorium
1398 2071 1549 2107 querendi.
1563 2071 1596 2098 Ut
1608 2078 1673 2104 ergo
1684 2070 1739 2103 jam

957 2125 1087 2152 collectas
1103 2123 1199 2149 eﬂ'errc
1220 2120 1341 2147 sarcinas
1356 2122 1507 2153 coeperant,
1533 2117 1695 2149 stabantque
1713 2115 1741 2141 in

960 2168 1129 2205 migrationis
1158 2167 1313 2201 procinctu,
1342 2165 1412 2192 dixit
1432 2163 1487 2190 illis
1513 2161 1638 2190 testudo:
1658 2160 1743 2187 Vobis

957 2217 1070 2251 quidem
1096 2214 1190 2241 vivere
1208 2212 1267 2239 sine
1294 2219 1363 2245 aqua
1381 2209 1549 2238 valentibus.
1566 2209 1618 2234 isto
1636 2206 1742 2234 alarum

958 2260 1072 2295 remigio
1097 2258 1184 2291 fretis,
1210 2264 1305 2292 parum
1334 2255 1413 2282 aﬂ'ert
1440 2253 1634 2281 sollicitudinis
1659 2252 1743 2279 fontis

957 2305 1122 2336 exsiccatio;
1136 2304 1203 2331 milti
1218 2305 1326 2329 misera:
1344 2300 1397 2327 n‘on
1414 2300 1566 2331 consulitis,
1581 2299 1625 2325 cui
1640 2303 1667 2324 et
1680 2297 1743 2324 vita:

959 2353 1028 2380 ratio
1043 2359 1074 2379 ac
1092 2357 1155 2385 spes
1172 2349 1260 2376 omnis
1278 2348 1304 2374 in
1325 2354 1395 2381 aqua
1412 2350 1464 2377 est,
1481 2348 1509 2372 et
1535 2344 1612 2371 tarde
1632 2342 1743 2370 mobilis

959 2404 1071 2427 onerata
1088 2396 1158 2423 mole
1173 2402 1244 2425 sum,
1261 2400 1295 2419 ne
1311 2392 1365 2419 alio
1381 2398 1436 2425 quo
1462 2397 1507 2417 res
1533 2389 1620 2422 poscit
1642 2393 1742 2422 queam

960 2453 1001 2472 me
1019 2443 1177 2470 transferre.
1194 2439 1301 2472 Qumso,
1316 2437 1404 2464 tollite
1422 2443 1465 2462 mc
1492 2434 1643 2462 vobiscum.
1668 2437 1695 2459 et
1710 2432 1743 2458 il-

959 2492 1004 2518 luc
1018 2489 1098 2517 simul
1115 2488 1257 2521 deportate
1273 2491 1327 2518 quo
1343 2481 1476 2516 migratis.
1500 2480 1549 2509 Cui
1565 2483 1670 2509 anates.
1686 2476 1743 2504 Nisi

959 2538 1044 2572 juras,
1060 2534 1199 2568 inquiunt,
1212 2531 1302 2562 nobis,
1316 2535 1340 2557 te
1353 2528 1421 2555 nihil
1433 2535 1482 2562 per
1493 2527 1563 2553 viam
1575 2525 1743 2555 locuturam,

961 2569 1015 2609 non
1030 2586 1055 2607 te
1075 2579 1203 2606 tollimus.
1230 2575 1347 2602 Admisit
1373 2572 1562 2600 conditionem
1579 2575 1607 2597 et
1619 2569 1723 2604 juravit
1737 2589 1743 2597 .

962 2634 1078 2661 moxque
1098 2628 1201 2655 anates,
1217 2621 1334 2654 oblongo
1362 2619 1448 2653 tigillo
1469 2623 1596 2650 congrum
1620 2613 1744 2641 latitudi-

961 2676 1004 2702 nis
1019 2660 1123 2708 parato,
1142 2670 1297 2704 impositam
1315 2667 1340 2693 ei
1361 2665 1451 2692 medio
1468 2663 1645 2693 testudinem,
1663 2660 1747 2687 dorso

962 2707 1042 2749 ambo
1059 2719 1187 2750 utrittque
1216 2713 1332 2742 sublatis
1349 2711 1416 2746 tigni
1431 2709 1568 2744 capitibus
1586 2707 1748 2734 extulerunt

962 2766 1112 2793 avolantes.
1130 2762 1262 2792 Viatores,
1280 2757 1359 2785 elatis
1376 2757 1446 2783 forte
1462 2755 1560 2785 oculis,
1580 2753 1627 2780 ubi
1646 2753 1747 2779 mirunt

964 2812 990 2839 id
1009 2808 1195 2844 spectaculum
1223 2805 1360 2835 viderunt,
1390 2802 1546 2836 Prodigium
1559 2801 1566 2827 l
1580 2800 1746 2830 exclamant,

966 2857 1057 2884 videte
1084 2854 1248 2882 testudinem
1280 2851 1352 2878 inter
1385 2849 1454 2876 duos
1473 2852 1568 2874 anates
1595 2846 1745 2873 volantem.

968 2903 1086 2931 (ἰυιὶυιιιςι
1105 2901 1183 2927 turba
1199 2898 1370 2926 curiosorum
1387 2901 1428 2922 est
1441 2894 1594 2928 auditaeque
1612 2900 1669 2919 rem
1688 2899 1748 2918 am-
