1913 3068
165 166 233 198 1973

607 169 799 198 SPECIMILN
829 169 1042 200 SAFIEN'I‘LE
1068 171 1246 201 lNDI’JRUM
1265 174 1347 204 YET.

1720 172 1786 204 l‘Z’lI

164 226 262 252 bitiose
280 223 478 252 celebrantium
504 232 606 258 voces;
627 225 727 260 quibus
745 225 879 252 delectata
904 226 946 252 in—
962 228 984 256 Α
1001 235 1055 253 non
1069 227 1170 261 ignavae
1184 228 1379 263 aleamjacere.
1394 227 1450 255 Hoc
1461 227 1549 262 ipsum
1561 226 1724 254 vaferrimus
1736 227 1787 254 Ve-

163 271 280 304 Ilataque
304 270 424 302 testudo,
457 270 540 297 etiam
566 275 692 297 vectores
716 269 858 304 despicere
885 278 949 297 suos

163 317 247 352 cmpit
262 325 268 348 ;
284 324 316 343 ac
339 317 466 344 titillante
482 317 596 352 gloriola
620 325 675 343 non
692 321 787 344 tenens
808 316 928 350 linguam
942 325 947 342 :

163 362 214 393 En,
231 362 331 397 inquit.
349 363 431 389 etiatn
448 371 507 396 vos,
518 373 533 389 υ
547 363 819 398 anates,supervolo.
842 362 882 389 llli
898 363 949 389 hoc

163 408 257 435 audito
283 408 454 436 excutietttes
479 409 599 443 pondus,
628 409 764 443 periuram
795 409 949 443 prtecipita.

163 457 236 486 rt-nt.
251 461 311 488 quae
325 454 441 481 contrita
455 454 531 488 lapsu
547 455 662 481 interiit.
675 455 748 481 Talis
761 455 839 482 ruina
856 458 949 480 manet

162 507 217 525 IIOII
239 500 405 534 morigerum
422 503 497 526 rccta
516 499 700 526 monentibus.

196 544 291 572 XXIII.
317 545 470 580 Respondit
493 545 607 580 alcyon:
629 545 737 572 Auditis
759 552 819 578 qua:
845 544 947 574 dixisti,

162 595 255 625 persto
274 595 364 618 tamen
385 592 411 618 in
436 591 583 618 sententia.
610 592 662 618 Fac
677 591 749 625 quod
761 591 843 625 jubeo
857 598 863 617 :
877 598 949 624 pane

163 645 224 669 ova,
242 638 357 664 exclude
380 637 479 671 pullos.
503 645 555 664 nec
579 635 846 664 tiuteas'Nercident.
867 636 950 662 Natos

163 690 246 716 porro
257 683 346 717 pullos
357 683 505 709 adveniens
518 683 613 709 Nereis
627 690 687 709 cum
700 683 758 716 ipso
773 682 839 708 nido
856 689 948 709 secum

162 728 273 754 abstulit
284 736 290 758 ς
300 735 355 761 quo
365 727 436 755 facto
449 736 516 754 uxor
526 728 650 763 alcyonis
661 728 693 755 ad
706 728 793 754 virum
804 736 946 756 conversa:

162 774 218 807 Ego
230 773 352 807 quidem,
369 774 417 805 ait,
433 774 485 800 ltoe
500 774 535 800 ita
551 779 580 800 ut
596 774 689 801 evenit
705 774 827 801 futurum
840 779 867 802 et
882 782 950 808 prte-

161 818 285 844 videram
297 822 324 845 et
335 819 523 853 praedixeram.
540 818 592 846 Sed
604 821 687 846 surdo
698 819 796 850 cecini,
812 825 837 846 te
850 820 883 846 ad
896 827 949 846 non

162 863 330 890 credendum
346 863 507 896 obfirmato;
522 872 582 898 qua:
593 872 674 891 causa
692 865 771 891 nobis
787 864 853 890 tanti
868 865 950 898 huius

162 908 255 934 damni
272 908 333 935 fuit.
352 908 401 935 Cui
424 910 538 944 alcyon:
561 909 593 936 Et
605 910 770 943 prtedixeras
797 915 821 936 et
837 909 950 936 audive-

164 961 240 985 ram;
265 954 311 980 sed
338 954 441 981 videris
462 954 547 981 oblita
572 954 638 989 quid
660 960 716 982 tum
739 954 949 989 responderim:

163 1007 256 1025 nonne
272 998 327 1026 dixi
346 999 406 1029 tibi,
425 999 446 1026 si
466 1000 530 1034 quid
548 1000 654 1035 injuria:
670 999 749 1026 nobis
766 999 862 1026 Nereis
879 999 951 1026 face-

162 1049 214 1076 ret,
237 1044 366 1071 daturum
393 1052 436 1072 me
452 1052 563 1079 operam
584 1050 685 1071 utnon
707 1045 792 1072 ferret
814 1044 952 1079 impune?

162 1089 218 1117 lloc
232 1089 303 1124 quod
319 1095 382 1116 tunc
391 1091 503 1124 promisi
515 1090 644 1117 eifectum
657 1090 744 1121 dabo;
759 1098 820 1117 mox
834 1089 950 1117 videbis.

161 1135 198 1161 Ea
210 1135 318 1161 locutus
335 1139 466 1170 cognatos
482 1135 639 1170 amicosque
658 1143 723 1162 SIIOS
744 1136 840 1163 adiens
854 1136 950 1169 singil—

163 1181 250 1211 latim,
269 1188 328 1212 qua:
351 1189 448 1215 passus
471 1185 545 1208 esset
563 1190 577 1208 a
592 1181 710 1209 Nereide
730 1181 874 1213 narravit;
893 1186 950 1207 tttttt

163 1227 218 1253 ait:
235 1226 357 1254 Obsecro
375 1227 553 1261 obtestorque
574 1235 622 1254 vos
639 1235 673 1254 tte
692 1234 734 1254 me
748 1227 889 1258 deseratis,
903 1226 950 1253 sed

163 1273 323 1307 frequentes
339 1273 510 1300 auxiliamini
532 1280 687 1308 pugnaturo
707 1267 803 1300 contra
822 1273 950 1307 injustam

162 1318 353 1352 prredatricem
369 1337 376 1350 ,
395 1322 558 1353 reputantes
576 1322 665 1344 vestra
693 1317 825 1344 interesse
848 1322 876 1344 ttt
892 1317 951 1352 ejus

161 1363 270 1397 generis
288 1363 361 1390 ausis
378 1363 430 1390 cita
450 1364 518 1391 ultio
537 1371 590 1390 non
608 1363 694 1395 desit;
712 1372 773 1390 nam
795 1364 829 1390 ad
851 1371 949 1389 unuur

162 1418 299 1445 quetnque
325 1416 447 1438 vestrum
475 1411 554 1439 facile
581 1411 725 1446 pcrvcnict
749 1412 907 1441 calamitas.
928 1411 950 1438 si

163 1458 220 1483 hate
241 1457 367 1491 exempla
387 1457 519 1484 ittvitantc
542 1457 706 1492 impunitate
730 1457 950 1491 frequententur.

163 1503 375 1538 Responderunt
399 1510 514 1530 omnes:
539 1503 642 1530 Prxsto
667 1511 771 1533 sumus.
797 1511 831 1529 en
857 1502 950 1534 imus,

1001 272 1113 306 stigator
1122 273 1229 307 agebat,
1240 274 1415 308 quantumvis
1423 273 1590 300 contrarium
1600 273 1740 303 simulans,
1757 277 1787 299 ut

1001 321 1109 344 laurum
1121 318 1340 345 insidiosissimis
1351 319 1525 346 sermonibus
1539 318 1566 345 in
1579 318 1679 345 ferocia
1694 317 1787 344 isthaec

1000 370 1066 390 ausa
1083 364 1259 398 propelleret.
1275 364 1344 399 Ergo
1357 370 1476 399 emptum
1491 372 1524 392 ex
1541 370 1605 392 voto
1621 364 1673 390 sibi
1691 363 1788 390 videns

1002 409 1162 440 succedere,
1188 414 1218 436 ttt
1234 410 1366 437 scelerato
1381 410 1603 437 machinamento
1617 409 1787 437 committen~

1000 454 1097 481 dorum
1117 456 1277 482 aemulorum
1294 464 1405 482 ntanutn
1425 456 1547 483 ultimam
1564 457 1719 490 inponeret,
1738 455 1787 482 de»

1001 500 1129 527 claranda
1148 502 1251 535 putavit
1269 507 1347 528 tauro
1365 503 1440 537 signa
1456 510 1518 537 quae
1535 502 1562 528 in
1578 502 1742 534 lcone,dum
1753 501 1786 528 ad

1001 546 1167 573 meviendum
1176 555 1204 573 sc
1216 547 1342 581 accingit,
1352 548 1438 574 notari
1447 551 1659 577 consueverunt.
1671 547 1742 574 sicut
1754 547 1788 573 t'i-

1001 591 1092 618 cis-sim
1103 598 1180 618 antea
1192 592 1264 618 leoni
1276 597 1440 627 exposuerat
1459 593 1557 620 indicia
1574 593 1681 620 ferocire
1693 593 1719 619 in
1732 593 1786 619 vim

1000 641 1115 664 exs-rma
1129 638 1199 664 tauri
1212 642 1268 664 toto
1277 646 1337 664 mox
1350 644 1448 665 conatu
1469 639 1625 674 pugnaturi;
1637 643 1666 665 ut
1683 647 1744 665 cum
1760 639 1787 665 in

1001 686 1125 707 mutuum
1134 690 1194 708 mox
1203 689 1379 716 conspectum
1389 683 1468 710 ambo
1479 684 1628 710 adversarii
1639 684 1788 716 venissent,

1001 733 1034 751 ex
1050 729 1144 753 mutua
1154 726 1204 753 ista
1221 727 1412 754 observatione
1429 727 1568 762 signorum
1582 727 1786 761 praedictorum.

1001 772 1033 798 ad
1049 772 1172 805 praelium
1195 780 1227 799 ac
1242 773 1343 800 caedem
1367 773 1553 800 irritarentur.
1575 773 1687 800 lnluens
1707 773 1788 808 igitur

1002 821 1109 843 taurum
1123 816 1184 844 ficta
1197 817 1393 844 benevolentia:
1406 818 1508 852 specie,
1518 817 1642 850 Quando.
1652 817 1750 851 ittqttit,
1762 816 1788 843 in

1003 865 1027 889 vi
1047 863 1229 890 dissuadenda
1247 863 1345 890 frustra
1362 871 1432 894 sum,
1445 863 1599 897 ctexperiri
1611 863 1749 890 virestuas
1761 863 1789 889 in

1002 910 1108 935 leonem
1126 909 1344 936 irrevocabilitcr
1360 913 1450 935 certus
1467 916 1507 941 es,
1520 908 1593 943 quod
1603 908 1727 935 ultimum
1742 907 1788 935 tali

1003 961 1124 989 tempore
1137 955 1223 982 ﬁdelis
1238 955 1364 981 amicitia!
1377 954 1495 981 oﬂieium
1510 962 1543 981 ex
1554 962 1597 981 me
1610 955 1658 981 tibi
1672 962 1730 982 esse
1740 961 1789 988 po-

1003 1005 1064 1032 test,
1080 1001 1216 1027 admoneo
1232 1005 1268 1031 te,
1284 1001 1385 1034 quibus
1397 1009 1432 1027 ex
1443 1001 1528 1036 signis
1538 995 1616 1027 certo
1625 1008 1708 1035 queas
1722 1008 1789 1035 prte-

1003 1054 1115 1073 noscerc
1125 1046 1252 1080 ignescet)
1258 1051 1298 1072 tes
1307 1047 1333 1072 itt
1345 1052 1369 1072 te
1379 1046 1466 1073 leonis
1482 1046 1575 1077 furias,
1584 1053 1645 1072 mox
1657 1046 1685 1072 itt
1695 1046 1790 1072 imma-

1003 1093 1132 1119 uissimos
1144 1092 1261 1118 insultus
1274 1097 1430 1126 erupturas.
1446 1092 1494 1119 Ubi
1507 1099 1572 1126 ergo
1586 1091 1673 1118 leonis
1689 1091 1788 1118 effera-

1004 1144 1045 1165 tos
1062 1141 1089 1165 et
1103 1137 1234 1172 sanguine
1246 1138 1365 1165 suffusos
1379 1138 1472 1165 oculos
1485 1137 1597 1170 videris,
1620 1138 1664 1164 ubi
1692 1137 1788 1165 eodem

1003 1189 1126 1218 tempore
1147 1183 1287 1211 notaveris
1304 1175 1490 1218 impatientem
1509 1188 1654 1210 tremorem
1673 1191 1742 1217 aegre
1760 1191 1789 1211 se

1002 1231 1202 1257 continentium
1212 1239 1225 1257 a
1236 1230 1341 1257 ruendo
1349 1234 1469 1270 artuum,
1482 1230 1563 1257 simul
1573 1238 1635 1257 cum
1647 1231 1748 1257 crebro
1761 1235 1789 1257 et

1004 1276 1156 1302 vehementi
1173 1275 1267 1302 cauda:
1284 1280 1356 1308 terga
1372 1275 1534 1309 flagellantis
1548 1281 1634 1307 metu,
1651 1283 1716 1302 cave
1731 1280 1787 1302 tum

1004 1321 1062 1353 tibi,
1090 1326 1116 1348 et
1130 1326 1225 1348 contra
1239 1321 1336 1355 expedi
1362 1326 1491 1356 quantam
1515 1321 1600 1348 habes
1623 1321 1696 1349 vim:
1713 1328 1790 1348 certo

1002 1368 1076 1393 enim
1095 1368 1198 1394 certius
1223 1368 1313 1394 statim
1341 1367 1493 1401 experieris
1510 1367 1674 1394 satvissimos
1699 1368 1785 1402 impe-

1004 1418 1047 1439 tus
1065 1412 1152 1439 ltostis
1177 1412 1379 1443 immanissimi,
1400 1413 1464 1440 totis
1482 1413 1508 1439 in
1534 1417 1559 1440 te
1575 1413 1682 1440 viribus
1701 1413 1788 1441 usuri.

1039 1460 1130 1487 XXtV.
1152 1461 1178 1487 In
1196 1460 1269 1486 hunc
1286 1459 1397 1486 modum
1425 1459 1561 1494 instigatis
1583 1460 1610 1486 itt
1625 1467 1654 1487 se
1672 1460 1789 1487 invicem

1003 1507 1135 1534 scelerato
1151 1506 1331 1540 Vestigatorts
1354 1505 1471 1532 artiﬁcio
1495 1505 1574 1532 leone
1590 1510 1671 1540 atque
1699 1510 1788 1536 tauro,

163 1550 216 1576 duc
227 1557 280 1583 quo
297 1549 347 1575 vis.
361 1549 413 1576 Sed
426 1557 521 1583 parum
536 1557 682 1583 possumus
695 1553 790 1576 contra
806 1547 950 1575 Nereide"!
967 1556 987 1583 (ἶ
1005 1553 1049 1580 hic
1065 1553 1097 1579 ad
1115 1553 1191 1579 illum
1208 1553 1371 1587 ingreditur.
1387 1552 1527 1579 Ambobus
1542 1557 1632 1579 autent
1650 1560 1679 1578 se
1693 1557 1789 1578 mutuo

163 1602 214 1621 suo
231 1595 297 1621 mari
315 1600 417 1622 tutam:
434 1603 484 1622 ncc
497 1603 548 1622 nos
567 1595 693 1630 alcyones
710 1600 815 1622 tantutn
831 1594 884 1625 ala,
905 1602 951 1621 ro-

162 1646 220 1667 stro
244 1645 292 1667 aut
316 1636 454 1674 unguibus
471 1642 613 1671 valemus,
640 1646 669 1667 ut
685 1641 812 1675 persequi
838 1647 898 1667 eam
925 1640 951 1666 itt

163 1695 243 1713 suum
270 1687 378 1722 penitus
408 1695 523 1722 regnum
556 1688 648 1721 ibique
675 1687 768 1714 ulcisci
796 1686 953 1720 possimus.

163 1733 274 1768 Mcrgis,
295 1733 399 1768 cycnis,
419 1738 466 1760 aut
483 1733 566 1760 etiam
584 1733 736 1763 vulturum,
756 1732 910 1766 aquilarum
926 1728 955 1759 et

164 1779 310 1805 milvorum
338 1784 555 1812 ca‘terarumquc
579 1779 721 1805 volucrum
749 1777 952 1808 auxiliaribus,

164 1824 317 1858 isdemque
340 1824 508 1856 numerosis,
534 1831 605 1858 opus
627 1823 659 1849 ad
686 1823 738 1850 hoc
763 1828 836 1850 esset
856 1823 951 1856 copiis.

164 1869 245 1903 Ergo,
264 1868 471 1903 inquitalcyon,
486 1869 578 1895 venite
594 1877 700 1896 utccum
712 1877 818 1901 omnes,
834 1873 861 1894 ct
873 1868 953 1895 simul

163 1922 227 1942 aves
243 1922 369 1949 rogemus
381 1921 415 1941 ne
428 1919 578 1949 graventur
591 1915 686 1942 adesse
704 1915 794 1946 nobis,
809 1915 891 1941 chara
912 1914 954 1948 pi-

162 1967 246 1995 gnora
265 1959 359 1994 inique
382 1965 460 1994 rapta
486 1960 686 1995 repetentibus.
716 1959 773 1987 Una
792 1960 842 1986 fuit
861 1960 953 1986 avium

163 2006 286 2033 omnium
302 2007 460 2040 responsio:
477 2006 619 2034 Faciemus
632 2006 704 2040 quod
718 2006 811 2040 petitis
824 2005 952 2036 libenter,

164 2052 244 2079 modo
261 2052 287 2078 in
304 2052 330 2078 id
354 2060 401 2078 rex
422 2056 516 2078 noster
531 2057 645 2084 annuat;
671 2059 732 2078 natn
755 2051 857 2085 absque
872 2051 953 2085 hujus

163 2103 231 2126 nutu
248 2098 315 2124 niltil
331 2098 381 2124 tale
404 2097 484 2124 nobis
498 2098 562 2124 licet
585 2098 735 2132 suscipere.
757 2097 827 2130 Quid
846 2096 954 2123 multa?

164 2145 289 2170 defertur
304 2151 348 2171 res
361 2144 393 2170 ad
411 2151 503 2178 regem
520 2145 674 2170 volucrum.
694 2143 719 2170 ls
732 2142 871 2176 negotium
887 2149 949 2176 pro-

165 2190 221 2218 bat.
236 2189 338 2216 bcllum
354 2194 410 2216 toto
425 2190 495 2217 ccelo
510 2190 536 2216 itt
551 2190 696 2216 Nereidcm
712 2188 809 2215 indicit
824 2195 856 2214 ac
870 2195 952 2221 expc-

1005 1599 1185 1630 it;tncntibus,
1201 1606 1231 1625 ac
1247 1600 1323 1625 lenite
1343 1598 1454 1632 quidem
1472 1602 1585 1625 notante
1609 1599 1635 1624 in
1651 1603 1730 1624 tauro
1752 1598 1789 1624 si—

1004 1653 1054 1680 gna
1073 1644 1279 1671 etrervescentis
1300 1644 1326 1670 in
1342 1644 1396 1670 vim
1413 1644 1460 1670 ira:
1477 1651 1536 1677 qum
1552 1643 1704 1678 Vcstigator
1721 1651 1791 1678 pne.

1005 1693 1165 1719 monuerat;
1184 1693 1263 1715 tattro
1276 1688 1396 1714 vicissim
1415 1689 1488 1722 paria
1513 1689 1614 1715 indicia
1639 1689 1790 1723 prurientis

1005 1736 1030 1760 in
1048 1741 1164 1768 pugttaut
1181 1733 1300 1763 ferociae,
1318 1741 1377 1767 qua!
1393 1733 1464 1760 idem
1482 1734 1656 1767 prmdixerat,
1672 1734 1698 1760 itt
1710 1734 1789 1761 leone

1005 1784 1145 1811 cernente,
1161 1779 1237 1814 prior
1251 1784 1345 1805 taurus
1360 1779 1399 1805 sic
1414 1778 1486 1813 loqui
1505 1786 1585 1805 orsus
1601 1784 1659 1806 est:
1675 1779 1789 1806 Praesta:

1005 1826 1057 1853 assi
1071 1827 1124 1852 'crc
1141 1825 1278 1860 speluncae
1293 1825 1470 1859 quantumvis
1484 1824 1536 1852 diri
1553 1825 1691 1856 draconis,
1708 1833 1790 1859 quant

1005 1872 1073 1898 aulai:
1089 1872 1159 1906 regis
1175 1871 1213 1898 tui
1229 1871 1339 1904 similis,
1355 1879 1371 1898 ο
1386 1871 1439 1902 leo,
1453 1871 1506 1898 hoc
1517 1875 1559 1898 est
1573 1871 1666 1905 iujusti
1681 1878 1713 1897 ac
1729 1878 1792 1897 5311-.

1005 1917 1139 1951 guinarii;
1159 1921 1185 1943 et
1204 1921 1266 1950 post
1282 1916 1352 1944 hanc
1369 1917 1447 1951 quasi
1467 1917 1684 1950 clarigationem,
1702 1916 1791 1950 impe-

1006 1967 1062 1989 tum
1075 1963 1108 1988 ad
1124 1963 1177 1988 vim
1193 1962 1314 1996 expedit.
1331 1962 1383 1989 Sed
1400 1968 1516 1996 occupat
1531 1962 1586 1992 leo,
1603 1969 1633 1988 ac
1649 1961 1790 1988 violenti5<

1005 2009 1072 2035 situc
1087 2008 1212 2035 insilit-ns
1238 2009 1368 2035 miserum
1396 2008 1529 2042 discerpit
1552 2013 1579 2035 et
1603 2007 1789 2035 excarnificat.

1006 2054 1051 2080 Sic
1068 2053 1198 2080 occubuit
1216 2059 1311 2080 taurus
1326 2054 1353 2080 in
1369 2054 1456 2081 oculis
1471 2053 1650 2086 Vestigatoris
1665 2059 1692 2081 et
1706 2053 1790 2080 Coro-

1006 2099 1062 2125 ua'i
1084 2099 1156 2133 (nam
1171 2103 1198 2125 et
1215 2098 1259 2124 hic
1272 2098 1342 2125 forte
1361 2106 1481 2132 praesens
1504 2098 1613 2132 adfuit),
1631 2098 1677 2132 qui
1699 2098 1791 2125 sciens

1005 2145 1068 2180 quis
1084 2145 1253 2179 compositor
1264 2145 1345 2179 hujus
1363 2146 1502 2179 tragoedia:
1518 2144 1624 2173 fuisset.
1640 2151 1791 2170 conversus

1005 2193 1038 2220 ad
1057 2192 1188 2219 artiﬁcem
1206 2192 1319 2219 sceleris
1336 2192 1545 2225 Vcstigatorem,
1564 2191 1596 2217 iis
1614 2191 1690 2217 illum
1707 2189 1790 2216 intui-

164 2235 295 2260 tltt.oncm
309 2239 396 2268 parat.
410 2235 533 2262 Audiens
551 2235 601 2262 ista
616 2235 721 2266 Nereis,
737 2239 763 2261 et
777 2234 829 2260 late
846 2233 951 2260 fervere
969 2233 989 2260 D
1007 2244 1049 2265 ιυε
1071 2241 1113 2266 εει
1132 2238 1222 2264 oculis
1241 2238 1287 2272 qui
1304 2237 1371 2264 satis
1385 2237 1564 2264 ostenderem
1582 2241 1608 2263 et
1631 2244 1712 2270 quam
1727 2243 1790 2270 3m,-

164 2284 325 2314 apparatum
339 2280 440 2307 ruituri
458 2288 520 2307 mox
538 2281 565 2307 in
579 2281 666 2315 ipsam
684 2281 823 2307 exercitus
840 2279 948 2310 videns,

165 2324 287 2353 uitlidere
302 2325 386 2358 cmpit
402 2325 458 2354 suis
473 2325 590 2358 viribus,
606 2325 776 2360 consilioque
790 2332 884 2352 secum
901 2325 950 2351 Ita-

167 2371 237 2401 lito,
262 2370 385 2397 decrevit
407 2371 560 2404 perieulum
588 2372 749 2406 ptenitentia
775 2375 948 2405 praevertere.

167 2415 256 2442 Rediit
267 2423 331 2450 ergo
345 2416 378 2442 ad
394 2417 547 2451 alcyonem,
563 2421 591 2443 et
607 2425 671 2443 suos
684 2417 721 2443 illi
736 2417 824 2451 pullos
842 2416 949 2443 incolu-

166 2469 223 2488 mes
239 2462 368 2488 reddidit.
384 2463 446 2489 H.ec
461 2463 517 2489 dixi
534 2467 563 2489 ttt
580 2463 727 2497 intelligas,
743 2468 830 2494 taure,
846 2462 911 2497 quid
925 2467 950 2489 te

165 2511 286 2534 statuere
297 2507 441 2534 conveniat
457 2508 483 2534 itt
500 2508 552 2534 ltoc
568 2509 715 2534 temerario
729 2509 871 2542 procinctu
885 2508 949 2534 belli

165 2551 324 2585 capessendi
340 2551 472 2579 adversus
488 2553 605 2584 leonem,
624 2554 668 2579 cui
685 2553 748 2579 totis
763 2553 820 2580 suis
831 2557 859 2579 et
872 2553 949 2588 regni

165 2599 265 2632 opibus
286 2599 398 2626 bellanti
421 2599 493 2626 haud
517 2600 603 2632 magis
629 2604 654 2627 te
679 2600 831 2627 resistendo
855 2607 948 2635 parem

165 2655 246 2680 quam
261 2646 407 2674 Nereidem
423 2648 477 2682 regi
494 2648 596 2676 avium.
614 2652 683 2678 tute.
697 2653 726 2674 ut
740 2648 870 2680 arbitror,
884 2648 950 2675 fate-

165 2692 247 2719 beris.
273 2692 362 2720 Ccdes
384 2701 460 2728 ergo,
487 2694 507 2720 si
526 2701 568 2721 me
593 2694 700 2727 audias,
717 2699 744 2721 et
763 2693 950 2728 pacatioribus

165 2738 292 2766 intendes
306 2739 426 2766 animum
451 2739 585 2766 consiliis.
607 2740 666 2766 Non
683 2741 837 2773 acquiesco.
860 2739 951 2774 inquit

165 2782 294 2810 ferociter
317 2788 433 2811 taurus:
460 2788 553 2819 pacata
578 2785 628 2811 ista
654 2785 767 2811 consilia
792 2784 896 2811 lentutn
923 2784 948 2810 itt

166 2828 278 2855 exitium
295 2837 337 2857 me
360 2831 561 2864 pertraherent.
579 2831 704 2862 Przcstat,
726 2835 753 2857 et
767 2835 872 2857 certum
895 2836 947 2862 est,

166 2874 249 2901 Betttel
265 2875 424 2908 periclitari,
439 2881 466 2903 et
482 2877 521 2904 \cl
536 2877 636 2904 nobilis
648 2876 779 2909 \ictnria‘,
795 2876 835 2902 vel
852 2876 947 2903 mortis

1006 2284 1076 2310 viter
1088 2283 1256 2317 improbaret
1270 2283 1383 2313 factum,
1395 2287 1421 2310 et
1434 2287 1565 2317 qttantum
1579 2282 1642 2308 inde
1655 2281 1788 2308 malorunt

1007 2329 1033 2356 in
1057 2330 1178 2357 auctoris
1195 2334 1277 2363 caput
1302 2329 1520 2356 redundaturum
1545 2332 1618 2355 esset
1640 2327 1790 2362 prmdiccre

1006 2376 1079 2402 taciti
1092 2375 1260 2402 viderentur.
1279 2375 1347 2401 Tum
1360 2382 1422 2401 eum
1435 2373 1572 2411 privatim.
1585 2372 1788 2409 quamprimum

1004 2421 1093 2452 licuit,
1109 2429 1141 2448 ac
1163 2422 1223 2447 sine
1245 2421 1357 2447 arbitris
1371 2421 1547 2450 conveniens,
1571 2419 1613 2446 liis
1637 2424 1678 2446 est
1691 2418 1790 2445 allatus

1004 2467 1115 2494 verbis:
1139 2467 1200 2494 Scis
1223 2466 1288 2500 quid
1313 2465 1418 2500 egeris;
1442 2470 1469 2492 et
1495 2465 1521 2491 itt
1544 2465 1604 2491 sinu
1633 2463 1789 2499 gratularis,

1005 2518 1100 2540 nactas
1115 2520 1175 2539 esse
1191 2520 1270 2546 quem
1284 2517 1393 2546 cptaras
1406 2519 1562 2538 successum
1580 2515 1640 2537 tuas
1651 2509 1790 2538 scelestis-

1004 2559 1089 2585 siinas
1110 2558 1233 2586 insidias.
1250 2557 1332 2592 Atqui
1348 2562 1372 2583 te
1396 2557 1539 2591 providere
1564 2564 1594 2583 ac
1608 2560 1789 2590 premnt-tuere

1004 2604 1220 2631 funestissimutn
1238 2604 1287 2638 ipsi
1312 2603 1358 2629 tibi
1381 2603 1419 2630 tui
1442 2603 1554 2630 sceleris
1574 2603 1677 2637 exitum
1707 2610 1790 2635 opor-

1005 2653 1104 2676 tuerat.
1118 2648 1258 2675 Maculasti
1271 2647 1358 2674 leonis
1369 2647 1479 2679 fatuam,
1497 2647 1712 2673 invidiosissimo
1725 2654 1790 2673 sua-

1005 2695 1095 2722 dendo
1121 2694 1260 2725 facinore;
1286 2699 1394 2720 taurutn
1423 2693 1599 2720 innocentem
1627 2692 1789 2727 perdidisti,

1004 2740 1166 2767 commisisti
1182 2740 1257 2774 prius
1278 2739 1429 2766 concordes
1444 2740 1518 2774 regni
1534 2746 1661 2773 proceres
1681 2730 1714 2765 in}
1727 2746 1790 2773 per-

1005 2786 1217 2812 niciosissimam
1243 2785 1407 2812 discordiam
1431 2789 1459 2811 et
1482 2785 1682 2811 commilitones
1706 2786 1733 2810 in
1759 2791 1790 2811 se

1005 2833 1140 2863 invicem,
1166 2831 1247 2866 jactis
1273 2831 1439 2858 seditionum
1467 2831 1630 2860 seminibus,
1653 2831 1786 2857 armasti.
1815 2865 1819 2870 .

1004 2876 1043 2903 An
1056 2879 1166 2911 impune
1180 2880 1204 2903 te
1218 2876 1336 2903 laturum
1349 2883 1441 2910 speras
1458 2876 1572 2903 crimina
1588 2881 1639 2904 tant
1655 2875 1758 2902 atrOcia
1777 2874 1789 2900 ἲ
