1913 3068
143 136 211 165 H75

847 136 1052 167 APPENDIX.

1712 134 1784 167 1276

143 192 259 218 [litteris
276 199 334 219 mea
350 192 487 219 sententia
503 192 662 228 plurimum.
682 192 704 220 si
723 192 749 220 id
764 193 863 220 credis.
878 194 927 220 La-
946 197 967 224 Α
982 192 1107 226 adeoque
1132 191 1221 220 facere
1247 200 1290 220 me
1316 192 1342 219 in
1368 193 1432 221 hoc.
1453 201 1513 221 meo
1541 193 1653 227 damno,
1681 199 1783 222 contra

143 243 195 265 (cui
215 239 283 264 forte
308 238 373 265 licet
397 246 491 277 regem
508 239 611 265 malitia
636 243 692 270 tua,
709 244 736 265 at
748 247 808 266 eam
826 240 942 276 penitus_

143 282 286 316 pervident
298 282 437 315 sapientes
448 290 531 317 supra
546 283 684 317 vulgarem
701 288 811 317 captum
825 284 934 310 cun~ilii

146 327 215 361 regii
232 327 372 362 praesides,
390 328 436 362 qui
453 328 600 355 conﬁatam
616 337 631 355 a
651 335 676 356 te
693 328 837 356 factionem
857 329 936 356 intel-

144 373 272 407 ligentes.
285 373 392 401 dabunt
403 378 545 401 strenuam
570 378 598 401 et
620 374 757 402 efﬁcacem
771 383 883 409 operam
901 374 935 402 ad

145 418 351 451 prtevertendos
367 422 483 445 conatus
501 418 600 453 impios
613 423 641 446 et
655 419 768 446 infestas
785 419 871 454 quieti
886 427 936 454 pu-

145 463 224 490 blica:
237 464 393 491 molitiones
406 465 433 490 in
449 464 506 498 ipsa
521 465 632 492 nefariae
647 465 823 492 conscientia:
846 465 937 492 adhuc

145 508 257 536 innoxia
284 509 473 544 designatione
497 509 716 544 opprimendas;
741 519 793 538 nec
818 511 935 538 dubium

145 553 213 587 quin
232 555 377 589 perﬁciant
397 556 469 590 quod
488 556 595 582 volunt.
614 556 672 584 Etsi
692 557 766 584 enim
785 558 935 584 multorum

147 599 197 625 tibi
210 599 301 626 studia
317 604 345 626 et
357 599 459 627 auxilia
470 600 584 634 parasti,
597 601 745 635 praevalere
759 606 848 628 tamen
864 602 938 629 solet

147 645 295 678 tranquilla
311 653 461 679 paucorum
477 646 599 679 capitum
621 646 769 681 prudentia
784 648 937 681 quamlibet

147 688 295 715 multarum
308 690 486 717 tumultuosa:
498 690 635 717 violentiae
650 698 794 718 manuum.
811 692 872 719 [ch
887 700 937 727 ego

148 733 297 767 providens
313 739 386 761 tuam
404 736 610 770 prorumpentis
623 737 651 763 in
670 737 737 764 tales
753 745 836 764 ausus
850 739 938 772 repri-

149 779 225 806 mere
250 780 445 807 conﬁdentiam
469 781 601 814 conabar,
628 787 728 817 prteter
748 788 822 810 tuam
849 783 937 818 ipsius

147 825 279 857 salutem,
290 826 373 852 etiam
388 827 461 861 regis
475 834 507 854 ac
521 827 597 862 regni
612 828 831 856 incolumitatem
845 829 872 856 in
885 829 937 857 hoc

988 239 1180 274 praescriptum
1196 239 1339 274 cujusdam
1359 240 1504 274 sapientis,
1519 240 1565 274 qui
1585 245 1662 267 recte
1680 241 1782 274 pra-ci-

987 282 1046 316 pit:
1070 283 1129 309 Noli
1151 290 1267 316 arguere
1285 283 1412 315 stullum,
1430 291 1464 310 ne
1482 287 1507 310 te
1525 284 1590 310 odio
1609 284 1722 314 habeat,
1742 289 1780 314 et,

986 328 1010 354 si
1035 333 1136 363 potest,
1163 328 1280 362 perdat;
1308 329 1539 363 quemadmodum
1567 329 1640 356 simii
1664 337 1780 356 corvum

987 373 1169 407 perdiderunt
1193 373 1443 407 reprehendentem
1479 374 1565 408 ipsos.
1594 374 1679 401 Aiunt
1705 375 1780 401 enim

987 419 1083 445 simios
1096 418 1123 445 in
1139 419 1258 453 quadam
1275 419 1343 446 silva
1360 424 1488 446 montana
1500 428 1549 454 per
1562 420 1681 447 hiemem
1701 420 1780 455 frigi-

986 464 1129 491 dissimam
1153 464 1297 497 degentes,
1323 469 1473 492 trementes
1490 466 1517 492 in
1544 474 1652 492 summo
1672 466 1780 500 algore,

987 511 1091 538 vidisse
1114 511 1185 538 forte
1210 511 1328 546 lapidem
1353 511 1524 538 carbunculo
1544 512 1675 545 similem,
1701 513 1782 547 cujus

987 557 1094 591 fulgore
1114 564 1264 591 prunarum
1282 558 1400 592 speciem
1420 558 1553 589 habente,
1573 558 1601 585 in
1618 558 1717 586 falsam
1737 559 1781 585 in-

987 603 1061 630 ducti
1074 603 1246 637 opinionem,
1260 603 1336 630 arida
1351 603 1424 631 circa
1437 604 1511 631 illum
1524 609 1684 638 aggerentes
1699 604 1780 634 folia,

990 649 1115 677 certatim
1132 649 1288 684 congregati
1304 649 1407 675 circum
1421 657 1528 681 omnes,
1546 650 1571 676 in
1587 649 1709 683 lapidem
1726 649 1782 675 suf-

989 694 1103 725 ﬁahant,
1132 694 1288 726 ﬂammam,
1318 698 1347 720 ut
1373 694 1517 728 putabant,
1543 693 1673 721 elicituri.
1701 693 1783 720 Hunc

987 741 1102 766 stultum
1119 746 1212 766 eorum
1227 739 1350 766 laborem
1365 739 1528 773 despectans
1541 747 1575 765 ex
1592 739 1646 765 alto
1664 747 1780 771 corvus,

987 784 1038 816 Ne,
1063 785 1162 819 inquit,
1179 784 1290 817 erretis,
1304 791 1320 811 o
1336 784 1412 815 boni,
1430 788 1506 819 petra
1523 784 1580 811 haec
1603 784 1692 818 gelida
1716 789 1760 811 est
1774 804 1782 814 .

989 831 1060 858 nihil
1079 831 1149 865 ignis
1173 831 1277 858 hatrcns
1301 836 1402 865 praeter
1417 827 1547 858 colore'm.
1572 830 1634 857 Haec
1650 838 1713 856 cuni
1740 829 1782 857 illi

146 875 287 905 spectans.
313 871 387 898 Nihil
410 872 486 899 enim
508 873 655 901 exitiosius
674 875 814 910 principes
832 875 934 909 princi-
953 880 974 909 Β
991 877 1128 904 dicentem
1147 876 1314 906 irridebant,
1334 877 1519 903 intentissime
1536 877 1570 903 de
1590 881 1689 903 επιειτο
1707 876 1783 910 quod

147 920 283 951 patusque
298 918 445 951 pervertit,
456 926 538 952 quam
552 920 657 948 auditio
671 921 859 956 admissioque
872 929 937 957 sug-

147 962 303 995 gestionum
320 963 425 997 talium,
442 965 540 999 quales
555 969 584 992 tu
603 967 699 1001 tuique
715 967 820 994 similes
841 968 937 995 soletis

148 1007 288 1036 inculcare
304 1009 422 1037 incautis
440 1011 616 1046 regnantium
633 1012 761 1040 auribus.
782 1013 846 1040 Mihi
865 1022 938 1041 sem-

148 1062 197 1088 per
215 1055 251 1081 ita
268 1055 357 1083 visum
376 1060 414 1083 est
429 1065 436 1083 :
455 1056 534 1084 dotes
554 1057 737 1092 virtutesque,
756 1058 856 1093 quibus
874 1060 938 1086 vine

147 1099 264 1126 felicitas
280 1100 443 1133 absolvitur,
457 1101 506 1128 has
520 1109 600 1129 esse:
620 1102 786 1134 doctrinam,
804 1104 938 1138 eloquen-

148 1148 233 1175 tam,
260 1145 413 1180 justitiam,
440 1147 634 1175 liberalitatem
659 1149 787 1181 hilarem,
817 1149 938 1184 legitime

147 1195 239 1224 partas
261 1199 338 1226 opes,
365 1192 583 1220 misericordiam
609 1194 758 1222 beneﬁcam
778 1196 804 1222 in
825 1203 937 1231 egenos,

149 1237 363 1271 long:evitatem,
382 1239 538 1271 sanitatem,
556 1240 724 1268 comitatem.
743 1241 791 1268 llis
807 1242 852 1275 qui
872 1243 938 1269 niti-

147 1287 204 1314 tur,
220 1287 248 1309 et
273 1283 460 1317 profecturum
483 1292 580 1312 eorum
597 1293 658 1320 ope,
685 1290 714 1313 et
727 1294 782 1321 quo
798 1291 940 1321 promotus

149 1329 248 1354 merito
273 1328 368 1359 fuerit,
391 1330 427 1357 ibi
455 1331 592 1358 stabiliter
616 1339 827 1366 permansurum
852 1339 937 1368 puto;

148 1373 261 1400 fraudes
275 1377 302 1401 et
318 1373 372 1401 doli
393 1375 455 1403 mali
474 1376 577 1403 caduca
599 1376 776 1405 fundamenta
790 1383 855 1405 sunt
872 1378 939 1406 bea-

150 1420 277 1446 titudinis
298 1420 467 1448 mortalium.
496 1421 534 1448 Ex
558 1421 600 1448 his
614 1422 726 1450 dotibus
748 1423 853 1458 aliquas
869 1424 896 1451 in
914 1430 939 1451 te

145 1472 278 1498 agnosco,
292 1465 432 1492 solertiam
447 1470 475 1492 ct
488 1466 642 1498 scientiam,
656 1467 703 1494 sed
723 1475 769 1495 eas
785 1469 939 1503 corrumpis

149 1518 234 1544 pravo
250 1518 312 1537 usu.
327 1510 445 1538 Fructus
458 1516 548 1538 autem
561 1520 618 1539 non
630 1518 768 1547 corrupta:
783 1515 938 1548 sapientia‘,

147 1557 303 1584 moderatio
318 1561 371 1590 est,
388 1562 416 1584 et
430 1557 554 1592 quaedam
573 1558 710 1586 sobrietas
727 1560 837 1594 agendi.
854 1567 935 1594 quam

148 1603 196 1636 qui
215 1611 270 1630 non
286 1608 392 1634 tenent.
409 1612 458 1631 sua
473 1605 531 1639 ipsa
549 1605 664 1632 scientia
681 1605 750 1632 ebrii
769 1613 824 1632 non
841 1606 937 1632 vident

148 1656 210 1682 qua:
226 1653 290 1675 sunt
314 1653 378 1676 ante
400 1649 506 1681 oculos,
521 1653 547 1676 ct
563 1649 664 1676 invidia
682 1655 843 1677 noctuarum
868 1651 937 1685 ipsis

149 1698 274 1720 naturam
290 1693 433 1725 induente.
451 1694 567 1729 caligant
582 1695 615 1721 ad
631 1695 745 1722 multatn
759 1696 860 1727 lucem,
881 1696 934 1722 vir-

147 1745 236 1767 tutum
254 1741 407 1768 alienarum
430 1741 603 1776 splendorem
618 1749 672 1768 non
693 1741 820 1769 ferentes.
843 1742 937 1774 Qualis

145 1787 258 1822 generis
273 1787 384 1814 asseclis
398 1788 445 1822 qui
467 1788 656 1815 circumdatus
672 1796 718 1814 rex
743 1793 794 1820 est,
818 1788 936 1814 similem

149 1841 213 1859 eum
230 1833 344 1860 dixerint
361 1833 455 1864 ﬂuvio,
481 1833 596 1868 limpido
614 1833 653 1860 illi
676 1833 786 1866 quidem
814 1839 841 1860 et
857 1833 936 1861 uberi

150 1878 346 1913 perspicuitate
367 1878 494 1905 invitanti
514 1878 633 1905 viatores
649 1882 796 1905 aestuantes
809 1879 841 1906 ad
856 1887 935 1906 usum

150 1923 206 1955 sui,
235 1923 282 1950 sed
309 1923 398 1950 eidem
416 1924 517 1950 referto
540 1923 697 1954 crocodilis.
715 1931 832 1958 quorum
848 1928 937 1952 terror

149 1969 233 2003 longe
258 1973 333 1995 arcet
357 1969 390 1996 ab
406 1977 519 1996 accessu
535 1969 657 1997 crudelis
681 1971 747 2004 ripa:
761 1971 938 2005 praemonitos

149 2014 266 2047 periculi
289 2014 423 2049 hospites,
441 2015 521 2049 longe
539 2016 626 2043 satius
638 2017 772 2044 ducentes
788 2021 938 2052 quantum-

150 2059 218 2087 libet
232 2065 355 2088 urentem
368 2061 442 2088 sitim
460 2063 513 2096 pati
529 2070 608 2096 quam
622 2070 651 2090 se
663 2063 801 2090 vorandos
813 2063 937 2098 prarbere

151 2106 357 2134 immanissimis
383 2107 493 2134 belluis.
518 2108 557 2134 Tu
582 2116 648 2135 vero
669 2109 806 2135 neminem
826 2108 935 2135 voluisti

152 2156 252 2185 praeter
269 2156 294 2178 te
312 2152 443 2186 peculiari
464 2153 552 2180 leonis
567 2153 640 2187 regis
660 2154 747 2188 gratia
770 2154 890 2186 ﬂorere;
909 2154 936 2180 in

149 2205 205 2231 quo
224 2198 342 2232 possitne
366 2197 400 2224 de
428 2198 487 2232 ipso
511 2199 646 2225 meruisti.
663 2199 741 2226 Sicut
765 2199 934 2233 majestatem
954 2216 974 2241 Β

151 2244 236 2270 maris
249 2251 357 2270 omnem
370 2251 402 2270 ac
413 2244 531 2278 speciem
546 2245 664 2276 tolleret,
678 2245 723 2278 qui
736 2244 768 2271 ad
784 2245 893 2271 unicum
909 2245 936 2272 id

149 2289 262 2317 ﬂuctum
280 2290 363 2316 vellet
382 2290 516 2325 redigere.
534 2298 595 2318 cum
613 2299 647 2317 ex
662 2290 838 2318 multitudine
857 2291 938 2317 innu—

150 2334 277 2363 merabili
295 2335 464 2362 trudentium
486 2336 541 2362 illic
564 2344 624 2363 sese
642 2344 672 2363 ac
692 2336 852 2371 stipiutium
887 2338 938 2364 llu-

150 2385 248 2409 ctuum
274 2385 357 2416 atque
375 2382 521 2412 undarum,
540 2382 624 2409 maris
637 2381 775 2416 dignatus,
792 2387 819 2410 et
830 2390 890 2417 qua!
906 2391 940 2409 ex

151 2426 204 2456 hac
219 2427 319 2459 oritur,
333 2427 519 2462 navigantium
537 2428 662 2462 quaedam
678 2427 830 2459 veneratio,
845 2435 940 2454 nasca-

152 2477 208 2503 tur.
228 2471 359 2498 Insanum
380 2479 446 2499 vero
462 2480 575 2507 prorsus
589 2476 631 2499 est
647 2473 774 2500 amicitiae
788 2472 855 2499 foris
873 2480 942 2507 pra:-

152 2519 227 2548 fcrre
247 2519 439 2550 simulacrum.
460 2520 596 2548 foventem
614 2520 688 2548 intus
705 2521 773 2548 nihil
794 2520 868 2547 aliud
887 2520 940 2547 nisi

152 2568 327 2599 quaastuosas
349 2565 523 2600 cupiditates,
549 2565 663 2600 privatis
688 2565 769 2592 unice
787 2565 941 2592 rationibus

155 2610 285 2638 intentas.
304 2615 332 2637 et
353 2611 466 2638 sordido
480 2611 637 2639 avidissime
653 2611 836 2638 inbiabundas
853 2611 940 2642 lucro,

154 2656 280 2691 nihilque
303 2657 379 2691 pensi
401 2657 544 2687 habentes.
561 2660 700 2693 propriam
717 2658 768 2685 sibi
789 2657 942 2692 quomodo-

155 2709 265 2737 cunque
285 2703 429 2729 ιιιίιιῑίιιρηι
450 2703 596 2736 conﬁcere,
617 2704 660 2730 vel
680 2702 825 2738 dispendio
845 2702 942 2729 exitio-

155 2756 208 2780 que
225 2748 386 2781 quarumvis
403 2749 554 2783 quamlibet
572 2750 733 2777 insontium.

193 2792 276 2820 XXV.
297 2793 359 2821 Ilaec
372 2802 423 2829 ego
439 2795 505 2821 satis
525 2795 658 2830 intelligo,
677 2795 782 2830 pridem
800 2798 941 2829 expertus,

159 2842 186 2865 ct
199 2838 282 2866 surdo
299 2846 341 2866 me
363 2841 496 2868 cecinisse
517 2840 662 2875 hactenus,
686 2846 713 2869 ct
731 2848 813 2876 porro
833 2848 942 2874 cauere,

989 926 1131 955 C(Bperant
1154 925 1278 956 agentes.
1304 921 1460 949 Arbitratus
1483 927 1582 947 corvus
1605 928 1659 946 non
1681 927 1783 954 perve-

988 968 1062 994 nisse
1076 966 1108 994 ad
1123 968 1196 1001 ipsos
1209 974 1316 999 vocem,
1334 966 1479 992 descendit
1495 965 1521 992 in
1536 965 1696 992 viciniorem
1715 965 1784 999 ipsis

989 1019 1107 1042 ramum,
1118 1015 1145 1038 et
1156 1011 1252 1038 eadem
1265 1010 1419 1040 admonuit,
1436 1010 1494 1044 pari
1511 1017 1656 1041 successu;
1668 1010 1783 1044 quando

988 1065 1052 1084 eum
1071 1057 1232 1091 praeteriens
1246 1057 1356 1090 quidam
1374 1057 1463 1082 viator
1487 1061 1516 1083 et
1533 1056 1634 1082 frustra
1653 1061 1785 1090 satagen-

989 1108 1041 1129 tem
1073 1102 1217 1132 miserans,
1246 1102 1355 1133 Desine,
1379 1109 1473 1133 corrc,
1499 1101 1597 1135 inquit,
1615 1100 1690 1134 paria
1707 1105 1736 1126 et
1752 1105 1782 1126 tu

989 1156 1051 1175 cum
1072 1148 1105 1175 iis
1121 1155 1191 1182 quos
1203 1149 1265 1182 jure
1282 1148 1421 1182 vituperas
1447 1154 1574 1181 peccare,
1592 1147 1681 1173 nihilo
1695 1154 1782 1180 quam

990 1194 1007 1220 ii
1023 1193 1116 1220 minus
1127 1193 1262 1220 inutiliter
1278 1193 1416 1219 laborans.
1429 1192 1495 1218 Tam
1507 1192 1579 1218 enim
1593 1192 1782 1225 nequidquam

990 1240 1082 1271 sudat,
1099 1239 1147 1273 qui
1164 1238 1326 1265 naturaliter
1340 1238 1430 1264 bardis
1442 1243 1468 1264 et
1486 1242 1576 1264 mente
1589 1237 1675 1263 cassis
1692 1238 1782 1272 inspi—

991 1293 1050 1312 rare
1061 1284 1222 1318 sapientiam
1237 1284 1338 1314 studet,
1353 1292 1384 1310 ac
1396 1283 1443 1317 qui
1458 1291 1514 1310 rem
1529 1289 1625 1309 natura
1637 1283 1781 1317 obliquam

990 1330 1109 1364 dirigere
1126 1330 1152 1356 in
1173 1329 1272 1356 lineam
1290 1329 1448 1361 contendit;
1468 1330 1534 1362 quin
1552 1328 1707 1361 periculum
1727 1333 1782 1360 est,

990 1377 1012 1403 si
1027 1377 1127 1410 pergis,
1139 1383 1173 1403 ne
1184 1380 1365 1410 praeterquam
1378 1375 1450 1410 quod
1464 1375 1530 1401 lllhli
1543 1373 1681 1408 proﬁcies,
1695 1374 1780 1400 etiam

991 1422 1120 1450 damnum
1133 1421 1182 1448 tibi
1195 1429 1328 1451 accersas.
1344 1421 1424 1455 quale
1439 1421 1476 1447 illi
1491 1419 1604 1452 contigit
1619 1419 1664 1453 qui
1679 1419 1783 1445 aeutis-

991 1469 1089 1494 simum
1107 1467 1199 1494 eximii
1220 1468 1427 1502 temperamenti
1440 1473 1536 1493 enSem
1553 1465 1578 1491 in
1595 1470 1656 1492 cote
1674 1472 1783 1498 aggres-

990 1521 1038 1540 sus
1052 1513 1198 1541 durissima
1214 1513 1342 1547 probare,
1372 1513 1447 1540 illum
1473 1511 1562 1546 primo
1587 1511 1655 1542 ictu,
1673 1519 1723 1537 ceu
1739 1512 1782 1538 vi-

991 1565 1062 1587 trum
1075 1559 1163 1591 futile,
1174 1559 1304 1593 diﬁ‘rcgit.
1317 1559 1376 1585 Non
1388 1557 1507 1593 pervasit
1523 1557 1656 1583 tnonitum
1669 1558 1783 1590 sapiens

991 1606 1018 1632 in
1034 1606 1155 1633 animum
1174 1606 1258 1632 stulte
1277 1605 1364 1632 seduli
1385 1604 1472 1633 corvi.
1493 1603 1539 1637 qui
1557 1603 1696 1638 prurigine
1712 1611 1782 1638 qua-

990 1653 1052 1679 dam
1080 1651 1248 1678 ostentand:e
1274 1651 1435 1685 sapientite,
1460 1649 1536 1684 quasi
1561 1657 1595 1676 ex
1624 1649 1782 1682 propinquo

990 1706 1183 1734 pcrsuasurus,
1201 1698 1274 1732 quod
1300 1698 1407 1725 distans
1424 1697 1611 1731 nequidquam
1630 1697 1780 1728 suadebat,

991 1746 1023 1772 ad
1055 1745 1150 1773 simios
1164 1745 1343 1774 descendens,
1364 1744 1485 1778 ipsisque
1500 1743 1670 1769 familiariter
1687 1743 1781 1769 immi-

990 1795 1066 1818 stus:
1083 1791 1186 1825 Apage,
1203 1790 1348 1822 clamabat,
1366 1790 1490 1816 absistite
1510 1789 1627 1816 ridiculo
1651 1794 1753 1816 conatu
1772 1798 1780 1822 ;

991 1845 1024 1863 an
1046 1837 1165 1871 speratis
1181 1836 1279 1871 spiritu
1304 1843 1319 1862 e
1342 1840 1416 1870 petra
1440 1835 1576 1862 ﬂammam
1599 1835 1754 1862 extundere
1770 1835 1783 1860 ἲ

991 1882 1066 1909 Talia
1091 1882 1167 1909 illum
1188 1883 1398 1909 concionantcm
1415 1882 1569 1908 coorientvs
1588 1881 1718 1908 concordi
1735 1888 1783 1907 ra-

991 1928 1034 1955 bie
1051 1927 1077 1954 in
1105 1928 1269 1955 monitorem
1289 1927 1512 1962 intempestivum
1531 1927 1603 1953 simii
1624 1927 1782 1960 discerpse-

991 1977 1065 2000 runt.
1083 1972 1135 1999 Par
1154 1973 1244 1999 exitus
1270 1980 1303 1999 ne
1327 1980 1370 1999 mc
1387 1976 1506 2003 maneat,
1522 1971 1649 2006 equidem
1671 1979 1780 1999 vereor.

990 2018 1048 2045 Non
1062 2018 1176 2045 cessabo
1192 2022 1281 2044 tamen
1296 2017 1395 2048 adhuc,
1407 2017 1543 2043 charitate
1557 2021 1703 2050 provectus
1713 2025 1780 2044 vera

992 2063 1041 2094 tui,
1057 2069 1083 2090 et
1101 2063 1152 2089 hoc
1165 2062 1340 2090 denuntiare.
1358 2062 1381 2088 si
1397 2061 1467 2087 forte
1486 2061 1594 2087 tandem
1611 2061 1650 2087 vel
1664 2061 1717 2087 hoc
1733 2069 1782 2095 po-

991 2113 1094 2134 stremo
1110 2116 1142 2134 ex
1160 2115 1201 2134 me
1217 2107 1354 2134 audiendo
1378 2106 1503 2140 exemplo
1519 2106 1622 2132 moveri
1648 2106 1680 2132 ad
1703 2106 1780 2133 salu-

992 2153 1068 2178 brem
1082 2152 1298 2186 resipisceutiam
1313 2152 1412 2186 possis.

1025 2197 1119 2224 XXVI.
1136 2198 1196 2228 Aio,
1210 2202 1246 2229 te,
1268 2197 1291 2224 si
1306 2197 1430 2224 consiliis
1443 2197 1644 2224 bcnevolorum
1661 2198 1778 2232 spretis.

989 2244 1089 2270 astutia
1116 2247 1144 2270 et
1167 2250 1238 2270 cwco
1261 2243 1299 2269 tui
1324 2250 1418 2269 amore
1441 2250 1521 2269 ruere
1545 2251 1652 2277 perges,
1677 2244 1779 2270 similia

991 2296 1132 2323 passurum
1156 2293 1268 2315 versuto
1289 2288 1419 2314 nebuloni
1440 2288 1499 2314 suis
1523 2288 1610 2322 ipsius
1628 2288 1660 2314 ad
1684 2293 1779 2315 extre-

991 2343 1064 2361 mum
1090 2335 1279 2361 circumvento
1302 2333 1420 2361 technis.
1440 2333 1627 2360 Scholasticus
1651 2334 1778 2368 quidam,

990 2380 1033 2407 vir
1048 2380 1164 2415 simplex
1179 2385 1208 2407 et
1231 2380 1286 2406 fuci
1304 2387 1414 2414 expers,
1431 2379 1482 2405 via:
1498 2379 1646 2412 aliquando
1661 2379 1780 2406 societa-

992 2430 1045 2452 tem
1072 2425 1152 2452 inivit
1177 2433 1239 2452 cum
1256 2425 1398 2451 ardelione
1415 2424 1604 2450 callidissimo.
1621 2424 1703 2450 Bonis
1720 2424 1779 2451 avi-

992 2471 1042 2497 bus
1067 2470 1118 2497 iter
1151 2470 1279 2505 ingressi.
1305 2477 1418 2504 peregre
1456 2469 1483 2495 in
1520 2469 1680 2496 thesaurum
1706 2470 1776 2497 inci-

991 2516 1060 2543 dunt
1077 2516 1236 2548 maximum,
1254 2516 1330 2543 mille
1353 2515 1412 2542 auri
1438 2515 1615 2542 talentorum.
1633 2516 1696 2543 Post
1718 2524 1781 2550 gra-

993 2563 1155 2590 tulationem
1183 2567 1236 2589 tam
1269 2562 1350 2589 fausti
1373 2569 1464 2592 casus,
1496 2561 1689 2593 scholasticus,
1713 2570 1780 2588 con-

992 2616 1088 2635 versus
1119 2608 1153 2634 ad
1182 2608 1305 2639 socium,
1329 2606 1394 2634 Mihi
1419 2606 1545 2638 videtur,
1566 2607 1673 2638 inquit,
1704 2607 1777 2634 factu

993 2654 1128 2688 optimum
1148 2653 1245 2688 partiri
1270 2660 1303 2679 ex
1329 2660 1407 2686 aequo
1429 2652 1501 2679 inter
1520 2659 1570 2678 nos
1588 2651 1640 2678 hoc
1662 2652 1779 2678 fortuna:

995 2700 1110 2731 donum,
1128 2703 1156 2726 et
1175 2698 1240 2725 dare
1256 2698 1387 2732 deinceps
1404 2705 1541 2732 quemque
1566 2702 1689 2724 nostrum
1713 2705 1779 2732 ope-

995 2753 1053 2773 ram
1069 2743 1267 2778 comportando
1285 2743 1311 2770 in
1334 2743 1528 2774 tutum_locum
1546 2743 1618 2777 quod
1639 2742 1689 2777 ipsi
1705 2742 1780 2769 obti-

994 2790 1066 2826 gerit
1080 2798 1090 2820 ;
1112 2790 1163 2817 nisi
1179 2790 1200 2816 si
1219 2790 1284 2824 quid
1299 2795 1326 2816 tu
1340 2797 1422 2816 secus
1439 2789 1535 2818 sentis.
1553 2789 1621 2815 lluie
1636 2788 1780 2818 improbus

994 2837 1098 2870 socius,
1127 2837 1173 2872 qui
1202 2841 1277 2872 parte
1302 2835 1400 2871 praeda:
1426 2835 1524 2870 opimae
1549 2843 1602 2861 non
1619 2838 1778 2868 contuitus,
