1913 3068
112 153 182 185 12ῗῖ

555 153 747 182 SPECIMEN
766 151 982 181 SINENTLE
1007 152 1186 182 l.\'DORU.\f
1202 152 1284 181 VET.

1671 149 1720 182 127

109 214 199 238 lotam
216 216 297 236 avara
312 207 465 243 cupiditate
482 207 664 234 devoraverat
683 216 688 234 :
704 207 904 238 Periculosum,
923 209 943 235 Α
994 207 1096 234 XXVII.
1123 208 1266 242 nigri-sam;
1295 206 1436 234 fraudator
1462 205 1594 238 nefariuS,
1622 209 1741 239 patrem,

109 255 214 289 inqutt,
231 253 376 281 consilium
398 253 539 288 suggeris;
553 260 616 279 nam
635 253 699 279 dum
713 258 903 279 numeramus.

109 300 179 328 dum
198 299 341 326 efferimus
362 306 472 329 aurum,
490 299 676 325 intervenient
693 297 800 323 molesti
817 300 844 323 ct
860 303 903 322 ra-

112 353 196 380 paces
210 344 318 371 arbitri.
332 344 388 379 Age
406 345 498 379 potius
513 343 681 370 infodiamus
696 342 901 376 quamprimum

112 391 167 418 sub
190 391 235 417 illa
262 398 367 425 quercu
392 390 466 424 quod
495 389 660 423 reperimus.
677 388 741 415 inde.
763 387 901 422 sumpturi

113 437 230 464 subinde
248 436 321 471 quod
340 443 406 463 usus
429 439 540 470 poscet;
555 434 594 462 sic
619 434 692 461 enim
719 439 900 469 pratrrqnam

114 483 188 518 quod
203 482 293 509 securi
307 481 412 508 erimus
425 489 440 507 ει
453 480 598 507 calumniis
618 480 721 511 litium,
738 487 752 506 a
767 478 900 506 tiscalium

115 529 358 560 cnneussionibus,
371 527 407 554 ab
429 527 536 554 insidiis
549 526 649 556 furum,
664 526 746 553 etiam
764 526 815 552 hoc
829 533 901 552 novo

115 574 244 601 indivisa:
269 572 451 608 possessionis
468 571 578 598 vinculo
599 571 783 605 astringemus
804 570 902 597 fortius

114 620 212 646 iniam
229 620 301 646 inter
317 627 366 646 nos
382 617 511 646 amicitiaI
527 618 699 648 societatem,
719 616 798 650 cujus
813 616 900 646 initia,

114 666 162 699 qui
190 664 258 691 tanti
288 671 433 691 successus
458 662 575 697 augurio
600 661 777 688 fortunat-unt
793 661 899 695 superi,

114 711 255 738 declarare
279 709 409 736 videntur
433 708 555 736 voluisse
585 707 655 734 nihil
683 714 738 734 non
763 706 901 733 felicitatis

115 764 150 782 ex
168 757 228 790 ejus
253 762 303 782 nos
325 761 436 788 sperare
464 753 667 788 perseverantia
695 752 806 779 debere.
831 751 900 784 Quid

117 801 221 828 multa?
243 801 381 827 Persuasit
406 800 477 827 latro
503 799 623 834 perﬁdus
651 799 746 833 ignaro
773 798 900 825 fraudum

116 846 191 881 quod
210 846 318 873 volebat
332 841 496 879 :‘amboque
512 843 651 872 communi
668 852 762 878 opera,
778 844 829 871 sub
847 851 900 878 qua

114 893 219 920 dictum
243 897 284 919 est
298 899 401 919 annosa
418 899 534 926 quercu,
549 892 576 918 in
592 892 652 918 loco
668 891 730 917 avio
754 891 816 920 sita,
836 890 898 917 the»

115 947 228 966 sauruni
253 938 396 965 inventum
421 937 619 968 condiderunt,
644 936 735 963 ablata
766 936 793 962 in
820 943 899 962 usum

115 989 277 1019 praesentem
310 983 418 1010 modica
454 987 549 1018 parte;
584 982 679 1017 sicque
724 986 901 1008 recesserunt

115 1030 228 1057 domum
246 1029 363 1064 quisque
379 1037 468 1060 suam,
485 1029 587 1056 omisso
603 1029 720 1056 consilio
737 1028 899 1064 pcregrina-

117 1075 210 1106 tionis,
227 1075 306 1109 cujus
330 1074 460 1101 institutae
476 1074 544 1101 lucri
571 1073 678 1100 honesti
697 1073 801 1103 studio,
824 1076 898 1099 certa

111 1123 166 1153 jam
199 1125 280 1147 tantae
312 1120 437 1155 pecunia:
465 1119 576 1154 a'deptio
607 1126 706 1145 causas
737 1118 898 1145 abstulerat.

112 1166 219 1193 Paucos
243 1170 305 1200 post
330 1165 391 1192 dies
412 1165 588 1199 consumptis
612 1164 804 1193 scholasticus.
830 1171 899 1197 quos

112 1220 146 1239 ex
173 1212 303 1238 thesauro
320 1211 503 1243 delibaverat,
528 1211 657 1239 nummis,
676 1210 782 1237 socium
799 1216 897 1236 conve-

113 1258 164 1289 nit,
181 1262 219 1290 et,
241 1257 269 1284 Si
292 1257 340 1285 tibi
363 1257 482 1287 videtur,
501 1256 603 1291 inquit,
623 1263 718 1282 eamus
735 1255 767 1282 ad
787 1255 898 1282 thesau-

114 1311 199 1335 rum;
227 1303 345 1338 expendi
370 1303 443 1330 enim
471 1303 543 1337 quod
562 1302 725 1329 extulerant.
751 1302 832 1330 Sane,
860 1302 897 1327 ait

113 1351 169 1383 ille,
189 1351 241 1377 hoc
261 1350 350 1384 ipsum
368 1349 524 1384 cupiebam,
548 1348 696 1375 vaferrime
720 1348 897 1374 dissimulans

113 1402 195 1424 noctu
208 1404 236 1423 se
250 1395 404 1430 profectum
417 1395 451 1422 ad
466 1402 599 1430 quercum
612 1402 675 1421 cum
688 1394 765 1421 cistis
777 1399 804 1420 et
820 1394 896 1429 bajn-

111 1444 156 1474 lis,
173 1447 271 1470 cuncta
286 1446 434 1469 convasata
449 1441 637 1476 praeripuisse.
651 1442 736 1472 Eunt,
747 1440 894 1472 effodiunt,

110 1488 179 1515 nihil
196 1488 350 1514 inveniunt.
376 1487 468 1514 Mirari
494 1487 688 1519 scholasticus;
706 1491 731 1513 at
750 1486 794 1513 fur
809 1486 895 1513 scele-

955 261 1036 286 quem
1058 253 1130 280 domi
1153 254 1272 281 habebat
1294 254 1429 285 vetulum,
1451 253 1592 281 convenit.
1609 257 1648 283 et.
1662 252 1740 284 Quod

954 299 1073 326 docuisti
1097 307 1141 327 me
1165 307 1286 334 semper,
1301 299 1401 334 inquit,
1426 298 1500 325 omni
1517 303 1574 324 arte
1588 306 1620 324 ac
1639 302 1740 324 conatu

955 353 1011 372 rent
1029 353 1136 380 parare,
1162 346 1189 372 in
1205 353 1238 372 eo
1255 345 1388 371 navandae
1410 351 1501 378 operm
1517 344 1633 377 benigna
1648 350 1676 370 se
1694 350 1741 369 no-

955 390 997 418 bis
1021 391 1124 425 praebet
1140 391 1261 421 occasio,
1279 391 1326 417 sed
1348 398 1408 425 quae
1432 395 1510 417 tuum
1526 390 1648 424 exposcit
1663 389 1741 415 auxi-

954 436 1022 463 lium
1053 437 1082 463 in
1101 445 1132 464 re
1163 445 1218 464 non
1247 437 1335 471 gravi.
1365 436 1425 463 Seis
1446 441 1513 470 quot
1544 435 1604 463 auri
1626 436 1738 465 talenta,

954 482 1078 510 Laverna
1093 483 1212 513 favente,
1229 484 1341 510 domum
1359 491 1448 518 nuper
1464 483 1602 510 intulerim
1621 492 1628 509 :
1645 490 1676 509 ea
1691 491 1738 508 en-

953 529 1059 556 mulare
1086 529 1241 556 addiiendo
1275 529 1354 556 nobis
1387 529 1553 563 patrimonio
1582 528 1738 555 scholas'iri

953 576 1033 602 istius
1057 575 1266 610 simplicissimi,
1281 575 1412 607 hominis,
1439 580 1466 602 et
1491 575 1599 601 animus
1621 579 1650 602 et
1677 582 1739 609 spes

951 625 1004 650 est.
1020 620 1102 647 modo
1119 628 1174 647 non
1192 620 1316 654 graveris
1332 621 1472 654 cooperari
1488 628 1537 654 pro
1560 620 1632 646 virili
1648 626 1739 652 coepto

952 669 1052 693 nostra;
1067 666 1176 693 familiae
1190 666 1440 700 quaestuosissimo.
1457 667 1576 700 Exponit
1592 666 1655 692 inde
1671 666 1737 700 quid

949 711 1039 746 judici
1067 711 1235 745 promiserit,
1264 712 1330 746 quid
1357 712 1380 738 is
1403 712 1579 738 constituerit
1598 712 1623 738 in
1642 712 1739 738 crasti-

952 764 1029 783 num.
1056 757 1124 783 Tutu
1143 757 1247 783 infert:
1272 757 1418 791 Exploravi
1441 757 1588 789 diligenter
1604 764 1737 791 quercum

953 803 1036 835 illam,
1057 810 1138 836 quam
1164 802 1294 829 affirmavi
1321 803 1509 830 testimonium
1525 811 1575 837 pro
1592 811 1634 829 mc
1650 803 1738 828 dictu-

953 855 1027 881 ram;
1054 856 1151 875 cavum
1179 849 1254 875 intus
1270 852 1398 875 truncum
1416 849 1510 880 habet,
1540 853 1567 875 et
1596 843 1630 874 in'
1659 848 1736 874 istam

952 901 1063 927 specum
1089 902 1207 929 superne
1228 899 1300 928 patet
1324 895 1415 921 aditus
1438 894 1525 921 facilis
1541 901 1591 921 nec
1607 893 1738 920 observa-

951 938 1017 965 bilis
1034 939 1207 966 intuentibus
1229 947 1263 966 ex
1281 939 1373 972 plano.
1391 939 1458 974 Age,
1475 943 1539 965 ante
1553 940 1641 965 lucem
1656 946 1738 965 occu-

951 992 1046 1018 pemus
1071 992 1104 1011 eo
1127 985 1208 1011 ambo
1239 992 1289 1011 nos
1306 984 1444 1011 conferre.
1473 983 1559 1010 Scalis
1584 983 1617 1010 ad
1645 990 1737 1009 ramos

950 1035 1077 1056 erectum
1106 1035 1132 1057 te
1151 1038 1202 1064 ego
1227 1030 1423 1064 percommode
1448 1029 1590 1056 demittam
1608 1029 1634 1055 in
1653 1036 1736 1063 pene-

950 1075 1027 1102 tralia
1041 1077 1246 1107 cavaearboris;
1263 1076 1300 1102 ilzi
1316 1081 1374 1102 tuto
1387 1068 1560 1104 ilelitcscens.
1575 1073 1621 1100 ubi
1634 1077 1736 1100 statuta

949 1120 1028 1150 hora.
1045 1125 1180 1155 prasente
1194 1121 1249 1156 jam
1270 1126 1398 1156 pnrtnre,
1421 1119 1639 1155 interrogabitur
1654 1126 1736 1153 qner-

949 1173 998 1193 cus
1021 1167 1082 1201 quis
1106 1167 1267 1194 thesaurum
1285 1167 1440 1196 abstulerit,
1469 1170 1607 1192 memento
1626 1173 1658 1191 ex
1681 1165 1736 1191 ilno

949 1213 1127 1246 respondere,
1150 1213 1347 1240 scholasticnm
1374 1211 1558 1246 praeripuisse.
1573 1211 1736 1244 {Respondit

947 1258 980 1283 ad
998 1266 1029 1284 ea
1045 1266 1127 1285 senex
1146 1268 1152 1284 :
1169 1258 1275 1285 Faciam
1291 1258 1431 1292 equidem,
1450 1257 1496 1289 Illi,
1521 1257 1593 1291 quod
1612 1257 1672 1288 vis;
1687 1256 1733 1283 Sed

948 1308 974 1329 te
997 1303 1080 1329 etiam
1102 1307 1185 1337 atque
1201 1304 1284 1330 etiam
1303 1303 1482 1330 considerare
1500 1308 1599 1330 cuncta
1613 1303 1690 1336 prius
1704 1310 1734 1329 ac

947 1357 1102 1383 pra-cavere
1131 1356 1272 1383 cuperem,
1295 1357 1328 1375 nc
1343 1349 1414 1376 forte
1431 1350 1486 1375 tuis
1511 1349 1568 1383 ipse
1584 1348 1734 1382 impiicitns

946 1395 1062 1429 laqueis,
1091 1396 1204 1430 patiaris
1230 1395 1302 1430 quod
1328 1403 1413 1431 eyeuo
1431 1396 1555 1430 contigit,
1575 1396 1683 1422 insidiis
1700 1396 1732 1423 ad
1749 1418 1753 1422 .

945 1447 1099 1470 extremum
1122 1450 1267 1477 oppresso,
1283 1450 1351 1476 quas
1370 1443 1414 1469 ille
1430 1443 1541 1469 inimico
1556 1450 1733 1476 comparave-

946 1493 999 1516 rat.
1013 1489 1082 1515 Audi
1103 1489 1236 1520 fabulam,
1249 1496 1303 1515 non
1331 1489 1411 1522 longa
1429 1493 1541 1515 narratu
1556 1495 1608 1515 est.
1630 1489 1734 1515 Ferunt

110 1541 135 1563 st
148 1536 248 1562 ssimus
275 1534 403 1561 bacchari
430 1534 544 1568 tragicis
574 1533 754 1568 intemperiis,
780 1533 891 1568 capillos
907 1539 927 1568 ο
945 1533 1087 1561 ιιῑάίῐὶςεπρ
1099 1535 1209 1561 solitum
1223 1541 1402 1569 cycnnmnon
1416 1534 1596 1568 longeacavo
1605 1533 1731 1559 familiari

111 1580 166 1608 sibi
193 1580 306 1610 vellere,
347 1583 429 1614 caput
457 1580 584 1610 tundere,
614 1580 711 1606 insane
737 1579 894 1609 vociferari,

110 1626 193 1654 deum
205 1625 401 1659 hominumque
415 1625 550 1652 obtestari
567 1625 659 1655 fidem.
675 1625 894 1652 circumventum

110 1679 170 1698 esse
193 1679 208 1698 a
225 1670 393 1698 scholastice
411 1671 544 1705 dejerare.
570 1670 621 1701 Tn,
636 1670 738 1701 aiebat,
756 1670 807 1697 ista
828 1669 893 1695 falsa

110 1717 255 1753 probitatis
277 1717 369 1751 specie
394 1721 496 1742 tantam
523 1716 669 1749 perfidiam
697 1715 814 1750 legebas.
833 1714 893 1742 Tibi

109 1764 158 1789 soli
183 1767 263 1789 notus
284 1762 363 1789 locus
387 1765 456 1793 erat;
474 1766 502 1787 tu
522 1769 564 1787 nte
582 1761 831 1794 circumscripsisti,
850 1768 878 1787 ra

111 1809 264 1843 putissimis
280 1807 340 1834 istis
363 1807 501 1837 manibus,
517 1811 612 1838 noctu,
627 1814 733 1833 mecum
752 1806 800 1833 tibi
820 1814 895 1833 com-

111 1862 232 1885 munem,
248 1854 390 1888 pecuniam
409 1860 480 1879 unus
499 1852 636 1879 auferens.
651 1852 700 1878 llic
715 1852 797 1879 miser
813 1852 892 1879 scho-

110 1900 231 1928 lasticus.
257 1899 302 1926 tibi
320 1906 368 1933 per
387 1906 483 1926 onmes
507 1899 616 1934 juratus
640 1898 708 1925 deos
730 1905 786 1925 ante
812 1897 891 1924 fidem

111 1945 273 1972 innocentiae
298 1953 353 1972 non
369 1945 444 1976 fecit,
462 1945 494 1971 ad
508 1944 628 1980 judcem
647 1951 661 1970 a
679 1944 763 1971 sodali
780 1945 893 1978 nequis.

109 1992 178 2018 siino
209 1994 313 2017 tractos
341 1994 392 2017 est.
427 1989 543 2022 Przctor,
575 1997 629 2016 non
659 1989 771 2024 ignarus
798 1990 890 2021 oflicii.

109 2044 235 2065 severum
264 2036 381 2063 delatori
413 2035 519 2062 vultum
551 2035 698 2062 obverteus
725 2044 732 2062 :
758 2035 889 2067 Accusas,

109 2082 205 2117 inquit,
221 2085 377 2116 negantem,
400 2081 489 2107 neutri
504 2086 625 2107 vestrum
639 2081 790 2108 credimus.
803 2080 891 2108 Caete-

107 2136 165 2155 rum
183 2129 232 2155 tibi
254 2128 339 2154 actori
357 2135 427 2154 onus
445 2127 580 2154 incumbit
602 2127 786 2154 convincendi
806 2127 891 2155 certis

108 2173 216 2200 indiciis
231 2173 282 2200 rei.
300 2175 354 2208 Age
377 2172 470 2207 igitur,
485 2181 539 2207 quo
564 2178 633 2200 teste
651 2173 750 2208 probas
770 2173 889 2200 furatum

107 2221 179 2247 hunc
200 2219 342 2254 pecuniam
358 2219 409 2246 sub
434 2227 538 2254 quercu
554 2220 716 2246 defossam?
730 2220 790 2252 Quo
810 2224 890 2252 teste,

107 2266 204 2300 inquit,
229 2265 350 2300 quaeris?
364 2265 441 2299 quasi
456 2265 576 2293 arbitros
589 2265 644 2293 illic
661 2265 819 2292 adhibuerit
835 2273 894 2292 ma-

106 2311 194 2339 leficio
219 2315 369 2343 nocturno;
393 2314 484 2337 tamen
507 2313 537 2337 ut
553 2310 592 2337 dii
615 2310 720 2337 scelera
737 2310 823 2337 latere
838 2317 893 2336 non

106 2358 210 2387 sinunt,
242 2359 339 2383 testem
368 2355 439 2382 dabo
471 2355 558 2389 ipsam
593 2354 720 2382 arborem
752 2354 891 2382 consciam

106 2401 180 2429 furti.
205 2401 272 2428 Cras
297 2408 332 2427 ne
353 2400 475 2435 graveris
498 2407 532 2427 eo
548 2400 692 2427 nobiscum
716 2400 788 2434 (nec
811 2400 891 2433 longa

106 2447 146 2474 via
173 2450 231 2480 est)
258 2445 388 2477 tendere;
405 2446 502 2472 audies
520 2453 578 2472 rem
603 2445 712 2478 miram,
729 2446 889 2477 loquentem

106 2492 228 2519 arborem
237 2497 265 2519 et
276 2491 381 2519 facinus
393 2491 630 2526 improbissimum
641 2492 814 2526 prodentem.
831 2492 889 2518 Jam

106 2538 207 2566 dudum
235 2538 381 2565 subolebat
409 2538 536 2572 prudenti
561 2537 648 2573 judici
678 2545 712 2565 cx
742 2538 800 2572 ipsa
830 2539 890 2572 ejus

107 2584 304 2619 inquietissima
318 2583 480 2619 jactatione,
498 2589 525 2610 et
539 2583 696 2610 scholastici
710 2583 888 2617 simplicitate

105 2632 240 2658 eminente
263 2638 296 2658 ex
320 2637 369 2657 ore
392 2634 474 2664 atque
499 2629 605 2661 oculis,
631 2629 777 2656 nebulonis
794 2629 886 2660 fraus;

105 2683 168 2710 ergo
200 2676 356 2710 suspicans,
378 2675 452 2709 quod
484 2683 528 2702 res
558 2679 627 2707 erat,
655 2675 749 2702 dolum
785 2676 820 2702 ab
854 2683 887 2702 eo

106 2722 244 2755 quemdam
266 2722 441 2752 adornatum,
459 2721 506 2749 sed
525 2721 679 2756 prudenter
700 2722 885 2756 suspicioncttt

105 2768 290 2799 dissimulans,
313 2768 500 2795 conditionem
524 2767 652 2799 admisit;
684 2768 831 2802 edictoque
857 2772 886 2794 lit

107 2813 234 2848 postridie
263 2813 329 2840 hora
344 2813 424 2841 tertia
453 2818 507 2840 tam
537 2817 682 2840 accusator
712 2821 793 2847 quatit
823 2822 885 2841 reus

106 2859 135 2884 ad
153 2866 284 2892 quercum
308 2859 447 2890 adessent,
471 2859 566 2885 eodem
592 2859 649 2892 ipse
668 2859 809 2887 lictoribus
829 2868 878 2886 (πυ-

107 2908 221 2938 tera‘que
238 2903 337 2931 forensi
353 2905 461 2932 familiae
477 2903 609 2931 condixit.

947 1580 1011 1607 fera:
1024 1580 1171 1614 serpentis,
1186 1588 1247 1614 qua:
1262 1580 1386 1607 malefico
1402 1580 1547 1614 indulgens
1562 1580 1653 1614 genio,
1671 1578 1734 1613 pul-

946 1625 987 1651 los
1003 1624 1081 1659 cycni
1095 1624 1177 1651 simul
1193 1625 1297 1651 exclusi
1321 1625 1440 1655 fuerant,
1453 1624 1508 1657 jam
1528 1624 1628 1658 sa'pins
1647 1623 1734 1650 devo-

947 1675 1063 1697 raverat.
1092 1670 1218 1696 lrrilatns
1241 1670 1340 1704 injuria
1371 1675 1425 1696 tam
1447 1669 1602 1696 vehementi
1618 1676 1731 1703 cycnus.

945 1715 1058 1741 consilia
1074 1720 1163 1742 tamen
1177 1715 1294 1749 neglexit
1308 1715 1472 1745 amicorum,
1491 1715 1580 1741 locum
1591 1715 1731 1744 infestum,

946 1765 1087 1795 utcunque
1109 1760 1146 1786 illi
1162 1761 1194 1786 ad
1210 1766 1308 1786 uetera
1340 1760 1528 1790 commodum,
1556 1760 1609 1786 alio
1637 1759 1733 1786 tutiori

944 1813 1115 1833 commutare
1131 1806 1318 1833 suadentium.
1341 1806 1392 1833 Sed
1413 1811 1487 1832 totus
1507 1806 1632 1832 intentus
1647 1805 1674 1831 in
1691 1805 1733 1831 ul-

945 1851 1047 1876 tionem
1071 1850 1164 1885 injusti
1179 1850 1353 1885 grassatoris,
1373 1849 1539 1884 exquirebat
1554 1857 1647 1876 secum
1672 1857 1732 1875 ino-

943 1895 993 1922 dos
1006 1895 1158 1929 reponendi
1173 1895 1198 1922 ci
1213 1895 1317 1922 damni.
1336 1894 1413 1921 Talia
1440 1894 1617 1921 meditantem
1647 1893 1733 1920 adivit

943 1948 1053 1972 cancer,
1068 1945 1105 1972 et,
1119 1941 1185 1973 Cur,
1203 1941 1251 1972 ait,
1265 1949 1360 1976 cyone,
1378 1940 1580 1975 c0gitabuudus
1602 1945 1629 1966 et
1645 1940 1735 1969 tristis,

943 1987 993 2014 es?
1009 1987 1085 2014 Justa
1101 1987 1178 2018 mihi,
1197 1994 1300 2022 cycuus
1315 1987 1414 2021 inquit,
1441 1991 1469 2014 ct
1493 1985 1689 2013 sollicitudinis
1705 1991 1732 2013 ct

943 2034 1070 2060 man'oris
1083 2042 1163 2060 causa
1175 2038 1216 2060 est
1230 2041 1262 2059 ex
1275 2033 1373 2059 vicinia
1386 2032 1570 2060 voracissima:
1585 2032 1730 2066 serpentis,

944 2088 1010 2107 mea:
1025 2080 1128 2107 sobolis
1144 2087 1244 2106 cruore
1276 2078 1394 2112 saginari
1418 2078 1516 2105 solit.c.
1538 2077 1588 2104 llic
1620 2084 1730 2109 cancer,

944 2126 1035 2153 Vides.
1051 2126 1152 2158 inquit,
1170 2125 1222 2152 hoc
1235 2132 1332 2151 cavum
1344 2124 1355 2150 ?
1366 2125 1373 2158 (
1386 2123 1549 2150 ostendebat
1561 2130 1591 2149 os
1607 2122 1730 2157 patulum

943 2173 1097 2198 cavernnlzc
1120 2171 1275 2205 oppositum
1289 2177 1304 2196 e
1320 2169 1430 2203 regione
1445 2168 1564 2202 hospitio
1581 2166 1729 2200 serpentis)

910 2203 929 2229 θ
947 2216 985 2243 ibi
1001 2215 1108 2242 habitat
1123 2203 1251 2250 nyinphc,
1269 2213 1354 2240 nostri
1368 2220 1529 2239 cancrorum
1546 2212 1654 2246 generis
1669 2211 1731 2237 aniq

946 2261 999 2287 mal
1014 2268 1096 2288 vorax
1111 2265 1138 2287 et
1154 2260 1241 2286 valide
1258 2264 1405 2289 armatum,
1424 2258 1457 2284 ad
1486 2257 1542 2283 huic
1573 2256 1731 2283 ininiicissiv

946 2315 1020 2333 mum
1037 2305 1221 2340 serpentibus.
1236 2305 1310 2331 Aﬂ‘er
1323 2312 1337 2331 e
1350 2303 1473 2338 piscibus
1486 2303 1588 2338 quibus
1600 2301 1730 2333 vesceris,

944 2358 969 2379 et
985 2360 1032 2386 per
1053 2351 1226 2378 intervallum
1241 2349 1406 2377 foraminum
1431 2349 1547 2375 duorum
1567 2354 1673 2382 sparge,
1692 2347 1733 2377 ita,

945 2401 974 2423 ut
989 2406 994 2431 ι
1006 2402 1079 2423 artes
1095 2396 1205 2422 ultimas
1215 2396 1285 2421 ustio
1296 2402 1421 2422 cai‘cruze
1435 2392 1571 2427 Serpentis
1582 2393 1732 2420 admoveas

944 2443 1078 2477 proxime.
1095 2442 1220 2476 Egressa,
1246 2445 1276 2467 ut
1304 2441 1385 2472 solet,
1416 2441 1536 2475 nymphe
1560 2439 1593 2465 ad
1614 2437 1728 2464 odorem

943 2489 1051 2524 praedae,
1070 2488 1114 2514 ubi
1130 2487 1251 2522 saginam
1264 2493 1394 2521 sequens,
1408 2486 1440 2512 ad
1459 2492 1571 2520 specum
1586 2483 1730 2518 serpentis

940 2534 1106 2570 pervenerit,
1123 2534 1212 2560 isthuc
1228 2540 1337 2567 quoque
1348 2537 1494 2567 penetrans
1506 2531 1591 2565 ipsam
1609 2530 1731 2562 occidet._

941 2583 1017 2610 Fecit
1029 2581 1102 2616 quod
1117 2580 1319 2607 admonebatur
1329 2586 1442 2613 cycnus,
1455 2583 1483 2606 et
1496 2578 1600 2604 factum
1617 2583 1726 2604 succes-~

940 2628 985 2658 sit,
1003 2629 1074 2654 ultra
1094 2626 1203 2661 quidem
1221 2625 1307 2659 ipsius
1320 2629 1423 2656 votum,
1440 2625 1472 2651 ad
1487 2622 1638 2658 perniciem
1653 2622 1725 2655 ejus;

940 2683 1001 2701 nam
1017 2674 1106 2700 oecisa
1123 2677 1261 2706 serpente,
1282 2672 1412 2707 nymphe,
1444 2677 1559 2705 cycnum
1594 2672 1725 2702 prretetca

940 2728 1023 2754 prope
1040 2720 1221 2746 dormientem
1253 2723 1343 2749 nacta,
1373 2716 1502 2747 confecit,
1521 2715 1604 2749 pullis
1621 2713 1726 2748 quibus

940 2765 1085 2792 incnbabat
1103 2764 1206 2799 pariter
1217 2763 1380 2796 absumptis.
1406 2761 1493 2788 Simili
1510 2759 1647 2793 exemplo.
1674 2757 1724 2789 ﬁli,

939 2820 1036 2838 vereor
1053 2819 1086 2837 nc
1104 2818 1155 2837 nos
1167 2818 1276 2844 quoque
1293 2808 1454 2835 insidiantes
1477 2805 1567 2837 alteri,
1583 2804 1724 2831 confracta

939 2859 964 2885 in
979 2866 1028 2884 nos
1038 2865 1119 2892 quant
1138 2857 1272 2884 struimus
1288 2853 1412 2881 machina
1427 2852 1622 2887 opprimantur.
1640 2849 1724 2876 Filius

937 2905 969 2931 ad
982 2914 1012 2931 ca
1028 2913 1033 2930 :
1052 2903 1126 2930 Bono
1142 2902 1233 2929 animo
1250 2906 1319 2933 esto,
1352 2904 1439 2934 pater,
1467 2898 1565 2932 inquit,
1593 2895 1722 2925 terricula
