1913 3068
196 152 266 184 12’9

193 211 287 237 istinec
310 217 377 236 vana
398 215 480 243 sunt;
509 210 670 244 navigamus
692 210 719 236 in
741 215 834 244 portu.
864 209 977 236 Talenta
994 212 1013 237 Α

193 254 275 281 modo
293 259 322 281 et
335 255 452 289 praedam
469 255 586 289 opimatn
600 255 688 289 cogita
705 254 824 282 frttctum
837 255 977 289 paratissi-

193 308 269 327 mum
283 309 337 328 nott
353 301 498 328 laboriosa:
510 301 625 328 fraudis.
647 300 718 334 Quid
735 301 838 327 multa?
862 301 979 327 Persua-

193 354 242 374 sus
257 354 341 375 senex
354 354 447 373 cavam
461 347 586 373 arborem
614 346 697 372 subit.
717 346 805 373 Judex
825 345 859 372 ad
884 345 981 373 condi-

194 399 268 421 ctutn
286 394 372 421 adest.
394 394 562 428 Interrogata
581 402 674 428 magna
701 401 767 420 voce
785 399 899 427 quereu,
919 392 982 426 quis

193 441 303 467 furatus
331 441 491 467 thesaurum
513 441 606 467 esset?
633 440 707 467 senis
725 446 885 473 responsum
905 438 983 465 audi-

194 486 454 519 tur,ascltolastico
481 485 609 513 effossam
636 485 810 520 ablatamque
838 484 981 519 pecuniam

193 532 342 560 affirmans.
357 532 522 559 Mirantibus
537 531 658 562 cunctis,
685 539 766 566 sagax
782 535 884 565 praetor
900 531 982 557 intel-

194 578 261 606 lexit
280 578 353 612 quod
373 585 417 604 res
433 582 502 608 erat,
523 577 586 604 dolo
606 577 678 603 ntalo
695 577 836 604 condiluttt
850 576 920 603 intra
935 584 981 603 ca-

194 631 257 650 vam
274 631 406 658 quercum
419 623 558 649 hominem
578 622 678 649 audita:
694 621 769 648 vocis
784 626 923 648 auctorem
937 630 944 654 ;
956 625 984 648 et

194 668 302 695 sublato
317 669 343 694 in
358 675 482 695 severum
499 667 662 701 supercilio:
678 666 812 699 Mentiris,
826 666 924 700 inquit,
937 673 982 692 ar-

195 714 393 748 borimproba,
415 713 571 740 innocentia
594 713 749 740 scholastici
764 717 904 748 perspecta
916 711 983 739 mihi

196 765 247 787 est.
260 760 300 786 Tu
311 767 373 786 vero
382 760 442 786 falsi
453 759 706 794 testimoniijustam
718 766 825 794 pmnam
836 766 878 785 tne
890 758 983 793 judico

195 809 250 831 non
278 805 401 839 effugies.
421 805 480 831 Mox
497 805 530 830 ad
547 804 730 838 apparitores,
742 802 855 836 All‘ertc,
874 803 982 830 clamat.

199 849 289 884 ignem
299 849 388 881 ocius,
399 849 451 875 huc
462 849 589 883 Stipulam
599 853 626 875 et
641 849 724 880 faces;
735 848 881 882 conflagret
893 848 983 875 statim

195 894 309 922 mendax
321 899 444 925 truncus,
455 902 504 921 ttec
513 894 617 921 diutius
628 893 729 920 mundo
739 893 879 920 fallacibus
888 901 983 920 oracu-

195 939 231 967 lis
255 940 363 966 illudat.
390 940 502 967 Paretur
519 940 603 967 illico:
617 940 671 974 jatn
691 945 784 967 cortex
813 939 910 970 fumat,
928 939 982 974 jam

195 986 311 1013 flamma»
320 987 360 1013 vis
376 986 451 1013 intus
465 990 602 1021 penetrat,
614 987 669 1020 jam
683 993 764 1013 sensu
773 985 906 1012 excitatus
919 984 982 1011 ntali

195 1037 222 1059 et
236 1032 354 1066 imagine
368 1036 560 1059 consternatus
582 1031 696 1066 periculi
715 1038 809 1067 senex,
827 1031 960 1058 exclamat
974 1037 981 1056 :

197 1077 281 1105 Vivus
294 1078 390 1109 ardeo,
413 1077 522 1105 educite
539 1085 593 1104 nte.
623 1078 770 1104 Extractus
792 1076 982 1104 semiustulato

196 1128 295 1150 trunco
311 1127 388 1157 pater
400 1128 427 1150 et
441 1131 520 1150 suum
537 1129 564 1150 et
578 1123 624 1150 lilii
653 1123 744 1150 scelus
770 1122 982 1157 impudentissi-

195 1175 270 1194 mum
283 1168 385 1202 prodit.
398 1168 425 1194 In
441 1169 538 1195 ambos
550 1169 609 1203 lege
622 1173 712 1195 actum
726 1177 733 1200 ς
750 1172 778 1195 et
792 1168 937 1195 thesaurus
951 1168 979 1194 in

195 1214 314 1240 solidum
329 1213 502 1248 adjudicatus
515 1214 680 1241 scholastice
693 1218 745 1241 est.
763 1213 904 1248 Ejusmodi
917 1221 981 1240 suc-

194 1265 287 1285 cessus
299 1254 458 1285 solent’esse
470 1257 631 1284 insidiarum
646 1257 781 1284 malitiose
799 1261 980 1285 struetarum.

232 1303 350 1331 XXVIII.
376 1304 467 1336 Quare
502 1303 615 1338 (pergit
641 1303 805 1337 Vestigatori
828 1302 980 1329 Ceronatus

194 1349 288 1376 dicere
302 1349 311 1383 )
331 1348 468 1376 infaustus
480 1349 541 1380 tibi,
557 1354 585 1376 et
601 1348 705 1375 utittam
722 1349 806 1375 falsus
819 1353 904 1380 vates,
922 1348 980 1375 exi-

195 1395 263 1420 tinnt
284 1394 438 1426 denuntio;
457 1394 554 1422 deesse
575 1394 711 1428 siquidem
730 1402 782 1420 non
799 1398 889 1428 potest
913 1394 980 1428 quin

195 1439 267 1466 tttale
280 1447 311 1466 ac
326 1444 432 1466 tttature
453 1446 549 1474 pereas
574 1439 677 1466 scelere
707 1439 807 1474 tinguaa
826 1439 906 1466 istius
932 1440 981 1466 ob-

195 1484 362 1512 trectatricis
381 1491 409 1512 et
424 1485 548 1512 rixarum
565 1484 672 1511 satricis
687 1489 749 1518 tute,
777 1492 859 1519 qttam
880 1490 910 1511 ut
925 1493 982 1512 ser-

193 1530 335 1563 pentinam
356 1529 465 1562 ltorreo,
482 1530 568 1557 nihilo
582 1531 656 1558 enirn
673 1538 756 1564 quam
769 1531 827 1557 hate
842 1532 935 1558 minus
951 1535 978 1558 et
991 1543 1014 1574 ο

195 1576 241 1602 illa
255 1583 389 1603 venenum
407 1577 520 1611 spargit.
536 1576 592 1603 Nec
617 1576 702 1611 magis
729 1580 755 1604 te
779 1581 859 1604 vetus
886 1582 979 1604 nostra

197 1621 265 1647 tnilti
282 1622 458 1649 necessitudo
477 1622 614 1654 conciliat,
629 1630 709 1657 quam
723 1629 830 1649 morum
843 1630 874 1649 ac
885 1622 981 1648 volun-

197 1666 261 1694 tatis
280 1667 472 1694 irrevocabilis
498 1668 653 1702 malignitas
679 1676 790 1695 exosuttt
811 1667 887 1696 facit.
910 1669 979 1695 Novi

195 1713 270 1739 enint
287 1717 315 1739 et
341 1712 428 1747 probo
450 1713 583 1747 sapientis
602 1713 727 1745 eﬂ‘atum,
756 1713 915 1746 sceleratos,
939 1720 981 1742 ut-

195 1765 304 1791 runque
322 1757 423 1790 intimi,
445 1758 623 1792 quantumvis
635 1759 796 1793 cognatione
818 1764 867 1786 aut
882 1759 981 1793 quovis

195 1803 250 1829 alio
267 1803 309 1830 vel
327 1803 482 1830 arctissimo
510 1803 649 1831 affinitatis
670 1805 780 1831 vinculo
801 1805 890 1838 juncti
919 1813 981 1840 pro-

196 1848 268 1875 xitne
280 1848 346 1881 sint,
359 1857 426 1876 cane
443 1849 522 1884 pejus
534 1854 561 1876 et
576 1857 664 1884 angue
682 1849 837 1884 fugiendos.
854 1850 907 1876 Sed
922 1856 980 1877 tan-

196 1893 283 1926 tisper
296 1893 373 1926 juvat
388 1893 529 1919 remittere
544 1900 587 1919 me
608 1900 640 1919 ex
653 1892 802 1919 acerbitate
817 1897 901 1923 tanta,
917 1893 981 1919 tibi-

196 1945 250 1971 qtte
279 1938 469 1965 imminentem
502 1938 716 1972 detegendarum
753 1946 816 1965 mox
852 1938 978 1965 fraudum

196 1983 374 2014 ignominiam
390 1983 493 2011 mitiori
509 1984 634 2019 exemplo
657 1992 820 2019 proponere.
846 1985 979 2012 Mercator

196 2029 343 2063 aliquando
362 2037 459 2056 navent
477 2030 587 2057 solvens
610 2030 636 2057 in
661 2030 856 2064 profectionem
875 2030 980 2065 longin—

196 2082 289 2109 quam,
307 2075 422 2102 laminas
438 2075 502 2102 ferri
520 2075 625 2110 probati
638 2080 748 2103 centum
764 2076 837 2110 apud
860 2077 978 2103 anticum

195 2121 334 2154 ili-posuit.
351 2121 432 2148 lledit
445 2121 536 2148 salvus
550 2126 610 2155 post
626 2128 733 2160 menses
748 2121 862 2156 aliquot,
874 2126 901 2147 et
913 2121 980 2148 anti-

195 2175 258 2193 ennt
279 2166 409 2199 invisens,
444 2168 478 2194 ab
491 2175 534 2198 eo,
563 2168 586 2195 si
603 2167 736 2198 videatur,
762 2167 914 2201 depositum
938 2175 980 2194 re-

198 2212 275 2245 prtit.
292 2212 338 2240 Ille
353 2213 485 2247 perﬁdus,
504 2213 550 2247 qui
577 2213 679 2239 ferrum
708 2213 811 2239 (ludum
839 2213 978 2240 venditum
995 2216 1018 2243 D

196 2259 223 2285 itt
245 2266 301 2285 rem
322 2267 398 2286 suant
411 2264 540 2292 verterat,
557 2260 680 2294 Ignosce,
696 2259 793 2293 inquit.
813 2265 840 2284 et
863 2259 979 2286 condole

197 2304 325 2332 humanis
341 2305 459 2332 casibus.
477 2306 533 2339 Ego
560 2310 635 2332 tuum
659 2306 813 2339 depositum
839 2305 978 2340 apothecae

196 2351 341 2378 tutissimos
357 2351 559 2383 conttniscratn,
576 2356 668 2385 portas
693 2356 720 2378 et
742 2359 817 2378 seras
847 2351 980 2378 validissi-

196 2405 254 2423 ntas
283 2397 424 2424 obducens
449 2397 580 2424 adversus
603 2402 731 2424 externos
761 2398 845 2429 fures,
870 2398 979 2432 ignarus

195 2443 343 2475 nequiores
356 2443 428 2477 apud
442 2451 484 2470 me
499 2443 573 2470 nasci
586 2451 618 2470 ac
629 2443 862 2477 domifnundinari
875 2444 980 2470 latrun-

195 2489 273 2515 culos
293 2496 395 2520 mures,
413 2489 458 2523 qui
476 2489 639 2523 quambene
662 2489 766 2516 detttati
789 2490 845 2517 sittt
873 2490 980 2516 labora-

195 2535 249 2566 bis,
265 2535 374 2570 opinor,
391 2535 419 2562 in
435 2535 593 2568 credendo;
620 2543 682 2562 nam
711 2543 745 2562 ne
776 2535 842 2562 tttihi
867 2536 979 2570 quidem

196 2580 356 2615 persuaderi
373 2581 518 2616 potuisset,
534 2582 586 2608 nisi
612 2581 757 2608 vidissem.
775 2581 863 2608 Narro
888 2587 980 2608 autem

195 2633 258 2660 quae
283 2626 371 2653 oculis
392 2634 514 2661 pra-sena
532 2627 637 2662 subjeci
653 2636 659 2655 :
693 2627 810 2654 Circiter
827 2632 889 2661 post
905 2635 981 2655 men—

194 2676 252 2696 Gem
273 2677 354 2703 qttant
380 2670 493 2697 laminas
523 2675 583 2697 tuas
604 2670 631 2697 in
652 2675 709 2698 tuto
739 2678 924 2705 reposuerant,
952 2672 979 2699 in

195 2717 324 2744 intimum
339 2717 404 2743 illttd
428 2717 569 2751 ingressus
595 2718 747 2752 penetrale,
774 2717 882 2752 reperio
902 2725 979 2749 ecce,

199 2762 295 2788 miram
312 2763 385 2789 renti
401 2763 504 2790 comesi
520 2770 534 2789 a
553 2763 689 2790 soricibus
701 2763 766 2789 ferri
786 2762 899 2797 exiguas
912 2763 982 2790 dun-

196 2805 271 2834 taxat
287 2808 425 2842 reliquias,
444 2813 472 2836 et
496 2809 561 2836 vilia
579 2810 646 2836 nulli
675 2809 713 2836 rei
742 2809 818 2836 utilia
846 2815 978 2836 ramenta.

197 2853 298 2880 Verum
316 2861 369 2881 non
386 2862 418 2882 ea
444 2855 511 2882 tanti
531 2859 586 2883 tota
611 2856 719 2884 demunt
748 2856 854 2891 jactura
873 2860 924 2886 est,
953 2861 981 2883 ut

999 878 1019 906 Β

902 149 1108 180 API‘ENDIX.

1766 141 1835 175 1980

1030 211 1068 237 tui
1096 211 1201 238 reditus
1235 210 1381 238 incolumis
1408 208 1584 244 interpellare
1610 206 1834 243 gratulationem

1032 256 1149 288 debeat;
1180 257 1379 284 obliviscantur
1409 257 1471 287 ista,
1504 259 1532 282 et
1560 254 1662 282 soteria
1685 258 1734 280 tua
1763 253 1835 279 cele-

1033 303 1145 330 bremus
1158 298 1273 336 hilares,
1287 312 1342 330 una
1358 303 1444 330 simus
1460 303 1542 329 hodie
1561 301 1594 328 ad
1623 307 1751 328 caenam.
1773 299 1832 329 Dic,

1033 349 1123 382 sodes,
1146 351 1255 384 spernis
1283 349 1417 381 sodalem,
1434 357 1467 376 an
1483 352 1676 384 exspectamus
1693 346 1744 373 te?
1771 345 1832 373 [lch

1033 399 1169 421 mercator
1183 395 1309 425 audiens,
1330 395 1380 422 etsi
1396 394 1506 429 penitus
1535 392 1749 427 indignabatur.
1772 391 1832 418 infi-

1033 439 1143 466 ciatoris
1171 439 1370 474 impudentiam
1397 440 1549 470 admirans,
1584 439 1653 464 iram
1677 442 1775 464 tamen
1804 437 1829 463 in

1033 490 1166 520 potestate
1182 485 1288 518 habuit,
1318 490 1345 512 et
1374 485 1433 512 suis
1463 484 1552 511 furem
1574 483 1686 510 artibus
1713 482 1829 517 aggredi

1033 536 1135 563 certus,
1156 532 1328 559 occasioan
1346 531 1516 564 exsequendi
1536 530 1680 562 meditata,
1700 529 1729 556 in
1750 536 1828 556 ccena

1033 579 1084 605 ista
1101 578 1134 605 ad
1149 585 1231 612 quam
1248 577 1427 609 invitabatur,
1456 576 1627 603 offerendam
1647 575 1704 601 sibi
1740 579 1828 604 ratus,

1033 623 1140 651 vocanti
1159 625 1275 650 contiter
1288 623 1424 657 promisit.
1437 621 1507 648 Tttm
1523 621 1604 655 paulo
1630 624 1696 646 ante
1726 620 1830 645 consti-

1034 672 1122 695 tntttm
1143 669 1302 700 adveniens,
1323 667 1463 694 ludentem
1478 667 1506 693 in
1528 666 1600 693 ostio
1623 664 1727 700 perfidi
1747 665 1827 691 amici

1034 714 1149 742 filiolum
1168 718 1276 746 nactus,
1303 714 1478 741 familiariter
1500 715 1527 740 in
1544 713 1623 739 ulnas
1640 711 1791 738 sublatum
1805 710 1827 737 in

1034 768 1111 787 suant
1130 761 1241 787 domum
1260 759 1360 791 aufert,
1383 764 1411 787 ct
1427 760 1486 786 suis
1500 760 1538 786 ibi
1566 759 1718 793 diligenter
1738 765 1828 784 asser-

1034 808 1153 833 vandum
1174 806 1350 833 commendat
1365 806 1467 839 pueris.
1495 805 1632 832 Reversus
1647 805 1727 831 vultu
1757 804 1828 831 reui-

1036 853 1124 883 denti.
1139 856 1263 886 paratum
1280 860 1310 879 se
1326 852 1358 879 ad
1376 851 1604 878 discumbendum
1623 851 1717 878 offert.
1733 851 1769 876 At
1788 857 1829 884 pa-

1034 904 1075 925 ter
1090 899 1211 930 infantis,
1241 899 1300 931 eius
1321 898 1445 925 absentia
1475 898 1620 929 sollicitus,
1642 897 1739 923 statim
1774 896 1829 922 viso

1035 949 1204 971 mercatore:
1222 944 1315 971 chsl
1335 952 1399 978 quo,
1430 943 1530 977 inquit,
1550 943 1697 976 pusionem
1729 942 1830 975 depor-

1035 991 1117 1017 tasti?
1139 997 1200 1016 nam
1223 994 1249 1016 te
1269 990 1415 1016 abstulisse
1445 989 1534 1023 geruli
1562 993 1726 1015 narrarunt.
1760 989 1827 1013 'l'um

1034 1041 1182 1066 mercator,
1202 1036 1259 1063 Ilcu
1276 1043 1369 1062 casum
1384 1035 1538 1062 infelicentl
1559 1034 1745 1063 exclamavit;
1778 1040 1829 1060 su-

1034 1081 1082 1108 tim
1096 1081 1218 1108 sedatius
1231 1081 1415 1115 stthjungens;
1432 1079 1617 1106 Rcferendnm
1633 1079 1710 1106 enim
1727 1084 1754 1105 et
1781 1086 1828 1112 ego

1034 1127 1121 1154 habeo
1153 1126 1406 1160 inopinatis-simum
1443 1130 1471 1152 et
1498 1125 1547 1152 tibi
1586 1125 1630 1151 vix
1657 1125 1826 1152 credibilem

1032 1177 1172 1200 eventum.
1191 1172 1330 1199 Tenebam
1348 1172 1474 1206 amplexu
1503 1172 1632 1199 suavians
1662 1172 1826 1205 parvulum,

1032 1224 1093 1244 cum
1107 1217 1238 1251 accipiter
1253 1218 1356 1251 impetu
1373 1217 1505 1244 devolans
1533 1222 1658 1251 ereptum
1677 1224 1692 1243 e
1718 1216 1826 1251 gremio

1033 1263 1117 1290 altum
1136 1265 1236 1297 rapuit,
1271 1263 1444 1296 avolavitque
1468 1263 1562 1289 nescio
1592 1270 1658 1296 quo.
1687 1262 1828 1296 disparuit

1033 1310 1135 1344 quippe
1165 1317 1197 1336 ex
1222 1310 1309 1336 oculis
1343 1309 1487 1336 citissinte.
1509 1309 1610 1342 Apage,
1635 1312 1753 1335 vocator
1778 1306 1826 1339 ait,

1032 1363 1118 1389 nugas
1136 1357 1211 1387 istas,
1230 1354 1314 1381 redde
1331 1354 1368 1382 sis
1385 1354 1516 1381 infantem
1540 1363 1546 1379 :
1563 1353 1712 1388 accipitres
1724 1361 1826 1387 pueros

1033 1401 1150 1435 rapiant,
1167 1400 1280 1427 scilicet.
1294 1399 1395 1433 Quidni
1411 1399 1538 1434 rapiant?
1552 1399 1660 1433 reponit
1674 1404 1823 1430 mercator,

1032 1447 1138 1474 ironico
1152 1447 1260 1479 arrisu;
1279 1446 1407 1481 equidem
1422 1454 1455 1473 ex
1470 1454 1536 1480 quo,
1553 1450 1584 1472 ut
1611 1453 1762 1476 memoras,
1782 1453 1824 1472 ro-

1034 1492 1100 1520 dere
1128 1500 1219 1519 mures
1241 1493 1344 1520 ferrum
1369 1497 1534 1526 cmperunt,
1558 1491 1654 1518 eadem
1681 1497 1821 1518 astrorum

1030 1538 1072 1565 vis
1087 1546 1185 1565 arcana
1206 1545 1266 1572 qua:
1280 1538 1376 1565 dentes
1402 1538 1523 1564 soricum
1543 1537 1739 1565 adamantinos
1764 1536 1823 1562 ml-

1032 1585 1112 1617 didit,
1139 1592 1243 1618 ungues
1268 1591 1377 1619 quoque
1405 1584 1543 1610 falconum
1574 1591 1626 1610 tere
1646 1587 1701 1609 tant
1734 1584 1822 1616 rigido

1032 1629 1158 1660 armavit.
1180 1633 1210 1656 ttt
1223 1630 1277 1664 jam
1297 1630 1338 1656 vel
1355 1629 1517 1664 clepltantes
1542 1628 1570 1655 itt
1604 1628 1689 1654 altum
1714 1629 1820 1655 tollant.

1032 1676 1077 1703 Sic
1090 1676 1173 1710 igitur
1187 1676 1268 1707 ltabe,
1286 1675 1345 1709 pari
1368 1675 1502 1702 ambobus
1514 1674 1594 1701 nobis
1616 1682 1681 1701 casu
1705 1674 1822 1708 periisse

1032 1722 1098 1748 mihi
1128 1722 1241 1754 ferrttm,
1267 1721 1315 1748 tibi
1339 1721 1437 1747 filium.
1467 1720 1661 1754 Deprehensus
1677 1720 1754 1746 dicto
1776 1728 1820 1746 tte-

1032 1767 1118 1799 bulo,
1154 1767 1264 1794 nonnisi
1303 1767 1428 1801 abnegati
1462 1766 1577 1800 depositi
1607 1765 1750 1800 persoluto
1774 1766 1822 1792 rite

1032 1814 1121 1848 pretio
1136 1817 1230 1840 natum
1248 1813 1367 1847 deniqtte
1387 1813 1501 1847 recepit.

1067 1855 1161 1882 XXIX.
1176 1855 1267 1882 Talem
1280 1860 1306 1882 et
1323 1860 1348 1882 te
1361 1855 1550 1884 confusionem
1560 1855 1821 1890 cxspectarejnbeo,

1031 1901 1086 1928 tuis
1114 1901 1222 1928 tandem
1250 1901 1392 1928 fraudibus
1409 1902 1611 1936 meudaciisque
1629 1901 1821 1935 deprehensis.

1032 1947 1083 1974 Sed
1099 1947 1160 1974 lavo
1177 1947 1290 1974 laterem
1311 1947 1368 1974 hate
1388 1947 1557 1978 admonens,
1577 1955 1731 1981 aquamque
1751 1947 1822 1980 pari-

1031 1997 1073 2019 ter
1090 1997 1172 2027 atque
1187 2001 1298 2026 operam
1314 1993 1342 2019 itt
1362 1992 1528 2026 detergenda
1547 1992 1684 2026 Aitltiopis
1700 1992 1822 2025 nigredi-

1031 2046 1077 2068 ne.
1106 2045 1166 2072 qua:
1194 2038 1305 2072 penitus
1333 2043 1461 2065 concreta
1490 2037 1564 2064 nullo
1594 2037 1668 2064 nitro
1694 2037 1823 2064 delebilis

1032 2080 1155 2111 inolevit.
1175 2082 1270 2117 perdo.
1289 2082 1334 2109 Sic
1350 2083 1432 2109 ltomo
1454 2083 1553 2114 malus,
1567 2087 1710 2116 postquam
1731 2083 1821 2109 omnia

1033 2128 1192 2158 tentaveris,
1206 2128 1274 2154 nihil
1295 2127 1403 2155 dcmttm
1425 2128 1497 2154 aliud
1525 2135 1605 2162 quant
1629 2127 1712 2153 homo
1736 2128 1822 2154 malus

1032 2178 1095 2201 est:
1115 2178 1144 2200 ttt
1163 2181 1273 2208 pontum
1293 2174 1435 2204 acerbum,
1463 2178 1601 2207 utcunque
1627 2173 1716 2207 ipsum
1744 2173 1822 2199 tue'le

1032 2220 1131 2254 saepius
1153 2219 1272 2250 ohlinas,
1287 2219 1416 2245 acerbum
1434 2224 1523 2245 tanton
1545 2223 1654 2244 manet:
1677 2225 1731 2243 non
1747 2218 1818 2243 enim

1032 2268 1138 2290 mutare
1161 2267 1286 2289 naturam
1304 2263 1434 2297 applicita
1461 2262 1583 2289 exterius
1598 2267 1687 2296 potest
1709 2263 1820 2288 unctio:

1030 2314 1077 2335 aut
1091 2309 1142 2335 mel
1160 2309 1186 2335 itt
1200 2308 1344 2341 superficie
1367 2308 1517 2337 affrictunt.
1550 2307 1703 2334 atnariticm
1733 2316 1823 2334 cmen-

1029 2354 1094 2381 dare
1105 2354 1178 2380 succi
1194 2353 1314 2388 maligni,
1327 2353 1507 2380 substantiam
1519 2353 1643 2379 intitnant
1659 2352 1817 2379 ittficientis.

1029 2400 1117 2432 Quare
1131 2400 1216 2427 satius
1231 2405 1283 2432 est,
1302 2399 1446 2434 desperata
1461 2399 1604 2426 curatione
1619 2398 1817 2432 improborum.

1031 2445 1160 2471 recedere
1177 2445 1210 2471 ab
1229 2452 1325 2471 eorutn
1337 2444 1555 2476 consuetudine;
1577 2443 1738 2477 versarique
1758 2451 1817 2470 cutn

1031 2488 1110 2515 bonis
1124 2493 1152 2516 et
1171 2488 1374 2515 innocentibus.
1390 2488 1545 2515 Periculum
1560 2487 1632 2514 enint
1646 2492 1689 2514 est
1704 2495 1737 2514 ne
1751 2495 1818 2514 mor-

1031 2533 1081 2560 bus
1097 2534 1259 2569 contagione
1284 2538 1458 2569 propagetur,
1483 2538 1510 2560 et
1527 2534 1586 2560 sani
1613 2541 1816 2568 supervacanee

1031 2581 1119 2607 seduli
1142 2576 1171 2608 in
1195 2581 1324 2616 juvandis
1347 2580 1428 2615 aegris
1451 2579 1620 2611 istiusmodi,
1636 2586 1688 2606 nec
1715 2580 1818 2613 prosint

1032 2627 1094 2660 illis,
1117 2631 1144 2654 et
1158 2627 1210 2654 sibi
1232 2631 1368 2661 noceant;
1390 2634 1422 2653 ac
1436 2626 1458 2653 si
1477 2626 1567 2662 minus
1583 2626 1730 2660 languorcs
1745 2625 1814 2660 ipso.

1021 2681 1092 2699 'l‘llltl
1114 2673 1294 2704 contrahant;
1316 2676 1391 2699 certe
1408 2671 1490 2698 afflati
1510 2671 1580 2698 malo
1601 2678 1633 2697 ex
1655 2671 1689 2697 iis
1710 2670 1817 2698 halante

1032 2719 1127 2750 odore,
1143 2719 1260 2750 feteant;
1277 2725 1332 2744 non
1352 2718 1425 2744 enim
1443 2717 1513 2744 bene
1537 2717 1610 2743 olere
1631 2720 1749 2750 possunt
1773 2716 1816 2750 qui

1033 2763 1137 2790 latriuis
1155 2767 1203 2789 aut
1218 2763 1319 2790 cloacis
1339 2763 1476 2793 assident,
1493 2763 1531 2788 uti
1556 2769 1571 2788 e
1592 2761 1730 2788 contrario
1749 2769 1817 2788 nun-

1033 2818 1113 2845 quam
1143 2810 1218 2837 abest
1248 2810 1313 2843 quin
1340 2809 1459 2836 suaviter
1488 2808 1592 2843 spirent
1622 2807 1668 2842 qui
1697 2807 1815 2842 seplasiis

1034 2857 1259 2883 :tl‘Olllalﬂl‘lOl‘um
1288 2855 1477 2883 immorantur.
1510 2854 1564 2881 Nec
1586 2862 1629 2881 tne
1650 2854 1718 2889 fugit
1741 2862 1816 2888 quam
