1913 3068
95 143 164 177 128i

530 142 722 171 SPECIMEN'
746 139 964 170 ΞᾹΡΙΕΝΤΙίΕ
988 140 1168 170 lNDOllUM
1188 141 1268 170 ΥΕΤ.

1661 139 1729 171 ῙΞδΞ

91 206 166 231 11111111
187 211 250 239 spes
265 203 393 238 aflulgcat
404 202 467 229 huic
482 209 553 229 vano
569 206 597 228 ct
620 201 685 227 mihi
705 200 785 227 noxio
802 198 889 226 labori
903 201 926 229 Λ
941 206 998 230 rus,
1016 198 1116 225 nedum
1133 206 1246 234 regnare
1265 198 1328 225 felix
1339 203 1457 233 poteras.
1476 199 1565 232 Quare
1588 199 1658 226 refer
1673 201 1730 227 ani-

91 256 164 278 Ineo,
180 248 273 282 gratia:
285 247 379 274 saltem
393 245 519 274 ineundae
538 254 553 274 a
567 250 602 278 te,
619 253 700 280 quem
716 246 772 272 scio
790 244 882 280 gravi-

89 300 132 322 ter
148 293 247 320 oll‘rndi
263 293 374 320 monitis
389 293 463 319 hisce
478 291 558 325 meis,
574 299 606 318 ac
622 299 655 318 ne
670 291 742 318 l'crrc
773 290 881 325 quidem

89 340 208 367 libenter
236 344 412 372 conspectum
441 345 544 366 meum.
568 338 614 364 Sic
644 338 717 364 enim
741 344 882 370 compara-

89 390 148 411 tum
174 389 270 411 natura
293 389 353 415 est,
388 388 417 410 ut
447 383 544 418 ingrati
571 388 665 410 mutuo
696 383 751 410 sint
774 388 883 409 contra-

91 430 194 456 riorutu
220 436 379 456 occursus:
411 433 438 455 et
476 429 552 455 stulti
585 428 751 462 sapientum.
779 427 880 454 indocti

89 475 261 502 eruditorum
274 494 281 505 .
313 474 386 509 parci
428 474 566 508 largorum
580 495 586 505 ,
615 474 765 500 inhabiles
779 473 883 507 patieu-
894 470 909 482 ‘

90 526 167 551 tum,
199 528 364 553 congressus
392 524 565 551 averscntur,
591 525 618 546 et
633 520 799 546 exhorrcant
822 519 882 546 visu

90 566 151 600 ipso
180 566 258 600 quasi
293 566 385 592 avium
423 564 535 591 infausti
564 565 690 599 augurii.
719 564 780 592 Haec
807 565 884 591 locu~

90 616 136 637 tus
163 611 316 637 Coronatus
343 609 455 636 recessit
483 609 605 636 domum.
633 609 768 636 Caeterum
802 609 885 636 inter-

90 656 161 682 iecto
178 661 267 687 tauro,
280 655 368 681 statim
383 655 488 682 leonem
502 654 564 681 facti
577 654 712 688 pamiluit,
726 654 884 682 exstabant-

89 709 143 735 que
153 702 179 728 in
189 701 248 736 ejus
263 702 337 728 vultu
353 708 407 727 non
425 701 542 727 obscura
558 700 657 726 indicia
674 700 809 731 maeroris;
825 708 886 734 quae

88 755 150 774 cum
170 747 341 774 observasset
361 746 574 773 scelestissimus
599 746 762 780 Vestigator,
788 750 814 772 et
833 745 884 772 sibi

90 793 159 819 male
176 793 302 819 conscius
318 796 451 819 metueret
469 800 502 819 ne
531 792 706 818 retractanda
723 791 791 818 tauri
805 799 885 817 causa

89 838 193 872 aliquid
217 838 402 871 detegeretur,
428 838 501 872 quod
523 845 571 864 sua
593 838 708 864 maxime
742 837 886 863 interesset

934 253 1007 271 11111111
1028 244 1061 271 ad
1077 244 1258 271 constantiam
1273 249 1298 271 to
1312 244 1432 278 dignam,
1449 249 1484 276 ct,
1496 253 1610 272 excussa
1634 246 1730 272 11111111)-

933 289 974 317 bri
990 289 1113 322 tuollitie,
1138 290 1272 324 gratulare
1291 289 1338 316 tibi
1356 294 1381 317 et
1399 290 1478 317 nobis
1495 297 1667 317 communem
1692 290 1731 317 le-

933 335 1079 367 licilatem,
1096 342 1146 369 pro
1177 340 1252 362 certo
1285 335 1400 367 habens,
1434 335 1459 361 id
1482 335 1555 369 quod
1572 340 1662 362 acttttn
1687 339 1730 362 est

935 381 1118 408 neci-ssarium
1143 381 1294 408 remedium
1322 381 1384 407 mali
1407 381 1561 416 gravissimi
1584 382 1679 408 fuisse.
1696 381 1731 408 [ι

933 429 1006 455 enim
1032 428 1184 455 membrmu
1201 428 1274 462 quod
1303 430 1395 462 vipera
1409 429 1567 460 momordit,
1591 429 1643 456 nisi
1669 437 1730 456 sca-

934 475 1066 504 rilicetur.
1090 478 1138 500 aut
1163 474 1245 500 etiam
1270 473 1443 508 prarcidatur,
1471 481 1606 500 venenum
1631 481 1731 508 propa-

934 524 979 554 gat
1007 520 1035 546 in
1063 527 1164 553 corpus
1198 519 1345 553 reliquum.
1390 519 1479 553 quoad
1509 520 1536 545 in
1564 519 1623 553 ipso
1647 519 1730 546 corde

936 565 1019 591 vitam
1039 565 1203 599 exstinguat,
1226 565 1265 591 sic
1280 569 1375 590 taurus
1392 564 1441 590 iste
1458 563 1574 598 negotiis
1590 572 1605 590 a
1623 567 1648 590 te
1662 571 1732 597 prte-

937 611 1052 646 positus,
1072 615 1099 638 et
1127 618 1143 638 e
1163 610 1294 637 membris
1316 615 1414 637 nostra:
1445 610 1607 644 reipublicze
1634 610 1729 644 praeei-

937 664 1030 690 puum,
1060 655 1229 690 indulgentia
1254 660 1298 682 tua
1318 655 1417 687 factus,
1438 659 1583 689 postquam
1602 655 1728 689 viperino

937 702 1254 736 quodamingratissinue
1266 701 1470 728 invidiielivore
1481 709 1566 735 usque
1584 702 1616 728 ad
1635 702 1728 728 odium

939 749 977 775 tui
1013 753 1040 776 ct
1063 749 1197 775 nefarium
1220 747 1366 774 insidiandi
1398 747 1458 774 vitae
1489 753 1541 774 tua:
1584 748 1730 775 consrlium

937 795 1070 823 extnhuit.
1083 793 1208 820 abscindi
1220 798 1325 820 mature
1337 790 1441 826 debuit,
1456 801 1489 820 ne
1502 797 1589 820 totum
1606 801 1730 828 regnum.

938 845 966 866 et
984 844 1009 866 te
1036 839 1164 870 maxime,
1187 847 1234 864 cor
1249 845 1282 865 ae
1305 844 1388 872 caput
1404 838 1484 873 hujus
1510 838 1646 872 corporis,
1661 839 1731 865 male

89 885 228 912 occultum
256 892 426 919 permanere.
443 883 677 911 conﬁdentissime
703 879 811 910 leonem
833 883 883 909 ad-
899 883 919 911 11
935 886 1072 920 perderet.
1090 885 1125 912 Ea
1145 884 1242 919 perlidi
1270 883 1434 910 veteratoris
1467 883 1539 910 dicta
1566 883 1637 910 leoni
1665 889 1731 912 tunc

91 931 152 957 iens
167 938 174 956 :
190 929 261 962 Quid
283 934 319 963 te,
337 929 435 963 inquit.
453 929 574 960 domine,
593 928 697 954 tristem
714 927 794 954 video
819 935 881 954 cum

92 975 192 1010 injuria
220 975 346 1008 fortuna},
372 977 416 1002 cui
431 976 452 1002 si
468 981 571 1010 gratus,
591 980 621 1001 ut
644 975 740 1008 debes,
755 983 814 1002 esse
830 974 882 1006 vis,

89 1029 238 1056 agnoscere
265 1025 293 1048 et
322 1021 470 1055 prmdicare
494 1026 520 1047 te
542 1024 652 1055 oportet
694 1027 832 1047 summum
857 1025 886 1046 et

91 1066 310 1094 recentissimum
336 1067 395 1100 ejus
428 1066 602 1100 beneﬁcium,
628 1073 710 1101 quoa
734 1065 886 1101 proditione

91 1111 255 1145 insidiisque
281 1111 490 1138 tauriscrvatus
516 1118 555 1137 es.
584 1111 617 1136 At
644 1118 672 1137 tu
703 1116 797 1137 contra
822 1109 887 1138 mihi

91 1157 204 1187 videris,
231 1158 312 1184 latum
334 1157 442 1183 cuidam
473 1157 617 1191 indulgens
633 1157 725 1184 cordis
759 1157 892 1183 teneritu-

90 1204 168 1233 111111,
198 1203 307 1230 fallaces
340 1202 511 1229 insidiatoris
555 1201 693 1228 vaferrimi
744 1201 891 1228 blanditias

92 1249 242 1281 recordari,
254 1249 377 1284 adeoque
393 1256 462 1283 pene
478 1248 636 1275 desiderare
658 1249 731 1283 justo
756 1247 891 1282 supplicio

91 1301 275 1330 peremptum,
290 1303 345 1330 quo
369 1294 499 1322 incolumi
515 1301 549 1321 ue
564 1294 656 1320 vivere
678 1293 788 1327 quidem
811 1300 891 1320 sccu-

933 929 1092 963 scrupulum
1110 934 1282 960 exemcruut.
1299 929 1337 956 ita
1350 933 1379 956 ut
1396 937 1504 963 aequum
1521 929 1578 964 jam
1593 929 1729 963 animum,

936 981 966 1002 ut
995 979 1071 1007 ante.
1101 975 1218 1010 negotiis
1247 975 1412 1007 adverteret,
1432 982 1580 1008 persuasus
1595 976 1730 1002 meruiSse

937 1026 1044 1047 taurum
1057 1028 1117 1054 qua:
1135 1028 1230 1054 passus
1245 1019 1344 1046 fuerat.
1359 1019 1406 1045 llis
1427 1020 1650 1054 gymnosophista
1666 1028 1730 1055 pcr-

938 1067 1022 1094 oratis
1045 1066 1257 1100 disputationem
1286 1065 1453 1093 concludens
1481 1065 1537 1100 regi
1568 1065 1636 1093 dixit
1664 1075 1670 1093 :
1698 1066 1728 1093 lu

940 1112 1015 1139 hunc
1031 1111 1154 1143 modum,
1168 1111 1290 1142 domine,
1305 1112 1377 1146 quod
1399 1112 1556 1145 quaesieras,
1572 1112 1654 1138 homo
1668 1120 1730 1139 sce-

939 1157 1041 1183 let-atus
1059 1162 1086 1183 et
1112 1156 1221 1183 invidus
1242 1156 1313 1183 duos
1340 1161 1420 1183 antea
1440 1156 1510 1183 inter
1526 1165 1555 1184 se
1578 1157 1730 1184 concordes

939 1203 1117 1230 calumniosis
1133 1203 1259 1230 artificiis
1283 1202 1398 1229 invicem
1414 1203 1572 1234 committit,
1590 1211 1622 1230 cx
1639 1203 1729 1230 aliena

939 1253 967 1276 et
993 1255 1062 1281 saepe
1085 1249 1194 1283 publica
1217 1249 1373 1276 calamitate
1398 1249 1534 1283 privatum
1559 1250 1728 1277 astutiSsime

939 1300 1073 1328 quaestum
1088 1299 1212 1328 captans.

599 1409 864 1441 DlSSERTATlO
884 1412 930 1441 PA
937 1412 988 1441 BA
994 1410 1045 1440 ΒΟ
1051 1410 1137 1441 LlCA
1157 1410 1183 1440 ll
1190 1433 1197 1440 .

93 1487 252 1526 Exprimit
283 1484 443 1524 ingenium
477 1484 525 1514 rei
549 1483 678 1514 audacis
705 1488 733 1514 et
756 1484 865 1514 callidi
892 1483 926 1514 in
953 1483 1252 1526 eludendojudicio,
1282 1487 1310 1513 et
1333 1482 1524 1514 demonstrat
1550 1483 1660 1513 inutile
1685 1484 1728 1515 ad

579 1528 749 1553 extremum
762 1533 826 1554 esse
844 1529 943 1554 totum
959 1524 1043 1554 istud
1055 1524 1236 1562 arti/icium.

127 1590 198 1617 Dixit
214 1594 304 1616 atttcm
322 1596 369 1615 rex
385 1588 616 1623 gymnosophistte
634 1596 640 1613 :
659 1588 795 1623 Cuperem
808 1588 886 1616 audi-
900 1592 921 1620 ο
939 1589 1045 1624 pungit,
1062 1596 1162 1622 corpus
1178 1587 1266 1622 ipsum
1282 1587 1374 1614 exedit
1396 1591 1422 1613 et
1448 1591 1576 1614 macerat.
1591 1587 1726 1614 Prarterca

92 1645 119 1663 re
133 1637 198 1671 quid
217 1635 381 1670 Vestigatori
397 1635 520 1661 evenerit
536 1639 597 1668 post
614 1642 709 1660 ncccut
733 1634 815 1660 tauri.

128 1684 147 1710 1.
170 1682 320 1716 ltespundit
335 1679 556 1714 gynnmsophista
570 1687 576 1705 :
590 1679 687 1706 Occiso
702 1684 790 1709 tauro.
802 1683 883 1706 nocte

89 1728 208 1762 quadam
262 1734 389 1761 egressus
431 1725 594 1759 Ieopardus.
638 1724 684 1758 qui
720 1724 785 1750 olim
823 1724 883 1750 fuc-

91 1779 132 1799 ται
156 1773 284 1806 magister
305 1772 404 1803 leonis,
425 1775 454 1798 ct
481 1775 557 1804 tunc,
571 1770 642 1796 inter
667 1769 726 1804 cjus
758 1770 884 1796 consilia-

91 1820 144 1846 rios
158 1819 268 1845 intimos
283 1817 334 1843 [ide
351 1821 431 1850 atque
445 1816 607 1842 auctoritate
627 1815 781 1850 pra‘cipuus
798 1815 882 1842 habe-

91 1866 181 1896 batur,
208 1862 340 1897 applicuit
356 1868 450 1888 aurem
476 1861 548 1887 forte
582 1860 716 1887 transiens
730 1861 762 1887 ad
783 1860 883 1887 Ostium

92 1909 278 1944 Vcstigatoris,
295 1915 328 1934 co
340 1907 513 1934 commodum
537 1911 657 1940 tempore
671 1913 725 1940 quo
748 1914 778 1933 ea
796 1905 883 1933 Coro-

91 1963 170 1983 uatus
185 1955 209 1982 ei
237 1960 413 1985 succensetts,
436 1952 612 1987 loquebatur.
628 1959 688 1986 qua:
706 1951 785 1978 retuli
801 1951 884 1986 paulo

92 2002 227 2037 superius.
244 2000 354 2028 Audivit
368 1999 450 2034 igitur
475 1998 688 2033 exprobrantcm
721 1998 881 2032 Vcstigatori

91 2046 256 2073 Coronarum
278 2043 409 2077 malignas
433 2047 506 2069 artes
535 2041 645 2076 quibus,
677 2042 787 2068 invidiae
803 2046 884 2076 atque

92 2091 156 2117 odio
181 2089 326 2122 indulgens
343 2088 472 2123 propriis,
497 2093 605 2114 taurum
627 2089 802 2114 innocentem
830 2088 884 2114 cir—

93 2140 279 2167 cumvenerat,
303 2135 411 2162 leonem
433 2134 486 2161 lido
501 2139 528 2160 et
541 2133 599 2160 utili
619 2134 746 2161 ministro
760 2134 885 2168 privave-

90 2187 131 2208 rat
146 2190 153 2208 :
170 2181 381 2208 comminantem
399 2180 482 2206 ctiatn
504 2179 572 2206 iram
598 2179 724 2212 deorum,
755 2185 782 2206 et
797 2187 886 2214 augu.

91 2232 194 2254 rantcm
225 2227 250 2253 ei
266 2233 281 2252 a
297 2226 375 2253 leone
391 2226 450 2260 ipso
478 2233 558 2260 quem
586 2225 742 2260 deceperat,
767 2226 880 2261 dignum

935 1635 1008 1668 quod
1035 1634 1219 1668 perniciosum
1237 1633 1278 1659 vel
1307 1633 1422 1659 maxime
1443 1634 1566 1667 regnanti
1583 1637 1635 1664 est,
1658 1633 1726 1659 cali-

935 1681 1025 1714 ginem
1050 1679 1161 1706 obducit
1179 1679 1273 1710 menti,
1292 1686 1373 1712 quam
1390 1678 1434 1704 ille
1453 1685 1562 1711 semper
1575 1678 1684 1712 vigilem
1698 1683 1727 1705 et

935 1725 1082 1760 tranquille
1111 1729 1243 1751 attentam
1273 1724 1405 1750 adhibere
1438 1724 1555 1758 negotiis
1580 1724 1723 1750 debuerat.

935 1770 999 1802 Sed,
1027 1777 1118 1804 qttzeso
1135 1775 1171 1802 te,
1184 1769 1270 1796 fatere
1297 1769 1362 1795 mihi
1391 1769 1456 1803 quid
1473 1772 1499 1795 te
1518 1773 1619 1802 angat;
1636 1774 1684 1794 aut
1701 1769 1724 1794 si

934 1815 1027 1842 dicere
1043 1814 1190 1845 cunctaris,
1206 1814 1275 1845 sine,
1301 1813 1434 1845 divinent;
1452 1820 1506 1839 non
1528 1813 1602 1839 enim
1622 1818 1724 1839 tcmcre

934 1859 1100 1887 atIirmatura
1127 1859 1239 1889 videor,
1270 1857 1386 1885 cruciari
1420 1862 1446 1883 te
1475 1864 1534 1883 sera
1563 1856 1724 1890 poenitcnta

934 1905 1010 1931 necis
1036 1904 1116 1936 tauri,
1134 1903 1211 1938 quasi
1227 1903 1287 1938 ejus
1305 1906 1448 1930 accusator
1469 1901 1550 1928 nimis
1568 1902 1646 1928 facile
1664 1910 1726 1929 crc-

935 1949 1038 1975 tiidcris
1051 1957 1057 1975 :
1071 1956 1132 1975 cum
1152 1948 1287 1975 mstimare
1305 1952 1328 1974 te
1345 1947 1435 1981 potius
1458 1947 1491 1974 de
1504 1947 1562 1980 ejus
1579 1947 1606 1973 iu
1626 1952 1650 1974 te
1666 1955 1724 1973 11111-

935 2002 979 2021 11111
991 2002 1023 2021 cx
1040 1999 1086 2021 tuo
1110 1995 1135 2020 in
1161 2002 1222 2021 cum
1242 1993 1342 2020 all‘cctu
1371 2001 1418 2027 par
1439 1992 1546 2024 luisset;
1563 1993 1618 2020 fere
1639 1994 1725 2027 siqni-

935 2040 995 2066 dem
1028 2040 1078 2066 ista
1098 2040 1149 2066 sibi
1178 2044 1273 2066 tnuttto
1300 2039 1491 2073 respondent:
1511 2046 1657 2072 rarumque
1681 2043 1724 2065 cst

935 2094 989 2112 non
1012 2085 1148 2111 rcdamari
1171 2085 1279 2111 sincere
1294 2085 1340 2118 qui
1363 2092 1427 2110 vere
1458 2083 1556 2118 diligit,
1590 2084 1657 2110 adeo
1673 2085 1723 2111 ista

935 2131 1100 2158 commercia
1114 2130 1238 2158 cordium
1263 2130 1354 2156 fucum
1368 2129 1529 2156 excludunt.
1551 2129 1606 2163 Age
1628 2130 1722 2164 igitur,

935 2176 981 2202 die
993 2176 1057 2202 mihi
1072 2175 1209 2209 quomodo
1224 2178 1251 2200 tu
1267 2174 1382 2200 all'cctus
1393 2181 1454 2208 erga
1468 2178 1576 2200 taurum
1588 2175 1669 2200 eras?
1681 2175 1722 2200 Ad

936 2230 967 2249 ea
986 2221 1028 2248 leo
1045 2229 1052 2248 :
1071 2220 1216 2255 Equidem.
1231 2225 1328 2251 mater,
1351 2220 1449 2253 ii.qtt:t,
1466 2220 1580 2246 charum
1599 2228 1661 2246 eum
1677 2220 1724 2246 ha-

91 2281 141 2300 suo
163 2273 267 2299 scelere
291 2271 468 2306 supplicium.
487 2271 548 2297 llaec
573 2271 720 2305 leopardus
739 2260 879 2306 inopinato
895 2260 920 2290 Ῑ)
935 2268 1030 2294 bebam
1062 2266 1233 2300 tidcbamquc
1264 2266 1301 2292 illi
1332 2265 1465 2296 maxime;
1487 2270 1514 2292 et
1539 2272 1599 2291 cum
1631 2271 1723 2292 mente

91 2318 198 2353 cognita
220 2318 311 2344 statim
335 2325 436 2344 arcano
460 2317 559 2343 detulit
578 2317 610 2343 ad
633 2317 722 2344 leonis
754 2323 878 2344 matrem.

92 2365 203 2392 interim
216 2369 306 2390 autem
338 2355 381 2390 leo
400 2363 466 2397 quid
480 2364 580 2397 egisset
604 2369 745 2396 reputans,
760 2364 881 2390 revolva—

92 2411 171 2437 batur
187 2409 214 2436 in
232 2408 400 2436 desiderium
417 2408 487 2435 tauri
505 2417 512 2435 :
536 2416 586 2435 nec
605 2409 707 2435 ultimae
725 2409 775 2436 illa:
793 2410 881 2436 Vesti-

90 2455 191 2490 gatoris
208 2462 288 2481 voces
299 2454 354 2488 jam
377 2459 480 2480 tantum
496 2454 568 2488 apud
585 2454 645 2488 ejus
665 2455 785 2482 animum
806 2457 879 2482 valc~

90 2501 164 2533 bant,
185 2505 214 2528 ut
232 2509 286 2527 non
306 2501 366 2534 ipse
381 2500 534 2534 Vcstigalor
551 2500 654 2527 fraudis
670 2507 751 2535 atque
768 2501 880 2528 insidia-

91 2554 150 2573 rum
163 2545 318 2580 suspicione
337 2544 484 2571 laboraret.
501 2544 568 2570 Cum
595 2545 643 2570 ista
673 2547 771 2572 mcnt's
786 2546 880 2572 (ιυιεηί-

91 2596 207 2619 ctantem
225 2590 386 2626 :egritudine
406 2589 534 2617 convenit
548 2595 668 2616 materna
696 2590 879 2618 familiaritate

92 2645 180 2672 regem
201 2637 308 2664 leonem
336 2636 396 2670 ejus
413 2643 513 2670 parens
530 2643 538 2668 ;
554 2639 580 2662 ct
604 2639 731 2662 incestum
748 2636 822 2662 illum
846 2644 877 2662 ea

90 2682 233 2717 qnamdixi
246 2689 337 2714 causa,
351 2681 517 2715 conspicata,
536 2681 645 2707 Vultum
667 2681 760 2713 habes,
778 2682 876 2716 inquit,

93 2728 138 2759 l'.li,
160 2728 269 2755 Solliciti
281 2735 312 2754 ac
329 2728 398 2754 male
413 2727 465 2755 sibi
479 2727 603 2754 conscii:
622 2728 695 2762 quod
711 2729 838 2763 equidem
850 2733 878 2755 et

91 2775 172 2800 miror
186 2779 213 2800 et
227 2782 298 2809 ςυςτο
314 2774 381 2803 fcro,
400 2774 465 2801 satis
480 2782 573 2809 gnara,
591 2774 659 2800 nihil
677 2775 760 2809 magis
774 2775 877 2801 valetu-

90 2819 144 2846 dini
172 2819 315 2845 adversum
344 2827 424 2853 quam
438 2827 531 2846 curam
557 2826 658 2850 acrem,
673 2823 699 2846 et
723 2819 873 2852 prazsertim

92 2866 278 2898 ptenitcutiaut
292 2865 427 2898 inutilem,
452 2873 512 2898 qua:
539 2866 604 2892 dum
621 2865 740 2892 animum
761 2866 874 2892 moleste

932 2319 1025 2349 repeto
1040 2321 1120 2348 quam
1148 2318 1272 2348 prompta
1299 2320 1407 2346 semper
1422 2312 1481 2347 ejus
1498 2316 1526 2338 et
1542 2311 1671 2338 benevola
1694 2319 1722 2338 In

935 2366 977 2386 me
993 2357 1080 2385 ollicia
1092 2361 1241 2389 exstarent,
1265 2357 1353 2383 facere
1369 2357 1410 2382 vi.\
1427 2364 1537 2390 possunt
1555 2357 1618 2390 quin
1635 2358 1724 2391 suspi-

935 2414 981 2432 cer
997 2404 1087 2432 scelus
1107 2403 1216 2438 aliquod
1242 2403 1356 2429 artiﬁcis
1385 2401 1571 2436 Vestigatoris,
1597 2403 1643 2436 qui
1659 2411 1721 2429 enm

934 2451 1008 2477 falsis
1024 2449 1094 2484 apud
1117 2456 1159 2475 me
1179 2447 1418 2475 criminationibus
1442 2447 1625 2479 inl‘amaverit,
1645 2451 1671 2473 et
1689 2456 1722 2474 cu

933 2497 1051 2531 denique
1070 2503 1112 2522 me
1135 2494 1258 2530 adegerit
1277 2499 1306 2520 ut
1331 2494 1446 2520 facerem
1467 2494 1540 2528 quati
1565 2495 1721 2521 meminisse

934 2542 1027 2568 horret
1042 2541 1160 2571 animus,
1172 2545 1199 2567 et
1216 2539 1361 2574 quantovis
1377 2540 1463 2573 pretio
1480 2538 1650 2573 redemptum
1667 2540 1722 2566 vvl-

933 2587 985 2614 lem
999 2595 1052 2614 non
1065 2587 1164 2621 egisse.
1181 2586 1219 2612 'l'u
1233 2593 1308 2613 vero.
1323 2592 1423 2618 pari-ns
1433 2585 1547 2618 optima.
1559 2592 1603 2615 ne,
1616 2593 1720 2618 quaeso,

930 2632 1063 2658 culaveris
1075 2634 1097 2657 si
1114 2631 1179 2665 quid
1199 2631 1259 2664 ejus
1274 2630 1342 2656 forte
1369 2629 1407 2655 rei
1423 2629 1555 2661 didicisti;
1572 2628 1628 2655 fere
1646 2629 1720 2655 enim

929 2682 1059 2705 entanant
1084 2677 1110 2703 in
1128 2676 1252 2702 notitiam
1281 2675 1450 2710 quantalibet
1474 2679 1533 2702 arte
1550 2674 1718 2702 dissimulati

929 2724 1044 2756 scelera,
1059 2730 1110 2750 nec
1126 2722 1216 2750 caveri
1231 2722 1301 2749 dolis
1319 2722 1447 2748 omnibus
1471 2725 1571 2756 potest,
1587 2722 1652 2756 quin
1669 2722 1721 2747 sal-

930 2774 983 2796 tem
1000 2770 1101 2796 timidis
1115 2771 1234 2796 susurris
1247 2768 1417 2802 proditiones
1431 2769 1643 2796 abstrusissi'nae
1660 2778 1682 2802 ιιτ
1692 2776 1721 2794 1)-

929 2816 1038 2842 dantur.
1064 2815 1100 2842 Ea
1126 2823 1207 2850 porro
1219 2815 1295 2842 fatua:
1309 2815 1374 2841 licet
1393 2817 1504 2842 incerta:
1523 2822 1552 2842 ac
1568 2815 1718 2849 vulgarium

930 2870 1070 2888 rumorum
1095 2862 1295 2896 qualiacunque
1320 2861 1488 2893 testimonia,
1505 2869 1574 2893 saepe
1606 2861 1720 2888 11111-1.υ‹
