1913 3068
134 140 203 172 1ἓ85

558 138 749 168 SPECIMEN
771 137 984 169 SAPIENTLE
1005 136 1181 168 lNDOliUNl
1197 137 1278 168 Yli'l‘.

1692 137 1761 171 1286

130 195 301 223 firtitudinis
321 195 348 222 in
368 196 520 222 amicorum
543 201 570 222 et
593 195 768 222 dominorum
791 195 921 230 periculis
937 199 957 225 Α
973 193 1103 221 modum:
1126 195 1202 221 Paris
1224 193 1317 228 ﬂagitii
1342 193 1472 222 videntur
1495 195 1534 222 rei
1560 195 1605 230 qui
1633 199 1761 230 mysteria

130 242 164 269 ab
184 242 278 276 aliquo
299 240 452 275 sperandae,
478 249 512 267 ex
538 240 662 274 ejusdem
688 248 738 275 pro
760 248 810 267 suo
835 240 921 275 ipsius

129 287 221 322 capite
237 286 389 314 certamine
409 287 479 314 sumi
500 287 622 320 debere;
643 294 693 314 nec
708 295 801 321 regum
822 294 920 320 quem-

129 341 212 368 quam
245 338 418 367 exspectare.
448 333 470 359 si
506 333 617 367 quidem
652 333 740 367 sapiat
760 352 767 362 ,
804 332 919 359 militem

129 378 256 413 quemvis
286 387 366 406 suum
396 379 423 406 in
453 379 522 411 acie,
547 387 595 406 sua
622 387 702 406 causa
731 379 773 406 vel
797 379 919 414 publica,

129 425 283 459 pugnacius
317 425 514 452 dimicaturum
546 433 628 460 quam
665 425 737 452 idem
770 425 857 452 soleat
892 425 919 451 in

130 470 324 496 occasionibus
356 470 453 497 salutis
482 471 599 504 propriae.
627 478 641 496 a
672 470 782 497 casibus
813 470 920 496 infestis

129 515 307 549 expedienda:
326 523 490 550 repugnare.
515 515 659 542 Tacuisses
681 524 746 550 ergo
768 515 919 543 consultius

129 569 209 595 quam
227 561 283 596 ista.
301 560 397 588 insana
420 561 592 595 professione
609 566 661 587 tunc
674 561 918 595 contemptissimze

131 606 248 638 inerti-.e,
271 606 360 640 palatii
383 609 455 640 quod
486 606 586 637 fecisti,
615 606 791 637 deciarasses.
819 610 845 632 te
868 614 919 633 nec

130 651 238 678 fidelem
252 652 404 683 subditum,
419 659 468 678 nec
483 653 591 678 llrmum
607 652 736 681 anticum.
754 659 805 679 nec
818 651 916 678 fortem

128 705 189 723 esse
212 697 336 728 militem,
361 697 485 731 nihilque
506 697 616 724 demum
640 698 714 724 aliud
736 706 817 732 quain
839 697 917 724 vilis-

128 741 227 768 simum
256 742 425 775 mancipium
447 742 622 776 injustissitni
643 749 726 777 atque
750 743 916 777 ignavissimi

128 788 234 818 livoris,
247 795 302 822 quo
317 787 411 814 clTerri
428 793 454 814 te
475 788 615 815 levissime
632 789 670 814 sis
688 796 786 822 passus
804 789 831 814 in
846 789 917 815 hanc

128 834 367 868 probrosissitnatv
380 838 430 860 tua:
440 834 526 867 ipsius
534 834 733 861 confessionem
744 835 915 869 ignominiaa:

972 248 1027 267 non
1045 241 1159 268 initiatis
1174 241 1262 276 vulgat
1272 262 1279 273 ,
1296 241 1445 269 muliebres
1459 249 1549 269 mores
1563 242 1604 269 vir
1619 243 1762 279 aﬂ‘ectans,

972 285 1072 312 mulier
1086 285 1175 311 virum
1192 285 1334 317 simulans,
1354 285 1455 320 hospes
1468 294 1497 313 se
1511 294 1560 321 pro
1576 287 1688 314 domino
1701 288 1762 323 ejus

972 330 999 357 in
1013 338 1065 364 qua
1080 330 1206 365 precario
1221 331 1386 363 diversatur,
1402 331 1501 359 domus
1515 332 1620 360 ferens:
1640 333 1761 369 denique

971 377 1017 410 qui
1037 376 1091 410 regi
1108 376 1142 402 de
1162 376 1204 403 his
1222 377 1370 410 respondet
1391 377 1425 404 de
1446 378 1547 412 quibus
1565 386 1621 406 non
1638 379 1761 407 interro-

971 426 1060 456 gatur.
1077 421 1151 448 Talia
1177 423 1342 457 garrientem
1359 431 1469 450 rursum
1487 424 1668 459 interpellans
1690 427 1761 461 regis

972 472 1075 495 mater:
1099 468 1166 502 Age,
1199 469 1298 502 inquit.
1321 469 1365 496 his
1389 470 1529 497 tralatitiis
1544 471 1614 497 nihil
1640 471 1674 498 ad
1701 480 1758 499 rem

970 512 1134 540 facientibus
1159 513 1277 545 omissis,
1299 514 1344 541 dic
1361 515 1460 548 ecquid
1478 516 1591 547 sentias,
1607 517 1717 550 quantis
1733 523 1759 544 te

970 557 1033 584 sccl.
1047 558 1122 583 ribus
1142 559 1350 592 inquinaveris?
1369 560 1408 586 Ad
1425 568 1454 587 ca
1473 561 1644 595 Vcsugntor:
1662 562 1713 595 Qui
1730 570 1759 590 se

970 602 1029 629 istis
1039 611 1099 636 qua:
1114 604 1155 630 ais
1172 605 1323 631 sceleribus
1335 605 1472 640 inquinat,
1490 608 1593 634 nemini
1607 608 1758 636 benevolos

969 650 1020 678 est,
1045 647 1147 673 nullam
1173 649 1342 682 operationis
1361 650 1482 680 nefariae.
1503 651 1534 677 ad
1552 660 1633 686 quam
1651 654 1757 687 qumvis

969 691 1054 718 libido
1082 693 1232 727 impulerit.
1262 694 1350 721 labem
1378 701 1530 723 mersatur.
1561 698 1601 724 Me
1626 706 1681 725 re»
1699 699 1758 732 ipse

970 735 1069 763 fati-tur
1088 738 1141 763 sibi
1168 739 1331 765 benevolum
1356 740 1459 767 fuisse:
1486 741 1648 769 innocentia:
1665 749 1757 770 autent

968 791 1035 809 mca‘
1055 789 1159 810 cariem:
1176 790 1214 811 tot
1241 790 1324 812 testes
1350 786 1503 813 habeantur
1528 793 1595 821 quot
1621 794 1686 815 sunt
1709 790 1757 823 qui

968 829 1036 854 nihil
1053 837 1095 856 me
1117 837 1197 864 agere
1219 830 1373 865 improbum
1393 832 1532 859 viderunt.
1559 833 1684 861 Nondum
1699 835 1758 862 hac

129 885 189 913 post
209 887 288 913 quam
304 879 417 913 Spoliari
433 879 566 906 continuo
585 887 728 907 merueras
744 880 804 907 istis
820 881 914 911 armis,
933 867 953 895 Β
968 875 1133 906 ³¹ι³υ¹νυηδιε
1145 883 1206 902 cum
1215 877 1366 910 regilla.Ne
1377 886 1480 912 speres.
1491 879 1540 910 ait,
1551 880 1759 913 seelcstissime,

129 925 189 952 istis
212 925 366 959 insignibus
391 918 514 952 muneris
536 925 649 960 publici,
671 926 748 952 etab
767 926 830 953 ostii
848 926 915 961 regii

128 970 266 1000 custodia,
287 971 331 997 ubi
347 971 436 998 locum
453 971 577 998 melioris
595 971 722 1006 indignus
736 980 866 1007 occupas,
887 977 916 999 ut

129 1017 243 1043 inlidum
259 1022 341 1051 atque
354 1017 463 1044 imbelle
479 1025 565 1052 pecus
586 1018 668 1052 abigi.
686 1019 758 1045 lctus
774 1018 916 1052 inopinata

129 1062 344 1096 reprehensione
359 1063 449 1095 miles,
467 1068 630 1090 cunctorum
652 1064 708 1098 jam
723 1064 812 1091 oculis
825 1065 914 1098 ipsum

130 1108 286 1141 ligentibus,
318 1109 416 1142 plenus
439 1109 574 1136 dedecore
598 1112 710 1137 recessit
736 1110 912 1137 erubescens.

128 1153 244 1186 Quando
287 1154 454 1181 exsultantis
487 1162 543 1182 suae
576 1156 754 1190 impudentia:
785 1164 913 1183 successu

129 1199 309 1234 Vestigatoris
334 1200 483 1227 retundere
511 1200 705 1227 confidentiam
731 1201 802 1235 regis
827 1206 915 1227 mater

128 1244 235 1277 volens,
251 1245 335 1272 Miror
351 1250 436 1277 tuam,
448 1245 549 1280 inquit.
562 1254 578 1272 ο
590 1246 755 1280 Vestigator,
769 1246 913 1273 el‘frontem

129 1290 272 1317 attdaciam
289 1311 296 1322 ,
317 1298 370 1325 qua
396 1295 470 1318 totus
493 1291 628 1318 conﬂatus
653 1300 686 1318 ex
709 1293 823 1324 scelere,
859 1300 913 1319 non

128 1335 240 1362 dubitas
253 1336 317 1364 huic
328 1336 531 1371 sapientissimo
548 1338 700 1367 consessui.
714 1343 739 1364 te
751 1345 800 1372 pro
813 1337 914 1364 insoiiti

128 1380 308 1413 venditando,
328 1381 419 1408 fucum
444 1381 682 1416 impudentissime
700 1382 790 1409 facere
807 1382 912 1409 conari.

128 1427 167 1453 Ne
191 1427 241 1454 hoc
263 1427 374 1462 quidem
396 1432 450 1454 tam
474 1435 537 1454 acre
560 1432 640 1455 tanta:
665 1436 789 1463 personae
809 1429 912 1455 dictum

128 1473 300 1499 conturbavit
331 1476 457 1507 argutum
488 1472 664 1505 nebulonem,
695 1478 724 1500 ut
751 1474 912 1500 nonstatim

128 1517 263 1552 intrepide
287 1522 454 1553 reponeret:
475 1519 569 1546 Altero
588 1519 728 1552 nimirum,
752 1528 768 1546 ο
789 1520 910 1552 domina,
926 1532 947 1560 ρ

127 1571 170 1590 Ine
206 1564 355 1590 etiamnum
393 1565 510 1591 intueris
545 1565 635 1596 oculo,
667 1565 709 1592 cui
745 1565 911 1592 calutnniosa

127 1609 286 1644 pra-judicia
304 1612 453 1644 grassantis
473 1613 499 1637 in
521 1616 644 1638 nostrum
660 1612 773 1638 exiliunt
791 1611 910 1643 invidiaa.

126 1656 270 1691 caliginem
284 1657 450 1683 oll‘nderunt.
466 1657 505 1683 Tu
518 1664 583 1684 vero
597 1658 668 1689 vide,
684 1666 717 1684 an
730 1666 783 1684 non
800 1659 911 1693 dignum

127 1702 219 1736 potius
238 1701 322 1728 fuerit
343 1703 394 1729 ista
415 1702 504 1729 :etalis
525 1707 552 1729 et
571 1702 722 1729 nobilitatis
737 1705 909 1735 auctoritate,

127 1748 340 1782 periclitantium
376 1748 468 1775 causis
502 1752 586 1774 totam
621 1754 648 1776 et
681 1743 798 1776 liberam
827 1756 911 1783 aequm

127 1794 226 1820 mentis
247 1794 331 1820 aciem
343 1793 498 1824 advertere,
517 1794 784 1828 circumspicereque
800 1801 910 1821 omnem

127 1839 154 1866 in
178 1844 280 1873 partem
305 1844 415 1870 cuncta,
432 1846 464 1865 ac
486 1839 591 1866 nullum
616 1839 757 1874 vestigium
775 1841 911 1875 negligere

127 1884 285 1919 indagande
316 1884 459 1911 veritatis:
490 1885 546 1916 rei,
576 1886 645 1912 iieul
675 1885 757 1912 hodie
788 1887 910 1913 omnium

125 1931 303 1961 exosissimae,
322 1938 404 1965 quain
429 1936 458 1958 ut
480 1931 603 1965 impune,
624 1931 663 1958 sic
682 1932 794 1966 passim,
815 1939 911 1958 Omnes

125 1981 302 2009 aversantur,
315 1983 410 2002 omnes
423 1976 507 2004 libere
520 1981 687 2012 oppugnant;
701 1978 825 2012 rege,qui
841 1984 911 2005 unus

126 2029 218 2058 posset
230 2024 374 2055 obsistere,
393 2024 568 2056 eonnivcnte,
579 2024 644 2050 dum
661 2032 716 2058 pra:
726 2024 809 2050 nimia
825 2024 911 2050 facili-

126 2074 179 2096 tate
195 2077 227 2096 ac
249 2069 423 2104 benignitatis
439 2069 607 2096 ostentanda:
628 2069 731 2102 studio,
752 2070 855 2096 nullum
881 2070 910 2096 in

125 2115 224 2141 malum
242 2123 357 2149 pronum
380 2115 574 2146 comminando
598 2115 749 2147 deterrere,
771 2117 908 2143 neminem

124 2166 292 2195 compertum
305 2161 420 2196 neglecti
439 2161 519 2188 cilicii
531 2162 663 2196 castigare
671 2162 841 2197 objurganda
852 2169 911 2188 sus-

125 2206 200 2231 tinet.
212 2205 265 2232 llac
277 2205 455 2239 Vestigatoris
466 2205 592 2232 libertate
611 2206 717 2232 irritata
735 2207 864 2240 majorem
881 2208 908 2233 in

125 2251 233 2276 modum
251 2250 322 2284 regis
334 2255 430 2281 mater,
452 2251 558 2281 Videte,
577 2251 676 2285 inquit,
697 2251 749 2278 hoc
771 2252 907 2286 nequissi-

124 2302 197 2320 mum
205 2294 477 2321 etscelcratissimum
485 2295 737 2328 caput.utomnium
744 2295 907 2330 ﬂagitiorum

123 2340 290 2366 deformatus
306 2339 420 2366 maculis
435 2344 462 2366 ct
485 2340 711 2374 gravissimorum
730 2345 835 2368 tantum
852 2349 908 2368 non

122 2386 264 2412 convictus
290 2385 448 2413 criminum.
475 2389 566 2411 tamen
589 2386 671 2412 audet
693 2385 772 2412 istam
796 2385 908 2412 menda-

122 2431 228 2457 ciorum
258 2430 391 2457 artiticem
420 2430 538 2465 linguam
564 2438 702 2462 exserere,
719 2438 770 2458 nec
801 2431 908 2458 dubitat

122 2482 346 2512 argumentorum
369 2476 503 2508 inanium,
525 2481 573 2503 aut
595 2477 688 2510 potius
707 2476 907 2511 sophismatum

122 2523 358 2555 vanissimorum,
391 2522 599 2556 captiosissimis
630 2522 734 2557 laqueis
768 2522 907 2556 implicare

122 2569 215 2596 conari
251 2568 413 2600 veritatem,
445 2575 477 2594 eo
514 2576 617 2600 usque.
652 2573 682 2595 ut
714 2576 775 2595 cum
807 2568 906 2602 injuria

123 2614 285 2642 intolerabili
307 2618 347 2640 tot
369 2614 523 2648 sapientum
548 2614 592 2641 hic
612 2613 798 2648 pratsentium,
817 2622 846 2641 se
864 2614 907 2641 his

123 2660 266 2695 prs-stigiis
283 2664 375 2694 speret
397 2667 428 2686 os
445 2660 582 2686 sublinere
597 2659 726 2686 omnibus
742 2667 832 2693 posse.
846 2660 906 2686 Non

123 2707 226 2733 inultus
249 2707 320 2733 hanc
343 2710 396 2732 tam
420 2713 539 2732 amaram
568 2705 783 2740 increpationem
802 2705 906 2733 ardelio

123 2753 341 2787 improbissimus
353 2751 469 2778 audivit.
483 2751 535 2778 Per
548 2751 676 2786 ambages
688 2752 761 2778 enim
775 2752 906 2786 quasdam

122 2798 230 2832 oblique
241 2797 425 2832 perstringens
436 2797 567 2832 reginam,
579 2798 754 2831 generalibus
762 2798 906 2826 sententiis

123 2843 320 2876 declamandis,
354 2843 501 2870 audientis:
533 2842 618 2869 illusit
651 2842 678 2869 in
714 2842 787 2869 bunc
820 2842 905 2871 ferme

968 925 993 946 te
1011 920 1059 946 hac
1078 920 1246 954 impudentia
1266 923 1486 950 mendacissimus
1509 924 1678 952 defensionis
1698 928 1755 960 ver}

964 965 1059 999 judicii
1080 966 1255 994 severitatem
1272 968 1424 995 elusurntn.
1440 969 1479 996 Ad
1497 969 1548 996 hoc
1560 971 1641 997 solita
1659 971 1756 1006 lingua:

966 1012 1184 1046 proniptitudtne
1226 1014 1348 1047 reposuit
1377 1014 1554 1049 Vestigator,
1593 1016 1645 1048 Qui
1688 1017 1756 1045 falsi

966 1058 1225 1090 comminiscuntur,
1254 1060 1301 1094 qui
1327 1059 1447 1088 scientes
1472 1061 1506 1088 ab
1535 1069 1614 1095 :equo
1641 1067 1669 1089 et
1693 1063 1756 1097 jure

966 1103 1115 1134 declinant,
1152 1105 1253 1139 quibus
1296 1106 1330 1132 ad
1372 1106 1544 1141 purgandum
1579 1108 1754 1136 innocentem

966 1148 1084 1182 impacto
1114 1157 1162 1182 per
1187 1150 1352 1177 calumniam
1382 1152 1497 1178 crimine
1523 1159 1573 1178 nec
1596 1153 1679 1180 verba
1704 1161 1755 1181 nec

966 1200 1047 1226 opera
1067 1193 1215 1224 sulliciunt,
1236 1195 1308 1228 paris
1326 1202 1422 1222 omnes
1447 1196 1590 1231 injustitize
1615 1202 1753 1225 tenentur.

965 1238 1039 1265 Inter
1057 1239 1115 1266 hac
1129 1240 1250 1273 prudens
1268 1241 1358 1275 regina
1373 1241 1454 1268 silere
1477 1242 1584 1270 leonem
1606 1244 1711 1276 videns,
1727 1251 1755 1272 et

965 1285 1064 1311 merito
1081 1288 1165 1312 verita
1187 1294 1220 1312 ne
1235 1286 1370 1319 perfricta:
1392 1286 1500 1319 frontis,
1514 1290 1656 1321 pncscntis
1669 1290 1754 1316 animi

964 1335 990 1357 et
1005 1331 1095 1358 multa:
1106 1332 1212 1358 astutia-
1222 1333 1323 1360 nebulo
1337 1333 1429 1360 fucum
1444 1334 1480 1360 illi
1496 1335 1606 1364 faceret.
1620 1335 1755 1362 accedens

965 1376 1021 1402 lilio
1040 1377 1066 1403 in
1086 1385 1180 1404 aurem
1197 1383 1318 1405 materna
1341 1379 1505 1406 auctoritate
1524 1380 1670 1415 suggessit,
1693 1381 1752 1408 fieri

964 1429 1046 1455 posse
1061 1427 1089 1448 ut
1105 1423 1151 1457 qui
1176 1427 1230 1450 tam
1248 1429 1408 1451 constanter
1421 1432 1513 1451 coram
1531 1433 1594 1460 rege
1611 1433 1642 1453 ac
1655 1431 1754 1453 senatu

965 1475 1015 1501 pro
1028 1475 1056 1494 se
1073 1468 1162 1495 dicere
1176 1469 1300 1499 auderet.
1313 1477 1408 1496 revera
1424 1471 1557 1498 innocens
1570 1476 1652 1504 esset,
1666 1479 1753 1506 quare

963 1513 1051 1540 videri
1067 1514 1227 1541 sumendum
1240 1516 1357 1549 spatium
1370 1516 1559 1542 cxatninandis
1574 1518 1750 1545 testimoniis.

967 1560 1006 1586 Eo
1026 1567 1074 1586 rex
1097 1560 1192 1586 audito
1217 1561 1304 1594 palam
1329 1562 1527 1595 pronuntiavit,
1549 1562 1648 1596 jubere
1669 1570 1699 1590 se
1723 1563 1753 1590 in

965 1605 1110 1639 praesentia
1144 1605 1342 1639 Vestigatoretn
1381 1606 1514 1633 custodia:
1559 1607 1641 1639 tradi,
1663 1607 1752 1634 donec

966 1656 1093 1677 accurate
1108 1655 1162 1677 tota
1193 1659 1275 1677 causa
1307 1657 1498 1685 cognoscatur.
1530 1652 1661 1687 Conjecto
1689 1661 1753 1680 mox

966 1703 1014 1723 reo
1031 1698 1056 1722 in
1069 1704 1219 1726 carcerem,
1235 1697 1302 1723 adiit
1315 1698 1420 1724 leonem
1436 1702 1533 1730 mater,
1545 1704 1570 1724 et
1586 1699 1612 1725 ei
1624 1699 1750 1727 confessa

964 1746 1007 1768 est
1023 1749 1052 1768 se
1068 1749 1128 1775 qua:
1145 1742 1177 1768 de
1196 1741 1363 1775 Vestigatore
1388 1742 1535 1772 detulerat.
1562 1751 1593 1769 ex
1619 1743 1750 1778 leopardo

966 1791 1033 1813 teste
1049 1787 1138 1813 aurito
1154 1787 1315 1820 cognovisse
1329 1795 1336 1818 ;
1363 1787 1445 1821 hujus
1470 1788 1594 1821 probitas
1614 1797 1695 1823 quam
1711 1791 1748 1816 illi

964 1837 1037 1859 esset
1050 1836 1191 1866 perspecta
1207 1832 1278 1859 scire
1293 1839 1364 1863 sese,
1378 1838 1458 1867 posse
1477 1833 1554 1860 illum
1571 1833 1748 1869 interrogari,

964 1884 1064 1906 cuncta
1077 1878 1233 1905 distinctius
1252 1878 1447 1905 indicaturum.
1462 1879 1503 1906 Ad
1525 1887 1557 1906 ea
1572 1881 1627 1912 leo,
1645 1880 1749 1908 Secura

964 1926 1011 1956 sis,
1035 1930 1132 1953 mater.
1156 1925 1211 1956 ait;
1237 1925 1292 1952 cito
1306 1924 1516 1961 videbisjudice
1530 1933 1573 1953 me
1597 1934 1652 1953 non
1671 1926 1748 1955 abire

964 1971 1098 2005 impunita
1113 1970 1228 1997 scelera.

1001 2016 1042 2044 iV.
1089 2015 1174 2043 Nocte
1215 2016 1337 2042 insecuta
1380 2017 1509 2043 convenit
1551 2017 1750 2052 Vestigatorem

962 2062 1125 2092 Coronatus.
1153 2066 1180 2088 et
1207 2062 1326 2088 vinctum
1357 2070 1419 2088 eum
1448 2070 1573 2094 cernens,
1604 2071 1659 2090 non
1688 2066 1749 2092 sine

962 2108 1102 2142 larrymis,
1139 2107 1297 2133 Evenerunt
1331 2115 1439 2142 nempe,
1477 2108 1576 2142 inquit,
1607 2117 1667 2143 qua!
1697 2110 1749 2137 tibi

963 2154 1154 2189 praedixeram.
1194 2153 1234 2180 Tu
1269 2158 1371 2185 autem,
1407 2161 1479 2180 caeco
1513 2153 1551 2180 tui
1584 2161 1677 2182 amore
1715 2163 1747 2182 ac

927 2203 946 2229 D
962 2210 973 2235 ι·
982 2199 1129 2227 razlidentia
1154 2200 1252 2231 elatus,
1277 2200 1476 2226 contentnebas
1500 2207 1566 2226 sana
1588 2201 1702 2233 monita,
1717 2206 1747 2228 et

961 2246 1192 2277 denuntiationes,
1201 2253 1262 2280 qua),
1270 2253 1351 2279 quam
1361 2253 1391 2272 ve
1397 2253 1431 2271 ne
1440 2245 1541 2272 fuerint
1557 2253 1619 2272 sero
1626 2246 1747 2281 denique

960 2300 1035 2320 nunc
1048 2292 1142 2318 sentis.
1156 2291 1310 2325 Respondit
1320 2291 1489 2325 \‘estigator:
1502 2291 1569 2319 Vera
1583 2291 1747 2326 exprobras,

960 2338 1028 2364 nihil
1058 2337 1106 2364 tibi
1133 2338 1271 2369 relictum,
1306 2344 1322 2363 ο
1356 2337 1453 2369 amice,
1481 2341 1543 2369 est;
1577 2338 1764 2364 admonuisti-

960 2385 1049 2416 utiiia,
1083 2385 1277 2412 interminatus
1303 2392 1334 2411 es
1363 2392 1436 2412 vera.
1473 2385 1529 2420 Ego
1563 2390 1655 2412 autem
1689 2393 1747 2412 non

960 2431 1147 2466 obtemperavi
1184 2431 1244 2461 tibi,
1267 2430 1439 2464 inexplebilis
1462 2430 1622 2466 cupiditatis
1639 2430 1747 2458 insania

960 2477 1045 2505 miser
1066 2478 1253 2504 dementatus.
1280 2476 1378 2503 Passus
1401 2477 1473 2504 enim
1490 2485 1553 2504 sum
1577 2477 1648 2504 idem
1671 2478 1747 2512 quod

960 2524 1174 2558 intemperantes
1194 2522 1269 2558 aegri,
1295 2522 1340 2557 qui
1365 2523 1432 2550 licet
1454 2523 1572 2557 experti.
1594 2523 1670 2558 gravi
1692 2532 1747 2551 suo

960 2568 1070 2598 damno.
1088 2568 1140 2594 vim
1162 2568 1312 2595 melcticam
1336 2567 1485 2594 insalubris
1501 2567 1567 2599 cibi,
1581 2573 1670 2596 tamen
1685 2569 1748 2604 ejus

959 2613 1115 2641 malesuada
1130 2613 1194 2640 victi
1211 2613 1368 2644 dulcedine,
1389 2621 1442 2640 non
1459 2621 1487 2641 se
1502 2615 1645 2641 continent
1661 2614 1695 2641 ab
1711 2622 1748 2641 eo

960 2659 1136 2694 rcgustando.
1169 2660 1210 2686 Me
1246 2667 1312 2686 vero
1345 2667 1419 2686 nunc
1457 2661 1483 2686 in
1520 2660 1569 2688 has
1603 2662 1746 2695 angustias

960 2707 1100 2732 redactum
1128 2713 1183 2732 tton
1214 2713 1273 2732 mea
1309 2706 1421 2737 solum,
1454 2714 1534 2741 quam
1567 2706 1645 2741 culpa
1675 2707 1745 2734 mihi

960 2751 1092 2778 accersivi
1124 2751 1247 2786 propria,
1282 2752 1424 2779 calamitas
1452 2753 1536 2786 angit,
1573 2752 1621 2780 sed
1653 2758 1747 2780 metus

960 2803 1092 2832 pr.cterca
1108 2797 1254 2825 conturbat
1278 2797 1311 2824 de
1331 2802 1367 2829 te,
1390 2805 1424 2824 ne
1447 2798 1578 2825 innocens
1595 2798 1743 2824 involvaiis

961 2851 1022 2871 meo
1047 2843 1171 2871 crimine.
1201 2843 1320 2871 Pronum
1349 2844 1423 2870 enim
1453 2843 1525 2871 factu
1555 2848 1608 2876 est,
1632 2848 1750 2879 proptcr.
