1913 3068
155 121 222 154 1337

855 122 976 152 APPEN’
986 124 1019 151 ΟΕ
1030 123 1062 153 Χ.

1723 129 1797 161 129.8

155 185 246 206 notam
271 180 343 207 inter
368 188 416 207 nos
438 180 599 211 amicitiam.
621 185 651 207 ut
673 182 718 216 qui
742 189 785 208 me
809 181 945 215 perditum
963 185 981 210 Α
998 179 1172 207 “cruciatur
1185 181 1244 216 ejus
1260 181 1377 213 animus,
1391 190 1441 209 nec
1452 183 1554 217 quietis
1566 191 1665 217 capere
1682 191 1796 219 partem

153 227 280 261 cupiunt.
306 234 338 254 ex
363 230 388 253 te
414 234 505 253 rerum
529 226 653 254 omnium
671 227 783 254 conscio
807 234 944 255 mearum.

155 273 343 300 testimonium
381 278 518 300 conentur
547 277 723 306 extorquere,
756 280 787 300 ac
817 277 862 298 tua
893 272 945 299 fide

155 319 299 354 cupiditati
317 326 413 346 eorum
430 327 484 346 non
501 319 683 353 obsequente,
709 323 762 345 tam
780 318 848 345 diris
869 326 902 345 ex
921 323 944 344 le

155 365 354 399 qnmstionibus
381 365 453 399 quod
499 373 542 392 me
563 369 667 400 'gravct
702 364 823 396 eliciant,
860 369 889 390 ut
917 369 944 390 tu

156 410 326 437 cruciatibus
364 414 564 436 tormentorum
594 415 718 442 enectus,
754 418 805 444 ego
836 409 946 437 indiciis

154 463 292 490 mpressns
331 456 483 491 qurestione
523 456 682 489 convictus,
721 457 822 490 pariter
864 456 945 483 ambo

156 510 310 535 peri-anius.
337 502 493 537 Respondit
521 501 697 529 Coronatus:
733 501 789 530 lloc
807 503 894 537 ipsum
919 507 946 530 et

154 556 204 581 ego
231 548 339 582 providi
364 548 498 580 futurum,
517 552 545 575 ct
568 553 661 574 metuo
685 556 740 574 non
769 548 854 581 magis
879 548 945 574 mihi

155 601 236 626 quam
263 594 326 620 tibi.
358 594 385 621 Si
403 595 478 621 enim
505 594 596 620 alieno
616 594 773 620 testimonio
791 594 944 624 convictus.

156 643 300 665 cantuum).
314 644 342 666 et
371 639 548 673 impmnitens
574 643 662 666 morte
686 638 825 671 alliciaris,
849 640 903 666 scis
921 644 946 666 te

155 684 188 711 ad
212 684 301 711 dirius
326 684 400 711 aliud
428 684 497 710 trahi
517 683 646 710 tribunal.
673 691 688 710 a
714 691 768 718 quo
789 684 946 717 inexpiatus

156 730 354 764 deprehensus,
392 728 568 764 sempiternis
607 728 743 755 addiccris
779 728 944 763 suppliciis;

155 782 215 809 quae
244 779 494 801 cumeommutare
528 773 660 800 brevibus
690 773 771 808 hujus
805 773 944 807 temporis.

155 820 244 854 pwnis
271 820 344 846 ultro
369 819 522 846 subeundis
536 818 626 846 adhuc
644 819 742 853 possis,
763 826 879 853 suggero
897 819 944 846 tibi

157 867 207 892 hoc
234 866 362 893 ultimum
382 870 410 893 et
437 873 485 900 pro
511 869 583 892 statu
610 873 702 892 rerum
732 869 839 892 tuarum
865 865 944 892 unice

161 913 227 939 utile
243 913 401 944 consilium,
413 916 443 938 ut
454 915 551 946 sponte
564 911 721 939 confitearis
735 918 795 946 qua:
807 911 943 946 peccasti;

155 967 186 985 ac
215 959 249 992 si,
281 959 355 993 quod
388 965 499 993 sperare
525 958 591 985 licet
618 965 633 985 e
663 958 734 993 regis
766 957 944 992 benignitate,

155 1004 270 1040 gratiam
300 1004 427 1039 supplicii
448 1003 633 1036 nanciscaris,
650 1005 733 1031 vitam
764 1004 944 1033 condonatam

156 1052 232 1078 lucro
261 1050 399 1085 imputes;
430 1050 472 1077 sin
502 1051 560 1084 lege
591 1049 617 1076 in
650 1055 674 1077 te
703 1054 808 1085 agetur,
838 1050 945 1084 piaculo

156 1097 311 1123 voluntarie
327 1099 455 1130 suscepto
483 1103 569 1130 pinnae
603 1095 775 1130 temporaria:
804 1100 945 1130 purgatus,

155 1148 321 1170 :ctcrnorunt
362 1142 434 1176 apud
475 1149 570 1168 manes
610 1141 783 1168 crueiatuum
823 1141 945 1175 periculo

155 1188 324 1225 tlet‘ungaris.
352 1188 413 1216 llrec
435 1189 588 1224 Vestigator
617 1189 742 1221 audiens,
766 1194 794 1216 et
816 1189 896 1217 solita
916 1198 945 1216 se

155 1236 306 1262 ohlirmans
316 1235 451 1263 adversus
463 1243 529 1262 sana
543 1235 647 1262 monita
656 1235 769 1266 duritie,
783 1235 943 1269 respondit:

154 1282 282 1309 Nondum
305 1281 342 1308 ita
366 1281 510 1315 desperata
527 1289 586 1308 mea
605 1288 686 1308 causa
703 1286 756 1312 est.
780 1285 809 1308 ut
823 1281 856 1308 ad
873 1281 944 1307 istud

155 1333 311 1355 extremum
327 1328 553 1355 descendendum
571 1327 637 1354 mihi
653 1327 800 1354 consilium
812 1327 943 1362 judicent.

157 1373 288 1407 Experiar
316 1373 393 1407 prius
417 1373 544 1407 quaedam
572 1373 636 1404 alia,
671 1379 817 1406 morasque
845 1372 946 1406 quibus

157 1423 254 1452 potero
271 1417 377 1444 artibus
394 1416 543 1449 obducam,
560 1417 582 1444 si
597 1417 669 1444 forte
685 1416 842 1451 insperatis,
871 1420 899 1442 ut
918 1416 946 1443 fit

158 1463 310 1493 interdum,
327 1463 494 1496 [momentis
522 1470 554 1490 ac
580 1462 691 1489 casibus
720 1462 830 1488 fortuna
850 1462 945 1497 juiticii

159 1509 362 1544 prosperiorem
405 1508 433 1535 in
472 1508 577 1535 exitum
615 1512 696 1542 queat
734 1514 858 1541 vergere.
899 1506 946 1533 llis

157 1556 313 1582 Coronatus
338 1555 452 1585 auditis.
477 1555 621 1588 desperata
647 1553 790 1581 curatione
812 1554 943 1580 obstinati

158 1601 255 1632 animi,
271 1600 386 1627 recessit
400 1599 577 1627 acerbissime
594 1599 701 1630 dolens,
718 1603 747 1626 et
767 1603 845 1625 certo
865 1599 945 1625 amici

157 1646 254 1678 exitio,
280 1651 308 1673 et
331 1653 381 1673 suo
398 1646 485 1680 ipsius
499 1645 661 1680 gravissimo
686 1645 828 1679 periculo:
845 1645 946 1679 quippe

158 1693 207 1728 qui
235 1693 491 1727 perspectissimum
519 1691 643 1723 haberet,
672 1691 753 1718 vitari
783 1698 837 1717 non
867 1698 946 1724 posse

158 1740 227 1774 quin
250 1743 444 1774 perseverante
469 1739 496 1765 in
519 1738 644 1765 criminis
670 1737 837 1764 inticialionc
859 1737 948 1764 Vesti-

159 1791 264 1821 gatore,
300 1787 369 1820 ipse,
409 1793 490 1820 quem
525 1791 621 1811 onmes
651 1784 676 1811 ei
704 1783 946 1810 familiarissimum

160 1833 273 1864 scirent,
299 1835 348 1858 aut
381 1830 527 1865 quaestioni
558 1830 754 1864 subjiceretur,
788 1834 836 1856 aut
872 1828 947 1855 velut

160 1878 288 1905 conscius
305 1882 332 1904 et
351 1877 489 1912 particeps
510 1877 625 1903 Sceleris
646 1875 780 1909 ejusdem,
805 1874 862 1909 pari
884 1882 946 1901 cum

161 1925 208 1951 illo
231 1923 399 1950 damnationi
426 1922 629 1949 succumberet.
656 1920 718 1948 Ηκο
742 1928 807 1955 Ergo
829 1921 948 1947 moestis-

159 1970 247 1996 simus
274 1973 414 2002 repntans,
442 1971 469 1993 et
494 1971 628 2001 pertaesus
653 1966 724 1998 vitae,
752 1965 851 1992 hausto
876 1965 947 1991 ultro

161 2021 268 2041 veneno
282 2013 381 2040 efﬂavit
396 2012 526 2039 animam.

199 2059 229 2086 ν.
260 2057 398 2086 Postridie
423 2058 501 2093 jussu
522 2056 595 2092 regis
608 2063 657 2091 pro
687 2055 819 2083 tribunali
848 2059 948 2090 prator

161 2105 244 2137 cedit,
266 2103 453 2132 assidentibus
470 2102 613 2138 judicibus
639 2102 764 2129 delectis.
790 2101 893 2129 Eodem
921 2105 949 2128 ct

161 2152 272 2187 tropard
278 2159 309 2178 us
318 2151 400 2177 venit.
412 2149 577 2177 Concessum
588 2149 671 2176 densa
680 2156 780 2176 corona
789 2149 948 2175 circumsu-

998 225 1079 252 ultam
1096 226 1177 256 valet,
1195 227 1283 261 quoad
1297 227 1524 255 calumniatorem
1550 229 1795 263 seclestissimum,

996 273 1076 306 cujus
1089 272 1195 299 artibus
1216 273 1328 301 nefariis
1353 274 1379 301 in
1405 281 1465 301 eam
1487 274 1612 302 fraudant
1633 276 1795 311 implicatus

997 321 1048 350 est,
1060 318 1148 351 ptenis
1165 319 1271 346 meritis
1292 319 1452 353 subjccerit.
1465 320 1556 353 Quare
1567 321 1650 356 agite,
1663 322 1794 350 conferte

998 363 1024 388 iu
1042 364 1093 390 hoc
1111 371 1222 398 operam
1243 369 1271 391 et
1286 365 1444 399 reipublicae
1464 371 1492 393 et
1516 366 1582 402 regi,
1611 372 1639 394 ut
1658 368 1711 395 rite
1727 377 1794 396 reus

998 407 1090 442 peragi
1106 408 1228 441 legitimo
1241 408 1355 443 judicio,
1374 414 1511 437 veterator
1535 413 1724 446 nequissimus
1739 414 1792 440 iste

998 452 1151 487 Vestigator
1164 454 1258 487 possit.
1274 455 1408 491 Pernegat
1418 457 1492 483 enim
1505 457 1605 485 factum
1618 466 1673 485 non
1687 460 1790 486 minori

997 498 1150 532 pervicacia
1164 507 1246 533 quam
1260 506 1361 535 quanta
1376 502 1436 536 ejus
1447 502 1499 529 fuit
1513 503 1541 529 in
1554 511 1588 530 eo
1599 507 1791 539 perpetrando

998 543 1121 577 perﬁdia.
1143 545 1196 572 Sed
1213 542 1386 581 impudentia
1410 548 1556 576 nebulonis
1582 550 1696 584 perditi,
1712 553 1791 578 testi-

999 591 1100 617 moniis
1118 592 1241 618 conticla
1255 593 1440 626 consciorum,
1465 594 1583 622 illudcre
1598 595 1704 623 diutius
1725 598 1789 624 fidei

1002 636 1117 669 publica-
1137 638 1340 672 prohibebitur.
1357 639 1468 667 Promat
1492 640 1574 667 modo
1589 641 1676 669 libere
1703 650 1791 669 unus-

997 683 1114 718 quisque
1135 689 1255 711 vestrum
1283 685 1357 719 quod
1385 686 1419 713 de
1435 686 1482 713 illo
1510 688 1597 719 novit,
1609 688 1790 721 respondebit

997 737 1045 763 pro
1065 737 1094 756 se
1119 738 1181 757 reus
1198 739 1319 764 prmsens
1334 732 1407 766 quod
1432 732 1583 760 videbitur.
1606 733 1787 766 Quaesitorcs.

996 775 1104 801 cunctis
1114 775 1243 810 utrinque
1253 777 1364 809 auditis,
1375 777 1593 810 arbitrabuntur;
1605 779 1787 814 sicjudicium

997 821 1050 848 rite
1079 825 1162 856 atque
1191 822 1300 855 ordine,
1317 824 1390 857 quod
1425 832 1474 851 rex
1500 825 1664 852 nominatim
1693 826 1787 860 jussit,

997 867 1181 894 exercebitur.
1204 867 1342 902 Leopardi
1373 869 1525 896 orationem
1551 870 1659 904 excepit
1681 870 1790 897 arbiter

997 913 1159 946 qamstionis
1171 918 1272 947 praetor
1283 914 1310 940 in
1327 913 1383 941 haec
1401 915 1503 942 verba:
1520 915 1790 942 Convenientissime

995 958 1050 993 juri
1063 965 1094 986 ac
1111 959 1181 986 mori
1201 961 1334 995 majorum
1349 968 1376 988 et
1391 961 1434 988 leo
1445 962 1583 996 prazcepit,
1599 965 1628 989 et
1640 961 1791 995 leopardus

997 1006 1147 1037 peroravit.
1177 1005 1255 1037 Quod
1288 1011 1439 1040 superest,
1471 1011 1613 1039 vestrum,
1650 1010 1792 1041 quotquot

997 1050 1110 1082 adestis,
1127 1052 1317 1086 unusquisque
1339 1059 1368 1078 se
1393 1053 1514 1087 accingat
1537 1053 1570 1080 ad
1590 1052 1791 1087 proferendum

998 1104 1103 1129 spntma
1130 1097 1182 1123 fide
1208 1098 1322 1132 parique
1348 1099 1476 1125 libertate
1493 1099 1566 1134 quod
1581 1099 1614 1126 de
1631 1099 1683 1126 hac
1705 1107 1790 1126 causa

998 1141 1085 1176 deque
1095 1142 1267 1178 Vcstigatore
1275 1149 1447 1178 compertum
1459 1145 1550 1172 habet.
1563 1144 1790 1178 Cooperabimini

1000 1186 1169 1222 hoc-agendo
1185 1188 1226 1214 vel
1247 1188 1363 1214 maxime
1387 1189 1525 1216 emuntuni
1541 1189 1663 1222 utilitati;
1678 1190 1791 1223 publice

997 1232 1098 1265 quippe
1126 1232 1242 1258 interest
1268 1240 1322 1259 non
1340 1233 1453 1268 impune
1466 1234 1542 1262 abire
1563 1234 1726 1266 sceleratos,
1756 1243 1790 1261 ne

997 1276 1086 1303 securi
1098 1277 1256 1304 Severitatis
1267 1278 1357 1312 legum
1372 1279 1509 1313 quidlibet
1524 1279 1642 1314 improbi
1655 1280 1789 1307 audeant.

998 1323 1055 1348 Sub
1085 1323 1142 1350 lucc
1169 1323 1241 1350 dicta
1270 1324 1412 1351 silentium
1438 1326 1596 1360 aliquandiu
1624 1332 1789 1353 cunctorum

998 1367 1059 1400 fuit,
1087 1368 1161 1402 quod
1189 1369 1295 1403 primus
1325 1370 1499 1410 abrumpe-ns
1517 1371 1678 1406 Vcstigator,
1695 1371 1789 1399 chst

998 1422 1056 1445 vos,
1085 1414 1185 1451 inquit,
1214 1419 1276 1449 post
1302 1419 1354 1442 tam
1387 1416 1461 1442 acria
1485 1416 1596 1444 dicendi
1634 1417 1712 1452 jussa
1740 1426 1791 1445 c:;r

999 1460 1114 1486 tacetis?
1145 1461 1225 1494 Agite
1243 1481 1250 1494 ,
1279 1469 1322 1488 me
1349 1468 1459 1496 quoque
1492 1462 1637 1495 invitante,
1666 1464 1790 1498 proferte

971 1506 1132 1549 ἶ«μιίόιιιιὶιι
1160 1507 1194 1533 de
1210 1515 1254 1534 me
1271 1508 1376 1540 nostis;
1403 1516 1455 1535 non
1481 1516 1591 1541 recuso,
1614 1509 1680 1543 quin
1705 1510 1790 1537 etiam

997 1550 1099 1585 flagito.
1117 1551 1220 1579 Audire
1235 1553 1317 1587 cupio
1328 1553 1395 1587 quid
1412 1553 1480 1580 mihi
1494 1559 1660 1588 opponatur,
1674 1560 1791 1588 paratus

996 1597 1128 1624 continuo
1138 1605 1202 1624 Vere
1214 1598 1321 1632 objecta
1334 1598 1424 1631 fateri,
1436 1599 1507 1626 falso
1516 1599 1641 1635 imposita
1651 1600 1789 1627 refellere.

997 1643 1043 1670 Sic
1056 1651 1121 1677 ergo
1144 1643 1269 1671 dicturus
1293 1644 1410 1678 quisque
1425 1652 1454 1671 se
1471 1649 1622 1679 comparet,
1640 1650 1670 1671 ut
1691 1650 1790 1672 contra

997 1696 1084 1714 meam
1098 1688 1286 1716 defensionem
1301 1690 1372 1716 tueri
1386 1690 1575 1717 testimonium
1587 1699 1667 1718 suum
1683 1696 1767 1725 queat
1781 1700 1789 1722 ς

997 1733 1045 1767 qui
1068 1741 1146 1761 secus
1170 1734 1268 1762 fecerit
1291 1735 1318 1761 in
1345 1740 1428 1769 caput
1452 1743 1532 1762 suum
1558 1736 1691 1770 peccabit.
1721 1737 1790 1770 Quae

997 1776 1070 1803 enim
1095 1778 1197 1805 nostris
1216 1779 1322 1812 legibus
1343 1781 1507 1814 aequissima:
1530 1781 1687 1808 constitutae
1700 1790 1791 1816 po-na:

998 1827 1062 1849 sunt
1088 1823 1113 1850 in
1139 1823 1264 1851 falsarios
1288 1825 1388 1860 linguae
1413 1834 1444 1853 ac
1461 1827 1522 1854 fidei
1546 1827 1659 1860 venalis,
1689 1836 1736 1854 eas
1759 1836 1790 1855 se

998 1869 1154 1895 subiturum
1169 1877 1212 1896 me
1228 1875 1337 1904 agente,
1357 1879 1388 1898 ac
1412 1877 1538 1906 praztore,
1556 1877 1638 1907 prout
1655 1873 1698 1900 lex
1708 1874 1791 1908 julnt

997 1918 1024 1940 ct
1040 1922 1082 1940 res
1097 1915 1197 1949 exiget,
1210 1915 1388 1949 decernente,
1402 1918 1481 1944 sciat.
1496 1918 1586 1952 Atque
1599 1919 1668 1946 adeo
1683 1919 1788 1951 Vltlcal,

999 1960 1021 1986 si
1041 1960 1083 1987 cui
1100 1960 1192 1995 lingua
1211 1961 1237 1988 in
1266 1962 1497 1990 obtrectationem
1522 1965 1618 1999 prurit,
1634 1973 1669 1992 ne
1686 1966 1790 1992 similia

999 2006 1118 2040 patiatur
1133 2007 1262 2041 imperito
1281 2009 1399 2042 medico,
1415 2010 1462 2043 qui
1481 2018 1578 2044 parum
1595 2011 1700 2038 habens
1714 2013 1789 2047 quod

999 2058 1091 2087 ageret
1123 2053 1150 2080 in
1193 2054 1302 2088 patria,
1341 2055 1387 2082 ubi
1420 2056 1548 2090 cognitus
1585 2057 1789 2093 negligebatur,

999 2108 1112 2135 peregre
1128 2101 1268 2135 simplices
1281 2102 1408 2136 quaesivit
1423 2103 1524 2138 quibus
1540 2108 1598 2131 tuto
1620 2105 1789 2139 imponeret.

1000 2146 1144 2174 Profectus
1159 2155 1223 2182 ergo
1245 2148 1274 2174 itt
1289 2148 1440 2180 civitatem,
1462 2150 1541 2185 cujus
1557 2151 1686 2186 princeps
1705 2152 1790 2179 filiam

163 2197 355 2226 batuniversa:
368 2195 493 2231 palatina?
506 2195 619 2222 militiae.
637 2193 814 2221 Attduetusin
829 2193 948 2220 med.um
967 2190 987 2216 ι)
1003 2192 1122 2219 habebat
1136 2200 1169 2219 ex
1186 2193 1283 2220 morbo
1304 2195 1380 2228 gravi
1399 2195 1620 2228 decumbentem.
1639 2197 1665 2223 in
1683 2203 1790 2232 partem

161 2254 178 2272 e
210 2251 321 2272 carcere
353 2243 508 2276 Vcstigator
537 2245 588 2272 est,
628 2247 738 2267 causam
772 2239 801 2266 in
830 2239 948 2265 vinculis

163 2290 300 2316 dicturus.
324 2287 444 2318 Primus,
467 2285 638 2321 congregatis
651 2284 769 2316 cunctis,
788 2284 871 2311 verba
885 2285 949 2311 fecit

164 2334 312 2370 leopardus
330 2333 356 2360 in
373 2333 448 2359 hunc
464 2332 575 2358 modum
590 2340 596 2358 ε
612 2331 670 2357 Rex
686 2334 788 2362 noster,
807 2337 822 2356 ο
835 2329 950 2356 emunii-

164 2381 239 2407 litom
251 2387 274 2410 s,
292 2377 454 2413 participem
476 2384 518 2402 me
540 2376 605 2402 fecit
618 2374 759 2410 cujusdam
776 2374 865 2408 gravis
878 2381 950 2399 curat

163 2435 219 2453 suc
236 2433 317 2460 quam
340 2424 423 2450 ctiatn
441 2421 638 2449 communicari
662 2420 741 2447 vobis
761 2419 857 2446 voluit.
872 2418 950 2445 Acris

163 2480 227 2499 eum
253 2469 413 2506 poznitcntia
440 2467 552 2495 incessit
575 2466 711 2494 ittcrfeeti
740 2466 821 2498 tauri,
847 2465 950 2492 ideirco

165 2517 237 2553 quod
259 2524 314 2544 non
341 2513 550 2542 contemnendis
568 2512 678 2540 indiciis
690 2519 752 2539 sero
769 2511 853 2545 ρωρὶι
871 2511 951 2537 intel-

165 2565 272 2599 ligere,
310 2562 485 2589 innocentem
515 2559 615 2591 illum,
650 2566 680 2585 se
714 2557 785 2584 dolis
814 2556 892 2583 malis
922 2562 951 2582 et

165 2608 350 2637 delationibus
362 2607 437 2634 falsis
448 2606 474 2633 in
487 2606 548 2640 ejus
562 2611 656 2632 necem
671 2603 810 2638 instigalo,
824 2602 948 2638 periisse.

164 2657 224 2684 Jam
238 2656 290 2682 hoc
304 2655 373 2689 ejus,
386 2661 435 2687 per
448 2652 499 2679 alia
515 2658 626 2686 quoque
640 2649 826 2684 experimenta
843 2648 950 2675 cunctis

166 2709 237 2730 nota:
248 2699 379 2727 bonitatis
387 2698 534 2734 etjustitize
542 2705 576 2724 eo
585 2695 751 2723 laudabilius
759 2699 949 2729 argumentum

165 2751 226 2778 est,
251 2753 307 2780 quo
335 2745 388 2772 fert
423 2743 523 2778 aegrius
555 2743 664 2769 illusum
693 2741 745 2768 sibi
778 2748 839 2767 cum
876 2744 949 2766 tanta

167 2793 284 2819 insontis
297 2791 394 2825 capitis
410 2789 520 2825 injuria.
537 2789 565 2815 Si
580 2788 645 2823 quid
668 2787 742 2814 enim
755 2786 823 2814 mihi
839 2785 950 2813 creditis

167 2837 326 2864 intimorum
356 2837 416 2868 ejus
441 2842 572 2863 sensuum
601 2834 723 2867 conscio,
751 2832 950 2860 incredibiliter

999 2238 1059 2272 ejus
1082 2238 1234 2266 curationis
1257 2239 1400 2268 adhibitus
1432 2241 1557 2275 periculo
1585 2250 1636 2269 suo
1661 2248 1714 2276 est,
1739 2244 1791 2270 hac

999 2284 1115 2318 quadam
1127 2292 1159 2311 ex
1174 2292 1269 2313 causa;
1281 2290 1342 2312 erat
1357 2286 1384 2312 in
1397 2294 1428 2313 ea
1442 2286 1509 2314 urbe
1522 2287 1644 2314 medicus
1655 2296 1790 2323 perquam

999 2330 1136 2362 eruditus,
1162 2331 1209 2357 sed
1232 2331 1323 2358 :ctatis
1347 2331 1425 2363 vitio,
1449 2337 1496 2359 aut
1521 2333 1684 2361 calamitatis
1712 2343 1790 2366 casu.

1001 2376 1111 2410 penitus
1135 2376 1250 2404 orbatus
1273 2377 1334 2404 luce
1359 2379 1514 2405 oculorum.
1541 2380 1658 2406 Vocatus
1681 2381 1728 2407 ille
1757 2383 1790 2408 :rl

1000 2428 1110 2455 aegram,
1134 2429 1167 2448 ex
1184 2427 1286 2449 attactu
1306 2424 1401 2456 pulsus
1417 2424 1579 2458 ueterisque
1593 2433 1653 2460 quae
1667 2426 1788 2455 audivit.

1000 2465 1138 2493 intellecta
1170 2466 1259 2492 morbi
1281 2473 1374 2499 causa,
1402 2467 1555 2494 remedium
1584 2468 1610 2494 ei
1638 2468 1789 2495 indubitati

1001 2519 1144 2539 successus
1159 2511 1297 2546 opposuit,
1313 2512 1514 2546 prmscribenda
1534 2514 1644 2548 potione
1656 2522 1688 2540 ex
1705 2522 1790 2541 succo

1002 2556 1094 2584 herbae
1122 2557 1167 2583 cui
1195 2557 1311 2591 capillus
1329 2557 1445 2585 Veneris
1471 2565 1571 2586 nomen
1599 2563 1651 2586 est.
1686 2559 1788 2587 Vermn

1002 2603 1073 2638 quod
1100 2603 1187 2630 oculis
1213 2603 1270 2637 ipse
1298 2608 1394 2638 captus
1421 2604 1577 2632 discernere
1601 2605 1714 2632 herbam
1733 2614 1788 2633 non

1001 2649 1123 2680 valeret,
1155 2649 1333 2682 proficizcens
1365 2649 1393 2675 in
1426 2650 1586 2684 apothecam
1619 2651 1789 2682 herbariam,

1001 2694 1127 2721 comitem
1151 2695 1255 2728 optavit
1275 2701 1388 2727 peregre
1412 2694 1557 2729 appulsum
1573 2695 1720 2722 medicum.
1740 2695 1791 2724 Hic

1002 2741 1069 2767 nihil
1091 2740 1181 2767 minus
1194 2747 1275 2774 quant
1292 2740 1365 2774 quod
1391 2740 1572 2774 profitebatur
1594 2741 1707 2775 callens,
1733 2747 1789 2769 tam

1003 2787 1129 2821 imperite
1147 2786 1174 2812 in
1194 2785 1300 2812 delectu
1327 2791 1453 2813 versatus
1479 2791 1532 2818 est,
1549 2791 1578 2814 ut
1593 2787 1712 2814 cicutam
1731 2788 1790 2815 vice

1003 2832 1093 2866 capilli
1115 2831 1229 2860 Veneris
1251 2833 1399 2865 pharmaco
1417 2832 1592 2864 admisceret,
1618 2842 1672 2861 auo
1688 2833 1790 2862 hausto
