1913 3068
124 125 196 158 1289

585 125 781 156 SPECIMEN
795 125 1008 157 SAPIENTLE
1024 126 1204 158 INDORUM
1225 127 1307 158 VET.

1678 123 1748 160 1290

118 183 173 210 filia
189 181 324 218 principis
343 186 455 217 repente
474 186 518 209 est
538 187 656 209 mortua.
673 181 788 209 Cunctis
802 181 906 208 miran-
921 187 944 214 Α
959 182 1046 209 sentis
1063 187 1088 209 te
1099 186 1270 217 praepostere
1286 182 1485 218 perspicacem,
1495 182 1598 211 vidisse
1612 184 1746 213 festucam

117 230 209 261 tibus,
235 233 263 256 et
294 235 369 256 caeco
401 228 510 255 medico
541 231 613 255 notae
641 227 748 262 peritize
773 235 804 255 se
830 227 905 259 ﬁdei,

119 279 326 311 perseverante,
361 282 416 302 non
445 275 568 310 potuisse
597 275 742 302 mulierem
769 274 907 309 exstingui

118 322 242 357 potione,
260 321 314 348 nisi
331 325 454 348 erratum
470 326 544 349 esset
558 321 586 348 in
602 320 803 355 compesitione
824 320 907 355 phar-

119 366 200 398 maci,
230 365 317 393 herba
338 365 420 392 noxia
446 373 496 400 pro
519 365 580 393 utili
609 366 760 401 supposita.
788 365 907 401 Dynasta

117 417 196 448 pater
223 415 351 443 mortuae,
375 419 537 446 expressum
562 419 597 439 ex
619 411 714 439 eadem
737 410 822 438 herba
846 418 908 445 qua:

120 459 204 486 filiam
219 457 359 486 occiderat
369 465 482 485 succum
495 457 608 485 ebibere
622 464 715 485 coram
727 464 756 484 se
770 456 907 484 medicum

117 509 244 532 cxterum
272 503 383 539 coegit,
420 503 468 539 qui
499 504 583 531 miser
609 505 743 531 continuo
770 502 905 534 extabuit,

118 551 265 585 imperitiae
284 549 461 585 audaciaeque
484 557 542 578 suae
555 557 650 584 poenas
665 549 810 577 exsolvens
823 549 907 575 meri-

118 596 248 623 tissimas.
294 595 340 623 Sic
375 595 505 626 eveniet,
542 595 598 630 jam
643 594 707 621 hinc
749 593 905 625 denuntio,

118 640 307 668 testimonium
332 644 427 667 contra
450 647 494 667 me
515 639 614 666 falsum
638 643 686 666 aut
709 638 907 666 inconveniens

117 686 242 718 dicenti;
279 685 510 721 strangulahitur,
538 693 622 720 quem
661 686 732 713 male
767 684 905 717 nexuerit,

116 733 228 767 laqueo,
244 737 272 759 et
284 731 375 766 gladio
391 731 491 758 inscite
504 731 600 759 stricto
611 738 670 758 sese
685 731 834 758 confodiet.

153 778 196 805 Vl.
211 778 285 805 Nihil
302 778 353 804 hac
369 777 587 805 comminatione
603 778 728 809 territus,
743 781 770 804 et
783 777 907 804 irritatus

117 824 283 852 confidentia
305 824 428 859 loquacis
449 824 500 857 rei,
523 825 678 852 assurrexit
701 825 753 852 sub
777 832 810 852 ea
834 824 907 852 dicta

119 871 226 904 primus
241 877 395 904 coquorum
415 869 501 904 regis.
526 869 571 901 Et,
597 869 699 898 Audite
726 877 780 902 me,
803 869 905 905 inquit,

118 916 166 950 qui
182 915 286 944 adestis
301 916 329 943 in
345 915 463 943 consilio
480 923 486 942 :
500 915 614 943 afferam
638 915 713 943 enim
732 915 806 950 quod
823 922 906 943 nosse

119 961 154 988 ad
167 969 279 989 causam
294 963 392 996 prosit,
408 969 441 989 ex
450 961 568 997 quadam
586 962 666 997 longo
683 961 751 989 mihi
766 969 818 989 usu
828 966 906 996 parta

119 1007 219 1042 peritia
237 1015 330 1035 mores
355 1015 388 1035 ex
406 1008 478 1036 facie
493 1008 638 1036 nOscendi.
658 1007 756 1036 Certos
783 1007 907 1036 vultibus

120 1062 153 1081 ac
172 1054 311 1082 frontibus
324 1061 490 1082 arcanorum
511 1054 596 1081 anitni
615 1062 746 1082 sensuum
763 1054 908 1082 characte-

119 1108 164 1127 res
180 1105 278 1128 natura
293 1101 405 1134 indidit,
418 1109 452 1128 ex
464 1101 596 1136 qualibus
607 1105 732 1136 apparet,
752 1099 908 1135 Vestig’ato—

119 1154 177 1173 rem
193 1153 312 1181 nequam
326 1154 358 1174 ac
374 1146 520 1174 subdolum
538 1146 696 1181 nulliusqtte
720 1146 783 1174 fidei
811 1146 902 1173 nebuv

119 1193 209 1219 iuueni
222 1199 293 1226 esse,
311 1193 414 1227 quippe
426 1193 474 1228 qui
493 1193 590 1220 oculos
624 1192 737 1227 oblique
761 1192 905 1226 distortos,

119 1243 147 1265 et
169 1238 270 1265 horum
284 1238 381 1266 laevum
397 1239 495 1266 dextro
526 1239 694 1272 breviorem,
721 1239 908 1274 eumdemque

119 1284 322 1318 inquietissimo
340 1285 468 1312 mobilem
485 1285 605 1318 habeat;
619 1285 653 1312 ad
668 1285 737 1316 haec,
751 1290 834 1320 caput
863 1285 906 1312 in-

120 1335 161 1357 ter
176 1331 359 1359 incedendum
379 1335 484 1359 temere
507 1332 646 1360 inclinet:
664 1339 724 1366 qua:
747 1331 824 1367 signa
846 1339 908 1359 eer—

120 1376 225 1404 tissima
247 1377 317 1404 vafri
337 1378 546 1405 calumniatoris
558 1385 590 1405 ac
608 1377 760 1412 proditoris
776 1377 908 1411 perﬁdio-

119 1423 233 1455 sissimi,
260 1431 360 1458 magno
382 1431 520 1451 consensu
553 1423 774 1459 physiognomici
801 1423 907 1450 dudum

119 1469 269 1496 tradidere.
282 1470 385 1497 Contra
401 1470 468 1501 hac,
485 1470 619 1497 innuente
646 1470 751 1505 judice,
782 1470 908 1497 dicturus

119 1514 286 1549 Vcstigator,
305 1522 386 1542 orsus
397 1519 439 1542 est
451 1522 465 1542 a
477 1515 636 1542 laudatione
653 1514 756 1542 ironica
773 1509 938 1550 principis,-

119 1568 283 1595 coquorum,
297 1561 348 1592 En,
363 1561 501 1595 inquiens,
522 1561 702 1596 omniumqui
713 1561 765 1589 sub
782 1561 852 1588 caelo
861 1569 907 1588 su-

119 1615 181 1635 mus
192 1607 272 1643 longe
297 1608 530 1642 sapientissimus.
555 1609 601 1636 cui
626 1615 709 1636 nemo
729 1607 906 1643 quantumvis

118 1653 245 1681 eminens
260 1655 414 1689 comparari
445 1655 571 1683 doctrina
597 1659 625 1682 et
647 1653 745 1689 judicii
772 1654 906 1688 gravitate

118 1705 213 1735 queat.
233 1700 349 1728 Miseros
366 1708 416 1728 vos
445 1701 603 1729 conditores
621 1701 724 1736 legum,
751 1701 798 1735 qui
825 1700 906 1727 talem

118 1753 174 1772 non
190 1745 378 1773 adhibueritis
396 1745 422 1772 in
440 1745 598 1778 consilium,
614 1745 823 1773 lucrifecissetis
839 1752 907 1779 ope-

119 1799 177 1818 ram
191 1791 302 1818 inanem
322 1791 461 1818 statuendi
489 1798 586 1826 poenas
617 1791 715 1819 sceleri
736 1798 769 1818 ac
795 1790 906 1825 prtemia

118 1837 230 1864 virtuti.
247 1837 275 1864 Si
289 1837 363 1864 enim
391 1837 563 1864 incluctabili
590 1837 755 1864 necessitate
787 1836 907 1863 trahitur

119 1883 231 1910 animus
250 1883 283 1910 ad
300 1891 333 1910 ea
348 1882 474 1910 facienda
487 1891 548 1918 quas
577 1883 634 1910 oris
658 1883 824 1910 lineamenta
847 1882 907 1909 sine

119 1937 214 1958 nostro
228 1931 310 1957 nobis
320 1930 434 1958 arbitrio
451 1938 466 1957 a
493 1934 591 1957 natura
608 1929 710 1957 tributa
740 1929 906 1964 signiﬁcant,

119 1977 185 2010 quid
200 1977 299 2004 attinet
311 1976 446 2004 mulctare
464 1976 607 2011 suppliciis
635 1976 683 2011 qui
712 1976 783 2002 male
811 1980 905 2010 agunt.

119 2024 312 2051 cliaracterum
330 2023 515 2058 ingenitorum
531 2031 636 2055 errare,
654 2021 740 2050 uthic
750 2022 906 2054 docet,non

120 2069 282 2101 valentium,
294 2069 454 2097 necessario
472 2068 554 2095 fidem
570 2067 748 2095 sancientes‘!
775 2067 905 2101 Alioquin

118 2114 250 2148 puniatur
270 2113 341 2148 ignis
363 2114 428 2148 quia
457 2114 525 2144 urit,
543 2120 621 2146 aqua:
649 2117 786 2140 tormenta
813 2112 907 2139 decer-

119 2164 221 2186 nantur
236 2160 300 2194 quia
313 2159 354 2187 vel
371 2167 485 2187 excussa
497 2167 512 2186 e
527 2159 601 2186 nube
617 2159 749 2186 viatorem
760 2157 906 2186 madefacit

962 228 989 255 in
1015 228 1096 255 oculo
1108 228 1231 261 alterius,
1244 229 1292 263 qui
1314 229 1419 256 trabem
1437 228 1464 256 in
1480 233 1527 257 tuo
1542 237 1596 257 non
1624 232 1749 259 attonde-

961 273 1009 299 ris.
1028 274 1132 301 Similis
1159 275 1304 302 malesana:
1333 275 1442 302 mulieri
1471 283 1487 302 e
1511 275 1602 303 fabula
1627 278 1748 311 vulgata.

962 318 1062 346 Fertur
1079 319 1164 352 enim,
1182 319 1250 347 duas
1264 320 1415 355 aliquando
1442 328 1554 349 sorores
1576 323 1746 358 proripiendi

962 371 1023 392 sese
1037 364 1152 392 nudase
1164 365 1301 397 custodia,
1319 374 1372 401 qua
1400 366 1469 394 dura
1501 368 1677 400 tenebantur,
1703 377 1749 397 oc-

961 409 1102 437 casiouem
1119 415 1225 442 nactas,
1239 411 1303 438 dum
1315 420 1367 439 una
1376 420 1437 440 cum
1453 419 1530 448 patre
1545 413 1641 441 iisdem
1653 416 1749 450 elapso

960 453 1080 482 vinculis
1097 454 1216 490 fugiunt,
1231 456 1329 484 harum
1343 458 1456 486 alteram
1474 459 1544 486 forte
1558 460 1669 488 intento
1685 469 1750 488 cen-

962 504 1026 528 tone
1036 500 1220 535 vixpudenda
1248 507 1450 538 contegentem,
1471 504 1615 540 increpare
1643 515 1749 542 germa-

961 552 1024 572 nam
1041 546 1158 581 coepisse
1168 547 1243 581 quod
1260 549 1334 575 nuda
1349 549 1500 577 incederet.
1513 550 1563 578 Cui
1581 556 1672 586 pater,
1697 553 1749 580 Sa-

961 598 1043 624 nane,
1064 591 1165 627 inquit,
1177 601 1217 625 es,
1232 601 1293 628 qua:
1312 591 1591 630 sorori‘exprobres,
1617 598 1679 625 sine
1697 605 1747 627 sua

960 637 1041 672 culpa
1061 638 1188 672 patienti,
1205 639 1279 673 quod
1292 643 1321 666 et
1339 644 1366 666 tu
1383 640 1442 674 pari
1473 641 1640 669 necessitate
1668 650 1748 677 passa

961 690 991 710 es
1002 687 1031 710 et
1061 684 1183 718 pateris?
1207 685 1269 712 Haec
1297 686 1414 714 audiens
1442 687 1570 722 princeps
1594 695 1747 723 coquorum

960 728 1034 763 quod
1058 735 1207 762 reponeret
1225 739 1280 759 non
1294 732 1403 764 habuit,
1419 733 1557 761 universis
1585 742 1747 769 responsum

960 775 1142 809 Vestigatoris
1154 776 1226 803 haud
1244 777 1328 806 dubie
1343 778 1537 812 probantibus.
1557 780 1672 816 Ipseque
1691 781 1747 814 leo,

961 820 1006 847 ubi
1021 828 1079 847 rem
1099 823 1239 856 cognovit.
1267 823 1351 850 stulte
1367 823 1490 850 locutum
1519 824 1672 860 principem
1699 833 1748 853 co-

923 870 943 898 B
959 874 1077 902 quorum
1093 867 1155 895 loco
1170 869 1267 900 movit,
1280 876 1315 896 ne
1332 869 1360 896 in
1373 869 1465 896 culina
1478 870 1591 904 quidem
1620 879 1668 898 sua
1692 876 1748 899 tam

958 913 1063 940 nullius
1074 913 1173 949 judicii
1191 914 1333 943 ministros
1348 915 1401 942 sibi
1424 917 1554 944 ferendos
1573 921 1684 952 putans.
1700 917 1748 945 llis

958 967 991 987 eo
1004 967 1137 988 consessu
1154 961 1234 998 actis,
1250 965 1278 988 et
1293 968 1342 996 per
1355 962 1510 990 actuarium
1524 963 1552 990 in
1577 969 1747 991 commenta-

958 1005 1031 1033 rium
1047 1006 1154 1038 relatis,
1171 1006 1278 1041 riteque
1289 1008 1419 1042 signatis,
1438 1008 1506 1036 hora
1520 1009 1577 1043 jam
1603 1015 1746 1044 provecta,

958 1051 1068 1080 solutus
1078 1057 1169 1080 cattus
1184 1056 1237 1085 est,
1250 1060 1299 1080 rco
1311 1053 1434 1081 nondum
1445 1055 1572 1082 convicto
1591 1056 1705 1084 reducto
1719 1057 1747 1085 in

959 1104 1110 1125 carcerem.

993 1143 1050 1171 VII.
1072 1144 1222 1172 Redditum
1238 1146 1374 1174 custodia:
1388 1147 1589 1182 Vestigatorem
1616 1150 1748 1178 convenit

959 1190 1032 1217 alius
1049 1190 1161 1226 quidam
1176 1199 1210 1219 ex
1220 1192 1281 1227 eius
1297 1192 1493 1227 familiaribus,
1509 1193 1638 1222 Coronati
1670 1203 1747 1224 com—

959 1237 1052 1265 munis
1066 1237 1147 1266 amici
1163 1243 1280 1266 mortem
1293 1239 1488 1267 mmstissimus
1503 1242 1646 1269 nuntians.
1676 1243 1749 1270 Con-

959 1287 1098 1311 sternatus
1127 1283 1229 1311 acerbo
1255 1292 1321 1312 casu
1344 1285 1501 1321 Vestigator
1531 1287 1665 1323 lacrymas
1692 1297 1748 1316 non

959 1328 1060 1361 tenuit,
1073 1328 1145 1356 inter
1156 1337 1225 1364 quas
1235 1330 1277 1357 hae
1301 1338 1384 1358 voces
1407 1334 1467 1366 ejus
1484 1333 1693 1361 audiebantur:
1705 1335 1748 1363 Mc

959 1373 1093 1401 miserum
1124 1375 1172 1409 qui
1196 1383 1273 1409 vero,
1321 1377 1520 1412 experimentis
1562 1379 1691 1414 probato,
1721 1386 1749 1408 et

959 1420 1084 1447 omnium
1104 1425 1261 1456 temporum
1293 1423 1385 1451 amico
1411 1426 1535 1458 privatus
1563 1426 1646 1454 hodie
1676 1427 1746 1455 siml

959 1465 1031 1498 Quid
1048 1473 1091 1493 me
1103 1468 1196 1495 vivere
1214 1468 1315 1496 attinet
1339 1473 1365 1497 te
1390 1470 1476 1503 mihi,
1506 1471 1644 1500 Coronats
1674 1474 1749 1501 fidis-

960 1511 1042 1543 sime,
1060 1512 1223 1541 subtracto?
1234 1515 1320 1543 Recte
1331 1515 1409 1544 aiunt
1419 1517 1512 1553 vulgo,
1530 1522 1627 1546 catena
1639 1527 1747 1547 conne-

961 1565 1009 1585 xas
1025 1559 1142 1593 quadam
1160 1568 1209 1595 per
1222 1561 1317 1589 orbem
1335 1565 1748 1599 commeare.calamitates,uce

960 1612 1084 1639 unquam
1098 1607 1146 1633 uni
1161 1607 1314 1642 singulares
1330 1617 1491 1638 occurrere.
1507 1611 1548 1638 En
1577 1612 1645 1640 mihi
1672 1613 1748 1648 capi-

962 1650 1010 1678 tali
1032 1651 1137 1686 judicio
1150 1653 1331 1687 periclitanti,
1352 1663 1385 1683 ac
1399 1656 1468 1684 diris
1486 1658 1605 1685 vinculis
1629 1660 1748 1687 constri-

961 1702 1017 1726 cto.
1033 1697 1174 1725 funestum
1189 1701 1351 1734 supervenit
1373 1703 1528 1730 auctarium
1560 1704 1749 1739 irreparabilis

959 1743 1074 1777 jactura
1091 1744 1192 1779 capitis
1209 1746 1380 1780 charissimi,
1398 1747 1492 1779 etiam,
1521 1750 1595 1784 quod
1622 1750 1748 1779 dolorem

962 1787 1097 1821 incendit,
1114 1797 1196 1817 causa
1215 1798 1275 1818 mea
1294 1793 1435 1820 exstincti.
1454 1793 1517 1822 Haec
1539 1793 1575 1822 ita
1599 1794 1748 1830 deploran-

963 1837 1017 1861 tem
1032 1834 1209 1869 invenerunt,
1229 1836 1276 1871 qui
1295 1837 1428 1872 postridie
1441 1838 1520 1873 jussu
1550 1841 1675 1874 praetoris
1699 1841 1750 1869 de-

961 1887 1018 1908 nuo
1034 1881 1154 1909 citarunt
1168 1882 1353 1918 stiteruntque
1384 1884 1584 1918 Vestigatorem
1603 1887 1636 1913 ad
1657 1887 1748 1915 tribu-

963 1927 1016 1954 nal.
1037 1927 1077 1955 lbi
1091 1928 1176 1963 judex
1201 1930 1255 1957 alte
1269 1930 1416 1958 considens
1433 1939 1439 1958 :
1458 1931 1529 1964 Quid
1549 1933 1608 1965 tibi,
1624 1941 1640 1961 ο
1659 1934 1749 1962 Vesti-

961 1977 1049 2005 gator.
1065 1976 1114 2004 ait.
1129 1975 1236 2002 consilii
1251 1983 1306 2003 nox
1322 1976 1433 2004 attulit?
1446 1984 1512 2004 num
1542 1978 1651 2005 tandem
1669 1979 1750 2006 indu-

962 2018 1024 2045 xisti
1042 2019 1068 2045 in
1081 2020 1204 2047 animum
1222 2020 1300 2048 fateri
1312 2021 1386 2055 quod
1406 2022 1555 2057 agnoscis?
1570 2022 1747 2059 Cunctisjam

961 2069 1055 2097 patent
1070 2069 1115 2091 tua
1127 2065 1242 2098 scelera,
1256 2073 1393 2101 nemoque
1407 2074 1462 2094 non
1477 2068 1594 2095 miratur
1609 2068 1749 2096 confiden-

962 2111 1026 2138 tiam
1062 2115 1148 2142 tuam,
1187 2113 1391 2146 perseverantis
1429 2113 1546 2140 inficiari
1589 2114 1746 2142 manifesta.

960 2156 1040 2183 Nulla
1059 2157 1170 2192 tibijam
1186 2158 1291 2192 reliqua
1302 2162 1445 2186 excusatio
1459 2164 1559 2192 est;ac
1574 2159 1625 2186 nisi
1641 2167 1747 2187 summa

119 2205 160 2232 vel
173 2205 316 2233 exundans
326 2213 341 2232 c
360 2210 483 2232 torrente
503 2210 562 2232 sata
573 2205 658 2232 laedit.
673 2204 745 2238 Quid
767 2204 816 2231 tibi
831 2204 907 2231 vide—
924 2210 946 2237 ι)
961 2206 989 2229 et
1003 2202 1109 2229 infinita
1122 2203 1247 2237 quaedam
1260 2203 1450 2231 misericordia
1464 2204 1537 2238 regis
1549 2210 1633 2237 esset,
1650 2209 1678 2232 tu
1698 2205 1749 2232 fce-

120 2255 176 2280 tur.
193 2251 386 2286 archimagiro,
403 2251 437 2278 de
451 2251 502 2278 ista
520 2256 565 2278 tua
577 2251 697 2278 mirabili
711 2250 900 2286 physiologia?

121 2298 216 2325 Utrum
230 2298 328 2328 mavis,
356 2297 402 2330 qui
419 2297 549 2332 praeditus
577 2297 647 2326 istis.
674 2303 743 2331 quas
768 2295 906 2326 indicasti.

121 2342 194 2369 uotis
214 2342 241 2368 in
257 2342 346 2369 lucem
363 2342 479 2373 venerit,
495 2349 592 2370 cavere
612 2350 628 2369 a
655 2341 728 2369 malo
760 2349 851 2376 posse,
873 2349 908 2368 an

121 2388 317 2415 inevitabilitcr
327 2395 388 2415 esse
399 2388 574 2421 improbum?
585 2387 612 2415 Si
626 2387 706 2422 prius
722 2387 804 2420 dicis,
819 2387 908 2414 inanis

120 2437 163 2460 est
180 2437 225 2459 tua
239 2433 368 2460 collectio
384 2441 392 2460 :
407 2433 523 2460 forsitan
533 2434 607 2460 enim
622 2441 673 2468 ego
686 2440 769 2467 quem
782 2440 907 2465 accusas,

119 2483 168 2506 aut
179 2479 307 2506 similiter
323 2479 474 2514 insignitus
491 2479 594 2514 quivis,
606 2479 706 2506 indolis
717 2479 816 2506 innata:
842 2487 908 2513 pro-

119 2524 279 2559 pensionem
295 2529 396 2551 conatu
413 2523 525 2551 virtutis
542 2523 733 2552 inflexerimus
751 2524 778 2551 in
791 2528 907 2557 rectum;

119 2571 142 2598 si
158 2571 276 2597 alterum
305 2570 415 2602 fateris,
439 2578 533 2597 nonne
565 2578 648 2605 quam
677 2570 909 2605 inconsequenler

119 2617 244 2651 loquaris
259 2617 347 2649 vides,
375 2617 422 2651 qui
436 2624 547 2652 poenam
558 2624 681 2652 apponas
693 2617 740 2644 ubi
755 2617 835 2651 culpa
854 2625 908 2644 non

118 2666 171 2689 est.
189 2661 266 2694 Quod
282 2661 305 2688 si
321 2661 467 2696 recipitur,
482 2661 548 2696 quid
565 2661 598 2689 de
612 2666 638 2689 te
660 2662 727 2689 ﬁet?
756 2670 819 2689 nam
841 2666 909 2697 quot

118 2707 175 2734 eris
197 2707 342 2742 suppliciis
358 2707 522 2734 mactandus
532 2728 540 2740 ,
558 2707 580 2734 si
597 2708 720 2735 omnium
733 2715 794 2742 qum
806 2715 857 2743 per
869 2708 909 2735 vi-

120 2756 176 2779 tam
192 2753 351 2781 necessario
361 2754 404 2780 vel
417 2753 508 2781 fecisti
521 2754 563 2781 vel
577 2761 674 2788 passus
688 2762 728 2786 es,
743 2762 826 2782 causa
836 2763 909 2782 nunc

120 2797 172 2824 tibi
192 2798 319 2831 dicenda,
339 2798 442 2826 invidia
456 2799 630 2831 sustinenda,
643 2799 745 2827 luenda
760 2801 910 2836 expianda-

121 2850 174 2879 que
185 2843 355 2872 cruciatibus
363 2844 533 2872 conscientia
546 2846 578 2873 sit
589 2845 600 2871 Τ
610 2846 728 2881 Ecquid,
746 2846 841 2879 stulte,
852 2847 908 2882 jam

309 2893 444 2924 Panos.
458 2894 514 2925 Gn.
537 2894 652 2925 CXLIII

966 2247 1143 2274 dissimorum
1176 2249 1345 2276 constrictus
1370 2249 1541 2276 conscientia
1579 2249 1745 2282 facinorum,

960 2294 1139 2329 omniumque
1157 2294 1213 2328 jam
1229 2294 1397 2328 praeiudiciis
1413 2294 1572 2325 damnatus.
1587 2295 1678 2322 adhuc
1694 2297 1748 2323 llll-

960 2348 1014 2375 que
1029 2348 1084 2367 non
1106 2341 1224 2368 viveres.
1254 2341 1294 2367 Ad
1323 2349 1354 2368 ea
1381 2341 1536 2376 Vestigator
1552 2341 1746 2374 audacissime,

960 2386 1179 2421 Quantacunque
1197 2387 1244 2418 sit,
1259 2387 1308 2419 ait,
1324 2388 1376 2415 ista
1389 2395 1472 2422 quam
1493 2395 1629 2414 memoras
1639 2395 1746 2414 summa

960 2437 988 2460 et
1016 2432 1123 2459 infinita
1147 2433 1336 2460 misericordia
1360 2433 1442 2468 regis,
1468 2436 1560 2460 tamen
1582 2440 1642 2460 eam
1667 2433 1747 2466 longe

961 2483 1073 2513 supcrat
1096 2478 1294 2506 inenarrabilis
1341 2478 1538 2513 importunitas
1569 2478 1748 2504 immanitatis

960 2529 1025 2551 tuae.
1041 2524 1129 2552 Video
1144 2524 1220 2551 enim
1237 2529 1264 2552 te
1280 2525 1487 2560 sanguinarium
1514 2525 1682 2558 mancipium
1707 2524 1749 2551 in—

960 2570 1077 2605 expletas
1089 2570 1278 2602 crudelitatis,
1298 2571 1378 2598 sitire
1397 2578 1526 2598 cruorem
1541 2578 1644 2601 meum,
1658 2577 1748 2604 eoque

961 2617 1020 2644 fera
1037 2618 1179 2644 voluntate
1198 2625 1394 2652 praeoccupare
1410 2624 1482 2644 sana:
1499 2616 1600 2643 mentis
1616 2616 1746 2646 cilicium,

961 2671 1022 2690 ritca
1039 2670 1089 2690 nec
1100 2663 1218 2690 convicti
1239 2671 1290 2690 nec
1308 2662 1430 2689 damnati
1462 2666 1561 2693 morte,
1587 2666 1682 2688 contra
1708 2661 1748 2687 fas

961 2717 1053 2741 omne,
1072 2709 1256 2738 decernenda.
1272 2709 1328 2737 Nec
1342 2710 1430 2736 miror
1459 2713 1485 2735 te
1503 2709 1596 2739 talem.
1614 2707 1660 2741 qui
1683 2707 1748 2734 olim

962 2755 1111 2789 pessimum
1123 2754 1258 2785 noverim,
1268 2759 1296 2781 et
1303 2755 1338 2781 ita
1345 2759 1442 2781 natura
1449 2756 1638 2788 comparatum
1651 2752 1749 2784 sciam,

961 2807 991 2827 ut
1011 2807 1119 2835 semper
1152 2800 1273 2835 optimos
1300 2800 1462 2835 nequissimi
1491 2799 1609 2834 pessime
1629 2797 1747 2824 oderint.

962 2847 1018 2875 llas
1034 2846 1216 2875 contumelias
1229 2854 1325 2883 :cquus
1352 2854 1385 2874 ac
1414 2846 1573 2874 moderatus
1592 2844 1686 2880 iudex,
1718 2847 1750 2870 ut

1525 2893 1560 2926 41
