1913 3068
194 116 258 149 1291

896 114 1091 145 ΑΡΡΕΝΒῙΧ

1751 116 1831 149 122

191 172 291 202 medici
313 172 394 199 mites
409 178 546 205 aegrorum
576 169 755 198 delirantium
788 169 977 205 intemperias,
993 174 1015 202 Λ
1031 172 1074 198 sui
1091 170 1208 202 domini,
1227 177 1290 198 cum
1317 178 1372 206 quo
1390 171 1458 206 ipsis
1481 171 1671 200 intercedebat
1683 174 1832 204 amicitia.

189 220 330 254 sapienter
346 218 447 248 ferens.
465 217 538 244 Bona
556 217 651 249 verba,
668 217 770 251 inquit,
786 217 924 244 etfrustra
950 221 977 243 et

188 275 244 293 non
266 266 294 293 in
312 270 446 300 tempore,
471 264 639 297 Vestigator,
654 263 800 295 irasceris;
822 270 882 298 qua?
898 261 978 289 audi-

189 315 225 341 sti
239 315 331 341 minus
354 312 403 340 tibi
422 316 509 347 grata,
524 319 557 339 ex
569 311 658 339 oﬂicio
670 312 890 339 nostrimuncris
905 311 978 338 dicta

189 362 275 389 libere
289 365 354 387 sunt
370 368 377 386 :
396 367 458 386 nam
474 358 649 386 dissimulare
679 366 731 385 nos
747 358 820 385 haud
847 356 978 385 convenit

190 414 261 441 quos
275 405 308 432 ad
335 404 520 432 coercendam
554 404 744 438 improborum
766 403 908 430 audaciam
930 410 979 430 au-

191 452 319 479 ctoritate
333 458 364 478 ac
376 453 514 485 potestate
527 449 636 484 publica
650 450 778 483 princeps
807 456 838 476 ac
862 448 979 483 populus

190 498 318 525 armavit.
335 497 481 528 Caeterum,
499 495 520 523 si
533 495 596 531 quis
607 496 678 530 apud
702 500 728 523 te
745 495 870 522 consiliis
893 495 978 522 bene-

190 542 261 569 volis
273 542 350 569 locus
365 545 416 572 est,
431 546 528 568 auctor
544 548 710 575 magnopere
727 540 776 568 tibi
793 548 866 572 sum,
883 546 914 568 ut
931 548 979 568 ne-

191 588 322 615 cessitate
333 587 361 613 in
373 595 452 614 usum
466 594 557 618 versa,
574 586 716 618 brevibus,
728 594 798 621 quas
811 587 906 621 fugere
923 595 978 614 non

191 638 282 669 potes,
313 633 396 668 hujus
415 633 547 666 temporis
573 633 662 667 pomis
685 633 824 667 sapienter
843 633 929 660 utaris
945 633 979 660 ad

191 679 351 707 redimenda
365 679 499 714 supplicia
514 684 618 706 aeterna
631 687 691 714 qua:
711 679 834 714 gravium
852 679 980 707 conscios

191 726 327 753 scelerum
346 725 501 761 inexpiatos
515 732 548 753 ex
569 725 621 752 hac
635 724 691 752 vita
712 728 892 752 transeuntes
924 732 982 752 ma-

192 777 271 800 nent.

227 820 293 847 Vlll.
312 818 359 846 llis
377 823 475 846 contra
491 817 532 845 sic
551 817 674 845 occurrit
693 817 936 844 obfirmatissimus
950 816 977 843 in

190 865 363 893 contumacia
377 865 479 892 nebulo
497 873 503 890 :
519 863 587 891 Novi
602 868 630 890 et
655 870 717 898 ego,
734 863 848 898 quando
871 868 897 890 et
912 870 980 897 qua-

191 917 272 940 tenus
286 920 356 947 opus
369 916 421 943 est,
438 910 598 945 praehabere
614 910 782 944 sempiterna
800 909 978 936 transitoriis.

191 960 291 987 Verum
304 958 370 994 quid
395 957 453 984 haec
465 957 498 984 ad
519 960 681 991 praesentem
705 963 827 988 causam,
847 955 893 982 ubi
924 962 979 982 non

189 1005 256 1040 quid
266 1012 347 1040 agere
360 1004 476 1031 debeam
492 1002 544 1029 rite
557 1002 717 1033 damnatus,
735 1001 783 1029 sed
801 1009 836 1028 an
853 1000 980 1028 damnari

190 1053 250 1088 iure
265 1051 367 1086 possint
381 1048 538 1084 quaeritur?
553 1048 603 1075 Aio
627 1055 678 1082 ego
711 1052 739 1074 et
757 1054 916 1082 persevero,
937 1046 979 1074 uti

190 1099 290 1129 debeo,
308 1095 546 1125 constantissime,
576 1094 751 1121 innocentem
779 1100 823 1120 nte
854 1092 979 1120 accusari

191 1145 260 1171 falso
289 1151 321 1170 ac
354 1141 551 1169 circumveniri
580 1148 629 1175 per
653 1140 816 1167 calumnias.
843 1139 884 1166 Tu
913 1145 980 1166 vero

191 1198 299 1225 aequum
315 1196 422 1220 censes,
437 1187 583 1222 cooperari
607 1194 650 1213 me
666 1186 804 1221 iniquitati
821 1185 980 1220 opprimen-

193 1238 261 1263 tium
281 1243 337 1264 me.
352 1234 426 1267 Quid
440 1233 513 1260 enim
528 1232 603 1260 aliud
614 1231 700 1259 fuerit
717 1231 940 1266 mendaci,quod
951 1235 979 1257 tu

193 1284 323 1315 hortaris,
335 1281 509 1310 confessione
528 1280 673 1314 imponere
697 1278 874 1306 conscientia:
901 1285 979 1310 meax,

192 1330 337 1364 cttingere
350 1336 394 1355 me
409 1328 508 1355 fecisse
533 1333 595 1361 quae
623 1333 678 1352 non
702 1324 774 1352 feci?
800 1323 896 1351 Scelus
928 1324 981 1350 hoc

192 1379 335 1404 cnimvero
364 1375 447 1406 foret,
468 1373 528 1400 istis
543 1380 606 1407 quae
631 1371 772 1398 intentasti
796 1370 896 1397 futurae
917 1370 982 1397 vita:

193 1421 336 1450 immensis
358 1419 501 1454 suppliciis
518 1417 661 1448 luendum,
679 1424 734 1450 quo
746 1420 852 1443 avertat
866 1416 938 1442 Deus
947 1422 981 1442 ne

194 1477 237 1495 me
251 1465 448 1495 contaminent.
467 1465 507 1491 Au
523 1463 596 1490 enim
626 1462 716 1488 levius
743 1459 886 1488 arbitraris
917 1467 982 1494 pec-

1032 216 1155 251 hospitio
1171 224 1281 245 usuros.
1304 217 1418 245 Interim
1432 223 1525 246 autem
1543 219 1611 254 picae
1627 219 1734 247 dictata
1751 229 1834 256 quo-

1033 261 1099 288 tidie
1116 262 1266 290 recitantes
1281 263 1461 291 oblectationi
1479 264 1639 293 domesticis
1660 272 1754 300 erant,
1778 276 1833 302 pe-

1031 307 1171 341 regrinum
1188 307 1309 334 humano
1329 308 1446 336 similent
1462 317 1477 337 e
1492 310 1591 338 rostris
1614 313 1748 339 emissum
1781 321 1835 340 vo-

1030 351 1138 379 lucrqu
1154 353 1357 382 admirantibus
1373 363 1484 387 sonum,
1500 358 1610 384 nemine
1627 362 1719 386 tamen
1737 359 1834 387 intel-

1030 397 1133 433 ligente
1146 400 1213 434 quid
1229 400 1312 427 verba
1328 401 1514 436 significarent
1529 411 1536 428 :
1559 404 1661 438 quippe
1672 413 1750 432 .cum
1770 413 1835 434 non

1030 449 1104 472 esset
1120 445 1158 472 ibi
1183 445 1256 472 ullus
1276 447 1323 481 qui
1352 447 1434 475 sciret
1458 448 1577 480 Persice,
1607 454 1705 484 ιιι-κιτι-
1734 458 1834 478 unum

1031 489 1121 524 ipsum
1137 490 1242 519 fraudis
1257 492 1402 520 artificem.
1415 493 1531 529 Jamque
1545 496 1572 522 in
1596 497 1726 523 viciniam
1749 497 1834 524 fama

1030 541 1222 569 emanaverat,
1247 542 1277 564 et
1302 538 1402 566 domus
1430 539 1659 574 frequentabatur
1684 550 1836 570 concursu

1031 581 1218 614 curiosorum,
1234 583 1332 610 audire
1347 585 1527 618 gestientium
1555 587 1676 615 humano
1691 595 1836 616 sermone

1033 632 1142 655 utentes
1171 629 1261 662 alites,
1285 637 1316 657 ac
1339 630 1469 658 videlicet
1499 633 1683 661 invidentium
1714 635 1835 664 Persidi

1031 672 1192 700 felicitatem
1221 681 1331 707 raram;
1358 675 1416 710 ipsa
1452 684 1562 711 quoque
1591 679 1730 707 interdum
1758 689 1837 715 gau-

1032 718 1115 746 dente
1131 719 1350 753 matrefamilias,
1366 722 1463 756 quanti
1476 723 1641 757 suipericuli
1657 725 1835 754 miraculum

1033 765 1086 793 hoc
1110 771 1194 797 esset,
1214 771 1272 793 tum
1289 766 1379 794 adhuc
1402 767 1495 802 ignara
1510 773 1537 795 et
1562 769 1624 797 ideo
1654 778 1764 798 secura.
1793 773 1834 799 Ea

1031 811 1093 838 vice
1117 818 1210 838 rerum
1225 811 1377 839 adveniunt
1392 814 1543 847 exspectati
1567 814 1658 842 Persa:
1679 823 1834 850 proceres.

1032 861 1130 885 etcum
1147 858 1347 885 totocomitalu
1371 859 1547 894 excipiuntur
1575 860 1706 895 hospitali
1739 867 1832 897 tecto,

1031 911 1082 938 pro
1095 903 1200 930 domini
1218 904 1296 938 copia
1315 909 1342 930 ct
1372 905 1556 938 humanitate,
1588 907 1831 942 splendidissime.

1031 950 1122 978 Prima
1144 955 1234 980 nocte.
1253 951 1375 978 triclinio
1394 952 1538 986 magnifice
1564 958 1673 985 ornato,
1702 955 1832 983 laulissi-

1032 996 1085 1023 mis
1099 996 1191 1031 epulis
1213 997 1362 1032 gratulatio
1384 997 1521 1025 adventus
1540 1000 1691 1027 amicorum
1719 1002 1832 1036 geniali

1031 1042 1127 1069 latitia
1144 1043 1339 1070 celebrabatur
1355 1049 1363 1070 :
1380 1044 1494 1079 quando
1512 1045 1563 1072 rite
1588 1046 1679 1073 libatis
1703 1047 1756 1074 sub
1782 1055 1828 1074 54--

1031 1088 1137 1115 cundas
1162 1096 1275 1116 mensas
1297 1090 1357 1117 Jovi
1385 1091 1468 1117 xeuio
1490 1092 1607 1125 poculis,
1631 1092 1760 1120 renidens
1789 1095 1828 1120 ad

1032 1134 1156 1169 hospites
1172 1134 1240 1162 festa
1271 1136 1411 1163 hilaritate
1432 1144 1518 1164 comae
1546 1143 1642 1171 pater:
1661 1138 1824 1170 Assuetam,

1033 1181 1135 1216 inquit,
1151 1182 1280 1216 hospitiis
1293 1184 1455 1210 vestratium
1486 1184 1579 1211 iuistis
1605 1183 1715 1212 domum
1731 1193 1739 1217 ;
1763 1193 1826 1211 non

1031 1229 1104 1254 enim
1115 1236 1164 1254 vos
1184 1236 1199 1256 e
1216 1228 1328 1256 Perside
1345 1230 1450 1263 primos
1471 1230 1630 1264 accipimus.
1656 1229 1737 1257 Bonis
1765 1231 1830 1257 avi—

1033 1273 1084 1301 bus
1099 1274 1235 1309 auspicati
1261 1276 1458 1303 commercium
1485 1276 1617 1306 faustum,
1643 1275 1776 1303 facuudas
1813 1283 1831 1302 e

1032 1326 1122 1348 vestra
1145 1322 1231 1355 patria
1245 1321 1349 1348 dudum
1379 1322 1527 1349 accersitas
1555 1322 1601 1350 bic
1626 1322 1761 1350 habemus
1779 1328 1833 1349 vo-

1033 1367 1133 1394 lucres.
1151 1368 1220 1394 Tum
1236 1368 1355 1395 innuens
1366 1368 1541 1402 accipitrario
1556 1373 1586 1396 ut
1601 1368 1718 1396 inferret
1736 1368 1832 1403 picas,

1034 1413 1257 1448 Recognoscctis,
1277 1413 1398 1448 perrexit
1424 1413 1525 1445 dicere,
1549 1421 1611 1441 cum
1633 1414 1765 1448 quadam,
1799 1419 1832 1441 ut

1034 1467 1126 1493 spero,
1141 1460 1281 1494 voluptate
1298 1460 1417 1494 linguam
1439 1464 1569 1486 vestram.
1587 1459 1682 1494 Magna
1695 1460 1829 1487 omnium

194 1521 271 1546 care,
300 1512 379 1539 famae
411 1517 444 1537 ac
472 1509 570 1536 salutis
601 1507 786 1534 voluntarium
814 1505 982 1541 proditorem
996 1505 1019 1534 Ω
1036 1506 1241 1540 exspectatione
1261 1505 1426 1533 introducta:
1442 1506 1503 1532 dua:
1517 1513 1616 1537 caveas,
1641 1505 1768 1540 picarum
1787 1510 1832 1532 to—

194 1568 263 1591 suae,
289 1565 371 1593 quam
390 1556 554 1583 insidiantes
567 1554 658 1580 alieno
672 1552 754 1587 capiti
779 1559 812 1579 ac
827 1552 955 1586 sanguini
971 1551 982 1578 ?

193 1606 386 1641 IEquiusrrgo
402 1610 451 1630 vos
463 1609 523 1629 mea
538 1600 598 1627 vice
614 1606 753 1630 moneam,
768 1598 890 1625 utetiam
899 1603 981 1632 atque

194 1652 278 1680 etiam
297 1649 418 1678 videatis
435 1656 470 1675 ne
482 1647 554 1675 foede
569 1645 657 1673 ruatis
675 1646 729 1672 isto
756 1652 861 1677 cursu;
887 1644 980 1678 idque,

195 1706 282 1726 meam
303 1695 420 1724 insontis
440 1693 650 1721 damnationem
674 1691 886 1726 praecipitando,
915 1698 982 1718 cott-

195 1744 318 1773 sciscatis
338 1742 410 1778 quod
430 1749 490 1769 sera
504 1738 605 1766 deinde
621 1737 783 1773 paenitentia
797 1737 982 1771 nequidquam

196 1791 328 1826 optabitis
343 1790 487 1819 infectum,
499 1786 552 1813 tale
561 1785 736 1820 experientes
750 1783 891 1819 quidpiam
902 1784 983 1818 quale

196 1839 261 1866 olim
276 1835 392 1870 contigit
416 1835 527 1861 tcstanti
539 1840 600 1866 quae
619 1839 673 1858 non
690 1831 806 1857 viderat.
822 1830 870 1857 Vir
889 1829 940 1856 fuit
956 1829 982 1855 in

198 1884 295 1919 primis
315 1882 399 1909 totius
413 1880 497 1907 India:
513 1879 642 1912 copiosus
657 1881 681 1903 et
706 1875 816 1906 nobilis,
848 1875 895 1909 qui
914 1874 985 1901 acci-

197 1930 300 1964 pitrum
313 1927 429 1955 custode
443 1924 572 1951 utebatur
586 1929 704 1957 nequam
731 1928 762 1948 ac
780 1920 928 1948 libidinoso
941 1921 985 1955 ju-

197 1982 277 2005 vene,
292 1973 403 2000 natione
413 1972 507 1998 Persa.
532 1969 580 1996 llic
594 1968 680 1995 oculis
694 1966 853 2001 cupiditatis
870 1965 984 2001 adjectis

198 2021 231 2048 ad
247 2027 359 2048 uxorem
373 2017 415 2045 sui
430 2016 545 2047 domini,
573 2019 726 2041 matronam
753 2013 847 2040 formae
877 2011 984 2046 pudici-

197 2067 297 2101 tiaaque
314 2063 481 2100 praestantis,
493 2069 527 2089 eo
549 2059 713 2087 temeritatis
730 2059 785 2086 ruit
813 2063 843 2085 ut
862 2060 983 2084 furorem

196 2114 222 2140 ci
236 2120 316 2139 suum
341 2109 418 2137 fateri
434 2116 489 2135 non
503 2112 654 2138 vereretur,
672 2113 704 2133 ac
728 2106 859 2141 rejectus,
878 2109 907 2131 ut
934 2112 983 2139 par

196 2164 266 2190 erat,
285 2158 319 2185 ab
336 2155 531 2183 honestissima
561 2153 686 2185 muliere,
719 2157 793 2180 totus
806 2151 934 2178 incubuit
957 2153 982 2177 in

197 2204 368 2241 propositum
396 2201 528 2228 atrociter
566 2199 731 2226 ulciscenda:
761 2199 887 2232 repulsae.
913 2198 983 2232 Ergo

197 2259 260 2278 cum
274 2248 402 2277 familiari
421 2245 577 2274 exercendo
594 2245 714 2279 aucupio
729 2244 798 2271 duas
817 2244 888 2270 forte
900 2251 983 2270 vena—

198 2304 243 2326 tus
273 2298 348 2332 picas
380 2299 463 2327 esset,
495 2294 607 2320 domum
638 2292 732 2318 ambas
756 2292 832 2319 vivas
860 2291 982 2325 pertulit,

199 2344 372 2372 meutitusex
393 2340 507 2368 Perside
523 2339 662 2370 advectas,
679 2338 797 2365 disertas
823 2345 886 2364 aves
911 2337 985 2364 illius

199 2391 245 2418 ubi
261 2394 354 2417 essent
367 2392 437 2414 natae
449 2385 572 2421 regionis
588 2385 693 2419 lingua.
713 2384 779 2411 lude
803 2383 863 2410 illas
875 2383 985 2410 assidue

199 2445 231 2465 ac
247 2433 466 2463 laboriosissime
488 2432 588 2458 institit
604 2431 722 2458 edocerc
750 2436 862 2456 carmen
889 2428 922 2455 ad
945 2436 986 2454 ra-

198 2483 290 2510 tiones
315 2479 554 2508 accommodatnm
586 2476 717 2504 destinati
749 2476 872 2503 sceleris.
899 2474 985 2502 Alteri

201 2535 318 2563 namque
337 2527 438 2560 smpius
450 2524 575 2560 quotidie
589 2522 748 2550 iuculcabat
781 2522 852 2549 hanc
875 2525 986 2548 sentcn-

199 2577 265 2602 tiam
282 2574 412 2601 idiomate
428 2571 539 2598 Persico
559 2578 565 2596 :
588 2569 647 2596 Vidi
673 2568 808 2595 dominam
832 2575 892 2593 cum
911 2567 986 2602 jani—

199 2628 255 2650 tore
268 2619 495 2650 contumbentcm,
521 2617 600 2643 alti-ri
627 2615 686 2642 haec
702 2614 784 2641 verba
811 2613 906 2640 eadem
933 2613 987 2638 li;.-

199 2678 251 2706 gua
268 2678 275 2696 :
292 2668 347 2703 Ego
362 2675 422 2694 vero
438 2666 496 2692 licet
512 2664 581 2692 idem
594 2663 715 2693 viderint,
736 2661 802 2688 nihil
821 2660 889 2687 dico.
918 2659 987 2686 Insi-

198 2705 348 2745 diosissimi
362 2713 471 2741 artiﬁcii
489 2712 546 2738 hrec
562 2714 621 2737 erat
640 2709 721 2736 ratio.
744 2707 856 2735 Sciebat
884 2705 986 2740 aceipi~

199 2762 301 2791 trarius
324 2761 422 2788 Persas
440 2757 573 2793 quosdam
590 2755 736 2791 primarios
765 2753 850 2784 viros,
879 2752 985 2780 visendi

199 2814 256 2835 tum
268 2815 300 2835 ac
312 2806 436 2834 discendi
467 2811 548 2831 causa
575 2802 783 2837 peregrinantes
800 2807 849 2834 per
869 2799 984 2829 Indiam,

198 2861 253 2882 ι·οη
270 2855 306 2880 ita
322 2854 407 2880 multo
423 2857 483 2886 post
498 2853 628 2877 venturos
653 2848 681 2878 in
702 2847 801 2874 urbem
828 2845 942 2881 regiam,
957 2848 984 2872 et

1035 1551 1119 1579 tidem
1137 1551 1299 1583 diversoria,
1326 1552 1386 1578 loco
1411 1551 1544 1578 eminenti
1570 1551 1751 1579 collocantur.
1786 1551 1832 1578 l-‘it

1035 1597 1188 1629 silmtium,
1203 1597 1259 1624 illis
1272 1598 1418 1624 edentibus
1441 1602 1469 1625 et
1497 1598 1598 1632 sacpius
1625 1598 1831 1633 replicantibus

1035 1643 1201 1669 cantilenam
1216 1643 1336 1670 solitam.
1354 1643 1402 1670 llic
1413 1643 1557 1670 enimvero
1585 1643 1675 1671 Persa:
1695 1652 1831 1678 proceres

1035 1689 1140 1720 mirari.
1158 1689 1275 1717 inuuere
1288 1690 1421 1722 invicem,
1445 1697 1507 1717 mox
1533 1690 1614 1716 etiam
1646 1691 1829 1722 erubescere,

1036 1736 1147 1763 asseclis
1159 1737 1283 1770 ipsorum
1299 1741 1327 1764 et
1340 1736 1475 1764 ministris
1497 1744 1529 1763 ex
1545 1737 1641 1764 eadem
1667 1742 1749 1770 gente
1779 1737 1829 1772 qui

1035 1782 1173 1813 astabant.
1212 1783 1273 1810 aliis
1296 1783 1393 1810 furtim
1417 1782 1617 1816 arridentibus,
1656 1783 1828 1817 quibusdam

1034 1835 1107 1862 agre
1125 1827 1319 1855 cohibentibus
1331 1828 1494 1855 cachinnum
1511 1833 1711 1863 erumpentem.
1726 1829 1829 1856 Obstu-

1036 1874 1095 1908 puit
1113 1875 1169 1901 haec
1180 1875 1332 1901 observans
1347 1882 1432 1902 coma:
1461 1875 1603 1908 praebitor,
1619 1880 1647 1902 et
1672 1875 1741 1902 Num
1759 1876 1827 1910 quid

1036 1928 1094 1952 vos,
1116 1920 1165 1952 ait,
1183 1920 1315 1954 hospites,
1327 1920 1354 1947 in
1372 1926 1456 1947 cantu
1472 1920 1650 1948 familiarium
1667 1921 1758 1953 vobis,
1779 1931 1828 1948 no-

1036 1966 1078 1993 bis
1094 1966 1302 2000 peregrinarum
1321 1965 1436 1992 otfeudit
1467 1965 1578 1992 avium?
1603 1965 1644 1992 An
1674 1966 1782 2000 aliquid
1801 1967 1826 1993 in

1035 2012 1172 2039 sententia
1190 2011 1235 2038 hic
1245 2012 1338 2046 ignota
1354 2011 1434 2038 vobis
1454 2011 1672 2046 percipientibus
1693 2012 1761 2046 quid
1785 2020 1827 2038 ευ-

1036 2062 1096 2089 net,
1109 2057 1181 2084 forte
1199 2057 1346 2083 molesrum
1364 2057 1490 2084 accidit?
1506 2057 1744 2092 lnterpretamini,
1773 2059 1824 2084 nisi

1036 2111 1117 2139 grave
1134 2108 1186 2135 est,
1203 2103 1269 2137 quid
1283 2103 1393 2130 tandem
1418 2103 1446 2130 id
1477 2103 1522 2130 sit.
1552 2103 1592 2130 Ad
1613 2111 1645 2130 ea
1672 2104 1769 2131 senior
1795 2112 1824 2130 ex

1001 2151 1125 2196 1)ipsis:
1148 2151 1208 2178 Non
1236 2155 1288 2182 est,
1314 2150 1412 2184 inquit,
1445 2150 1565 2181 domine,
1594 2150 1707 2184 pudoris
1739 2152 1822 2178 nostri

1038 2196 1178 2223 notionem
1191 2194 1340 2221 verborum
1362 2201 1422 2228 quae
1436 2193 1574 2224 audimus,
1591 2193 1682 2228 lingua
1708 2193 1758 2220 tibi
1786 2195 1822 2220 fa-

1036 2239 1148 2270 niiliari,
1164 2246 1246 2273 quam
1262 2243 1290 2264 et
1314 2245 1363 2264 nos
1379 2237 1423 2265 hic
1451 2237 1648 2271 peregrinando
1666 2237 1816 2271 didiciinu;

1035 2286 1207 2321 exprimere.
1226 2286 1289 2319 quia
1303 2289 1393 2311 tamen
1411 2292 1454 2311 res
1468 2289 1510 2310 est
1525 2283 1670 2318 ejusmodi.
1689 2292 1772 2318 quam
1782 2290 1820 2310 tua

1036 2332 1186 2367 plurimum
1201 2331 1314 2358 interest
1329 2337 1421 2359 nosse.
1438 2330 1554 2363 explicet
1567 2338 1597 2355 ea
1613 2329 1639 2355 in
1654 2336 1750 2355 aurern
1765 2330 1819 2356 ιλιι.

1036 2386 1118 2413 quem
1137 2376 1384 2408 circumducimus,
1402 2375 1549 2408 interpres.
1573 2374 1649 2400 Tunc
1662 2375 1743 2407 jussu
1762 2376 1818 2402 [‘ch

1037 2433 1128 2453 sarum
1146 2423 1281 2451 accedens
1304 2423 1443 2456 interpres
1469 2421 1502 2448 ad
1518 2421 1757 2455 patremfamilias,
1785 2422 1821 2447 lu-

1037 2472 1098 2500 dice
1113 2470 1244 2502 reddidit,
1258 2476 1325 2496 voce
1338 2467 1476 2495 submissa
1493 2467 1567 2502 quod
1586 2467 1652 2500 pica
1667 2467 1819 2494 Persicelo-

1037 2517 1204 2552 quebantur.
1220 2515 1332 2542 Astabat
1359 2514 1482 2541 intentus
1513 2512 1547 2540 ad
1573 2521 1605 2540 ea
1630 2521 1692 2547 qua:
1725 2514 1820 2540 fiebant

1037 2563 1267 2592 sceleratisstmus
1294 2565 1407 2588 curator
1442 2560 1616 2594 accipitrum,
1643 2558 1693 2593 qui
1722 2559 1818 2586 ferrum

1037 2611 1102 2638 dum
1127 2609 1249 2637 fervebat
1272 2607 1444 2635 tondendum
1476 2610 1560 2639 ratus,
1589 2605 1819 2640 impudentissime

1036 2655 1165 2684 clamavit
1189 2655 1282 2682 Indico
1300 2661 1439 2685 sertuone,
1460 2653 1570 2679 intuens
1585 2651 1729 2678 dominum
1753 2661 1759 2677 :
1775 2652 1819 2679 Ar-

1036 2708 1125 2739 guuut
1138 2710 1181 2730 me
1190 2699 1337 2729 'iuolliciosi
1365 2699 1469 2727 silentii
1486 2698 1591 2730 bestiae,
1609 2697 1673 2724 dum
1693 2698 1818 2732 probrum

1035 2756 1091 2778 tuae
1104 2750 1203 2777 domus
1217 2748 1354 2782 .evulgare
1378 2750 1525 2780 occupant,
1545 2745 1617 2779 quod
1632 2752 1696 2778 ego,
1710 2753 1767 2772 non
1779 2745 1808 2771 ini

1035 2805 1090 2825 nus
1111 2804 1192 2831 quam
1221 2795 1289 2830 ipsis
1327 2792 1394 2820 mihi
1430 2797 1605 2826 perspectum
1635 2793 1818 2826 supcrstitioSa

1039 2841 1204 2871 verecundia
1222 2840 1356 2867 hactenus
1369 2838 1455 2865 tacui.
1469 2837 1504 2865 Ut
1516 2837 1599 2872 igitur
1612 2837 1687 2872 quod
1700 2839 1819 2868 omitti-r1
