1913 3068
204 165 273 199 1293

198 279 342 306 exsequar,
363 275 407 301 aio
423 283 604 312 asscveroqne
630 279 700 307 idem
727 282 800 315 quod
817 281 883 316 picae
910 283 980 310 refe-

199 320 273 345 runt,
300 317 401 346 vidisse
437 321 565 349 nimirum
591 331 634 350 me
657 331 768 359 quoque
794 326 869 353 hisce
893 328 980 355 oculis

197 368 252 388 non
271 364 356 390 semel
383 369 409 391 et
434 366 545 399 iterum,
558 369 605 396 scd
629 370 740 404 saepius,
766 371 914 400 adulterari
944 374 978 401 ab

196 407 311 434 ostiario
334 413 409 436 tuam
434 413 577 448 conjugem
592 415 727 442 volentem
756 421 784 444 et
807 423 975 452 poscentem.

195 450 333 479 En‘eratus
345 457 421 481 tanto
441 463 492 483 suo
506 457 640 487 dedecore
669 450 876 495 paterfamilias,
893 464 976 492 simul

195 494 299 523 furioso
314 497 514 529 deﬁxitobtntu
530 503 629 537 eidem,
643 494 675 532 et?
698 507 784 541 ipsam
811 516 912 536 mensa:
930 518 976 537 ae-

192 539 367 568 eumbi-ntem
381 550 506 576 uxorem,
525 546 607 574 simul
623 556 721 577 manus
746 555 774 578 et
791 559 866 578 arma
893 561 976 588 expe-

191 584 285 612 diebat
302 586 326 612 ei
343 588 435 615 statim
450 589 477 616 in
490 592 576 619 oculis
586 595 767 623 convivarum
791 597 971 626 trucidandze.

189 630 364 660 Obstiterunt
395 642 592 670 consurgentes
615 640 748 674 hospites,
775 650 829 670 non
857 646 971 679 gratiam

189 677 330 711 supplicii,
348 680 395 706 sed
424 686 527 708 moram
556 683 589 710 ad
615 686 798 720 cognitionem
830 677 867 715 se
878 693 972 723 petere

188 722 305 750 aientes.
334 724 446 752 lulerim
466 727 621 756 miserrima
637 735 774 764 matrona,
799 738 909 768 sumpto
937 743 971 762 ex

187 768 357 796 conscientia
386 772 488 804 animo,
517 773 606 801 virum
623 777 666 804 his
681 777 773 805 verbis
799 779 972 808 confidenter

186 814 345 841 estatl‘ata:
377 817 416 843 Ne
436 818 589 853 praecipites
615 821 817 851 damnationem
841 824 970 854 inaudita:

188 866 250 890 reae,
269 859 338 886 adeo
369 868 422 888 non
440 865 591 891 recursantis
604 867 780 895 saevissimam
813 877 918 902 necem,
946 873 969 899 si

186 904 291 932 crimen
307 907 381 940 quod
400 908 532 943 objicitur
546 918 642 938 verum
669 918 722 943 cst,
743 919 773 941 ut
802 921 968 950 occupatura
987 910 1005 935 Β
1021 914 1157 942 inlidere?
1171 917 1285 951 Εκουῑθ,

186 948 258 974 ultro
274 949 358 976 fuerit
384 951 455 978 Cave
471 958 552 986 putes
567 956 675 982 vocales
687 964 752 984 aves
763 959 835 992 quod
850 948 970 988 viderint

185 994 309 1027 referre;
328 996 449 1024 reddunt
462 1007 523 1032 quin
543 1001 703 1035 audierunt,
720 1011 780 1038 qua:
792 1005 886 1032 artifex
913 1015 968 1034 sce-

185 1038 248 1064 leris
261 1039 365 1072 docuit,
383 1043 508 1076 recitant,
526 1045 627 1080 ignara:
641 1047 706 1081 ipsa:
725 1049 792 1084 quid
807 1051 965 1086 loquantur.

182 1082 264 1114 lube.
278 1085 300 1111 si
316 1084 439 1119 dubitas,
464 1088 628 1125 interrogari
654 1093 690 1120 de
716 1082 777 1122 aliis
804 1082 851 1124 eas
875 1097 966 1133 lingua

182 1135 236 1160 qua
259 1128 316 1157 bare
333 1130 437 1164 dicunt,
455 1133 478 1160 si
497 1135 611 1162 verbium
629 1143 772 1172 praeterea,
788 1141 829 1167 vel
854 1142 964 1170 unicum

181 1174 317 1201 sermonis
332 1176 443 1209 Persici,
471 1184 518 1206 aut
539 1180 690 1218 intelligi-re
715 1186 892 1220 videbuntur,
918 1193 964 1216 aut

183 1227 316 1252 reponere
333 1226 462 1254 poterunt
478 1227 650 1259 rogantibus,
667 1231 774 1258 cunctis
789 1240 831 1260 me
844 1237 957 1261 tormen-

181 1264 216 1290 tis
231 1267 367 1293 excmcia.
383 1268 453 1296 Fons
471 1271 572 1304 piaculi
593 1274 677 1302 totius
691 1275 772 1311 hujus
797 1279 962 1313 accipitrarii

180 1310 340 1344 nequissimi
362 1313 574 1344 eﬂ‘renatissima
615 1319 699 1347 libido
727 1327 780 1349 est.
810 1323 857 1351 llle
879 1333 962 1354 ausus

179 1359 285 1383 tentare
300 1358 459 1391 pudicitiam
478 1369 578 1393 meam.
593 1365 639 1391 ubi
650 1367 767 1401 rcjeetus
789 1369 877 1397 audiit
901 1379 961 1406 quae

178 1402 290 1435 meruit,
307 1403 356 1431 bas
365 1405 511 1434 adornavit
522 1409 633 1438 teelinas
646 1412 712 1439 mibi
728 1414 874 1446 perdenda:
884 1425 890 1449 ;
900 1424 961 1445 sue-

175 1448 303 1480 cedente,
331 1455 360 1477 ut
385 1450 443 1478 fere
473 1453 513 1484 lit,
543 1455 570 1482 in
592 1456 682 1484 locum
702 1458 830 1493 ﬂagitiosi
858 1463 959 1490 amoris

175 1498 267 1527 optato
295 1495 428 1529 frustrati,
454 1500 631 1533 sanguinaria
661 1503 832 1532 immanitate
861 1508 957 1543 tragici

174 1539 242 1566 odii.
255 1540 336 1567 Plura
356 1542 491 1571 dicturam
514 1545 700 1581 interpellavit
714 1557 746 1577 os
767 1550 888 1580 ferreum
905 1539 955 1581 au-

173 1585 222 1612 dac
234 1586 309 1613 ssimi
324 1589 542 1622 ealumniatoris,
560 1594 952 1630 perseveransimprobissime

172 1636 267 1655 verum
293 1638 323 1657 se
350 1633 458 1666 testari,
479 1633 560 1662 falsas
582 1637 773 1666 excusationes
802 1640 952 1669 obtendere

171 1678 288 1702 astulam
314 1676 476 1706 adulteram.
495 1680 554 1708 Tali
568 1682 685 1709 articulo
697 1684 794 1718 adfuit,
822 1691 950 1721 tanquam

171 1720 264 1748 Dcusc
279 1722 415 1753 machina.
429 1725 553 1753 mirabile
563 1732 713 1762 ostentum.
723 1730 823 1765 Ruptis
835 1720 950 1767 repente

169 1766 235 1793 loris
249 1768 392 1802 expeditus
407 1777 422 1795 e
436 1771 537 1804 pertica
552 1771 689 1801 faleonum
704 1776 850 1808 maximus,
880 1786 950 1813 quos

168 1813 218 1840 iste
230 1814 330 1841 nebulo
345 1815 472 1847 curabat,
484 1816 590 1845 infestis
603 1823 631 1846 et
645 1824 735 1847 rostro
749 1826 778 1849 et
811 1824 949 1858 unguibus

166 1857 302 1891 inrolans,
317 1860 342 1887 ei
357 1861 451 1888 oculos
465 1861 538 1888 eruit
553 1871 561 1895 ;
597 1867 841 1902 consternavitquc
866 1870 945 1903 adeo,

167 1909 220 1932 tam
236 1906 381 1933 manifesto
397 1908 518 1935 numinis
529 1908 632 1936 indicio
649 1912 816 1945 convictum,
849 1920 879 1942 ut
901 1915 947 1943 ﬂa-

163 1951 260 1985 gilium
273 1952 329 1986 jam
343 1960 433 1984 suum,
460 1958 603 1988 totumque
634 1955 795 1983 insidiarum
820 1959 944 1987 ordinem

164 1997 236 2022 ultro
255 1996 389 2024 conlitens
421 1998 563 2032 panderet.
595 1999 635 2026 lta
659 2001 764 2032 oculos,
792 2003 894 2037 quibus
915 2012 944 2032 sc

163 2044 348 2069 mentiebatur
362 2043 465 2070 vidisse
476 2052 537 2077 quat
551 2044 680 2080 ﬁngebat.
706 2047 858 2081 justissima
883 2050 943 2078 vice

161 2087 294 2121 impostor
307 2089 409 2118 amisit,
423 2092 452 2115 et
467 2093 592 2117 matrona
628 2091 762 2119 innocens
790 2093 942 2122 subornato

160 2132 250 2158 avium
264 2132 405 2160 mendacio
420 2133 563 2166 infamata,
578 2135 637 2163 avis
649 2136 756 2165 ultricis
774 2145 828 2165 non
844 2139 942 2174 implo-

160 2181 218 2204 rata
235 2177 393 2206 defensione
413 2184 524 2214 purgata
539 2185 591 2208 est.
607 2181 673 2208 Tam
698 2190 762 2210 caro
777 2187 883 2218 procaci
895 2186 940 2221 ju-

662 177 856 209 SPECIMEN
876 180 1092 212 SAPIENTLE
1110 184 1291 217 INDORUM
1314 189 1392 220 VET.

200 226 287 258 salva,
310 236 391 262 quam
412 230 460 258 tibi
479 231 577 265 debeo,
597 233 649 261 fide
663 242 716 262 non
729 243 852 270 possum,
867 237 909 265 vel
917 245 980 265 sero
995 243 1015 269 Α
1031 246 1143 274 gravare
1159 243 1314 272 testimonio
1341 248 1451 280 paratis,

1478 257 1527 284 pro
1555 258 1587 279 ea
1623 261 1683 287 qua:
1712 258 1812 291 cuique

1032 283 1222 319 antiquissima
1239 293 1280 315 est
1294 292 1410 325 propriae
1423 283 1618 324 incolumitatis
1641 306 1717 331 cura,
1732 308 1813 336 repu-

1033 332 1130 361 tantes,
1146 335 1271 360 metuere
1290 341 1339 368 par
1351 342 1389 364 est
1411 338 1546 368 intentam
1561 342 1588 369 in
1610 343 1810 374 calumniarum

1030 373 1163 402 ultionem
1179 376 1300 411 vigiliam
1319 380 1511 418 Providentiae,
1527 389 1703 423 statuereque
1719 390 1811 419 vobis-

1028 425 1101 451 cum,
1117 427 1171 446 non
1187 421 1287 450 minori
1306 432 1355 452 vos
1383 432 1476 456 vestro
1499 437 1580 464 quam
1604 439 1666 460 meo
1686 435 1808 469 periculo

1028 464 1055 490 in
1069 464 1228 500 hocjudicio
1245 470 1419 499 mentituros.

1063 509 1105 536 IX.
1127 511 1189 539 lla'c
1204 521 1217 539 a
1238 513 1403 550 Vestigalore
1429 519 1521 547 audita
1541 522 1679 552 silentium
1699 529 1806 563 excepit

1026 555 1186 589 astantium,
1203 559 1311 587 nemine
1325 569 1378 589 non
1394 569 1489 592 eorum
1508 566 1554 601 qui
1570 568 1671 597 dicturi
1701 555 1804 608 aliquid

1025 606 1168 634 venerant,
1184 610 1232 630 sua
1251 611 1333 633 causa
1359 606 1534 645 formidante,
1556 616 1609 640 tam
1631 606 1756 650 argutum
1777 624 1805 646 et

1024 644 1165 679 loquacem
1180 656 1255 676 reum
1274 654 1376 680 temere
1395 653 1552 683 lacessendo
1565 656 1592 684 in
1606 665 1665 686 sese
1683 660 1802 690 irritare.

1023 689 1206 722 Quaastionem
1236 695 1319 730 igitur
1342 699 1473 733 ampliare
1497 707 1607 731 coactus
1625 705 1720 739 judex,
1737 714 1803 735 con-

1023 739 1134 762 ventum
1152 738 1242 772 solvit,
1259 740 1330 768 diem
1362 742 1424 771 inde
1454 746 1595 780 septimam
1622 738 1802 781 instaurando

1019 778 1125 812 judicio
1141 783 1298 812 condicens.
1314 786 1414 815 Verum
1428 796 1461 816 eo
1478 778 1566 825 spatio
1587 795 1802 828 prudentissima

1022 824 1092 858 regis
1107 831 1193 854 mater
1212 829 1296 856 lilium
1314 831 1418 865 adiens,
1434 824 1595 872 Quousque,
1610 839 1708 874 inquit,
1721 845 1803 870 susti-

1022 876 1070 896 nes
1090 876 1232 900 versutum
1253 874 1325 902 hunc
1341 877 1555 913 vitilitigatorem
1583 883 1632 910 tibi
1650 889 1677 912 et
1692 886 1801 921 legibus

1303 928 1395 955 quaso
1415 927 1450 957 te,
1469 927 1619 962 proculque
1650 930 1729 966 abige
1755 940 1800 960 su-

1020 961 1204 994 perstitiosum
1220 969 1321 992 metum
1333 969 1454 1003 errandi,
1470 961 1613 1001 subdendo
1635 961 1723 1009 poenis
1742 987 1800 1007 ma-

1019 1005 1118 1034 nifeste
1136 1009 1240 1036 meritis
1253 1010 1485 1045 improbissimum
1503 1023 1595 1051 caput,
1612 1021 1691 1057 cujus
1701 1030 1734 1050 ex
1750 1032 1798 1052 ore

1018 1050 1079 1085 ipso
1093 1052 1165 1080 domi
1189 1061 1244 1082 suae
1268 1055 1328 1083 sine
1348 1059 1445 1087 timore
1469 1050 1566 1090 arbitri
1584 1050 1797 1102 verahfatentis,

1017 1096 1173 1132 leopardus,
1194 1103 1346 1134 quantasvis
1364 1109 1462 1132 auctor
1482 1106 1556 1142 ﬁdei,
1577 1110 1682 1139 audivit
1709 1096 1799 1142 diser;

1017 1141 1147 1170 tissimam
1162 1146 1359 1176 confessionem
1373 1151 1551 1181 circumventi
1571 1156 1727 1189 proditione
1749 1167 1798 1188 ne-

1015 1185 1083 1213 faria
1101 1187 1216 1217 insontis
1242 1192 1322 1220 tauri.
1341 1193 1411 1227 Quid
1442 1197 1503 1225 aliis
1528 1185 1659 1233 praeterea
1678 1205 1795 1235 testibus

1015 1239 1084 1266 opus
1103 1239 1154 1266 est,
1169 1240 1217 1262 aut
1236 1245 1367 1272 quersum
1395 1242 1535 1278 inquisitio
1558 1249 1729 1284 producitur,
1746 1254 1793 1281 ubi

1012 1278 1115 1306 crimen
1131 1283 1256 1309 tenetur?
1266 1283 1323 1311 Non
1332 1286 1409 1314 vides
1423 1288 1474 1316 boe
1481 1297 1685 1326 supervacaneo
1703 1297 1793 1332 legiti-

1012 1331 1061 1350 ma:
1073 1326 1232 1359 quaestionis
1244 1336 1374 1364 apparatu
1392 1340 1501 1362 scenam
1515 1337 1642 1367 adornari
1667 1342 1791 1371 artiticiis

1009 1369 1177 1398 callidissimi
1197 1374 1307 1407 rabulae,
1324 1378 1396 1405 unde
1407 1387 1436 1406 se
1446 1380 1549 1415 jactcnt
1564 1390 1650 1419 usque
1661 1386 1695 1413 ad
1715 1369 1793 1422 plan;

1009 1421 1069 1442 sum
1085 1415 1284 1453 imperitarunt,
1299 1426 1327 1449 et
1342 1423 1506 1459 triumphata
1515 1428 1682 1462 judiciorum
1695 1439 1792 1461 aucto-

1008 1460 1087 1494 ritas,
1100 1463 1221 1497 strophis
1232 1466 1398 1496 cavillatoris
1415 1460 1657 1510 impudentissimi,
1671 1477 1790 1507 ludibrio

1004 1506 1060 1541 jam
1071 1507 1143 1542 vulgi
1161 1509 1326 1539 traducatur.
1343 1513 1373 1540 ln
1402 1522 1509 1545 summa
1520 1518 1560 1546 sic
1575 1506 1663 1549 habet
1690 1524 1712 1550 si
1735 1525 1789 1553 hoc

1006 1551 1052 1579 ille
1067 1552 1170 1582 diutius
1178 1555 1247 1583 ferat
1263 1557 1385 1592 impune,
1399 1560 1520 1590 futurum
1533 1567 1646 1594 omnino
1662 1572 1693 1596 ut
1703 1571 1790 1605 major

1004 1595 1134 1633 deinceps
1148 1601 1295 1629 securitate
1317 1605 1421 1633 scelera
1435 1606 1656 1645 frequententur,
1670 1595 1785 1647 perstia-

1003 1641 1041 1668 sis
1055 1642 1133 1670 istius
1144 1647 1312 1678 experientia
1328 1655 1472 1679 successus
1482 1641 1658 1689 aequissimis
1670 1659 1784 1694 quibus-

1002 1694 1065 1721 que,
1079 1689 1144 1716 satis
1160 1694 1248 1718 tutum
1265 1692 1431 1727 improbitati
1443 1700 1601 1731 praesidium
1619 1703 1646 1730 in
1659 1689 1785 1736 lormulis

1001 1732 1190 1768 legulciorum,
1206 1744 1238 1763 ac
1254 1737 1409 1768 forensibus
1436 1745 1551 1778 argutiis
1577 1747 1709 1778 adversus
1726 1752 1782 1780 vim

1000 1776 1089 1811 legum
1109 1786 1168 1806 esse
1179 1782 1366 1812 constitutum.
1381 1786 1443 1815 llaec
1455 1789 1554 1824 regina:
1570 1794 1658 1821 oratio
1670 1803 1779 1825 causam

999 1824 1125 1851 absolvit.
1145 1825 1238 1854 Victus
1256 1829 1329 1856 enim
1360 1833 1478 1861 evidenti
1506 1837 1620 1866 veritate
1647 1841 1780 1875 sapientis

999 1870 1096 1897 moniti
1111 1871 1153 1898 leo
1174 1880 1233 1906 rex,
1263 1875 1339 1902 misit
1366 1877 1554 1912 spiculatores
1579 1883 1606 1910 in
1640 1892 1778 1916 carcerem

994 1915 1088 1950 jussos
1101 1916 1139 1944 ibi
1155 1917 1352 1954 Vestigatorem
1375 1923 1542 1954 interﬁcere.
1565 1929 1702 1966 Postquae
1714 1941 1779 1961 nar-

996 1966 1053 1988 rata
1068 1963 1199 1997 colligens
1211 1964 1403 1999 disputationis
1427 1977 1485 1998 suae
1510 1963 1777 2013 summam-gymno-

995 2006 1128 2041 sophista,
1146 2008 1205 2052 haec
1218 2011 1274 2044 regi
1288 2011 1466 2042 Abessalomo
1477 2016 1545 2044 dixit
1558 2027 1564 2045 :
1583 2020 1613 2048 In
1630 2006 1702 2050 hunc
1717 2006 1776 2052 mo.

993 2049 1069 2082 dum,
1083 2050 1204 2084 domine,
1218 2053 1321 2088 ubique
1337 2063 1369 2083 ac
1386 2064 1494 2093 semper
1508 2062 1597 2090 serius
1618 2066 1695 2093 oeius
1713 2075 1777 2095 eve-

993 2095 1049 2122 niet
1060 2100 1090 2122 ut
1101 2097 1147 2127 qui
1156 2097 1225 2125 male
1237 2099 1292 2133 agit
1304 2101 1373 2129 male
1389 2103 1518 2136 patiatur,
1532 2111 1559 2133 et
1575 2108 1736 2144 insidiatorL
1751 2113 1774 2140 si

992 2147 1046 2167 non
1053 2142 1143 2168 statim
1154 2143 1233 2171 cadat
1244 2144 1271 2171 in
1279 2145 1384 2174 foveam
1394 2155 1475 2182 quam
1486 2150 1564 2178 alteri
1575 2152 1686 2188 foderit,
1697 2142 1773 2185 brevi

991 2186 1088 2214 saltem
1103 2188 1241 2218 similibus
1255 2191 1361 2226 laqueis
1387 2194 1600 2235 circumventus,
1618 2202 1773 2231 calamitate

1290 2223 1298 2226 _
1401 2225 1408 2235 ι
1516 2223 1600 2232 ππ,
1620 2223 1734 2230 ν-.-......

159 2223 367 2254 veniconstilit.
385 2225 475 2252 aliena
490 2233 544 2253 non
564 2227 697 2254 merentis
723 2230 846 2262 pernicie
863 2238 941 2259 men-
956 2232 977 2261 D
991 2232 1163 2266 opprimatur
1174 2235 1235 2270 ejus
1254 2237 1313 2271 pari
1328 2245 1409 2273 quam
1423 2245 1611 2275 procuraverit
1624 2246 1734 2275 insonti.

158 2268 202 2295 tiri
219 2269 339 2296 voluisse
358 2277 364 2295 :
382 2270 454 2304 quod
467 2278 528 2303 vos,
550 2271 572 2299 si
588 2273 636 2307 qui
653 2280 695 2300 me
719 2274 854 2303 insontem
869 2277 937 2304 falso

647 2376 914 2410 DISSERTATXO
935 2380 1186 2412 PARABOLlCA
1201 2383 1258 2414 Ill.

516 2435 638 2477 Ofﬁcia,
655 2439 782 2476 praxim
804 2445 831 2470 et
849 2441 972 2480 [ructus
987 2451 1066 2473 vera:
1085 2444 1230 2475 amicitia:
1247 2446 1395 2481 declarat.

187 2493 234 2521 llis
250 2494 351 2521 auditis
363 2495 430 2522 dixit
444 2504 491 2524 rex
511 2500 740 2534 gymnosophistas.
754 2510 760 2528 :
787 2502 861 2530 Satis
883 2504 932 2530 ista

151 2540 279 2574 percepi;
305 2540 403 2567 vellem
418 2541 485 2569 mihi
501 2542 633 2579 deinceps
648 2546 780 2581 exemplis
796 2548 931 2577 declarari

150 2585 223 2619 leges
232 2589 261 2612 et
279 2585 366 2613 cilicia
384 2586 510 2614 amicitiae
524 2590 685 2617 constantis.

186 2631 204 2657 l.
222 2631 261 2658 Ad
289 2639 321 2658 ea
346 2633 569 2667 gymnosophista
599 2636 759 2669 respondit:
783 2638 928 2673 Amicitiae,

148 2676 270 2708 domine,
290 2685 370 2709 verae,
386 2685 437 2711 qua
449 2678 516 2705 nihil
533 2680 719 2714 expetibilius,
741 2683 810 2710 nihil
825 2686 928 2719 pretio-

147 2723 204 2749 sius
220 2723 246 2749 in
266 2724 321 2750 vita
348 2728 400 2755 est.
420 2723 564 2758 imaginem
582 2725 737 2755 informabo
757 2729 926 2758 luculentam

147 2768 174 2794 in
192 2767 235 2794 bis
246 2776 305 2802 qua
320 2775 382 2796 mox
398 2770 511 2796 referam
530 2770 563 2797 de
575 2771 712 2805 columba,
731 2781 824 2807 corvo,
838 2784 926 2810 mure,

147 2816 282 2843 testudine
300 2822 327 2844 et
342 2825 447 2851 capris.
464 2818 529 2845 Erat
555 2827 640 2853 prope
658 2822 802 2854 quamdam
830 2824 927 2851 civita-

147 2864 200 2887 tem
217 2860 293 2887 locus
307 2868 387 2895 aptus
411 2863 538 2903 aucupio,
569 2864 759 2899 frequentatus
782 2874 926 2903 propterea

982 2505 1016 2532 ab
1032 2505 1302 2543 urbanajuventute,
1319 2512 1425 2544 praedas
1443 2513 1499 2542 illic
1526 2517 1700 2550 quotidianas
1725 2521 1765 2550 fa-

980 2557 1041 2577 cere
1053 2551 1144 2580 solita.
1171 2553 1305 2582 Arborem
1323 2556 1379 2588 illic
1407 2565 1538 2588 annosam
1565 2562 1622 2590 late
1649 2572 1761 2600 opacam

978 2596 1063 2623 ramis
1077 2595 1282 2632 frondentibus,
1303 2605 1372 2628 stato
1388 2602 1490 2631 dudum
1505 2605 1646 2636 domicilio
1661 2618 1761 2638 corvus

977 2642 1132 2675 insederat;
1148 2644 1226 2679 cujus
1239 2653 1253 2672 e
1269 2646 1410 2675 cacumine
1426 2656 1488 2677 cum
1501 2656 1587 2681 staret
1604 2655 1633 2682 in
1647 2659 1758 2691 specula

977 2688 1086 2720 prodire
1098 2688 1167 2715 vidit
1179 2695 1346 2724 venatorem,
1362 2700 1443 2720 manu
1453 2694 1563 2724 dextera
1578 2688 1756 2738 venabulum,

976 2738 1033 2760 rete
1048 2734 1156 2762 sinistra
1171 2741 1335 2770 portantem.
1349 2737 1440 2767 Facile
1467 2741 1602 2772 intellexit
1626 2747 1683 2776 hanc
1697 2757 1758 2778 cer-

976 2787 1044 2808 nens
1059 2788 1169 2813 corvus,
1200 2789 1251 2809 suo
1268 2783 1348 2810 istum
1364 2789 1391 2811 et
1405 2787 1447 2813 sui
1477 2788 1608 2818 similium
1634 2794 1758 2827 periculo

976 2827 1081 2859 venire,
1102 2835 1282 2863 mussansque
1298 2837 1329 2856 ac
1344 2829 1398 2857 sibi
1423 2839 1535 2866 cavens,
1557 2839 1700 2867 constituit
1715 2846 1757 2870 ta-

977 2879 1037 2899 men
1054 2872 1201 2900 observare
1219 2874 1327 2901 curiose
1341 2882 1395 2910 quo
1411 2875 1463 2905 iste
1473 2879 1565 2907 avium
1580 2885 1673 2917 generi
1693 2886 1754 2921 jure
