  <div class='ocr_page' id='page_1' title='image "/cluster/home/n/w/nwhite01/storage/ocr_20150623/143/njp.32101010942884/719.png"; bbox 0 0 1913 3068; ppageno 0'>
   <div class='ocr_carea' id='block_1_1' title="bbox 129 131 199 164">
    <p class='ocr_par' dir='ltr' id='par_1_1' title="bbox 129 131 199 164">
     <span class='ocr_line' id='line_1_1' title="bbox 129 131 199 164; baseline -0.014 0"><span class='ocrx_word' id='word_1_1' title='bbox 129 131 199 164; x_wconf 65' lang='lat'><strong>3‘295</strong></span> 
     </span>
    </p>
   </div>
   <div class='ocr_carea' id='block_1_2' title="bbox 827 129 1030 160">
    <p class='ocr_par' dir='ltr' id='par_1_2' title="bbox 827 129 1030 160">
     <span class='ocr_line' id='line_1_2' title="bbox 827 129 1030 160; baseline 0 -1"><span class='ocrx_word' id='word_1_2' title='bbox 827 129 1030 160; x_wconf 77' lang='lat' dir='ltr'><strong>APPENDIX.</strong></span> 
     </span>
    </p>
   </div>
   <div class='ocr_carea' id='block_1_3' title="bbox 1689 128 1764 160">
    <p class='ocr_par' dir='ltr' id='par_1_3' title="bbox 1689 128 1764 160">
     <span class='ocr_line' id='line_1_3' title="bbox 1689 128 1764 160; baseline -0.013 0"><span class='ocrx_word' id='word_1_3' title='bbox 1689 128 1764 160; x_wconf 64' lang='lat'><strong>1296</strong></span> 
     </span>
    </p>
   </div>
   <div class='ocr_carea' id='block_1_4' title="bbox 128 183 1765 223">
    <p class='ocr_par' dir='ltr' id='par_1_4' title="bbox 128 183 1765 223">
     <span class='ocr_line' id='line_1_4' title="bbox 128 183 1765 223; baseline -0.002 -8"><span class='ocrx_word' id='word_1_4' title='bbox 128 191 275 223; x_wconf 82' lang='lat' dir='ltr'><strong>suspectus</strong></span> <span class='ocrx_word' id='word_1_5' title='bbox 288 189 436 222; x_wconf 72' lang='lat' dir='ltr'><strong>apparatus</strong></span> <span class='ocrx_word' id='word_1_6' title='bbox 450 189 620 220; x_wconf 72' lang='lat' dir='ltr'><strong>erumperet.</strong></span> <span class='ocrx_word' id='word_1_7' title='bbox 635 184 705 212; x_wconf 84' lang='lat' dir='ltr'><strong>Ecce</strong></span> <span class='ocrx_word' id='word_1_8' title='bbox 718 187 811 212; x_wconf 86' lang='lat' dir='ltr'><strong>autem</strong></span> <span class='ocrx_word' id='word_1_9' title='bbox 827 184 919 212; x_wconf 98' lang='lat' dir='ltr'><strong>statim</strong></span> <span class='ocrx_word' id='word_1_10' title='bbox 936 188 956 215; x_wconf 75' lang='grc' dir='ltr'>Α</span> <span class='ocrx_word' id='word_1_11' title='bbox 972 184 1038 218; x_wconf 87' lang='lat' dir='ltr'><strong>Quis</strong></span> <span class='ocrx_word' id='word_1_12' title='bbox 1052 189 1143 211; x_wconf 82' lang='lat' dir='ltr'><strong>autem</strong></span> <span class='ocrx_word' id='word_1_13' title='bbox 1156 191 1210 212; x_wconf 94' lang='lat' dir='ltr'><strong>non</strong></span> <span class='ocrx_word' id='word_1_14' title='bbox 1227 183 1350 212; x_wconf 80' lang='lat' dir='ltr'><strong>adversis</strong></span> <span class='ocrx_word' id='word_1_15' title='bbox 1372 187 1519 212; x_wconf 85' lang='lat' dir='ltr'><strong>exercetur</strong></span> <span class='ocrx_word' id='word_1_16' title='bbox 1547 183 1661 211; x_wconf 87' lang='lat' dir='ltr'><strong>deﬁnito</strong></span> <span class='ocrx_word' id='word_1_17' title='bbox 1693 190 1765 212; x_wconf 87' lang='lat' dir='ltr'><strong>tem-</strong></span> 
     </span>
    </p>
   </div>
   <div class='ocr_carea' id='block_1_5' title="bbox 127 229 916 270">
    <p class='ocr_par' dir='ltr' id='par_1_5' title="bbox 127 229 916 270">
     <span class='ocr_line' id='line_1_5' title="bbox 127 229 916 270; baseline -0.008 -8"><span class='ocrx_word' id='word_1_18' title='bbox 127 240 199 270; x_wconf 88' lang='lat' dir='ltr'><strong>post,</strong></span> <span class='ocrx_word' id='word_1_19' title='bbox 214 238 273 262; x_wconf 88' lang='lat' dir='ltr'><strong>rete</strong></span> <span class='ocrx_word' id='word_1_20' title='bbox 288 240 390 268; x_wconf 86' lang='lat' dir='ltr'><strong>auceps</strong></span> <span class='ocrx_word' id='word_1_21' title='bbox 404 233 547 267; x_wconf 87' lang='lat' dir='ltr'><strong>aliquanto</strong></span> <span class='ocrx_word' id='word_1_22' title='bbox 561 238 644 266; x_wconf 87' lang='lat' dir='ltr'><strong>supra</strong></span> <span class='ocrx_word' id='word_1_23' title='bbox 672 238 800 265; x_wconf 87' lang='lat' dir='ltr'><strong>campum</strong></span> <span class='ocrx_word' id='word_1_24' title='bbox 826 229 916 265; x_wconf 88' lang='lat' dir='ltr'><strong>spatio</strong></span> 
     </span>
    </p>
   </div>
   <div class='ocr_carea' id='block_1_6' title="bbox 126 276 917 314">
    <p class='ocr_par' dir='ltr' id='par_1_6' title="bbox 126 276 917 314">
     <span class='ocr_line' id='line_1_6' title="bbox 126 276 917 314; baseline -0.005 -7"><span class='ocrx_word' id='word_1_25' title='bbox 126 280 221 314; x_wconf 71' lang='lat' dir='ltr'><strong>tigillis</strong></span> <span class='ocrx_word' id='word_1_26' title='bbox 241 286 407 314; x_wconf 73' lang='lat' dir='ltr'><strong>suspensum</strong></span> <span class='ocrx_word' id='word_1_27' title='bbox 422 278 564 312; x_wconf 90' lang='lat' dir='ltr'><strong>explicuit,</strong></span> <span class='ocrx_word' id='word_1_28' title='bbox 584 277 678 311; x_wconf 82' lang='lat' dir='ltr'><strong>granis</strong></span> <span class='ocrx_word' id='word_1_29' title='bbox 694 276 826 304; x_wconf 88' lang='lat' dir='ltr'><strong>frumenti</strong></span> <span class='ocrx_word' id='word_1_30' title='bbox 852 276 917 303; x_wconf 89' lang='lat' dir='ltr'><strong>sub-</strong></span> 
     </span>
    </p>
   </div>
   <div class='ocr_carea' id='block_1_7' title="bbox 127 322 916 361">
    <p class='ocr_par' dir='ltr' id='par_1_7' title="bbox 127 322 916 361">
     <span class='ocr_line' id='line_1_7' title="bbox 127 322 916 361; baseline -0.008 -7"><span class='ocrx_word' id='word_1_31' title='bbox 127 332 171 354; x_wconf 85' lang='lat' dir='ltr'><strong>tus</strong></span> <span class='ocrx_word' id='word_1_32' title='bbox 195 325 318 361; x_wconf 82' lang='lat' dir='ltr'><strong>sparsis;</strong></span> <span class='ocrx_word' id='word_1_33' title='bbox 346 324 448 360; x_wconf 87' lang='lat' dir='ltr'><strong>quibus</strong></span> <span class='ocrx_word' id='word_1_34' title='bbox 477 323 572 358; x_wconf 85' lang='lat' dir='ltr'><strong>procul</strong></span> <span class='ocrx_word' id='word_1_35' title='bbox 589 323 655 350; x_wconf 83' lang='lat' dir='ltr'><strong>visis</strong></span> <span class='ocrx_word' id='word_1_36' title='bbox 673 322 802 350; x_wconf 89' lang='lat' dir='ltr'><strong>columba</strong></span> <span class='ocrx_word' id='word_1_37' title='bbox 823 322 916 349; x_wconf 83' lang='lat' dir='ltr'><strong>senior</strong></span> 
     </span>
    </p>
   </div>
   <div class='ocr_carea' id='block_1_8' title="bbox 126 368 915 406">
    <p class='ocr_par' dir='ltr' id='par_1_8' title="bbox 126 368 915 406">
     <span class='ocr_line' id='line_1_8' title="bbox 126 368 915 406; baseline -0.005 -7"><span class='ocrx_word' id='word_1_38' title='bbox 126 372 194 400; x_wconf 88' lang='lat' dir='ltr'><strong>alias</strong></span> <span class='ocrx_word' id='word_1_39' title='bbox 212 372 318 406; x_wconf 82' lang='lat' dir='ltr'><strong>aliquot</strong></span> <span class='ocrx_word' id='word_1_40' title='bbox 334 371 460 406; x_wconf 91' lang='lat' dir='ltr'><strong>juniores</strong></span> <span class='ocrx_word' id='word_1_41' title='bbox 476 377 569 397; x_wconf 83' lang='lat' dir='ltr'><strong>secum</strong></span> <span class='ocrx_word' id='word_1_42' title='bbox 587 369 703 401; x_wconf 89' lang='lat' dir='ltr'><strong>ducens,</strong></span> <span class='ocrx_word' id='word_1_43' title='bbox 719 368 860 396; x_wconf 81' lang='lat' dir='ltr'><strong>advolavit</strong></span> <span class='ocrx_word' id='word_1_44' title='bbox 880 368 915 395; x_wconf 92' lang='lat' dir='ltr'><strong>ad</strong></span> 
     </span>
    </p>
   </div>
   <div class='ocr_carea' id='block_1_9' title="bbox 125 415 915 451">
    <p class='ocr_par' dir='ltr' id='par_1_9' title="bbox 125 415 915 451">
     <span class='ocr_line' id='line_1_9' title="bbox 125 415 915 451; baseline -0.009 -4"><span class='ocrx_word' id='word_1_45' title='bbox 125 419 256 447; x_wconf 83' lang='lat' dir='ltr'><strong>viciniam</strong></span> <span class='ocrx_word' id='word_1_46' title='bbox 272 418 340 445; x_wconf 85' lang='lat' dir='ltr'><strong>retis</strong></span> <span class='ocrx_word' id='word_1_47' title='bbox 354 421 382 444; x_wconf 89' lang='lat' dir='ltr'><strong>et</strong></span> <span class='ocrx_word' id='word_1_48' title='bbox 397 417 484 451; x_wconf 89' lang='lat' dir='ltr'><strong>ipsam</strong></span> <span class='ocrx_word' id='word_1_49' title='bbox 508 415 662 443; x_wconf 86' lang='lat' dir='ltr'><strong>seminibus</strong></span> <span class='ocrx_word' id='word_1_50' title='bbox 679 415 842 449; x_wconf 85' lang='lat' dir='ltr'><strong>inspersam,</strong></span> <span class='ocrx_word' id='word_1_51' title='bbox 854 421 915 448; x_wconf 68' lang='lat' dir='ltr'><strong>quae</strong></span> 
     </span>
    </p>
   </div>
   <div class='ocr_carea' id='block_1_10' title="bbox 125 459 916 495">
    <p class='ocr_par' dir='ltr' id='par_1_10' title="bbox 125 459 916 495">
     <span class='ocr_line' id='line_1_10' title="bbox 125 459 916 495; baseline -0.01 -2"><span class='ocrx_word' id='word_1_52' title='bbox 125 466 216 493; x_wconf 84' lang='lat' dir='ltr'><strong>obiter</strong></span> <span class='ocrx_word' id='word_1_53' title='bbox 230 463 356 491; x_wconf 92' lang='lat' dir='ltr'><strong>columba</strong></span> <span class='ocrx_word' id='word_1_54' title='bbox 371 470 433 490; x_wconf 89' lang='lat' dir='ltr'><strong>cum</strong></span> <span class='ocrx_word' id='word_1_55' title='bbox 450 461 590 489; x_wconf 87' lang='lat' dir='ltr'><strong>sodalibus</strong></span> <span class='ocrx_word' id='word_1_56' title='bbox 604 460 709 495; x_wconf 86' lang='lat' dir='ltr'><strong>legens,</strong></span> <span class='ocrx_word' id='word_1_57' title='bbox 736 459 839 487; x_wconf 85' lang='lat' dir='ltr'><strong>sensim</strong></span> <span class='ocrx_word' id='word_1_58' title='bbox 856 459 916 493; x_wconf 82' lang='lat' dir='ltr'><strong>ipsa</strong></span> 
     </span>
    </p>
   </div>
   <div class='ocr_carea' id='block_1_11' title="bbox 123 505 914 546">
    <p class='ocr_par' dir='ltr' id='par_1_11' title="bbox 123 505 914 546">
     <span class='ocr_line' id='line_1_11' title="bbox 123 505 914 546; baseline -0.008 -8"><span class='ocrx_word' id='word_1_59' title='bbox 123 512 201 546; x_wconf 79' lang='lat' dir='ltr'><strong>prior</strong></span> <span class='ocrx_word' id='word_1_60' title='bbox 217 510 321 537; x_wconf 78' lang='lat' dir='ltr'><strong>subivit</strong></span> <span class='ocrx_word' id='word_1_61' title='bbox 336 513 394 536; x_wconf 89' lang='lat' dir='ltr'><strong>rete</strong></span> <span class='ocrx_word' id='word_1_62' title='bbox 411 508 535 542; x_wconf 86' lang='lat' dir='ltr'><strong>aliasque</strong></span> <span class='ocrx_word' id='word_1_63' title='bbox 548 506 644 534; x_wconf 88' lang='lat' dir='ltr'><strong>eodem</strong></span> <span class='ocrx_word' id='word_1_64' title='bbox 662 506 755 533; x_wconf 85' lang='lat' dir='ltr'><strong>traxit.</strong></span> <span class='ocrx_word' id='word_1_65' title='bbox 775 505 838 533; x_wconf 67' lang='lat' dir='ltr'><strong>Haec</strong></span> <span class='ocrx_word' id='word_1_66' title='bbox 859 512 914 533; x_wconf 91' lang='lat' dir='ltr'><strong>non</strong></span> 
     </span>
    </p>
   </div>
   <div class='ocr_carea' id='block_1_12' title="bbox 124 551 912 591">
    <p class='ocr_par' dir='ltr' id='par_1_12' title="bbox 124 551 912 591">
     <span class='ocr_line' id='line_1_12' title="bbox 124 551 912 591; baseline -0.009 -7"><span class='ocrx_word' id='word_1_67' title='bbox 124 557 205 591; x_wconf 84' lang='lat' dir='ltr'><strong>longe</strong></span> <span class='ocrx_word' id='word_1_68' title='bbox 223 555 392 582; x_wconf 77' lang='lat' dir='ltr'><strong>delitescens</strong></span> <span class='ocrx_word' id='word_1_69' title='bbox 406 554 434 580; x_wconf 92' lang='lat' dir='ltr'><strong>in</strong></span> <span class='ocrx_word' id='word_1_70' title='bbox 451 552 559 580; x_wconf 89' lang='lat' dir='ltr'><strong>insidiis</strong></span> <span class='ocrx_word' id='word_1_71' title='bbox 576 551 771 586; x_wconf 90' lang='lat' dir='ltr'><strong>speculabatur</strong></span> <span class='ocrx_word' id='word_1_72' title='bbox 798 558 912 585; x_wconf 89' lang='lat' dir='ltr'><strong>auceps,</strong></span> 
     </span>
    </p>
   </div>
   <div class='ocr_carea' id='block_1_13' title="bbox 123 596 913 637">
    <p class='ocr_par' dir='ltr' id='par_1_13' title="bbox 123 596 913 637">
     <span class='ocr_line' id='line_1_13' title="bbox 123 596 913 637; baseline -0.008 -8"><span class='ocrx_word' id='word_1_73' title='bbox 123 602 171 637; x_wconf 90' lang='lat' dir='ltr'><strong>qui</strong></span> <span class='ocrx_word' id='word_1_74' title='bbox 187 602 234 628; x_wconf 90' lang='lat' dir='ltr'><strong>ubi</strong></span> <span class='ocrx_word' id='word_1_75' title='bbox 254 601 374 636; x_wconf 66' lang='lat' dir='ltr'><strong>praadam</strong></span> <span class='ocrx_word' id='word_1_76' title='bbox 397 599 424 626; x_wconf 94' lang='lat' dir='ltr'><strong>in</strong></span> <span class='ocrx_word' id='word_1_77' title='bbox 441 606 534 626; x_wconf 81' lang='lat' dir='ltr'><strong>casses</strong></span> <span class='ocrx_word' id='word_1_78' title='bbox 551 597 677 625; x_wconf 87' lang='lat' dir='ltr'><strong>indutam</strong></span> <span class='ocrx_word' id='word_1_79' title='bbox 689 596 770 628; x_wconf 86' lang='lat' dir='ltr'><strong>vidit,</strong></span> <span class='ocrx_word' id='word_1_80' title='bbox 794 600 913 624; x_wconf 88' lang='lat' dir='ltr'><strong>attractu</strong></span> 
     </span>
    </p>
   </div>
   <div class='ocr_carea' id='block_1_14' title="bbox 122 641 914 674">
    <p class='ocr_par' dir='ltr' id='par_1_14' title="bbox 122 641 914 674">
     <span class='ocr_line' id='line_1_14' title="bbox 122 641 914 674; baseline -0.008 0"><span class='ocrx_word' id='word_1_81' title='bbox 122 647 221 674; x_wconf 81' lang='lat' dir='ltr'><strong>furtivo</strong></span> <span class='ocrx_word' id='word_1_82' title='bbox 229 645 344 673; x_wconf 82' lang='lat' dir='ltr'><strong>funiculi</strong></span> <span class='ocrx_word' id='word_1_83' title='bbox 356 643 552 672; x_wconf 84' lang='lat' dir='ltr'><strong>statuminibus</strong></span> <span class='ocrx_word' id='word_1_84' title='bbox 560 642 714 672; x_wconf 81' lang='lat' dir='ltr'><strong>subductis.</strong></span> <span class='ocrx_word' id='word_1_85' title='bbox 724 646 782 669; x_wconf 89' lang='lat' dir='ltr'><strong>rete</strong></span> <span class='ocrx_word' id='word_1_86' title='bbox 794 641 914 668; x_wconf 80' lang='lat' dir='ltr'><strong>devolvit</strong></span> 
     </span>
    </p>
   </div>
   <div class='ocr_carea' id='block_1_15' title="bbox 123 685 915 726">
    <p class='ocr_par' dir='ltr' id='par_1_15' title="bbox 123 685 915 726">
     <span class='ocr_line' id='line_1_15' title="bbox 123 685 915 726; baseline -0.009 -7"><span class='ocrx_word' id='word_1_87' title='bbox 123 693 150 719; x_wconf 91' lang='lat' dir='ltr'><strong>in</strong></span> <span class='ocrx_word' id='word_1_88' title='bbox 162 692 187 719; x_wconf 90' lang='lat' dir='ltr'><strong>ei</strong></span> <span class='ocrx_word' id='word_1_89' title='bbox 203 691 343 726; x_wconf 81' lang='lat' dir='ltr'><strong>subjectus</strong></span> <span class='ocrx_word' id='word_1_90' title='bbox 351 690 488 717; x_wconf 86' lang='lat' dir='ltr'><strong>volucres.</strong></span> <span class='ocrx_word' id='word_1_91' title='bbox 497 688 688 715; x_wconf 63' lang='lat' dir='ltr'><strong>Consternata?</strong></span> <span class='ocrx_word' id='word_1_92' title='bbox 702 685 754 714; x_wconf 84' lang='lat' dir='ltr'><strong>illae</strong></span> <span class='ocrx_word' id='word_1_93' title='bbox 767 686 859 713; x_wconf 92' lang='lat' dir='ltr'><strong>subito</strong></span> <span class='ocrx_word' id='word_1_94' title='bbox 874 685 915 713; x_wconf 87' lang='lat' dir='ltr'><strong>la-</strong></span> 
     </span>
    </p>
   </div>
   <div class='ocr_carea' id='block_1_16' title="bbox 122 732 914 774">
    <p class='ocr_par' dir='ltr' id='par_1_16' title="bbox 122 732 914 774">
     <span class='ocr_line' id='line_1_16' title="bbox 122 732 914 774; baseline -0.01 -7"><span class='ocrx_word' id='word_1_95' title='bbox 122 747 172 774; x_wconf 88' lang='lat' dir='ltr'><strong>psu</strong></span> <span class='ocrx_word' id='word_1_96' title='bbox 189 743 264 770; x_wconf 90' lang='lat' dir='ltr'><strong>sunt,</strong></span> <span class='ocrx_word' id='word_1_97' title='bbox 292 744 352 765; x_wconf 90' lang='lat' dir='ltr'><strong>sese</strong></span> <span class='ocrx_word' id='word_1_98' title='bbox 368 740 464 771; x_wconf 87' lang='lat' dir='ltr'><strong>captas</strong></span> <span class='ocrx_word' id='word_1_99' title='bbox 490 735 663 762; x_wconf 90' lang='lat' dir='ltr'><strong>sentientes:</strong></span> <span class='ocrx_word' id='word_1_100' title='bbox 689 739 779 761; x_wconf 88' lang='lat' dir='ltr'><strong>tamen</strong></span> <span class='ocrx_word' id='word_1_101' title='bbox 810 732 856 760; x_wconf 90' lang='lat' dir='ltr'><strong>illa</strong></span> <span class='ocrx_word' id='word_1_102' title='bbox 870 739 914 760; x_wconf 89' lang='lat' dir='ltr'><strong>se-</strong></span> 
     </span>
    </p>
   </div>
   <div class='ocr_carea' id='block_1_17' title="bbox 123 779 914 817">
    <p class='ocr_par' dir='ltr' id='par_1_17' title="bbox 123 779 914 817">
     <span class='ocr_line' id='line_1_17' title="bbox 123 779 914 817; baseline -0.008 -5"><span class='ocrx_word' id='word_1_103' title='bbox 123 786 197 817; x_wconf 90' lang='lat' dir='ltr'><strong>nior,</strong></span> <span class='ocrx_word' id='word_1_104' title='bbox 209 788 373 812; x_wconf 58' lang='lat' dir='ltr'><strong>cwterarum</strong></span> <span class='ocrx_word' id='word_1_105' title='bbox 393 782 514 813; x_wconf 82' lang='lat' dir='ltr'><strong>doctrix,</strong></span> <span class='ocrx_word' id='word_1_106' title='bbox 530 780 604 808; x_wconf 85' lang='lat' dir='ltr'><strong>bono</strong></span> <span class='ocrx_word' id='word_1_107' title='bbox 616 787 678 808; x_wconf 81' lang='lat' dir='ltr'><strong>esse</strong></span> <span class='ocrx_word' id='word_1_108' title='bbox 703 779 797 806; x_wconf 88' lang='lat' dir='ltr'><strong>animo</strong></span> <span class='ocrx_word' id='word_1_109' title='bbox 823 779 914 806; x_wconf 84' lang='lat' dir='ltr'><strong>socias</strong></span> 
     </span>
    </p>
   </div>
   <div class='ocr_carea' id='block_1_18' title="bbox 122 825 914 866">
    <p class='ocr_par' dir='ltr' id='par_1_18' title="bbox 122 825 914 866">
     <span class='ocr_line' id='line_1_18' title="bbox 122 825 914 866; baseline -0.006 -10"><span class='ocrx_word' id='word_1_110' title='bbox 122 831 214 866; x_wconf 79' lang='lat' dir='ltr'><strong>jussit,</strong></span> <span class='ocrx_word' id='word_1_111' title='bbox 231 837 282 857; x_wconf 91' lang='lat' dir='ltr'><strong>nec</strong></span> <span class='ocrx_word' id='word_1_112' title='bbox 303 834 356 856; x_wconf 88' lang='lat' dir='ltr'><strong>tam</strong></span> <span class='ocrx_word' id='word_1_113' title='bbox 374 828 430 855; x_wconf 89' lang='lat' dir='ltr'><strong>cito</strong></span> <span class='ocrx_word' id='word_1_114' title='bbox 444 828 604 862; x_wconf 80' lang='lat' dir='ltr'><strong>desperare,</strong></span> <span class='ocrx_word' id='word_1_115' title='bbox 618 826 685 861; x_wconf 91' lang='lat' dir='ltr'><strong>quin</strong></span> <span class='ocrx_word' id='word_1_116' title='bbox 698 826 769 853; x_wconf 89' lang='lat' dir='ltr'><strong>ratio</strong></span> <span class='ocrx_word' id='word_1_117' title='bbox 785 825 849 852; x_wconf 90' lang='lat' dir='ltr'><strong>iniri</strong></span> <span class='ocrx_word' id='word_1_118' title='bbox 861 825 914 851; x_wconf 90' lang='lat' dir='ltr'><strong>ali-</strong></span> 
     </span>
    </p>
   </div>
   <div class='ocr_carea' id='block_1_19' title="bbox 122 870 913 913">
    <p class='ocr_par' dir='ltr' id='par_1_19' title="bbox 122 870 913 913">
     <span class='ocr_line' id='line_1_19' title="bbox 122 870 913 913; baseline -0.01 -8"><span class='ocrx_word' id='word_1_119' title='bbox 122 885 177 913; x_wconf 87' lang='lat' dir='ltr'><strong>qua</strong></span> <span class='ocrx_word' id='word_1_120' title='bbox 190 881 284 912; x_wconf 83' lang='lat' dir='ltr'><strong>posset</strong></span> <span class='ocrx_word' id='word_1_121' title='bbox 311 873 491 910; x_wconf 72' lang='lat' dir='ltr'><strong>expediendae</strong></span> <span class='ocrx_word' id='word_1_122' title='bbox 518 881 552 900; x_wconf 86' lang='lat' dir='ltr'><strong>ex</strong></span> <span class='ocrx_word' id='word_1_123' title='bbox 584 880 618 900; x_wconf 89' lang='lat' dir='ltr'><strong>eo</strong></span> <span class='ocrx_word' id='word_1_124' title='bbox 651 871 775 907; x_wconf 88' lang='lat' dir='ltr'><strong>periculo</strong></span> <span class='ocrx_word' id='word_1_125' title='bbox 803 870 913 898; x_wconf 85' lang='lat' dir='ltr'><strong>salutis.</strong></span> 
     </span>
    </p>
   </div>
   <div class='ocr_carea' id='block_1_20' title="bbox 123 917 913 957">
    <p class='ocr_par' dir='ltr' id='par_1_20' title="bbox 123 917 913 957">
     <span class='ocr_line' id='line_1_20' title="bbox 123 917 913 957; baseline -0.009 -7"><span class='ocrx_word' id='word_1_126' title='bbox 123 923 240 957; x_wconf 82' lang='lat' dir='ltr'><strong>Moxque</strong></span> <span class='ocrx_word' id='word_1_127' title='bbox 255 920 468 954; x_wconf 85' lang='lat' dir='ltr'><strong>circumspectis</strong></span> <span class='ocrx_word' id='word_1_128' title='bbox 482 918 614 946; x_wconf 88' lang='lat' dir='ltr'><strong>omnibus</strong></span> <span class='ocrx_word' id='word_1_129' title='bbox 625 918 653 945; x_wconf 89' lang='lat' dir='ltr'><strong>in</strong></span> <span class='ocrx_word' id='word_1_130' title='bbox 672 917 771 945; x_wconf 83' lang='lat' dir='ltr'><strong>ﬁducia</strong></span> <span class='ocrx_word' id='word_1_131' title='bbox 786 917 913 944; x_wconf 88' lang='lat' dir='ltr'><strong>ﬁrmata:</strong></span> 
     </span>
    </p>
   </div>
   <div class='ocr_carea' id='block_1_21' title="bbox 123 962 915 1001">
    <p class='ocr_par' dir='ltr' id='par_1_21' title="bbox 123 962 915 1001">
     <span class='ocr_line' id='line_1_21' title="bbox 123 962 915 1001; baseline -0.009 -5"><span class='ocrx_word' id='word_1_132' title='bbox 123 969 198 996; x_wconf 84' lang='lat' dir='ltr'><strong>Heus</strong></span> <span class='ocrx_word' id='word_1_133' title='bbox 211 975 270 1000; x_wconf 81' lang='lat' dir='ltr'><strong>vos,</strong></span> <span class='ocrx_word' id='word_1_134' title='bbox 286 966 377 1001; x_wconf 81' lang='lat' dir='ltr'><strong>inquit</strong></span> <span class='ocrx_word' id='word_1_135' title='bbox 393 965 426 992; x_wconf 86' lang='lat' dir='ltr'><strong>ad</strong></span> <span class='ocrx_word' id='word_1_136' title='bbox 443 965 572 996; x_wconf 84' lang='lat' dir='ltr'><strong>comites,</strong></span> <span class='ocrx_word' id='word_1_137' title='bbox 584 964 656 999; x_wconf 88' lang='lat' dir='ltr'><strong>agite</strong></span> <span class='ocrx_word' id='word_1_138' title='bbox 674 962 848 991; x_wconf 86' lang='lat' dir='ltr'><strong>connitimini</strong></span> <span class='ocrx_word' id='word_1_139' title='bbox 865 970 915 997; x_wconf 91' lang='lat' dir='ltr'><strong>pro</strong></span> 
     </span>
    </p>
   </div>
   <div class='ocr_carea' id='block_1_22' title="bbox 123 1009 914 1050">
    <p class='ocr_par' dir='ltr' id='par_1_22' title="bbox 123 1009 914 1050">
     <span class='ocr_line' id='line_1_22' title="bbox 123 1009 914 1050; baseline -0.01 -7"><span class='ocrx_word' id='word_1_140' title='bbox 123 1023 153 1043; x_wconf 89' lang='lat' dir='ltr'><strong>se</strong></span> <span class='ocrx_word' id='word_1_141' title='bbox 165 1022 280 1050; x_wconf 63' lang='lat' dir='ltr'><strong>quasque</strong></span> <span class='ocrx_word' id='word_1_142' title='bbox 291 1020 418 1041; x_wconf 91' lang='lat' dir='ltr'><strong>mecum:</strong></span> <span class='ocrx_word' id='word_1_143' title='bbox 433 1012 526 1038; x_wconf 63' lang='lat' dir='ltr'><strong>multa;</strong></span> <span class='ocrx_word' id='word_1_144' title='bbox 539 1018 646 1042; x_wconf 76' lang='lat' dir='ltr'><strong>sumus,</strong></span> <span class='ocrx_word' id='word_1_145' title='bbox 662 1015 691 1038; x_wconf 91' lang='lat' dir='ltr'><strong>et</strong></span> <span class='ocrx_word' id='word_1_146' title='bbox 704 1014 763 1037; x_wconf 84' lang='lat' dir='ltr'><strong>rete</strong></span> <span class='ocrx_word' id='word_1_147' title='bbox 777 1009 914 1036; x_wconf 86' lang='lat' dir='ltr'><strong>modicum</strong></span> 
     </span>
    </p>
   </div>
   <div class='ocr_carea' id='block_1_23' title="bbox 121 1054 916 1092">
    <p class='ocr_par' dir='ltr' id='par_1_23' title="bbox 121 1054 916 1092">
     <span class='ocr_line' id='line_1_23' title="bbox 121 1054 916 1092; baseline -0.01 -4"><span class='ocrx_word' id='word_1_148' title='bbox 121 1066 175 1092; x_wconf 79' lang='lat' dir='ltr'><strong>est,</strong></span> <span class='ocrx_word' id='word_1_149' title='bbox 188 1061 330 1087; x_wconf 88' lang='lat' dir='ltr'><strong>evolemus</strong></span> <span class='ocrx_word' id='word_1_150' title='bbox 344 1057 428 1085; x_wconf 85' lang='lat' dir='ltr'><strong>simul</strong></span> <span class='ocrx_word' id='word_1_151' title='bbox 442 1057 469 1083; x_wconf 90' lang='lat' dir='ltr'><strong>in</strong></span> <span class='ocrx_word' id='word_1_152' title='bbox 491 1063 567 1089; x_wconf 86' lang='lat' dir='ltr'><strong>aera,</strong></span> <span class='ocrx_word' id='word_1_153' title='bbox 592 1060 651 1083; x_wconf 87' lang='lat' dir='ltr'><strong>rete</strong></span> <span class='ocrx_word' id='word_1_154' title='bbox 668 1062 778 1082; x_wconf 88' lang='lat' dir='ltr'><strong>sursum</strong></span> <span class='ocrx_word' id='word_1_155' title='bbox 795 1054 916 1082; x_wconf 84' lang='lat' dir='ltr'><strong>evehen-</strong></span> 
     </span>
    </p>
   </div>
   <div class='ocr_carea' id='block_1_24' title="bbox 123 1099 917 1134">
    <p class='ocr_par' dir='ltr' id='par_1_24' title="bbox 123 1099 917 1134">
     <span class='ocr_line' id='line_1_24' title="bbox 123 1099 917 1134; baseline -0.01 0"><span class='ocrx_word' id='word_1_156' title='bbox 123 1112 175 1134; x_wconf 81' lang='lat' dir='ltr'><strong>tes.</strong></span> <span class='ocrx_word' id='word_1_157' title='bbox 196 1106 311 1133; x_wconf 87' lang='lat' dir='ltr'><strong>Factum</strong></span> <span class='ocrx_word' id='word_1_158' title='bbox 326 1104 442 1132; x_wconf 89' lang='lat' dir='ltr'><strong>dictum.</strong></span> <span class='ocrx_word' id='word_1_159' title='bbox 459 1103 570 1130; x_wconf 62' lang='lat' dir='ltr'><strong>Abi-unt</strong></span> <span class='ocrx_word' id='word_1_160' title='bbox 601 1100 735 1129; x_wconf 87' lang='lat' dir='ltr'><strong>sublimes</strong></span> <span class='ocrx_word' id='word_1_161' title='bbox 757 1099 917 1127; x_wconf 88' lang='lat' dir='ltr'><strong>auferentes</strong></span> 
     </span>
    </p>
   </div>
   <div class='ocr_carea' id='block_1_25' title="bbox 123 1145 918 1186">
    <p class='ocr_par' dir='ltr' id='par_1_25' title="bbox 123 1145 918 1186">
     <span class='ocr_line' id='line_1_25' title="bbox 123 1145 918 1186; baseline -0.009 -7"><span class='ocrx_word' id='word_1_162' title='bbox 123 1152 282 1184; x_wconf 65' lang='lat' dir='ltr'><strong>reticulum,</strong></span> <span class='ocrx_word' id='word_1_163' title='bbox 298 1158 353 1186; x_wconf 89' lang='lat' dir='ltr'><strong>quo</strong></span> <span class='ocrx_word' id='word_1_164' title='bbox 366 1150 449 1177; x_wconf 84' lang='lat' dir='ltr'><strong>etiam</strong></span> <span class='ocrx_word' id='word_1_165' title='bbox 465 1148 612 1183; x_wconf 77' lang='lat' dir='ltr'><strong>implicatae</strong></span> <span class='ocrx_word' id='word_1_166' title='bbox 623 1147 799 1174; x_wconf 88' lang='lat' dir='ltr'><strong>tenebantur.</strong></span> <span class='ocrx_word' id='word_1_167' title='bbox 819 1145 918 1179; x_wconf 83' lang='lat' dir='ltr'><strong>Suspi-</strong></span> 
     </span>
    </p>
   </div>
   <div class='ocr_carea' id='block_1_26' title="bbox 123 1193 917 1227">
    <p class='ocr_par' dir='ltr' id='par_1_26' title="bbox 123 1193 917 1227">
     <span class='ocr_line' id='line_1_26' title="bbox 123 1193 917 1227; baseline -0.01 -1"><span class='ocrx_word' id='word_1_168' title='bbox 123 1199 215 1226; x_wconf 83' lang='lat' dir='ltr'><strong>ciebat</strong></span> <span class='ocrx_word' id='word_1_169' title='bbox 228 1197 370 1224; x_wconf 89' lang='lat' dir='ltr'><strong>admirans</strong></span> <span class='ocrx_word' id='word_1_170' title='bbox 387 1199 512 1227; x_wconf 91' lang='lat' dir='ltr'><strong>venator,</strong></span> <span class='ocrx_word' id='word_1_171' title='bbox 541 1201 592 1220; x_wconf 90' lang='lat' dir='ltr'><strong>nec</strong></span> <span class='ocrx_word' id='word_1_172' title='bbox 621 1193 796 1227; x_wconf 83' lang='lat' dir='ltr'><strong>despondcns</strong></span> <span class='ocrx_word' id='word_1_173' title='bbox 826 1197 917 1219; x_wconf 86' lang='lat' dir='ltr'><strong>tamen</strong></span> 
     </span>
    </p>
   </div>
   <div class='ocr_carea' id='block_1_27' title="bbox 122 1237 917 1278">
    <p class='ocr_par' dir='ltr' id='par_1_27' title="bbox 122 1237 917 1278">
     <span class='ocr_line' id='line_1_27' title="bbox 122 1237 917 1278; baseline -0.01 -6"><span class='ocrx_word' id='word_1_174' title='bbox 122 1245 255 1275; x_wconf 85' lang='lat' dir='ltr'><strong>animum;</strong></span> <span class='ocrx_word' id='word_1_175' title='bbox 273 1242 439 1278; x_wconf 76' lang='lat' dir='ltr'><strong>providebat</strong></span> <span class='ocrx_word' id='word_1_176' title='bbox 452 1242 526 1268; x_wconf 89' lang='lat' dir='ltr'><strong>enim</strong></span> <span class='ocrx_word' id='word_1_177' title='bbox 542 1243 618 1268; x_wconf 86' lang='lat' dir='ltr'><strong>tanto</strong></span> <span class='ocrx_word' id='word_1_178' title='bbox 637 1239 733 1266; x_wconf 88' lang='lat' dir='ltr'><strong>labore</strong></span> <span class='ocrx_word' id='word_1_179' title='bbox 755 1242 839 1272; x_wconf 88' lang='lat' dir='ltr'><strong>atque</strong></span> <span class='ocrx_word' id='word_1_180' title='bbox 863 1237 917 1264; x_wconf 89' lang='lat' dir='ltr'><strong>im-</strong></span> 
     </span>
    </p>
   </div>
   <div class='ocr_carea' id='block_1_28' title="bbox 122 1283 918 1330">
    <p class='ocr_par' dir='ltr' id='par_1_28' title="bbox 122 1283 918 1330">
     <span class='ocr_line' id='line_1_28' title="bbox 122 1283 918 1330; baseline -0.01 -13"><span class='ocrx_word' id='word_1_181' title='bbox 122 1289 288 1330; x_wconf 63' lang='lat' dir='ltr'><strong>pedimento</strong></span> <span class='ocrx_word' id='word_1_182' title='bbox 302 1288 485 1322; x_wconf 87' lang='lat' dir='ltr'><strong>implexarum</strong></span> <span class='ocrx_word' id='word_1_183' title='bbox 501 1285 620 1313; x_wconf 86' lang='lat' dir='ltr'><strong>cassium</strong></span> <span class='ocrx_word' id='word_1_184' title='bbox 641 1284 715 1311; x_wconf 91' lang='lat' dir='ltr'><strong>haud</strong></span> <span class='ocrx_word' id='word_1_185' title='bbox 737 1283 833 1318; x_wconf 89' lang='lat' dir='ltr'><strong>procul</strong></span> <span class='ocrx_word' id='word_1_186' title='bbox 854 1290 918 1310; x_wconf 90' lang='lat' dir='ltr'><strong>avo-</strong></span> 
     </span>
    </p>
   </div>
   <div class='ocr_carea' id='block_1_29' title="bbox 122 1328 917 1367">
    <p class='ocr_par' dir='ltr' id='par_1_29' title="bbox 122 1328 917 1367">
     <span class='ocr_line' id='line_1_29' title="bbox 122 1328 917 1367; baseline -0.014 -5"><span class='ocrx_word' id='word_1_187' title='bbox 122 1335 237 1362; x_wconf 79' lang='lat' dir='ltr'><strong>laturas.</strong></span> <span class='ocrx_word' id='word_1_188' title='bbox 253 1328 431 1367; x_wconf 81' lang='lat' dir='ltr'><strong>sequebatur</strong></span> <span class='ocrx_word' id='word_1_189' title='bbox 454 1338 522 1365; x_wconf 86' lang='lat' dir='ltr'><strong>ergo</strong></span> <span class='ocrx_word' id='word_1_190' title='bbox 537 1336 653 1356; x_wconf 88' lang='lat' dir='ltr'><strong>currens</strong></span> <span class='ocrx_word' id='word_1_191' title='bbox 667 1328 694 1355; x_wconf 92' lang='lat' dir='ltr'><strong>iu</strong></span> <span class='ocrx_word' id='word_1_192' title='bbox 721 1333 917 1362; x_wconf 85' lang='lat' dir='ltr'><strong>quamcunque</strong></span> 
     </span>
    </p>
   </div>
   <div class='ocr_carea' id='block_1_30' title="bbox 123 1373 793 1414">
    <p class='ocr_par' dir='ltr' id='par_1_30' title="bbox 123 1373 793 1414">
     <span class='ocr_line' id='line_1_30' title="bbox 123 1373 793 1414; baseline -0.015 -6"><span class='ocrx_word' id='word_1_193' title='bbox 123 1381 185 1408; x_wconf 78' lang='lat' dir='ltr'><strong>illas</strong></span> <span class='ocrx_word' id='word_1_194' title='bbox 202 1384 309 1414; x_wconf 86' lang='lat' dir='ltr'><strong>partem</strong></span> <span class='ocrx_word' id='word_1_195' title='bbox 329 1377 379 1404; x_wconf 93' lang='lat' dir='ltr'><strong>niti</strong></span> <span class='ocrx_word' id='word_1_196' title='bbox 396 1376 504 1403; x_wconf 88' lang='lat' dir='ltr'><strong>alarum</strong></span> <span class='ocrx_word' id='word_1_197' title='bbox 521 1374 638 1408; x_wconf 90' lang='lat' dir='ltr'><strong>remigio</strong></span> <span class='ocrx_word' id='word_1_198' title='bbox 650 1373 793 1400; x_wconf 79' lang='lat' dir='ltr'><strong>cernebat.</strong></span> 
     </span>
    </p>
   </div>
   <div class='ocr_carea' id='block_1_31' title="bbox 159 1416 917 1453">
    <p class='ocr_par' dir='ltr' id='par_1_31' title="bbox 159 1416 917 1453">
     <span class='ocr_line' id='line_1_31' title="bbox 159 1416 917 1453; baseline -0.013 0"><span class='ocrx_word' id='word_1_199' title='bbox 159 1426 193 1453; x_wconf 90' lang='lat' dir='ltr'><strong>ll.</strong></span> <span class='ocrx_word' id='word_1_200' title='bbox 208 1424 297 1452; x_wconf 76' lang='lat' dir='ltr'><strong>Variis</strong></span> <span class='ocrx_word' id='word_1_201' title='bbox 307 1431 338 1451; x_wconf 88' lang='lat' dir='ltr'><strong>ea</strong></span> <span class='ocrx_word' id='word_1_202' title='bbox 347 1429 447 1450; x_wconf 81' lang='lat' dir='ltr'><strong>corvus</strong></span> <span class='ocrx_word' id='word_1_203' title='bbox 459 1421 570 1448; x_wconf 90' lang='lat' dir='ltr'><strong>intuens</strong></span> <span class='ocrx_word' id='word_1_204' title='bbox 581 1419 748 1446; x_wconf 84' lang='lat' dir='ltr'><strong>miscebatur</strong></span> <span class='ocrx_word' id='word_1_205' title='bbox 761 1416 917 1450; x_wconf 68' lang='lat' dir='ltr'><strong>aﬁ‘ectibus,</strong></span> 
     </span>
    </p>
   </div>
   <div class='ocr_carea' id='block_1_32' title="bbox 123 1462 918 1500">
    <p class='ocr_par' dir='ltr' id='par_1_32' title="bbox 123 1462 918 1500">
     <span class='ocr_line' id='line_1_32' title="bbox 123 1462 918 1500; baseline -0.014 -1"><span class='ocrx_word' id='word_1_206' title='bbox 123 1479 155 1499; x_wconf 90' lang='lat' dir='ltr'><strong>ac</strong></span> <span class='ocrx_word' id='word_1_207' title='bbox 180 1470 308 1498; x_wconf 76' lang='lat' dir='ltr'><strong>sensibus</strong></span> <span class='ocrx_word' id='word_1_208' title='bbox 323 1467 490 1500; x_wconf 89' lang='lat' dir='ltr'><strong>formidinis,</strong></span> <span class='ocrx_word' id='word_1_209' title='bbox 503 1464 688 1493; x_wconf 86' lang='lat' dir='ltr'><strong>miserationis</strong></span> <span class='ocrx_word' id='word_1_210' title='bbox 699 1468 727 1491; x_wconf 87' lang='lat' dir='ltr'><strong>et</strong></span> <span class='ocrx_word' id='word_1_211' title='bbox 740 1462 918 1491; x_wconf 85' lang='lat' dir='ltr'><strong>curiositatis.</strong></span> 
     </span>
    </p>
   </div>
   <div class='ocr_carea' id='block_1_33' title="bbox 970 229 1765 265">
    <p class='ocr_par' dir='ltr' id='par_1_33' title="bbox 970 229 1765 265">
     <span class='ocr_line' id='line_1_33' title="bbox 970 229 1765 265; baseline 0.003 -9"><span class='ocrx_word' id='word_1_212' title='bbox 970 237 1123 264; x_wconf 84' lang='lat' dir='ltr'><strong>pore,cum</strong></span> <span class='ocrx_word' id='word_1_213' title='bbox 1147 235 1176 258; x_wconf 93' lang='lat' dir='ltr'><strong>et</strong></span> <span class='ocrx_word' id='word_1_214' title='bbox 1201 231 1241 257; x_wconf 88' lang='lat' dir='ltr'><strong>sol</strong></span> <span class='ocrx_word' id='word_1_215' title='bbox 1267 230 1340 257; x_wconf 70' lang='lat' dir='ltr'><strong>quat</strong></span> <span class='ocrx_word' id='word_1_216' title='bbox 1359 229 1527 265; x_wconf 87' lang='lat' dir='ltr'><strong>interpositu</strong></span> <span class='ocrx_word' id='word_1_217' title='bbox 1551 229 1672 263; x_wconf 89' lang='lat' dir='ltr'><strong>deﬁciat,</strong></span> <span class='ocrx_word' id='word_1_218' title='bbox 1693 230 1765 258; x_wconf 77' lang='lat' dir='ltr'><strong>luna</strong></span> 
     </span>
    </p>
   </div>
   <div class='ocr_carea' id='block_1_34' title="bbox 969 275 1764 312">
    <p class='ocr_par' dir='ltr' id='par_1_34' title="bbox 969 275 1764 312">
     <span class='ocr_line' id='line_1_34' title="bbox 969 275 1764 312; baseline 0.003 -10"><span class='ocrx_word' id='word_1_219' title='bbox 969 275 1075 303; x_wconf 71' lang='lat' dir='ltr'><strong>umbrae</strong></span> <span class='ocrx_word' id='word_1_220' title='bbox 1089 279 1169 303; x_wconf 69' lang='lat' dir='ltr'><strong>terra</strong></span> <span class='ocrx_word' id='word_1_221' title='bbox 1186 275 1315 303; x_wconf 86' lang='lat' dir='ltr'><strong>immersa</strong></span> <span class='ocrx_word' id='word_1_222' title='bbox 1331 276 1506 308; x_wconf 85' lang='lat' dir='ltr'><strong>obscuretur,</strong></span> <span class='ocrx_word' id='word_1_223' title='bbox 1533 275 1619 310; x_wconf 86' lang='lat' dir='ltr'><strong>piscis</strong></span> <span class='ocrx_word' id='word_1_224' title='bbox 1645 284 1679 303; x_wconf 88' lang='lat' dir='ltr'><strong>ex</strong></span> <span class='ocrx_word' id='word_1_225' title='bbox 1697 285 1764 312; x_wconf 83' lang='lat' dir='ltr'><strong>pro-</strong></span> 
     </span>
    </p>
   </div>
   <div class='ocr_carea' id='block_1_35' title="bbox 967 321 1766 357">
    <p class='ocr_par' dir='ltr' id='par_1_35' title="bbox 967 321 1766 357">
     <span class='ocr_line' id='line_1_35' title="bbox 967 321 1766 357; baseline 0.003 -9"><span class='ocrx_word' id='word_1_226' title='bbox 967 321 1054 349; x_wconf 91' lang='lat' dir='ltr'><strong>fundo</strong></span> <span class='ocrx_word' id='word_1_227' title='bbox 1081 322 1170 357; x_wconf 89' lang='lat' dir='ltr'><strong>pelagi</strong></span> <span class='ocrx_word' id='word_1_228' title='bbox 1198 322 1280 349; x_wconf 89' lang='lat' dir='ltr'><strong>hamo</strong></span> <span class='ocrx_word' id='word_1_229' title='bbox 1301 321 1446 353; x_wconf 86' lang='lat' dir='ltr'><strong>evellatur.</strong></span> <span class='ocrx_word' id='word_1_230' title='bbox 1471 329 1538 349; x_wconf 87' lang='lat' dir='ltr'><strong>aves</strong></span> <span class='ocrx_word' id='word_1_231' title='bbox 1565 322 1674 356; x_wconf 77' lang='lat' dir='ltr'><strong>sagittis</strong></span> <span class='ocrx_word' id='word_1_232' title='bbox 1699 322 1766 351; x_wconf 72' lang='lat' dir='ltr'><strong>icta:</strong></span> 
     </span>
    </p>
   </div>
   <div class='ocr_carea' id='block_1_36' title="bbox 966 367 1763 403">
    <p class='ocr_par' dir='ltr' id='par_1_36' title="bbox 966 367 1763 403">
     <span class='ocr_line' id='line_1_36' title="bbox 966 367 1763 403; baseline 0.003 -9"><span class='ocrx_word' id='word_1_233' title='bbox 966 367 1176 402; x_wconf 78' lang='lat' dir='ltr'><strong>dejiciauturex</strong></span> <span class='ocrx_word' id='word_1_234' title='bbox 1191 375 1267 400; x_wconf 68' lang='lat' dir='ltr'><strong>acre,</strong></span> <span class='ocrx_word' id='word_1_235' title='bbox 1290 372 1373 402; x_wconf 87' lang='lat' dir='ltr'><strong>atque</strong></span> <span class='ocrx_word' id='word_1_236' title='bbox 1400 367 1427 394; x_wconf 95' lang='lat' dir='ltr'><strong>in</strong></span> <span class='ocrx_word' id='word_1_237' title='bbox 1448 371 1550 395; x_wconf 86' lang='lat' dir='ltr'><strong>terram</strong></span> <span class='ocrx_word' id='word_1_238' title='bbox 1572 368 1692 403; x_wconf 74' lang='lat' dir='ltr'><strong>delapsas</strong></span> <span class='ocrx_word' id='word_1_239' title='bbox 1719 377 1763 396; x_wconf 83' lang='lat' dir='ltr'><strong>ca-</strong></span> 
     </span>
    </p>
   </div>
   <div class='ocr_carea' id='block_1_37' title="bbox 966 413 1763 450">
    <p class='ocr_par' dir='ltr' id='par_1_37' title="bbox 966 413 1763 450">
     <span class='ocr_line' id='line_1_37' title="bbox 966 413 1763 450; baseline 0.003 -10"><span class='ocrx_word' id='word_1_240' title='bbox 966 413 1089 448; x_wconf 84' lang='lat' dir='ltr'><strong>piantur,</strong></span> <span class='ocrx_word' id='word_1_241' title='bbox 1107 414 1217 449; x_wconf 78' lang='lat' dir='ltr'><strong>quando</strong></span> <span class='ocrx_word' id='word_1_242' title='bbox 1235 414 1276 441; x_wconf 84' lang='lat' dir='ltr'><strong>sic</strong></span> <span class='ocrx_word' id='word_1_243' title='bbox 1301 414 1346 440; x_wconf 84' lang='lat' dir='ltr'><strong>lex</strong></span> <span class='ocrx_word' id='word_1_244' title='bbox 1362 413 1453 441; x_wconf 83' lang='lat' dir='ltr'><strong>fatalis</strong></span> <span class='ocrx_word' id='word_1_245' title='bbox 1465 414 1575 442; x_wconf 88' lang='lat' dir='ltr'><strong>statuit.</strong></span> <span class='ocrx_word' id='word_1_246' title='bbox 1598 414 1675 442; x_wconf 81' lang='lat' dir='ltr'><strong>Adeo</strong></span> <span class='ocrx_word' id='word_1_247' title='bbox 1695 416 1763 450; x_wconf 84' lang='lat' dir='ltr'><strong>quid</strong></span> 
     </span>
    </p>
   </div>
   <div class='ocr_carea' id='block_1_38' title="bbox 966 460 1749 495">
    <p class='ocr_par' dir='ltr' id='par_1_38' title="bbox 966 460 1749 495">
     <span class='ocr_line' id='line_1_38' title="bbox 966 460 1749 495; baseline 0 -8"><span class='ocrx_word' id='word_1_248' title='bbox 966 461 1084 495; x_wconf 90' lang='lat' dir='ltr'><strong>quisque</strong></span> <span class='ocrx_word' id='word_1_249' title='bbox 1104 461 1182 493; x_wconf 87' lang='lat' dir='ltr'><strong>vitet,</strong></span> <span class='ocrx_word' id='word_1_250' title='bbox 1199 460 1268 488; x_wconf 93' lang='lat' dir='ltr'><strong>nulli</strong></span> <span class='ocrx_word' id='word_1_251' title='bbox 1279 461 1345 488; x_wconf 85' lang='lat' dir='ltr'><strong>satis</strong></span> <span class='ocrx_word' id='word_1_252' title='bbox 1357 465 1468 487; x_wconf 90' lang='lat' dir='ltr'><strong>cautum</strong></span> <span class='ocrx_word' id='word_1_253' title='bbox 1485 465 1538 493; x_wconf 88' lang='lat' dir='ltr'><strong>est,</strong></span> <span class='ocrx_word' id='word_1_254' title='bbox 1552 468 1614 487; x_wconf 91' lang='lat' dir='ltr'><strong>cum</strong></span> <span class='ocrx_word' id='word_1_255' title='bbox 1631 461 1686 487; x_wconf 90' lang='lat' dir='ltr'><strong>sint</strong></span> <span class='ocrx_word' id='word_1_256' title='bbox 1698 469 1749 488; x_wconf 88' lang='lat' dir='ltr'><strong>suc</strong></span> 
     </span>
    </p>
   </div>
   <div class='ocr_carea' id='block_1_39' title="bbox 966 505 1765 540">
    <p class='ocr_par' dir='ltr' id='par_1_39' title="bbox 966 505 1765 540">
     <span class='ocr_line' id='line_1_39' title="bbox 966 505 1765 540; baseline 0 -6"><span class='ocrx_word' id='word_1_257' title='bbox 966 507 1263 539; x_wconf 78' lang='lat' dir='ltr'><strong>cessusconatuumjta</strong></span> <span class='ocrx_word' id='word_1_258' title='bbox 1271 506 1380 538; x_wconf 89' lang='lat' dir='ltr'><strong>incerti,</strong></span> <span class='ocrx_word' id='word_1_259' title='bbox 1393 510 1421 533; x_wconf 89' lang='lat' dir='ltr'><strong>ut</strong></span> <span class='ocrx_word' id='word_1_260' title='bbox 1433 506 1528 533; x_wconf 89' lang='lat' dir='ltr'><strong>eadem</strong></span> <span class='ocrx_word' id='word_1_261' title='bbox 1539 513 1610 540; x_wconf 67' lang='lat' dir='ltr'><strong>saepe</strong></span> <span class='ocrx_word' id='word_1_262' title='bbox 1621 506 1662 533; x_wconf 89' lang='lat' dir='ltr'><strong>vel</strong></span> <span class='ocrx_word' id='word_1_263' title='bbox 1679 505 1765 534; x_wconf 88' lang='lat' dir='ltr'><strong>simili</strong></span> 
     </span>
    </p>
   </div>
   <div class='ocr_carea' id='block_1_40' title="bbox 965 553 1765 587">
    <p class='ocr_par' dir='ltr' id='par_1_40' title="bbox 965 553 1765 587">
     <span class='ocr_line' id='line_1_40' title="bbox 965 553 1765 587; baseline -0.001 -7"><span class='ocrx_word' id='word_1_264' title='bbox 965 560 1050 587; x_wconf 88' lang='lat' dir='ltr'><strong>opera</strong></span> <span class='ocrx_word' id='word_1_265' title='bbox 1069 560 1123 587; x_wconf 90' lang='lat' dir='ltr'><strong>qua</strong></span> <span class='ocrx_word' id='word_1_266' title='bbox 1133 553 1234 580; x_wconf 89' lang='lat' dir='ltr'><strong>stultus</strong></span> <span class='ocrx_word' id='word_1_267' title='bbox 1243 556 1337 587; x_wconf 87' lang='lat' dir='ltr'><strong>optato</strong></span> <span class='ocrx_word' id='word_1_268' title='bbox 1344 553 1460 586; x_wconf 90' lang='lat' dir='ltr'><strong>potitur,</strong></span> <span class='ocrx_word' id='word_1_269' title='bbox 1469 554 1591 587; x_wconf 84' lang='lat' dir='ltr'><strong>sapiens,</strong></span> <span class='ocrx_word' id='word_1_270' title='bbox 1610 558 1765 587; x_wconf 88' lang='lat' dir='ltr'><strong>quantum-</strong></span> 
     </span>
    </p>
   </div>
   <div class='ocr_carea' id='block_1_41' title="bbox 965 597 1763 631">
    <p class='ocr_par' dir='ltr' id='par_1_41' title="bbox 965 597 1763 631">
     <span class='ocr_line' id='line_1_41' title="bbox 965 597 1763 631; baseline -0.001 -7"><span class='ocrx_word' id='word_1_271' title='bbox 965 597 1008 624; x_wconf 90' lang='lat' dir='ltr'><strong>vis</strong></span> <span class='ocrx_word' id='word_1_272' title='bbox 1024 597 1158 624; x_wconf 90' lang='lat' dir='ltr'><strong>sollicitus</strong></span> <span class='ocrx_word' id='word_1_273' title='bbox 1179 602 1207 624; x_wconf 89' lang='lat' dir='ltr'><strong>et</strong></span> <span class='ocrx_word' id='word_1_274' title='bbox 1243 601 1355 624; x_wconf 86' lang='lat' dir='ltr'><strong>strenue</strong></span> <span class='ocrx_word' id='word_1_275' title='bbox 1374 600 1511 631; x_wconf 86' lang='lat' dir='ltr'><strong>satagens,</strong></span> <span class='ocrx_word' id='word_1_276' title='bbox 1528 603 1612 631; x_wconf 89' lang='lat' dir='ltr'><strong>scopo</strong></span> <span class='ocrx_word' id='word_1_277' title='bbox 1639 597 1763 624; x_wconf 77' lang='lat' dir='ltr'><strong>excidat.</strong></span> 
     </span>
    </p>
   </div>
   <div class='ocr_carea' id='block_1_42' title="bbox 1001 641 1763 677">
    <p class='ocr_par' dir='ltr' id='par_1_42' title="bbox 1001 641 1763 677">
     <span class='ocr_line' id='line_1_42' title="bbox 1001 641 1763 677; baseline 0 -7"><span class='ocrx_word' id='word_1_278' title='bbox 1001 643 1045 670; x_wconf 89' lang='lat' dir='ltr'><strong>Ill.</strong></span> <span class='ocrx_word' id='word_1_279' title='bbox 1063 643 1126 670; x_wconf 70' lang='lat' dir='ltr'><strong>Haec</strong></span> <span class='ocrx_word' id='word_1_280' title='bbox 1142 643 1282 677; x_wconf 89' lang='lat' dir='ltr'><strong>loquentis</strong></span> <span class='ocrx_word' id='word_1_281' title='bbox 1296 642 1432 670; x_wconf 71' lang='lat' dir='ltr'><strong>columbae</strong></span> <span class='ocrx_word' id='word_1_282' title='bbox 1447 650 1509 669; x_wconf 91' lang='lat' dir='ltr'><strong>mus</strong></span> <span class='ocrx_word' id='word_1_283' title='bbox 1527 641 1763 675; x_wconf 80' lang='lat' dir='ltr'><strong>ofﬁciosissimus,</strong></span> 
     </span>
    </p>
   </div>
   <div class='ocr_carea' id='block_1_43' title="bbox 966 688 1765 724">
    <p class='ocr_par' dir='ltr' id='par_1_43' title="bbox 966 688 1765 724">
     <span class='ocr_line' id='line_1_43' title="bbox 966 688 1765 724; baseline -0.001 -8"><span class='ocrx_word' id='word_1_284' title='bbox 966 696 1016 724; x_wconf 92' lang='lat' dir='ltr'><strong>per</strong></span> <span class='ocrx_word' id='word_1_285' title='bbox 1032 696 1061 716; x_wconf 88' lang='lat' dir='ltr'><strong>se</strong></span> <span class='ocrx_word' id='word_1_286' title='bbox 1079 688 1238 723; x_wconf 81' lang='lat' dir='ltr'><strong>intelligens</strong></span> <span class='ocrx_word' id='word_1_287' title='bbox 1250 688 1317 723; x_wconf 89' lang='lat' dir='ltr'><strong>quid</strong></span> <span class='ocrx_word' id='word_1_288' title='bbox 1328 696 1399 723; x_wconf 90' lang='lat' dir='ltr'><strong>opus</strong></span> <span class='ocrx_word' id='word_1_289' title='bbox 1412 688 1485 716; x_wconf 90' lang='lat' dir='ltr'><strong>facto</strong></span> <span class='ocrx_word' id='word_1_290' title='bbox 1500 693 1573 715; x_wconf 86' lang='lat' dir='ltr'><strong>esset</strong></span> <span class='ocrx_word' id='word_1_291' title='bbox 1587 690 1673 723; x_wconf 85' lang='lat' dir='ltr'><strong>ccepit</strong></span> <span class='ocrx_word' id='word_1_292' title='bbox 1683 696 1765 716; x_wconf 90' lang='lat' dir='ltr'><strong>arro-</strong></span> 
     </span>
    </p>
   </div>
   <div class='ocr_carea' id='block_1_44' title="bbox 965 734 1764 763">
    <p class='ocr_par' dir='ltr' id='par_1_44' title="bbox 965 734 1764 763">
     <span class='ocr_line' id='line_1_44' title="bbox 965 734 1764 763; baseline -0.001 0"><span class='ocrx_word' id='word_1_293' title='bbox 965 736 1031 763; x_wconf 86' lang='lat' dir='ltr'><strong>dere</strong></span> <span class='ocrx_word' id='word_1_294' title='bbox 1047 735 1177 762; x_wconf 88' lang='lat' dir='ltr'><strong>dentibus</strong></span> <span class='ocrx_word' id='word_1_295' title='bbox 1194 735 1305 762; x_wconf 89' lang='lat' dir='ltr'><strong>vincula</strong></span> <span class='ocrx_word' id='word_1_296' title='bbox 1333 739 1364 762; x_wconf 88' lang='lat' dir='ltr'><strong>ut</strong></span> <span class='ocrx_word' id='word_1_297' title='bbox 1379 743 1439 762; x_wconf 87' lang='lat' dir='ltr'><strong>eam</strong></span> <span class='ocrx_word' id='word_1_298' title='bbox 1468 734 1568 762; x_wconf 90' lang='lat' dir='ltr'><strong>horum</strong></span> <span class='ocrx_word' id='word_1_299' title='bbox 1585 743 1655 762; x_wconf 89' lang='lat' dir='ltr'><strong>nexu</strong></span> <span class='ocrx_word' id='word_1_300' title='bbox 1670 736 1764 762; x_wconf 83' lang='lat' dir='ltr'><strong>exsol-</strong></span> 
     </span>
    </p>
   </div>
   <div class='ocr_carea' id='block_1_45' title="bbox 968 781 1761 816">
    <p class='ocr_par' dir='ltr' id='par_1_45' title="bbox 968 781 1761 816">
     <span class='ocr_line' id='line_1_45' title="bbox 968 781 1761 816; baseline 0 -8"><span class='ocrx_word' id='word_1_301' title='bbox 968 786 1055 809; x_wconf 90' lang='lat' dir='ltr'><strong>veret.</strong></span> <span class='ocrx_word' id='word_1_302' title='bbox 1073 781 1107 809; x_wconf 77' lang='lat' dir='ltr'><strong>At</strong></span> <span class='ocrx_word' id='word_1_303' title='bbox 1117 781 1175 814; x_wconf 89' lang='lat' dir='ltr'><strong>illa,</strong></span> <span class='ocrx_word' id='word_1_304' title='bbox 1207 781 1294 815; x_wconf 82' lang='lat' dir='ltr'><strong>magis</strong></span> <span class='ocrx_word' id='word_1_305' title='bbox 1309 781 1427 808; x_wconf 87' lang='lat' dir='ltr'><strong>sollicita</strong></span> <span class='ocrx_word' id='word_1_306' title='bbox 1456 789 1506 816; x_wconf 90' lang='lat' dir='ltr'><strong>pro</strong></span> <span class='ocrx_word' id='word_1_307' title='bbox 1535 782 1629 813; x_wconf 83' lang='lat' dir='ltr'><strong>sociis,</strong></span> <span class='ocrx_word' id='word_1_308' title='bbox 1655 781 1761 815; x_wconf 87' lang='lat' dir='ltr'><strong>Incipe.</strong></span> 
     </span>
    </p>
   </div>
   <div class='ocr_carea' id='block_1_46' title="bbox 965 827 1764 862">
    <p class='ocr_par' dir='ltr' id='par_1_46' title="bbox 965 827 1764 862">
     <span class='ocr_line' id='line_1_46' title="bbox 965 827 1764 862; baseline 0.001 -8"><span class='ocrx_word' id='word_1_309' title='bbox 965 827 1064 858; x_wconf 88' lang='lat' dir='ltr'><strong>amice,</strong></span> <span class='ocrx_word' id='word_1_310' title='bbox 1086 827 1188 862; x_wconf 89' lang='lat' dir='ltr'><strong>inquit,</strong></span> <span class='ocrx_word' id='word_1_311' title='bbox 1203 827 1389 862; x_wconf 85' lang='lat' dir='ltr'><strong>gratissimum</strong></span> <span class='ocrx_word' id='word_1_312' title='bbox 1405 827 1525 854; x_wconf 82' lang='lat' dir='ltr'><strong>oﬁicium</strong></span> <span class='ocrx_word' id='word_1_313' title='bbox 1537 835 1552 854; x_wconf 90' lang='lat' dir='ltr'><strong>a</strong></span> <span class='ocrx_word' id='word_1_314' title='bbox 1566 827 1685 854; x_wconf 79' lang='lat' dir='ltr'><strong>vinculis</strong></span> <span class='ocrx_word' id='word_1_315' title='bbox 1699 835 1764 861; x_wconf 71' lang='lat' dir='ltr'><strong>qua:</strong></span> 
     </span>
    </p>
   </div>
   <div class='ocr_carea' id='block_1_47' title="bbox 966 873 1761 908">
    <p class='ocr_par' dir='ltr' id='par_1_47' title="bbox 966 873 1761 908">
     <span class='ocr_line' id='line_1_47' title="bbox 966 873 1761 908; baseline -0.001 -7"><span class='ocrx_word' id='word_1_316' title='bbox 966 874 1074 901; x_wconf 84' lang='lat' dir='ltr'><strong>sodales</strong></span> <span class='ocrx_word' id='word_1_317' title='bbox 1089 874 1286 908; x_wconf 79' lang='lat' dir='ltr'><strong>constringunt</strong></span> <span class='ocrx_word' id='word_1_318' title='bbox 1302 880 1376 901; x_wconf 87' lang='lat' dir='ltr'><strong>meas</strong></span> <span class='ocrx_word' id='word_1_319' title='bbox 1392 873 1459 900; x_wconf 92' lang='lat' dir='ltr'><strong>mihi</strong></span> <span class='ocrx_word' id='word_1_320' title='bbox 1474 881 1517 900; x_wconf 92' lang='lat' dir='ltr'><strong>me</strong></span> <span class='ocrx_word' id='word_1_321' title='bbox 1529 873 1588 908; x_wconf 91' lang='lat' dir='ltr'><strong>ipsa</strong></span> <span class='ocrx_word' id='word_1_322' title='bbox 1605 873 1761 901; x_wconf 86' lang='lat' dir='ltr'><strong>cbariores.</strong></span> 
     </span>
    </p>
   </div>
   <div class='ocr_carea' id='block_1_48' title="bbox 965 919 1761 954">
    <p class='ocr_par' dir='ltr' id='par_1_48' title="bbox 965 919 1761 954">
     <span class='ocr_line' id='line_1_48' title="bbox 965 919 1761 954; baseline 0 -8"><span class='ocrx_word' id='word_1_323' title='bbox 965 919 1080 946; x_wconf 78' lang='lat' dir='ltr'><strong>Audivit</strong></span> <span class='ocrx_word' id='word_1_324' title='bbox 1100 927 1172 951; x_wconf 82' lang='lat' dir='ltr'><strong>mus,</strong></span> <span class='ocrx_word' id='word_1_325' title='bbox 1203 926 1256 946; x_wconf 88' lang='lat' dir='ltr'><strong>nec</strong></span> <span class='ocrx_word' id='word_1_326' title='bbox 1281 919 1389 946; x_wconf 86' lang='lat' dir='ltr'><strong>destitit</strong></span> <span class='ocrx_word' id='word_1_327' title='bbox 1411 926 1505 954; x_wconf 85' lang='lat' dir='ltr'><strong>agere,</strong></span> <span class='ocrx_word' id='word_1_328' title='bbox 1523 919 1598 954; x_wconf 91' lang='lat' dir='ltr'><strong>quod</strong></span> <span class='ocrx_word' id='word_1_329' title='bbox 1624 925 1761 954; x_wconf 72' lang='lat' dir='ltr'><strong>coeperat,</strong></span> 
     </span>
    </p>
   </div>
   <div class='ocr_carea' id='block_1_49' title="bbox 967 966 1761 1000">
    <p class='ocr_par' dir='ltr' id='par_1_49' title="bbox 967 966 1761 1000">
     <span class='ocr_line' id='line_1_49' title="bbox 967 966 1761 1000; baseline 0 -7"><span class='ocrx_word' id='word_1_330' title='bbox 967 966 1042 993; x_wconf 92' lang='lat' dir='ltr'><strong>omni</strong></span> <span class='ocrx_word' id='word_1_331' title='bbox 1056 967 1164 993; x_wconf 90' lang='lat' dir='ltr'><strong>ratione</strong></span> <span class='ocrx_word' id='word_1_332' title='bbox 1179 966 1295 1000; x_wconf 82' lang='lat' dir='ltr'><strong>cupiens</strong></span> <span class='ocrx_word' id='word_1_333' title='bbox 1307 969 1371 993; x_wconf 87' lang='lat' dir='ltr'><strong>ante</strong></span> <span class='ocrx_word' id='word_1_334' title='bbox 1385 973 1480 993; x_wconf 90' lang='lat' dir='ltr'><strong>omnes</strong></span> <span class='ocrx_word' id='word_1_335' title='bbox 1494 966 1611 993; x_wconf 89' lang='lat' dir='ltr'><strong>amicam</strong></span> <span class='ocrx_word' id='word_1_336' title='bbox 1628 966 1761 994; x_wconf 85' lang='lat' dir='ltr'><strong>liberare.</strong></span> 
     </span>
    </p>
   </div>
   <div class='ocr_carea' id='block_1_50' title="bbox 967 1011 1760 1047">
    <p class='ocr_par' dir='ltr' id='par_1_50' title="bbox 967 1011 1760 1047">
     <span class='ocr_line' id='line_1_50' title="bbox 967 1011 1760 1047; baseline 0 -8"><span class='ocrx_word' id='word_1_337' title='bbox 967 1013 1069 1047; x_wconf 84' lang='lat' dir='ltr'><strong>Sicque</strong></span> <span class='ocrx_word' id='word_1_338' title='bbox 1101 1012 1205 1039; x_wconf 89' lang='lat' dir='ltr'><strong>surdus</strong></span> <span class='ocrx_word' id='word_1_339' title='bbox 1232 1011 1265 1039; x_wconf 88' lang='lat' dir='ltr'><strong>ad</strong></span> <span class='ocrx_word' id='word_1_340' title='bbox 1294 1011 1430 1038; x_wconf 89' lang='lat' dir='ltr'><strong>monitum</strong></span> <span class='ocrx_word' id='word_1_341' title='bbox 1463 1012 1643 1039; x_wconf 88' lang='lat' dir='ltr'><strong>incumbebat</strong></span> <span class='ocrx_word' id='word_1_342' title='bbox 1667 1012 1760 1046; x_wconf 73' lang='lat' dir='ltr'><strong>operi,</strong></span> 
     </span>
    </p>
   </div>
   <div class='ocr_carea' id='block_1_51' title="bbox 966 1057 1760 1093">
    <p class='ocr_par' dir='ltr' id='par_1_51' title="bbox 966 1057 1760 1093">
     <span class='ocr_line' id='line_1_51' title="bbox 966 1057 1760 1093; baseline 0.001 -9"><span class='ocrx_word' id='word_1_343' title='bbox 966 1058 1056 1093; x_wconf 85' lang='lat' dir='ltr'><strong>quoad</strong></span> <span class='ocrx_word' id='word_1_344' title='bbox 1069 1057 1197 1085; x_wconf 85' lang='lat' dir='ltr'><strong>columba</strong></span> <span class='ocrx_word' id='word_1_345' title='bbox 1214 1057 1303 1092; x_wconf 83' lang='lat' dir='ltr'><strong>major</strong></span> <span class='ocrx_word' id='word_1_346' title='bbox 1317 1057 1455 1084; x_wconf 89' lang='lat' dir='ltr'><strong>intentius</strong></span> <span class='ocrx_word' id='word_1_347' title='bbox 1483 1057 1651 1090; x_wconf 76' lang='lat' dir='ltr'><strong>vociferans,</strong></span> <span class='ocrx_word' id='word_1_348' title='bbox 1674 1057 1760 1092; x_wconf 82' lang='lat' dir='ltr'><strong>Atqui</strong></span> 
     </span>
    </p>
   </div>
   <div class='ocr_carea' id='block_1_52' title="bbox 967 1103 1759 1138">
    <p class='ocr_par' dir='ltr' id='par_1_52' title="bbox 967 1103 1759 1138">
     <span class='ocr_line' id='line_1_52' title="bbox 967 1103 1759 1138; baseline -0.001 -7"><span class='ocrx_word' id='word_1_349' title='bbox 967 1104 991 1131; x_wconf 90' lang='lat' dir='ltr'><strong>si</strong></span> <span class='ocrx_word' id='word_1_350' title='bbox 1004 1103 1071 1131; x_wconf 92' lang='lat' dir='ltr'><strong>mihi</strong></span> <span class='ocrx_word' id='word_1_351' title='bbox 1086 1104 1194 1138; x_wconf 83' lang='lat' dir='ltr'><strong>placere</strong></span> <span class='ocrx_word' id='word_1_352' title='bbox 1215 1103 1322 1135; x_wconf 88' lang='lat' dir='ltr'><strong>studes,</strong></span> <span class='ocrx_word' id='word_1_353' title='bbox 1352 1103 1454 1137; x_wconf 84' lang='lat' dir='ltr'><strong>inquit,</strong></span> <span class='ocrx_word' id='word_1_354' title='bbox 1479 1103 1545 1131; x_wconf 89' lang='lat' dir='ltr'><strong>audi</strong></span> <span class='ocrx_word' id='word_1_355' title='bbox 1566 1109 1594 1131; x_wconf 87' lang='lat' dir='ltr'><strong>et</strong></span> <span class='ocrx_word' id='word_1_356' title='bbox 1621 1103 1664 1131; x_wconf 88' lang='lat' dir='ltr'><strong>fac</strong></span> <span class='ocrx_word' id='word_1_357' title='bbox 1684 1104 1759 1138; x_wconf 88' lang='lat' dir='ltr'><strong>quod</strong></span> 
     </span>
    </p>
   </div>
   <div class='ocr_carea' id='block_1_53' title="bbox 967 1149 1760 1185">
    <p class='ocr_par' dir='ltr' id='par_1_53' title="bbox 967 1149 1760 1185">
     <span class='ocr_line' id='line_1_53' title="bbox 967 1149 1760 1185; baseline 0 -8"><span class='ocrx_word' id='word_1_358' title='bbox 967 1157 1075 1185; x_wconf 87' lang='lat' dir='ltr'><strong>precor.</strong></span> <span class='ocrx_word' id='word_1_359' title='bbox 1090 1149 1158 1177; x_wconf 82' lang='lat' dir='ltr'><strong>Vilis</strong></span> <span class='ocrx_word' id='word_1_360' title='bbox 1174 1149 1241 1176; x_wconf 89' lang='lat' dir='ltr'><strong>mihi</strong></span> <span class='ocrx_word' id='word_1_361' title='bbox 1258 1157 1318 1176; x_wconf 88' lang='lat' dir='ltr'><strong>mea</strong></span> <span class='ocrx_word' id='word_1_362' title='bbox 1330 1154 1372 1176; x_wconf 88' lang='lat' dir='ltr'><strong>est</strong></span> <span class='ocrx_word' id='word_1_363' title='bbox 1387 1150 1471 1181; x_wconf 82' lang='lat' dir='ltr'><strong>salus,</strong></span> <span class='ocrx_word' id='word_1_364' title='bbox 1500 1155 1581 1184; x_wconf 89' lang='lat' dir='ltr'><strong>prout</strong></span> <span class='ocrx_word' id='word_1_365' title='bbox 1612 1150 1688 1177; x_wconf 88' lang='lat' dir='ltr'><strong>hisce</strong></span> <span class='ocrx_word' id='word_1_366' title='bbox 1712 1157 1760 1177; x_wconf 89' lang='lat' dir='ltr'><strong>co-</strong></span> 
     </span>
    </p>
   </div>
   <div class='ocr_carea' id='block_1_54' title="bbox 967 1194 1762 1230">
    <p class='ocr_par' dir='ltr' id='par_1_54' title="bbox 967 1194 1762 1230">
     <span class='ocr_line' id='line_1_54' title="bbox 967 1194 1762 1230; baseline 0 -8"><span class='ocrx_word' id='word_1_367' title='bbox 967 1195 1058 1230; x_wconf 78' lang='lat' dir='ltr'><strong>gnatis</strong></span> <span class='ocrx_word' id='word_1_368' title='bbox 1081 1194 1242 1230; x_wconf 88' lang='lat' dir='ltr'><strong>junioribus</strong></span> <span class='ocrx_word' id='word_1_369' title='bbox 1261 1194 1419 1222; x_wconf 90' lang='lat' dir='ltr'><strong>consultum</strong></span> <span class='ocrx_word' id='word_1_370' title='bbox 1451 1200 1557 1222; x_wconf 89' lang='lat' dir='ltr'><strong>mature</strong></span> <span class='ocrx_word' id='word_1_371' title='bbox 1572 1195 1664 1226; x_wconf 88' lang='lat' dir='ltr'><strong>velim,</strong></span> <span class='ocrx_word' id='word_1_372' title='bbox 1692 1203 1762 1222; x_wconf 87' lang='lat' dir='ltr'><strong>cou-</strong></span> 
     </span>
    </p>
   </div>
   <div class='ocr_carea' id='block_1_55' title="bbox 969 1239 1761 1275">
    <p class='ocr_par' dir='ltr' id='par_1_55' title="bbox 969 1239 1761 1275">
     <span class='ocr_line' id='line_1_55' title="bbox 969 1239 1761 1275; baseline 0.001 -8"><span class='ocrx_word' id='word_1_373' title='bbox 969 1244 1052 1268; x_wconf 84' lang='lat' dir='ltr'><strong>testor</strong></span> <span class='ocrx_word' id='word_1_374' title='bbox 1067 1245 1094 1267; x_wconf 88' lang='lat' dir='ltr'><strong>et</strong></span> <span class='ocrx_word' id='word_1_375' title='bbox 1113 1239 1246 1266; x_wconf 88' lang='lat' dir='ltr'><strong>denuntio</strong></span> <span class='ocrx_word' id='word_1_376' title='bbox 1266 1239 1336 1266; x_wconf 89' lang='lat' dir='ltr'><strong>nihil</strong></span> <span class='ocrx_word' id='word_1_377' title='bbox 1354 1247 1434 1275; x_wconf 87' lang='lat' dir='ltr'><strong>agere</strong></span> <span class='ocrx_word' id='word_1_378' title='bbox 1450 1245 1476 1267; x_wconf 88' lang='lat' dir='ltr'><strong>te</strong></span> <span class='ocrx_word' id='word_1_379' title='bbox 1505 1242 1579 1275; x_wconf 80' lang='lat' dir='ltr'><strong>quod</strong></span> <span class='ocrx_word' id='word_1_380' title='bbox 1594 1241 1689 1275; x_wconf 53' lang='lat' dir='ltr'><strong>gratiae.</strong></span> <span class='ocrx_word' id='word_1_381' title='bbox 1705 1241 1761 1268; x_wconf 94' lang='lat' dir='ltr'><strong>im-</strong></span> 
     </span>
    </p>
   </div>
   <div class='ocr_carea' id='block_1_56' title="bbox 969 1285 1760 1321">
    <p class='ocr_par' dir='ltr' id='par_1_56' title="bbox 969 1285 1760 1321">
     <span class='ocr_line' id='line_1_56' title="bbox 969 1285 1760 1321; baseline 0.001 -9"><span class='ocrx_word' id='word_1_382' title='bbox 969 1291 1074 1321; x_wconf 88' lang='lat' dir='ltr'><strong>putem,</strong></span> <span class='ocrx_word' id='word_1_383' title='bbox 1096 1286 1177 1312; x_wconf 87' lang='lat' dir='ltr'><strong>sime</strong></span> <span class='ocrx_word' id='word_1_384' title='bbox 1198 1285 1312 1320; x_wconf 86' lang='lat' dir='ltr'><strong>primam</strong></span> <span class='ocrx_word' id='word_1_385' title='bbox 1328 1285 1510 1319; x_wconf 86' lang='lat' dir='ltr'><strong>liberaveris;</strong></span> <span class='ocrx_word' id='word_1_386' title='bbox 1537 1286 1677 1320; x_wconf 88' lang='lat' dir='ltr'><strong>antiquior</strong></span> <span class='ocrx_word' id='word_1_387' title='bbox 1690 1286 1760 1313; x_wconf 91' lang='lat' dir='ltr'><strong>mihi</strong></span> 
     </span>
    </p>
   </div>
   <div class='ocr_carea' id='block_1_57' title="bbox 969 1331 1758 1366">
    <p class='ocr_par' dir='ltr' id='par_1_57' title="bbox 969 1331 1758 1366">
     <span class='ocr_line' id='line_1_57' title="bbox 969 1331 1758 1366; baseline 0 -7"><span class='ocrx_word' id='word_1_388' title='bbox 969 1332 1050 1366; x_wconf 75' lang='lat' dir='ltr'><strong>longe</strong></span> <span class='ocrx_word' id='word_1_389' title='bbox 1067 1339 1133 1359; x_wconf 91' lang='lat' dir='ltr'><strong>cura</strong></span> <span class='ocrx_word' id='word_1_390' title='bbox 1148 1331 1263 1358; x_wconf 90' lang='lat' dir='ltr'><strong>istarum</strong></span> <span class='ocrx_word' id='word_1_391' title='bbox 1289 1336 1332 1358; x_wconf 87' lang='lat' dir='ltr'><strong>est</strong></span> <span class='ocrx_word' id='word_1_392' title='bbox 1352 1338 1420 1357; x_wconf 62' lang='lat' dir='ltr'><strong>mea;</strong></span> <span class='ocrx_word' id='word_1_393' title='bbox 1441 1331 1503 1359; x_wconf 89' lang='lat' dir='ltr'><strong>ﬁdei</strong></span> <span class='ocrx_word' id='word_1_394' title='bbox 1536 1332 1758 1360; x_wconf 77' lang='lat' dir='ltr'><strong>commissarum.</strong></span> 
     </span>
    </p>
   </div>
   <div class='ocr_carea' id='block_1_58' title="bbox 970 1375 1760 1411">
    <p class='ocr_par' dir='ltr' id='par_1_58' title="bbox 970 1375 1760 1411">
     <span class='ocr_line' id='line_1_58' title="bbox 970 1375 1760 1411; baseline 0 -7"><span class='ocrx_word' id='word_1_395' title='bbox 970 1377 999 1404; x_wconf 90' lang='lat' dir='ltr'><strong>Si</strong></span> <span class='ocrx_word' id='word_1_396' title='bbox 1017 1381 1131 1404; x_wconf 88' lang='lat' dir='ltr'><strong>venator</strong></span> <span class='ocrx_word' id='word_1_397' title='bbox 1146 1375 1335 1411; x_wconf 86' lang='lat' dir='ltr'><strong>superveniat,</strong></span> <span class='ocrx_word' id='word_1_398' title='bbox 1349 1376 1443 1402; x_wconf 81' lang='lat' dir='ltr'><strong>malim</strong></span> <span class='ocrx_word' id='word_1_399' title='bbox 1463 1384 1507 1404; x_wconf 87' lang='lat' dir='ltr'><strong>me</strong></span> <span class='ocrx_word' id='word_1_400' title='bbox 1521 1377 1611 1404; x_wconf 87' lang='lat' dir='ltr'><strong>adhuc</strong></span> <span class='ocrx_word' id='word_1_401' title='bbox 1623 1377 1760 1404; x_wconf 78' lang='lat' dir='ltr'><strong>irretitan</strong></span> 
     </span>
    </p>
   </div>
   <div class='ocr_carea' id='block_1_59' title="bbox 970 1422 1761 1459">
    <p class='ocr_par' dir='ltr' id='par_1_59' title="bbox 970 1422 1761 1459">
     <span class='ocr_line' id='line_1_59' title="bbox 970 1422 1761 1459; baseline 0.001 -9"><span class='ocrx_word' id='word_1_402' title='bbox 970 1430 1052 1459; x_wconf 86' lang='lat' dir='ltr'><strong>quam</strong></span> <span class='ocrx_word' id='word_1_403' title='bbox 1072 1423 1132 1450; x_wconf 83' lang='lat' dir='ltr'><strong>illas</strong></span> <span class='ocrx_word' id='word_1_404' title='bbox 1144 1422 1272 1456; x_wconf 87' lang='lat' dir='ltr'><strong>opprimi.</strong></span> <span class='ocrx_word' id='word_1_405' title='bbox 1285 1423 1353 1450; x_wconf 89' lang='lat' dir='ltr'><strong>Dum</strong></span> <span class='ocrx_word' id='word_1_406' title='bbox 1369 1423 1458 1450; x_wconf 90' lang='lat' dir='ltr'><strong>salvas</strong></span> <span class='ocrx_word' id='word_1_407' title='bbox 1472 1430 1520 1450; x_wconf 87' lang='lat' dir='ltr'><strong>eas</strong></span> <span class='ocrx_word' id='word_1_408' title='bbox 1546 1423 1703 1458; x_wconf 73' lang='lat' dir='ltr'><strong>liberosque</strong></span> <span class='ocrx_word' id='word_1_409' title='bbox 1721 1424 1761 1451; x_wconf 80' lang='lat' dir='ltr'><strong>vi-</strong></span> 
     </span>
    </p>
   </div>
   <div class='ocr_carea' id='block_1_60' title="bbox 970 1466 1759 1503">
    <p class='ocr_par' dir='ltr' id='par_1_60' title="bbox 970 1466 1759 1503">
     <span class='ocr_line' id='line_1_60' title="bbox 970 1466 1759 1503; baseline 0 -8"><span class='ocrx_word' id='word_1_410' title='bbox 970 1467 1061 1500; x_wconf 86' lang='lat' dir='ltr'><strong>deam,</strong></span> <span class='ocrx_word' id='word_1_411' title='bbox 1078 1474 1172 1494; x_wconf 87' lang='lat' dir='ltr'><strong>casum</strong></span> <span class='ocrx_word' id='word_1_412' title='bbox 1192 1466 1319 1501; x_wconf 87' lang='lat' dir='ltr'><strong>quemvis</strong></span> <span class='ocrx_word' id='word_1_413' title='bbox 1332 1467 1406 1494; x_wconf 87' lang='lat' dir='ltr'><strong>ferre</strong></span> <span class='ocrx_word' id='word_1_414' title='bbox 1423 1474 1534 1502; x_wconf 92' lang='lat' dir='ltr'><strong>possum</strong></span> <span class='ocrx_word' id='word_1_415' title='bbox 1546 1476 1626 1503; x_wconf 81' lang='lat' dir='ltr'><strong>:equo</strong></span> <span class='ocrx_word' id='word_1_416' title='bbox 1652 1468 1759 1496; x_wconf 84' lang='lat' dir='ltr'><strong>animo.</strong></span> 
     </span>
    </p>
   </div>
   <div class='ocr_carea' id='block_1_61' title="bbox 123 1508 1760 1557">
    <p class='ocr_par' dir='ltr' id='par_1_61' title="bbox 123 1508 1760 1557">
     <span class='ocr_line' id='line_1_61' title="bbox 123 1508 1760 1557; baseline -0.007 -13"><span class='ocrx_word' id='word_1_417' title='bbox 123 1517 196 1545; x_wconf 85' lang='lat' dir='ltr'><strong>Vicit</strong></span> <span class='ocrx_word' id='word_1_418' title='bbox 213 1518 269 1543; x_wconf 82' lang='lat' dir='ltr'><strong>haec</strong></span> <span class='ocrx_word' id='word_1_419' title='bbox 279 1515 373 1542; x_wconf 91' lang='lat' dir='ltr'><strong>ultima</strong></span> <span class='ocrx_word' id='word_1_420' title='bbox 389 1518 419 1540; x_wconf 89' lang='lat' dir='ltr'><strong>ut</strong></span> <span class='ocrx_word' id='word_1_421' title='bbox 434 1511 600 1542; x_wconf 88' lang='lat' dir='ltr'><strong>attenderet,</strong></span> <span class='ocrx_word' id='word_1_422' title='bbox 611 1514 640 1537; x_wconf 89' lang='lat' dir='ltr'><strong>et</strong></span> <span class='ocrx_word' id='word_1_423' title='bbox 658 1518 714 1537; x_wconf 90' lang='lat' dir='ltr'><strong>non</strong></span> <span class='ocrx_word' id='word_1_424' title='bbox 727 1509 816 1537; x_wconf 89' lang='lat' dir='ltr'><strong>solum</strong></span> <span class='ocrx_word' id='word_1_425' title='bbox 826 1508 918 1541; x_wconf 83' lang='lat' dir='ltr'><strong>oculo,</strong></span> <span class='ocrx_word' id='word_1_426' title='bbox 931 1526 954 1557; x_wconf 64' lang='grc' dir='ltr'>Ο</span> <span class='ocrx_word' id='word_1_427' title='bbox 971 1514 1073 1548; x_wconf 67' lang='lat' dir='ltr'><strong>Quare,</strong></span> <span class='ocrx_word' id='word_1_428' title='bbox 1089 1513 1111 1541; x_wconf 71' lang='lat' dir='ltr'><strong>si</strong></span> <span class='ocrx_word' id='word_1_429' title='bbox 1127 1521 1171 1540; x_wconf 70' lang='lat' dir='ltr'><strong>me</strong></span> <span class='ocrx_word' id='word_1_430' title='bbox 1194 1520 1279 1545; x_wconf 56' lang='lat' dir='ltr'><strong>amas.</strong></span> <span class='ocrx_word' id='word_1_431' title='bbox 1314 1512 1460 1540; x_wconf 69' lang='lat' dir='ltr'><strong>sororibus</strong></span> <span class='ocrx_word' id='word_1_432' title='bbox 1481 1518 1545 1540; x_wconf 64' lang='lat' dir='ltr'><strong>an“,</strong></span> <span class='ocrx_word' id='word_1_433' title='bbox 1574 1513 1666 1540; x_wconf 63' lang='lat' dir='ltr'><strong>omnia</strong></span> <span class='ocrx_word' id='word_1_434' title='bbox 1689 1514 1760 1541; x_wconf 65' lang='lat' dir='ltr'><strong>meis</strong></span> 
     </span>
    </p>
   </div>
   <div class='ocr_carea' id='block_1_62' title="bbox 123 1554 912 1592">
    <p class='ocr_par' dir='ltr' id='par_1_62' title="bbox 123 1554 912 1592">
     <span class='ocr_line' id='line_1_62' title="bbox 123 1554 912 1592; baseline -0.013 -2"><span class='ocrx_word' id='word_1_435' title='bbox 123 1563 171 1590; x_wconf 83' lang='lat' dir='ltr'><strong>sed</strong></span> <span class='ocrx_word' id='word_1_436' title='bbox 188 1567 216 1590; x_wconf 86' lang='lat' dir='ltr'><strong>et</strong></span> <span class='ocrx_word' id='word_1_437' title='bbox 242 1565 323 1589; x_wconf 89' lang='lat' dir='ltr'><strong>cauto</strong></span> <span class='ocrx_word' id='word_1_438' title='bbox 334 1560 425 1586; x_wconf 84' lang='lat' dir='ltr'><strong>volatu</strong></span> <span class='ocrx_word' id='word_1_439' title='bbox 441 1561 602 1592; x_wconf 82' lang='lat' dir='ltr'><strong>sequeretur</strong></span> <span class='ocrx_word' id='word_1_440' title='bbox 611 1555 755 1584; x_wconf 84' lang='lat' dir='ltr'><strong>columbas</strong></span> <span class='ocrx_word' id='word_1_441' title='bbox 766 1554 912 1590; x_wconf 88' lang='lat' dir='ltr'><strong>fugientes,</strong></span> 
     </span>
    </p>
   </div>
   <div class='ocr_carea' id='block_1_63' title="bbox 124 1599 912 1636">
    <p class='ocr_par' dir='ltr' id='par_1_63' title="bbox 124 1599 912 1636">
     <span class='ocr_line' id='line_1_63' title="bbox 124 1599 912 1636; baseline -0.013 0"><span class='ocrx_word' id='word_1_442' title='bbox 124 1608 198 1636; x_wconf 85' lang='lat' dir='ltr'><strong>haud</strong></span> <span class='ocrx_word' id='word_1_443' title='bbox 215 1608 275 1635; x_wconf 71' lang='lat' dir='ltr'><strong>sine</strong></span> <span class='ocrx_word' id='word_1_444' title='bbox 306 1613 388 1633; x_wconf 87' lang='lat' dir='ltr'><strong>causa</strong></span> <span class='ocrx_word' id='word_1_445' title='bbox 416 1609 515 1631; x_wconf 73' lang='lat' dir='ltr'><strong>verens</strong></span> <span class='ocrx_word' id='word_1_446' title='bbox 540 1607 571 1630; x_wconf 90' lang='lat' dir='ltr'><strong>ut</strong></span> <span class='ocrx_word' id='word_1_447' title='bbox 587 1603 668 1636; x_wconf 83' lang='lat' dir='ltr'><strong>longa</strong></span> <span class='ocrx_word' id='word_1_448' title='bbox 684 1601 739 1628; x_wconf 92' lang='lat' dir='ltr'><strong>illis</strong></span> <span class='ocrx_word' id='word_1_449' title='bbox 755 1605 784 1628; x_wconf 90' lang='lat' dir='ltr'><strong>et</strong></span> <span class='ocrx_word' id='word_1_450' title='bbox 799 1600 863 1628; x_wconf 87' lang='lat' dir='ltr'><strong>felix</strong></span> <span class='ocrx_word' id='word_1_451' title='bbox 877 1599 912 1627; x_wconf 87' lang='lat' dir='ltr'><strong>ad</strong></span> 
     </span>
    </p>
   </div>
   <div class='ocr_carea' id='block_1_64' title="bbox 123 1646 915 1687">
    <p class='ocr_par' dir='ltr' id='par_1_64' title="bbox 123 1646 915 1687">
     <span class='ocr_line' id='line_1_64' title="bbox 123 1646 915 1687; baseline -0.014 -4"><span class='ocrx_word' id='word_1_452' title='bbox 123 1660 277 1682; x_wconf 84' lang='lat' dir='ltr'><strong>extremum</strong></span> <span class='ocrx_word' id='word_1_453' title='bbox 304 1651 367 1687; x_wconf 85' lang='lat' dir='ltr'><strong>fuga</strong></span> <span class='ocrx_word' id='word_1_454' title='bbox 395 1650 579 1684; x_wconf 87' lang='lat' dir='ltr'><strong>contingeret.</strong></span> <span class='ocrx_word' id='word_1_455' title='bbox 604 1647 718 1675; x_wconf 83' lang='lat' dir='ltr'><strong>Audivit</strong></span> <span class='ocrx_word' id='word_1_456' title='bbox 746 1651 838 1674; x_wconf 91' lang='lat' dir='ltr'><strong>autem</strong></span> <span class='ocrx_word' id='word_1_457' title='bbox 859 1646 915 1681; x_wconf 82' lang='lat' dir='ltr'><strong>pri-</strong></span> 
     </span>
    </p>
   </div>
   <div class='ocr_carea' id='block_1_65' title="bbox 124 1692 913 1728">
    <p class='ocr_par' dir='ltr' id='par_1_65' title="bbox 124 1692 913 1728">
     <span class='ocr_line' id='line_1_65' title="bbox 124 1692 913 1728; baseline -0.013 0"><span class='ocrx_word' id='word_1_458' title='bbox 124 1700 238 1728; x_wconf 80' lang='lat' dir='ltr'><strong>mariam</strong></span> <span class='ocrx_word' id='word_1_459' title='bbox 254 1697 447 1725; x_wconf 87' lang='lat' dir='ltr'><strong>columbarum</strong></span> <span class='ocrx_word' id='word_1_460' title='bbox 462 1695 502 1723; x_wconf 91' lang='lat' dir='ltr'><strong>sic</strong></span> <span class='ocrx_word' id='word_1_461' title='bbox 515 1695 711 1722; x_wconf 87' lang='lat' dir='ltr'><strong>admonentem</strong></span> <span class='ocrx_word' id='word_1_462' title='bbox 734 1693 840 1720; x_wconf 83' lang='lat' dir='ltr'><strong>socias:</strong></span> <span class='ocrx_word' id='word_1_463' title='bbox 866 1692 913 1720; x_wconf 77' lang='lat' dir='ltr'><strong>Vi-</strong></span> 
     </span>
    </p>
   </div>
   <div class='ocr_carea' id='block_1_66' title="bbox 124 1739 912 1778">
    <p class='ocr_par' dir='ltr' id='par_1_66' title="bbox 124 1739 912 1778">
     <span class='ocr_line' id='line_1_66' title="bbox 124 1739 912 1778; baseline -0.011 -4"><span class='ocrx_word' id='word_1_464' title='bbox 124 1747 196 1774; x_wconf 87' lang='lat' dir='ltr'><strong>detis</strong></span> <span class='ocrx_word' id='word_1_465' title='bbox 210 1745 286 1772; x_wconf 87' lang='lat' dir='ltr'><strong>hunc</strong></span> <span class='ocrx_word' id='word_1_466' title='bbox 309 1750 445 1778; x_wconf 85' lang='lat' dir='ltr'><strong>aucupem</strong></span> <span class='ocrx_word' id='word_1_467' title='bbox 472 1748 556 1769; x_wconf 90' lang='lat' dir='ltr'><strong>cursu</strong></span> <span class='ocrx_word' id='word_1_468' title='bbox 575 1745 761 1768; x_wconf 85' lang='lat' dir='ltr'><strong>assectantem</strong></span> <span class='ocrx_word' id='word_1_469' title='bbox 790 1739 912 1766; x_wconf 91' lang='lat' dir='ltr'><strong>volatum</strong></span> 
     </span>
    </p>
   </div>
   <div class='ocr_carea' id='block_1_67' title="bbox 124 1784 914 1822">
    <p class='ocr_par' dir='ltr' id='par_1_67' title="bbox 124 1784 914 1822">
     <span class='ocr_line' id='line_1_67' title="bbox 124 1784 914 1822; baseline -0.014 -2"><span class='ocrx_word' id='word_1_470' title='bbox 124 1797 270 1822; x_wconf 88' lang='lat' dir='ltr'><strong>nostrum;</strong></span> <span class='ocrx_word' id='word_1_471' title='bbox 288 1789 316 1817; x_wconf 87' lang='lat' dir='ltr'><strong>id</strong></span> <span class='ocrx_word' id='word_1_472' title='bbox 331 1789 377 1816; x_wconf 87' lang='lat' dir='ltr'><strong>ille</strong></span> <span class='ocrx_word' id='word_1_473' title='bbox 389 1788 472 1815; x_wconf 82' lang='lat' dir='ltr'><strong>faciet</strong></span> <span class='ocrx_word' id='word_1_474' title='bbox 497 1786 620 1822; x_wconf 88' lang='lat' dir='ltr'><strong>quandiu</strong></span> <span class='ocrx_word' id='word_1_475' title='bbox 638 1793 720 1820; x_wconf 89' lang='lat' dir='ltr'><strong>supra</strong></span> <span class='ocrx_word' id='word_1_476' title='bbox 748 1784 914 1819; x_wconf 89' lang='lat' dir='ltr'><strong>campestria</strong></span> 
     </span>
    </p>
   </div>
   <div class='ocr_carea' id='block_1_68' title="bbox 123 1829 913 1872">
    <p class='ocr_par' dir='ltr' id='par_1_68' title="bbox 123 1829 913 1872">
     <span class='ocr_line' id='line_1_68' title="bbox 123 1829 913 1872; baseline -0.014 -7"><span class='ocrx_word' id='word_1_477' title='bbox 123 1837 242 1872; x_wconf 84' lang='lat' dir='ltr'><strong>etplana</strong></span> <span class='ocrx_word' id='word_1_478' title='bbox 257 1835 318 1862; x_wconf 82' lang='lat' dir='ltr'><strong>loca</strong></span> <span class='ocrx_word' id='word_1_479' title='bbox 341 1832 499 1861; x_wconf 88' lang='lat' dir='ltr'><strong>volabimus</strong></span> <span class='ocrx_word' id='word_1_480' title='bbox 529 1830 686 1858; x_wconf 84' lang='lat' dir='ltr'><strong>Flectamus</strong></span> <span class='ocrx_word' id='word_1_481' title='bbox 702 1829 786 1864; x_wconf 88' lang='lat' dir='ltr'><strong>igitur</strong></span> <span class='ocrx_word' id='word_1_482' title='bbox 813 1835 913 1855; x_wconf 86' lang='lat' dir='ltr'><strong>censeo</strong></span> 
     </span>
    </p>
   </div>
   <div class='ocr_carea' id='block_1_69' title="bbox 123 1874 912 1911">
    <p class='ocr_par' dir='ltr' id='par_1_69' title="bbox 123 1874 912 1911">
     <span class='ocr_line' id='line_1_69' title="bbox 123 1874 912 1911; baseline -0.015 0"><span class='ocrx_word' id='word_1_483' title='bbox 123 1889 221 1911; x_wconf 86' lang='lat' dir='ltr'><strong>versus</strong></span> <span class='ocrx_word' id='word_1_484' title='bbox 237 1883 358 1908; x_wconf 89' lang='lat' dir='ltr'><strong>montem</strong></span> <span class='ocrx_word' id='word_1_485' title='bbox 374 1879 458 1906; x_wconf 90' lang='lat' dir='ltr'><strong>istum</strong></span> <span class='ocrx_word' id='word_1_486' title='bbox 474 1876 597 1911; x_wconf 88' lang='lat' dir='ltr'><strong>scopulis</strong></span> <span class='ocrx_word' id='word_1_487' title='bbox 614 1875 761 1910; x_wconf 80' lang='lat' dir='ltr'><strong>praeruptis</strong></span> <span class='ocrx_word' id='word_1_488' title='bbox 787 1874 891 1901; x_wconf 87' lang='lat' dir='ltr'><strong>invium</strong></span> <span class='ocrx_word' id='word_1_489' title='bbox 905 1881 912 1899; x_wconf 87' lang='lat'>:</span> 
     </span>
    </p>
   </div>
   <div class='ocr_carea' id='block_1_70' title="bbox 125 1920 912 1956">
    <p class='ocr_par' dir='ltr' id='par_1_70' title="bbox 125 1920 912 1956">
     <span class='ocr_line' id='line_1_70' title="bbox 125 1920 912 1956; baseline -0.011 -1"><span class='ocrx_word' id='word_1_490' title='bbox 125 1927 208 1955; x_wconf 83' lang='lat' dir='ltr'><strong>simul</strong></span> <span class='ocrx_word' id='word_1_491' title='bbox 234 1933 269 1953; x_wconf 90' lang='lat' dir='ltr'><strong>eo</strong></span> <span class='ocrx_word' id='word_1_492' title='bbox 297 1932 349 1952; x_wconf 90' lang='lat' dir='ltr'><strong>nos</strong></span> <span class='ocrx_word' id='word_1_493' title='bbox 373 1922 488 1950; x_wconf 87' lang='lat' dir='ltr'><strong>tendere</strong></span> <span class='ocrx_word' id='word_1_494' title='bbox 518 1922 630 1954; x_wconf 87' lang='lat' dir='ltr'><strong>viderit,</strong></span> <span class='ocrx_word' id='word_1_495' title='bbox 653 1920 812 1956; x_wconf 87' lang='lat' dir='ltr'><strong>desperabit</strong></span> <span class='ocrx_word' id='word_1_496' title='bbox 836 1920 912 1954; x_wconf 89' lang='lat' dir='ltr'><strong>sequi</strong></span> 
     </span>
    </p>
   </div>
   <div class='ocr_carea' id='block_1_71' title="bbox 124 1967 914 2008">
    <p class='ocr_par' dir='ltr' id='par_1_71' title="bbox 124 1967 914 2008">
     <span class='ocr_line' id='line_1_71' title="bbox 124 1967 914 2008; baseline -0.011 -7"><span class='ocrx_word' id='word_1_497' title='bbox 124 1981 205 2008; x_wconf 82' lang='lat' dir='ltr'><strong>pesse</strong></span> <span class='ocrx_word' id='word_1_498' title='bbox 221 1979 253 1999; x_wconf 92' lang='lat' dir='ltr'><strong>ac</strong></span> <span class='ocrx_word' id='word_1_499' title='bbox 266 1977 380 1998; x_wconf 87' lang='lat' dir='ltr'><strong>securas</strong></span> <span class='ocrx_word' id='word_1_500' title='bbox 393 1969 544 2003; x_wconf 87' lang='lat' dir='ltr'><strong>relinquet.</strong></span> <span class='ocrx_word' id='word_1_501' title='bbox 556 1968 605 1995; x_wconf 89' lang='lat' dir='ltr'><strong>Est</strong></span> <span class='ocrx_word' id='word_1_502' title='bbox 620 1967 694 1994; x_wconf 87' lang='lat' dir='ltr'><strong>aliud</strong></span> <span class='ocrx_word' id='word_1_503' title='bbox 711 1971 841 2001; x_wconf 80' lang='lat' dir='ltr'><strong>praeterea</strong></span> <span class='ocrx_word' id='word_1_504' title='bbox 859 1974 914 2001; x_wconf 92' lang='lat' dir='ltr'><strong>quo</strong></span> 
     </span>
    </p>
   </div>
   <div class='ocr_carea' id='block_1_72' title="bbox 124 2011 913 2050">
    <p class='ocr_par' dir='ltr' id='par_1_72' title="bbox 124 2011 913 2050">
     <span class='ocr_line' id='line_1_72' title="bbox 124 2011 913 2050; baseline -0.014 -2"><span class='ocrx_word' id='word_1_505' title='bbox 124 2021 193 2048; x_wconf 91' lang='lat' dir='ltr'><strong>illuc</strong></span> <span class='ocrx_word' id='word_1_506' title='bbox 214 2018 327 2046; x_wconf 87' lang='lat' dir='ltr'><strong>trahor:</strong></span> <span class='ocrx_word' id='word_1_507' title='bbox 345 2016 452 2044; x_wconf 86' lang='lat' dir='ltr'><strong>habitat</strong></span> <span class='ocrx_word' id='word_1_508' title='bbox 466 2014 504 2042; x_wconf 86' lang='lat' dir='ltr'><strong>ibi</strong></span> <span class='ocrx_word' id='word_1_509' title='bbox 521 2015 632 2050; x_wconf 91' lang='lat' dir='ltr'><strong>quidam</strong></span> <span class='ocrx_word' id='word_1_510' title='bbox 655 2014 760 2040; x_wconf 89' lang='lat' dir='ltr'><strong>amicus</strong></span> <span class='ocrx_word' id='word_1_511' title='bbox 776 2019 853 2039; x_wconf 88' lang='lat' dir='ltr'><strong>meus</strong></span> <span class='ocrx_word' id='word_1_512' title='bbox 866 2011 913 2046; x_wconf 90' lang='lat' dir='ltr'><strong>qui</strong></span> 
     </span>
    </p>
   </div>
   <div class='ocr_carea' id='block_1_73' title="bbox 123 2058 912 2100">
    <p class='ocr_par' dir='ltr' id='par_1_73' title="bbox 123 2058 912 2100">
     <span class='ocr_line' id='line_1_73' title="bbox 123 2058 912 2100; baseline -0.015 -5"><span class='ocrx_word' id='word_1_513' title='bbox 123 2075 174 2095; x_wconf 88' lang='lat' dir='ltr'><strong>nos</strong></span> <span class='ocrx_word' id='word_1_514' title='bbox 185 2065 315 2100; x_wconf 84' lang='lat' dir='ltr'><strong>expediet</strong></span> <span class='ocrx_word' id='word_1_515' title='bbox 347 2063 390 2090; x_wconf 89' lang='lat' dir='ltr'><strong>his</strong></span> <span class='ocrx_word' id='word_1_516' title='bbox 410 2061 527 2096; x_wconf 82' lang='lat' dir='ltr'><strong>laqueis.</strong></span> <span class='ocrx_word' id='word_1_517' title='bbox 554 2062 740 2088; x_wconf 83' lang='lat' dir='ltr'><strong>Assenserunt</strong></span> <span class='ocrx_word' id='word_1_518' title='bbox 768 2058 912 2085; x_wconf 84' lang='lat' dir='ltr'><strong>columbae.</strong></span> 
     </span>
    </p>
   </div>
   <div class='ocr_carea' id='block_1_74' title="bbox 123 2104 915 2141">
    <p class='ocr_par' dir='ltr' id='par_1_74' title="bbox 123 2104 915 2141">
     <span class='ocr_line' id='line_1_74' title="bbox 123 2104 915 2141; baseline -0.014 0"><span class='ocrx_word' id='word_1_519' title='bbox 123 2114 237 2141; x_wconf 84' lang='lat' dir='ltr'><strong>Volatus</strong></span> <span class='ocrx_word' id='word_1_520' title='bbox 252 2110 437 2138; x_wconf 89' lang='lat' dir='ltr'><strong>communiter</strong></span> <span class='ocrx_word' id='word_1_521' title='bbox 451 2108 576 2136; x_wconf 92' lang='lat' dir='ltr'><strong>omnium</strong></span> <span class='ocrx_word' id='word_1_522' title='bbox 604 2114 688 2141; x_wconf 86' lang='lat' dir='ltr'><strong>super</strong></span> <span class='ocrx_word' id='word_1_523' title='bbox 706 2105 807 2132; x_wconf 89' lang='lat' dir='ltr'><strong>montis</strong></span> <span class='ocrx_word' id='word_1_524' title='bbox 837 2104 915 2131; x_wconf 89' lang='lat' dir='ltr'><strong>fasti-</strong></span> 
     </span>
    </p>
   </div>
   <div class='ocr_carea' id='block_1_75' title="bbox 123 2150 913 2194">
    <p class='ocr_par' dir='ltr' id='par_1_75' title="bbox 123 2150 913 2194">
     <span class='ocr_line' id='line_1_75' title="bbox 123 2150 913 2194; baseline -0.013 -7"><span class='ocrx_word' id='word_1_525' title='bbox 123 2159 197 2194; x_wconf 82' lang='lat' dir='ltr'><strong>gium</strong></span> <span class='ocrx_word' id='word_1_526' title='bbox 215 2156 386 2189; x_wconf 88' lang='lat' dir='ltr'><strong>intenditur;</strong></span> <span class='ocrx_word' id='word_1_527' title='bbox 401 2160 525 2187; x_wconf 86' lang='lat' dir='ltr'><strong>venator,</strong></span> <span class='ocrx_word' id='word_1_528' title='bbox 538 2161 586 2188; x_wconf 88' lang='lat' dir='ltr'><strong>spe</strong></span> <span class='ocrx_word' id='word_1_529' title='bbox 599 2160 689 2188; x_wconf 76' lang='lat' dir='ltr'><strong>opera:</strong></span> <span class='ocrx_word' id='word_1_530' title='bbox 704 2151 785 2186; x_wconf 88' lang='lat' dir='ltr'><strong>pretii</strong></span> <span class='ocrx_word' id='word_1_531' title='bbox 797 2150 913 2186; x_wconf 81' lang='lat' dir='ltr'><strong>perdita,</strong></span> 
     </span>
    </p>
   </div>
   <div class='ocr_carea' id='block_1_76' title="bbox 123 2196 908 2233">
    <p class='ocr_par' dir='ltr' id='par_1_76' title="bbox 123 2196 908 2233">
     <span class='ocr_line' id='line_1_76' title="bbox 123 2196 908 2233; baseline -0.011 -2"><span class='ocrx_word' id='word_1_532' title='bbox 123 2203 239 2231; x_wconf 86' lang='lat' dir='ltr'><strong>recedit.</strong></span> <span class='ocrx_word' id='word_1_533' title='bbox 267 2202 385 2233; x_wconf 84' lang='lat' dir='ltr'><strong>Corvus,</strong></span> <span class='ocrx_word' id='word_1_534' title='bbox 412 2207 483 2227; x_wconf 88' lang='lat' dir='ltr'><strong>nova</strong></span> <span class='ocrx_word' id='word_1_535' title='bbox 501 2198 662 2226; x_wconf 88' lang='lat' dir='ltr'><strong>curiositate</strong></span> <span class='ocrx_word' id='word_1_536' title='bbox 691 2197 840 2225; x_wconf 87' lang='lat' dir='ltr'><strong>instinctus</strong></span> <span class='ocrx_word' id='word_1_537' title='bbox 868 2196 908 2223; x_wconf 89' lang='lat' dir='ltr'><strong>vi-</strong></span> 
     </span>
    </p>
   </div>
   <div class='ocr_carea' id='block_1_77' title="bbox 124 2244 917 2281">
    <p class='ocr_par' dir='ltr' id='par_1_77' title="bbox 124 2244 917 2281">
     <span class='ocr_line' id='line_1_77' title="bbox 124 2244 917 2281; baseline -0.013 -4"><span class='ocrx_word' id='word_1_538' title='bbox 124 2249 208 2277; x_wconf 87' lang='lat' dir='ltr'><strong>dendi</strong></span> <span class='ocrx_word' id='word_1_539' title='bbox 224 2247 306 2275; x_wconf 89' lang='lat' dir='ltr'><strong>amici</strong></span> <span class='ocrx_word' id='word_1_540' title='bbox 335 2253 417 2281; x_wconf 90' lang='lat' dir='ltr'><strong>quem</strong></span> <span class='ocrx_word' id='word_1_541' title='bbox 442 2244 570 2272; x_wconf 89' lang='lat' dir='ltr'><strong>columba</strong></span> <span class='ocrx_word' id='word_1_542' title='bbox 590 2246 803 2274; x_wconf 87' lang='lat' dir='ltr'><strong>memoraverat,</strong></span> <span class='ocrx_word' id='word_1_543' title='bbox 820 2246 848 2268; x_wconf 92' lang='lat' dir='ltr'><strong>et</strong></span> <span class='ocrx_word' id='word_1_544' title='bbox 863 2248 917 2276; x_wconf 90' lang='lat' dir='ltr'><strong>quo</strong></span> 
     </span>
    </p>
   </div>
   <div class='ocr_carea' id='block_1_78' title="bbox 124 2288 918 2331">
    <p class='ocr_par' dir='ltr' id='par_1_78' title="bbox 124 2288 918 2331">
     <span class='ocr_line' id='line_1_78' title="bbox 124 2288 918 2331; baseline -0.013 -8"><span class='ocrx_word' id='word_1_545' title='bbox 124 2296 149 2324; x_wconf 92' lang='lat' dir='ltr'><strong>is</strong></span> <span class='ocrx_word' id='word_1_546' title='bbox 161 2300 241 2331; x_wconf 86' lang='lat' dir='ltr'><strong>pacto</strong></span> <span class='ocrx_word' id='word_1_547' title='bbox 256 2294 425 2321; x_wconf 89' lang='lat' dir='ltr'><strong>liberaturus</strong></span> <span class='ocrx_word' id='word_1_548' title='bbox 441 2299 502 2319; x_wconf 88' lang='lat' dir='ltr'><strong>eam</strong></span> <span class='ocrx_word' id='word_1_549' title='bbox 519 2295 604 2324; x_wconf 87' lang='lat' dir='ltr'><strong>esset,</strong></span> <span class='ocrx_word' id='word_1_550' title='bbox 620 2290 672 2317; x_wconf 90' lang='lat' dir='ltr'><strong>alis</strong></span> <span class='ocrx_word' id='word_1_551' title='bbox 697 2294 726 2316; x_wconf 90' lang='lat' dir='ltr'><strong>et</strong></span> <span class='ocrx_word' id='word_1_552' title='bbox 751 2288 810 2324; x_wconf 86' lang='lat' dir='ltr'><strong>ipse</strong></span> <span class='ocrx_word' id='word_1_553' title='bbox 835 2295 918 2322; x_wconf 83' lang='lat' dir='ltr'><strong>supra</strong></span> 
     </span>
    </p>
   </div>
   <div class='ocr_carea' id='block_1_79' title="bbox 125 2334 916 2370">
    <p class='ocr_par' dir='ltr' id='par_1_79' title="bbox 125 2334 916 2370">
     <span class='ocr_line' id='line_1_79' title="bbox 125 2334 916 2370; baseline -0.011 -1"><span class='ocrx_word' id='word_1_554' title='bbox 125 2346 246 2370; x_wconf 88' lang='lat' dir='ltr'><strong>montem</strong></span> <span class='ocrx_word' id='word_1_555' title='bbox 271 2339 381 2367; x_wconf 89' lang='lat' dir='ltr'><strong>nititur.</strong></span> <span class='ocrx_word' id='word_1_556' title='bbox 412 2338 516 2365; x_wconf 89' lang='lat' dir='ltr'><strong>Cavum</strong></span> <span class='ocrx_word' id='word_1_557' title='bbox 540 2337 577 2365; x_wconf 90' lang='lat' dir='ltr'><strong>ibi</strong></span> <span class='ocrx_word' id='word_1_558' title='bbox 609 2340 668 2364; x_wconf 89' lang='lat' dir='ltr'><strong>erat</strong></span> <span class='ocrx_word' id='word_1_559' title='bbox 696 2336 784 2362; x_wconf 90' lang='lat' dir='ltr'><strong>muris</strong></span> <span class='ocrx_word' id='word_1_560' title='bbox 809 2334 916 2361; x_wconf 85' lang='lat' dir='ltr'><strong>vetuli:</strong></span> 
     </span>
    </p>
   </div>
   <div class='ocr_carea' id='block_1_80' title="bbox 124 2380 915 2423">
    <p class='ocr_par' dir='ltr' id='par_1_80' title="bbox 124 2380 915 2423">
     <span class='ocr_line' id='line_1_80' title="bbox 124 2380 915 2423; baseline -0.011 -8"><span class='ocrx_word' id='word_1_561' title='bbox 124 2395 210 2423; x_wconf 87' lang='lat' dir='ltr'><strong>prope</strong></span> <span class='ocrx_word' id='word_1_562' title='bbox 225 2385 429 2414; x_wconf 86' lang='lat' dir='ltr'><strong>descendentes</strong></span> <span class='ocrx_word' id='word_1_563' title='bbox 449 2383 650 2418; x_wconf 88' lang='lat' dir='ltr'><strong>acquieverunt</strong></span> <span class='ocrx_word' id='word_1_564' title='bbox 679 2381 815 2408; x_wconf 67' lang='lat' dir='ltr'><strong>columba:</strong></span> <span class='ocrx_word' id='word_1_565' title='bbox 833 2380 915 2407; x_wconf 84' lang='lat' dir='ltr'><strong>simul</strong></span> 
     </span>
    </p>
   </div>
   <div class='ocr_carea' id='block_1_81' title="bbox 125 2426 915 2462">
    <p class='ocr_par' dir='ltr' id='par_1_81' title="bbox 125 2426 915 2462">
     <span class='ocr_line' id='line_1_81' title="bbox 125 2426 915 2462; baseline -0.011 -1"><span class='ocrx_word' id='word_1_566' title='bbox 125 2431 378 2462; x_wconf 87' lang='lat' dir='ltr'><strong>omnes.Prodiens</strong></span> <span class='ocrx_word' id='word_1_567' title='bbox 406 2437 473 2458; x_wconf 86' lang='lat' dir='ltr'><strong>cavo</strong></span> <span class='ocrx_word' id='word_1_568' title='bbox 498 2437 559 2457; x_wconf 92' lang='lat' dir='ltr'><strong>mus</strong></span> <span class='ocrx_word' id='word_1_569' title='bbox 583 2428 739 2456; x_wconf 87' lang='lat' dir='ltr'><strong>columbam</strong></span> <span class='ocrx_word' id='word_1_570' title='bbox 764 2426 915 2462; x_wconf 88' lang='lat' dir='ltr'><strong>principem</strong></span> 
     </span>
    </p>
   </div>
   <div class='ocr_carea' id='block_1_82' title="bbox 125 2472 916 2510">
    <p class='ocr_par' dir='ltr' id='par_1_82' title="bbox 125 2472 916 2510">
     <span class='ocr_line' id='line_1_82' title="bbox 125 2472 916 2510; baseline -0.01 -3"><span class='ocrx_word' id='word_1_571' title='bbox 125 2479 179 2507; x_wconf 90' lang='lat' dir='ltr'><strong>sibi</strong></span> <span class='ocrx_word' id='word_1_572' title='bbox 194 2478 260 2506; x_wconf 90' lang='lat' dir='ltr'><strong>olim</strong></span> <span class='ocrx_word' id='word_1_573' title='bbox 275 2476 439 2504; x_wconf 85' lang='lat' dir='ltr'><strong>familiarem</strong></span> <span class='ocrx_word' id='word_1_574' title='bbox 455 2482 554 2510; x_wconf 83' lang='lat' dir='ltr'><strong>magno</strong></span> <span class='ocrx_word' id='word_1_575' title='bbox 567 2475 710 2509; x_wconf 85' lang='lat' dir='ltr'><strong>excipiens</strong></span> <span class='ocrx_word' id='word_1_576' title='bbox 723 2473 835 2506; x_wconf 81' lang='lat' dir='ltr'><strong>allecto,</strong></span> <span class='ocrx_word' id='word_1_577' title='bbox 848 2472 916 2506; x_wconf 85' lang='lat' dir='ltr'><strong>Quis</strong></span> 
     </span>
    </p>
   </div>
   <div class='ocr_carea' id='block_1_83' title="bbox 125 2519 916 2559">
    <p class='ocr_par' dir='ltr' id='par_1_83' title="bbox 125 2519 916 2559">
     <span class='ocr_line' id='line_1_83' title="bbox 125 2519 916 2559; baseline -0.008 -7"><span class='ocrx_word' id='word_1_578' title='bbox 125 2530 164 2555; x_wconf 85' lang='lat' dir='ltr'><strong>te,</strong></span> <span class='ocrx_word' id='word_1_579' title='bbox 178 2524 278 2559; x_wconf 89' lang='lat' dir='ltr'><strong>inquit,</strong></span> <span class='ocrx_word' id='word_1_580' title='bbox 302 2522 475 2554; x_wconf 85' lang='lat' dir='ltr'><strong>charissima,</strong></span> <span class='ocrx_word' id='word_1_581' title='bbox 500 2521 544 2548; x_wconf 89' lang='lat' dir='ltr'><strong>his</strong></span> <span class='ocrx_word' id='word_1_582' title='bbox 571 2521 708 2556; x_wconf 89' lang='lat' dir='ltr'><strong>implicuit</strong></span> <span class='ocrx_word' id='word_1_583' title='bbox 726 2519 866 2548; x_wconf 82' lang='lat' dir='ltr'><strong>vinculis?</strong></span> <span class='ocrx_word' id='word_1_584' title='bbox 880 2519 916 2546; x_wconf 79' lang='lat' dir='ltr'><strong>At</strong></span> 
     </span>
    </p>
   </div>
   <div class='ocr_carea' id='block_1_84' title="bbox 126 2564 915 2603">
    <p class='ocr_par' dir='ltr' id='par_1_84' title="bbox 126 2564 915 2603">
     <span class='ocr_line' id='line_1_84' title="bbox 126 2564 915 2603; baseline -0.01 -5"><span class='ocrx_word' id='word_1_585' title='bbox 126 2571 183 2603; x_wconf 91' lang='lat' dir='ltr'><strong>illa,</strong></span> <span class='ocrx_word' id='word_1_586' title='bbox 203 2569 309 2600; x_wconf 83' lang='lat' dir='ltr'><strong>Nescis,</strong></span> <span class='ocrx_word' id='word_1_587' title='bbox 327 2569 375 2601; x_wconf 87' lang='lat' dir='ltr'><strong>ait,</strong></span> <span class='ocrx_word' id='word_1_588' title='bbox 402 2567 473 2595; x_wconf 91' lang='lat' dir='ltr'><strong>bona</strong></span> <span class='ocrx_word' id='word_1_589' title='bbox 497 2571 525 2593; x_wconf 90' lang='lat' dir='ltr'><strong>ct</strong></span> <span class='ocrx_word' id='word_1_590' title='bbox 549 2566 619 2593; x_wconf 75' lang='lat' dir='ltr'><strong>mala</strong></span> <span class='ocrx_word' id='word_1_591' title='bbox 649 2565 725 2592; x_wconf 85' lang='lat' dir='ltr'><strong>fatali</strong></span> <span class='ocrx_word' id='word_1_592' title='bbox 753 2564 915 2591; x_wconf 87' lang='lat' dir='ltr'><strong>mortalibus</strong></span> 
     </span>
    </p>
   </div>
   <div class='ocr_carea' id='block_1_85' title="bbox 125 2611 915 2650">
    <p class='ocr_par' dir='ltr' id='par_1_85' title="bbox 125 2611 915 2650">
     <span class='ocr_line' id='line_1_85' title="bbox 125 2611 915 2650; baseline -0.009 -6"><span class='ocrx_word' id='word_1_593' title='bbox 125 2616 290 2644; x_wconf 86' lang='lat' dir='ltr'><strong>necessitate</strong></span> <span class='ocrx_word' id='word_1_594' title='bbox 303 2613 471 2650; x_wconf 85' lang='lat' dir='ltr'><strong>provenire?</strong></span> <span class='ocrx_word' id='word_1_595' title='bbox 485 2613 582 2640; x_wconf 81' lang='lat' dir='ltr'><strong>Fatum</strong></span> <span class='ocrx_word' id='word_1_596' title='bbox 601 2620 645 2639; x_wconf 90' lang='lat' dir='ltr'><strong>me</strong></span> <span class='ocrx_word' id='word_1_597' title='bbox 657 2611 766 2646; x_wconf 90' lang='lat' dir='ltr'><strong>impulit</strong></span> <span class='ocrx_word' id='word_1_598' title='bbox 781 2611 814 2638; x_wconf 90' lang='lat' dir='ltr'><strong>ad</strong></span> <span class='ocrx_word' id='word_1_599' title='bbox 831 2618 915 2646; x_wconf 85' lang='lat' dir='ltr'><strong>grana</strong></span> 
     </span>
    </p>
   </div>
   <div class='ocr_carea' id='block_1_86' title="bbox 126 2657 914 2696">
    <p class='ocr_par' dir='ltr' id='par_1_86' title="bbox 126 2657 914 2696">
     <span class='ocr_line' id='line_1_86' title="bbox 126 2657 914 2696; baseline -0.009 -7"><span class='ocrx_word' id='word_1_600' title='bbox 126 2662 256 2690; x_wconf 87' lang='lat' dir='ltr'><strong>insidiose</strong></span> <span class='ocrx_word' id='word_1_601' title='bbox 273 2668 366 2696; x_wconf 87' lang='lat' dir='ltr'><strong>sparsa</strong></span> <span class='ocrx_word' id='word_1_602' title='bbox 380 2659 554 2694; x_wconf 82' lang='lat' dir='ltr'><strong>appetenda;</strong></span> <span class='ocrx_word' id='word_1_603' title='bbox 584 2657 659 2694; x_wconf 82' lang='lat' dir='ltr'><strong>quod</strong></span> <span class='ocrx_word' id='word_1_604' title='bbox 677 2657 742 2684; x_wconf 90' lang='lat' dir='ltr'><strong>dum</strong></span> <span class='ocrx_word' id='word_1_605' title='bbox 771 2664 822 2692; x_wconf 83' lang='lat' dir='ltr'><strong>ago</strong></span> <span class='ocrx_word' id='word_1_606' title='bbox 851 2664 914 2683; x_wconf 89' lang='lat' dir='ltr'><strong>cum</strong></span> 
     </span>
    </p>
   </div>
   <div class='ocr_carea' id='block_1_87' title="bbox 126 2703 914 2740">
    <p class='ocr_par' dir='ltr' id='par_1_87' title="bbox 126 2703 914 2740">
     <span class='ocr_line' id='line_1_87' title="bbox 126 2703 914 2740; baseline -0.008 -5"><span class='ocrx_word' id='word_1_607' title='bbox 126 2708 202 2736; x_wconf 89' lang='lat' dir='ltr'><strong>hisce</strong></span> <span class='ocrx_word' id='word_1_608' title='bbox 219 2708 288 2734; x_wconf 82' lang='lat' dir='ltr'><strong>meis</strong></span> <span class='ocrx_word' id='word_1_609' title='bbox 316 2706 458 2734; x_wconf 85' lang='lat' dir='ltr'><strong>sororibus</strong></span> <span class='ocrx_word' id='word_1_610' title='bbox 483 2705 629 2740; x_wconf 76' lang='lat' dir='ltr'><strong>implicatae</strong></span> <span class='ocrx_word' id='word_1_611' title='bbox 655 2704 707 2731; x_wconf 90' lang='lat' dir='ltr'><strong>hoc</strong></span> <span class='ocrx_word' id='word_1_612' title='bbox 735 2703 788 2730; x_wconf 87' lang='lat' dir='ltr'><strong>reti</strong></span> <span class='ocrx_word' id='word_1_613' title='bbox 808 2710 914 2736; x_wconf 91' lang='lat' dir='ltr'><strong>sumus,</strong></span> 
     </span>
    </p>
   </div>
   <div class='ocr_carea' id='block_1_88' title="bbox 126 2748 914 2789">
    <p class='ocr_par' dir='ltr' id='par_1_88' title="bbox 126 2748 914 2789">
     <span class='ocr_line' id='line_1_88' title="bbox 126 2748 914 2789; baseline -0.006 -9"><span class='ocrx_word' id='word_1_614' title='bbox 126 2753 192 2789; x_wconf 82' lang='lat' dir='ltr'><strong>quia</strong></span> <span class='ocrx_word' id='word_1_615' title='bbox 212 2753 239 2780; x_wconf 91' lang='lat' dir='ltr'><strong>id</strong></span> <span class='ocrx_word' id='word_1_616' title='bbox 258 2752 389 2779; x_wconf 86' lang='lat' dir='ltr'><strong>aviditate</strong></span> <span class='ocrx_word' id='word_1_617' title='bbox 415 2751 560 2778; x_wconf 62' lang='lat' dir='ltr'><strong>obcaecati:</strong></span> <span class='ocrx_word' id='word_1_618' title='bbox 589 2757 645 2777; x_wconf 90' lang='lat' dir='ltr'><strong>non</strong></span> <span class='ocrx_word' id='word_1_619' title='bbox 668 2749 745 2784; x_wconf 92' lang='lat' dir='ltr'><strong>prius</strong></span> <span class='ocrx_word' id='word_1_620' title='bbox 773 2748 914 2781; x_wconf 91' lang='lat' dir='ltr'><strong>vidimus,</strong></span> 
     </span>
    </p>
   </div>
   <div class='ocr_carea' id='block_1_89' title="bbox 127 2796 915 2833">
    <p class='ocr_par' dir='ltr' id='par_1_89' title="bbox 127 2796 915 2833">
     <span class='ocr_line' id='line_1_89' title="bbox 127 2796 915 2833; baseline -0.004 -8"><span class='ocrx_word' id='word_1_621' title='bbox 127 2806 210 2833; x_wconf 78' lang='lat' dir='ltr'><strong>quam</strong></span> <span class='ocrx_word' id='word_1_622' title='bbox 227 2799 273 2826; x_wconf 89' lang='lat' dir='ltr'><strong>illo</strong></span> <span class='ocrx_word' id='word_1_623' title='bbox 286 2798 449 2825; x_wconf 86' lang='lat' dir='ltr'><strong>constrictas</strong></span> <span class='ocrx_word' id='word_1_624' title='bbox 464 2805 515 2824; x_wconf 92' lang='lat' dir='ltr'><strong>nos</strong></span> <span class='ocrx_word' id='word_1_625' title='bbox 526 2798 676 2832; x_wconf 85' lang='lat' dir='ltr'><strong>sensimus,</strong></span> <span class='ocrx_word' id='word_1_626' title='bbox 689 2803 740 2823; x_wconf 88' lang='lat' dir='ltr'><strong>nec</strong></span> <span class='ocrx_word' id='word_1_627' title='bbox 756 2796 845 2823; x_wconf 90' lang='lat' dir='ltr'><strong>mirus</strong></span> <span class='ocrx_word' id='word_1_628' title='bbox 867 2800 915 2822; x_wconf 85' lang='lat' dir='ltr'><strong>aut</strong></span> 
     </span>
    </p>
   </div>
   <div class='ocr_carea' id='block_1_90' title="bbox 128 2841 913 2878">
    <p class='ocr_par' dir='ltr' id='par_1_90' title="bbox 128 2841 913 2878">
     <span class='ocr_line' id='line_1_90' title="bbox 128 2841 913 2878; baseline 0 -9"><span class='ocrx_word' id='word_1_629' title='bbox 128 2844 195 2870; x_wconf 92' lang='lat' dir='ltr'><strong>mihi</strong></span> <span class='ocrx_word' id='word_1_630' title='bbox 210 2852 297 2872; x_wconf 87' lang='lat' dir='ltr'><strong>novus</strong></span> <span class='ocrx_word' id='word_1_631' title='bbox 318 2845 364 2872; x_wconf 88' lang='lat' dir='ltr'><strong>hic</strong></span> <span class='ocrx_word' id='word_1_632' title='bbox 392 2851 472 2871; x_wconf 86' lang='lat' dir='ltr'><strong>casus</strong></span> <span class='ocrx_word' id='word_1_633' title='bbox 488 2847 550 2871; x_wconf 90' lang='lat' dir='ltr'><strong>est:</strong></span> <span class='ocrx_word' id='word_1_634' title='bbox 580 2851 596 2871; x_wconf 89' lang='lat' dir='ltr'><strong>e</strong></span> <span class='ocrx_word' id='word_1_635' title='bbox 621 2841 794 2878; x_wconf 78' lang='lat' dir='ltr'><strong>gravioribus</strong></span> <span class='ocrx_word' id='word_1_636' title='bbox 827 2841 913 2870; x_wconf 80' lang='lat' dir='ltr'><strong>evasi.</strong></span> 
     </span>
    </p>
   </div>
   <div class='ocr_carea' id='block_1_91' title="bbox 969 1558 1760 1594">
    <p class='ocr_par' dir='ltr' id='par_1_91' title="bbox 969 1558 1760 1594">
     <span class='ocr_line' id='line_1_91' title="bbox 969 1558 1760 1594; baseline -0.003 -6"><span class='ocrx_word' id='word_1_637' title='bbox 969 1559 1145 1589; x_wconf 86' lang='lat' dir='ltr'><strong>cxsolvendis</strong></span> <span class='ocrx_word' id='word_1_638' title='bbox 1162 1566 1240 1586; x_wconf 86' lang='lat' dir='ltr'><strong>vaca.</strong></span> <span class='ocrx_word' id='word_1_639' title='bbox 1258 1558 1311 1586; x_wconf 88' lang='lat' dir='ltr'><strong>Ubi</strong></span> <span class='ocrx_word' id='word_1_640' title='bbox 1326 1566 1424 1586; x_wconf 87' lang='lat' dir='ltr'><strong>omnes</strong></span> <span class='ocrx_word' id='word_1_641' title='bbox 1447 1559 1507 1586; x_wconf 87' lang='lat' dir='ltr'><strong>illas</strong></span> <span class='ocrx_word' id='word_1_642' title='bbox 1522 1559 1690 1594; x_wconf 85' lang='lat' dir='ltr'><strong>expedieris,</strong></span> <span class='ocrx_word' id='word_1_643' title='bbox 1715 1567 1760 1586; x_wconf 87' lang='lat' dir='ltr'><strong>me</strong></span> 
     </span>
    </p>
   </div>
   <div class='ocr_carea' id='block_1_92' title="bbox 968 1605 1759 1642">
    <p class='ocr_par' dir='ltr' id='par_1_92' title="bbox 968 1605 1759 1642">
     <span class='ocr_line' id='line_1_92' title="bbox 968 1605 1759 1642; baseline -0.001 -8"><span class='ocrx_word' id='word_1_644' title='bbox 968 1614 1078 1642; x_wconf 89' lang='lat' dir='ltr'><strong>quoque</strong></span> <span class='ocrx_word' id='word_1_645' title='bbox 1101 1605 1184 1633; x_wconf 90' lang='lat' dir='ltr'><strong>simili</strong></span> <span class='ocrx_word' id='word_1_646' title='bbox 1202 1605 1352 1640; x_wconf 85' lang='lat' dir='ltr'><strong>dignabere</strong></span> <span class='ocrx_word' id='word_1_647' title='bbox 1380 1605 1518 1632; x_wconf 79' lang='lat' dir='ltr'><strong>beneﬁcio</strong></span> <span class='ocrx_word' id='word_1_648' title='bbox 1531 1613 1538 1631; x_wconf 91' lang='lat'><strong>:</strong></span> <span class='ocrx_word' id='word_1_649' title='bbox 1553 1613 1609 1632; x_wconf 92' lang='lat' dir='ltr'><strong>non</strong></span> <span class='ocrx_word' id='word_1_650' title='bbox 1637 1606 1713 1632; x_wconf 87' lang='lat' dir='ltr'><strong>enim</strong></span> <span class='ocrx_word' id='word_1_651' title='bbox 1732 1610 1759 1633; x_wconf 76' lang='lat' dir='ltr'><strong>te</strong></span> 
     </span>
    </p>
   </div>
   <div class='ocr_carea' id='block_1_93' title="bbox 967 1650 1758 1686">
    <p class='ocr_par' dir='ltr' id='par_1_93' title="bbox 967 1650 1758 1686">
     <span class='ocr_line' id='line_1_93' title="bbox 967 1650 1758 1686; baseline 0 -8"><span class='ocrx_word' id='word_1_652' title='bbox 967 1650 1146 1686; x_wconf 86' lang='lat' dir='ltr'><strong>quantumvis</strong></span> <span class='ocrx_word' id='word_1_653' title='bbox 1178 1650 1280 1677; x_wconf 89' lang='lat' dir='ltr'><strong>lassum</strong></span> <span class='ocrx_word' id='word_1_654' title='bbox 1298 1657 1407 1677; x_wconf 88' lang='lat' dir='ltr'><strong>cessare</strong></span> <span class='ocrx_word' id='word_1_655' title='bbox 1434 1653 1499 1677; x_wconf 92' lang='lat' dir='ltr'><strong>tunc</strong></span> <span class='ocrx_word' id='word_1_656' title='bbox 1514 1658 1529 1677; x_wconf 88' lang='lat' dir='ltr'><strong>a</strong></span> <span class='ocrx_word' id='word_1_657' title='bbox 1546 1657 1589 1678; x_wconf 91' lang='lat' dir='ltr'><strong>me</strong></span> <span class='ocrx_word' id='word_1_658' title='bbox 1615 1650 1758 1678; x_wconf 81' lang='lat' dir='ltr'><strong>liberanda</strong></span> 
     </span>
    </p>
   </div>
   <div class='ocr_carea' id='block_1_94' title="bbox 967 1695 1757 1732">
    <p class='ocr_par' dir='ltr' id='par_1_94' title="bbox 967 1695 1757 1732">
     <span class='ocr_line' id='line_1_94' title="bbox 967 1695 1757 1732; baseline -0.001 -7"><span class='ocrx_word' id='word_1_659' title='bbox 967 1698 1041 1725; x_wconf 84' lang='lat' dir='ltr'><strong>sinet</strong></span> <span class='ocrx_word' id='word_1_660' title='bbox 1065 1696 1301 1732; x_wconf 44' lang='lat' dir='ltr'><strong>compertissima,</strong></span> <span class='ocrx_word' id='word_1_661' title='bbox 1319 1695 1386 1723; x_wconf 89' lang='lat' dir='ltr'><strong>mihi</strong></span> <span class='ocrx_word' id='word_1_662' title='bbox 1418 1701 1463 1723; x_wconf 88' lang='lat' dir='ltr'><strong>tua</strong></span> <span class='ocrx_word' id='word_1_663' title='bbox 1494 1696 1522 1723; x_wconf 91' lang='lat' dir='ltr'><strong>in</strong></span> <span class='ocrx_word' id='word_1_664' title='bbox 1544 1703 1588 1724; x_wconf 88' lang='lat' dir='ltr'><strong>me</strong></span> <span class='ocrx_word' id='word_1_665' title='bbox 1613 1696 1757 1724; x_wconf 80' lang='lat' dir='ltr'><strong>charitas:</strong></span> 
     </span>
    </p>
   </div>
   <div class='ocr_carea' id='block_1_95' title="bbox 967 1741 1758 1779">
    <p class='ocr_par' dir='ltr' id='par_1_95' title="bbox 967 1741 1758 1779">
     <span class='ocr_line' id='line_1_95' title="bbox 967 1741 1758 1779; baseline -0.001 -9"><span class='ocrx_word' id='word_1_666' title='bbox 967 1743 1042 1779; x_wconf 85' lang='lat' dir='ltr'><strong>quali</strong></span> <span class='ocrx_word' id='word_1_667' title='bbox 1056 1750 1117 1770; x_wconf 91' lang='lat' dir='ltr'><strong>cum</strong></span> <span class='ocrx_word' id='word_1_668' title='bbox 1136 1742 1186 1769; x_wconf 87' lang='lat' dir='ltr'><strong>has</strong></span> <span class='ocrx_word' id='word_1_669' title='bbox 1198 1749 1252 1769; x_wconf 89' lang='lat' dir='ltr'><strong>non</strong></span> <span class='ocrx_word' id='word_1_670' title='bbox 1268 1741 1448 1776; x_wconf 86' lang='lat' dir='ltr'><strong>amplectare,</strong></span> <span class='ocrx_word' id='word_1_671' title='bbox 1462 1742 1584 1769; x_wconf 85' lang='lat' dir='ltr'><strong>nondum</strong></span> <span class='ocrx_word' id='word_1_672' title='bbox 1601 1747 1682 1769; x_wconf 86' lang='lat' dir='ltr'><strong>notas</strong></span> <span class='ocrx_word' id='word_1_673' title='bbox 1694 1742 1758 1774; x_wconf 86' lang='lat' dir='ltr'><strong>tibi,</strong></span> 
     </span>
    </p>
   </div>
   <div class='ocr_carea' id='block_1_96' title="bbox 967 1788 1760 1823">
    <p class='ocr_par' dir='ltr' id='par_1_96' title="bbox 967 1788 1760 1823">
     <span class='ocr_line' id='line_1_96' title="bbox 967 1788 1760 1823; baseline -0.003 -6"><span class='ocrx_word' id='word_1_674' title='bbox 967 1797 1079 1817; x_wconf 83' lang='lat' dir='ltr'><strong>vererer</strong></span> <span class='ocrx_word' id='word_1_675' title='bbox 1096 1796 1140 1821; x_wconf 92' lang='lat' dir='ltr'><strong>ne,</strong></span> <span class='ocrx_word' id='word_1_676' title='bbox 1153 1789 1269 1816; x_wconf 88' lang='lat' dir='ltr'><strong>liberata</strong></span> <span class='ocrx_word' id='word_1_677' title='bbox 1292 1795 1345 1818; x_wconf 89' lang='lat' dir='ltr'><strong>me.</strong></span> <span class='ocrx_word' id='word_1_678' title='bbox 1359 1788 1388 1815; x_wconf 92' lang='lat' dir='ltr'><strong>in</strong></span> <span class='ocrx_word' id='word_1_679' title='bbox 1418 1788 1517 1815; x_wconf 89' lang='lat' dir='ltr'><strong>barum</strong></span> <span class='ocrx_word' id='word_1_680' title='bbox 1553 1789 1645 1823; x_wconf 85' lang='lat' dir='ltr'><strong>aliqua</strong></span> <span class='ocrx_word' id='word_1_681' title='bbox 1669 1790 1760 1816; x_wconf 87' lang='lat' dir='ltr'><strong>extri-</strong></span> 
     </span>
    </p>
   </div>
   <div class='ocr_carea' id='block_1_97' title="bbox 968 1834 1760 1870">
    <p class='ocr_par' dir='ltr' id='par_1_97' title="bbox 968 1834 1760 1870">
     <span class='ocr_line' id='line_1_97' title="bbox 968 1834 1760 1870; baseline -0.003 -7"><span class='ocrx_word' id='word_1_682' title='bbox 968 1835 1056 1863; x_wconf 87' lang='lat' dir='ltr'><strong>canda</strong></span> <span class='ocrx_word' id='word_1_683' title='bbox 1071 1836 1164 1870; x_wconf 87' lang='lat' dir='ltr'><strong>segnis</strong></span> <span class='ocrx_word' id='word_1_684' title='bbox 1179 1842 1265 1868; x_wconf 83' lang='lat' dir='ltr'><strong>esses,</strong></span> <span class='ocrx_word' id='word_1_685' title='bbox 1281 1838 1310 1861; x_wconf 89' lang='lat' dir='ltr'><strong>et</strong></span> <span class='ocrx_word' id='word_1_686' title='bbox 1325 1835 1371 1862; x_wconf 90' lang='lat' dir='ltr'><strong>illa</strong></span> <span class='ocrx_word' id='word_1_687' title='bbox 1387 1835 1488 1862; x_wconf 88' lang='lat' dir='ltr'><strong>misera</strong></span> <span class='ocrx_word' id='word_1_688' title='bbox 1506 1834 1597 1869; x_wconf 77' lang='lat' dir='ltr'><strong>pneda</strong></span> <span class='ocrx_word' id='word_1_689' title='bbox 1612 1835 1687 1862; x_wconf 89' lang='lat' dir='ltr'><strong>ﬁeret</strong></span> <span class='ocrx_word' id='word_1_690' title='bbox 1703 1835 1760 1862; x_wconf 90' lang='lat' dir='ltr'><strong>huc</strong></span> 
     </span>
    </p>
   </div>
   <div class='ocr_carea' id='block_1_98' title="bbox 967 1880 1760 1916">
    <p class='ocr_par' dir='ltr' id='par_1_98' title="bbox 967 1880 1760 1916">
     <span class='ocr_line' id='line_1_98' title="bbox 967 1880 1760 1916; baseline 0 -8"><span class='ocrx_word' id='word_1_691' title='bbox 967 1881 1039 1908; x_wconf 88' lang='lat' dir='ltr'><strong>forte</strong></span> <span class='ocrx_word' id='word_1_692' title='bbox 1054 1881 1096 1908; x_wconf 86' lang='lat' dir='ltr'><strong>vel</strong></span> <span class='ocrx_word' id='word_1_693' title='bbox 1108 1887 1171 1908; x_wconf 85' lang='lat' dir='ltr'><strong>sero</strong></span> <span class='ocrx_word' id='word_1_694' title='bbox 1182 1880 1340 1916; x_wconf 78' lang='lat' dir='ltr'><strong>adrepcntis</strong></span> <span class='ocrx_word' id='word_1_695' title='bbox 1356 1881 1482 1916; x_wconf 88' lang='lat' dir='ltr'><strong>aucupis.</strong></span> <span class='ocrx_word' id='word_1_696' title='bbox 1496 1880 1574 1914; x_wconf 84' lang='lat' dir='ltr'><strong>Quod</strong></span> <span class='ocrx_word' id='word_1_697' title='bbox 1592 1881 1615 1908; x_wconf 90' lang='lat' dir='ltr'><strong>si</strong></span> <span class='ocrx_word' id='word_1_698' title='bbox 1630 1881 1760 1908; x_wconf 87' lang='lat' dir='ltr'><strong>accidere</strong></span> 
     </span>
    </p>
   </div>
   <div class='ocr_carea' id='block_1_99' title="bbox 968 1928 1761 1963">
    <p class='ocr_par' dir='ltr' id='par_1_99' title="bbox 968 1928 1761 1963">
     <span class='ocr_line' id='line_1_99' title="bbox 968 1928 1761 1963; baseline 0.001 -7"><span class='ocrx_word' id='word_1_699' title='bbox 968 1935 1093 1956; x_wconf 90' lang='lat' dir='ltr'><strong>nostrum</strong></span> <span class='ocrx_word' id='word_1_700' title='bbox 1118 1928 1238 1963; x_wconf 88' lang='lat' dir='ltr'><strong>cuipiam</strong></span> <span class='ocrx_word' id='word_1_701' title='bbox 1267 1928 1324 1956; x_wconf 86' lang='lat' dir='ltr'><strong>fato</strong></span> <span class='ocrx_word' id='word_1_702' title='bbox 1353 1929 1496 1956; x_wconf 89' lang='lat' dir='ltr'><strong>decretum</strong></span> <span class='ocrx_word' id='word_1_703' title='bbox 1535 1933 1597 1962; x_wconf 84' lang='lat' dir='ltr'><strong>est,</strong></span> <span class='ocrx_word' id='word_1_704' title='bbox 1621 1936 1761 1963; x_wconf 85' lang='lat' dir='ltr'><strong>occupare</strong></span> 
     </span>
    </p>
   </div>
   <div class='ocr_carea' id='block_1_100' title="bbox 968 1974 1760 2010">
    <p class='ocr_par' dir='ltr' id='par_1_100' title="bbox 968 1974 1760 2010">
     <span class='ocr_line' id='line_1_100' title="bbox 968 1974 1760 2010; baseline -0.001 -8"><span class='ocrx_word' id='word_1_705' title='bbox 968 1975 1042 2002; x_wconf 86' lang='lat' dir='ltr'><strong>istud</strong></span> <span class='ocrx_word' id='word_1_706' title='bbox 1053 1974 1236 2002; x_wconf 89' lang='lat' dir='ltr'><strong>infortunium</strong></span> <span class='ocrx_word' id='word_1_707' title='bbox 1251 1975 1277 2001; x_wconf 96' lang='lat' dir='ltr'><strong>in</strong></span> <span class='ocrx_word' id='word_1_708' title='bbox 1292 1983 1383 2002; x_wconf 86' lang='lat' dir='ltr'><strong>meum</strong></span> <span class='ocrx_word' id='word_1_709' title='bbox 1400 1975 1572 2010; x_wconf 85' lang='lat' dir='ltr'><strong>caputlonge</strong></span> <span class='ocrx_word' id='word_1_710' title='bbox 1586 1975 1657 2002; x_wconf 88' lang='lat' dir='ltr'><strong>malo</strong></span> <span class='ocrx_word' id='word_1_711' title='bbox 1674 1983 1760 2009; x_wconf 88' lang='lat' dir='ltr'><strong>quam</strong></span> 
     </span>
    </p>
   </div>
   <div class='ocr_carea' id='block_1_101' title="bbox 970 2020 1761 2054">
    <p class='ocr_par' dir='ltr' id='par_1_101' title="bbox 970 2020 1761 2054">
     <span class='ocr_line' id='line_1_101' title="bbox 970 2020 1761 2054; baseline -0.001 -7"><span class='ocrx_word' id='word_1_712' title='bbox 970 2021 1053 2047; x_wconf 87' lang='lat' dir='ltr'><strong>ullam</strong></span> <span class='ocrx_word' id='word_1_713' title='bbox 1074 2020 1299 2047; x_wconf 89' lang='lat' dir='ltr'><strong>dulcissimarum</strong></span> <span class='ocrx_word' id='word_1_714' title='bbox 1313 2020 1382 2047; x_wconf 92' lang='lat' dir='ltr'><strong>mihi</strong></span> <span class='ocrx_word' id='word_1_715' title='bbox 1395 2020 1525 2047; x_wconf 89' lang='lat' dir='ltr'><strong>comitum</strong></span> <span class='ocrx_word' id='word_1_716' title='bbox 1540 2020 1666 2054; x_wconf 87' lang='lat' dir='ltr'><strong>prodere.</strong></span> <span class='ocrx_word' id='word_1_717' title='bbox 1682 2020 1761 2047; x_wconf 82' lang='lat' dir='ltr'><strong>Talia</strong></span> 
     </span>
    </p>
   </div>
   <div class='ocr_carea' id='block_1_102' title="bbox 968 2065 1761 2100">
    <p class='ocr_par' dir='ltr' id='par_1_102' title="bbox 968 2065 1761 2100">
     <span class='ocr_line' id='line_1_102' title="bbox 968 2065 1761 2100; baseline 0.003 -8"><span class='ocrx_word' id='word_1_718' title='bbox 968 2073 1030 2093; x_wconf 89' lang='lat' dir='ltr'><strong>mus</strong></span> <span class='ocrx_word' id='word_1_719' title='bbox 1041 2066 1177 2093; x_wconf 86' lang='lat' dir='ltr'><strong>audiens:</strong></span> <span class='ocrx_word' id='word_1_720' title='bbox 1204 2065 1291 2099; x_wconf 88' lang='lat' dir='ltr'><strong>Quam</strong></span> <span class='ocrx_word' id='word_1_721' title='bbox 1318 2070 1424 2099; x_wconf 81' lang='lat' dir='ltr'><strong>sancte,</strong></span> <span class='ocrx_word' id='word_1_722' title='bbox 1454 2066 1504 2099; x_wconf 88' lang='lat' dir='ltr'><strong>ait,</strong></span> <span class='ocrx_word' id='word_1_723' title='bbox 1531 2066 1659 2093; x_wconf 58' lang='lat' dir='ltr'><strong>amicitia</strong></span> <span class='ocrx_word' id='word_1_724' title='bbox 1682 2066 1761 2100; x_wconf 81' lang='lat' dir='ltr'><strong>leges</strong></span> 
     </span>
    </p>
   </div>
   <div class='ocr_carea' id='block_1_103' title="bbox 970 2111 1761 2144">
    <p class='ocr_par' dir='ltr' id='par_1_103' title="bbox 970 2111 1761 2144">
     <span class='ocr_line' id='line_1_103' title="bbox 970 2111 1761 2144; baseline 0.003 -6"><span class='ocrx_word' id='word_1_725' title='bbox 970 2111 1055 2144; x_wconf 88' lang='lat' dir='ltr'><strong>colas,</strong></span> <span class='ocrx_word' id='word_1_726' title='bbox 1072 2115 1118 2138; x_wconf 91' lang='lat' dir='ltr'><strong>tua</strong></span> <span class='ocrx_word' id='word_1_727' title='bbox 1131 2112 1189 2139; x_wconf 79' lang='lat' dir='ltr'><strong>haec</strong></span> <span class='ocrx_word' id='word_1_728' title='bbox 1206 2112 1379 2139; x_wconf 88' lang='lat' dir='ltr'><strong>demonstrat</strong></span> <span class='ocrx_word' id='word_1_729' title='bbox 1402 2112 1502 2140; x_wconf 88' lang='lat' dir='ltr'><strong>oratio.</strong></span> <span class='ocrx_word' id='word_1_730' title='bbox 1522 2112 1608 2139; x_wconf 90' lang='lat' dir='ltr'><strong>Porro</strong></span> <span class='ocrx_word' id='word_1_731' title='bbox 1635 2112 1687 2139; x_wconf 84' lang='lat' dir='ltr'><strong>ista</strong></span> <span class='ocrx_word' id='word_1_732' title='bbox 1708 2113 1761 2140; x_wconf 83' lang='lat' dir='ltr'><strong>bo-</strong></span> 
     </span>
    </p>
   </div>
   <div class='ocr_carea' id='block_1_104' title="bbox 969 2157 1762 2186">
    <p class='ocr_par' dir='ltr' id='par_1_104' title="bbox 969 2157 1762 2186">
     <span class='ocr_line' id='line_1_104' title="bbox 969 2157 1762 2186; baseline 0.003 -2"><span class='ocrx_word' id='word_1_733' title='bbox 969 2158 1041 2184; x_wconf 87' lang='lat' dir='ltr'><strong>nitas</strong></span> <span class='ocrx_word' id='word_1_734' title='bbox 1055 2161 1083 2185; x_wconf 88' lang='lat' dir='ltr'><strong>et</strong></span> <span class='ocrx_word' id='word_1_735' title='bbox 1096 2165 1217 2184; x_wconf 86' lang='lat' dir='ltr'><strong>amorem</strong></span> <span class='ocrx_word' id='word_1_736' title='bbox 1249 2159 1277 2184; x_wconf 92' lang='lat' dir='ltr'><strong>in</strong></span> <span class='ocrx_word' id='word_1_737' title='bbox 1303 2162 1329 2185; x_wconf 90' lang='lat' dir='ltr'><strong>te</strong></span> <span class='ocrx_word' id='word_1_738' title='bbox 1357 2162 1476 2185; x_wconf 82' lang='lat' dir='ltr'><strong>veterem</strong></span> <span class='ocrx_word' id='word_1_739' title='bbox 1509 2157 1609 2185; x_wconf 91' lang='lat' dir='ltr'><strong>fortius</strong></span> <span class='ocrx_word' id='word_1_740' title='bbox 1639 2158 1762 2186; x_wconf 77' lang='lat' dir='ltr'><strong>intendit</strong></span> 
     </span>
    </p>
   </div>
   <div class='ocr_carea' id='block_1_105' title="bbox 927 2203 1758 2239">
    <p class='ocr_par' dir='ltr' id='par_1_105' title="bbox 927 2203 1758 2239">
     <span class='ocr_line' id='line_1_105' title="bbox 927 2203 1758 2239; baseline 0.001 -8"><span class='ocrx_word' id='word_1_741' title='bbox 927 2203 950 2232; x_wconf 92' lang='lat' dir='ltr'><strong>D</strong></span> <span class='ocrx_word' id='word_1_742' title='bbox 964 2210 1065 2235; x_wconf 90' lang='lat' dir='ltr'><strong>meum,</strong></span> <span class='ocrx_word' id='word_1_743' title='bbox 1082 2207 1110 2230; x_wconf 88' lang='lat' dir='ltr'><strong>et</strong></span> <span class='ocrx_word' id='word_1_744' title='bbox 1120 2203 1252 2230; x_wconf 90' lang='lat' dir='ltr'><strong>sodalium</strong></span> <span class='ocrx_word' id='word_1_745' title='bbox 1271 2203 1320 2230; x_wconf 89' lang='lat' dir='ltr'><strong>tibi</strong></span> <span class='ocrx_word' id='word_1_746' title='bbox 1333 2208 1440 2230; x_wconf 87' lang='lat' dir='ltr'><strong>tuarum</strong></span> <span class='ocrx_word' id='word_1_747' title='bbox 1455 2204 1599 2239; x_wconf 84' lang='lat' dir='ltr'><strong>majorem,</strong></span> <span class='ocrx_word' id='word_1_748' title='bbox 1613 2209 1643 2231; x_wconf 89' lang='lat' dir='ltr'><strong>ut</strong></span> <span class='ocrx_word' id='word_1_749' title='bbox 1656 2212 1758 2239; x_wconf 86' lang='lat' dir='ltr'><strong>spero,</strong></span> 
     </span>
    </p>
   </div>
   <div class='ocr_carea' id='block_1_106' title="bbox 972 2248 1761 2284">
    <p class='ocr_par' dir='ltr' id='par_1_106' title="bbox 972 2248 1761 2284">
     <span class='ocr_line' id='line_1_106' title="bbox 972 2248 1761 2284; baseline 0.005 -10"><span class='ocrx_word' id='word_1_750' title='bbox 972 2248 1133 2275; x_wconf 87' lang='lat' dir='ltr'><strong>conciliabit</strong></span> <span class='ocrx_word' id='word_1_751' title='bbox 1149 2250 1322 2276; x_wconf 82' lang='lat' dir='ltr'><strong>charitatem.</strong></span> <span class='ocrx_word' id='word_1_752' title='bbox 1341 2250 1378 2276; x_wconf 87' lang='lat' dir='ltr'><strong>Ea</strong></span> <span class='ocrx_word' id='word_1_753' title='bbox 1393 2250 1508 2284; x_wconf 90' lang='lat' dir='ltr'><strong>loquens</strong></span> <span class='ocrx_word' id='word_1_754' title='bbox 1519 2249 1615 2277; x_wconf 76' lang='lat' dir='ltr'><strong>Sedulo</strong></span> <span class='ocrx_word' id='word_1_755' title='bbox 1628 2250 1761 2279; x_wconf 90' lang='lat' dir='ltr'><strong>incubuit</strong></span> 
     </span>
    </p>
   </div>
   <div class='ocr_carea' id='block_1_107' title="bbox 970 2293 1759 2330">
    <p class='ocr_par' dir='ltr' id='par_1_107' title="bbox 970 2293 1759 2330">
     <span class='ocr_line' id='line_1_107' title="bbox 970 2293 1759 2330; baseline 0.004 -10"><span class='ocrx_word' id='word_1_756' title='bbox 970 2294 997 2321; x_wconf 93' lang='lat' dir='ltr'><strong>in</strong></span> <span class='ocrx_word' id='word_1_757' title='bbox 1016 2293 1137 2321; x_wconf 47' lang='lat' dir='ltr'><strong>rodenlla</strong></span> <span class='ocrx_word' id='word_1_758' title='bbox 1151 2293 1194 2321; x_wconf 90' lang='lat' dir='ltr'><strong>ﬁla</strong></span> <span class='ocrx_word' id='word_1_759' title='bbox 1206 2294 1306 2329; x_wconf 90' lang='lat' dir='ltr'><strong>quibus</strong></span> <span class='ocrx_word' id='word_1_760' title='bbox 1319 2295 1453 2322; x_wconf 73' lang='lat' dir='ltr'><strong>columbas</strong></span> <span class='ocrx_word' id='word_1_761' title='bbox 1467 2296 1589 2322; x_wconf 85' lang='lat' dir='ltr'><strong>minores</strong></span> <span class='ocrx_word' id='word_1_762' title='bbox 1600 2296 1759 2330; x_wconf 75' lang='lat' dir='ltr'><strong>ligabautur</strong></span> 
     </span>
    </p>
   </div>
   <div class='ocr_carea' id='block_1_108' title="bbox 969 2340 1760 2375">
    <p class='ocr_par' dir='ltr' id='par_1_108' title="bbox 969 2340 1760 2375">
     <span class='ocr_line' id='line_1_108' title="bbox 969 2340 1760 2375; baseline 0.005 -9"><span class='ocrx_word' id='word_1_763' title='bbox 969 2340 1059 2375; x_wconf 85' lang='lat' dir='ltr'><strong>quoad</strong></span> <span class='ocrx_word' id='word_1_764' title='bbox 1079 2340 1114 2366; x_wconf 89' lang='lat' dir='ltr'><strong>iis</strong></span> <span class='ocrx_word' id='word_1_765' title='bbox 1129 2341 1210 2375; x_wconf 89' lang='lat' dir='ltr'><strong>plane</strong></span> <span class='ocrx_word' id='word_1_766' title='bbox 1225 2341 1313 2375; x_wconf 88' lang='lat' dir='ltr'><strong>ruptis</strong></span> <span class='ocrx_word' id='word_1_767' title='bbox 1330 2341 1384 2368; x_wconf 57' lang='lat' dir='ltr'><strong>illa»</strong></span> <span class='ocrx_word' id='word_1_768' title='bbox 1394 2349 1490 2368; x_wconf 89' lang='lat' dir='ltr'><strong>omnes</strong></span> <span class='ocrx_word' id='word_1_769' title='bbox 1507 2342 1533 2368; x_wconf 96' lang='lat' dir='ltr'><strong>in</strong></span> <span class='ocrx_word' id='word_1_770' title='bbox 1549 2350 1677 2370; x_wconf 85' lang='lat' dir='ltr'><strong>securum</strong></span> <span class='ocrx_word' id='word_1_771' title='bbox 1691 2351 1760 2370; x_wconf 89' lang='lat' dir='ltr'><strong>avo-</strong></span> 
     </span>
    </p>
   </div>
   <div class='ocr_carea' id='block_1_109' title="bbox 969 2385 1761 2422">
    <p class='ocr_par' dir='ltr' id='par_1_109' title="bbox 969 2385 1761 2422">
     <span class='ocr_line' id='line_1_109' title="bbox 969 2385 1761 2422; baseline 0.005 -11"><span class='ocrx_word' id='word_1_772' title='bbox 969 2385 1071 2412; x_wconf 92' lang='lat' dir='ltr'><strong>larunt.</strong></span> <span class='ocrx_word' id='word_1_773' title='bbox 1092 2385 1145 2412; x_wconf 82' lang='lat' dir='ltr'><strong>Has</strong></span> <span class='ocrx_word' id='word_1_774' title='bbox 1166 2385 1263 2412; x_wconf 90' lang='lat' dir='ltr'><strong>ultima</strong></span> <span class='ocrx_word' id='word_1_775' title='bbox 1285 2387 1421 2417; x_wconf 87' lang='lat' dir='ltr'><strong>omnium,</strong></span> <span class='ocrx_word' id='word_1_776' title='bbox 1443 2387 1533 2413; x_wconf 90' lang='lat' dir='ltr'><strong>soluta</strong></span> <span class='ocrx_word' id='word_1_777' title='bbox 1553 2392 1582 2421; x_wconf 75' lang='lat' dir='ltr'><strong>et</strong></span> <span class='ocrx_word' id='word_1_778' title='bbox 1600 2387 1670 2422; x_wconf 87' lang='lat' dir='ltr'><strong>ipsa,</strong></span> <span class='ocrx_word' id='word_1_779' title='bbox 1697 2394 1761 2422; x_wconf 90' lang='lat' dir='ltr'><strong>post</strong></span> 
     </span>
    </p>
   </div>
   <div class='ocr_carea' id='block_1_110' title="bbox 969 2430 1761 2468">
    <p class='ocr_par' dir='ltr' id='par_1_110' title="bbox 969 2430 1761 2468">
     <span class='ocr_line' id='line_1_110' title="bbox 969 2430 1761 2468; baseline 0.008 -13"><span class='ocrx_word' id='word_1_780' title='bbox 969 2430 1071 2457; x_wconf 92' lang='lat' dir='ltr'><strong>multas</strong></span> <span class='ocrx_word' id='word_1_781' title='bbox 1088 2437 1163 2457; x_wconf 88' lang='lat' dir='ltr'><strong>actas</strong></span> <span class='ocrx_word' id='word_1_782' title='bbox 1184 2431 1321 2458; x_wconf 88' lang='lat' dir='ltr'><strong>servatori</strong></span> <span class='ocrx_word' id='word_1_783' title='bbox 1341 2432 1454 2467; x_wconf 76' lang='lat' dir='ltr'><strong>gratias,</strong></span> <span class='ocrx_word' id='word_1_784' title='bbox 1470 2433 1557 2468; x_wconf 88' lang='lat' dir='ltr'><strong>major</strong></span> <span class='ocrx_word' id='word_1_785' title='bbox 1571 2433 1699 2461; x_wconf 90' lang='lat' dir='ltr'><strong>columba</strong></span> <span class='ocrx_word' id='word_1_786' title='bbox 1715 2440 1761 2461; x_wconf 84' lang='lat' dir='ltr'><strong>est</strong></span> 
     </span>
    </p>
   </div>
   <div class='ocr_carea' id='block_1_111' title="bbox 967 2481 1073 2502">
    <p class='ocr_par' dir='ltr' id='par_1_111' title="bbox 967 2481 1073 2502">
     <span class='ocr_line' id='line_1_111' title="bbox 967 2481 1073 2502; baseline 0 0"><span class='ocrx_word' id='word_1_787' title='bbox 967 2481 1073 2502; x_wconf 87' lang='lat' dir='ltr'><strong>secuta.</strong></span> 
     </span>
    </p>
   </div>
   <div class='ocr_carea' id='block_1_112' title="bbox 1003 2521 1761 2554">
    <p class='ocr_par' dir='ltr' id='par_1_112' title="bbox 1003 2521 1761 2554">
     <span class='ocr_line' id='line_1_112' title="bbox 1003 2521 1761 2554; baseline 0.007 -6"><span class='ocrx_word' id='word_1_788' title='bbox 1003 2522 1047 2549; x_wconf 86' lang='lat' dir='ltr'><strong>lV.</strong></span> <span class='ocrx_word' id='word_1_789' title='bbox 1061 2521 1109 2549; x_wconf 83' lang='lat' dir='ltr'><strong>llis</strong></span> <span class='ocrx_word' id='word_1_790' title='bbox 1118 2529 1219 2549; x_wconf 86' lang='lat' dir='ltr'><strong>corvus</strong></span> <span class='ocrx_word' id='word_1_791' title='bbox 1231 2522 1432 2550; x_wconf 85' lang='lat' dir='ltr'><strong>animadversis</strong></span> <span class='ocrx_word' id='word_1_792' title='bbox 1448 2524 1582 2551; x_wconf 85' lang='lat' dir='ltr'><strong>continuo</strong></span> <span class='ocrx_word' id='word_1_793' title='bbox 1593 2532 1622 2551; x_wconf 91' lang='lat' dir='ltr'><strong>se</strong></span> <span class='ocrx_word' id='word_1_794' title='bbox 1642 2526 1761 2554; x_wconf 79' lang='lat' dir='ltr'><strong>contulit</strong></span> 
     </span>
    </p>
   </div>
   <div class='ocr_carea' id='block_1_113' title="bbox 967 2567 1762 2606">
    <p class='ocr_par' dir='ltr' id='par_1_113' title="bbox 967 2567 1762 2606">
     <span class='ocr_line' id='line_1_113' title="bbox 967 2567 1762 2606; baseline 0.006 -12"><span class='ocrx_word' id='word_1_795' title='bbox 967 2567 1000 2594; x_wconf 86' lang='lat' dir='ltr'><strong>ad</strong></span> <span class='ocrx_word' id='word_1_796' title='bbox 1012 2575 1043 2595; x_wconf 91' lang='lat' dir='ltr'><strong>os</strong></span> <span class='ocrx_word' id='word_1_797' title='bbox 1061 2575 1188 2595; x_wconf 60' lang='lat' dir='ltr'><strong>cavernae</strong></span> <span class='ocrx_word' id='word_1_798' title='bbox 1215 2569 1310 2601; x_wconf 89' lang='lat' dir='ltr'><strong>muris,</strong></span> <span class='ocrx_word' id='word_1_799' title='bbox 1344 2570 1372 2596; x_wconf 90' lang='lat' dir='ltr'><strong>in</strong></span> <span class='ocrx_word' id='word_1_800' title='bbox 1401 2577 1472 2600; x_wconf 86' lang='lat' dir='ltr'><strong>eam.</strong></span> <span class='ocrx_word' id='word_1_801' title='bbox 1498 2570 1589 2597; x_wconf 87' lang='lat' dir='ltr'><strong>statim</strong></span> <span class='ocrx_word' id='word_1_802' title='bbox 1605 2576 1687 2606; x_wconf 88' lang='lat' dir='ltr'><strong>atque</strong></span> <span class='ocrx_word' id='word_1_803' title='bbox 1715 2580 1762 2599; x_wconf 89' lang='lat' dir='ltr'><strong>co-</strong></span> 
     </span>
    </p>
   </div>
   <div class='ocr_carea' id='block_1_114' title="bbox 967 2613 1761 2650">
    <p class='ocr_par' dir='ltr' id='par_1_114' title="bbox 967 2613 1761 2650">
     <span class='ocr_line' id='line_1_114' title="bbox 967 2613 1761 2650; baseline 0.005 -11"><span class='ocrx_word' id='word_1_804' title='bbox 967 2613 1067 2640; x_wconf 73' lang='lat' dir='ltr'><strong>lumba:</strong></span> <span class='ocrx_word' id='word_1_805' title='bbox 1080 2613 1236 2646; x_wconf 88' lang='lat' dir='ltr'><strong>avolarunt,</strong></span> <span class='ocrx_word' id='word_1_806' title='bbox 1253 2613 1346 2641; x_wconf 88' lang='lat' dir='ltr'><strong>denuo</strong></span> <span class='ocrx_word' id='word_1_807' title='bbox 1366 2614 1482 2647; x_wconf 78' lang='lat' dir='ltr'><strong>conditi,</strong></span> <span class='ocrx_word' id='word_1_808' title='bbox 1507 2615 1642 2650; x_wconf 91' lang='lat' dir='ltr'><strong>illumque</strong></span> <span class='ocrx_word' id='word_1_809' title='bbox 1667 2618 1761 2644; x_wconf 89' lang='lat' dir='ltr'><strong>uomi-</strong></span> 
     </span>
    </p>
   </div>
   <div class='ocr_carea' id='block_1_115' title="bbox 967 2659 1761 2694">
    <p class='ocr_par' dir='ltr' id='par_1_115' title="bbox 967 2659 1761 2694">
     <span class='ocr_line' id='line_1_115' title="bbox 967 2659 1761 2694; baseline 0.005 -9"><span class='ocrx_word' id='word_1_810' title='bbox 967 2659 1052 2686; x_wconf 89' lang='lat' dir='ltr'><strong>natim</strong></span> <span class='ocrx_word' id='word_1_811' title='bbox 1073 2659 1208 2686; x_wconf 90' lang='lat' dir='ltr'><strong>evocavit.</strong></span> <span class='ocrx_word' id='word_1_812' title='bbox 1236 2659 1389 2694; x_wconf 77' lang='lat' dir='ltr'><strong>Respondit</strong></span> <span class='ocrx_word' id='word_1_813' title='bbox 1417 2668 1479 2687; x_wconf 90' lang='lat' dir='ltr'><strong>mus</strong></span> <span class='ocrx_word' id='word_1_814' title='bbox 1491 2668 1524 2688; x_wconf 88' lang='lat' dir='ltr'><strong>ex</strong></span> <span class='ocrx_word' id='word_1_815' title='bbox 1555 2665 1613 2688; x_wconf 91' lang='lat' dir='ltr'><strong>tuto</strong></span> <span class='ocrx_word' id='word_1_816' title='bbox 1645 2662 1761 2690; x_wconf 88' lang='lat' dir='ltr'><strong>minime</strong></span> 
     </span>
    </p>
   </div>
   <div class='ocr_carea' id='block_1_116' title="bbox 967 2705 1762 2744">
    <p class='ocr_par' dir='ltr' id='par_1_116' title="bbox 967 2705 1762 2744">
     <span class='ocr_line' id='line_1_116' title="bbox 967 2705 1762 2744; baseline 0.009 -13"><span class='ocrx_word' id='word_1_817' title='bbox 967 2705 1098 2740; x_wconf 87' lang='lat' dir='ltr'><strong>prodiens</strong></span> <span class='ocrx_word' id='word_1_818' title='bbox 1111 2714 1116 2732; x_wconf 95' lang='lat'><strong>:</strong></span> <span class='ocrx_word' id='word_1_819' title='bbox 1130 2705 1198 2738; x_wconf 82' lang='lat' dir='ltr'><strong>Quis</strong></span> <span class='ocrx_word' id='word_1_820' title='bbox 1209 2707 1283 2733; x_wconf 90' lang='lat' dir='ltr'><strong>enim</strong></span> <span class='ocrx_word' id='word_1_821' title='bbox 1300 2712 1330 2734; x_wconf 90' lang='lat' dir='ltr'><strong>tu</strong></span> <span class='ocrx_word' id='word_1_822' title='bbox 1346 2715 1376 2733; x_wconf 88' lang='lat' dir='ltr'><strong>es</strong></span> <span class='ocrx_word' id='word_1_823' title='bbox 1392 2708 1438 2741; x_wconf 89' lang='lat' dir='ltr'><strong>qui</strong></span> <span class='ocrx_word' id='word_1_824' title='bbox 1453 2715 1497 2735; x_wconf 90' lang='lat' dir='ltr'><strong>me</strong></span> <span class='ocrx_word' id='word_1_825' title='bbox 1511 2709 1614 2736; x_wconf 86' lang='lat' dir='ltr'><strong>vocas?</strong></span> <span class='ocrx_word' id='word_1_826' title='bbox 1626 2709 1762 2744; x_wconf 84' lang='lat' dir='ltr'><strong>Reposuit</strong></span> 
     </span>
    </p>
   </div>
   <div class='ocr_carea' id='block_1_117' title="bbox 967 2751 1763 2787">
    <p class='ocr_par' dir='ltr' id='par_1_117' title="bbox 967 2751 1763 2787">
     <span class='ocr_line' id='line_1_117' title="bbox 967 2751 1763 2787; baseline 0.006 -9"><span class='ocrx_word' id='word_1_827' title='bbox 967 2751 1005 2779; x_wconf 88' lang='lat' dir='ltr'><strong>is:</strong></span> <span class='ocrx_word' id='word_1_828' title='bbox 1034 2751 1090 2786; x_wconf 81' lang='lat' dir='ltr'><strong>Ego</strong></span> <span class='ocrx_word' id='word_1_829' title='bbox 1107 2760 1167 2778; x_wconf 88' lang='lat' dir='ltr'><strong>sum</strong></span> <span class='ocrx_word' id='word_1_830' title='bbox 1195 2760 1305 2784; x_wconf 88' lang='lat' dir='ltr'><strong>corvus,</strong></span> <span class='ocrx_word' id='word_1_831' title='bbox 1334 2754 1380 2787; x_wconf 91' lang='lat' dir='ltr'><strong>qui</strong></span> <span class='ocrx_word' id='word_1_832' title='bbox 1411 2753 1555 2781; x_wconf 79' lang='lat' dir='ltr'><strong>observata</strong></span> <span class='ocrx_word' id='word_1_833' title='bbox 1582 2754 1634 2782; x_wconf 88' lang='lat' dir='ltr'><strong>ﬁde</strong></span> <span class='ocrx_word' id='word_1_834' title='bbox 1661 2761 1707 2782; x_wconf 86' lang='lat' dir='ltr'><strong>tua</strong></span> <span class='ocrx_word' id='word_1_835' title='bbox 1733 2762 1763 2784; x_wconf 89' lang='lat' dir='ltr'><strong>et</strong></span> 
     </span>
    </p>
   </div>
   <div class='ocr_carea' id='block_1_118' title="bbox 967 2798 1763 2836">
    <p class='ocr_par' dir='ltr' id='par_1_118' title="bbox 967 2798 1763 2836">
     <span class='ocr_line' id='line_1_118' title="bbox 967 2798 1763 2836; baseline 0.006 -12"><span class='ocrx_word' id='word_1_836' title='bbox 967 2798 1101 2825; x_wconf 88' lang='lat' dir='ltr'><strong>charitate</strong></span> <span class='ocrx_word' id='word_1_837' title='bbox 1136 2798 1163 2825; x_wconf 91' lang='lat' dir='ltr'><strong>in</strong></span> <span class='ocrx_word' id='word_1_838' title='bbox 1189 2799 1303 2828; x_wconf 86' lang='lat' dir='ltr'><strong>amicos.</strong></span> <span class='ocrx_word' id='word_1_839' title='bbox 1335 2799 1466 2835; x_wconf 83' lang='lat' dir='ltr'><strong>majorem</strong></span> <span class='ocrx_word' id='word_1_840' title='bbox 1488 2799 1516 2827; x_wconf 90' lang='lat' dir='ltr'><strong>in</strong></span> <span class='ocrx_word' id='word_1_841' title='bbox 1542 2801 1653 2828; x_wconf 90' lang='lat' dir='ltr'><strong>modum</strong></span> <span class='ocrx_word' id='word_1_842' title='bbox 1677 2803 1763 2836; x_wconf 87' lang='lat' dir='ltr'><strong>cupio</strong></span> 
     </span>
    </p>
   </div>
   <div class='ocr_carea' id='block_1_119' title="bbox 968 2843 1761 2877">
    <p class='ocr_par' dir='ltr' id='par_1_119' title="bbox 968 2843 1761 2877">
     <span class='ocr_line' id='line_1_119' title="bbox 968 2843 1761 2877; baseline 0.006 -7"><span class='ocrx_word' id='word_1_843' title='bbox 968 2843 1038 2871; x_wconf 90' lang='lat' dir='ltr'><strong>inire</strong></span> <span class='ocrx_word' id='word_1_844' title='bbox 1053 2848 1143 2871; x_wconf 85' lang='lat' dir='ltr'><strong>tecum</strong></span> <span class='ocrx_word' id='word_1_845' title='bbox 1173 2845 1333 2877; x_wconf 80' lang='lat' dir='ltr'><strong>amicitiam,</strong></span> <span class='ocrx_word' id='word_1_846' title='bbox 1351 2852 1375 2872; x_wconf 88' lang='lat' dir='ltr'><strong>el</strong></span> <span class='ocrx_word' id='word_1_847' title='bbox 1403 2852 1435 2873; x_wconf 88' lang='lat' dir='ltr'><strong>ea</strong></span> <span class='ocrx_word' id='word_1_848' title='bbox 1460 2844 1546 2877; x_wconf 75' lang='lat' dir='ltr'><strong>gratia</strong></span> <span class='ocrx_word' id='word_1_849' title='bbox 1567 2846 1621 2874; x_wconf 89' lang='lat' dir='ltr'><strong>huc</strong></span> <span class='ocrx_word' id='word_1_850' title='bbox 1644 2848 1761 2876; x_wconf 84' lang='lat' dir='ltr'><strong>accessi.</strong></span> 
     </span>
    </p>
   </div>
  </div>
