1913 3068
194 135 261 168 ῙΞὋῚ

635 140 827 172 SPECIMEN
846 126 1067 172 sarrastis
1080 127 1265 173 IS‘DORUM
1279 141 1368 174 var.

1743 138 1810 170 1298

192 195 294 230 Apage.
318 201 378 222 mus
402 194 502 230 inquit,
533 195 603 223 intra
629 204 727 224 cavum
755 202 891 233 perstans.
914 206 975 232 quae.
990 200 1012 228 Δ
1027 199 1088 226 dem
1105 204 1134 226 ut
1146 199 1221 227 ﬁrma
1231 205 1258 227 et
1272 200 1401 234 utrinque
1412 198 1522 226 innoxia
1536 206 1567 226 ac
1581 202 1639 225 tuta
1656 199 1813 226 coalescere

193 240 259 266 mihi
276 245 366 267 tecum
379 240 551 268 intercedere
562 243 737 270 necessitudo
750 243 862 271 ftederis
874 244 977 278 potest?

191 283 289 310 Desine
303 291 365 318 qum
379 283 437 310 ﬁeri
454 291 596 319 nequeunt
609 287 678 314 velle
690 289 783 315 conari
801 297 808 315 :
834 295 889 315 non
902 289 976 315 enim

192 328 342 363 sapientius
359 329 385 356 id
398 330 561 360 tentaveris.
575 339 657 366 quam
673 338 767 360 arator
781 335 828 368 qui
859 338 977 362 conten-

192 373 240 400 dat
259 373 329 401 stiva
347 382 397 408 per
408 374 509 402 ﬁuctus
522 375 629 409 adacta,
647 377 730 405 dorso
759 386 893 413 aquarum
919 379 978 407 acie

193 419 313 446 vomeris
325 419 430 446 sulcum
450 420 596 454 inﬁndere,
613 427 661 449 aut
672 427 754 450 nauta
784 424 831 458 qui
845 425 918 452 serio
932 433 978 452 sa-

193 469 266 499 tagat
281 472 378 492 navem
405 467 562 502 propellere
594 476 644 503 per
667 476 778 503 aequora
805 477 978 505 camporum.

193 510 341 538 Enimvero
352 519 413 546 quae
428 519 491 547 spes
507 514 620 541 omnino
631 515 677 547 sit,
696 515 780 543 ﬁdere
792 524 835 543 me
857 524 979 552 unquam

193 560 223 582 ut
235 557 327 584 amico
338 557 387 584 libi
401 565 492 592 posse,
507 566 590 593 quem
606 560 664 587 scio
677 568 792 596 corpora
814 563 901 590 nostri
933 571 980 599 ge-

193 601 277 632 neris,
296 602 452 638 ubicunque
466 611 496 631 se
510 605 654 633 commode
668 606 800 639 oﬁ‘erunt,
823 608 914 635 solere
932 616 980 636 co-

194 647 375 676 medere?Ad
392 649 444 677 hoc
458 657 576 678 corvus:
605 650 644 678 'l'e
670 651 759 685 decet,
784 653 833 685 ait,
860 661 892 681 ea
925 662 979 690 qua

193 693 269 720 vales
284 693 453 728 perspicacia
480 695 638 723 discernere
663 697 786 726 rationes
806 699 921 726 timendi
947 708 980 727 ac

195 740 321 773 sperandi
337 748 353 767 a
368 748 421 768 me.
439 741 524 769 Porro
538 750 618 777 quam
646 743 688 770 hat
707 743 734 771 in
751 743 802 772 hac
827 752 907 774 causa
929 753 980 780 po-

194 785 279 812 tiores
294 787 358 818 sint,
377 786 513 822 intelliges
539 796 601 816 cum
630 791 812 824 reputaveris,
848 792 980 819 securita-

195 836 248 858 tem
268 837 341 859 tuam
359 841 421 861 cum
437 842 496 862 mea
521 836 660 870 praestanti
682 836 802 864 utilitate
831 845 892 866 esse
912 846 979 865 con-

193 877 328 910 junctam.
348 878 525 907 Licetadhuc
543 881 590 907 tibi
607 889 660 908 non
676 887 790 917 experto
812 883 978 917 probitatem

197 930 295 954 meam,
313 924 402 951 vereri
418 933 451 952 ne
470 925 496 952 in
512 926 657 954 occasione
671 933 696 955 te
712 928 826 956 vorandi
843 929 909 956 mihi
923 938 978 958 non

196 971 356 1002 temperem.
372 969 424 997 Sed
448 971 532 998 sime
552 979 608 998 non
633 973 747 1000 stultum
776 978 868 1008 putas,
895 974 980 1002 debes

195 1013 343 1047 conﬁdere,
361 1023 404 1043 me
417 1021 512 1044 contra
537 1018 659 1046 rationes
689 1019 825 1054 proprias,
843 1028 904 1048 eum
922 1029 979 1048 ma-

194 1067 247 1092 gno
263 1067 324 1087 meo
347 1060 447 1088 damno
472 1070 526 1090 non
558 1063 706 1092 facturum.
735 1065 824 1093 Facile
845 1067 912 1094 mihi
939 1072 980 1094 est

194 1105 260 1133 alibi
273 1107 394 1141 reperire
409 1108 482 1143 quod
499 1110 612 1137 suavius
627 1111 710 1138 etiam
735 1112 879 1140 comedam
898 1121 978 1148 quam

195 1155 232 1183 te,
248 1152 367 1180 amicum
387 1153 425 1181 ita
455 1154 574 1187 ﬁdelem.
608 1156 645 1184 ita
675 1158 853 1191 industrium,
887 1159 980 1194 (ιιιίξεί

195 1198 305 1230 quando
317 1198 344 1225 in
360 1198 474 1234 laqueos
489 1200 620 1236 incidam,
643 1207 671 1231 et
687 1204 775 1238 possit
798 1209 825 1231 et
841 1205 908 1232 velit
933 1213 981 1233 eos

196 1242 331 1276 frangere,
346 1252 480 1280 nusquam
513 1247 662 1281 inveniam,
691 1254 717 1276 te
742 1250 862 1284 perdito.
889 1250 981 1278 Sentis

197 1288 319 1322 profecto
333 1297 414 1325 quam
425 1299 541 1320 securus
557 1300 617 1321 esse
632 1294 733 1322 debeas
748 1295 862 1329 periculi
887 1295 981 1331 cujus-

197 1332 238 1376 vis
266 1333 452 1368 impendentis
464 1344 479 1364 a
496 1345 550 1371 me,
574 1338 618 1366 cui
632 1339 704 1366 haud
721 1339 778 1367 fere
794 1340 885 1368 minus
898 1348 979 1376 quam

197 1375 246 1410 ipsi
262 1378 310 1405 tibi
325 1380 452 1414 expediat
471 1382 575 1410 salvum
594 1389 619 1411 te
634 1391 666 1412 ac
679 1384 787 1412 felicem
812 1393 893 1421 quam
916 1386 981 1413 diu-

197 1423 301 1451 tissime
323 1426 425 1454 vivere.
447 1428 526 1457 Mitte
555 1429 640 1466 igitur
663 1431 834 1465 suspiciones
858 1433 934 1464 istas,
953 1438 982 1460 et

196 1468 264 1495 mihi
281 1469 352 1498 bona
369 1471 421 1501 ﬁde
435 1473 477 1500 fac
494 1475 600 1508 copiam
617 1477 745 1504 amicitia:
764 1483 826 1510 tum,
843 1479 922 1514 cujus
937 1486 980 1506 me

196 1513 300 1542 dudum
316 1517 454 1551 cupiditas
473 1519 593 1547 incessit.
627 1521 696 1549 Nolo
720 1523 794 1550 enim
821 1508 978 1553 existimare
994 1508 1016 1538 ο

198 1565 223 1586 te
238 1561 371 1590 hodierno
386 1565 438 1592 isto
461 1568 650 1602 experimento
670 1569 750 1597 cilicii
766 1578 781 1598 a
796 1575 822 1598 te
844 1572 982 1599 columbis

197 1605 322 1639 exhibiti,
341 1609 456 1643 primam
477 1612 543 1638 mihi
560 1613 671 1640 virtutis
684 1618 736 1642 tute
762 1616 889 1644 notitiam
906 1619 983 1647 obla-

203 1653 453 1689 tamzjampridem
468 1658 500 1684 de
526 1663 570 1685 tua
597 1659 766 1688 humanitate
788 1670 981 1698 cognoveram,

197 1699 281 1726 odore
298 1700 417 1734 quodam
432 1703 491 1736 ejus
504 1703 558 1730 late
576 1711 606 1730 se
629 1704 761 1733 fundente
789 1708 886 1742 suique
909 1709 982 1736 indi-

197 1742 269 1769 cium
282 1749 437 1780 spargente.
454 1746 557 1774 Similis
572 1749 646 1776 enim
660 1749 782 1778 charitas
797 1752 911 1780 moscho
928 1758 980 1786 est.

196 1791 312 1817 aromali
343 1792 506 1821 suavissime
527 1794 670 1829 fragranti,
703 1797 782 1832 cujus
827 1799 889 1826 sinu
918 1799 983 1828 licet

196 1834 311 1866 conditi,
325 1842 389 1863 aura
401 1838 524 1871 quaedam
550 1840 710 1869 illecebrosa
725 1843 881 1878 exspirans,
911 1853 981 1872 cun-

197 1884 256 1906 ctos
267 1885 294 1907 et
312 1881 395 1909 aﬁicit
413 1888 441 1910 ct
458 1884 554 1912 allicit.
580 1886 718 1914 Adversus
735 1888 793 1916 haec
814 1898 885 1923 mus,
915 1899 983 1918 non-

196 1925 261 1952 dum
273 1926 353 1960 plane
375 1936 531 1963 persuasus,
563 1932 690 1967 excipere
712 1935 833 1968 perrexit
850 1936 876 1963 in
908 1937 982 1965 hunc

198 1971 327 2000 modum:
342 1973 436 2010 Magna
453 1976 493 2003 vis
517 1982 560 2004 est
583 1979 717 2007 naturalis
731 1980 799 2013 odii,
829 1982 908 2017 cujus
928 1982 981 2010 du-

197 2019 296 2053 plicem
330 2021 411 2049 video
441 2024 578 2058 speciem:
610 2025 743 2059 alteram,
776 2036 838 2062 qum
860 2028 982 2057 infensos

195 2067 307 2094 aemulos
325 2068 351 2095 in
362 2071 512 2098 certamina
527 2072 682 2103 committit,
694 2073 782 2108 qualis
806 2075 981 2110 elephantum

195 2117 223 2139 et
237 2112 348 2140 leonum
365 2115 508 2143 inimicitia
523 2122 581 2150 est;
596 2118 710 2146 alteram
725 2128 786 2155 quas
802 2121 982 2155 prmvalentes

1029 245 1101 273 inter
1116 253 1165 272 nos
1177 245 1296 272 charitas
1309 249 1402 280 queat.
1417 244 1518 271 Contra
1534 251 1565 271 ea
1583 251 1682 271 corvus
1695 253 1701 270 :
1718 244 1813 275 Erras.

1029 290 1127 325 inquit.
1146 298 1194 325 per
1218 290 1329 317 nimiam
1351 290 1537 325 prudentiam,
1556 295 1584 317 et
1610 297 1682 317 vano
1702 290 1817 317 terreris

1029 339 1114 362 metu.
1134 335 1262 369 Spondeo
1279 340 1307 362 et
1326 339 1424 370 praesto
1442 335 1503 366 tibi,
1517 343 1571 362 non
1589 334 1672 361 modo
1689 334 1770 361 ﬁdam
1784 342 1815 361 ac

1028 380 1174 412 sinceram,
1192 381 1239 409 scd
1256 385 1428 409 constantem
1444 389 1476 409 ac
1503 388 1654 416 perennem
1682 388 1769 407 meam
1786 380 1814 406 in

1029 430 1055 453 te
1068 426 1307 458 benevolentiam;
1337 427 1382 453 cui
1404 427 1426 453 si
1443 426 1611 461 respondere
1634 433 1689 453 non
1716 433 1814 460 grava-

1029 471 1115 504 beris,
1128 471 1330 499 nihilamieitiaa
1346 476 1446 499 nostra‘
1459 471 1557 502 deerit,
1574 478 1629 506 quo
1644 471 1737 498 minus
1751 478 1813 497 cum

1030 517 1180 544 verissimis
1200 518 1287 552 possit
1311 518 1425 552 mquari.
1453 517 1521 545 Novi
1539 525 1590 552 ego
1608 524 1719 552 quoque
1734 516 1816 542 diﬂ'e-

1029 563 1134 589 rentias
1148 563 1365 590 familiaritatum
1381 568 1409 591 et
1432 564 1562 598 quasdam
1589 570 1717 590 vasorum
1746 562 1815 589 ﬁcti-

1028 609 1097 636 lium
1115 609 1172 635 scio
1183 608 1298 638 similes.
1313 616 1373 643 qua
1387 616 1449 636 cum
1462 609 1517 636 cilo
1535 616 1566 636 ac
1589 609 1668 636 facile
1683 609 1814 643 frangun-

1030 659 1084 686 tur.
1101 659 1158 682 tum
1171 655 1291 690 reparari
1306 662 1338 682 ac
1364 655 1459 689 reﬁngi
1489 662 1541 689 ope
1554 662 1586 682 ac
1606 662 1681 681 mora
1711 657 1814 688 queunt

1031 700 1228 732 nulla;verum
1246 700 1313 727 alias
1341 700 1521 734 pretiosiores
1545 699 1675 734 quasdam
1690 699 1816 726 lancibus

1030 749 1078 773 aut
1094 745 1199 780 poculis
1219 746 1310 772 aureis
1326 745 1461 772 amicitias
1486 745 1587 772 merito
1602 752 1740 779 comparo,
1755 751 1815 778 quas

1030 791 1158 819 videlicet
1183 799 1237 818 non
1263 796 1378 822 temere,
1403 797 1451 819 aut
1468 799 1554 825 prona
1579 795 1643 818 rotae
1669 791 1814 825 vertigine,

1031 838 1124 865 statim
1141 844 1213 869 nata.
1229 838 1276 865 sed
1297 842 1376 865 cauta
1389 838 1530 865 fornacum
1548 836 1737 872 exploratione
1749 836 1816 862 mal-

1032 884 1193 918 leorumque
1221 884 1319 912 artiﬁci
1357 884 1485 911 tunsione
1512 884 1615 918 liquata
1645 884 1816 917 formalaque

1032 929 1147 957 materia
1160 929 1310 960 elaborata.
1328 934 1385 957 tum
1397 930 1570 957 constantius
1583 929 1683 956 durant
1696 937 1703 961 ;
1718 933 1775 956 tum
1792 928 1815 956 si

1031 975 1098 1010 quid
1116 975 1275 1003 detrimenti
1287 962 1364 1010 lapsu
1379 980 1426 1002 aut
1446 975 1558 1003 incursu
1575 975 1744 1009 acceperint.
1759 981 1815 1001 non

1031 1017 1178 1046 diﬁiculter
1204 1024 1395 1046 restaurantur
1418 1023 1643 1053 reponunturque
1660 1018 1688 1045 in
1713 1022 1814 1045 statum

1031 1065 1190 1100 pristinum.
1223 1065 1296 1093 Talis
1314 1066 1379 1096 erit,
1409 1073 1444 1092 ne
1468 1064 1589 1096 dubites,
1609 1071 1686 1090 amor
1710 1067 1816 1094 noster,

1031 1118 1085 1138 non
1102 1110 1225 1142 fortuito,
1238 1111 1285 1138 sed
1309 1118 1343 1138 ex
1362 1114 1436 1138 certa
1468 1114 1497 1137 et
1522 1113 1628 1136 matura
1654 1109 1816 1136 meritorum

1031 1161 1113 1191 atque
1142 1156 1290 1184 utilitatum
1316 1161 1473 1184 mutuarum
1507 1155 1688 1183 aestimatione
1714 1159 1791 1182 ortus
1807 1175 1814 1187 ,

1031 1202 1139 1237 qualem
1152 1201 1227 1228 nulla
1239 1209 1358 1236 unquam
1371 1201 1557 1236 longinquitas
1570 1200 1711 1235 temporis,
1723 1201 1816 1228 nullus

1031 1255 1111 1275 casus
1122 1252 1170 1274 aut
1189 1255 1268 1275 error
1282 1247 1498 1275 labefactaverit.

1067 1293 1099 1320 V.
1114 1293 1259 1320 Einollitus
1272 1297 1327 1319 tam
1344 1292 1456 1319 instanti
1469 1293 1592 1320 oratione
1606 1300 1676 1324 mus,
1691 1292 1815 1327 Accipio.

1032 1339 1134 1374 inquit,
1151 1346 1233 1373 quam
1258 1338 1343 1366 offers
1366 1338 1528 1372 amicitiam,
1543 1346 1595 1366 nec
1611 1342 1637 1365 te
1653 1338 1771 1372 primum
1783 1345 1816 1365 ex

1032 1385 1161 1413 omnibus
1172 1385 1220 1420 qui
1234 1392 1277 1412 me
1292 1384 1395 1419 aliquid
1414 1389 1554 1420 rogarunt,
1570 1385 1656 1419 optati
1675 1389 1815 1418 expertem

1032 1431 1179 1459 dimittam.
1199 1431 1258 1459 Non
1273 1436 1363 1459 tamen
1386 1432 1501 1466 poenitet
1527 1431 1658 1466 allegasse
1680 1438 1740 1465 quae
1768 1438 1815 1456 au-

1032 1477 1107 1509 disti,
1138 1477 1306 1512 pertinentia
1336 1477 1422 1512 magis
1437 1476 1470 1504 ad
1497 1476 1702 1504 excusationem
1727 1483 1815 1502 meam

1032 1531 1113 1559 quam
1128 1524 1162 1551 ad
1185 1523 1425 1558 praamunitionem
1455 1528 1540 1550 tuam.
1565 1522 1645 1549 Volui
1671 1526 1726 1549 tam
1756 1522 1816 1549 fusa

1032 1569 1218 1597 declaratione
1241 1577 1364 1596 meorum
1378 1576 1508 1596 sensuum
1522 1568 1671 1604 praeripere
1682 1568 1731 1595 tibi
1754 1575 1816 1595 om-

1032 1623 1095 1643 nem
1109 1623 1202 1642 ansam
1227 1614 1377 1642 insultandi
1406 1622 1526 1645 unquam
1547 1614 1714 1649 simplicitati
1738 1621 1816 1644 mese.

1031 1661 1054 1688 si
1078 1661 1200 1695 quando,
1224 1660 1301 1694 quod
1326 1660 1418 1687 absit!
1434 1659 1605 1694 contingeret
1625 1659 1732 1687 resilire
1753 1663 1785 1696 ite
1802 1668 1817 1686 a

1032 1707 1128 1741 pactis.
1142 1705 1201 1733 Non
1218 1706 1291 1733 enim
1308 1711 1373 1732 tunc
1387 1705 1517 1740 gratulari
1533 1709 1623 1733 tecum
1646 1713 1751 1740 posses,
1776 1706 1818 1732 fu-

1032 1759 1095 1779 cum
1113 1756 1138 1779 tc
1156 1751 1253 1779 fecisse
1270 1751 1324 1778 tuis
1337 1750 1480 1778 fraudibus
1495 1758 1588 1778 crasso
1605 1751 1713 1778 cuidam
1727 1755 1755 1779 et
1766 1751 1818 1778 im-

1032 1796 1159 1832 provido,
1174 1804 1293 1831 eumque
1318 1804 1387 1823 vana
1411 1797 1596 1824 ostentatione
1618 1797 1816 1831 promissorum

1033 1843 1116 1870 stulte
1143 1842 1286 1871 credulum
1312 1842 1454 1870 induxisse
1483 1843 1516 1870 ad
1534 1843 1634 1876 foedus,
1663 1843 1722 1878 ejus
1751 1844 1815 1870 olim

1032 1889 1153 1924 pernicie
1171 1888 1361 1916 sanciendum.
1376 1889 1536 1924 Testorjam
1549 1897 1621 1916 nunc
1636 1894 1661 1916 te
1676 1889 1765 1924 ipsum
1783 1898 1816 1917 an

1032 1934 1227 1970 prreviderim?
1244 1942 1277 1961 an
1293 1942 1347 1962 non
1372 1934 1602 1969 praemonuerim?
1630 1935 1746 1962 Duritici
1774 1943 1819 1962 me

1033 1989 1127 2016 posses
1139 1989 1270 2009 accusare
1296 1981 1387 2008 sinon
1412 1981 1669 2013 annuerem,fatute
1699 1982 1819 2010 creduli-

1034 2028 1098 2054 tatis
1111 2032 1139 2055 et
1164 2027 1356 2062 imprudentiae
1371 2027 1500 2054 damnare
1515 2035 1549 2055 ne
1567 2032 1595 2054 tu
1616 2027 1728 2062 quidem
1759 2027 1818 2063 ipse

1033 2080 1137 2107 posses,
1153 2073 1263 2107 quando
1281 2072 1375 2107 (quod
1391 2080 1445 2099 non
1457 2073 1577 2099 arbitror
1587 2072 1655 2103 fore,
1683 2080 1734 2100 nec
1747 2073 1819 2100 Deus

1033 2120 1129 2148 siverit
1143 2121 1151 2154 )
1165 2120 1241 2146 abuti
1259 2119 1324 2146 olim
1346 2119 1431 2147 velles
1456 2119 1584 2147 amicitia:
1600 2119 1698 2146 ﬁducia
1723 2120 1757 2147 ad
1776 2128 1819 2146 me

195 2166 257 2185 ﬂlm
275 2159 400 2193 inﬁrmis,
413 2162 523 2190 timidos
537 2172 599 2191 cum
624 2165 777 2193 audacibus
803 2174 979 2201 comparans,
996 2176 1019 2203 ι)
1033 2165 1173 2193 incautum
1191 2165 1411 2200 opprimendum.
1429 2164 1477 2192 His
1488 2164 1581 2196 dictis,
1600 2165 1632 2191 ad
1646 2171 1677 2191 os
1700 2164 1760 2191 cavi
1775 2164 1818 2190 sui

196 2203 327 2237 impetum
339 2213 371 2234 ac
382 2207 435 2234 vim
451 2215 547 2236 s:cvam
569 2210 728 2238 fortioribus
739 2211 864 2246 inspirat,
893 2212 981 2240 imbe-

196 2250 266 2277 cillis
276 2251 342 2278 nihil
355 2261 504 2287 suggerens
514 2255 586 2282 aliud
600 2256 651 2283 nisi
664 2257 836 2284 formidinem
845 2265 876 2285 ac
893 2258 982 2293 fugam

196 2296 341 2330 trepidam.
365 2298 437 2326 Talis
460 2301 546 2327 nostri
576 2304 694 2329 murium
720 2303 827 2337 generis
854 2311 916 2331 cum
946 2304 984 2331 I'e-

197 2342 270 2370 libus
283 2343 407 2372 simultas
420 2351 472 2377 est,
488 2354 503 2372 a
516 2355 569 2381 qua
584 2355 637 2374 non
648 2348 763 2375 multum
776 2348 869 2376 diﬁ‘ert
893 2354 982 2377 vestra

197 2397 308 2425 quoque
323 2392 528 2420 carnlvorarum
542 2398 569 2421 et
581 2394 720 2429 rapacium
733 2394 875 2422 volucrum
890 2396 917 2422 in
933 2403 983 2423 nos

199 2435 339 2468 violentia,
355 2444 415 2471 quae
431 2445 494 2465 cum
508 2443 634 2466 naturam
650 2439 750 2466 habeat
761 2444 913 2472 auctorem,
938 2441 983 2467 vix

200 2480 253 2507 ulla
269 2489 389 2516 unquam
406 2483 522 2511 rationis
537 2483 726 2512 moderatione
741 2485 893 2520 mitigatur;
909 2487 983 2521 ejus-

198 2525 260 2553 dem
291 2529 391 2563 quippe
407 2529 573 2557 conditionis
587 2535 629 2558 est
640 2537 702 2557 cum
716 2530 837 2558 dissidiis
865 2532 983 2559 elemen-

201 2578 293 2600 torum
321 2582 434 2609 prorsus
458 2575 680 2610 implacabilibus
698 2581 727 2603 et
752 2577 984 2611 desperatissimm

200 2620 416 2655 paciﬁcationis;
431 2623 542 2656 quando
564 2623 637 2650 enim
658 2627 832 2656 exspectetur
846 2627 877 2650 ut
907 2631 984 2658 aqua:

202 2668 272 2694 bona
288 2667 340 2694 ﬁde
356 2676 419 2695 cum
436 2669 497 2704 igne
513 2668 680 2696 conveniat?
694 2667 789 2696 Caleﬁt
811 2668 922 2702 quidem
937 2677 984 2704 ge-

199 2714 273 2742 lidus
287 2715 379 2750 liquor
392 2714 507 2742 ﬂamma:
526 2715 551 2742 vi
568 2715 696 2745 admota),
726 2714 880 2749 ebullitque
895 2722 927 2742 ac
943 2715 984 2742 fu-

202 2767 267 2793 mat,
279 2763 325 2790 sed
340 2767 520 2797 praeterquam
546 2761 599 2788 sibi
627 2761 750 2792 relictus,
777 2760 900 2788 nativum
928 2760 984 2789 cito

202 2809 286 2843 frigus
295 2808 403 2843 recipit,
420 2813 476 2835 tum
490 2807 572 2835 etiam
584 2814 646 2833 cum
659 2806 747 2833 fervet
756 2806 882 2836 maxime,
895 2806 983 2841 ignem

202 2856 230 2883 iu
243 2863 323 2890 quem
340 2853 632 2888 incideritexstinguit.
648 2852 782 2886 Quocirca
798 2860 895 2879 vereor
907 2853 985 2886 cqui-

1036 2219 1097 2238 mus
1113 2213 1239 2243 accessit,
1248 2215 1277 2238 et
1290 2215 1372 2244 caput
1382 2209 1515 2236 duntaxat
1526 2209 1598 2236 foras
1613 2209 1736 2244 protulit.
1749 2209 1818 2236 Tum

1034 2264 1144 2288 corvus,
1160 2256 1289 2291 lnjuriam
1303 2255 1370 2282 mihi
1391 2254 1468 2286 facis,
1497 2255 1545 2286 ait,
1559 2254 1605 2289 qui
1631 2254 1752 2281 nondum
1779 2255 1820 2281 vi-

1033 2302 1116 2329 deare
1131 2306 1233 2328 metum
1249 2301 1302 2328 mei
1325 2301 1474 2336 deponere.
1492 2300 1563 2333 Quin
1582 2306 1610 2327 tu
1636 2303 1710 2327 totus
1723 2300 1758 2327 ad
1775 2308 1818 2328 me

1034 2347 1148 2382 prodis?
1163 2352 1210 2375 aut
1223 2347 1290 2382 quid
1306 2347 1386 2373 times
1407 2350 1467 2381 post
1484 2351 1538 2373 tam
1565 2345 1686 2372 sinceras
1710 2352 1821 2379 expres-

1034 2393 1127 2421 siones
1140 2401 1206 2420 mcte
1217 2393 1265 2420 tibi
1278 2392 1395 2420 addictze
1412 2391 1580 2419 voluntatis?
1590 2392 1629 2418 Ad
1640 2399 1673 2418 ea
1684 2399 1745 2418 mus
1762 2392 1820 2418 INBC

1035 2439 1175 2473 reposuit:
1191 2439 1326 2466 Amicitiae
1342 2438 1444 2473 duplex
1460 2445 1548 2472 genus
1566 2437 1594 2464 in
1609 2437 1667 2464 vita
1685 2442 1741 2469 est;
1757 2445 1818 2464 nam

1034 2486 1081 2512 alii
1098 2485 1201 2512 aﬁ‘ectu
1218 2485 1317 2513 intimo
1333 2484 1418 2511 animi
1440 2492 1469 2511 se
1485 2483 1603 2511 invicem
1618 2483 1735 2518 amplexi
1755 2491 1819 2510 vere

1034 2535 1137 2564 amant,
1157 2539 1211 2558 non
1227 2531 1310 2559 alium
1322 2534 1471 2565 sequentes
1486 2529 1588 2557 amoris
1603 2529 1722 2556 fructum
1737 2537 1819 2564 quam

1035 2577 1122 2611 ipsam
1149 2577 1246 2612 dignos
1261 2576 1370 2604 amandi
1395 2575 1585 2607 honestatem;
1603 2574 1719 2601 aliorum
1746 2582 1820 2608 quae-

1035 2623 1138 2650 stuosis
1161 2622 1300 2657 implicata
1323 2621 1478 2649 rationibus
1503 2625 1531 2648 et
1556 2620 1670 2648 minime
1699 2621 1819 2655 gratuita

1035 2669 1148 2696 dilectio
1180 2672 1233 2700 est,
1263 2667 1446 2702 spectantium
1467 2674 1522 2694 non
1545 2673 1678 2701 personas
1707 2665 1821 2693 dotesve

1035 2714 1168 2742 amabiles
1193 2714 1368 2745 dilectorum,
1397 2712 1445 2744 sed
1466 2719 1533 2747 opes
1551 2712 1681 2746 vicesque
1712 2716 1821 2739 mutuas

1036 2766 1211 2796 spcratorum
1231 2768 1265 2788 ex
1291 2759 1360 2795 ipsis
1378 2759 1528 2786 ciliciorum
1548 2757 1582 2785 ad
1598 2758 1661 2785 vitae
1688 2762 1821 2792 opportu-

1036 2807 1136 2834 nitates
1152 2806 1272 2833 utilium.
1288 2805 1342 2832 llos
1359 2811 1409 2839 ego
1434 2811 1593 2838 comparare
1622 2803 1722 2830 vestris
1736 2803 1821 2830 hosti-

1037 2853 1087 2882 bus
1101 2852 1254 2889 aucupibus
1270 2851 1356 2884 soleo,
1374 2850 1439 2878 dum
1458 2857 1541 2886 grana
1561 2853 1704 2886 spargunt,
1728 2855 1821 2879 escam

1804 2949 1826 2956 «-
