1913 3068
95 124 164 151 1299

790 118 996 150 APPENDIX.

1649 113 1719 146 1300

89 182 237 210 expetitum
256 175 364 207 avibus,
377 177 449 212 larga
464 183 548 204 manu
564 176 667 203 circum
683 175 806 210 laqueos.
822 183 875 202 non
891 179 914 206 Α
928 176 1047 204 ofﬁciunt
1068 176 1155 204 muris
1175 177 1201 203 in
1234 176 1386 207 columbas,
1405 180 1434 202 et
1461 179 1631 202 contractam
1652 181 1718 201 cum

89 222 144 250 ulla
159 221 322 249 liberalitate
336 227 382 249 aut
401 222 590 250 benefaciendi
617 220 722 254 studio,
750 221 798 248 sed
819 229 876 248 sor-

90 267 155 294 dida
171 267 292 294 instincti
309 267 460 302 cupiditate
486 267 625 302 praedandi
646 274 730 301 seque
746 266 820 301 ipsos
834 274 876 293 sa-

90 312 201 346 ginandi
214 313 344 340 carnibus
363 313 538 348 deceptarum
566 312 736 340 illecebrosis
768 312 877 339 insidiis

88 359 243 386 volucrum.
261 359 356 386 Procul
371 359 427 386 haec
441 367 457 387 a
473 367 534 386 meo
548 367 597 386 usu
614 364 641 386 et
656 359 737 392 genio
750 358 877 385 amicitia:

88 404 176 431 forma
192 409 244 436 est,
258 412 340 438 quant
366 412 400 432 ne
423 404 471 432 tibi
495 405 606 439 quidem
623 404 734 439 probari
757 404 875 431 conﬁdo.

89 449 224 484 Equidem
243 449 310 477 mihi
324 458 384 477 sum
403 450 541 481 conscius.
565 458 653 477 meam
677 450 704 477 in
722 455 747 477 te
765 458 820 476 uno
837 450 878 476 di-

89 495 236 523 lectionem
256 497 444 530 acquiescere.
470 504 520 523 nec
533 497 581 523 ulli
595 500 726 530 praeterea
739 504 772 523 ex
790 501 815 524 te
835 503 880 523 ca—

91 540 195 575 ptando
222 541 328 569 inhiare
361 542 526 576 compendio
552 547 600 570 aut
612 542 767 570 commodo.
799 542 876 575 Quod

90 591 182 614 autem
195 587 318 614 nondum
335 591 410 615 totus
423 587 538 622 prodeo,
554 595 610 615 non
630 588 729 615 ullusa
742 593 769 615 te
788 593 878 614 metus

91 633 119 659 in
136 640 216 660 causa
232 638 290 666 est;
306 633 373 660 satis
389 633 498 661 conﬁdo
511 633 604 661 verbis
630 634 686 660 tuis
708 638 739 660 ut
767 641 809 660 me
827 633 877 661 tibi

91 678 207 706 credere
223 686 278 706 non
295 679 439 707 dubitem:
461 687 557 707 verum
578 680 624 706 alii
655 679 879 707 circumvolitant

91 724 130 752 tui
147 725 263 756 similes.
281 733 295 752 a
310 733 428 760 quorum
439 725 466 752 vi
481 725 555 752 nulla
571 725 639 752 mihi
651 724 741 752 adhuc
751 725 878 760 pactione

91 773 202 797 cautum
217 775 271 798 est.
287 770 388 797 liorum
401 777 508 805 ungues
522 773 550 797 et
577 774 666 797 rostra
681 777 736 797 non
753 770 813 797 sine
836 777 879 796 ra-

92 815 167 843 tione
182 816 316 843 metuenti
329 815 472 850 ignoscere
485 821 511 843 te
528 815 595 842 mihi
612 823 721 850 acquum
737 820 796 849 est;
824 823 877 842 non

90 859 164 887 enim
182 860 266 887 iidem
290 861 412 888 omnium
429 868 520 888 mores
544 868 576 888 ac
588 868 688 888 sensus
717 864 793 892 sunt,
809 868 879 896 quos

92 911 197 934 naturae
212 907 311 935 similis
324 908 416 943 jungit
428 907 598 934 communio.
626 907 721 942 Neque
743 907 796 935 hoc
823 907 879 934 for-

91 952 190 984 mides.
208 953 246 980 ait
262 960 371 984 corvus.
389 961 452 980 nam
479 953 571 981 ftedus
596 953 726 980 ineuntes
749 953 878 980 amicitia:

92 1006 143 1033 pro
153 1006 182 1026 se
209 999 322 1034 suisque
342 999 534 1033 paciscuntur;
562 999 705 1033 primaque
723 1005 794 1025 verae
811 998 879 1025 ami-

91 1044 163 1072 citiai
176 1044 217 1072 lex
232 1049 274 1072 est
285 1045 389 1072 amicos
401 1052 493 1072 amare
500 1044 652 1072 amicorum
662 1044 879 1078 eorumdemque

91 1091 186 1120 hostes
197 1092 261 1119 odio
274 1092 415 1127 prosequi.
444 1091 559 1119 Dabitur
575 1091 670 1118 ellicax
687 1099 702 1118 a
722 1098 765 1118 me
783 1098 877 1125 opera.

91 1146 127 1165 ne
151 1135 271 1171 dubites,
300 1146 355 1166 non
379 1138 461 1166 modo
485 1143 514 1164 ut
535 1145 569 1164 ne
586 1137 652 1172 quid
685 1137 735 1164 tibi
763 1141 880 1164 noceant

90 1183 190 1212 fratres
202 1185 407 1219 necessariique
423 1184 488 1217 mei,
502 1190 598 1211 verum
626 1183 709 1210 etiam
727 1187 758 1210 ut
778 1187 804 1210 te
823 1190 878 1210 non

92 1229 184 1257 minus
197 1238 279 1265 quam
290 1237 340 1265 ego
356 1237 389 1256 ex
414 1230 507 1257 animo
528 1229 644 1264 diligant
667 1236 699 1256 ac
724 1236 774 1263 pro
805 1228 879 1255 virili

88 1275 197 1310 juvent.
224 1276 273 1303 His
307 1276 427 1311 denique
459 1275 563 1303 auditis
581 1282 666 1303 ausus
687 1274 780 1309 egredi
805 1282 876 1306 mus,

90 1321 213 1349 solemne
228 1323 357 1350 amicitiae
370 1327 573 1351 sacramentum
597 1328 681 1348 corvo
701 1320 780 1352 dixit.
797 1320 880 1348 vicis-

91 1367 199 1403 simque
213 1369 321 1403 accepit
345 1373 456 1396 aeterna:
478 1367 676 1395 benevolentia;
696 1366 830 1393 ﬁrmatam
845 1367 879 1394 ab

90 1420 135 1444 eo.
155 1414 209 1441 Deo
223 1419 303 1447 teste,
316 1414 409 1442 ﬁdem.

102 1494 104 1496 _
128 1459 172 1487 Vl.
193 1459 258 1486 Inde
274 1460 302 1487 in
314 1459 502 1488 familiaritate
519 1462 650 1487 Iraternae
666 1459 880 1487 necessitudinis

929 227 984 249 tam
1002 221 1081 249 firmo
1097 226 1125 249 et
1146 221 1199 249 fido
1224 222 1313 248 amico
1334 219 1580 248 necessitudinem.
1595 219 1719 253 Appare-

928 270 975 297 bat
988 269 1119 297 delectari
1135 277 1262 297 sermone
1288 268 1469 300 testudinem,
1491 275 1552 302 qua:
1577 267 1660 294 etiam
1685 266 1720 292 iis

930 316 1019 343 oculis
1048 321 1101 343 tam
1118 315 1297 343 laudabilium
1323 319 1466 342 auctorem
1483 313 1640 340 facinorum
1655 319 1719 338 mu—

931 370 989 389 rem
1019 361 1193 393 intuebatur,
1208 361 1256 395 qui
1287 360 1367 388 facile
1394 360 1618 387 demonstrarent
1635 357 1717 385 illum

929 408 965 435 ab
978 408 1036 443 ipsa
1051 415 1161 443 quoque
1170 408 1226 443 jam
1237 415 1313 434 nunc
1330 407 1419 442 diligi.
1432 406 1503 434 Tum
1517 412 1620 433 corvus
1636 404 1719 431 lami-

930 455 1035 482 liariter
1051 461 1204 481 conversus
1215 454 1248 481 ad
1266 461 1372 480 muer
1384 462 1390 479 :
1404 453 1475 488 Age.
1493 452 1592 487 inquit.
1605 451 1687 478 ﬁdem
1702 471 1709 481 .

930 501 952 527 si
965 499 1084 532 videtur,
1100 499 1210 526 exsolvo
1225 497 1540 534 promissorum,quibus
1549 503 1576 525 te
1590 501 1720 524 narratu-

931 554 1003 578 rum,
1022 545 1068 573 ubi
1099 548 1222 576 vacaret,
1244 544 1373 579 reccpisti
1390 543 1514 579 quaedam
1535 550 1632 571 eorum
1658 550 1722 577 quae

931 593 1010 625 longa
1035 591 1084 618 tibi
1100 595 1179 618 aetate
1194 591 1316 625 experiri
1333 598 1365 618 ac
1379 590 1473 617 videre
1486 589 1622 623 contigit;
1637 597 1700 616 nam
1712 608 1720 619 ,

931 637 957 662 ni
971 635 1061 668 fallor,
1077 640 1105 662 et
1121 635 1252 662 idoneum
1278 635 1368 670 longae
1393 633 1613 661 confabulationi
1628 633 1721 661 locum

931 683 976 709 hic
987 682 1132 715 habemus,
1149 687 1177 709 et
1191 686 1302 716 tempus
1321 689 1334 708 a
1353 681 1450 716 majori
1469 688 1536 708 cura
1554 687 1682 707 vacuant.

968 728 1024 756 VII.
1039 728 1118 755 Tunc
1131 734 1192 754 mus
1209 726 1242 754 ad
1259 726 1356 754 ambos
1375 727 1516 754 inbianter
1538 731 1658 754 attentos
1681 726 1722 752 sic

931 774 1023 802 dicere
1040 781 1121 802 orsus
1131 777 1173 800 cst
1188 781 1194 799 :
1208 773 1326 799 Primam
1343 779 1394 807 ego
1411 771 1491 799 fixam
1513 772 1660 799 stationem
1671 778 1723 805 po-

931 820 973 847 sui
985 820 1012 846 in
1032 819 1101 846 cella
1119 818 1264 853 cujusdam
1287 817 1403 845 solitarii
1419 837 1427 848 .
1443 817 1492 845 ubi
1515 818 1589 845 victu
1608 816 1723 843 fruebar

933 867 1018 897 lauto.
1035 866 1103 893 clam
1120 872 1279 899 pnuvorans
1293 872 1355 898 qua:
1372 864 1420 892 ille
1437 865 1491 892 sibi
1514 868 1658 898 paraverat
1673 883 1679 892 .
1693 868 1723 889 et

932 921 964 940 ex
977 913 1021 940 his
1033 919 1094 947 quas
1106 911 1284 939 abundabant
1293 911 1410 938 satietati
1424 918 1490 938 mea:
1498 918 1624 945 magnum
1639 909 1722 936 soda-

933 959 1001 987 lium
1027 966 1156 985 meorum
1185 964 1335 985 numerum
1361 964 1499 993 pascens.
1523 956 1569 990 qui
1599 963 1633 982 eo
1655 955 1722 981 [hihi

934 1005 1069 1033 beneﬁcio
1080 1005 1216 1037 obstricti,
1232 1004 1383 1038 obsequio,
1401 1009 1431 1030 ut
1445 1003 1486 1033 lit.
1501 1007 1529 1030 et
1543 1003 1652 1029 honore
1666 1002 1723 1028 lar-

933 1052 1048 1086 gitorem
1071 1050 1259 1078 celebrabant.
1291 1049 1405 1077 Interim
1429 1048 1593 1081 solitarius,
1613 1046 1723 1074 damnis

933 1097 1103 1133 quotidianis
1118 1096 1254 1127 irritatus,
1273 1095 1341 1123 nihil
1372 1103 1428 1122 non
1443 1094 1569 1122 tentabat
1578 1101 1634 1128 quo
1645 1100 1724 1120 meas

933 1151 993 1172 ase
1009 1143 1125 1179 injurias
1149 1141 1310 1176 depelleret.
1337 1141 1390 1168 Sed
1411 1140 1515 1167 frustra
1540 1144 1621 1167 erant
1647 1144 1723 1165 artes

933 1191 994 1226 ejus
1012 1196 1118 1221 omnes,
1137 1195 1181 1215 me
1198 1187 1315 1215 solerter
1327 1194 1358 1214 ac
1373 1187 1492 1214 feliciter
1505 1191 1601 1213 contra
1612 1192 1723 1219 semper

933 1236 1118 1264 machinante.
1144 1235 1240 1269 Itaque
1257 1255 1265 1266 ,
1291 1241 1353 1261 cum
1375 1233 1447 1260 inter
1466 1233 1519 1260 alia
1547 1237 1723 1259 commentus

933 1287 1006 1311 esset
1023 1281 1232 1316 suspensionem
1247 1288 1279 1307 ex
1296 1279 1398 1315 paxillo
1419 1278 1505 1314 parati
1521 1279 1577 1314 jam
1590 1277 1698 1313 prandii
1714 1298 1722 1309 ,

933 1328 1025 1364 quoad
1054 1329 1123 1355 hora
1151 1327 1230 1363 juxta
1260 1325 1435 1360 disciplinam
1466 1328 1623 1352 ascetarum
1650 1327 1724 1350 stata

933 1375 1087 1410 legitimum
1102 1372 1232 1401 vescendi
1253 1377 1361 1406 tempus
1375 1370 1539 1401 reduxisset.
1552 1376 1604 1404 ego
1622 1368 1724 1396 nihilc-

934 1421 1028 1448 minus
1050 1426 1182 1454 arrepens
1197 1423 1225 1446 et
1245 1425 1358 1446 sursum
1388 1417 1480 1444 nitens
1516 1424 1550 1444 eo
1579 1415 1722 1450 pertinge-

934 1467 998 1495 bam
1012 1488 1019 1499 ,
1036 1466 1104 1494 dans
1128 1465 1252 1493 sedulam
1268 1472 1381 1500 operam
1399 1470 1429 1490 ut
1448 1471 1480 1490 ex
1498 1463 1569 1490 meis
1589 1461 1725 1489 duntaxat

92 1513 155 1533 cum
180 1506 320 1538 viverent,
345 1506 464 1541 quadam
489 1506 535 1533 die
562 1513 662 1533 corvus
688 1505 759 1532 muri
789 1505 877 1532 dixit:

934 1512 1064 1547 reliquiis
1089 1511 1183 1538 vivere
1210 1510 1352 1537 solitarius
1387 1512 1570 1536 assuesceret.
1596 1507 1634 1535 Ea
1663 1507 1724 1533 vice

91 1551 178 1579 Video
204 1559 303 1579 cavum
312 1552 366 1580 hoc
380 1556 458 1579 tuum
469 1553 519 1579 viae
541 1551 652 1579 militari
669 1552 836 1586 proximum,
852 1555 880 1578 et

91 1606 190 1626 vereor
204 1606 239 1626 ne
255 1598 430 1633 frequentem
443 1606 535 1626 meum
550 1598 605 1625 huc
616 1597 762 1632 appulsum
771 1597 881 1631 conspi-

92 1644 147 1672 cati
164 1644 296 1677 viatores,
317 1644 465 1672 advertant
486 1645 610 1672 animum
628 1643 663 1671 ad
678 1643 880 1679 explorandum

91 1698 226 1725 quorsum
256 1691 330 1719 hunc
354 1691 381 1718 in
405 1692 496 1718 locum
525 1697 580 1718 tam
609 1691 708 1718 crebro
735 1691 880 1724 ventitem,

92 1737 187 1771 sicque
206 1745 269 1764 cum
287 1738 389 1765 damno
413 1744 461 1766 tuo
484 1739 512 1765 in
536 1738 665 1766 notitiam
685 1738 801 1765 veniant
813 1738 881 1765 lateo

92 1783 207 1810 brarum
226 1787 348 1812 tuarum.
374 1784 443 1812 Novi
470 1789 562 1812 autem
590 1784 737 1812 stationem
759 1784 840 1820 longe
866 1792 882 1812 a

92 1829 140 1856 tali
160 1830 284 1865 periculo
308 1836 461 1862 remutam,
480 1831 526 1858 ubi
542 1832 632 1865 pisces
657 1831 736 1858 multi
753 1835 818 1858 sunt
831 1850 839 1862 ,
854 1834 883 1857 et

94 1882 188 1903 rerum
211 1875 328 1902 aliarum
356 1875 390 1902 ad
415 1876 519 1903 victum
550 1880 769 1910 opportunarum
802 1875 882 1909 copia

95 1921 213 1956 benigna
229 1930 236 1954 ;
254 1922 344 1949 habeo
359 1927 490 1956 praeterea
518 1922 619 1949 ibidem
636 1922 802 1949 testudinem
816 1922 884 1948 ami-

95 1974 184 1999 cam;
212 1975 300 2002 quare
331 1967 398 1994 illuc
428 1968 546 2003 migrare
571 1968 666 2002 ibique
686 1967 821 1995 diversari
848 1967 882 1996 de

94 2017 196 2040 caetero
213 2012 337 2045 decrevi,
351 2013 403 2040 nisi
413 2014 481 2048 quid
493 2019 521 2040 tu
537 2021 617 2041 secus
632 2013 729 2041 sentis.
743 2013 789 2041 Ait
804 2021 882 2041 mus:

94 2061 144 2089 Ibo
156 2065 248 2096 etxgo
268 2061 439 2097 perlibenter
451 2066 556 2094 tecum,
576 2062 653 2090 soleo
665 2062 740 2090 enim
764 2070 819 2089 non
835 2062 882 2089 uni

93 2107 271 2142 receptaculo
292 2107 444 2137 confidere.
462 2107 515 2135 Sed
535 2115 579 2135 me
600 2115 709 2143 semper
724 2108 802 2144 juvat
815 2108 884 2136 duas

96 2154 194 2182 saltem
210 2153 312 2182 habere
326 2154 496 2186 mansiones,
510 2162 630 2190 quarum
646 2155 674 2182 in
687 2155 803 2183 alteram
817 2163 883 2182 con-

933 1567 1026 1586 rerum
1044 1558 1156 1585 divertit
1172 1557 1204 1584 ad
1224 1565 1287 1584 eum
1308 1556 1409 1590 hospes
1431 1565 1437 1582 :
1454 1559 1598 1589 exceptus,
1617 1558 1647 1581 ut
1662 1553 1723 1580 fieri

932 1605 968 1632 ab
982 1604 1041 1632 istis
1056 1603 1136 1635 solet,
1151 1611 1217 1630 sane
1238 1603 1373 1630 benevole
1388 1610 1420 1629 ac
1440 1601 1566 1629 comiter.
1586 1601 1650 1628 Post
1664 1599 1724 1634 pri-

934 1658 994 1680 mas
1011 1650 1202 1679 salutationes.
1220 1649 1290 1676 inter
1309 1648 1432 1676 oliiciosa
1447 1647 1587 1682 colloquia
1603 1667 1611 1679 ,
1628 1645 1724 1673 solita-

934 1698 992 1724 rius
1009 1697 1126 1731 strepitu
1151 1695 1222 1723 forte
1236 1695 1332 1722 audito
1345 1715 1352 1726 ,
1370 1702 1413 1722 me
1432 1694 1524 1722 moliri
1545 1693 1648 1728 aliquid
1675 1700 1726 1727 pro

935 1751 1011 1771 more
1039 1748 1115 1770 ratus
1132 1764 1139 1775 ,
1154 1741 1321 1770 exterrendo
1342 1741 1410 1769 mihi
1441 1741 1590 1776 complosit
1612 1747 1723 1767 manus.

934 1789 1021 1824 quue
1032 1797 1114 1817 causa
1131 1789 1226 1816 cadent
1240 1796 1302 1816 cum
1317 1789 1419 1815 iterum
1439 1792 1468 1815 et
1485 1787 1569 1814 tertio
1593 1786 1725 1820 frequen-

936 1835 1146 1869 tasset.hospes
1155 1843 1206 1862 cur
1222 1834 1248 1861 id
1265 1834 1380 1865 faceret.
1404 1834 1542 1868 qumsirit.
1560 1833 1611 1860 Cui
1628 1832 1727 1860 solita-

935 1883 1005 1916 rius,
1020 1882 1122 1910 lnfesta
1139 1881 1263 1913 dudum,
1281 1881 1372 1916 inquit
1384 1902 1391 1912 ,
1409 1881 1468 1908 ha'c
1489 1879 1657 1907 domuncula
1676 1883 1722 1905 est.

935 1930 1067 1958 intestino
1099 1929 1245 1956 latrocinio
1273 1927 1434 1955 astutissimi
1465 1928 1563 1959 muris,
1588 1935 1602 1954 a
1637 1927 1719 1961 cujus

935 1976 1018 2003 dente
1032 1984 1064 2003 ac
1082 1976 1143 2010 gula
1158 1975 1227 2002 nihil
1246 1982 1358 2009 prorsus
1373 1981 1471 2001 ecyrum
1497 1981 1560 2008 qua‘
1587 1973 1652 2000 mihi
1676 1977 1727 1999 aut

937 2023 1094 2058 hospitibus
1120 2029 1188 2057 paro
1208 2027 1268 2048 arte
1295 2021 1386 2048 adhuc
1410 2021 1463 2047 ulla
1495 2028 1606 2047 scrvare
1624 2019 1700 2053 potui
1719 2039 1726 2051 ,

936 2068 1084 2102 quominus
1110 2067 1192 2094 libata
1217 2072 1316 2094 cuneta
1340 2076 1372 2092 ac
1397 2066 1469 2093 foede
1485 2065 1637 2093 deformata
1658 2072 1728 2100 quu-

939 2113 1005 2141 tidie
1031 2113 1177 2149 reperiam.
1200 2113 1270 2140 Tum
1298 2113 1409 2147 hospes,
1437 2112 1544 2143 Estne.
1575 2112 1633 2142 ait.
1661 2119 1725 2137 Inus

939 2159 984 2186 hic
997 2158 1084 2191 solus,
1098 2165 1133 2185 an
1146 2158 1262 2186 comites
1275 2158 1378 2185 habet?
1392 2157 1424 2184 Et
1435 2157 1491 2188 ille,
1508 2157 1607 2188 liabet,
1623 2156 1724 2190 inquit,

93 2200 198 2236 fugiam
214 2201 236 2228 si
252 2201 339 2228 altera
357 2200 556 2228 excludarJiis
565 2209 666 2229 corvus
678 2201 781 2229 auditis
797 2202 884 2229 muris
901 2205 921 2233 ι)
939 2205 1070 2237 minutos,
1099 2212 1170 2240 quos
1200 2212 1314 2232 cursare
1341 2212 1395 2231 non
1426 2211 1489 2230 raro
1509 2203 1591 2230 video
1604 2224 1610 2234 ,
1637 2204 1728 2230 socios

94 2247 212 2274 caudam
229 2252 319 2274 rostro
342 2251 442 2274 tenens
460 2247 581 2275 evolavit
599 2248 633 2275 ad
650 2255 726 2274 oram
743 2247 830 2275 fontis
858 2248 885 2275 in

95 2302 152 2329 quo
177 2293 288 2322 testudo
305 2294 432 2329 degebat.
452 2294 514 2322 Haec
536 2295 631 2329 procul
655 2295 755 2322 intuita
774 2296 886 2322 venien-

96 2344 152 2366 tem
176 2346 292 2366 corvum
317 2347 380 2366 cum
403 2347 487 2367 onere
505 2340 616 2368 insolito
642 2341 730 2368 muris
754 2348 769 2368 e
796 2346 887 2368 rostro

93 2387 242 2422 pendentis
254 2408 262 2420 ,
281 2387 344 2414 visu
365 2387 462 2414 territa
484 2387 629 2422 inopinato
641 2407 649 2419 ,
664 2387 798 2416 demersit
814 2396 843 2415 se
858 2389 885 2415 in

93 2440 194 2468 aquam
224 2433 319 2468 ibique
348 2431 548 2466 delitescebat,
581 2433 672 2467 quoad
697 2433 886 2466 illatn,mure

94 2479 219 2506 molliter
236 2479 265 2506 in
294 2478 381 2506 fontis
408 2478 535 2514 margine
556 2478 693 2513 deposito.
719 2479 885 2506 nominatim

93 2525 270 2563 compellavit
298 2531 410 2557 corvus,
426 2526 505 2560 cujus
531 2525 626 2552 statim
650 2525 766 2553 amicam
789 2533 885 2553 vocem

95 2571 208 2600 testudo
225 2579 377 2607 agnoscens
391 2592 399 2604 ,
412 2579 528 2599 excussa
557 2571 708 2599 iormidine
731 2571 766 2598 ad
793 2571 885 2607 ipsum

94 2618 216 2654 prodiit:
229 2618 404 2653 saiutatoque
419 2618 505 2646 charo
520 2617 624 2653 capite,
641 2622 670 2645 et
685 2622 780 2653 rogato
794 2622 824 2645 ut
834 2626 880 2646 va-

95 2665 176 2697 leret,
192 2669 220 2692 et
241 2663 324 2692 satin'
349 2664 431 2692 salvae
454 2670 509 2697 res,
529 2663 563 2691 ad
587 2667 744 2692 extremum
767 2671 886 2699 percon-

95 2715 152 2738 tata
165 2711 325 2738 humaniter
341 2714 383 2738 est
396 2710 443 2737 ubi
459 2709 554 2737 tandiu
570 2709 714 2743 haesisset,
737 2709 812 2737 unde
829 2714 884 2736 tam

96 2764 178 2784 serus
202 2756 235 2783 ad
253 2764 283 2784 se
306 2755 519 2784 reverteretur?
536 2755 644 2783 Corvus
670 2755 731 2791 pari
754 2755 886 2782 comitate

97 2801 164 2837 quid
180 2802 243 2834 sibi,
261 2809 293 2830 ex
307 2809 361 2836 quo
375 2801 495 2829 invicem
511 2809 565 2828 non
577 2801 715 2835 viderant,
732 2802 808 2829 varie
820 2809 886 2829 con-

99 2848 206 2884 tigisset
219 2849 372 2882 enarravit,
389 2849 464 2877 haud
482 2849 606 2877 reticens
623 2848 803 2877 observatum
824 2856 838 2876 a
856 2855 884 2876 se

936 2259 990 2278 non
1013 2258 1126 2286 paucos.
1153 2251 1200 2278 sed
1229 2250 1335 2286 exiguae
1352 2249 1506 2282 industria,
1529 2257 1580 2277 nec
1608 2249 1726 2276 inuriturut

935 2298 997 2324 ideo
1013 2297 1175 2325 formidatos
1197 2297 1264 2324 mihi
1282 2306 1289 2330 ;
1308 2296 1388 2324 facile
1411 2296 1515 2331 quippe
1546 2296 1607 2322 illos
1629 2295 1722 2330 abigo.

934 2344 1035 2372 Verum
1052 2345 1185 2372 adversus
1211 2343 1373 2378 primarium
1392 2344 1468 2370 illum
1493 2342 1621 2370 fraudum
1638 2342 1726 2368 artiﬁ-

934 2399 994 2417 cem
1025 2390 1130 2418 nullum
1144 2390 1211 2417 mihi
1226 2389 1384 2422 consilium,
1395 2388 1470 2415 nulla
1484 2395 1567 2422 opera
1585 2387 1724 2422 procedit.

934 2437 1004 2463 adeo
1029 2437 1114 2469 vafer,
1135 2436 1262 2470 idemque
1291 2434 1447 2469 intrepidus
1471 2432 1725 2466 callidissimusque

934 2483 1150 2518 opportunitatis
1164 2485 1288 2517 captator
1304 2481 1348 2509 hic
1363 2481 1434 2508 latro
1448 2484 1501 2508 est.
1514 2479 1728 2514 Consequenter

934 2529 1155 2564 narravit‘aliqua
1166 2536 1180 2555 e
1194 2527 1263 2555 meis
1272 2527 1500 2558 facinoribus.me
1510 2518 1592 2564 tacite
1603 2525 1723 2556 ridente,

933 2583 996 2602 nam
1019 2575 1110 2602 oumia
1141 2581 1174 2600 ex
1187 2574 1274 2601 altero
1302 2581 1364 2600 meo
1395 2580 1462 2600 cavo
1493 2571 1639 2599 audiebam
1651 2577 1726 2597 mus.

933 2628 1007 2648 sans.

969 2665 1037 2693 VIII.
1057 2665 1126 2692 Tum
1147 2666 1187 2692 sic
1205 2670 1324 2692 exorsus
1348 2665 1452 2700 hospes
1478 2668 1540 2691 est:
1563 2662 1723 2697 Aliquando

933 2719 984 2746 ego
995 2715 1023 2738 et
1036 2718 1145 2737 mecum
1162 2710 1313 2738 amicorum
1334 2710 1446 2744 quidam
1465 2709 1508 2737 usi
1532 2717 1629 2737 sumus
1643 2716 1724 2743 pere-

933 2764 980 2791 gre
998 2756 1152 2784 diversorio
1165 2756 1309 2791 cujusdam
1322 2757 1391 2784 civis
1405 2756 1433 2783 in
1452 2756 1522 2783 urbe
1534 2763 1589 2783 non
1609 2754 1724 2790 ignobili

934 2802 1007 2828 haud
1020 2801 1101 2829 valde
1116 2802 1272 2835 locupletis.
1287 2801 1366 2829 Hunc
1377 2809 1429 2837 ego
1441 2803 1515 2836 (nam
1529 2801 1622 2836 paries
1633 2801 1726 2827 tenuis

933 2848 1093 2876 cubiculum
1107 2849 1166 2885 ejus
1184 2856 1198 2876 a
1213 2854 1308 2876 uestro
1321 2848 1482 2883 dirimebat)
1493 2852 1572 2876 nocte
1587 2845 1724 2875 concubia
