1913 3068
129 169 195 201 1301

572 173 769 206 SPECIMEN
790 175 1006 208 SAPIENTL‘E
1028 177 1210 210 INDORUM
1229 180 1313 212 VET.

1691 181 1757 214 1302

128 235 189 254 cum
208 234 291 254 uxore
303 227 472 257 fabulantem
486 231 632 260 audiebam
652 233 678 260 iu
693 233 767 261 hunc
785 234 914 262 modum:
932 236 953 263 Α
967 235 1085 270 frugem,
1099 241 1179 264 antea
1191 237 1329 264 mundata:
1339 237 1497 269 admiscuit,
1511 238 1569 267 haec
1580 246 1672 266 secum
1685 247 1757 266 mus-

129 273 195 300 Volo
220 273 288 301 istos
318 282 388 309 quos
413 280 487 304 tecto
507 278 686 313 excepimus,
714 279 846 307 honestos
861 301 869 312 ,
885 285 915 308 ut

129 323 254 354 apparet,
276 321 351 348 viros
364 323 493 350 convivio
517 325 599 351 etiam
622 325 756 353 adhibere
776 333 837 354 cras
853 335 860 358 ς
876 327 916 354 sic

127 366 202 392 enim
229 367 372 395 urbanitas
403 373 431 396 et
459 370 578 397 oflicium
609 371 721 406 hospitii
750 373 914 407 praescribit.

130 412 214 439 Recte
232 413 347 448 cogitas,
378 414 415 440 mi
439 415 492 446 vir,
512 423 583 442 uxor
602 416 651 449 ait;
674 417 756 444 modo
781 417 817 445 sit
843 418 915 446 unde

131 465 252 486 mensam
279 459 460 491 instruamus,
487 469 539 488 nos
554 462 629 489 enim
644 463 671 489 in
688 463 760 490 diem
774 483 781 496 ,
795 468 826 491 ut
839 465 893 491 scis
908 484 915 496 ,

131 504 249 532 vivimus
264 513 271 537 ;
289 510 317 532 et
342 513 404 540 quae
421 511 485 538 tua,
499 507 684 542 nequidquam
705 513 757 536 tam
774 517 846 544 saepe
867 510 916 536 im-

131 548 245 583 probata
264 550 342 582 mihi,
358 551 574 579 dissolutissima
589 553 652 580 vita:
671 554 742 580 ratio
753 558 806 585 est,
816 558 915 581 cuncta

132 594 168 622 ita
184 596 374 623 consumimus
390 597 490 631 quovis
503 605 619 632 vespere
637 604 668 626 ut
689 600 759 627 nihil
776 601 803 627 in
818 602 917 628 crasti-

132 648 197 668 num
213 641 249 668 sit
266 641 376 676 reliqui.
398 642 449 669 Cui
466 643 518 675 vir,
547 643 630 675 Tace,
648 644 750 679 inquit,
776 652 838 672 cum
862 645 917 672 tuis

131 686 192 714 istis
207 687 340 722 angustiis
354 687 438 715 animi
455 696 463 720 ;
482 689 602 716 crastina
618 689 678 717 dies
697 690 853 724 providebit
865 691 917 726 ipsi

131 732 194 763 sibi,
225 740 275 760 nec
302 733 336 760 ab
364 733 496 761 hodierna
533 735 674 770 degener,
707 741 835 771 suggeret
859 737 917 772 ipsa

130 786 240 813 quoque
259 779 342 814 hujus
359 780 487 815 exemplo
497 781 571 815 quod
587 781 702 810 edamus
714 787 743 810 et
755 783 854 811 amicis
868 791 918 818 ap-

131 833 277 859 ponamus.
297 826 384 853 Porro
403 826 458 858 isti,
472 835 588 862 quorum
608 828 634 854 in
652 836 798 856 numerum
815 828 919 857 frustra

131 878 175 898 me
192 871 305 903 invitas.
319 872 394 899 avari
423 873 592 907 repositores
617 875 801 908 aﬂluentium,
818 876 865 910 qui
880 875 920 902 fa-

132 924 204 944 mem
223 917 386 944 hodiernam
406 925 456 951 pro
472 919 594 946 crastina
611 920 713 954 pacisci
726 921 806 956 copia
819 909 920 954 solent,
938 909 957 936 Β

132 962 204 989 male
221 963 351 997 peribunt
365 967 393 990 et
412 965 549 992 venatoris
562 970 590 992 et
605 965 661 1000 lupi
673 967 921 1002 exemplo,quibus

133 1016 215 1043 quam
231 1008 302 1036 male
330 1017 379 1036 sua
405 1009 577 1044 providentia
604 1013 770 1039 successerit
799 1013 921 1040 breviter

132 1055 236 1086 accipe.
255 1054 422 1090 Progressus
446 1055 480 1083 ad
505 1057 661 1084 venandum
683 1058 725 1084 vir
749 1066 811 1085 cum
833 1067 897 1086 arcu
912 1080 919 1090 ,

132 1106 324 1129 occurrentem
342 1110 467 1136 capream
493 1104 592 1138 sagitta
622 1104 732 1136 stravit,
759 1113 874 1139 eamque
894 1105 920 1132 in

133 1147 265 1175 humeros
282 1148 442 1182 impositam
455 1149 566 1176 domum
590 1150 704 1184 pertulit
718 1158 725 1183 ;
745 1158 797 1178 nec
813 1151 920 1185 epulari

131 1202 146 1221 e
168 1199 242 1222 tanta
260 1195 352 1229 prmda
369 1195 512 1228 sustinuit,
530 1196 577 1224 sed
595 1196 705 1224 inhians
723 1197 832 1232 majori,
846 1198 920 1232 jeju-

132 1248 184 1267 nus
199 1241 300 1268 iterum
320 1242 397 1269 exiit.
417 1242 486 1270 Ecce
502 1251 556 1270 non
573 1243 666 1271 minus
683 1243 792 1272 favente
809 1244 920 1272 fortuna

133 1286 228 1320 procul
247 1294 344 1322 aprum
365 1288 559 1322 conspicatur,
580 1294 607 1316 et
629 1290 686 1325 ligit
704 1290 815 1324 explosa
835 1298 921 1318 nervo

134 1333 265 1366 tragula;
289 1337 317 1359 at
335 1333 422 1360 ferum
449 1342 625 1370 praepropere
655 1340 796 1362 mortuum
823 1341 919 1367 ratus,

131 1379 197 1406 dum
210 1379 309 1413 cupide
331 1380 390 1407 vult
405 1380 512 1412 tollere.
530 1382 639 1416 spirans
658 1382 704 1408 ille
723 1382 815 1410 adhuc
831 1387 859 1410 et
871 1382 920 1409 do-

132 1425 190 1453 lore
205 1426 328 1454 vulneris
347 1427 489 1460 irritatior,
502 1435 574 1455 swvo
594 1428 677 1456 dente
695 1429 833 1455 hominem
848 1429 921 1456 lace-

133 1478 174 1498 rat
190 1480 197 1498 :
223 1475 280 1499 tum
294 1472 387 1505 ambo,
403 1473 429 1500 vi
444 1473 553 1501 cruoris
565 1474 665 1501 amissa
681 1474 809 1505 maxima,
822 1473 919 1501 eodem

132 1518 160 1545 in
178 1519 239 1546 loco
255 1520 422 1546 moriuntur.
441 1519 607 1554 Supervenit
626 1528 680 1547 non
695 1520 732 1548 ita
744 1521 832 1548 multo
845 1525 919 1555 post.

966 280 1064 312 sitans,
1080 281 1119 308 En
1132 289 1213 316 quam
1230 283 1370 316 expediat,
1385 283 1520 318 quidquid
1536 284 1577 310 vir
1595 292 1673 311 meus
1688 292 1754 311 con-

968 330 1009 353 tra
1024 326 1166 362 disputet.
1183 329 1334 362 repositum
1360 337 1470 358 servare
1483 330 1586 366 aliquid
1607 331 1634 359 in
1657 331 1756 358 crasti-

966 379 1032 398 num
1049 380 1056 400 :
1070 381 1168 408 nempe
1185 373 1237 400 nisi
1250 374 1319 401 clam
1334 375 1393 407 illo,
1412 381 1442 402 ut
1459 377 1535 404 soleo
1551 397 1558 408 ,
1574 377 1757 411 providissem

968 422 1074 451 partem
1104 419 1224 453 aliquam
1247 421 1349 448 sesami
1377 422 1507 457 purgati,
1532 423 1601 449 nihil
1627 422 1758 449 haberent

967 464 1041 497 quod
1059 466 1185 493 venturis
1209 467 1241 493 ad
1260 467 1418 495 condictum
1434 468 1557 496 convivis
1575 468 1655 496 hodie
1671 476 1758 503 appo-

967 517 1074 538 nerem.
1098 511 1177 538 Nunc
1192 519 1254 539 cum
1271 513 1367 540 saltem
1392 521 1456 548 pars
1472 515 1506 542 ad
1532 522 1642 541 manum
1668 515 1758 548 aliqua

968 554 1005 582 sit
1016 557 1114 583 sesami
1134 558 1269 590 mundati,
1288 559 1393 587 minore
1408 559 1582 587 incommodo
1604 561 1629 588 ei
1646 560 1758 596 adjungi

969 606 1033 633 pars
1057 601 1110 628 alia
1123 610 1177 628 non
1202 608 1317 638 purgata
1336 606 1454 639 poterit;
1475 606 1573 633 modus
1591 610 1634 633 est
1662 607 1761 634 videli-

969 652 1013 675 cet
1027 647 1054 675 in
1072 647 1164 679 rebus,
1182 654 1208 676 et
1221 650 1304 677 nimia
1326 655 1354 677 et
1372 652 1447 678 nulla
1471 652 1642 687 providentia
1656 653 1760 687 pariter

970 693 998 719 in
1017 693 1084 720 vitio
1097 699 1172 721 sunt.
1191 694 1257 728 Quae
1275 695 1321 723 illa
1342 696 1407 724 dum
1430 702 1458 724 et
1484 703 1579 732 ageret
1605 703 1633 725 et
1654 698 1760 724 diceret

970 740 1109 774 sapienter
1122 745 1150 768 et
1168 746 1283 774 morate,
1304 742 1348 769 vix
1364 747 1454 771 tamen
1473 744 1567 771 vitavit
1579 744 1759 771 temerarium

969 786 1104 820 judicium
1119 788 1274 822 cujusdam,
1294 789 1341 822 qui
1359 797 1418 816 eam
1446 789 1544 817 videns
1577 790 1668 817 facere
1685 790 1760 824 quod

970 832 1040 864 dixi,
1067 833 1153 866 Quam
1172 834 1303 868 ,iuquit,
1330 842 1441 862 causam
1466 836 1550 862 habet
1578 836 1629 864 ista
1661 836 1760 863 mulier

972 878 1065 913 fruges
1091 879 1210 906 mundas
1228 880 1344 914 impuris
1357 881 1552 908 admisccndi?

1009 924 1053 951 IX.
1072 923 1119 952 His
1139 925 1220 952 dictis
1242 926 1397 953 solitarium
1427 927 1527 961 hospes
1553 927 1675 960 intuens,
1694 927 1759 959 lsta,

974 969 1075 1004 inquit,
1092 971 1229 1005 exempla,
1250 972 1272 998 si
1300 971 1392 999 dicere
1414 980 1457 1000 me
1475 973 1553 1005 sinis,
1573 973 1598 999 in
1616 980 1642 1000 te
1659 974 1761 1008 pariter

972 1021 1000 1043 Cl
1011 1016 1201 1044 subsessorem
1224 1022 1300 1044 ιιιιιιιι
1321 1025 1426 1045 murem
1443 1026 1587 1046 censuram
1600 1019 1737 1046 intentant

973 1070 1036 1089 nam
1057 1070 1147 1097 neque
1165 1068 1192 1090 tu
1206 1063 1373 1097 quotidianis
1390 1054 1471 1098 hujus
1486 1065 1759 1101 vexarerisinjuriis,

974 1107 1026 1134 nisi
1058 1115 1260 1141 supervacanea
1287 1109 1459 1143 providentia
1477 1109 1580 1136 cibaria
1607 1111 1656 1137 tibi
1674 1112 1761 1138 multo

973 1160 1036 1182 ante
1054 1163 1135 1189 quam
1154 1156 1274 1183 vescaris
1288 1165 1461 1192 pra-parans,
1474 1158 1593 1192 spatium
1615 1158 1689 1185 illius
1702 1166 1760 1186 ma-

972 1200 1179 1228 chinationibus
1208 1201 1355 1236 pra-bores.
1380 1202 1433 1229 lste
1451 1209 1533 1236 porro
1559 1203 1617 1236 ipse
1647 1202 1690 1230 fur
1712 1203 1761 1230 do-

973 1247 1103 1274 mesticus
1118 1247 1189 1274 haud
1204 1253 1375 1282 grassaretur
1391 1253 1444 1275 tam
1468 1249 1584 1276 licenter
1598 1269 1604 1280 ,
1624 1249 1676 1276 nisi
1694 1257 1761 1276 con-

972 1299 1055 1328 gestae
1071 1293 1216 1327 incubans
1235 1293 1285 1325 rei,
1313 1294 1486 1328 provisarum
1513 1295 1566 1322 sibi
1595 1300 1718 1329 opumct
1734 1296 1760 1322 in

973 1344 1032 1366 tuto
1043 1340 1195 1374 positarum
1210 1341 1379 1368 conscientia
1404 1341 1594 1368 insolesceret.
1612 1343 1678 1376 Age,
1697 1350 1761 1377 per‘

971 1385 1109 1413 fodiamus
1126 1387 1186 1422 ejus
1201 1395 1308 1419 cavum,
1324 1394 1372 1415 aut
1394 1387 1471 1415 valde
1489 1388 1579 1420 fallor,
1608 1394 1655 1416 aut
1683 1390 1760 1416 inve-

974 1432 1081 1459 niemus
1112 1433 1210 1460 cubilia
1229 1433 1286 1467 ipsa
1304 1434 1462 1468 rapinarum
1488 1440 1571 1469 caput
1594 1443 1625 1462 ac
1651 1442 1761 1462 causam

972 1477 1155 1505 confidentiae.
1175 1477 1216 1505 Ab
1231 1478 1273 1505 bis
1284 1482 1375 1506 statim
1388 1487 1417 1506 se
1433 1480 1581 1514 accingunt
1598 1480 1695 1515 operi,
1712 1488 1761 1508 ca-

971 1532 1085 1551 vernam
1103 1532 1191 1551 meam
1204 1525 1381 1559 prmcipuam,
1399 1526 1477 1560 cujus
1487 1533 1518 1552 os
1529 1526 1674 1558 exstabat,
1688 1527 1761 1553 unde

131 1565 251 1600 praedam
261 1573 388 1599 quaerens
399 1567 545 1601 lupus.Qui
557 1567 621 1594 visis
630 1567 792 1602 corporibus
801 1567 921 1600 duobus,
935 1577 958 1606 ο
975 1579 1017 1598 me
1028 1579 1099 1606 smpc
1123 1571 1234 1606 prodire
1247 1571 1385 1598 solitarius
1396 1577 1548 1603 notaverat,
1562 1572 1680 1606 aggressi
1699 1581 1760 1599 cum

132 1616 159 1638 et
172 1619 236 1639 arcu
259 1614 399 1640 venatoris
428 1620 482 1640 non
512 1614 606 1648 procul
620 1614 730 1648 jacente
748 1634 754 1644 ,
773 1614 896 1648 Corpora
911 1634 918 1644 .

133 1656 222 1692 inquit
233 1664 337 1689 secum,
355 1658 414 1685 haec
427 1659 483 1684 duo
494 1667 556 1685 cras
569 1664 594 1685 et
611 1659 710 1685 diebus
735 1659 920 1692 sequentibus

131 1704 287 1730 comedam:
299 1703 459 1731 hodiernam
472 1705 570 1731 famem
581 1703 687 1737 placare
697 1704 764 1731 satis
772 1704 826 1730 erit
836 1711 921 1730 nervo

131 1756 212 1776 arcus
226 1756 308 1783 quem
330 1750 367 1776 ibi
389 1749 528 1783 abiectum
546 1756 641 1776 cerno.
662 1749 710 1775 llis
724 1749 807 1775 dictis
825 1749 857 1775 ad
874 1757 920 1775 ar-

132 1805 194 1823 cum
210 1797 329 1827 accedit.
344 1803 370 1824 ct
385 1805 482 1824 vorare
502 1797 635 1824 cliOrdam
666 1797 837 1831 aggreditur.
857 1797 920 1823 Erat

132 1848 223 1869 autem
240 1844 376 1870 intentum
390 1844 417 1870 in
433 1850 464 1870 ea
476 1849 504 1870 et
517 1844 676 1878 jaculationi
690 1848 813 1877 paratum
824 1843 919 1875 telum,

132 1895 187 1922 quo
219 1889 252 1915 ad
284 1889 404 1923 primum
436 1889 492 1922 lupi
514 1894 647 1916 attactum
673 1889 787 1924 exploso
803 1909 811 1921 ,
835 1889 920 1916 miser

132 1935 217 1962 corde
235 1936 462 1964 transverberato
482 1937 575 1964 statim
594 1937 678 1972 lupus
690 1938 805 1964 interiit.
816 1938 921 1965 Similis

132 1988 231 2008 avaros
254 1989 333 2015 poena
352 1987 444 2010 manet
460 2003 467 2014 ,
487 1990 519 2009 ac
535 1983 665 2009 videlicet
684 1988 709 2010 te
721 1991 831 2017 quoque
847 2003 852 2013 ,
867 1983 919 2010 nisi
943 1984 947 1986 ’

133 2027 238 2054 desinis
253 2027 287 2054 dc
307 2028 430 2054 crastino
446 2035 507 2055 esse
523 2029 652 2056 sollicita.
670 2028 784 2055 Talibus
797 2028 839 2055 vel
856 2036 920 2063 pcr-

133 2081 225 2103 suasa,
247 2074 288 2100 vel
306 2081 466 2108 persuasam
483 2082 512 2101 se
534 2074 633 2101 mulier
648 2075 783 2102 siumlans
801 2094 807 2104 .
830 2075 918 2104 Bene,

133 2119 233 2153 inquit,
251 2119 353 2146 habet:
370 2120 428 2147 scio
453 2119 501 2147 ubi
518 2122 554 2147 sit
569 2128 650 2156 oryza
672 2125 700 2147 et
717 2128 873 2147 Sesamum:
889 2127 921 2147 ea

133 2165 370 2199 crastcmpestive
397 2173 515 2200 coquam
543 2172 571 2194 et
596 2167 742 2199 condiam;
763 2174 829 2193 voca
856 2166 922 2193 licet

132 2219 204 2246 quos
228 2211 315 2239 voles.
339 2211 477 2239 Postridie
505 2220 584 2240 mane
612 2213 667 2239 vidi
685 2212 921 2239 matremfamilias

133 2260 236 2283 ecrtam
255 2258 355 2284 sesami
370 2265 547 2289 mensuram,
560 2258 805 2293 quantaconvivis
830 2266 844 2284 a
862 2258 921 2285 viro

134 2302 268 2329 vocandis
283 2302 437 2336 sulliccret,
458 2311 529 2338 aqua
553 2304 646 2331 lavare
662 2324 670 2336 ,
687 2312 804 2339 moxque
823 2312 922 2339 purga-

137 2353 191 2377 tam
204 2349 358 2383 expandere
374 2350 407 2376 ad
425 2351 524 2382 solem.
541 2355 600 2377 tum
615 2350 649 2378 ad
661 2351 714 2378 alia
734 2358 763 2378 se
775 2351 921 2378 ministerii

136 2395 280 2422 domestici
295 2403 379 2430 opera
391 2400 509 2424 vertere.
521 2396 712 2431 Occupaverat
726 2402 817 2425 autem
833 2397 922 2432 pridie

136 2442 297 2468 demensum
311 2442 412 2468 sesami
439 2442 500 2470 viro
521 2447 547 2469 et
563 2443 615 2470 sibi
638 2443 822 2470 suffecturum
839 2443 866 2470 in
879 2450 922 2470 se.

135 2492 263 2522 qncuteln
291 2487 363 2515 diem
388 2496 527 2523 purgare,
553 2494 582 2516 et
604 2489 711 2516 lautum
729 2489 921 2524 siccatumque

137 2539 309 2568 reposuerat,
324 2535 368 2562 cui
383 2538 517 2569 quantum
535 2534 711 2569 absumpturi
728 2539 809 2562 erant
827 2535 923 2570 bospi-

137 2584 178 2608 tes
197 2587 272 2607 nunc
286 2581 473 2615 superaddere
496 2581 619 2616 parabat.
637 2581 691 2608 Sed
710 2588 790 2608 casus
804 2581 924 2608 interve-

134 2626 175 2652 nit
192 2633 258 2653 sane
280 2625 490 2653 incommodus:
513 2633 576 2653 nam
591 2625 668 2653 canis
687 2625 848 2660 praeteriens
872 2633 922 2652 ex-

133 2679 250 2706 pansum
269 2671 302 2698 ad
319 2671 404 2699 solem
419 2679 556 2698 sesamum
572 2671 743 2699 comminxit.
762 2671 821 2704 Quo
834 2671 922 2698 anim-

134 2718 249 2746 adverso
276 2719 397 2751 femina,
426 2718 563 2753 pollutum
592 2718 669 2745 urina
699 2718 790 2745 cibum
817 2718 925 2745 abomi-

135 2770 214 2791 nans.
227 2763 338 2796 abjecit.
356 2764 468 2791 Excludi
483 2768 573 2791 autem
592 2771 620 2791 se
635 2769 758 2798 tempore
789 2765 923 2796 sentiens,

136 2816 168 2834 ne
182 2809 256 2836 aliud
272 2817 408 2837 sesamum
424 2810 552 2837 ablueret
572 2810 646 2845 quod
657 2810 813 2845 quantitate
829 2817 924 2837 neces-

136 2854 208 2881 saria
227 2855 316 2888 pridie
327 2860 422 2889 parato
432 2856 606 2891 adjungeret,
621 2862 637 2883 θ
653 2855 721 2882 cista
733 2855 924 2890 depromptam

136 2906 296 2927 mensuram
311 2901 371 2935 ejus
390 2901 474 2935 priori
491 2909 596 2936 pareto,
613 2901 795 2935 immundam,
809 2906 837 2928 ut
852 2905 922 2934 erat,

973 1617 1106 1643 marriset
1124 1617 1241 1643 terebris
1253 1617 1419 1651 pertundere
1435 1618 1609 1652 scrutarique
1627 1625 1713 1652 usque
1727 1619 1759 1644 ad

973 1660 1112 1687 intimum.
1127 1661 1289 1688 Tremebam
1303 1670 1353 1696 ego
1369 1661 1435 1688 totis
1454 1662 1569 1689 artubus
1588 1667 1687 1690 cuncta
1702 1663 1761 1691 h;cc

971 1705 1087 1733 audiens
1110 1714 1125 1732 e
1140 1707 1263 1733 secundo
1286 1714 1347 1733 meo
1372 1707 1523 1734 seductiori
1540 1708 1677 1736 foramine
1693 1729 1699 1739 ,
1713 1710 1760 1736 ubi

973 1756 1039 1779 tunc
1054 1752 1135 1784 forte,
1153 1758 1181 1779 ut
1196 1753 1263 1784 dixi,
1277 1753 1483 1786 dclitescebam,
1499 1754 1579 1781 anxio
1595 1760 1660 1782 aestu
1677 1756 1760 1782 animi

973 1796 1126 1823 miserrime
1155 1803 1279 1824 metuens
1292 1818 1298 1829 ,
1315 1806 1349 1824 ne
1364 1798 1406 1825 bis
1423 1799 1496 1825 nnlle
1517 1806 1635 1832 aureos,
1651 1808 1720 1834 quos
1734 1801 1760 1827 in

973 1843 1028 1870 imo
1041 1843 1113 1870 antri
1128 1851 1211 1879 specu
1227 1845 1327 1871 sensim
1341 1845 1422 1872 furtis
1434 1845 1519 1873 variis
1528 1850 1652 1881 aggestos
1663 1847 1760 1874 condi-

972 1888 1082 1920 deram,
1099 1889 1340 1924 deprehenderent
1354 1895 1382 1917 et
1403 1890 1532 1918 tollerent
1555 1900 1561 1917 :
1577 1891 1603 1918 id
1620 1891 1692 1926 quod
1707 1900 1761 1918 non

973 1935 1059 1962 multo
1096 1940 1159 1970 post
1176 1936 1280 1963 evenit.
1304 1937 1402 1963 Ablato
1423 1937 1555 1964 thesauro
1581 1945 1643 1965 meo
1661 1937 1762 1972 hospes

972 1981 1017 2008 ille
1033 1989 1096 2008 meo
1118 1982 1218 2009 damno
1233 1983 1353 2017 sapiens,
1372 1983 1594 2016 Exarmavimus,
1610 1984 1708 2018 inquit,
1723 1985 1763 2012 la-

973 2031 1081 2054 tronem
1115 2036 1123 2054 :
1154 2028 1192 2054 nil
1212 2028 1336 2060 audebit,
1369 2029 1408 2056 nil
1432 2029 1533 2064 poterit
1557 2030 1584 2056 in
1610 2034 1760 2063 posterum.

971 2073 1103 2105 Ninnium,
1121 2073 1172 2100 hoc
1186 2073 1291 2106 dicens,
1312 2081 1395 2101 verax
1419 2074 1481 2101 fuit.
1499 2075 1539 2101 Ex
1554 2074 1601 2102 illo
1623 2079 1762 2101 momento

973 2127 1033 2147 mea
1050 2120 1142 2147 omnis
1164 2121 1331 2147 confidentia
1347 2121 1455 2155 dejecta
1475 2125 1527 2153 est,
1556 2121 1598 2147 vis
1607 2125 1736 2147 enervata
1754 2141 1761 2151 ,

974 2165 1112 2191 industria
1124 2165 1248 2192 evanuit.
1270 2165 1362 2192 Mures
1387 2165 1510 2192 minores
1526 2185 1534 2197 ,
1549 2165 1596 2199 qui
1619 2172 1662 2192 me
1682 2169 1762 2191 antea

973 2210 1189 2241 venerabantur,
1206 2216 1272 2238 tunc
1286 2216 1467 2245 aspernantes
1488 2210 1652 2237 irridebant.
1671 2210 1761 2237 Cona-

976 2263 1020 2284 tus
1033 2257 1084 2291 ipsi
1100 2257 1153 2284 mei
1167 2264 1297 2284 successu
1322 2256 1404 2284 solito
1428 2256 1570 2284 carebant.
1594 2256 1663 2284 Cum
1688 2257 1762 2283 enim

975 2303 1120 2338 postridie,
1134 2303 1208 2337 quod
1225 2303 1301 2338 prius
1320 2310 1392 2338 stepe
1417 2303 1547 2335 feceram,
1570 2302 1667 2329 cistam
1690 2302 1763 2329 edu-

975 2350 1042 2376 lium
1058 2356 1220 2384 suspensatn
1238 2348 1342 2376 insilire
1359 2353 1511 2375 tentassem
1524 2367 1532 2379 ,
1546 2348 1637 2375 medio
1656 2348 1761 2382 impetu

976 2395 1084 2428 decidi;
1101 2395 1242 2430 magisque
1258 2402 1290 2422 ac
1308 2394 1394 2429 magis
1406 2395 1434 2421 in
1450 2394 1532 2421 horas
1544 2393 1721 2425 debilitabar,
1736 2399 1764 2421 et

975 2441 1022 2475 qui
1036 2446 1079 2467 me
1102 2439 1180 2474 prius
1207 2439 1272 2466 olim
1305 2439 1417 2466 obnoxii
1445 2439 1560 2467 clientes
1586 2443 1764 2466 contemnere

975 2491 1129 2520 coeperant,
1155 2493 1229 2512 nunc
1258 2486 1330 2512 ultro
1353 2485 1436 2512 etiam
1466 2485 1581 2512 oderant
1601 2490 1630 2512 et
1654 2485 1764 2519 pulsare

976 2531 1164 2558 minabantur.
1184 2531 1303 2558 Mirabar
1320 2531 1499 2558 vehementer
1515 2536 1617 2566 quanta
1640 2531 1681 2558 vis
1702 2531 1762 2557 auri

975 2578 1011 2605 sit
1026 2587 1032 2604 :
1049 2585 1097 2612 per
1109 2577 1175 2604 illud
1191 2577 1318 2605 atuicitiue
1330 2578 1403 2612 jura,
1414 2577 1590 2604 necessitudo
1599 2577 1763 2611 consangui-

976 2625 1081 2656 nitatis,
1097 2623 1166 2651 ﬁdes
1179 2624 1317 2651 clientelas
1330 2628 1478 2655 constant;
1495 2624 1555 2658 ipsa
1573 2631 1663 2655 mens,
1682 2623 1763 2655 ratio,

976 2671 1274 2707 ingeniumdndustria,
1286 2676 1359 2700 artes
1371 2672 1504 2707 dotesque
1515 2672 1692 2699 obsolescunt
1705 2672 1764 2698 sine

976 2715 1023 2742 illo
1039 2723 1090 2742 nec
1102 2715 1159 2741 voti
1177 2715 1261 2742 ullius
1283 2715 1326 2742 sui
1355 2722 1471 2749 compos
1488 2714 1547 2741 fieri
1574 2714 1707 2748 spoliatus
1730 2721 1763 2741 eo

976 2766 1076 2796 potest.
1093 2762 1163 2796 Ergo
1181 2761 1226 2788 illa
1239 2761 1384 2789 verissima
1397 2766 1508 2796 patrum
1528 2760 1562 2788 ad
1589 2767 1691 2794 pueros
1699 2763 1764 2786 sunt

976 2806 1080 2833 monita
1097 2814 1105 2833 :
1119 2806 1240 2833 Pecunia
1253 2814 1323 2840 opus
1339 2810 1393 2838 est,
1407 2806 1467 2834 sine
1484 2805 1529 2832 illa
1545 2803 1615 2832 nihil
1633 2809 1707 2832 recte
1723 2804 1764 2831 fit.

977 2852 1061 2884 Veiis,
1077 2851 1173 2883 remis,
1208 2851 1326 2880 navibus
1358 2857 1439 2886 atque
1465 2850 1609 2886 quadrigis
1632 2849 1766 2882 fugienda

977 2903 1134 2934 paupertas,
1150 2901 1177 2926 ct
1193 2898 1235 2926 vcl
1251 2906 1299 2933 per
1315 2903 1466 2926 scatentem
1481 2897 1585 2931 ,belluis
1599 2901 1716 2932 pontum
1732 2901 1763 2922 ac
