1913 3068
137 150 206 183 1307

838 149 1042 180 APPENDIX.

1701 154 1772 185 ΓΞθῆ

135 217 213 240 ram;
231 214 291 233 nant
312 205 393 234 oflicii
409 196 518 232 occasio
535 205 628 232 brevis
639 209 691 231 est.
707 204 803 232 Militis
819 204 845 231 in
854 205 922 232 aciei
938 205 962 234 Λ
975 205 1059 239 gligat
1084 209 1207 239 paratam
1227 205 1345 239 praedam
1359 207 1371 233 ἲ
1399 206 1466 234 Cum
1494 215 1579 242 prope
1605 212 1774 241 accesserit.

134 255 278 289 procinctu
296 252 429 280 fortitudo
448 252 592 286 probatur,
609 251 725 284 aequitas
741 249 922 284 negotiatoris

135 302 162 328 in
178 304 289 336 accepta
308 301 382 335 juste
398 298 541 326 reddendo
556 298 731 332 perspicitur,
753 296 820 323 fides
853 296 920 322 ami-

133 347 205 374 citia:
226 354 311 372 unum
329 349 438 379 temptts
456 344 538 370 habet
569 344 611 370 sui
637 343 796 377 prodendae,
812 341 924 369 calami—

136 397 219 419 tatem
232 392 394 419 atnicorum.
410 390 564 418 Cunctante
577 389 609 416 ad
624 390 681 416 haec
697 396 794 418 corvo.
815 388 860 415 cui
878 388 922 414 tti-

136 438 173 464 nil
191 441 366 464 succurreret
382 436 415 463 ad
437 443 552 470 scoputn
579 435 659 464 utile.
680 441 819 468 occupans
850 441 922 462 mus.

135 483 200 510 Mihi
214 483 335 514 videtur,
356 482 457 516 inquit,
470 489 494 513 0,
508 481 604 508 titnum
631 480 716 509 factu.
735 479 758 506 si
782 486 811 506 se
835 478 923 513 prori-

136 530 193 563 piat
209 529 274 556 hinc
285 528 375 561 datua,
392 534 420 555 et
435 527 462 554 in
477 534 574 561 eampo
585 534 619 553 ex
633 526 686 553 hoc
698 527 758 553 loco
772 525 922 559 conspicuo

135 575 211 602 humi
225 576 322 610 jacens
335 583 364 602 se
379 578 516 602 mortuam
532 573 656 605 simulet,
674 573 754 600 fidem
771 571 831 599 viso
859 579 922 599 cor-

135 630 185 648 vus
205 626 309 648 astruat
322 621 533 656 superiuvolans
558 625 586 648 et
607 619 740 649 insidens.
757 624 788 646 ut
805 617 923 646 cadave—

136 667 212 694 ribus
228 667 317 694 solete
333 667 385 694 hoc
398 671 515 694 venator
534 667 656 698 intuens,
675 665 777 692 omisso
800 671 866 691 arcu
895 667 924 690 et

134 714 276 748 pharetra,
295 714 373 740 velox
392 721 425 740 eo
438 712 588 741 contendet
604 721 611 745 ;
628 711 768 748 quomodo
779 710 855 738 enim
871 717 919 736 ne—

979 255 1020 280 tu,
1037 249 1128 279 dama.
1147 257 1254 285 surges,
1269 255 1298 278 et
1311 259 1364 278 non
1378 256 1434 279 tota
1453 253 1599 280 velocitate
1617 258 1771 285 utenstua.

978 296 1080 323 sensim
1097 296 1191 323 elicics
1207 296 1238 323 ad
1257 297 1427 331 sequendum
1452 305 1500 332 spe
1518 299 1617 333 injecta
1632 300 1670 326 tui
1684 301 1770 334 quasi

977 342 1127 369 Vulneratze
1143 343 1280 376 potiundi.
1297 343 1341 370 Sic
1365 351 1427 370 eum
1457 344 1579 371 abducas
1601 353 1682 379 quam
1705 346 1772 372 lon-

978 387 1099 423 gissime,
1115 389 1290 423 egointcrim
1316 389 1447 417 dentibus
1476 391 1584 417 vincula
1619 393 1773 420 testudinis

978 434 1165 462 consrindamt
1184 434 1321 462 Probatur
1337 444 1381 463 res
1405 437 1525 464 cunctis.
1553 437 1692 472 Incipiunt
1718 447 1772 474 pro

977 487 1006 508 se
1025 481 1154 515 quisque,
1168 482 1242 516 qttod
1259 482 1330 510 bene
1358 487 1490 515 verteret,
1518 488 1547 510 et
1570 485 1711 519 negotium
1740 491 1773 513 ut

976 525 1184 553 destinaverant
1221 527 1366 559 successit,
1404 527 1588 562 Iiberatioque
1619 529 1772 556 testudin’s

977 572 1117 599 communi
1133 577 1176 600 est
1185 573 1369 608 gratulatione
1379 573 1530 600 celebrata.
1548 574 1688 602 llactenus
1706 575 1772 602 idea

977 616 1124 644 informata
1150 622 1193 644 est
1222 618 1376 645 amicorum
1410 623 1438 645 et
1461 619 1602 648 amicitiae.
1627 619 1708 646 dotes
1739 620 1772 646 il-

976 663 1077 695 lorum,
1109 663 1191 699 hujus
1220 664 1306 692 ofﬁcia
1345 665 1419 692 velut
1451 666 1478 692 in
1522 666 1635 700 speculo
1666 673 1772 700 propo-

977 717 1055 737 nens.

629 880 898 911 DISSERTATIO
915 880 1165 910 PARABOLICA
1187 881 1239 912 IV.

138 943 233 973 Varia
251 944 453 974 demonstrat.
475 943 617 973 Primum
635 953 644 972 :
661 942 728 972 odii
739 941 895 981 profundi
911 941 1123 982 etrinvetcrati
1142 943 1205 972 vim
1219 943 1405 982 malignam:
1423 943 1534 974 deinde
1560 943 1768 973 consiliorum

173 984 325 1014 delectum
341 985 373 1013 in
389 983 539 1020 periculis
561 983 638 1020 Reip
663 993 671 1015 ;
696 986 804 1020 postea
830 981 1045 1022 necessitatem
1068 983 1178 1010 arcani
1203 982 1244 1012 ad
1264 981 1369 1013 eorum
1390 991 1583 1022 successum;
1609 990 1766 1022 prttlerea

171 1024 262 1062 ﬁdem
275 1032 379 1052 veram
390 1019 431 1052 iac
447 1019 633 1052 charilatem
648 1019 725 1052 cit-Vis
741 1031 771 1051 se
783 1030 841 1060 pro
855 1020 964 1059 patria
977 1019 1173 1051 devoventt‘s:
1185 1022 1317 1062 denique
1333 1027 1449 1062 quanta
1461 1021 1600 1062 pernicie
1609 1019 1768 1053 credatur

174 1063 362 1102 transfugis.

171 1125 217 1153 Sic
228 1126 321 1153 locuto
335 1125 571 1161 gymnosophistae
596 1132 644 1152 rex
658 1123 925 1152 Abessaiomusha'c
943 1126 960 1151 Β
978 1121 1083 1151 Videtis
1113 1131 1223 1151 omnem
1251 1124 1373 1161 undique
1402 1125 1523 1152 civitatis
1549 1125 1631 1161 hujus
1661 1129 1767 1152 nostra

134 1173 217 1199 verba
244 1172 380 1199 reddidit:
403 1171 521 1198 Abunde
550 1171 672 1199 docuisti
701 1178 744 1197 me
772 1178 834 1205 qua:
863 1170 925 1204 jura

133 1226 230 1253 quaeve
244 1218 337 1245 munia
347 1219 402 1246 sint
418 1219 547 1246 amicitia:
555 1219 682 1250 sincerae,
695 1227 767 1245 nunc
775 1225 808 1245 ex
823 1223 860 1250 te,
872 1218 924 1244 nisi

133 1267 266 1300 gravaris.
294 1265 389 1292 audire
416 1274 546 1300 cuperem
578 1273 639 1301 quae
661 1267 765 1300 optima
790 1265 825 1291 sit
854 1264 925 1291 ratio

135 1310 250 1337 insidias
267 1310 446 1338 inimicorunt
473 1311 645 1346 pra-cavendi
673 1311 822 1338 amicitiam
839 1310 926 1336 simn-

133 1357 260 1383 lantium.
277 1357 317 1384 Ad
337 1358 389 1384 hoc
411 1358 484 1392 regis
509 1358 669 1385 mandatum
688 1366 759 1384 novo
787 1356 926 1391 principio

133 1404 358 1438 gymnosophista
385 1412 502 1431 exorsus
526 1404 664 1431 disserere
685 1403 771 1437 empit
797 1404 825 1429 in
851 1404 926 1430 hunc

134 1449 246 1475 modum
268 1458 275 1475 ε

171 1495 191 1523 l.
219 1494 270 1528 Qui
297 1495 378 1522 facile
407 1495 522 1522 inimico
545 1494 635 1521 credit
659 1493 871 1521 reconciliatum
897 1501 926 1521 se

134 1541 246 1574 ferenti,
274 1541 394 1576 patietur
409 1541 482 1576 quod
507 1541 617 1568 noctuis
630 1540 742 1569 accidit.
768 1539 925 1574 proditione

135 1587 190 1615 ficti
208 1588 356 1622 transfuga:
391 1587 487 1614 ultima
517 1587 709 1614 internecione
736 1586 845 1613 deletis.
873 1586 926 1614 lies

133 1639 264 1660 narratur
279 1634 305 1660 in
332 1634 405 1661 hunc
423 1634 554 1661 modum:
581 1633 671 1660 Arbor
697 1637 756 1660 erat
780 1633 806 1659 in
833 1638 925 1659 monte

133 1681 195 1708 avio
226 1688 330 1708 annosa
355 1680 505 1707 densorum
539 1679 696 1712 ramalium,
728 1683 809 1706 vetus
833 1679 925 1706 cubile

134 1728 274 1761 rapacium
304 1727 407 1759 avium,
423 1727 469 1754 ubi
487 1727 548 1754 lixis
575 1726 678 1753 dudum
697 1726 811 1753 sedibus
825 1733 926 1752 corvus

133 1774 225 1801 senior
241 1774 314 1801 mille
331 1775 480 1801 admodum
508 1774 550 1801 sui
579 1774 688 1808 generis
704 1772 844 1807 capitibus
875 1773 926 1799 im-
940 1796 960 1823 ο

132 1821 281 1854 peritabat.
296 1821 416 1855 Degebat
430 1821 455 1847 in
473 1827 590 1847 caverna
610 1819 685 1854 rupis
709 1819 841 1854 proxima:
857 1826 924 1853 gens

134 1873 286 1892 numerosa
313 1870 492 1896 noetoarum,
522 1865 568 1890 ttni
589 1869 616 1891 et
639 1864 697 1898 ipsa
712 1863 770 1898 regi
799 1863 924 1890 serviens

132 1912 324 1939 infensissimo
344 1912 438 1946 generi
461 1912 587 1939 cervino.
619 1912 710 1944 Quare
745 1915 775 1937 ut
793 1911 866 1938 inter
880 1912 905 1938 vi

132 1958 211 1984 cinos
230 1957 342 1984 aeribus
368 1957 531 1984 commissos
548 1957 630 1990 odiis,
661 1957 779 1984 invicem
805 1958 921 1985 nocendi

132 2003 248 2030 consilia
263 2003 415 2030 tumcbant.
434 2003 558 2036 Quadam
581 2008 661 2030 nocte
678 2003 825 2031 universus
841 2012 921 2031 t'xer-

131 2050 206 2077 citus
238 2054 417 2082 noctuarum,
457 2050 599 2083 in0pinato
629 2050 729 2077 castris
761 2058 921 2085 erumpens,

131 2096 240 2131 sopitos
259 2100 288 2123 et
320 2096 391 2122 nihil
419 2096 472 2122 tale
494 2100 651 2122 metuentes
680 2103 780 2123 eorVos
809 2096 920 2123 invasit.

132 2142 216 2171 Primi
230 2142 360 2170 custodes
368 2143 429 2169 caesi
443 2151 449 2166 ε
462 2149 646 2177 perrumpunt
661 2142 760 2169 deinde
771 2143 798 2169 in
814 2143 922 2170 arbaris

131 2189 240 2221 intittta,
260 2189 377 2216 multum
394 2188 538 2224 sanguinis
558 2190 672 2221 fusum;
693 2188 802 2215 tandem
833 2188 921 2215 inter-

131 2235 212 2264 fectis
234 2235 373 2270 plurimis,
399 2234 552 2262 vulneratis
570 2242 625 2261 non
654 2235 759 2269 paucis,
779 2234 922 2261 nonnullis

130 2282 231 2315 captis,
257 2281 354 2317 spoliis
371 2281 471 2308 divites
486 2285 514 2308 et
529 2286 644 2308 ovantes
669 2281 784 2308 victoria
812 2286 921 2308 noctua’

132 2327 191 2355 sole
204 2327 260 2363 jam
279 2328 388 2354 oriente
404 2335 469 2354 suas
486 2327 566 2353 sedes
585 2332 722 2360 repetunt.
752 2327 921 2354 Archicorax

131 2375 244 2407 (nomen
263 2374 315 2400 hoc
344 2377 406 2400 erat
434 2373 566 2407 principis
583 2377 755 2405 corvorum).
774 2373 856 2399 simul
887 2381 919 2400 ex

131 2419 317 2454 trepidatione
334 2426 363 2445 se
381 2419 487 2452 recepit
517 2418 605 2453 prirlii
634 2418 776 2449 nocturni,
793 2424 920 2446 senatuin

131 2466 205 2500 cogit
223 2472 369 2499 procerum
401 2469 511 2499 genus;
537 2471 607 2498 quos
625 2463 697 2491 inter
726 2464 834 2491 medius
862 2464 920 2491 haec
938 2474 957 2500 υ

131 2512 166 2541 ait
182 2520 188 2538 ι
205 2511 312 2544 Quanta
333 2509 425 2537 clades
447 2518 502 2537 uno
524 2510 626 2544 impetu
644 2510 794 2545 improviso
808 2515 923 2538 noctua-

131 2566 193 2586 runt
215 2558 316 2585 nostris
346 2556 429 2585 rebus
448 2557 524 2584 illata
555 2557 602 2589 sit,
630 2556 750 2584 docendi
780 2565 840 2584 mea
860 2564 923 2584 ora-

131 2605 205 2632 tione
222 2612 277 2630 non
292 2604 369 2631 estis.
393 2604 423 2631 lu
444 2603 533 2631 oculis
556 2603 753 2630 recentissima
779 2603 921 2638 pernicies

131 2656 183 2678 est.
199 2650 282 2677 Multa
299 2650 326 2676 in
348 2650 402 2676 vita
415 2657 476 2676 sum
492 2649 608 2676 adversa
622 2654 765 2683 expertus,
781 2657 920 2684 nunquam

132 2703 187 2725 tam
205 2705 290 2732 prope
304 2697 447 2724 interitum
465 2696 574 2723 venisse
584 2704 627 2723 me
644 2696 768 2723 memini.
785 2696 920 2730 Vosipsos

132 2743 224 2770 adhuc
242 2743 322 2770 video
338 2743 452 2770 ltbrrore
468 2743 583 2777 periculi
596 2742 918 2778 pallentes.0btruncati

130 2789 240 2823 vigiles,
258 2797 372 2823 pervasa
398 2793 498 2821 castra,
518 2789 602 2816 robur
623 2789 649 2816 in
667 2789 709 2816 Itis
731 2789 853 2817 deletum
880 2790 919 2816 le-

132 2835 257 2868 gionum,
275 2841 323 2860 ars
340 2834 437 2860 intima
458 2839 486 2860 et
511 2834 587 2868 regni
608 2834 712 2861 avitutn
738 2834 836 2861 solium
867 2842 919 2868 op-

133 2882 254 2913 portuno
273 2879 317 2905 vix
333 2878 441 2906 tandem
454 2879 664 2908 allucentisdiei
679 2880 782 2908 auxilio
801 2884 918 2908 retenta.

977 1170 1134 1198 frondentis
1161 1172 1309 1200 circuitum
1337 1177 1406 1207 quot
1437 1178 1594 1200 nostrorum
1625 1172 1766 1200 cadavera

976 1221 1167 1250 consternant,
1197 1223 1298 1253 quanta
1323 1220 1365 1247 vis
1380 1220 1490 1247 cruoris
1505 1221 1636 1250 maculet.
1659 1224 1766 1254 quanta

977 1263 1132 1297 plumarum
1148 1264 1202 1293 late
1217 1266 1362 1300 congeries
1381 1271 1454 1301 tegat
1467 1275 1474 1293 :
1488 1266 1603 1301 vestigia
1627 1266 1765 1301 probrosa

976 1310 1064 1335 nostri
1093 1309 1248 1342 dedecoris,
1277 1315 1304 1338 et
1339 1316 1441 1346 tropaea
1472 1313 1610 1347 iactantia:
1637 1313 1760 1339 hostium

977 1359 1148 1386 nostrorum.
1179 1357 1225 1391 qui
1252 1364 1307 1391 quo
1325 1357 1436 1384 viliores
1449 1362 1524 1389 sunt,
1549 1362 1577 1385 et
1593 1357 1655 1392 plus
1681 1358 1767 1392 vulgo

977 1400 1064 1431 exosi,
1095 1408 1129 1428 eo
1166 1407 1261 1429 nostra
1288 1407 1331 1430 est
1360 1403 1563 1430 intolerabilior
1595 1403 1758 1438 ignominia.

976 1446 1067 1480 Agite.
1084 1448 1220 1476 consulite
1232 1449 1260 1475 in
1287 1449 1408 1476 medium
1437 1449 1503 1484 quid
1519 1450 1704 1477 remeudando
1721 1450 1765 1476 in-

977 1494 1135 1526 commodo,
1152 1496 1341 1528 pri-cavendis
1355 1497 1382 1523 in
1403 1501 1543 1531 posterum
1567 1497 1675 1523 damnis
1686 1497 1767 1523 sinti-

977 1540 1061 1572 libus,
1077 1546 1264 1575 opportunum
1283 1541 1355 1569 factu
1370 1543 1511 1578 iudicetis.
1531 1543 1659 1578 promite.
1675 1543 1767 1570 Erant

977 1587 1067 1620 capita
1087 1587 1197 1614 concilii
1214 1589 1336 1623 quinque
1354 1596 1410 1622 prie
1435 1590 1544 1616 cancris
1561 1590 1683 1617 illustres
1715 1597 1767 1624 ge<

976 1637 1081 1659 starum
1097 1633 1168 1660 fama
1192 1641 1294 1665 rerum,
1310 1639 1338 1661 et
1355 1639 1429 1669 parta
1456 1639 1535 1662 :etate
1561 1643 1594 1662 ac
1616 1635 1697 1670 longo
1713 1643 1765 1662 usu

977 1679 1131 1712 prudentia:
1146 1680 1277 1714 opinione
1291 1681 1368 1707 clari.
1384 1680 1487 1708 Horum
1509 1681 1555 1715 qui
1575 1681 1680 1715 primus
1694 1681 1767 1708 forte

977 1725 1148 1758 consederat,
1173 1727 1245 1761 regis
1270 1727 1423 1753 orationem
1452 1727 1492 1754 sic
1517 1727 1648 1762 excepit:
1667 1727 1767 1755 Docuit

979 1771 1035 1798 lure
1049 1779 1100 1799 nos
1118 1772 1240 1800 incursio
1255 1780 1336 1807 quam
1354 1782 1449 1807 parum
1464 1775 1531 1801 tutis
1555 1778 1665 1801 utamur
1689 1775 1766 1802 sedi-

979 1816 1050 1848 bus;
1064 1818 1138 1844 nulla
1158 1826 1279 1852 unquam
1302 1822 1346 1844 est
1364 1820 1501 1846 securitas
1524 1819 1549 1846 in
1571 1824 1624 1846 tam
1658 1820 1766 1847 infensa

977 1863 1077 1890 vicinia
1093 1865 1240 1898 speranda.
1261 1865 1443 1892 Florentibus
1461 1866 1546 1893 rebus
1558 1866 1672 1896 nostris.
1687 1867 1767 1893 ineo-

978 1909 1042 1935 lumi
1062 1910 1194 1940 exercitu.
1224 1910 1340 1945 integris
1357 1911 1469 1945 opibus,
1486 1912 1529 1938 vix
1553 1919 1634 1946 pares
1661 1913 1768 1941 fuimus

978 1955 1092 1982 insultui
1110 1955 1233 1982 nondum
1250 1957 1442 1991 speruentium
1462 1965 1522 1989 nos,
1533 1958 1651 1985 necdum
1665 1966 1768 1993 exper-

950 2006 954 2010 ‘
976 2006 1065 2028 torttm
1082 2002 1246 2029 debilitatem
1264 2008 1397 2030 nostrain.
1420 2004 1448 2031 Si
1478 2009 1558 2031 nocte
1589 2006 1765 2040 insequente,

975 2055 1106 2075 successu
1132 2048 1250 2081 feroces,
1276 2050 1350 2077 aucti
1379 2050 1491 2081 animis,
1520 2052 1619 2085 majori
1648 2060 1768 2080 numero

976 2094 1146 2129 ingruerint,
1169 2095 1236 2129 quid
1266 2095 1389 2122 futurttnt
1419 2096 1466 2128 sit,
1485 2096 1580 2124 horret
1595 2097 1704 2125 animus
1722 2098 1767 2125 in-

975 2141 1095 2169 formare
1120 2142 1276 2177 cogitando.
1293 2142 1409 2169 Utamur
1427 2151 1528 2170 censeo
1551 2143 1685 2171 beneficio
1707 2145 1765 2173 diei

976 2196 1036 2222 qua:
1051 2188 1108 2216 sola
1122 2188 1228 2215 cladem
1245 2193 1396 2215 extremam
1413 2189 1498 2216 nostri
1515 2190 1625 2224 generis
1649 2191 1767 2218 interei-

975 2235 1029 2268 pit;
1051 2234 1181 2268 reliquias
1211 2239 1310 2261 tenues
1338 2240 1445 2262 tantum
1470 2243 1524 2262 non
1549 2235 1646 2263 deleta:
1674 2238 1767 2271 gentis

976 2280 1003 2307 iit
1019 2281 1110 2307 locum
1140 2279 1329 2311 munitiorem.
1349 2286 1485 2307 rcmotunt
1515 2281 1549 2307 ab
1573 2282 1664 2311 hoste,
1681 2291 1726 2314 ac.
1741 2284 1765 2310 si

975 2325 1034 2352 ﬁeri
1061 2330 1164 2360 potest,
1179 2325 1301 2360 ignotum
1319 2325 1396 2360 ipsis,
1416 2325 1614 2353 transferamus
1637 2325 1659 2352 ε’
1676 2326 1766 2353 fracta

976 2372 1088 2400 virtute.
1103 2380 1156 2398 una
1178 2380 1240 2407 spes
1255 2372 1352 2399 salutis
1372 2373 1397 2398 in
1412 2371 1473 2406 fuga
1493 2378 1599 2399 ntatura
1627 2377 1678 2399 est.
1703 2373 1764 2400 Dixi

974 2419 1041 2451 quid
1053 2420 1183 2446 sentiam.

1010 2466 1042 2492 ll.
1063 2467 1120 2493 lloc
1135 2466 1171 2492 ita
1189 2466 1282 2493 locuto
1302 2466 1391 2500 surgit
1406 2465 1444 2492 illi
1461 2466 1604 2500 proximus
1617 2487 1623 2498 ,
1641 2471 1667 2493 et
1684 2467 1763 2493 vultu

975 2512 1106 2544 sedatior,
1136 2512 1284 2544 Extremas,
1307 2511 1408 2546 inquit,
1432 2511 1635 2546 desperationis
1659 2513 1762 2540 intem-

974 2558 1112 2593 pestivum
1146 2558 1304 2584 audivimus
1332 2557 1499 2589 consilium;
1527 2559 1662 2590 nondum,
1701 2567 1763 2592 quze

973 2604 1062 2639 gratia
1077 2604 1171 2631 divutn
1188 2608 1241 2635 est,
1255 2611 1289 2630 eo
1306 2607 1371 2630 sunt
1383 2602 1435 2629 loci
1452 2610 1497 2629 res
1511 2607 1612 2629 nostra:
1628 2602 1761 2629 redactr.

973 2651 1094 2678 Furtone
1122 2658 1178 2677 uno
1194 2649 1388 2684 impressinnis
1403 2652 1545 2675 nocturnae
1558 2654 1586 2675 ct
1610 2649 1763 2682 itnproviso

971 2684 1077 2725 assultu
1090 2697 1257 2725 debellatum
1272 2696 1383 2724 sit?vili
1399 2695 1547 2723 vendimus
1561 2700 1587 2722 et
1600 2696 1717 2730 patriam
1732 2701 1762 2722 et

970 2743 1071 2770 fatnam
1090 2751 1139 2778 pro
1156 2743 1258 2777 quibus
1269 2741 1355 2769 fortes
1366 2749 1461 2768 omnes
1472 2748 1600 2768 cruorem
1614 2745 1642 2768 et
1654 2741 1762 2775 quaevis

971 2794 1095 2816 extrema
1125 2788 1315 2822 paciscuntur.
1343 2786 1420 2814 State
1447 2786 1559 2818 animis,
1579 2786 1674 2812 cives:
1703 2794 1760 2812 non

974 2835 1033 2862 acie
1061 2841 1158 2861 sumus
1182 2833 1261 2866 victi,
1284 2833 1332 2860 sed
1363 2832 1526 2860 velitatione
1553 2839 1648 2867 parum
1678 2833 1761 2860 nobis

977 2888 1109 2917 prospera
1127 2880 1235 2908 tentati.
1259 2879 1358 2907 Multas
1381 2878 1562 2911 offensiones,
1585 2878 1668 2906 etiam
1697 2887 1763 2913 gra-
