1913 3068
65 156 135 187 1309

497 142 500 146 ι
529 153 722 185 SPECIMEN
740 153 958 184 SAPIENTIE
980 153 1160 185 lNDORUM
1175 153 1255 185 VET.

1631 153 1698 186 13ἱο

63 212 167 243 Vinres,
191 209 269 242 belli.
297 209 450 237 succedens
477 210 587 237 fortuna
606 208 703 236 melior
720 207 852 235 correxit.
869 210 887 237 Α
905 212 960 236 est.
989 208 1085 241 Cavct,
1115 209 1222 243 vigilat,
1257 208 1418 243 procinctus
1447 211 1501 236 stat
1525 209 1558 236 ad
1576 209 1629 236 vim
1648 211 1696 244 qui

64 257 238 284 lnstruamus
252 256 416 288 exercitum,
443 255 611 291 prodeamus
637 255 694 282 acie
709 255 856 289 quadrata,

65 309 250 336 provocemus
265 306 381 328 noctuas
403 302 430 328 in
448 302 585 336 praelium.
610 301 649 328 lbi
665 308 728 327 vera
755 300 858 326 virtute

66 352 197 374 cernetur
209 347 253 373 cui
270 347 340 381 parti
368 347 510 374 victariam
527 346 620 382 superi
636 350 770 376 annuant,
797 349 858 372 utra

65 397 177 428 praestet
206 393 250 419 via
280 392 390 419 bellica.
428 392 457 420 Si
494 391 644 423 vincimus,
681 392 859 418 restituemus

67 439 278 473 rempublicam,
296 439 434 465 maculam
450 438 578 466 eluemus
592 437 738 465 dedecoris
751 438 835 464 inusti
850 445 858 470 ;

68 486 91 512 si
103 485 169 520 quid
182 493 262 513 secus
274 485 416 516 acciderit,
431 489 521 512 tamen
531 485 605 512 laudi
617 485 670 512 erit
683 484 755 519 apud
772 484 860 510 bonos

70 530 203 558 fortitudo
229 530 343 564 infelix;
365 535 394 557 et
418 530 493 565 quod
532 530 626 557 multis
648 530 718 556 fama
749 529 860 564 inclytis

69 576 195 612 conligit,
215 579 320 603 honore
337 577 444 611 integro
463 577 542 604 marti
559 576 675 603 adwrso
696 576 860 603 succumbe-

70 630 142 649 mus.
167 622 225 649 Mea
240 630 306 655 ergo
334 622 391 650 haec
407 629 450 649 est
473 623 626 649 sententia:
642 621 802 649 haerendum
831 621 859 648 in

71 667 143 699 loco,
172 667 322 694 obtinenda
353 667 467 702 vestigia
494 667 642 702 majorum,
678 666 860 700 ignominiam

70 712 161 740 exsilii
179 712 251 740 haud
264 713 490 740 consciscendam
506 713 591 743 ultro.
603 720 712 740 summa
728 713 754 739 vi
769 720 859 746 quan-

72 757 163 785 tocius
182 759 339 785 conandum
365 758 475 786 cladem
495 758 566 785 hosti
600 765 747 792 reponere.
773 756 859 784 Tertii

72 809 132 837 post
148 804 199 831 hos
209 804 349 840 contraria
363 804 473 838 utrique
487 805 539 831 fuit
550 804 640 831 oratio
653 804 679 830 in
690 803 747 830 haec
756 803 841 829 verba
853 811 860 829 :

72 850 130 884 Ego
148 857 199 877 nec
224 850 315 884 fugam
349 855 470 885 turpem,
501 858 552 878 nec
584 857 706 884 prmeeps
733 849 860 882 praelium

72 896 206 922 suaserim
228 904 236 923 :
261 896 338 930 prius
355 896 454 922 horum
471 900 578 923 certum
606 895 690 922 habet
717 894 860 929 probrum,

73 941 399 976 iugensincommortum.
422 942 542 969 fructum
555 942 713 973 incertum;
743 940 862 967 alterum

74 987 222 1015 temeritati
241 987 321 1015 aliine
348 987 395 1015 sit.
422 987 512 1014 Media
527 987 626 1022 "placet
652 986 695 1013 via
725 986 864 1013 tentandae

74 1033 161 1068 pacis.
189 1033 339 1061 Mittendos
358 1035 493 1061 continuo
523 1033 557 1060 ad
575 1033 682 1060 hostem
696 1040 759 1059 cum
779 1032 863 1059 cadu.

74 1084 185 1107 ceatore
200 1080 336 1107 tractandi
353 1080 460 1114 peritos
475 1079 582 1115 judico.
609 1079 712 1106 Ferant
728 1079 755 1120 hi
769 1086 863 1106 secum

75 1133 202 1157 munera,
221 1127 326 1161 quibus
341 1133 369 1154 et
385 1134 477 1161 regem
495 1131 523 1154 et
537 1126 627 1160 gentis
643 1133 773 1160 proceres
797 1126 865 1152 deli-

74 1172 162 1199 niant.
178 1172 362 1200 Exarmantur
372 1173 418 1200 ira:
428 1173 590 1207 plerumque
601 1172 749 1199 submissis
760 1172 864 1202 verbis,

75 1226 144 1245 auro
155 1225 220 1246 vero
229 1219 383 1254 expugnari
405 1219 538 1246 ferociam
550 1220 726 1254 quantamvis
740 1219 865 1254 exerrnpla

76 1265 103 1291 in
117 1269 246 1299 promptu
259 1268 336 1292 sunt.
365 1264 438 1297 Quin
455 1265 478 1292 si
498 1265 589 1299 pactio
612 1273 703 1292 annua
721 1265 817 1292 tributi
831 1265 863 1291 ad

78 1311 295 1338 conventionem
306 1311 476 1345 requiratur,
485 1310 639 1338 cedendum
654 1314 779 1344 putarem
799 1316 867 1337 tem-

76 1358 155 1392 pori;
172 1357 272 1384 multas
283 1357 366 1384 etiam
392 1357 537 1384 bellicosas
549 1362 644 1392 gentes
657 1357 760 1384 scimus
776 1357 868 1384 dubiis

76 1402 134 1428 suis
146 1401 229 1429 rebus
244 1403 394 1437 precariam
410 1403 637 1436 tranquillitatem
649 1403 790 1438 vectigalis
802 1411 869 1437 pen-

76 1448 203 1475 sitatione
221 1448 389 1482 redemisse;
406 1449 528 1476 dandum
547 1449 679 1476 redeundi
696 1448 813 1484 spatium
827 1454 870 1476 est

77 1493 196 1522 fortuna:
213 1495 334 1528 meliori,
363 1503 480 1523 summae
509 1495 620 1523 interim
639 1504 733 1523 rerum
757 1503 869 1531 quoquo

911 255 1025 285 metuit;
1051 254 1226 281 indormiens
1246 254 1352 289 supinae
1381 253 1499 285 fiduciae,
1530 255 1698 288 opprimitur

911 299 1035 334 impune.
1067 299 1204 326 Caeterum
1232 300 1362 333 princeps
1392 300 1502 333 sapiens
1532 299 1565 326 ad
1597 300 1698 326 bellum

912 349 979 371 tunc
1006 349 1113 371 tantum
1141 344 1254 379 appellit
1280 345 1415 376 animum,
1443 345 1553 378 quando
1578 344 1630 371 alia
1643 352 1696 371 non

910 389 1031 424 suppetit
1059 390 1128 417 ratio
1156 390 1315 424 reipublicae
1332 389 1451 416 tuendus
1480 389 1558 416 Luxu
1572 389 1626 417 cibi
1652 394 1699 416 aut

910 441 1000 464 vestes
1012 441 1224 467 consumuntur,
1242 436 1307 463 ludo
1325 437 1390 462 alea;
1414 435 1595 470 profligantur
1619 443 1699 462 num-

910 484 958 515 mi,
974 483 1068 510 Martis
1081 483 1312 510 damnosissimus
1326 488 1462 509 mercatus
1475 488 1517 510 est
1533 491 1540 515 ;
1559 483 1700 518 impendio

911 529 1066 557 animarum
1096 529 1135 556 ibi
1165 529 1258 556 omnia
1284 533 1426 555 emuntur.
1445 529 1568 555 Tacebat
1587 533 1699 555 senator

912 580 974 609 post
992 575 1050 602 hzec
1064 574 1152 604 dicta,
1169 575 1249 609 quasi
1279 579 1449 609 perorasset.
1478 575 1590 609 quando
1622 575 1698 602 illum

912 621 1023 648 intuens
1037 628 1095 647 rex.
1108 620 1137 648 Si
1150 620 1264 647 bellum.
1281 620 1380 654 inquit.
1397 622 1455 655 geri
1468 620 1628 654 vetas.’quid
1641 619 1699 646 fieri

911 667 1029 695 suades?
1047 667 1079 694 Et
1094 668 1152 700 ille,
1163 667 1273 695 Suadeo
1289 667 1349 698 tibi,
1366 669 1469 703 optime
1478 675 1536 697 rex.
1551 666 1700 698 alt,consi-

912 714 949 741 lia
979 714 1127 749 exquirere
1154 714 1433 749 sapientissimorum.
1464 713 1560 741 Omnis
1585 712 1700 747 publica:

914 761 966 792 rei,
983 756 1101 788 maxime
1116 768 1183 788 vero
1198 760 1339 792 militaris,
1356 767 1422 794 spes
1440 764 1468 787 et
1481 759 1550 786 ratio
1567 758 1701 786 consilio-

913 815 974 834 rum
990 807 1109 834 sanitate
1120 807 1282 834 continetur
1296 815 1303 839 ;
1320 806 1422 833 mentis
1434 814 1515 840 quam
1531 813 1630 832 manus
1641 803 1701 831 clli-

915 853 1006 880 cacior
1019 860 1102 887 opera
1132 853 1159 880 in
1187 853 1267 880 bellis
1291 857 1343 884 est,
1377 853 1492 887 plusque
1515 851 1549 878 ad
1579 851 1702 878 victoria:

915 905 1074 925 successum
1103 898 1228 926 consulta
1245 898 1424 933 prudentium
1457 904 1539 932 quam
1570 904 1703 924 numerus

915 945 1046 976 militum,
1061 945 1140 979 vigor
1156 952 1315 979 corporum,
1329 945 1429 971 robora
1454 944 1593 978 legionum
1609 942 1703 969 confc-

915 996 990 1018 runt.
1012 990 1166 1018 Consilium
1196 998 1274 1024 ergo,
1299 998 1357 1017 rem
1387 997 1494 1016 summo
1517 989 1701 1016 necessariam

917 1038 969 1064 hoc
982 1038 1100 1065 articulo
1125 1037 1229 1072 negotii
1243 1036 1377 1071 perplexi,
1395 1043 1457 1063 cum
1473 1034 1702 1070 postulesmegari

916 1092 931 1111 a
961 1091 1005 1111 me
1024 1084 1100 1111 nefas
1116 1084 1163 1110 sit.
1188 1083 1266 1117 Quod
1292 1088 1382 1110 autem
1412 1090 1445 1110 eo
1472 1081 1583 1109 nomine
1606 1088 1705 1113 sugge-

917 1130 1035 1157 rendum
1066 1131 1092 1157 in
1127 1135 1248 1158 mentem
1278 1130 1412 1161 occurrit.
1444 1136 1500 1155 non
1540 1132 1583 1154 est
1617 1131 1704 1153 totum

917 1175 1063 1210 ejusmodi,
1082 1180 1111 1202 ut
1128 1175 1245 1210 proferri
1259 1183 1350 1202 coram
1377 1175 1471 1202 multis
1485 1174 1595 1201 debeat.
1613 1173 1704 1205 Quare

920 1228 981 1250 utar
991 1222 1150 1257 partitione.
1160 1227 1242 1256 atque
1251 1224 1301 1249 hoc
1311 1222 1421 1256 quidem
1435 1221 1522 1256 palam
1535 1220 1578 1246 aio
1592 1228 1599 1246 :
1611 1227 1706 1253 quem-

919 1269 1066 1296 admodum
1077 1269 1149 1296 ultro
1156 1268 1291 1295 assentior
1299 1268 1322 1294 ei
1334 1267 1382 1302 qui
1392 1266 1571 1301 primusdixit
1581 1274 1634 1292 non
1646 1273 1707 1293 esse

920 1315 999 1342 nobis
1018 1313 1193 1342 conducibile
1212 1313 1327 1344 bellare,
1350 1313 1386 1339 ita
1408 1313 1526 1347 probare
1549 1319 1656 1346 nequeo
1679 1310 1707 1337 id

919 1361 991 1395 quod
999 1361 1045 1395 qui
1055 1359 1169 1387 tertioet
1178 1363 1274 1394 quarto
1284 1359 1342 1385 loco
1352 1358 1446 1385 dixere
1454 1357 1581 1388 suadent,
1589 1357 1708 1384 subeun-

920 1407 981 1434 dam
1014 1406 1201 1434 conditionem
1220 1405 1316 1432 tributi
1327 1404 1424 1436 annui,
1442 1403 1539 1430 saltem
1561 1402 1707 1433 mod-rati.

921 1453 1060 1489 pcndendi
1087 1452 1209 1480 noctuis.
1233 1451 1381 1478 Genuslest
1398 1450 1541 1478 servitutis
1562 1449 1709 1476 tributaria

921 1500 1023 1536 pactio,
1049 1499 1082 1526 ad
1095 1506 1177 1534 quam
1207 1497 1270 1525 ideo
1285 1505 1352 1533 gens
1368 1497 1466 1527 libera.
1499 1501 1526 1523 ot
1549 1496 1610 1531 ejus
1635 1495 1712 1529 prin-

75 1541 158 1567 modo
167 1542 337 1569 consulatur.
348 1541 468 1575 Quartus
478 1543 504 1570 in
511 1543 585 1570 hunc
595 1543 705 1570 modutn
717 1543 848 1570 disseruit
858 1553 863 1569 :

920 1556 996 1582 ccps,
1015 1555 1048 1574 eo
1071 1545 1170 1581 dignus
1185 1544 1454 1579 fastigiomuuquam
1476 1543 1528 1569 nisi
1549 1541 1710 1569 necessitate

79 1587 134 1621 Ego
160 1595 224 1614 vero
239 1596 254 1614 a
274 1589 408 1623 legatione
425 1590 458 1615 de
480 1598 534 1624 qua
551 1589 675 1624 proximo
692 1590 796 1616 dictum
812 1594 863 1619 est.

76 1633 250 1661 decernenda
264 1642 316 1661 non
333 1635 481 1666 abhorreo,
495 1643 598 1662 censeo
622 1639 713 1662 tamen
729 1635 865 1662 adhiben-

77 1680 142 1706 dum
170 1679 281 1706 modum
308 1685 336 1707 et
364 1681 494 1716 precibus
511 1686 539 1709 et
563 1682 654 1712 tionis,
674 1686 704 1708 ut
732 1681 784 1708 illae
810 1689 866 1708 non

79 1724 194 1751 nimium
209 1725 338 1756 humiles,
352 1726 410 1753 hate
423 1726 528 1753 modica
544 1726 600 1752 sint
614 1735 620 1752 :
635 1727 661 1752 in
675 1733 731 1760 quo
748 1730 867 1760 utroque

78 1770 230 1798 dexteritas
254 1771 334 1806 legati
351 1772 514 1805 requiritur.
531 1771 630 1798 Gravis
649 1772 708 1806 ejus
721 1771 757 1798 sit
777 1771 868 1798 oratio

78 1822 106 1844 et
120 1817 210 1849 fortis,
243 1823 345 1844 metum
374 1817 567 1849 dissimulans,
596 1817 795 1844 confidentiam
825 1825 869 1844 os-

81 1868 209 1890 tentans:
229 1863 335 1898 abjccte
347 1863 487 1897 supplices
514 1864 569 1890 alta
585 1863 734 1898 supercilia
757 1863 870 1890 concul-

79 1913 155 1940 eant,
166 1918 181 1936 a
196 1916 292 1944 magna
307 1909 381 1936 ultro
397 1908 590 1936 deferentibus
608 1909 711 1944 majora
745 1908 870 1943 ﬂagitan-

81 1961 138 1982 tur.
151 1954 271 1982 Pecunia
284 1955 390 1990 ingenti
405 1963 460 1982 non
480 1961 533 1982 tam
558 1963 608 1990 pax
625 1955 771 1982 redimitur
787 1963 869 1989 quam

81 2002 114 2028 ad
151 2002 340 2037 oppressionis
366 2002 509 2029 audaciam
543 2001 638 2029 hostes
669 2002 869 2034 instruuntur;

80 2048 179 2083 exigua
193 2048 234 2075 sic
252 2048 370 2075 victores
380 2047 487 2077 delinit.
500 2052 531 2074 ut
550 2048 639 2074 victos
649 2055 701 2074 non
714 2047 869 2075 exhauriat.

80 2094 144 2122 Plus
151 2094 216 2121 facit
235 2093 375 2121 interdum
385 2093 531 2120 dimidium
543 2101 624 2128 quam
635 2098 723 2120 totum
735 2103 741 2121 :
752 2099 782 2120 ut
789 2093 872 2129 virgae

80 2140 206 2167 adsolem
223 2139 323 2167 stantis
341 2139 449 2166 modica
463 2138 573 2166 innoxio
581 2140 706 2167 umbram
716 2145 808 2176 auget,
821 2141 873 2168 im-

80 2186 188 2214 modica
196 2187 345 2213 eOnsumit.
355 2186 468 2213 Summa
489 2186 547 2214 hzec
565 2191 607 2213 est
618 2194 686 2214 mea:
706 2187 870 2214 sententias:

919 1593 1034 1620 adactus
1044 1593 1140 1619 ultima
1149 1591 1312 1619 descendat.
1327 1589 1467 1617 Beneficio
1490 1588 1571 1616 deum
1588 1586 1709 1615 nomium

918 1647 952 1666 eo
966 1639 1028 1666 loco
1049 1645 1092 1665 res
1109 1643 1210 1664 nostra:
1238 1641 1303 1664 sunt
1319 1656 1325 1667 .
1342 1641 1372 1664 ut
1387 1643 1520 1663 excusare
1543 1635 1614 1669 apud
1633 1633 1712 1661 famae

915 1685 1051 1720 judicium
1078 1683 1216 1718 possimus
1239 1682 1425 1716 abjeclionem
1452 1681 1624 1708 inﬂectcndm
1649 1687 1712 1706 cer-

919 1731 989 1758 vicis
1017 1731 1069 1757 sub
1095 1730 1190 1764 jugum
1213 1729 1282 1756 adeo
1310 1730 1487 1763 probrosum.
1516 1728 1604 1761 Atque
1626 1727 1652 1753 in
1669 1726 1712 1753 his

920 1776 1043 1806 duobus.
1062 1775 1186 1805 domine.
1202 1779 1276 1801 stare
1288 1779 1314 1800 te
1333 1776 1416 1801 hxum
1441 1779 1469 1800 et
1496 1772 1706 1799 irrevocabitem

921 1830 1050 1856 cuperem
1064 1830 1071 1854 ;
1089 1828 1151 1848 nam
1164 1821 1211 1855 qui
1224 1820 1340 1847 fluctuat
1351 1819 1419 1846 nihil
1430 1818 1588 1862 expediuet
1601 1822 1713 1844 contra-

921 1869 1024 1896 riarum
1042 1867 1252 1898 sententiarum,
1269 1866 1341 1894 inter
1355 1873 1422 1901 quas
1434 1866 1557 1892 incertius
1570 1864 1712 1891 conﬂicta-

922 1919 978 1946 tur,
993 1916 1093 1941 damna
1105 1913 1226 1940 incurrit
1238 1920 1288 1940 nec
1301 1912 1417 1948 percipit
1429 1911 1584 1938 cornmoda.
1594 1910 1710 1941 Caetera.

922 1969 983 1996 qua:
1002 1965 1062 1996 post
1082 1961 1139 1987 hinc
1152 1959 1242 1986 habeo
1256 1957 1444 1992 proponenda.
1461 1964 1599 1984 secessum
1623 1961 1651 1983 et
1667 1964 1711 1982 se-

922 2012 1030 2034 cretum
1054 2006 1180 2041 exigunt.
1198 2004 1318 2032 Effatum
1334 2008 1376 2031 est
1390 2003 1546 2038 sapientum
1575 2007 1714 2034 veterum,

923 2061 1003 2088 regns
1014 2052 1083 2080 eﬂici
1097 2057 1222 2079 votorum
1235 2055 1377 2085 compotes
1387 2049 1628 2077 administratione
1639 2049 1715 2082 (η)ιί-

925 2108 987 2130 ma;
1028 2098 1296 2126 adndnistrationem
1328 2096 1462 2131 optimam
1504 2103 1538 2123 ex
1563 2095 1711 2128 multiplici

923 2148 1057 2174 exsistere
1074 2144 1191 2172 consilio
1205 2152 1213 2177 ;
1229 2143 1389 2175 consilium,
1408 2147 1437 2170 ut
1448 2146 1630 2177 unguentum.
1641 2144 1716 2171 eate-

925 2201 978 2220 nus
996 2192 1112 2227 probum
1130 2198 1190 2218 esse
1203 2210 1210 2220 .
1229 2189 1322 2224 quoad
1347 2193 1450 2215 tectum
1471 2191 1599 2214 teneatur
1623 2186 1653 2212 in
1671 2194 1715 2212 ar—

81 2241 132 2261 nec
145 2233 324 2260 recusandam
335 2233 430 2260 tributi
441 2233 639 2265 conditionem,
651 2241 701 2261 nec
713 2233 777 2260 belli
788 2242 873 2268 appa-

928 2246 999 2266 cano
1013 2246 1021 2265 :
1037 2238 1059 2264 si
1069 2235 1251 2271 exspiraverit
1264 2233 1528 2262 evanescit.Arcana
1542 2233 1656 2259 consilia
1669 2240 1716 2259 sex

82 2285 171 2308 ratum
206 2281 402 2312 omittendum,
439 2280 576 2307 lihrandis
617 2280 763 2315 prudentia
801 2281 874 2308 inter

83 2332 227 2361 utramque
243 2326 435 2353 necessitatem
453 2325 599 2353 momentis
614 2325 732 2360 publica:
744 2325 872 2354 fortuum.

120 2373 164 2400 Ill.
180 2373 300 2406 Quintus
314 2373 354 2400 sic
367 2380 483 2399 exorsus
496 2378 555 2400 est:
570 2373 628 2400 Non
647 2380 796 2407 possumus
812 2372 871 2399 bel-

82 2419 138 2447 lum
156 2427 252 2454 gerere
270 2427 334 2445 cum
362 2419 483 2451 noctuis,
512 2419 614 2454 opibus
630 2420 673 2446 hac
689 2419 828 2454 siquidem
846 2425 872 2447 et

84 2466 206 2501 potentia
231 2466 311 2500 longe
338 2466 421 2494 nobis
447 2472 600 2502 prtcstaut;
630 2467 678 2502 qui
701 2474 778 2498 vero,
797 2466 871 2493 haud

83 2515 158 2538 recte
173 2511 309 2538 subducta
327 2512 503 2546 propriarum
517 2512 626 2539 ratione
643 2512 754 2545 virium,
769 2517 873 2540 temere

82 2557 212 2585 fortiores
243 2558 364 2590 lacessit,
395 2559 517 2593 seipsum
552 2558 672 2594 jugulat,
706 2567 741 2585 ne
770 2559 873 2586 hedrns

82 2604 195 2639 quidem
223 2604 411 2632 adversarios.
444 2605 539 2640 Magna
570 2612 633 2640 pars
652 2609 694 2632 cst
717 2604 872 2640 prudentia:

83 2658 137 2677 non
156 2655 335 2678 contemnere
353 2650 461 2678 hostem
476 2659 483 2684 ;
497 2658 548 2677 nec
565 2650 669 2677 nullam
683 2650 754 2678 forte
766 2655 872 2685 partem

85 2697 168 2725 habet
185 2698 214 2725 in
242 2705 325 2725 causa
345 2697 433 2725 cladis
468 2703 550 2725 nocte
579 2698 716 2732 przetcrita
742 2702 872 2732 acceptae,

84 2743 157 2779 quod
182 2749 300 2773 noctuas
326 2752 424 2780 parum
449 2752 530 2780 posse
557 2744 753 2773 credeba'mus.
777 2745 873 2772 Timeo

84 2789 213 2824 equidem
229 2795 257 2818 et
278 2799 387 2826 semper
406 2791 486 2818 timui
501 2791 723 2826 qualemcunque
740 2791 872 2819 adversa-

86 2836 168 2868 rium,
191 2838 344 2871 praesertim
372 2838 395 2864 si
426 2846 512 2873 prope
541 2838 598 2871 sit;
618 2846 669 2865 nec
698 2838 873 2874 ignavushic

87 2883 194 2911 metus;
212 2879 259 2908 sed
286 2888 425 2916 generosa:
440 2882 600 2911 securitatis
628 2891 741 2918 promus
765 2883 872 2913 condus

926 2284 1004 2311 rimis
1015 2291 1143 2312 emanare
1156 2283 1184 2309 in
1198 2282 1324 2310 notitiam
1338 2286 1454 2316 possunt
1470 2289 1477 2308 :
1495 2284 1540 2307 aut
1557 2280 1617 2314 ejus
1627 2287 1718 2306 ennn«

926 2329 1039 2357 tiatione
1052 2329 1100 2364 qui
1117 2328 1283 2356 sententiam
1295 2327 1400 2362 rogavit
1414 2347 1422 2358 ,
1437 2331 1486 2353 aut
1496 2334 1592 2353 eorum
1609 2325 1719 2353 confvsa

925 2377 1002 2403 sione
1017 2376 1063 2410 qui
1085 2374 1305 2409 responderunt,
1325 2379 1372 2401 aut
1392 2373 1584 2400 ministroium
1601 2380 1717 2400 exsecu-

927 2421 995 2448 tioni
1013 2421 1205 2456 praefectorum
1217 2421 1397 2455 loquacitate,
1421 2423 1469 2445 aut
1486 2419 1638 2454 legatorum
1655 2418 1718 2453 qui.

925 2469 977 2496 bus
993 2476 1070 2496 mens
1093 2467 1228 2503 principis
1260 2466 1420 2494 necessario
1445 2465 1580 2497 creditur,
1608 2465 1719 2500 garrula

925 2515 1078 2550 prurigine,
1108 2518 1157 2541 aut
1186 2514 1325 2548 sagacium
1346 2512 1517 2546 coniecturis
1542 2511 1588 2546 qui
1605 2519 1620 2538 e
1636 2516 1718 2538 vesti-

927 2561 979 2596 giis
995 2561 1084 2596 palam
1103 2565 1230 2587 actorum
1260 2559 1331 2586 clam
1349 2558 1474 2586 consulta
1489 2557 1653 2584 odorantur.
1670 2562 1719 2583 aut

925 2606 1046 2641 denique
1063 2605 1218 2633 temerariis
1234 2604 1348 2640 judiciis
1374 2603 1527 2631 otiosorum
1546 2603 1719 2636 incompch

924 2652 1051 2678 divinare
1071 2651 1244 2681 conantium.
1268 2650 1334 2677 dum
1360 2657 1425 2677 casu
1442 2649 1539 2684 (quod
1579 2647 1607 2674 fit
1633 2648 1720 2675 inter.

925 2698 1013 2733 dum)
1039 2698 1064 2725 in
1088 2705 1185 2724 verum
1212 2698 1368 2725 incurrunt.
1400 2697 1486 2723 Porro
1516 2696 1645 2730 princeps
1670 2695 1719 2730 qui

924 2745 1097 2773 summentis
1129 2752 1260 2772 arcanum
1287 2743 1441 2771 inviolabili
1467 2742 1567 2770 secreti
1584 2742 1718 2776 religione

925 2790 1060 2817 munitum
1075 2790 1192 2821 obtinet,
1213 2789 1351 2824 duplicem
1376 2797 1408 2816 ex
1434 2796 1467 2816 eo
1487 2788 1633 2815 utilitatem
1658 2787 1717 2815 col-

925 2837 1003 2872 ligit:
1020 2845 1083 2864 nam
1100 2841 1128 2864 et
1147 2844 1202 2863 non
1216 2836 1321 2870 patitur
1334 2835 1477 2862 obstacula
1492 2834 1655 2869 opponenda
1669 2842 1719 2869 per

925 2884 1062 2917 conscios,
1086 2883 1230 2918 victorque
1247 2882 1311 2911 inde
1325 2882 1471 2918 propositi,
1487 2889 1618 2911 successu
1629 2882 1717 2910 desti-
