1913 3068
192 141 257 175 ΓΞΙῙ

894 144 1096 177 ΑΡΡΕΝΒΙΧ.

1759 143 1838 175 1312

191 206 318 228 natoruut
347 201 373 228 in
395 201 456 228 sinu
477 201 600 236 gaudet;
621 206 649 228 et
673 201 695 228 si
711 201 773 236 quis
786 208 866 228 casus
894 201 981 228 inter-
996 208 1018 235 Α
1033 211 1114 236 quem
1141 210 1237 230 eorutn
1275 201 1430 229 cervicibus
1456 201 1600 236 imponere
1637 201 1836 234 meditamini,

189 248 306 274 verterit
319 247 459 278 eﬂ‘ectum,
478 252 577 282 praeter
605 255 687 281 qualn
719 255 753 274 ne
781 252 838 274 tum
870 247 981 283 quidem

194 293 308 320 debebit
324 293 474 320 ludibrittm
491 294 584 328 vulgo.
605 293 722 320 irridere
739 298 844 320 tentata
862 301 916 320 non
935 301 983 328 pa-

193 343 299 366 trantes
313 339 404 370 solito.
419 339 575 366 lucril'aciet
591 339 673 366 etiam
687 339 750 366 odia
765 347 859 366 eorum
874 339 902 366 itt
913 347 984 374 quos

194 385 335 412 machinas
350 384 518 415 intenderat,
535 384 582 418 qui
601 385 622 412 si
637 389 751 412 nossem
777 385 843 419 quid
863 384 889 410 itt
910 385 984 418 ipsos

194 435 328 464 parasset,
356 430 410 456 iras
440 437 527 464 usque
544 429 572 456 in
599 429 720 456 furorem
749 429 904 457 irritarent.
923 429 983 456 Non

194 475 277 503 debet
296 480 386 502 autent
411 475 503 510 pigere
533 475 685 510 principem
710 476 776 502 dare
803 483 898 502 aurem
919 483 984 510 sug-

193 529 289 555 gerere
305 521 446 555 quidpiam
470 527 572 547 arcano
603 520 780 553 volentibus;
808 527 870 547 nam
889 521 985 554 quale-

195 574 304 601 cunque
334 566 362 593 id
391 567 503 593 deutum
531 566 577 597 sit,
601 572 779 600 cognoscere
802 565 868 600 quid
890 570 984 597 nocet,

195 611 268 646 quod
298 611 404 646 rejiciat
436 619 486 645 pro
513 611 630 638 arbitrio
657 611 680 638 si
711 611 814 638 bonum
842 619 897 638 non
922 611 985 638 est?

197 659 314 685 Acuitur
334 662 466 692 praeterea
484 665 561 684 mens
574 658 634 692 ejus
646 658 698 685 ista
712 658 912 693 dijudieatione
936 665 984 684 va~

196 704 300 730 riorum
319 711 462 734 sensuum,
489 708 516 730 et
532 704 683 730 auctoritas
705 709 787 738 atque
813 703 984 731 existimatio

197 751 342 777 firmantur
353 749 408 776 isto
422 750 591 776 commercio
605 754 776 776 secretorum
788 749 861 784 apud
874 750 983 784 vulgus,

196 795 331 830 quidquid
346 803 399 822 ttott
410 795 541 830 intelligit
565 795 715 826 admirans.
732 800 760 822 et
775 795 848 830 quod
863 795 984 822 admira-

197 846 243 869 tur
261 842 341 869 facile
355 849 512 873 venerans;
533 841 599 876 quin
616 841 688 868 idcnt
713 840 804 875 ipsum
828 841 981 868 terribilem

1035 248 1173 275 domino?
1188 247 1276 279 Μὶιιο,
1294 247 1417 282 inquam,
1436 247 1505 277 hac.
1517 251 1616 274 Vestrae
1646 254 1698 281 per
1722 255 1753 274 se
1773 247 1838 274 aui-

1035 294 1234 322 madvertenda
1248 293 1428 328 providentiae
1441 293 1604 327 permittens
1616 301 1622 319 :
1634 291 1702 318 illud
1720 300 1836 326 quam,

1035 341 1113 375 cujus
1132 348 1180 367 vos
1192 348 1293 367 settsus
1306 339 1410 367 indicio
1428 343 1483 366 tam
1500 338 1571 365 bene
1587 337 1656 365 allici
1681 346 1750 372 erga
1782 346 1836 365 no-

1034 391 1126 414 ctuam
1143 385 1301 421 potueritis,
1316 390 1346 412 ttt
1368 385 1394 412 ei
1427 384 1489 412 eali
1517 391 1549 411 ac
1570 389 1707 411 terrarum
1738 384 1836 411 domi-

1035 433 1111 459 nium
1124 431 1276 466 optaretis?
1290 430 1331 458 An
1347 431 1408 466 ejus
1423 430 1512 457 fornta
1538 430 1617 456 vobis
1633 437 1665 455 ac
1685 429 1774 456 facies
1789 429 1833 456 di-

1034 485 1087 512 gna
1105 477 1222 512 intperio
1238 477 1295 503 visa
1314 476 1418 510 placuit
1432 476 1443 502 '!
1461 475 1487 501 ld
1503 475 1661 509 suspicarer
1674 475 1697 501 si
1712 474 1831 508 pavoni,

1034 523 1057 550 si
1070 530 1168 558 cycno,
1191 523 1214 549 si
1243 522 1378 549 columba;
1404 521 1561 548 faveretis?
1585 520 1673 548 Cantu
1698 526 1746 547 aut
1772 528 1832 547 ser-

1035 576 1116 595 mone
1147 575 1196 595 vos
1225 568 1357 596 delinitos
1386 568 1550 600 arbitrarer,
1580 567 1603 594 si
1631 567 1772 599 lusciniae,
1806 567 1829 594 si

1035 614 1151 648 psittaco
1179 614 1290 641 studere
1315 621 1364 641 vos
1392 613 1559 640 cernerem?
1594 612 1748 639 Monstrum
1776 613 1830 639 hoc

1034 665 1146 695 aspectu
1173 661 1328 694 horribile,
1352 661 1456 688 ululatu
1486 660 1713 691 abominandum,
1738 659 1830 686 fetore

1035 706 1219 734 teterrimum.
1251 707 1340 741 cujus,
1366 707 1452 734 dicite
1479 706 1578 733 amabo
1598 713 1657 737 vos,
1684 713 1833 732 commen-

1035 751 1146 779 datione
1162 752 1234 779 dotis
1246 753 1441 779 ostentandum
1474 752 1501 778 in
1521 751 1592 778 solio
1610 751 1768 778 diademate
1783 759 1831 778 co-

1035 797 1189 824 ronandum
1217 798 1379 832 putavistis?
1394 799 1451 829 ,An
1469 797 1593 832 corporis
1623 797 1829 832 turpitudinem

1035 843 1130 871 Iaudes
1151 845 1178 871 in
1198 852 1232 871 eo
1251 845 1336 872 attimi
1361 843 1709 879 compensant?Qu.-enam
1741 845 1832 871 vero?

197 887 323 915 hostibus
341 888 415 914 facit.
428 887 553 920 Quatuor
569 887 642 914 enim
657 892 722 914 sunt
734 895 795 921 qua:
810 895 888 920 reges
916 887 982 914 sub-
999 885 1019 912 Β
1034 890 1104 916 Nuttt
1120 890 1358 925 soientia?stipite
1373 898 1406 918 ac
1421 897 1488 917 saxo
1504 890 1641 924 stupidior
1654 894 1758 916 noctua
1776 894 1829 916 est.

196 934 264 961 ditis
275 939 420 968 augustos,
437 933 600 960 formidatos
616 933 722 960 exteris
737 933 857 960 reddunt
872 943 878 959 :
898 933 984 967 impe-

197 980 342 1008 netrabilis
357 987 520 1007 arcanorum
539 979 618 1012 fides,
630 979 715 1006 multa
728 987 791 1006 cum
809 979 983 1013 sapientissi-

197 1026 249 1053 mis
259 1026 405 1060 colloquia,
427 1025 617 1053 ministrorum
643 1024 787 1052 solertiam
807 1025 841 1052 ad
870 1024 983 1059 negotia

196 1072 330 1104 delectus,
357 1077 385 1099 et
420 1078 480 1106 post
492 1078 618 1098 navatam
642 1078 754 1105 operam
786 1070 983 1103 remuneratio,

197 1117 316 1153 denique
333 1118 512 1144 inexorabilis
529 1117 664 1144 severitas
676 1117 704 1144 itt
731 1116 846 1151 perﬁdia
863 1117 986 1151 prodito-

198 1171 259 1190 rum
276 1163 426 1198 punienda.
443 1163 583 1190 llactenus
599 1163 693 1190 dicere
709 1163 797 1197 palam
815 1162 901 1197 potui.
919 1161 986 1194 Quae

197 1214 347 1245 supersunt
366 1210 498 1237 momenti
513 1211 547 1237 ad
575 1218 633 1237 rem
651 1217 712 1244 quae
741 1214 820 1244 urget
845 1209 986 1244 aliqttattto

199 1256 320 1292 majoris,
334 1263 513 1291 congressum
535 1256 649 1291 exigunt
675 1256 824 1290 privatum.
855 1255 899 1282 cui
925 1254 986 1282 duae

197 1303 309 1338 linguai,
325 1310 409 1330 aures
439 1307 568 1337 quatuor.
584 1310 635 1329 nee
660 1302 723 1336 plus
749 1302 899 1334 intersint;
925 1301 985 1328 ubi-

198 1356 308 1383 cunque
326 1348 371 1375 hic
387 1356 520 1375 numerus
535 1347 689 1380 excuditur,
710 1348 868 1383 explorator
885 1347 987 1374 subau-

198 1394 321 1421 Scultans
334 1394 426 1421 locum
444 1394 561 1422 invenit.

235 1439 278 1466 IV.
297 1439 345 1466 llis
360 1447 407 1466 rex
420 1439 523 1467 auditis
541 1439 647 1467 dimisit
663 1444 777 1470 emtum.
791 1443 818 1466 et
831 1445 986 1468 senatorem

199 1485 246 1518 qui
265 1485 378 1512 ultimus
393 1485 500 1512 dixerat
520 1490 690 1520 assumptum
707 1486 735 1512 itt
748 1485 875 1512 intimunt
892 1494 985 1513 secum

199 1531 359 1558 cubiculum
376 1531 500 1565 abduxit.
521 1532 560 1558 lbi
577 1531 632 1558 duo
649 1539 683 1559 ex
694 1539 728 1558 eo
739 1536 918 1566 percontatus
933 1536 985 1559 est:

199 1578 286 1612 prius,
301 1585 384 1613 quam
402 1585 513 1605 causam
531 1578 693 1606 habuissent
705 1583 813 1605 noctua;
836 1578 901 1605 belli
921 1585 987 1605 eon-
1000 1562 1021 1591 ε

199 1628 241 1651 tra
264 1631 362 1651 corvos
389 1624 573 1651 indenuntiati
603 1629 656 1651 tam
679 1632 749 1652 saeva
766 1625 921 1659 irruptione
946 1625 989 1651 in-

199 1671 330 1704 choandi,
345 1671 462 1698 alterum
480 1679 541 1706 quat
561 1671 629 1698 ratio
646 1670 699 1705 ipsi
713 1670 857 1698 videretur
883 1670 988 1705 optima

196 1725 294 1744 earum
321 1721 369 1744 aut
394 1716 611 1744 ulciscendarunt
637 1721 683 1744 aut
712 1716 986 1751 compescendarum.

198 1763 239 1791 Ad
257 1763 334 1798 pritts
347 1768 459 1791 senator
473 1763 615 1798 respondit
629 1763 657 1790 itt
678 1763 752 1790 hunc
779 1763 890 1790 modum
906 1771 914 1790 :
934 1763 989 1791 Au-

199 1810 292 1844 tiquae,
311 1809 432 1841 domine,
462 1809 602 1836 memoriae
626 1817 670 1837 res
694 1813 737 1836 est
760 1817 842 1843 quant
865 1809 986 1843 priorem

198 1855 310 1890 qumris,
329 1855 397 1882 ntilti
417 1860 482 1882 nota
504 1855 641 1882 bcttelicio
668 1856 768 1888 artatis,
783 1863 837 1890 qua
854 1862 927 1887 sum,
957 1858 988 1881 ut

197 1902 264 1932 scis,
280 1909 361 1936 quant
379 1907 406 1928 tu
425 1902 593 1935 provectiOr.
621 1901 673 1934 Qui
697 1906 764 1928 tuttc
788 1905 884 1936 regnat
913 1901 986 1935 apud

199 1952 325 1978 nol-tuas,
357 1952 496 1974 veterator
516 1947 694 1979 vaferrimus,
715 1947 780 1974 olim
810 1947 837 1974 itt
863 1947 986 1974 comitiis

197 1991 300 2024 avium,
334 1997 359 2018 te
392 1992 512 2018 ttonduttt
540 1996 605 2019 nato
633 1992 789 2021 celebratis,
821 1992 987 2020 candidatus

199 2040 286 2075 regni,
304 2044 357 2066 tam
374 2039 474 2067 callido
493 2040 609 2073 ambitu,
636 2041 818 2073 coitionibus,
834 2049 888 2076 qua
913 2041 987 2068 valet

197 2090 267 2116 arte,
285 2085 441 2117 nocturnis,
457 2086 547 2113 tribus
564 2091 635 2114 totas
655 2091 823 2118 emeruerat,
850 2091 880 2114 ut
903 2087 986 2122 justis

197 2130 337 2165 sulfragiis
359 2130 546 2158 declarandus
566 2131 721 2166 imperator
745 2131 889 2159 volucrum
908 2136 986 2158 certo

197 2175 368 2203 crederetur.
391 2175 503 2209 Disjecit
529 2177 712 2211 perniciosam
738 2177 909 2204 molitionem
936 2184 985 2211 pa;

1036 935 1076 961 An
1097 935 1275 968 benignitas?
1296 936 1430 962 dracones
1445 943 1475 962 ac
1494 935 1614 970 viperas,
1639 939 1696 961 tum
1719 935 1742 961 si
1762 934 1831 968 quid

1036 981 1137 1013 dirius,
1158 982 1328 1016 malignitate
1345 981 1441 1008 vincit.
1458 980 1555 1008 Utrum
1581 980 1700 1014 denique
1727 979 1832 1006 affabi-

1037 1027 1121 1055 litus?
1137 1028 1266 1054 omnibus
1281 1035 1363 1054 exosa
1377 1034 1473 1054 omnes
1497 1026 1565 1058 odit,
1587 1030 1642 1053 tota
1667 1033 1701 1052 ex
1719 1025 1829 1058 fraude,

1036 1073 1134 1104 livore,
1155 1073 1327 1106 immanitate
1356 1073 1417 1100 (icta
1439 1071 1623 1106 cottllataque.
1640 1071 1690 1098 Cui
1704 1078 1828 1105 unquam

1037 1118 1196 1154 reipublica:
1208 1119 1279 1146 bene
1297 1118 1357 1151 fuit,
1373 1118 1452 1153 cujus
1476 1118 1627 1152 prittcipem
1651 1125 1734 1144 nemo
1751 1117 1829 1144 adire

1036 1165 1222 1198 subditorum,
1244 1172 1326 1192 nemo
1342 1163 1444 1191 itttueri
1460 1163 1597 1190 sustinet?
1610 1163 1681 1196 Quid
1705 1163 1729 1189 si
1760 1170 1829 1197 pra:-

1038 1217 1112 1240 terea
1133 1215 1336 1242 contemnatur,
1356 1210 1379 1237 si
1407 1209 1528 1236 ludibrio
1546 1209 1589 1237 vel
1618 1209 1742 1236 minimis
1771 1209 1828 1236 sit?

1037 1257 1176 1292 quomodo
1189 1258 1212 1284 is
1232 1257 1303 1283 ferre
1320 1264 1370 1291 pro
1389 1256 1522 1291 dignitate
1538 1256 1706 1290 majestatcm
1737 1255 1827 1290 regni,

1037 1312 1081 1331 res
1101 1303 1306 1333 administrare.
1341 1302 1459 1337 publicis
1474 1301 1642 1337 iprospicere
1671 1301 1828 1327 commodis

1037 1349 1158 1385 poterit?
1179 1348 1359 1383 Elephautent
1386 1352 1441 1374 tam
1470 1347 1550 1379 forte,
1582 1347 1689 1380 ingens,
1721 1346 1826 1377 nobile,

1036 1395 1179 1422 cordatum
1200 1395 1272 1421 inter
1286 1392 1480 1428 quadrupedes
1496 1392 1597 1419 animal
1625 1391 1763 1418 excidisse
1780 1399 1828 1418 :tu-

1037 1442 1175 1474 ctoritate,
1203 1446 1286 1475 atque
1312 1448 1326 1467 a
1355 1440 1432 1475 regni
1458 1447 1506 1475 spe
1533 1439 1691 1466 subntotum
1720 1439 1826 1471 ferunt,

1038 1488 1134 1515 bestiis
1163 1487 1275 1514 offensis
1303 1485 1420 1520 quadam
1453 1486 1512 1520 ejus
1541 1484 1734 1519 superstitiosa
1750 1492 1829 1511 vere-

1038 1534 1139 1562 cundia
1154 1534 1227 1562 lunae
1243 1537 1326 1560 noctu
1347 1532 1487 1565 fulgentis,
1504 1532 1539 1558 ob
1559 1538 1640 1565 quam
1661 1529 1736 1557 lauta
1766 1530 1829 1557 vul-

1039 1584 1127 1615 gatam
1141 1579 1224 1606 etiam
1239 1578 1381 1613 lepusculo
1392 1577 1521 1604 debuisse
1540 1576 1690 1603 ludibrium
1712 1575 1826 1603 dicitur.

1039 1626 1168 1654 Fabulam
1184 1633 1239 1652 non
1254 1625 1374 1660 longam,
1390 1625 1455 1659 quia
1471 1623 1580 1650 videtur
1591 1623 1625 1650 ad
1639 1630 1697 1650 rem
1724 1621 1826 1654 facere,

1038 1671 1159 1700 breviter
1174 1670 1303 1698 referam.

1074 1717 1105 1744 V.
1125 1716 1236 1744 Exclusi
1248 1713 1396 1750 aliquando
1411 1713 1573 1749 elephantes
1588 1713 1677 1740 solitis
1702 1713 1826 1747 pascuis,

1038 1764 1111 1799 quod
1129 1764 1200 1791 lorte
1229 1772 1278 1798 per
1306 1767 1428 1790 :estatem
1448 1762 1525 1790 lacus
1554 1761 1627 1788 unde
1650 1761 1827 1795 aquabantur

1037 1813 1192 1839 exaruerat,
1208 1813 1236 1836 et
1248 1809 1329 1836 sedes
1344 1808 1409 1835 alibi
1433 1815 1557 1842 qua-rere
1580 1808 1678 1839 coacti,
1707 1807 1825 1834 devene‘

1038 1859 1104 1881 runt
1118 1855 1146 1881 iu
1165 1854 1261 1881 vallem
1283 1861 1348 1881 sane
1365 1854 1493 1888 pinguem
1509 1858 1538 1880 et
1562 1853 1722 1883 lterbosam,
1750 1853 1826 1880 fonto

1037 1900 1065 1927 itt
1092 1899 1251 1927 declivitate
1265 1898 1344 1926 collis
1369 1903 1539 1932 emergente.
1558 1898 1711 1930 eodemque
1727 1899 1825 1930 ubere,

1038 1945 1179 1980 irriguum.
1192 1944 1251 1972 Non
1277 1944 1348 1971 ultra
1384 1943 1554 1978 pergendum
1583 1943 1681 1980 visum,
1710 1943 1826 1977 probata

1037 1991 1166 2020 omnibus
1197 1990 1367 2017 habitatione
1397 1991 1436 2016 uti
1467 1989 1597 2024 deinceps
1627 1989 1823 2016 decreverunt.

1039 2037 1091 2065 Sed
1108 2036 1268 2064 insederant
1283 2036 1309 2063 id
1323 2035 1411 2062 solum
1429 2040 1510 2062 antea
1525 2035 1629 2062 densus
1643 2035 1764 2069 populus
1779 2043 1826 2062 cu-

1037 2084 1205 2114 niculorum,
1227 2083 1273 2117 qui
1297 2081 1422 2109 dolentes
1444 2089 1557 2108 suorum
1583 2081 1728 2115 plurimos,
1759 2082 1822 2108 dum

1038 2129 1163 2157 cavernis
1177 2128 1277 2163 passim
1293 2128 1350 2154 suis
1374 2126 1408 2153 ad
1426 2131 1533 2161 pastum
1558 2131 1606 2153 aut
1635 2131 1730 2160 potum
1763 2135 1824 2161 pro-

1037 2177 1132 2213 deunt,
1150 2184 1163 2202 a
1180 2175 1259 2202 novis
1280 2174 1435 2207 hospitibus
1452 2173 1522 2200 mole
1545 2180 1693 2207 corporum
1717 2174 1823 2208 gravis-

197 2227 277 2250 tt-uus
294 2227 369 2254 tuus,
386 2222 433 2257 qui
451 2223 520 2250 obiit
536 2227 562 2250 te
589 2230 686 2258 puero,
703 2231 785 2257 quem
812 2229 877 2250 tunc
901 2223 985 2250 habe-
1000 2231 1021 2258 [ι
1037 2222 1114 2250 simis
1133 2221 1197 2248 elidi
1213 2220 1400 2251 eoaculcatos,
1432 2219 1458 2245 itt
1485 2219 1630 2246 consilium
1657 2223 1772 2249 coeunt,
1797 2219 1823 2246 in

197 2267 296 2296 bamus
318 2268 346 2295 in
370 2273 466 2295 nostro
497 2276 597 2303 genere
630 2267 776 2302 prudentia
797 2272 983 2303 przestantem.

198 2314 337 2342 Postttlata
354 2313 428 2340 enim
447 2313 580 2340 concione
594 2313 634 2340 sic
648 2313 781 2340 disseruit
795 2321 801 2339 :
823 2312 920 2344 Video,
934 2321 985 2340 nec

197 2359 271 2387 enim
300 2359 447 2386 obscurum
475 2362 527 2390 est,
552 2366 607 2393 qtto
637 2358 762 2393 plerique
779 2350 983 2392 propendeatis.

199 2404 252 2432 Sed
269 2404 399 2439 quottiam
418 2404 496 2435 tanti,
514 2409 648 2438 quantum
679 2404 802 2438 profecto
821 2403 983 2439 intelligitis,

198 2450 331 2477 tuomenti
347 2450 487 2483 ttcgotiunt
506 2450 609 2484 agitur.
628 2457 751 2475 mearunt
776 2456 838 2476 esse
864 2449 984 2483 partiunt

199 2497 290 2530 putavi
305 2497 368 2528 hoc,
384 2495 458 2531 quod
471 2500 535 2522 ante
553 2503 610 2522 rem
628 2499 716 2522 actam
730 2494 812 2522 breve
827 2494 983 2529 interjaeet,

198 2545 287 2579 spatio
308 2544 456 2570 admonere
483 2551 532 2570 vos
548 2542 678 2569 utetiam
699 2546 782 2575 atque
810 2541 893 2568 etiam
911 2541 985 2575 cogi-

197 2591 263 2618 tetis
275 2598 358 2625 quam
369 2589 465 2616 durant
483 2588 668 2622 acerbamque
690 2587 850 2614 servitutem
867 2586 946 2613 vobis
957 2591 983 2614 et

198 2636 328 2664 universo
342 2635 444 2669 ubique
456 2635 582 2661 locorum
608 2633 750 2660 voluerunt
766 2632 859 2666 generi
881 2632 984 2667 paretis

199 2681 351 2717 injungerc.
382 2680 459 2708 Mitto
492 2678 676 2714 praenuntiam
703 2678 774 2706 bella
800 2678 902 2709 civilia,
923 2685 985 2712 qua:

198 2728 353 2756 imminent.
369 2728 410 2754 An
425 2727 499 2754 enitn
515 2725 677 2753 existimatis
689 2725 821 2760 aquilam,
834 2724 983 2756 vulturem,

196 2773 324 2806 milvum,
337 2781 444 2808 gruem,
459 2773 527 2800 alias
541 2779 689 2807 generosas
703 2778 767 2798 aves
781 2775 809 2798 ct
834 2777 982 2806 pugnaces,

200 2823 307 2853 spretas
323 2826 352 2846 se
368 2817 592 2852 vestrisjudiciis
604 2824 683 2850 aequo
695 2816 787 2843 animo
806 2815 920 2847 laturas,
937 2819 984 2842 aut

200 2871 320 2898 unquam
338 2864 409 2891 bona
422 2864 476 2892 ﬁde
490 2863 642 2892 serviturus
658 2862 730 2890 tristi
745 2861 810 2890 huic
824 2869 855 2889 ac
870 2861 983 2890 sordido

1036 2275 1091 2303 quo
1107 2267 1300 2302 plerorumque
1319 2264 1352 2292 ad
1378 2264 1469 2298 fugam
1487 2267 1515 2291 et
1543 2263 1738 2298 migrationem
1763 2271 1825 2291 sett-

1036 2313 1129 2341 tentite
1143 2310 1362 2346 propettdebant,
1378 2308 1489 2344 quando
1502 2315 1649 2343 assurgens
1670 2316 1754 2340 unus,
1771 2311 1824 2336 An-

1035 2359 1092 2386 dite
1106 2365 1160 2390 me,
1171 2356 1271 2391 inquit,
1307 2353 1450 2381 observavi
1480 2358 1571 2379 vastas
1596 2353 1680 2380 hasce
1707 2353 1822 2386 belluas,

1036 2412 1095 2439 quae
1108 2403 1188 2431 nobis
1203 2402 1342 2437 negotium
1366 2399 1516 2430 facessunt,
1547 2398 1713 2433 impotenter
1735 2399 1822 2427 vereri

1035 2454 1197 2476 nocturnam
1214 2447 1327 2478 lunam;
1340 2444 1397 2471 vidi
1412 2443 1486 2470 enim
1500 2443 1560 2478 ejus
1573 2447 1684 2476 aspectu
1699 2449 1822 2471 conster-

1035 2492 1107 2523 nari,
1118 2496 1146 2518 et
1155 2498 1237 2525 aqua.
1250 2489 1357 2516 velutei
1368 2487 1562 2523 propitiandos,
1574 2495 1603 2514 se
1613 2487 1743 2515 lustrare.
1756 2488 1823 2516 Hinc

1035 2537 1102 2565 mihi
1116 2537 1162 2564 lux
1172 2535 1297 2563 oboritur
1308 2534 1409 2568 aliqua,
1421 2537 1449 2560 et
1460 2540 1524 2567 spes
1535 2539 1630 2559 eorum
1641 2533 1705 2560 ltinc
1714 2533 1823 2567 abigen-

1035 2585 1144 2612 dorum.
1167 2582 1304 2614 Tentabo,
1315 2581 1338 2607 si
1357 2579 1435 2607 vobis
1447 2578 1566 2611 videtur,
1599 2583 1678 2606 nocte
1695 2580 1821 2613 sequenti

1035 2631 1107 2666 quod
1127 2630 1228 2664 cogito,
1259 2635 1320 2655 cras
1339 2626 1405 2661 quid
1425 2625 1590 2653 successerit
1600 2625 1704 2656 scietis.
1716 2630 1744 2652 et
1773 2633 1821 2660 pro

1036 2683 1065 2702 re
1086 2679 1148 2701 nata
1171 2671 1326 2700 decernetis
1342 2669 1415 2706 quod
1441 2669 1583 2704 apparebit
1602 2669 1714 2696 utilius:
1741 2678 1821 2698 morte

1036 2720 1128 2748 brevis
1147 2727 1200 2746 non
1219 2718 1279 2745 leve
1294 2717 1413 2751 pretium
1429 2714 1595 2742 ostenditur.
1610 2714 1714 2742 Omnes
1730 2723 1822 2743 assen-

1036 2773 1106 2794 sere.
1132 2765 1223 2800 Lepus
1248 2767 1344 2790 auctor
1359 2761 1468 2789 consilii
1491 2765 1572 2788 nocte
1587 2760 1751 2788 concubiae
1779 2769 1820 2788 re-

1036 2813 1117 2848 gione
1146 2811 1219 2838 lunae
1233 2809 1286 2837 alte
1309 2810 1364 2844 jant
1399 2807 1525 2839 sublatas,
1546 2806 1642 2833 innubi
1663 2811 1721 2834 tum
1753 2807 1821 2835 forte

1036 2859 1106 2888 code
1120 2877 1129 2892 ,
1143 2857 1172 2885 in
1185 2855 1328 2891 scopulum
1349 2853 1440 2882 evadit
1458 2852 1648 2881 imminentem
1670 2858 1821 2882 memorato
