1913 3068
111 138 180 172 1313

569 137 762 169 SPECIMEN
783 137 1009 168 SAPIENTL/E
1031 136 1215 168 INDORUM
1233 136 1316 168 \‘E'l‘.

1671 134 1740 166 1214

104 203 188 231 supra
219 195 298 222 fonti.
331 194 397 223 lude
420 195 562 223 ductorem
589 195 767 230 elephantum
793 201 891 229 magna
908 199 930 227 Α
944 195 985 222 ire
1004 202 1057 222 non
1076 199 1226 227 recusaret,
1242 202 1256 222 a
1270 201 1326 229 quo
1342 201 1370 221 sc
1385 192 1572 220 devorandum
1589 193 1670 220 simul
1695 201 1744 227 ap-

104 243 273 278 compellans
292 250 368 274 voce.
385 241 500 273 Adsum,
531 241 631 275 inquit,
650 241 684 268 ad
714 244 740 268 te
767 240 868 267 missus
881 247 897 266 a

105 290 218 318 domina
237 289 326 320 Luna,
342 289 423 324 cujus
439 288 466 315 in
482 287 588 315 ditione
610 287 672 314 fons
695 293 776 321 quem
805 286 898 313 cernis

105 340 158 368 est,
176 335 267 362 Diana:
286 335 377 362 dictus
407 334 441 361 ab
457 334 545 361 altero
559 333 644 360 Lunae
673 332 795 360 nomine.
816 332 845 359 lu
863 339 897 359 eo

107 381 151 407 illa
168 380 314 407 consuevit
337 386 440 406 arcano
466 378 564 410 lavari,
593 377 637 405 cui
662 377 702 404 rei
734 381 824 404 vestra
845 375 898 402 fre-

106 426 219 460 quentia
232 425 429 459 impedimento
457 427 509 455 est,
539 426 721 456 prtelcrquam
741 421 815 447 nitor
840 420 898 454 ipse

105 478 137 498 ac
155 470 339 505 perspicuitas
354 469 404 504 ipsi
420 471 494 496 sacri
514 469 630 503 liquoris
650 468 749 494 vestris
775 466 899 501 vestigiis

107 517 246 544 turbatur.
270 517 361 543 Edicit
374 523 449 551 ergo,
469 515 585 542 Abcatis
606 514 672 546 alio,
692 521 772 540 suum
800 512 839 539 illi
854 520 900 539 va-

104 571 188 590 cuum
204 563 381 596 liberumque
397 561 560 596 relinquatis
574 561 685 593 locum;
701 559 723 586 si
751 558 900 586 reuueritis

104 613 151 636 aut
166 609 248 636 etiam
267 607 452 640 cunctemini,
472 611 577 641 pestem
589 605 668 633 vobis
680 613 712 632 ac
724 609 828 632 certam
841 611 901 638 per-

104 655 206 682 niciem
222 663 270 689 per
283 661 326 681 me
339 653 497 680 denuntiat.
515 653 575 686 ipsa
602 651 669 687 quin
684 650 768 678 etiam
785 651 901 677 descen-

103 701 144 728 dit
157 701 213 736 jam
228 700 255 727 in
271 699 374 727 fontem
388 709 396 733 ;
415 700 451 726 ibi
463 706 535 731 eam,
551 698 574 725 si
599 697 682 725 dictis
708 697 778 724 meis
807 696 900 723 minus

103 748 206 779 credis,
223 747 323 775 accede
335 748 384 779 sis,
402 746 498 774 licebit
527 752 655 773 cernere.
680 744 820 771 Turbatus
838 744 900 770 ino-

105 794 198 829 pinato
214 798 242 821 et
266 793 367 820 minaci
397 792 527 820 mandato
562 791 740 826 elephantum
763 789 829 820 dux,
852 788 900 815 ad-

105 844 199 867 movet
214 847 242 867 se
260 840 292 867 ad
310 847 387 866 oram
411 839 495 866 vicini
517 837 601 865 fontis
613 857 620 869 ,
646 837 795 871 vidensque
815 835 900 862 Luna:

951 240 1075 275 paruerit
1092 240 1246 276 intelligit?
1279 240 1387 275 Fingite
1417 240 1454 266 ita
1474 239 1572 266 stultas
1596 239 1741 266 volucrum

950 285 1057 320 aliquas
1067 289 1096 312 ut
1108 286 1197 312 forum
1209 290 1317 312 noctuas
1329 293 1383 312 non
1395 284 1539 322 refugiant,
1555 292 1653 319 magno
1665 285 1744 311 luent

950 331 1110 363 amentiam,
1139 337 1167 359 et
1200 331 1352 359 remedium
1379 336 1498 366 experta:
1524 331 1595 357 malo
1619 332 1710 365 pejus,
1727 338 1743 358 e

950 377 1026 404 fumo
1040 385 1069 405 se
1086 378 1113 405 in
1130 378 1264 404 flammant
1293 377 1423 405 incidisse
1443 385 1506 404 seru
1522 377 1651 412 sentient,
1668 376 1741 403 idem

951 431 1038 458 passae
1048 426 1121 453 atlod
1138 425 1262 452 sciurum
1279 429 1306 451 ct
1321 424 1442 458 leporem
1459 424 1562 454 ferunt,
1584 423 1657 450 inter
1672 431 1742 458 quos

951 475 1012 497 orta
1031 471 1219 498 controversia
1235 478 1371 498 consensu
1393 469 1537 497 amborum
1552 469 1585 495 ad
1618 469 1678 496 fclis
1698 477 1742 496 ar-

950 515 1075 547 bitrium,
1091 516 1190 543 annosi
1206 516 1324 543 solitarii
1343 515 1435 550 spei-ie
1455 522 1486 542 ac
1515 514 1589 541 cultu
1604 514 1740 541 asceticen

951 562 1121 594 simulantis,
1139 562 1296 589 dirimenda
1315 563 1404 590 delata
1433 566 1486 589 est.
1518 561 1742 595 lmprolissimus

950 610 1036 645 judex
1051 610 1141 644 praeda
1158 610 1237 637 lmtus
1246 610 1364 645 objecta,
1377 617 1440 636 eum
1454 609 1594 644 litigantes
1609 616 1641 635 ex
1654 609 1743 635 inter-

952 656 1025 682 valio
1044 656 1077 683 ad
1090 656 1156 691 quid
1169 656 1312 683 venissent
1325 656 1489 686 indicarent,
1506 655 1632 682 Accedit»
1645 655 1740 688 igitur,

952 702 1053 736 inquit,
1074 707 1104 729 ut
1120 710 1169 729 vos
1182 702 1304 734 audiam;
1322 710 1385 728 nam
1402 702 1490 729 relatis
1513 701 1580 728 vitio
1608 702 1742 728 scmisur-

952 749 1005 776 dus
1030 756 1102 776 sum.
1120 749 1223 775 Ambos
1240 748 1340 775 deinde
1368 748 1478 775 incaute
1506 748 1740 784 obtemperantes,

952 793 1092 827 unguibus
1108 801 1263 829 aggressus,
1281 801 1312 820 ac
1340 793 1470 820 dentibus
1486 795 1613 827 egregius
1636 793 1741 820 arbiter

953 840 1110 874 discerpsit.
1130 847 1162 866 ac
1176 847 1254 866 vorax
1261 840 1292 866 it.

105 887 161 913 alte
177 885 310 921 fulgentis
325 885 473 920 imaginem
495 893 528 911 ex
540 891 619 918 aqua:
635 883 783 917 superllcie
807 888 901 916 reper—
914 869 938 898 Β
987 885 1031 913 Vl,
1048 886 1085 912 ιω
1102 885 1311 912 concionanlcm
1322 892 1436 912 corvum
1451 892 1503 911 non
1521 892 1599 918 passa
1610 892 1741 919 perorare

104 940 224 964 cassam,
241 931 322 958 deam
345 931 411 968 illic,
444 930 517 966 quod
536 929 683 957 cuniculus
700 928 817 959 dixerat,
833 935 901 961 prae-

106 983 213 1005 sentem
225 977 353 1008 credidit.
370 985 402 1004 ac
414 984 485 1004 vano
500 980 695 1004 consternatus
724 979 810 1005 metu.
842 974 900 1001 suis

105 1024 192 1052 edixit
210 1031 271 1051 vasa
285 1023 457 1058 colligerent,
484 1022 663 1056 diluculoque
687 1020 819 1055 migravit
837 1027 900 1047 cum

107 1073 233 1096 armento
248 1068 389 1100 universo,
407 1067 485 1094 laetos
505 1073 536 1093 ac
552 1066 726 1101 gratulantes
753 1068 808 1090 tam
826 1063 900 1090 facili

105 1117 268 1144 amolitione
285 1116 348 1143 mali
368 1115 479 1142 maximi
494 1114 651 1149 lepusculos
668 1113 695 1140 in
710 1119 796 1147 regno
811 1111 902 1146 patrio

107 1162 278 1196 relinquens.
301 1161 352 1189 llic
370 1162 427 1196 jam
441 1164 598 1195 comparate
631 1158 698 1186 mihi
724 1158 900 1193 elephantem

106 1215 177 1234 cum‘
185 1212 298 1240 noctua,
313 1207 387 1234 illius
400 1206 524 1242 pauicam
540 1213 555 1232 a
569 1205 634 1232 luua
649 1203 825 1232 formidinem
837 1211 900 1230 cum

107 1254 193 1289 hujus
210 1253 328 1280 horrore
348 1253 456 1280 diurnae
484 1252 564 1278 lucis.
591 1252 690 1278 Annon
723 1250 899 1277 manifestum

106 1304 151 1327 est
175 1299 324 1331 infirmam,
359 1298 521 1329 deformem,
549 1296 691 1332 fetentem,
714 1295 834 1322 luridam
852 1295 901 1322 bc-

107 1346 202 1377 stiam,
229 1346 316 1372 multo
363 1346 450 1379 magis
486 1343 530 1370 vel
562 1342 684 1369 minimis
727 1342 790 1369 luce
832 1349 901 1376 gau-

107 1392 238 1418 dentibus
253 1395 371 1418 etmane
387 1390 499 1418 canoris
520 1389 637 1416 aviculis
665 1387 835 1422 contemptui
860 1387 903 1414 fu-

109 1442 210 1474 turam,
229 1437 275 1463 ubi
305 1444 371 1463 eam
390 1436 543 1464 abhorrere
562 1443 577 1462 a
594 1433 660 1461 solis
673 1433 771 1466 radiis,
789 1437 902 1468 stupere

108 1481 143 1509 ad
174 1481 355 1509 meridzauam
378 1481 482 1514 lucem,
512 1480 643 1508 tenebras
663 1484 690 1507 et
715 1484 825 1507 retrusa
852 1487 902 1514 per

110 1532 183 1555 totos
200 1528 261 1555 dies
290 1527 433 1563 gurgustia
455 1531 566 1561 captare
582 1525 839 1561 deprehenderint?
856 1525 902 1553 Vi-

107 1574 174 1601 dere
188 1575 243 1609 jam
260 1574 368 1605 videor,
394 1577 425 1600 ut
439 1573 513 1600 illam
536 1572 736 1603 exsibilahunt,
763 1575 794 1599 ut
811 1571 899 1598 visam

107 1620 202 1647 subito
218 1619 378 1654 explodent,
398 1623 428 1646 ut
455 1618 585 1646 omnibus
607 1618 721 1652 impune
748 1617 898 1652 lucifugam

109 1665 311 1693 tenebricosam
330 1664 505 1692 contumeliis
518 1663 645 1691 allicieut.
660 1663 694 1690 Et
717 1663 792 1690 hunc
806 1670 898 1698 regem

107 1710 251 1745 imponere
267 1710 364 1737 incolis
380 1710 442 1737 cceli
470 1709 598 1744 cogitatis
615 1708 726 1740 avibus,
754 1715 837 1742 quem
856 1707 900 1734 vix

106 1755 298 1782 sordidissima
316 1755 456 1789 reptilium
467 1761 579 1781 servant
590 1753 692 1780 habere
702 1751 901 1787 dignarentur?

107 1801 167 1832 Eat,
185 1801 287 1828 condat
301 1807 332 1827 se
356 1800 437 1827 caicis
451 1799 549 1837 antris,
573 1798 818 1834 vespertiliouibus
834 1797 899 1829 illic,

107 1845 332 1881 nycticoraeibus
347 1853 379 1872 ac
391 1845 484 1883 talpis,
495 1845 518 1872 si
535 1845 579 1872 vel
604 1845 631 1872 id
648 1848 748 1883 potest,
775 1844 900 1871 demitte-

108 1898 173 1927 tur;
206 1893 277 1920 lucis
309 1893 435 1922 filiarum,
459 1892 611 1919 amicarum
646 1893 722 1924 solis,
752 1892 899 1927 imperium

107 1947 200 1967 avmm
217 1947 251 1966 ne
281 1939 403 1971 all'ectet,
424 1945 458 1965 ne
484 1937 608 1970 ambiat;
628 1937 663 1965 de
688 1945 744 1972 quo
771 1942 899 1965 noctuam

107 1986 254 2021 cogitasse,
271 1985 313 2012 vel
347 1992 396 2019 per
415 1984 552 2012 somnium
576 1983 682 2011 insania
701 1983 747 2023 sit,
773 1991 900 2018 sperasse

107 2036 199 2059 autem
225 2031 312 2063 furor,
328 2036 356 2058 et
373 2034 472 2057 VCSll'tE
499 2029 654 2065 prudentia:
677 2029 899 2057 contumeliosis-

107 2079 175 2106 sima
189 2077 355 2112 desperatio.
371 2077 509 2104 Peroraho
525 2076 570 2104 ubi
589 2084 674 2104 unum
691 2076 773 2104 modo
786 2076 900 2112 subjun-

107 2133 174 2152 xero
187 2125 314 2159 capitalis
329 2125 356 2150 in
369 2124 423 2150 hoc
438 2123 550 2158 negotio
564 2123 707 2150 momenti.
723 2123 827 2158 [legum
842 2123 899 2158 pri-

108 2171 226 2198 marium
258 2170 378 2198 oilicium
404 2169 573 2207 jurisdictio,
606 2168 770 2204 dijudicatio
795 2169 897 2207 litium,

107 2218 253 2245 arbitrium
270 2224 416 2244 causarum
429 2221 482 2254 est,
510 2222 540 2244 ut
559 2219 669 2243 constat
692 2215 764 2242 inter
789 2223 896 2243 omnes.

107 2265 136 2292 lu
153 2272 187 2291 eo
211 2271 326 2291 munere
340 2269 414 2291 recte
437 2262 577 2298 fungendo
592 2261 705 2297 puppim
723 2269 756 2289 ac
783 2269 893 2297 proram

107 2310 223 2344 tequitas
236 2309 310 2340 facit,
326 2309 387 2336 sine
401 2317 454 2343 qua
466 2313 529 2335 nota
551 2312 579 2335 ct
595 2307 758 2342 pignoribus
786 2307 895 2341 experi-

108 2359 264 2381 mentorum
281 2359 365 2385 Icrta,
383 2353 452 2380 nulli
481 2353 644 2387 patientiqu
672 2353 800 2388 iujuriam
828 2360 896 2387 que—

109 2401 172 2427 rela:
186 2401 219 2426 ad
247 2399 368 2426 tribunal
383 2399 538 2425 deferenda:
548 2399 648 2426 ﬁducia
667 2400 761 2426 fuerit.
778 2399 893 2432 Putatis,

106 2447 129 2474 si
145 2446 255 2480 quando
277 2447 409 2480 accipiter
432 2446 588 2472 columbam
616 2446 766 2476 vexaverit,
801 2446 823 2472 si
852 2453 896 2473 res

107 2493 226 2520 hirundo
243 2493 365 2526 rapuerit
377 2491 507 2526 passeris,
524 2490 781 2524 siquotidianarum
804 2491 895 2518 istius-

107 2539 180 2566 modi
222 2537 508 2568 otleusiuncularum,
540 2537 642 2571 quibus
671 2537 727 2563 vita
754 2544 895 2571 utinquam

109 2591 199 2618 vacat,
217 2585 346 2612 inciderit
373 2583 496 2618 aliquid,
528 2590 694 2618 quemquam
718 2582 896 2610 inducturum

106 2633 229 2660 animum
242 2632 282 2658 ire
300 2631 334 2658 ad
347 2635 476 2657 noctuam
487 2630 560 2664 juris
575 2629 718 2663 repetendi
731 2630 773 2656 sui
789 2629 898 2664 gratia?

107 2679 176 2706 Tum
197 2682 291 2712 putate
304 2677 330 2704 id
348 2676 484 2708 futurum,
497 2676 520 2702 si
537 2676 670 2703 dantuum
684 2675 770 2702 multo
785 2676 898 2710 gravius

108 2729 221 2758 accepto
236 2724 270 2751 ab
284 2731 316 2750 ea
330 2731 387 2751 non
407 2721 543 2750 timuerit.
560 2721 670 2755 Flagrat
684 2720 729 2747 illa
756 2720 784 2747 in
800 2728 899 2748 omnes

108 2770 172 2796 odio
191 2776 300 2803 semper
316 2768 436 2800 ardenti,
462 2767 567 2795 eminet
597 2773 632 2793 ex
646 2766 734 2798 vultu,
760 2773 793 2792 ex
817 2766 898 2792 oculo

107 2815 197 2845 furor,
218 2814 355 2841 acerbitas
373 2840 381 2852 ,
408 2813 576 2841 immanitas.
608 2811 715 2844 Quanta
736 2809 837 2845 injuria
854 2818 900 2837 vc-

108 2860 166 2887 xari
181 2867 281 2894 agnum
299 2863 450 2894 oporteret,
467 2865 496 2886 ut
524 2858 557 2886 ad
582 2858 677 2892 lupum
693 2857 897 2891 expostulatam

952 931 1030 965 plebs
1041 931 1133 958 avium
1166 931 1329 958 acclamavit
1357 931 1444 958 denso
1467 931 1590 965 undique
1608 931 1739 959 fre-Inita.

952 976 1045 1011 Apage
1060 977 1198 1004 bubonem
1217 977 1323 1011 rcgcml
1342 977 1424 1004 abeat
1438 977 1464 1004 in
1484 985 1540 1004 rem
1554 977 1651 1003 malam
1665 984 1743 1003 mou-

954 1027 1042 1049 strum
1054 1023 1217 1058 lucifugum,
1236 1024 1367 1061 invisum,
1391 1023 1580 1050 exsecrabile!
1608 1023 1679 1057 Ergo
1695 1024 1744 1050 de-

953 1069 1078 1104 signatus
1104 1069 1186 1103 paulo
1211 1074 1274 1096 autc
1293 1077 1340 1097 rex
1369 1069 1460 1096 avium
1489 1070 1586 1102 plenus
1609 1069 1694 1097 cladis
1711 1078 1742 1097 ac

952 1113 1099 1142 dedecoris
1113 1115 1156 1142 vix
1170 1116 1262 1143 salvus
1285 1124 1301 1143 e
1326 1116 1440 1143 comitio
1458 1115 1574 1150 aufugit,
1608 1115 1743 1150 proximis

951 1159 1034 1186 etiam
1059 1160 1216 1195 quibusque
1228 1160 1412 1188 irascentibus
1428 1161 1501 1188 ultra
1518 1161 1625 1194 sibilos,
1640 1165 1743 1188 rostro-

935 1239 941 1242 .
952 1213 1007 1240 que
1022 1206 1152 1234 miserum
1167 1207 1350 1234 tundentibus
1371 1214 1404 1234 ac
1427 1207 1536 1242 plumas
1563 1207 1740 1235 vellentibus.

952 1252 1037 1280 Nocte
1053 1252 1118 1280 inde
1138 1259 1231 1280 secuta
1250 1253 1380 1280 convenit
1396 1257 1559 1280 uoctuartnn
1590 1253 1710 1287 regulus,
1726 1261 1742 1279 e

953 1302 1026 1326 tanta
1043 1306 1073 1326 se
1093 1306 1141 1334 spe
1176 1299 1313 1335 dejectum
1339 1299 1470 1331 fremens,
1502 1299 1659 1334 ignominia:
1686 1308 1743 1326 sua:

952 1352 1108 1380 praeconem
1126 1350 1250 1372 nostrum
1263 1354 1270 1379 ;
1283 1351 1320 1377 et,
1335 1345 1407 1379 Quid
1421 1345 1481 1378 tibi,
1509 1346 1608 1383 inquit,
1621 1353 1672 1380 ego
1687 1346 1744 1380 pri-

952 1391 1036 1417 vatim
1049 1395 1097 1418 aut
1111 1391 1220 1425 publice
1232 1395 1325 1419 vestro
1339 1400 1485 1420 corvormu
1502 1393 1596 1427 generi
1621 1400 1741 1426 unquam

953 1437 1167 1474 incommodavi,
1179 1442 1207 1464 ut
1221 1443 1318 1465 contra
1335 1445 1388 1468 me.
1403 1438 1573 1465 alienissimo
1598 1445 1660 1464 meo
1675 1443 1744 1464 tem-

953 1491 1032 1521 pore,
1052 1487 1106 1510 tam
1122 1492 1193 1511 sata
1205 1484 1280 1511 rabie
1301 1484 1434 1511 venires?
1460 1483 1595 1512 Cieterum
1609 1485 1648 1511 sic
1660 1484 1742 1521 habe,

914 1539 935 1567 ο
953 1529 1071 1557 recisum
1090 1529 1164 1557 ferro
1175 1537 1282 1557 ramum
1299 1524 1367 1558 vivat
1381 1530 1489 1558 arboris
1503 1530 1604 1558 iterum
1619 1538 1711 1558 renas«
1721 1531 1741 1562 i,

951 1576 1027 1603 coire
1043 1575 1262 1605 medicamentis.
1275 1581 1303 1602 et
1316 1584 1391 1603 mora
1407 1577 1508 1603 vulnus
1532 1576 1665 1603 inllictum
1683 1577 1742 1604 ani-

951 1622 1053 1648 mantis
1083 1621 1205 1656 corpori,
1225 1622 1347 1657 atquein
1381 1623 1539 1650 cicatricem
1568 1623 1740 1650 coalescere:

950 1666 1050 1701 linguai
1065 1674 1185 1694 morsum
1199 1675 1261 1695 esse
1277 1675 1392 1702 prorsus
1407 1668 1602 1700 ineurabilcm,
1629 1677 1661 1695 ac
1677 1677 1740 1696 cum

950 1719 1023 1747 aqua
1039 1714 1197 1748 exstinguat
1219 1713 1321 1748 ignem,
1338 1713 1379 1740 ris
1395 1714 1485 1741 hausti
1502 1714 1600 1742 veneni
1613 1714 1741 1741 antidoto

951 1757 1130 1790 retundatur,
1148 1765 1226 1784 amor
1240 1759 1366 1786 satietate
1382 1751 1525 1786 lruitionis
1554 1759 1740 1794 elanguescat.

951 1800 1113 1828 memoriam
1145 1805 1235 1828 tamen
1266 1801 1374 1836 injuria:
1400 1802 1460 1829 sine
1496 1803 1595 1830 merito
1620 1809 1741 1838 accepta:

950 1846 1042 1873 vivere
1061 1851 1190 1874 aeternam
1205 1855 1238 1874 ac
1260 1847 1363 1882 vigere.
1382 1847 1472 1880 Quare
1496 1849 1548 1876 ista
1574 1851 1741 1877 contumelia

950 1891 1021 1918 scias
1040 1896 1066 1919 te
1081 1893 1296 1928 semenjecisse,
1321 1893 1393 1921 unde
1406 1894 1490 1922 arbor
1513 1899 1645 1930 exsurgat
1672 1904 1743 1923 nuu-

950 1945 1032 1970 qnam
1053 1938 1219 1966 cradirauda
1236 1940 1401 1974 sempiterni
1427 1948 1526 1968 corvos
1546 1941 1620 1968 inter
1638 1949 1670 1968 ac
1693 1950 1744 1968 no-

951 1988 1031 2010 ctuas
1049 1983 1173 2012 discidii.
1191 1985 1236 2012 Sic
1247 1985 1366 2019 locutus,
1382 1987 1458 2014 rabie
1475 1988 1572 2021 plenus
1597 1988 1741 2016 absceSsit.

950 2027 1015 2055 lude
1035 2036 1096 2056 cum
1115 2030 1142 2056 in
1154 2037 1266 2064 specum
1292 2032 1372 2058 istam
1387 2040 1450 2059 cum
1479 2033 1538 2060 suis
1569 2034 1742 2074 recessisset,

949 2074 1031 2110 longo
1052 2079 1174 2109 tempore
1193 2076 1322 2104 vindicta:
1351 2078 1454 2112 pariter
1466 2079 1645 2113 cupiditatem
1663 2088 1743 2114 opes—

949 2129 1003 2155 que
1032 2127 1065 2148 ac
1089 2121 1214 2148 sobolem
1232 2127 1387 2156 auxerunt;
1405 2129 1460 2150 tum
1479 2125 1524 2151 uhi
1551 2132 1579 2152 sc
1596 2125 1743 2153 confirma-

951 2170 992 2193 tos
1004 2167 1201 2204 satisseusere'
1215 2175 1297 2202 quam
1312 2169 1412 2203 supina
1426 2169 1493 2204 ipsis
1509 2175 1604 2197 nostra
1615 2176 1643 2198 et
1660 2172 1742 2199 uimis

916 2208 937 2236 ἰ)
953 2212 1061 2239 incauta
1077 2213 1213 2241 securitas
1231 2215 1379 2248 pretiosam
1399 2215 1534 2242 oilercbat
1557 2217 1674 2244 noeendi
1695 2226 1743 2244 uo-

947 2258 991 2286 bis
1020 2260 1195 2286 occasionem
1227 2259 1370 2295 arripuere
1388 2281 1395 2293 ,
1434 2265 1569 2288 1ιυ‹·ιυι·ιιο
1594 2262 1648 2289 isto
1675 2268 1743 2289 tent-

947 2306 1052 2340 pestive
1071 2306 1104 2332 ad
1126 2311 1219 2333 votum
1257 2307 1380 2341 ipsorum
1408 2309 1528 2334 tumultu
1558 2309 1740 2337 admovendo.

947 2349 1030 2377 Vides
1044 2358 1077 2378 ex
1089 2350 1142 2382 his,
1165 2350 1286 2384 domine,
1315 2359 1412 2378 causas
1429 2352 1485 2378 odii
1503 2353 1580 2385 tales,
1606 2361 1674 2388 quas
1689 2355 1741 2381 ulla

946 2403 1028 2430 posse
1054 2397 1245 2430 pacilicatione
1283 2397 1424 2431 mitigari,
1458 2398 1560 2425 nedum
1577 2399 1741 2432 oblitterari,

947 2443 1116 2477 sperandum
1141 2443 1354 2478 haudquaquam
1371 2445 1558 2477 sit.Pravum,
1580 2446 1682 2473 inﬂexi
1695 2447 1740 2473 ilcv

948 2497 1053 2516 menter
1069 2489 1233 2524 injuriarum
1250 2496 1279 2517 et
1303 2499 1359 2525 pra:
1375 2491 1484 2518 cunctis
1507 2492 1633 2519 odiorum
1661 2497 1740 2520 tenax

947 2543 1034 2570 genus
1060 2535 1161 2563 frustra
1175 2537 1325 2564 coueiiare
1347 2538 1508 2572 curaveris;
1522 2539 1739 2566 exscindendqu

948 2584 1009 2607 est:
1025 2588 1079 2608 una
1096 2581 1176 2608 nobis
1194 2581 1279 2612 salus,
1297 2582 1380 2608 unica
1403 2582 1478 2616 pacis
1505 2591 1569 2618 spes
1596 2584 1623 2610 iu
1650 2584 1742 2611 debel-

949 2625 1032 2653 lando
1061 2631 1104 2654 est
1133 2628 1214 2660 sita;
1243 2636 1296 2655 non
1316 2647 1324 2660 ,
1357 2629 1490 2667 inquam,
1531 2631 1655 2657 vivemus
1686 2631 1740 2659 nisi

949 2672 1104 2700 vincamus.
1154 2673 1298 2706 Quomodo
1357 2682 1449 2702 autem
1494 2677 1633 2710 possimus
1681 2677 1742 2705 vin-

949 2725 1014 2745 cere
1043 2718 1099 2754 jam
1131 2719 1241 2753 quzeris.
1273 2719 1335 2747 llaac
1363 2721 1438 2748 enim
1463 2726 1507 2749 tua
1523 2724 1742 2752 secundainter—

951 2766 1056 2799 rogatio
1072 2770 1125 2802 cst,
1141 2765 1174 2792 ad
1195 2774 1277 2800 quam
1298 2767 1338 2794 sic
1359 2769 1534 2803 respondeo:
1554 2777 1569 2796 a
1586 2770 1611 2797 vi
1634 2777 1740 2806 aperta,

952 2814 981 2836 ut
993 2818 1037 2836 res
1053 2815 1153 2838 nostra:
1176 2818 1250 2837 nunc
1261 2819 1290 2838 sc
1302 2811 1416 2850 habent,
1428 2814 1642 2848 exspectandum
1659 2815 1739 2843 nihil:

951 2856 1094 2884 vincemur
1108 2856 1168 2884 sine
1194 2857 1278 2884 dubio
1291 2858 1314 2885 si
1324 2859 1522 2895 confligamus;
1544 2865 1572 2887 et
1588 2862 1662 2896 quod
1678 2870 1742 2889 vere
