1913 3068
198 230 295 251 sumus
307 227 477 255 sustinenda:
493 233 619 265 sequenti
643 239 723 261 nocte
751 235 934 264 t'editurorum
954 240 987 266 ad

197 276 289 297 arcem
305 277 426 300 noster
442 279 654 311 oppugnandam
676 280 828 314 irruptioni
857 283 987 312 hostium.

195 314 255 342 Non
276 321 366 344 tamen
384 318 586 354 desperandum
602 329 655 354 est,
669 326 734 360 quin
748 328 841 360 prm'io
856 329 986 364 impares.

195 363 392 394 stratagemate
414 367 550 398 possimus
568 370 724 403 superiores
752 373 880 402 evadere.
898 363 989 404 VAvtes

194 410 221 429 et
238 407 370 433 mat-binm
386 410 470 437 multa
485 411 604 440 efﬁciunt
625 425 686 450 qum
709 418 792 445 robur
819 420 984 450 lacellorum

194 452 391 486 contentioque
411 455 493 482 enixe
507 459 667 486 conantium
693 462 794 490 frustra
823 468 983 495 tentavetit.

195 493 260 520 llem
281 496 334 523 vidi
357 506 444 532 nuper
463 500 496 526 ad
525 502 577 530 ltoc
605 504 694 538 ipsum
721 510 902 537 :Mruenduut
930 521 984 540 non

193 539 323 574 ineptam.
338 551 419 577 quam
432 547 483 573 etsi
500 547 649 580 ludicram,
682 553 722 579 vel
737 554 770 580 ad
784 555 895 591 aliquod
920 567 985 586 avo—

191 593 347 615 CﬂllK‘lllulll
368 591 439 618 aeris
454 600 514 626 ("NB
547 599 572 621 10
588 596 644 623 11Γ11,
659 605 742 628 curm.
762 608 915 630 memorare
929 613 982 632 non

191 632 303 666 pigebit.
325 636 470 665 Solitarius
490 641 518 667 in
539 642 615 670 urbis
633 650 754 672 mercatu
784 648 863 676 bzedo
889 657 982 685 empto

191 679 298 706 redibat
312 681 388 709 illum
406 690 520 717 portans
534 687 561 714 in
576 689 673 716 cellam
707 692 907 723 suburl'anam.
929 697 983 724 Fu-

188 730 244 760 res,
258 726 304 759 qui
324 727 384 754 luce
401 729 490 762 palam
510 731 561 758 sub
582 734 670 761 oculis
704 737 916 772 magistratuum
936 741 982 768 .la-

188 771 335 800 trociuiuut
369 779 505 803 attentare
533 785 586 804 non
612 771 772 814 audebant,
808 783 880 812 hanc
909 786 979 814 h;rdi

186 821 370 854 extorquendi
397 828 495 850 ascelm
527 825 645 859 simplici
685 828 820 856 rationem
843 830 977 860 inierunt.

186 864 254 890 Tres
266 872 417 899 quatuorve
435 875 568 905 spargunt
589 879 618 898 se
635 873 660 899 in
691 875 822 910 compita.
847 884 900 911 qua
925 878 977 906 iter

185 915 245 937 erat
268 914 452 940 necessarium
487 917 613 944 redeunti
642 917 753 946 domum
782 921 920 954 solitario;
948 929 976 951 et.

184 957 300 990 primus,
319 958 368 995 Eu,
383 959 482 995 inquit.
500 962 545 989 hic
565 968 658 991 asceta
675 972 784 1004 canem,
797 967 972 997 immundum

183 1003 294 1041 animal,
313 1006 408 1041 tangit.
428 1007 656 1038 Assentiebautur
679 1012 712 1038 ad
735 1013 762 1039 id
780 1014 869 1048 ipsum
890 1015 974 1042 simu-

183 1049 295 1077 laudutn
312 1053 398 1087 rogali
415 1054 636 1084 cireumsmntes.
659 1057 847 1087 Contemnens
871 1069 971 1089 vanum

183 1102 322 1124 rumorem
340 1099 428 1133 pergit
442 1105 543 1128 ast-cla.
571 1102 682 1136 lterum.
711 1105 792 1132 tertio
813 1106 885 1133 idem
898 1115 912 1134 a
932 1107 974 1134 di-

183 1142 272 1168 versis
288 1150 320 1169 ex
337 1145 491 1179 composito
508 1146 705 1182 ingeminatur.
725 1149 873 1181 Subvereri
889 1155 972 1188 erepit

182 1194 217 1214 ne
234 1195 295 1215 vela
319 1189 456 1218 dicerent.
472 1192 513 1218 Ad
530 1197 683 1222 extremum
700 1203 762 1223 cum
774 1202 850 1225 extra
863 1206 970 1233 portam

180 1231 303 1259 circulus
324 1234 468 1268 juvenum.
483 1237 555 1264 serio
577 1246 758 1273 perseverans
784 1250 879 1270 canem
909 1253 970 1274 esse

179 1284 261 1310 quain
279 1285 406 1312 portaret
422 1281 536 1308 bestiam
551 1284 703 1323 solitarius,
719 1291 747 1313 et.
765 1288 924 1323 religionem
941 1291 969 1318 in

179 1321 231 1348 hoc
243 1323 303 1358 ejus
317 1324 415 1351 frustra
430 1327 531 1353 vestitu
549 1321 702 1355 iudicatam
713 1331 867 1368 requirens.
884 1333 966 1360 etiam

179 1369 317 1396 hominem
341 1371 506 1409 increparet,
527 1374 599 1408 quod
625 1383 679 1402 nott
703 1381 845 1405 vereretur
865 1379 968 1407 civium

177 1415 273 1442 oculos
285 1424 431 1450 personam
457 1418 529 1445 illam
553 1420 705 1448 dedecent».
721 1424 849 1457 exemplo
881 1425 969 1452 oﬂ‘en—

177 1461 254 1497 dere,
270 1470 418 1496 persuasus
433 1463 516 1491 homo
533 1466 646 1493 minime
664 1467 753 1495 malus
785 1469 892 1497 hwdum
920 1471 968 1499 ab—

175 1507 248 1541 jicit,
263 1507 290 1534 in
306 1508 381 1536 fonte
396 1509 509 1543 publico
528 1518 626 1538 manus
636 1513 705 1540 eluit
736 1521 768 1541 ac
792 1521 901 1549 vestes;
920 1525 967 1544 ex-

176 1557 255 1579 cusat
270 1552 332 1579 fuco
350 1553 402 1581 sibi
425 1555 499 1583 facto
511 1563 606 1583 canem
628 1558 772 1586 obtrusum
798 1568 848 1596 pro
870 1562 965 1597 haedo;
982 1547 1003 1576 α

175 1599 212 1625 ita
249 1599 352 1626 recedit
386 1601 574 1630 nebulouibus
599 1604 811 1639 sublegcntibus
845 1608 965 1642 laedunt.

175 1645 248 1672 unde
266 1647 423 1675 convivium
440 1649 540 1677 deinde
561 1651 737 1680 celebrarunt
755 1654 834 1682 salsis
857 1656 883 1683 in
906 1665 967 1684 ere-

173 1693 248 1720 tuitaa
264 1693 417 1722 fatuitatem
431 1695 554 1724 dicteriis
567 1698 799 1728 rondilissimutn.

210 1739 266 1765 VII.
282 1739 350 1768 llinc
371 1741 461 1769 obiter
480 1743 554 1770 vides
571 1752 661 1771 rerum
677 1745 900 1775 diﬂieillimarum
917 1757 964 1775 cx-

173 1786 260 1819 pediri
281 1788 381 1814 astutia
398 1788 565 1816 facultatem.
586 1791 625 1817 Ad
640 1792 711 1825 quod
727 1797 817 1819 autem
834 1802 906 1821 nunc
923 1795 962 1822 in-

171 1835 237 1863 stat,
259 1833 413 1860 machinam
435 1835 599 1869 excogitavi.
616 1844 787 1871 successum,
806 1839 856 1866 nisi
873 1841 960 1874 pluris

172 1884 246 1903 mum
271 1878 362 1909 fallor.
379 1880 489 1913 qualem
520 1885 648 1915 optamus
678 1883 841 1910 habituram,
856 1886 960 1918 \Castra

170 1931 271 1950 censeo
294 1924 344 1950 ltac
359 1932 473 1958 vespera
496 1933 529 1952 ex
545 1927 595 1952 hac
610 1927 708 1954 arbore
727 1929 754 1955 in
777 1930 857 1956 aliam
886 1931 959 1958 illam

170 1977 225 1996 non
244 1969 325 2004 longe
349 1978 364 1997 a
380 1971 483 1998 dextris
501 1971 579 1999 sitam
595 1975 753 2001 transferas.
770 1975 812 2002 ille
834 1977 885 2003 sub
900 1977 958 2005 dis-

169 2023 291 2047 cessum.
317 2023 409 2043 coram
439 2018 577 2048 omnibus.
611 2020 689 2052 quasi
735 2021 901 2055 proditorem
930 2029 958 2051 ct

169 2062 255 2089 cladis
273 2067 392 2097 acceptae
407 2072 518 2091 causam
535 2065 667 2093 conviciis
683 2069 854 2101 proscindas,
871 2071 958 2104 plagls

170 2109 296 2141 mulctes,
311 2114 494 2142 cruentatum,
506 2111 605 2144 plmnis
618 2112 722 2139 alarum
745 2113 884 2148 plerisque
896 2116 956 2142 vul-

166 2161 218 2186 sus,
237 2154 324 2181 cauda
343 2160 398 2181 tota
412 2156 547 2186 abscissa.
565 2164 614 2190 pro
630 2158 810 2185 semimortuo
820 2158 853 2185 ad
865 2159 954 2186 solum

920 132 1121 166 APPENDIX.

199 177 354 211 admonuit.
375 182 421 215 qui
437 183 683 219 suadebatl‘ugam,
706 195 786 220 pares
813 197 987 226 nequaquam
1007 203 1024 227 Α

1043 198 1166 226 Abierint
1184 200 1287 228 utinam
1302 202 1327 229 in
1347 205 1444 232 malam
1462 207 1538 233 rem!
1557 207 1676 235 Invicem
1689 210 1844 243 collocuti.

1042 244 1088 277 qui
1109 245 1165 272 inec
1193 247 1348 280 audierant,
1377 258 1490 278 corvum
1510 252 1701 281 deducendum
1728 256 1831 290 judica

1043 297 1106 316 rnut
1122 291 1154 316 ad
1171 299 1261 326 regem
1279 299 1451 326 noctuarum.
1471 303 1612 331 sperantes
1627 300 1794 329 eliciturum
1809 311 1842 330 ex

1039 342 1072 360 eo
1087 336 1238 370 quidpiam,
1255 346 1316 365 nam
1331 341 1473 368 constabat
1488 342 1573 370 fuisse
1591 344 1663 372 hunc
1679 354 1713 373 ex
1730 348 1840 381 primo-

1041 379 1116 407 ribus
1132 389 1215 409 uuum
1230 385 1335 412 corvini
1354 391 1475 414 senatus.
1496 389 1656 418 Archibubo
1684 392 1774 426 igitur
1789 403 1839 421 co-

1041 433 1097 452 ra'n
1121 434 1150 453 se
1168 427 1317 456 adductum
1333 439 1445 458 corvum
1471 435 1621 468 supplicem
1637 444 1670 463 ac
1691 438 1835 470 timidum,

1039 477 1182 506 postquam
1197 473 1222 501 in
1241 475 1359 509 speciem
1377 478 1524 506 miseratus
1537 482 1677 509 confidere
1689 483 1833 517 iussisset,

1039 519 1141 552 rogavit
1155 519 1232 546 fateri
1251 529 1284 547 ne
1295 530 1454 554 gratare-tur
1468 533 1548 560 quaet
1566 535 1579 552 a
1596 529 1652 554 suis
1667 529 1702 555 ob
1719 537 1831 558 causa:

1036 562 1133 590 fuissM
1155 569 1209 591 tam
1235 566 1305 594 fmde
1322 568 1467 598 laceratus.
1500 570 1549 598 llic
1573 573 1616 598 ille
1630 593 1637 604 ,
1656 574 1830 608 Imprudens,

1036 607 1084 637 ait,
1106 608 1218 636 libertas
1235 618 1294 637 mea
1308 617 1335 638 et
1351 612 1460 641 incauta
1478 615 1639 649 simplicitas
1651 607 1701 644 bis
1711 627 1756 647 me
1781 622 1832 647 rui-

1034 653 1114 680 Seriis
1136 654 1277 689 implicuit.
1292 657 1380 685 Hodie
1392 667 1472 687 mane
1490 661 1590 695 trepidi
1617 669 1756 691 nocturno
1779 675 1826 692 ve-

1033 703 1090 725 stro
1103 700 1214 728 incursu
1235 703 1309 730 corvi
1328 705 1417 739 gentis
1432 707 1576 734 consilium
1595 715 1763 744 ecrgerant;
1791 711 1827 738 ibi

1033 752 1095 771 eum
1112 746 1158 772 alii
1172 748 1224 774 alia
1244 748 1333 783 inepta
1348 755 1377 778 et
1393 751 1586 787 intempestiva
1602 760 1707 782 temere
1733 758 1828 791 garri-

1034 795 1105 822 rent.
1123 800 1173 826 ego
1192 794 1263 828 quod
1280 803 1324 822 res
1341 801 1401 824 erat
1418 805 1481 825 vere
1499 799 1567 831 dixi.
1587 800 1718 829 fortiores
1731 804 1828 831 corvis

1031 842 1092 863 esse
1116 843 1241 869 noctuas.
1259 847 1293 866 ne
1315 840 1494 870 obfirmarent
1513 845 1620 872 animos
1642 846 1670 873 in
1692 855 1763 874 vana
1781 857 1825 875 re-

1031 881 1146 908 sistendi
1158 885 1322 916 constantia.
1334 894 1386 913 nee
1398 888 1502 916 cladem
1512 893 1660 918 secundam
1676 899 1822 924 exspecta-

1031 933 1108 960 rent;
1130 928 1240 955 herbam
1266 938 1372 959 mature
1401 935 1595 970 porrigerent;
1622 937 1746 965 victores
1774 947 1822 967 vos
1859 951 1863 956 ·

1029 980 1228 1002 venerarentur
1242 985 1249 1010 ;
1267 979 1427 1006 muneribus
1439 988 1471 1007 ac
1486 982 1611 1016 pactione
1625 985 1720 1011 tributi
1734 994 1823 1019 quan-

1029 1021 1085 1044 tum
1102 1021 1283 1053 praescribere
1298 1022 1492 1059 dignaremini,
1521 1028 1630 1062 placare
1647 1034 1818 1064 satagereut.

1028 1063 1091 1090 [hec
1107 1072 1159 1098 mc,
1173 1070 1254 1100 prout
1269 1068 1336 1095 mihi
1348 1071 1552 1099 meusdictabat
1566 1074 1686 1106 animus.
1701 1063 1821 1110 loquen-

1028 1113 1082 1136 tem
1107 1112 1197 1139 coorti
1217 1120 1323 1146 omnes,
1349 1123 1451 1151 rexque
1467 1117 1494 1144 in
1519 1119 1626 1153 primis.
1646 1122 1817 1155 proditorem

1028 1155 1198 1191 impiumque
1223 1161 1435 1194 proclamantes.
1455 1166 1554 1192 rostris
1578 1171 1605 1193 et
1626 1168 1770 1202 unguibus
1790 1170 1816 1196 in

1025 1201 1096 1228 banc
1125 1211 1168 1230 me
1199 1205 1382 1235 deformatum
1402 1210 1534 1244 speciem,
1554 1218 1604 1245 pro
1632 1219 1742 1241 mortuo
1770 1222 1817 1241 aut

1024 1247 1115 1274 statim
1131 1249 1266 1278 morituro
1282 1252 1470 1287 relinquentes
1480 1257 1635 1285 avolarunt.

1064 1293 1130 1321 VIII.
1146 1295 1222 1323 Tuuc
1239 1297 1407 1331 Archibubo,
1429 1301 1569 1330 advocatis
1583 1312 1639 1331 suae
1662 1306 1752 1340 gentis
1769 1315 1814 1334 se-

1024 1339 1161 1373 nioribus,
1181 1345 1322 1377 quaerebat
1341 1345 1407 1380 quid
1431 1347 1483 1375 hoc
1498 1356 1581 1376 corvo
1602 1339 1728 1385 agerent.
1755 1353 1814 1380 Pri-

1023 1393 1094 1418 mus.
1119 1389 1250 1416 omnium
1269 1390 1510 1426 prudentissimus,
1532 1394 1691 1429 Occidatur,
1709 1399 1812 1434 inquit.

1022 1433 1112 1460 statim
1127 1443 1134 1460 :
1151 1440 1285 1470 suspecta:
1296 1443 1361 1465 sunt
1373 1445 1445 1467 artes
1461 1441 1593 1475 hostium.
1605 1445 1733 1479 praesagit
1743 1433 1812 1473 mihi

1022 1479 1129 1507 animus
1144 1481 1276 1515 grandem
1289 1484 1323 1510 ab
1339 1484 1391 1512 hoc
1410 1493 1463 1512 non
1481 1495 1545 1514 vero
1569 1490 1692 1524 supplice
1717 1493 1811 1525 perui-

1021 1524 1102 1553 eivm.
1126 1526 1190 1553 Scio
1220 1528 1247 1554 in
1263 1529 1359 1563 primis
1373 1535 1401 1557 et
1419 1532 1544 1565 plurimae
1559 1535 1629 1568 apud
1653 1524 1725 1563 suos,
1745 1537 1808 1564 tidei

1019 1576 1194 1599 numeratum
1208 1582 1214 1606 ;
1229 1579 1277 1601 aut
1287 1575 1366 1603 valde
1379 1576 1470 1610 fallor,
1485 1584 1533 1606 aut
1553 1580 1659 1608 insidia:
1673 1583 1731 1610 ista:
1743 1589 1808 1612 sunt

1018 1618 1201 1646 machinantis
1216 1619 1308 1648 infesti
1323 1623 1464 1658 quidpiam
1479 1624 1504 1651 in
1517 1634 1602 1660 genus
1622 1632 1759 1656 nostrum.
1779 1631 1805 1657 In

1016 1671 1121 1690 summa
1152 1665 1217 1699 quid
1243 1667 1383 1700 perdimus
1399 1676 1431 1696 eo
1455 1672 1628 1700 trucidando.
1648 1678 1696 1700 aut
1721 1682 1804 1708 quam

1014 1709 1046 1735 ad
1063 1718 1120 1737 rem
1140 1718 1252 1746 egemus
1276 1710 1357 1748 hujus
1380 1723 1462 1749 opera
1488 1718 1658 1745 semiueeis?
1677 1724 1705 1747 at
1726 1722 1803 1755 gravi

1013 1756 1170 1790 suspicione
1183 1759 1360 1794 periculoque
1376 1761 1512 1790 intestinae
1529 1763 1633 1791 fraudis
1648 1765 1683 1792 ab
1700 1768 1799 1798 explo-

1013 1806 1103 1828 ratore
1120 1804 1257 1838 versipelli
1274 1806 1343 1832 clam
1362 1807 1529 1836 instruendte
1542 1810 1587 1837 illo
1612 1811 1735 1839 tollendo
1756 1813 1805 1840 de-

1012 1845 1162 1881 fungimur.
1180 1850 1257 1884 Saepe
1269 1852 1315 1886 qui
1330 1852 1402 1880 hosti
1427 1855 1549 1889 pepercit
1565 1856 1675 1883 intirtuo
1703 1858 1804 1892 dep:e-

1012 1892 1108 1926 heuso,
1118 1895 1152 1922 ab
1167 1896 1263 1923 eodem
1277 1906 1352 1925 mora
1367 1900 1471 1927 indulta
1488 1902 1684 1935 revalescente,
1701 1905 1802 1931 trium-

1010 1938 1118 1972 phatus,
1133 1949 1194 1967 sero
1212 1944 1314 1977 gemuit
1332 1953 1340 1976 ;
1364 1946 1515 1974 trucidatus
1533 1948 1627 1980 etiam.
1650 1949 1801 1983 ignominia

1009 1989 1125 2012 inurtem
1142 1989 1302 2021 cumulavit.
1326 1991 1403 2018 fama:
1421 1993 1523 2026 pariter
1543 2001 1574 2021 ac
1588 1995 1650 2021 vitae
1663 1996 1799 2030 jacturatn

1009 2031 1126 2063 patiens.
1140 2034 1242 2068 quippe
1255 2035 1395 2069 judicatus
1408 2038 1487 2072 culpa
1500 2046 1548 2065 sua
1563 2041 1737 2076 stultitiaque
1752 2050 1800 2077 pe-

1009 2075 1100 2102 riLSSC.
1129 2077 1251 2106 lthtiores
1273 2080 1319 2106 alii
1338 2086 1394 2109 tres
1412 2087 1566 2117 quatuorve
1592 2087 1742 2114 sententias
1758 2089 1800 2114 di-

1007 2125 1116 2152 xerunt,
1132 2126 1159 2148 et
1174 2121 1232 2149 fuse
1246 2123 1404 2153 disseruere
1418 2134 1467 2161 pro
1479 2135 1508 2154 se
1532 2129 1648 2163 quisque
1665 2138 1672 2156 :
1693 2132 1796 2165 quibus

1008 2165 1116 2192 tandem
1132 2168 1271 2196 emollitus
1292 2178 1347 2202 rex,
1368 2172 1460 2199 vivere
1478 2174 1554 2200 illunt
1573 2174 1644 2202 inter
1657 2183 1723 2204 suos
1735 2178 1796 2212 jus-

1619 2201 1624 2202 ,
1659 2201 1782 2212 μην-

165 2201 221 2227 sub
239 2201 338 2228 arbore
360 2201 467 2229 alliJas.
487 2202 526 2229 lbi
545 2211 588 2229 me
613 2204 737 2230 relictum
753 2205 892 2232 invenient
906 2214 953 2232 no-
973 2221 992 2248 υ
1007 2210 1041 2236 sit
1057 2211 1184 2240 liberum.
1214 2215 1420 2248 Recipientibus
1446 2226 1512 2254 ergo
1529 2228 1558 2247 se
1581 2221 1607 2248 in
1635 2222 1795 2256 speluncam

165 2251 238 2273 ctua:
254 2246 353 2274 iterato
369 2252 492 2275 ventura:
506 2248 574 2275 citra
588 2250 672 2276 ullum
689 2250 804 2277 dubium
827 2251 877 2278 hac
895 2259 953 2286 Ipsa

165 2300 248 2326 quam
266 2301 326 2319 mox
344 2293 475 2321 inibimus
494 2299 585 2322 nocte.
601 2295 642 2322 Me
660 2296 878 2331 iuterrogabunt,
901 2306 952 2325 au-

164 2339 255 2366 ditum
284 2347 377 2366 secum
407 2341 550 2367 avebenl:
577 2341 732 2368 insuescam
762 2343 833 2370 inter
859 2344 951 2378 ipsas,

162 2392 267 2411 arcana
289 2393 433 2420 emungam
447 2405 454 2419 ,
482 2386 559 2413 brevi
584 2395 627 2413 tne
646 2393 772 2422 exspecta
789 2396 850 2416 cum
876 2394 951 2417 certa

162 2431 332 2458 indicatioue
347 2432 420 2458 tnodi
436 2432 576 2459 vincendi.
597 2433 714 2460 Tantum
741 2440 878 2462 memento
903 2443 952 2470 pu-

162 2477 228 2511 pilla
244 2478 316 2504 oculi
329 2485 359 2505 ac
376 2480 458 2505 corde
475 2479 534 2512 ipso
549 2479 708 2513 diligentius
727 2481 808 2507 tutari
825 2489 839 2507 ιι
857 2481 951 2516 cujus-

163 2526 205 2553 vis
229 2526 407 2558 conscientia,
435 2527 490 2554 imo
504 2532 531 2554 et
560 2528 727 2562 suspicione,
741 2536 872 2555 arcanum
901 2536 950 2555 no-

123 2589 127 2592 ~
160 2577 250 2599 strum
270 2582 277 2599 :
292 2578 388 2599 cauerat
404 2572 518 2599 fortuna:
531 2581 562 2600 ae
579 2574 645 2600 mihi
658 2574 796 2608 permitte.
811 2574 885 2601 Fecit
902 2582 949 2602 rex

159 2623 192 2645 ut
218 2620 392 2645 monebatur.
412 2618 629 2653 Deprehendunt
655 2621 793 2647 irruentes
822 2626 904 2647 noctu
923 2621 947 2648 vi

159 2664 264 2698 maiore
280 2672 360 2698 quam
375 2665 465 2699 pridie
495 2671 602 2691 noctuae
619 2673 730 2692 vacuam
750 2666 842 2693 corvis
868 2666 949 2693 arbo-

160 2718 231 2743 retn.
252 2711 335 2738 istutn
352 2718 436 2737 unutn
449 2711 615 2738 Seminecem
630 2719 661 2738 ac
674 2712 793 2738 lacerum
820 2712 895 2738 humi
907 2713 948 2739 af-

158 2756 276 2782 ﬂicttun.
306 2756 547 2788 Pcrcuuctantur,
583 2764 639 2790 quo
672 2757 717 2783 alii
751 2759 945 2785 concusserint.

161 2801 240 2828 Tunc
261 2801 316 2834 ille,
334 2802 450 2833 Putatis.
463 2803 561 2836 inquit,
578 2810 658 2836 quem
676 2808 730 2829 tam
745 2804 814 2830 male
830 2805 946 2831 mulcta-

160 2847 260 2877 verint.
270 2854 432 2874 arcanorum
444 2848 584 2876 conscium
597 2856 708 2875 suorum
722 2849 810 2876 facere
820 2857 853 2876 cu
859 2858 942 2878 rassc.

1005 2263 1081 2283 suam
1112 2261 1220 2287 noctuis
1247 2262 1384 2290 imtuistus
1398 2271 1510 2296 corvus,
1534 2266 1640 2300 aliquot
1669 2268 1706 2294 ibi
1735 2268 1796 2296 dies

1006 2303 1150 2338 transigit;
1169 2313 1217 2339 per
1235 2315 1304 2341 quos
1320 2309 1413 2336 multis
1426 2311 1557 2338 aerumnis
1578 2312 1727 2345 devoratis,
1743 2322 1793 2349 pe-

1005 2349 1153 2384 riculisque
1165 2358 1237 2386 aegre
1256 2354 1348 2381 vitatis
1361 2363 1375 2381 ει
1388 2356 1469 2390 primi
1495 2359 1642 2391 senatoris,
1663 2361 1794 2387 occiden-

1004 2394 1068 2421 dum
1081 2403 1193 2423 corvum
1213 2400 1363 2432 censentis.
1378 2402 1503 2435 quotidie
1524 2403 1630 2431 iteratis
1654 2407 1725 2440 apud
1743 2408 1794 2434 Ar-
1807 2424 1814 2429 -

1003 2440 1189 2469 eltibubouem
1205 2443 1364 2478 iustantiis;
1380 2448 1500 2481 tandem,
1516 2450 1656 2484 explorata
1674 2453 1793 2487 diligen-

1004 2490 1044 2512 ter
1067 2486 1152 2513 foruta
1166 2495 1292 2517 caverna:
1308 2497 1480 2525 noctu-arum.
1497 2501 1588 2522 certus
1602 2496 1657 2531 jam
1681 2499 1791 2527 consilii

1002 2531 1073 2558 viam
1098 2534 1331 2567 expeditissimam
1356 2537 1390 2564 ad
1416 2538 1610 2568 debellandum
1631 2543 1790 2577 pandentis.

1001 2577 1034 2603 ad
1049 2585 1125 2610 sues,
1141 2581 1258 2614 receptis
1274 2581 1361 2610 ferme
1377 2584 1482 2612 viribus
1497 2587 1637 2623 plagisque
1654 2590 1702 2617 illo
1725 2600 1790 2626 spa~

1001 2622 1039 2648 tio
1055 2625 1169 2655 curatis.
1186 2627 1342 2654 revertitur.
1367 2628 1430 2656 Adit
1445 2631 1570 2665 privatim
1591 2622 1681 2669 regem
1696 2644 1704 2667 ;
1721 2622 1789 2664 cdo-

999 2674 1042 2695 cet
1058 2671 1225 2705 constipalas
1240 2673 1364 2702 habitare
1379 2681 1497 2704 noctuas
1513 2678 1540 2705 in
1557 2685 1635 2707 antro
1651 2683 1710 2710 oris
1734 2692 1786 2710 an-

998 2716 1082 2748 gusti.
1098 2717 1203 2744 nullum
1222 2720 1328 2754 uspiam
1355 2729 1370 2748 a
1387 2727 1464 2759 tergo
1475 2730 1523 2752 aut
1547 2735 1560 2752 a
1578 2727 1663 2754 latere
1679 2730 1785 2758 exitum

998 2760 1127 2789 habente.
1151 2763 1222 2796 Quid
1238 2773 1308 2800 opus
1335 2769 1371 2795 sit
1389 2769 1463 2798 facto
1488 2772 1644 2801 distinctius
1655 2776 1785 2809 explicat.

998 2806 1101 2834 Probat
1112 2810 1204 2837 omnia
1221 2819 1277 2843 rex.
1307 2819 1334 2840 et
1347 2817 1480 2848 postridie
1508 2826 1597 2851 mane,
1614 2820 1716 2855 ignaris
1727 2823 1788 2850 suis

998 2853 1139 2886 munibus,
1149 2855 1224 2889 juxta
1240 2865 1372 2887 conventa
1401 2869 1464 2889 cum
1481 2862 1542 2891 fleto
1559 2853 1707 2901 transfuga.
1723 2867 1787 2895 edi-
