  <div class='ocr_page' id='page_1' title='image "/cluster/home/n/w/nwhite01/storage/ocr_20150623/143/njp.32101010942884/730.png"; bbox 0 0 1913 3068; ppageno 0'>
   <div class='ocr_carea' id='block_1_1' title="bbox 140 112 210 148">
    <p class='ocr_par' dir='ltr' id='par_1_1' title="bbox 140 112 210 148">
     <span class='ocr_line' id='line_1_1' title="bbox 140 112 210 148; baseline -0.057 0"><span class='ocrx_word' id='word_1_1' title='bbox 140 112 210 148; x_wconf 75' lang='grc'><strong>1317</strong></span> 
     </span>
    </p>
   </div>
   <div class='ocr_carea' id='block_1_2' title="bbox 585 114 1327 146">
    <p class='ocr_par' dir='ltr' id='par_1_2' title="bbox 585 114 1327 146">
     <span class='ocr_line' id='line_1_2' title="bbox 585 114 1327 146; baseline -0.001 -1"><span class='ocrx_word' id='word_1_2' title='bbox 585 116 777 146; x_wconf 61' lang='lat' dir='ltr'><strong>SPECIMEN</strong></span> <span class='ocrx_word' id='word_1_3' title='bbox 799 116 1017 146; x_wconf 69' lang='lat' dir='ltr'><strong>S.\PIENTI.E</strong></span> <span class='ocrx_word' id='word_1_4' title='bbox 1039 115 1224 145; x_wconf 72' lang='lat' dir='ltr'><strong>INDORUM</strong></span> <span class='ocrx_word' id='word_1_5' title='bbox 1243 114 1327 145; x_wconf 63' lang='lat' dir='ltr'><strong>\‘ET.</strong></span> 
     </span>
    </p>
   </div>
   <div class='ocr_carea' id='block_1_3' title="bbox 1699 113 1766 146">
    <p class='ocr_par' dir='ltr' id='par_1_3' title="bbox 1699 113 1766 146">
     <span class='ocr_line' id='line_1_3' title="bbox 1699 113 1766 146; baseline -0.045 0"><span class='ocrx_word' id='word_1_6' title='bbox 1699 113 1766 146; x_wconf 66' lang='grc'><strong>1213</strong></span> 
     </span>
    </p>
   </div>
   <div class='ocr_carea' id='block_1_4' title="bbox 139 170 1767 208">
    <p class='ocr_par' dir='ltr' id='par_1_4' title="bbox 139 170 1767 208">
     <span class='ocr_line' id='line_1_4' title="bbox 139 170 1767 208; baseline -0.002 -9"><span class='ocrx_word' id='word_1_7' title='bbox 139 173 177 200; x_wconf 86' lang='lat' dir='ltr'><strong>cit</strong></span> <span class='ocrx_word' id='word_1_8' title='bbox 195 182 200 199; x_wconf 96' lang='lat'><strong>:</strong></span> <span class='ocrx_word' id='word_1_9' title='bbox 217 173 332 200; x_wconf 81' lang='lat' dir='ltr'><strong>Ramum</strong></span> <span class='ocrx_word' id='word_1_10' title='bbox 351 172 467 208; x_wconf 86' lang='lat' dir='ltr'><strong>quisque</strong></span> <span class='ocrx_word' id='word_1_11' title='bbox 491 173 598 200; x_wconf 89' lang='lat' dir='ltr'><strong>arboris</strong></span> <span class='ocrx_word' id='word_1_12' title='bbox 628 178 716 200; x_wconf 88' lang='lat' dir='ltr'><strong>rostro</strong></span> <span class='ocrx_word' id='word_1_13' title='bbox 736 173 823 204; x_wconf 84' lang='lat' dir='ltr'><strong>ferat,</strong></span> <span class='ocrx_word' id='word_1_14' title='bbox 840 173 880 200; x_wconf 88' lang='lat' dir='ltr'><strong>sic</strong></span> <span class='ocrx_word' id='word_1_15' title='bbox 891 172 925 199; x_wconf 85' lang='lat' dir='ltr'><strong>ad</strong></span> <span class='ocrx_word' id='word_1_16' title='bbox 940 180 963 207; x_wconf 71' lang='grc' dir='ltr'><strong>Α</strong></span> <span class='ocrx_word' id='word_1_17' title='bbox 977 180 1006 200; x_wconf 89' lang='lat' dir='ltr'><strong>se</strong></span> <span class='ocrx_word' id='word_1_18' title='bbox 1023 173 1182 199; x_wconf 73' lang='lat' dir='ltr'><strong>observasse</strong></span> <span class='ocrx_word' id='word_1_19' title='bbox 1198 171 1244 206; x_wconf 88' lang='lat' dir='ltr'><strong>qui</strong></span> <span class='ocrx_word' id='word_1_20' title='bbox 1259 174 1380 206; x_wconf 75' lang='lat' dir='ltr'><strong>saperet,</strong></span> <span class='ocrx_word' id='word_1_21' title='bbox 1399 170 1584 204; x_wconf 72' lang='lat' dir='ltr'><strong>prrcterillum</strong></span> <span class='ocrx_word' id='word_1_22' title='bbox 1601 175 1767 201; x_wconf 47' lang='lat' dir='ltr'><strong>senatori-nu</strong></span> 
     </span>
    </p>
   </div>
   <div class='ocr_carea' id='block_1_5' title="bbox 141 218 928 253">
    <p class='ocr_par' dir='ltr' id='par_1_5' title="bbox 141 218 928 253">
     <span class='ocr_line' id='line_1_5' title="bbox 141 218 928 253; baseline -0.001 -8"><span class='ocrx_word' id='word_1_23' title='bbox 141 218 194 246; x_wconf 91' lang='lat' dir='ltr'><strong>iter</strong></span> <span class='ocrx_word' id='word_1_24' title='bbox 207 218 329 253; x_wconf 72' lang='lat' dir='ltr'><strong>expediti</strong></span> <span class='ocrx_word' id='word_1_25' title='bbox 346 226 443 246; x_wconf 88' lang='lat' dir='ltr'><strong>omnes</strong></span> <span class='ocrx_word' id='word_1_26' title='bbox 462 219 565 246; x_wconf 87' lang='lat' dir='ltr'><strong>adsint.</strong></span> <span class='ocrx_word' id='word_1_27' title='bbox 582 219 718 246; x_wconf 72' lang='lat' dir='ltr'><strong>Ilotnento</strong></span> <span class='ocrx_word' id='word_1_28' title='bbox 741 224 861 253; x_wconf 86' lang='lat' dir='ltr'><strong>paretur.</strong></span> <span class='ocrx_word' id='word_1_29' title='bbox 876 218 928 246; x_wconf 86' lang='lat' dir='ltr'><strong>Ac-</strong></span> 
     </span>
    </p>
   </div>
   <div class='ocr_carea' id='block_1_6' title="bbox 141 264 932 299">
    <p class='ocr_par' dir='ltr' id='par_1_6' title="bbox 141 264 932 299">
     <span class='ocr_line' id='line_1_6' title="bbox 141 264 932 299; baseline 0.001 -9"><span class='ocrx_word' id='word_1_30' title='bbox 141 264 239 291; x_wconf 85' lang='lat' dir='ltr'><strong>cinetis</strong></span> <span class='ocrx_word' id='word_1_31' title='bbox 249 264 386 297; x_wconf 87' lang='lat' dir='ltr'><strong>omnibus,</strong></span> <span class='ocrx_word' id='word_1_32' title='bbox 400 272 447 291; x_wconf 85' lang='lat' dir='ltr'><strong>rex</strong></span> <span class='ocrx_word' id='word_1_33' title='bbox 459 265 585 299; x_wconf 85' lang='lat' dir='ltr'><strong>praeiens,</strong></span> <span class='ocrx_word' id='word_1_34' title='bbox 596 265 703 292; x_wconf 88' lang='lat' dir='ltr'><strong>consilii</strong></span> <span class='ocrx_word' id='word_1_35' title='bbox 719 270 834 291; x_wconf 87' lang='lat' dir='ltr'><strong>auctore</strong></span> <span class='ocrx_word' id='word_1_36' title='bbox 846 265 932 291; x_wconf 86' lang='lat' dir='ltr'><strong>comi-</strong></span> 
     </span>
    </p>
   </div>
   <div class='ocr_carea' id='block_1_7' title="bbox 143 310 930 341">
    <p class='ocr_par' dir='ltr' id='par_1_7' title="bbox 143 310 930 341">
     <span class='ocr_line' id='line_1_7' title="bbox 143 310 930 341; baseline 0 -4"><span class='ocrx_word' id='word_1_37' title='bbox 143 315 231 341; x_wconf 86' lang='lat' dir='ltr'><strong>tante,</strong></span> <span class='ocrx_word' id='word_1_38' title='bbox 247 315 320 337; x_wconf 82' lang='lat' dir='ltr'><strong>recta</strong></span> <span class='ocrx_word' id='word_1_39' title='bbox 332 311 366 337; x_wconf 90' lang='lat' dir='ltr'><strong>ad</strong></span> <span class='ocrx_word' id='word_1_40' title='bbox 381 312 481 338; x_wconf 84' lang='lat' dir='ltr'><strong>ostium</strong></span> <span class='ocrx_word' id='word_1_41' title='bbox 497 311 567 338; x_wconf 90' lang='lat' dir='ltr'><strong>antri</strong></span> <span class='ocrx_word' id='word_1_42' title='bbox 582 316 742 338; x_wconf 88' lang='lat' dir='ltr'><strong>noctuarum</strong></span> <span class='ocrx_word' id='word_1_43' title='bbox 758 311 853 341; x_wconf 82' lang='lat' dir='ltr'><strong>tendit,</strong></span> <span class='ocrx_word' id='word_1_44' title='bbox 865 310 930 337; x_wconf 88' lang='lat' dir='ltr'><strong>illttd</strong></span> 
     </span>
    </p>
   </div>
   <div class='ocr_carea' id='block_1_8' title="bbox 143 355 932 391">
    <p class='ocr_par' dir='ltr' id='par_1_8' title="bbox 143 355 932 391">
     <span class='ocr_line' id='line_1_8' title="bbox 143 355 932 391; baseline 0 -9"><span class='ocrx_word' id='word_1_45' title='bbox 143 357 249 390; x_wconf 84' lang='lat' dir='ltr'><strong>oppleri</strong></span> <span class='ocrx_word' id='word_1_46' title='bbox 265 356 378 383; x_wconf 86' lang='lat' dir='ltr'><strong>materia</strong></span> <span class='ocrx_word' id='word_1_47' title='bbox 397 357 531 391; x_wconf 74' lang='lat' dir='ltr'><strong>prtecipit,</strong></span> <span class='ocrx_word' id='word_1_48' title='bbox 551 361 607 383; x_wconf 90' lang='lat' dir='ltr'><strong>tum</strong></span> <span class='ocrx_word' id='word_1_49' title='bbox 627 356 748 383; x_wconf 82' lang='lat' dir='ltr'><strong>exterius</strong></span> <span class='ocrx_word' id='word_1_50' title='bbox 762 356 846 383; x_wconf 86' lang='lat' dir='ltr'><strong>aridis</strong></span> <span class='ocrx_word' id='word_1_51' title='bbox 859 355 932 382; x_wconf 82' lang='lat' dir='ltr'><strong>foliis</strong></span> 
     </span>
    </p>
   </div>
   <div class='ocr_carea' id='block_1_9' title="bbox 143 402 932 437">
    <p class='ocr_par' dir='ltr' id='par_1_9' title="bbox 143 402 932 437">
     <span class='ocr_line' id='line_1_9' title="bbox 143 402 932 437; baseline 0 -9"><span class='ocrx_word' id='word_1_52' title='bbox 143 403 275 436; x_wconf 76' lang='lat' dir='ltr'><strong>aggestis,</strong></span> <span class='ocrx_word' id='word_1_53' title='bbox 293 402 383 437; x_wconf 80' lang='lat' dir='ltr'><strong>ignem</strong></span> <span class='ocrx_word' id='word_1_54' title='bbox 413 403 645 436; x_wconf 87' lang='lat' dir='ltr'><strong>accendi:quem</strong></span> <span class='ocrx_word' id='word_1_55' title='bbox 668 402 849 429; x_wconf 84' lang='lat' dir='ltr'><strong>eventilantes</strong></span> <span class='ocrx_word' id='word_1_56' title='bbox 871 402 932 428; x_wconf 93' lang='lat' dir='ltr'><strong>uni-</strong></span> 
     </span>
    </p>
   </div>
   <div class='ocr_carea' id='block_1_10' title="bbox 143 448 931 482">
    <p class='ocr_par' dir='ltr' id='par_1_10' title="bbox 143 448 931 482">
     <span class='ocr_line' id='line_1_10' title="bbox 143 448 931 482; baseline 0 -8"><span class='ocrx_word' id='word_1_57' title='bbox 143 448 227 480; x_wconf 90' lang='lat' dir='ltr'><strong>versi,</strong></span> <span class='ocrx_word' id='word_1_58' title='bbox 248 453 275 474; x_wconf 89' lang='lat' dir='ltr'><strong>et</strong></span> <span class='ocrx_word' id='word_1_59' title='bbox 288 448 321 475; x_wconf 88' lang='lat' dir='ltr'><strong>ad</strong></span> <span class='ocrx_word' id='word_1_60' title='bbox 341 454 432 475; x_wconf 87' lang='lat' dir='ltr'><strong>ramos</strong></span> <span class='ocrx_word' id='word_1_61' title='bbox 444 449 547 475; x_wconf 85' lang='lat' dir='ltr'><strong>virides</strong></span> <span class='ocrx_word' id='word_1_62' title='bbox 565 449 636 475; x_wconf 84' lang='lat' dir='ltr'><strong>intra</strong></span> <span class='ocrx_word' id='word_1_63' title='bbox 661 448 799 482; x_wconf 65' lang='lat' dir='ltr'><strong>spelunca:</strong></span> <span class='ocrx_word' id='word_1_64' title='bbox 814 455 845 474; x_wconf 89' lang='lat' dir='ltr'><strong>os</strong></span> <span class='ocrx_word' id='word_1_65' title='bbox 864 455 931 474; x_wconf 88' lang='lat' dir='ltr'><strong>eon-</strong></span> 
     </span>
    </p>
   </div>
   <div class='ocr_carea' id='block_1_11' title="bbox 144 493 932 528">
    <p class='ocr_par' dir='ltr' id='par_1_11' title="bbox 144 493 932 528">
     <span class='ocr_line' id='line_1_11' title="bbox 144 493 932 528; baseline 0.001 -9"><span class='ocrx_word' id='word_1_66' title='bbox 144 499 233 527; x_wconf 78' lang='lat' dir='ltr'><strong>gestos</strong></span> <span class='ocrx_word' id='word_1_67' title='bbox 261 493 286 520; x_wconf 90' lang='lat' dir='ltr'><strong>vi</strong></span> <span class='ocrx_word' id='word_1_68' title='bbox 307 494 420 527; x_wconf 73' lang='lat' dir='ltr'><strong>spiritus</strong></span> <span class='ocrx_word' id='word_1_69' title='bbox 448 494 591 528; x_wconf 83' lang='lat' dir='ltr'><strong>pellentes,</strong></span> <span class='ocrx_word' id='word_1_70' title='bbox 613 494 718 521; x_wconf 82' lang='lat' dir='ltr'><strong>fumum</strong></span> <span class='ocrx_word' id='word_1_71' title='bbox 740 493 811 520; x_wconf 90' lang='lat' dir='ltr'><strong>intra</strong></span> <span class='ocrx_word' id='word_1_72' title='bbox 838 500 932 520; x_wconf 89' lang='lat' dir='ltr'><strong>caver-</strong></span> 
     </span>
    </p>
   </div>
   <div class='ocr_carea' id='block_1_12' title="bbox 147 538 933 574">
    <p class='ocr_par' dir='ltr' id='par_1_12' title="bbox 147 538 933 574">
     <span class='ocr_line' id='line_1_12' title="bbox 147 538 933 574; baseline 0.003 -9"><span class='ocrx_word' id='word_1_73' title='bbox 147 546 207 565; x_wconf 96' lang='lat' dir='ltr'><strong>nam</strong></span> <span class='ocrx_word' id='word_1_74' title='bbox 226 538 420 565; x_wconf 85' lang='lat' dir='ltr'><strong>densissimum</strong></span> <span class='ocrx_word' id='word_1_75' title='bbox 433 538 568 570; x_wconf 84' lang='lat' dir='ltr'><strong>fecerunt,</strong></span> <span class='ocrx_word' id='word_1_76' title='bbox 581 547 635 574; x_wconf 86' lang='lat' dir='ltr'><strong>quo</strong></span> <span class='ocrx_word' id='word_1_77' title='bbox 650 540 787 574; x_wconf 56' lang='lat' dir='ltr'><strong>pleraque</strong></span> <span class='ocrx_word' id='word_1_78' title='bbox 803 545 867 568; x_wconf 90' lang='lat' dir='ltr'><strong>sunt</strong></span> <span class='ocrx_word' id='word_1_79' title='bbox 884 548 933 567; x_wconf 93' lang='lat' dir='ltr'><strong>no-</strong></span> 
     </span>
    </p>
   </div>
   <div class='ocr_carea' id='block_1_13' title="bbox 146 586 933 622">
    <p class='ocr_par' dir='ltr' id='par_1_13' title="bbox 146 586 933 622">
     <span class='ocr_line' id='line_1_13' title="bbox 146 586 933 622; baseline 0.003 -10"><span class='ocrx_word' id='word_1_80' title='bbox 146 593 273 612; x_wconf 82' lang='lat' dir='ltr'><strong>etuarutn</strong></span> <span class='ocrx_word' id='word_1_81' title='bbox 306 589 436 612; x_wconf 73' lang='lat' dir='ltr'><strong>enecatae.</strong></span> <span class='ocrx_word' id='word_1_82' title='bbox 466 586 563 613; x_wconf 68' lang='lat' dir='ltr'><strong>Paucae</strong></span> <span class='ocrx_word' id='word_1_83' title='bbox 591 586 704 621; x_wconf 66' lang='lat' dir='ltr'><strong>reliqua:</strong></span> <span class='ocrx_word' id='word_1_84' title='bbox 724 587 855 614; x_wconf 88' lang='lat' dir='ltr'><strong>horriﬁco</strong></span> <span class='ocrx_word' id='word_1_85' title='bbox 883 595 933 622; x_wconf 89' lang='lat' dir='ltr'><strong>per</strong></span> 
     </span>
    </p>
   </div>
   <div class='ocr_carea' id='block_1_14' title="bbox 147 630 933 665">
    <p class='ocr_par' dir='ltr' id='par_1_14' title="bbox 147 630 933 665">
     <span class='ocr_line' id='line_1_14' title="bbox 147 630 933 665; baseline 0.003 -8"><span class='ocrx_word' id='word_1_86' title='bbox 147 630 269 657; x_wconf 82' lang='lat' dir='ltr'><strong>ﬂammas</strong></span> <span class='ocrx_word' id='word_1_87' title='bbox 281 630 388 657; x_wconf 87' lang='lat' dir='ltr'><strong>ululatu</strong></span> <span class='ocrx_word' id='word_1_88' title='bbox 398 630 424 657; x_wconf 94' lang='lat' dir='ltr'><strong>in</strong></span> <span class='ocrx_word' id='word_1_89' title='bbox 435 630 524 657; x_wconf 86' lang='lat' dir='ltr'><strong>lucem</strong></span> <span class='ocrx_word' id='word_1_90' title='bbox 537 632 693 662; x_wconf 72' lang='lat' dir='ltr'><strong>evadentes,</strong></span> <span class='ocrx_word' id='word_1_91' title='bbox 707 632 804 665; x_wconf 87' lang='lat' dir='ltr'><strong>partim</strong></span> <span class='ocrx_word' id='word_1_92' title='bbox 815 631 933 659; x_wconf 82' lang='lat' dir='ltr'><strong>ﬂammis</strong></span> 
     </span>
    </p>
   </div>
   <div class='ocr_carea' id='block_1_15' title="bbox 146 675 933 710">
    <p class='ocr_par' dir='ltr' id='par_1_15' title="bbox 146 675 933 710">
     <span class='ocr_line' id='line_1_15' title="bbox 146 675 933 710; baseline 0.003 -8"><span class='ocrx_word' id='word_1_93' title='bbox 146 676 236 702; x_wconf 83' lang='lat' dir='ltr'><strong>obiter</strong></span> <span class='ocrx_word' id='word_1_94' title='bbox 259 675 497 708; x_wconf 87' lang='lat' dir='ltr'><strong>absumebantur,</strong></span> <span class='ocrx_word' id='word_1_95' title='bbox 526 676 623 710; x_wconf 85' lang='lat' dir='ltr'><strong>partim</strong></span> <span class='ocrx_word' id='word_1_96' title='bbox 647 676 843 703; x_wconf 70' lang='lat' dir='ltr'><strong>semiustulatm</strong></span> <span class='ocrx_word' id='word_1_97' title='bbox 868 685 933 704; x_wconf 87' lang='lat' dir='ltr'><strong>con—</strong></span> 
     </span>
    </p>
   </div>
   <div class='ocr_carea' id='block_1_16' title="bbox 147 719 934 749">
    <p class='ocr_par' dir='ltr' id='par_1_16' title="bbox 147 719 934 749">
     <span class='ocr_line' id='line_1_16' title="bbox 147 719 934 749; baseline 0.004 -3"><span class='ocrx_word' id='word_1_98' title='bbox 147 720 270 747; x_wconf 87' lang='lat' dir='ltr'><strong>cidentes</strong></span> <span class='ocrx_word' id='word_1_99' title='bbox 295 719 374 747; x_wconf 79' lang='lat' dir='ltr'><strong>facile</strong></span> <span class='ocrx_word' id='word_1_100' title='bbox 399 720 617 748; x_wconf 85' lang='lat' dir='ltr'><strong>conﬁciebantur</strong></span> <span class='ocrx_word' id='word_1_101' title='bbox 638 729 653 748; x_wconf 92' lang='lat' dir='ltr'><strong>a</strong></span> <span class='ocrx_word' id='word_1_102' title='bbox 678 722 780 749; x_wconf 83' lang='lat' dir='ltr'><strong>corvis.</strong></span> <span class='ocrx_word' id='word_1_103' title='bbox 804 722 833 749; x_wconf 92' lang='lat' dir='ltr'><strong>In</strong></span> <span class='ocrx_word' id='word_1_104' title='bbox 860 722 934 749; x_wconf 92' lang='lat' dir='ltr'><strong>hunc</strong></span> 
     </span>
    </p>
   </div>
   <div class='ocr_carea' id='block_1_17' title="bbox 148 766 933 795">
    <p class='ocr_par' dir='ltr' id='par_1_17' title="bbox 148 766 933 795">
     <span class='ocr_line' id='line_1_17' title="bbox 148 766 933 795; baseline 0.004 -4"><span class='ocrx_word' id='word_1_105' title='bbox 148 767 258 792; x_wconf 86' lang='lat' dir='ltr'><strong>modum</strong></span> <span class='ocrx_word' id='word_1_106' title='bbox 297 772 394 792; x_wconf 84' lang='lat' dir='ltr'><strong>omnes</strong></span> <span class='ocrx_word' id='word_1_107' title='bbox 417 766 450 792; x_wconf 89' lang='lat' dir='ltr'><strong>ad</strong></span> <span class='ocrx_word' id='word_1_108' title='bbox 480 773 561 793; x_wconf 86' lang='lat' dir='ltr'><strong>unam</strong></span> <span class='ocrx_word' id='word_1_109' title='bbox 590 770 657 793; x_wconf 86' lang='lat' dir='ltr'><strong>sunt</strong></span> <span class='ocrx_word' id='word_1_110' title='bbox 690 771 797 795; x_wconf 68' lang='lat' dir='ltr'><strong>noctua:</strong></span> <span class='ocrx_word' id='word_1_111' title='bbox 829 769 933 794; x_wconf 81' lang='lat' dir='ltr'><strong>exstin—</strong></span> 
     </span>
    </p>
   </div>
   <div class='ocr_carea' id='block_1_18' title="bbox 146 812 933 848">
    <p class='ocr_par' dir='ltr' id='par_1_18' title="bbox 146 812 933 848">
     <span class='ocr_line' id='line_1_18' title="bbox 146 812 933 848; baseline 0.001 -9"><span class='ocrx_word' id='word_1_112' title='bbox 146 817 207 839; x_wconf 72' lang='lat' dir='ltr'><strong>ctae.</strong></span> <span class='ocrx_word' id='word_1_113' title='bbox 236 812 330 839; x_wconf 82' lang='lat' dir='ltr'><strong>Victor</strong></span> <span class='ocrx_word' id='word_1_114' title='bbox 355 819 502 839; x_wconf 79' lang='lat' dir='ltr'><strong>corvorum</strong></span> <span class='ocrx_word' id='word_1_115' title='bbox 526 820 583 844; x_wconf 85' lang='lat' dir='ltr'><strong>rex,</strong></span> <span class='ocrx_word' id='word_1_116' title='bbox 615 817 717 848; x_wconf 66' lang='lat' dir='ltr'><strong>tropaeo</strong></span> <span class='ocrx_word' id='word_1_117' title='bbox 743 814 843 847; x_wconf 87' lang='lat' dir='ltr'><strong>posito,</strong></span> <span class='ocrx_word' id='word_1_118' title='bbox 871 821 933 840; x_wconf 90' lang='lat' dir='ltr'><strong>cum</strong></span> 
     </span>
    </p>
   </div>
   <div class='ocr_carea' id='block_1_19' title="bbox 981 215 1768 252">
    <p class='ocr_par' dir='ltr' id='par_1_19' title="bbox 981 215 1768 252">
     <span class='ocr_line' id='line_1_19' title="bbox 981 215 1768 252; baseline -0.004 -7"><span class='ocrx_word' id='word_1_119' title='bbox 981 218 1028 252; x_wconf 87' lang='lat' dir='ltr'><strong>qui</strong></span> <span class='ocrx_word' id='word_1_120' title='bbox 1041 223 1147 249; x_wconf 89' lang='lat' dir='ltr'><strong>auctor,</strong></span> <span class='ocrx_word' id='word_1_121' title='bbox 1165 222 1194 244; x_wconf 85' lang='lat' dir='ltr'><strong>ut</strong></span> <span class='ocrx_word' id='word_1_122' title='bbox 1211 217 1342 249; x_wconf 73' lang='lat' dir='ltr'><strong>diximus,</strong></span> <span class='ocrx_word' id='word_1_123' title='bbox 1365 215 1553 243; x_wconf 86' lang='lat' dir='ltr'><strong>Archibnboni</strong></span> <span class='ocrx_word' id='word_1_124' title='bbox 1569 216 1658 242; x_wconf 89' lang='lat' dir='ltr'><strong>luerat</strong></span> <span class='ocrx_word' id='word_1_125' title='bbox 1670 223 1768 250; x_wconf 58' lang='lat' dir='ltr'><strong>suspce</strong></span> 
     </span>
    </p>
   </div>
   <div class='ocr_carea' id='block_1_20' title="bbox 983 261 1769 298">
    <p class='ocr_par' dir='ltr' id='par_1_20' title="bbox 983 261 1769 298">
     <span class='ocr_line' id='line_1_20' title="bbox 983 261 1769 298; baseline -0.003 -8"><span class='ocrx_word' id='word_1_126' title='bbox 983 264 1018 290; x_wconf 91' lang='lat' dir='ltr'><strong>cli</strong></span> <span class='ocrx_word' id='word_1_127' title='bbox 1037 263 1183 298; x_wconf 53' lang='lat' dir='ltr'><strong>transfuga1</strong></span> <span class='ocrx_word' id='word_1_128' title='bbox 1200 262 1364 297; x_wconf 85' lang='lat' dir='ltr'><strong>perimendi.</strong></span> <span class='ocrx_word' id='word_1_129' title='bbox 1378 262 1419 288; x_wconf 85' lang='lat' dir='ltr'><strong>Ab</strong></span> <span class='ocrx_word' id='word_1_130' title='bbox 1433 261 1530 288; x_wconf 77' lang='lat' dir='ltr'><strong>eodem</strong></span> <span class='ocrx_word' id='word_1_131' title='bbox 1546 269 1607 288; x_wconf 87' lang='lat' dir='ltr'><strong>cttut</strong></span> <span class='ocrx_word' id='word_1_132' title='bbox 1621 261 1769 295; x_wconf 74' lang='lat' dir='ltr'><strong>aliquando</strong></span> 
     </span>
    </p>
   </div>
   <div class='ocr_carea' id='block_1_21' title="bbox 981 307 1771 343">
    <p class='ocr_par' dir='ltr' id='par_1_21' title="bbox 981 307 1771 343">
     <span class='ocr_line' id='line_1_21' title="bbox 981 307 1771 343; baseline -0.005 -7"><span class='ocrx_word' id='word_1_133' title='bbox 981 309 1125 343; x_wconf 62' lang='lat' dir='ltr'><strong>qumsisset</strong></span> <span class='ocrx_word' id='word_1_134' title='bbox 1139 317 1186 336; x_wconf 78' lang='lat' dir='ltr'><strong>rex</strong></span> <span class='ocrx_word' id='word_1_135' title='bbox 1199 308 1335 343; x_wconf 84' lang='lat' dir='ltr'><strong>quomodo</strong></span> <span class='ocrx_word' id='word_1_136' title='bbox 1357 309 1427 334; x_wconf 89' lang='lat' dir='ltr'><strong>inter</strong></span> <span class='ocrx_word' id='word_1_137' title='bbox 1446 312 1498 334; x_wconf 90' lang='lat' dir='ltr'><strong>tam</strong></span> <span class='ocrx_word' id='word_1_138' title='bbox 1512 307 1619 333; x_wconf 78' lang='lat' dir='ltr'><strong>invidus</strong></span> <span class='ocrx_word' id='word_1_139' title='bbox 1639 312 1665 333; x_wconf 86' lang='lat' dir='ltr'><strong>ct</strong></span> <span class='ocrx_word' id='word_1_140' title='bbox 1682 307 1771 333; x_wconf 65' lang='lat' dir='ltr'><strong>irrita-</strong></span> 
     </span>
    </p>
   </div>
   <div class='ocr_carea' id='block_1_22' title="bbox 983 353 1769 387">
    <p class='ocr_par' dir='ltr' id='par_1_22' title="bbox 983 353 1769 387">
     <span class='ocr_line' id='line_1_22' title="bbox 983 353 1769 387; baseline -0.005 -5"><span class='ocrx_word' id='word_1_141' title='bbox 983 355 1053 382; x_wconf 88' lang='lat' dir='ltr'><strong>biles</strong></span> <span class='ocrx_word' id='word_1_142' title='bbox 1064 354 1166 382; x_wconf 85' lang='lat' dir='ltr'><strong>bestias</strong></span> <span class='ocrx_word' id='word_1_143' title='bbox 1175 354 1276 381; x_wconf 88' lang='lat' dir='ltr'><strong>durare</strong></span> <span class='ocrx_word' id='word_1_144' title='bbox 1293 359 1332 380; x_wconf 91' lang='lat' dir='ltr'><strong>tot</strong></span> <span class='ocrx_word' id='word_1_145' title='bbox 1345 353 1443 380; x_wconf 89' lang='lat' dir='ltr'><strong>diebus</strong></span> <span class='ocrx_word' id='word_1_146' title='bbox 1457 353 1603 387; x_wconf 75' lang='lat' dir='ltr'><strong>potuisset,</strong></span> <span class='ocrx_word' id='word_1_147' title='bbox 1623 353 1769 384; x_wconf 75' lang='lat' dir='ltr'><strong>Patientia,</strong></span> 
     </span>
    </p>
   </div>
   <div class='ocr_carea' id='block_1_23' title="bbox 984 399 1769 435">
    <p class='ocr_par' dir='ltr' id='par_1_23' title="bbox 984 399 1769 435">
     <span class='ocr_line' id='line_1_23' title="bbox 984 399 1769 435; baseline -0.005 -7"><span class='ocrx_word' id='word_1_148' title='bbox 984 400 1137 435; x_wconf 81' lang='lat' dir='ltr'><strong>inquiebat,</strong></span> <span class='ocrx_word' id='word_1_149' title='bbox 1163 405 1190 427; x_wconf 87' lang='lat' dir='ltr'><strong>et</strong></span> <span class='ocrx_word' id='word_1_150' title='bbox 1217 400 1358 434; x_wconf 90' lang='lat' dir='ltr'><strong>obsequiis</strong></span> <span class='ocrx_word' id='word_1_151' title='bbox 1375 399 1529 433; x_wconf 80' lang='lat' dir='ltr'><strong>quamlibet</strong></span> <span class='ocrx_word' id='word_1_152' title='bbox 1553 399 1652 426; x_wconf 80' lang='lat' dir='ltr'><strong>infensi</strong></span> <span class='ocrx_word' id='word_1_153' title='bbox 1674 399 1769 425; x_wconf 74' lang='lat' dir='ltr'><strong>saltent</strong></span> 
     </span>
    </p>
   </div>
   <div class='ocr_carea' id='block_1_24' title="bbox 984 438 1772 478">
    <p class='ocr_par' dir='ltr' id='par_1_24' title="bbox 984 438 1772 478">
     <span class='ocr_line' id='line_1_24' title="bbox 984 438 1772 478; baseline 0 -5"><span class='ocrx_word' id='word_1_154' title='bbox 984 447 1017 474; x_wconf 90' lang='lat' dir='ltr'><strong>ad</strong></span> <span class='ocrx_word' id='word_1_155' title='bbox 1036 438 1146 473; x_wconf 37' lang='lat' dir='ltr'><strong>brc‘vcm</strong></span> <span class='ocrx_word' id='word_1_156' title='bbox 1165 454 1243 473; x_wconf 91' lang='lat' dir='ltr'><strong>usum</strong></span> <span class='ocrx_word' id='word_1_157' title='bbox 1258 446 1442 473; x_wconf 79' lang='lat' dir='ltr'><strong>deliniuntur.</strong></span> <span class='ocrx_word' id='word_1_158' title='bbox 1464 446 1534 478; x_wconf 83' lang='lat' dir='ltr'><strong>Quid</strong></span> <span class='ocrx_word' id='word_1_159' title='bbox 1569 446 1641 471; x_wconf 81' lang='lat' dir='ltr'><strong>ranis</strong></span> <span class='ocrx_word' id='word_1_160' title='bbox 1660 446 1772 473; x_wconf 65' lang='lat' dir='ltr'><strong>tuosius</strong></span> 
     </span>
    </p>
   </div>
   <div class='ocr_carea' id='block_1_25' title="bbox 984 493 1771 530">
    <p class='ocr_par' dir='ltr' id='par_1_25' title="bbox 984 493 1771 530">
     <span class='ocr_line' id='line_1_25' title="bbox 984 493 1771 530; baseline -0.003 -9"><span class='ocrx_word' id='word_1_161' title='bbox 984 495 1072 530; x_wconf 79' lang='lat' dir='ltr'><strong>hydro</strong></span> <span class='ocrx_word' id='word_1_162' title='bbox 1090 496 1208 529; x_wconf 89' lang='lat' dir='ltr'><strong>ipsarum</strong></span> <span class='ocrx_word' id='word_1_163' title='bbox 1223 494 1349 528; x_wconf 71' lang='lat' dir='ltr'><strong>prmdone</strong></span> <span class='ocrx_word' id='word_1_164' title='bbox 1364 493 1376 520; x_wconf 88' lang='lat'><strong>?</strong></span> <span class='ocrx_word' id='word_1_165' title='bbox 1392 498 1482 520; x_wconf 88' lang='lat' dir='ltr'><strong>tamen</strong></span> <span class='ocrx_word' id='word_1_166' title='bbox 1502 493 1618 527; x_wconf 83' lang='lat' dir='ltr'><strong>hydrum</strong></span> <span class='ocrx_word' id='word_1_167' title='bbox 1632 493 1696 519; x_wconf 89' lang='lat' dir='ltr'><strong>olitn</strong></span> <span class='ocrx_word' id='word_1_168' title='bbox 1714 493 1771 519; x_wconf 86' lang='lat' dir='ltr'><strong>vidi</strong></span> 
     </span>
    </p>
   </div>
   <div class='ocr_carea' id='block_1_26' title="bbox 983 538 1771 575">
    <p class='ocr_par' dir='ltr' id='par_1_26' title="bbox 983 538 1771 575">
     <span class='ocr_line' id='line_1_26' title="bbox 983 538 1771 575; baseline -0.004 -9"><span class='ocrx_word' id='word_1_169' title='bbox 983 541 1156 575; x_wconf 77' lang='lat' dir='ltr'><strong>decrepitum</strong></span> <span class='ocrx_word' id='word_1_170' title='bbox 1173 540 1261 572; x_wconf 87' lang='lat' dir='ltr'><strong>senio,</strong></span> <span class='ocrx_word' id='word_1_171' title='bbox 1274 540 1320 574; x_wconf 91' lang='lat' dir='ltr'><strong>qui</strong></span> <span class='ocrx_word' id='word_1_172' title='bbox 1334 544 1478 574; x_wconf 82' lang='lat' dir='ltr'><strong>postquam</strong></span> <span class='ocrx_word' id='word_1_173' title='bbox 1491 538 1518 565; x_wconf 93' lang='lat' dir='ltr'><strong>in</strong></span> <span class='ocrx_word' id='word_1_174' title='bbox 1532 538 1631 573; x_wconf 83' lang='lat' dir='ltr'><strong>palude</strong></span> <span class='ocrx_word' id='word_1_175' title='bbox 1647 542 1702 564; x_wconf 84' lang='lat' dir='ltr'><strong>tota</strong></span> <span class='ocrx_word' id='word_1_176' title='bbox 1716 538 1771 564; x_wconf 85' lang='lat' dir='ltr'><strong>vita</strong></span> 
     </span>
    </p>
   </div>
   <div class='ocr_carea' id='block_1_27' title="bbox 985 584 1771 620">
    <p class='ocr_par' dir='ltr' id='par_1_27' title="bbox 985 584 1771 620">
     <span class='ocr_line' id='line_1_27' title="bbox 985 584 1771 620; baseline -0.004 -8"><span class='ocrx_word' id='word_1_177' title='bbox 985 586 1127 620; x_wconf 84' lang='lat' dir='ltr'><strong>piraticam</strong></span> <span class='ocrx_word' id='word_1_178' title='bbox 1143 585 1256 617; x_wconf 86' lang='lat' dir='ltr'><strong>fecerat,</strong></span> <span class='ocrx_word' id='word_1_179' title='bbox 1274 585 1348 612; x_wconf 89' lang='lat' dir='ltr'><strong>ranis</strong></span> <span class='ocrx_word' id='word_1_180' title='bbox 1367 593 1396 612; x_wconf 85' lang='lat' dir='ltr'><strong>se</strong></span> <span class='ocrx_word' id='word_1_181' title='bbox 1410 584 1589 619; x_wconf 76' lang='lat' dir='ltr'><strong>ingttrgitans,</strong></span> <span class='ocrx_word' id='word_1_182' title='bbox 1615 584 1687 618; x_wconf 85' lang='lat' dir='ltr'><strong>quod</strong></span> <span class='ocrx_word' id='word_1_183' title='bbox 1714 585 1771 618; x_wconf 88' lang='lat' dir='ltr'><strong>jatn</strong></span> 
     </span>
    </p>
   </div>
   <div class='ocr_carea' id='block_1_28' title="bbox 985 630 1773 665">
    <p class='ocr_par' dir='ltr' id='par_1_28' title="bbox 985 630 1773 665">
     <span class='ocr_line' id='line_1_28' title="bbox 985 630 1773 665; baseline -0.005 -6"><span class='ocrx_word' id='word_1_184' title='bbox 985 633 1079 660; x_wconf 88' lang='lat' dir='ltr'><strong>venari</strong></span> <span class='ocrx_word' id='word_1_185' title='bbox 1102 631 1217 659; x_wconf 86' lang='lat' dir='ltr'><strong>defectis</strong></span> <span class='ocrx_word' id='word_1_186' title='bbox 1239 632 1346 658; x_wconf 91' lang='lat' dir='ltr'><strong>viribus</strong></span> <span class='ocrx_word' id='word_1_187' title='bbox 1356 631 1505 658; x_wconf 88' lang='lat' dir='ltr'><strong>etatnissis</strong></span> <span class='ocrx_word' id='word_1_188' title='bbox 1530 630 1659 658; x_wconf 86' lang='lat' dir='ltr'><strong>dentibus</strong></span> <span class='ocrx_word' id='word_1_189' title='bbox 1675 631 1773 665; x_wconf 60' lang='lat' dir='ltr'><strong>nequi«</strong></span> 
     </span>
    </p>
   </div>
   <div class='ocr_carea' id='block_1_29' title="bbox 985 677 1771 712">
    <p class='ocr_par' dir='ltr' id='par_1_29' title="bbox 985 677 1771 712">
     <span class='ocr_line' id='line_1_29' title="bbox 985 677 1771 712; baseline -0.004 -7"><span class='ocrx_word' id='word_1_190' title='bbox 985 683 1037 710; x_wconf 86' lang='lat' dir='ltr'><strong>ret,</strong></span> <span class='ocrx_word' id='word_1_191' title='bbox 1060 679 1210 705; x_wconf 87' lang='lat' dir='ltr'><strong>vectoriam</strong></span> <span class='ocrx_word' id='word_1_192' title='bbox 1235 685 1346 712; x_wconf 85' lang='lat' dir='ltr'><strong>operam</strong></span> <span class='ocrx_word' id='word_1_193' title='bbox 1375 677 1449 704; x_wconf 87' lang='lat' dir='ltr'><strong>ranis</strong></span> <span class='ocrx_word' id='word_1_194' title='bbox 1482 677 1577 704; x_wconf 88' lang='lat' dir='ltr'><strong>iisdetn</strong></span> <span class='ocrx_word' id='word_1_195' title='bbox 1606 684 1654 711; x_wconf 94' lang='lat' dir='ltr'><strong>per</strong></span> <span class='ocrx_word' id='word_1_196' title='bbox 1682 677 1771 703; x_wconf 87' lang='lat' dir='ltr'><strong>lacum</strong></span> 
     </span>
    </p>
   </div>
   <div class='ocr_carea' id='block_1_30' title="bbox 986 721 1774 754">
    <p class='ocr_par' dir='ltr' id='par_1_30' title="bbox 986 721 1774 754">
     <span class='ocr_line' id='line_1_30' title="bbox 986 721 1774 754; baseline -0.005 -4"><span class='ocrx_word' id='word_1_197' title='bbox 986 723 1216 754; x_wconf 87' lang='lat' dir='ltr'><strong>cotnmeantihns,</strong></span> <span class='ocrx_word' id='word_1_198' title='bbox 1239 722 1310 749; x_wconf 88' lang='lat' dir='ltr'><strong>uttde</strong></span> <span class='ocrx_word' id='word_1_199' title='bbox 1349 722 1495 752; x_wconf 83' lang='lat' dir='ltr'><strong>victitarel,</strong></span> <span class='ocrx_word' id='word_1_200' title='bbox 1515 721 1562 748; x_wconf 88' lang='lat' dir='ltr'><strong>vili</strong></span> <span class='ocrx_word' id='word_1_201' title='bbox 1586 721 1712 747; x_wconf 78' lang='lat' dir='ltr'><strong>mercede</strong></span> <span class='ocrx_word' id='word_1_202' title='bbox 1734 721 1774 746; x_wconf 81' lang='lat' dir='ltr'><strong>lo—</strong></span> 
     </span>
    </p>
   </div>
   <div class='ocr_carea' id='block_1_31' title="bbox 985 765 1759 802">
    <p class='ocr_par' dir='ltr' id='par_1_31' title="bbox 985 765 1759 802">
     <span class='ocr_line' id='line_1_31' title="bbox 985 765 1759 802; baseline -0.006 -7"><span class='ocrx_word' id='word_1_203' title='bbox 985 769 1075 800; x_wconf 87' lang='lat' dir='ltr'><strong>cabat,</strong></span> <span class='ocrx_word' id='word_1_204' title='bbox 1095 768 1276 802; x_wconf 85' lang='lat' dir='ltr'><strong>inluebarquc</strong></span> <span class='ocrx_word' id='word_1_205' title='bbox 1291 767 1432 794; x_wconf 87' lang='lat' dir='ltr'><strong>admirans</strong></span> <span class='ocrx_word' id='word_1_206' title='bbox 1451 765 1635 800; x_wconf 84' lang='lat' dir='ltr'><strong>inequitantes</strong></span> <span class='ocrx_word' id='word_1_207' title='bbox 1649 765 1686 791; x_wconf 93' lang='lat' dir='ltr'><strong>illi</strong></span> <span class='ocrx_word' id='word_1_208' title='bbox 1715 769 1759 791; x_wconf 87' lang='lat' dir='ltr'><strong>tan</strong></span> 
     </span>
    </p>
   </div>
   <div class='ocr_carea' id='block_1_32' title="bbox 986 811 1773 849">
    <p class='ocr_par' dir='ltr' id='par_1_32' title="bbox 986 811 1773 849">
     <span class='ocr_line' id='line_1_32' title="bbox 986 811 1773 849; baseline -0.006 -9"><span class='ocrx_word' id='word_1_209' title='bbox 986 822 1067 848; x_wconf 83' lang='lat' dir='ltr'><strong>quain</strong></span> <span class='ocrx_word' id='word_1_210' title='bbox 1093 814 1219 849; x_wconf 84' lang='lat' dir='ltr'><strong>jumento</strong></span> <span class='ocrx_word' id='word_1_211' title='bbox 1248 819 1360 839; x_wconf 82' lang='lat' dir='ltr'><strong>securas</strong></span> <span class='ocrx_word' id='word_1_212' title='bbox 1380 819 1461 838; x_wconf 88' lang='lat' dir='ltr'><strong>ranas</strong></span> <span class='ocrx_word' id='word_1_213' title='bbox 1493 811 1559 838; x_wconf 89' lang='lat' dir='ltr'><strong>dum</strong></span> <span class='ocrx_word' id='word_1_214' title='bbox 1575 819 1621 838; x_wconf 87' lang='lat' dir='ltr'><strong>eas</strong></span> <span class='ocrx_word' id='word_1_215' title='bbox 1648 818 1697 844; x_wconf 81' lang='lat' dir='ltr'><strong>pi‘l‘</strong></span> <span class='ocrx_word' id='word_1_216' title='bbox 1718 814 1773 836; x_wconf 78' lang='lat' dir='ltr'><strong>sla-</strong></span> 
     </span>
    </p>
   </div>
   <div class='ocr_carea' id='block_1_33' title="bbox 146 857 1774 895">
    <p class='ocr_par' dir='ltr' id='par_1_33' title="bbox 146 857 1774 895">
     <span class='ocr_line' id='line_1_33' title="bbox 146 857 1774 895; baseline 0 -12"><span class='ocrx_word' id='word_1_217' title='bbox 146 858 203 884; x_wconf 84' lang='lat' dir='ltr'><strong>suis</strong></span> <span class='ocrx_word' id='word_1_218' title='bbox 222 858 379 890; x_wconf 79' lang='lat' dir='ltr'><strong>ovantibus,</strong></span> <span class='ocrx_word' id='word_1_219' title='bbox 397 858 424 883; x_wconf 91' lang='lat' dir='ltr'><strong>in</strong></span> <span class='ocrx_word' id='word_1_220' title='bbox 445 858 571 892; x_wconf 86' lang='lat' dir='ltr'><strong>antiquas</strong></span> <span class='ocrx_word' id='word_1_221' title='bbox 586 858 676 891; x_wconf 83' lang='lat' dir='ltr'><strong>sedes,</strong></span> <span class='ocrx_word' id='word_1_222' title='bbox 692 859 818 886; x_wconf 85' lang='lat' dir='ltr'><strong>arborem</strong></span> <span class='ocrx_word' id='word_1_223' title='bbox 833 859 931 886; x_wconf 89' lang='lat' dir='ltr'><strong>videli-</strong></span> <span class='ocrx_word' id='word_1_224' title='bbox 951 862 969 888; x_wconf 83' lang='grc' dir='ltr'><strong><em>Β</em></strong></span> <span class='ocrx_word' id='word_1_225' title='bbox 985 868 1068 895; x_wconf 77' lang='lat' dir='ltr'><strong>gnum</strong></span> <span class='ocrx_word' id='word_1_226' title='bbox 1082 867 1247 893; x_wconf 83' lang='lat' dir='ltr'><strong>quocunque</strong></span> <span class='ocrx_word' id='word_1_227' title='bbox 1269 859 1398 894; x_wconf 87' lang='lat' dir='ltr'><strong>juberent</strong></span> <span class='ocrx_word' id='word_1_228' title='bbox 1423 859 1540 885; x_wconf 82' lang='lat' dir='ltr'><strong>obnoxie</strong></span> <span class='ocrx_word' id='word_1_229' title='bbox 1560 862 1693 892; x_wconf 76' lang='lat' dir='ltr'><strong>portaret.</strong></span> <span class='ocrx_word' id='word_1_230' title='bbox 1711 857 1774 884; x_wconf 85' lang='lat' dir='ltr'><strong>Post</strong></span> 
     </span>
    </p>
   </div>
   <div class='ocr_carea' id='block_1_34' title="bbox 146 903 933 937">
    <p class='ocr_par' dir='ltr' id='par_1_34' title="bbox 146 903 933 937">
     <span class='ocr_line' id='line_1_34' title="bbox 146 903 933 937; baseline 0.005 -9"><span class='ocrx_word' id='word_1_231' title='bbox 146 906 190 929; x_wconf 82' lang='lat' dir='ltr'><strong>cet</strong></span> <span class='ocrx_word' id='word_1_232' title='bbox 207 911 239 929; x_wconf 85' lang='lat' dir='ltr'><strong>ex</strong></span> <span class='ocrx_word' id='word_1_233' title='bbox 254 911 306 936; x_wconf 86' lang='lat' dir='ltr'><strong>qua</strong></span> <span class='ocrx_word' id='word_1_234' title='bbox 334 907 396 937; x_wconf 89' lang='lat' dir='ltr'><strong>post</strong></span> <span class='ocrx_word' id='word_1_235' title='bbox 417 903 522 930; x_wconf 89' lang='lat' dir='ltr'><strong>cladem</strong></span> <span class='ocrx_word' id='word_1_236' title='bbox 551 910 731 936; x_wconf 86' lang='lat' dir='ltr'><strong>recesserant,</strong></span> <span class='ocrx_word' id='word_1_237' title='bbox 756 905 848 932; x_wconf 88' lang='lat' dir='ltr'><strong>rediit.</strong></span> <span class='ocrx_word' id='word_1_238' title='bbox 878 905 933 932; x_wconf 88' lang='lat' dir='ltr'><strong>Ma-</strong></span> 
     </span>
    </p>
   </div>
   <div class='ocr_carea' id='block_1_35' title="bbox 146 942 933 986">
    <p class='ocr_par' dir='ltr' id='par_1_35' title="bbox 146 942 933 986">
     <span class='ocr_line' id='line_1_35' title="bbox 146 942 933 986; baseline 0.005 -12"><span class='ocrx_word' id='word_1_239' title='bbox 146 957 198 984; x_wconf 70' lang='lat' dir='ltr'><strong>gna</strong></span> <span class='ocrx_word' id='word_1_240' title='bbox 216 948 289 980; x_wconf 88' lang='lat' dir='ltr'><strong>inde,</strong></span> <span class='ocrx_word' id='word_1_241' title='bbox 306 950 406 976; x_wconf 89' lang='lat' dir='ltr'><strong>merito</strong></span> <span class='ocrx_word' id='word_1_242' title='bbox 417 956 478 981; x_wconf 88' lang='lat' dir='ltr'><strong>suo,</strong></span> <span class='ocrx_word' id='word_1_243' title='bbox 489 942 517 976; x_wconf 81' lang='lat' dir='ltr'><strong>et</strong></span> <span class='ocrx_word' id='word_1_244' title='bbox 528 950 697 977; x_wconf 81' lang='lat' dir='ltr'><strong>existimatio</strong></span> <span class='ocrx_word' id='word_1_245' title='bbox 711 955 738 977; x_wconf 85' lang='lat' dir='ltr'><strong>et</strong></span> <span class='ocrx_word' id='word_1_246' title='bbox 755 952 840 986; x_wconf 73' lang='lat' dir='ltr'><strong>gratia</strong></span> <span class='ocrx_word' id='word_1_247' title='bbox 856 951 933 978; x_wconf 90' lang='lat' dir='ltr'><strong>corvi</strong></span> 
     </span>
    </p>
   </div>
   <div class='ocr_carea' id='block_1_36' title="bbox 148 994 933 1030">
    <p class='ocr_par' dir='ltr' id='par_1_36' title="bbox 148 994 933 1030">
     <span class='ocr_line' id='line_1_36' title="bbox 148 994 933 1030; baseline 0.005 -10"><span class='ocrx_word' id='word_1_248' title='bbox 148 994 347 1028; x_wconf 75' lang='lat' dir='ltr'><strong>stratagematis</strong></span> <span class='ocrx_word' id='word_1_249' title='bbox 369 995 522 1022; x_wconf 89' lang='lat' dir='ltr'><strong>inventoris</strong></span> <span class='ocrx_word' id='word_1_250' title='bbox 548 995 622 1022; x_wconf 86' lang='lat' dir='ltr'><strong>fuit:</strong></span> <span class='ocrx_word' id='word_1_251' title='bbox 642 997 688 1030; x_wconf 89' lang='lat' dir='ltr'><strong>qui</strong></span> <span class='ocrx_word' id='word_1_252' title='bbox 709 997 826 1024; x_wconf 84' lang='lat' dir='ltr'><strong>subinde</strong></span> <span class='ocrx_word' id='word_1_253' title='bbox 848 997 933 1024; x_wconf 81' lang='lat' dir='ltr'><strong>inter-</strong></span> 
     </span>
    </p>
   </div>
   <div class='ocr_carea' id='block_1_37' title="bbox 148 1040 933 1078">
    <p class='ocr_par' dir='ltr' id='par_1_37' title="bbox 148 1040 933 1078">
     <span class='ocr_line' id='line_1_37' title="bbox 148 1040 933 1078; baseline 0.006 -12"><span class='ocrx_word' id='word_1_254' title='bbox 148 1046 268 1075; x_wconf 79' lang='lat' dir='ltr'><strong>rogatus,</strong></span> <span class='ocrx_word' id='word_1_255' title='bbox 284 1048 349 1067; x_wconf 89' lang='lat' dir='ltr'><strong>num</strong></span> <span class='ocrx_word' id='word_1_256' title='bbox 365 1040 430 1075; x_wconf 91' lang='lat' dir='ltr'><strong>quid</strong></span> <span class='ocrx_word' id='word_1_257' title='bbox 448 1040 475 1067; x_wconf 91' lang='lat' dir='ltr'><strong>in</strong></span> <span class='ocrx_word' id='word_1_258' title='bbox 492 1046 653 1069; x_wconf 87' lang='lat' dir='ltr'><strong>noctnarum</strong></span> <span class='ocrx_word' id='word_1_259' title='bbox 669 1043 806 1078; x_wconf 78' lang='lat' dir='ltr'><strong>republica</strong></span> <span class='ocrx_word' id='word_1_260' title='bbox 822 1044 883 1070; x_wconf 92' lang='lat' dir='ltr'><strong>boni</strong></span> <span class='ocrx_word' id='word_1_261' title='bbox 901 1051 933 1071; x_wconf 89' lang='lat' dir='ltr'><strong>ac</strong></span> 
     </span>
    </p>
   </div>
   <div class='ocr_carea' id='block_1_38' title="bbox 148 1085 930 1122">
    <p class='ocr_par' dir='ltr' id='par_1_38' title="bbox 148 1085 930 1122">
     <span class='ocr_line' id='line_1_38' title="bbox 148 1085 930 1122; baseline 0.004 -9"><span class='ocrx_word' id='word_1_262' title='bbox 148 1086 293 1113; x_wconf 76' lang='lat' dir='ltr'><strong>laudabilis</strong></span> <span class='ocrx_word' id='word_1_263' title='bbox 310 1085 417 1119; x_wconf 82' lang='lat' dir='ltr'><strong>fuisset,</strong></span> <span class='ocrx_word' id='word_1_264' title='bbox 431 1086 525 1114; x_wconf 88' lang='lat' dir='ltr'><strong>dicere</strong></span> <span class='ocrx_word' id='word_1_265' title='bbox 546 1088 644 1117; x_wconf 85' lang='lat' dir='ltr'><strong>solitus</strong></span> <span class='ocrx_word' id='word_1_266' title='bbox 667 1093 737 1122; x_wconf 89' lang='lat' dir='ltr'><strong>erat,</strong></span> <span class='ocrx_word' id='word_1_267' title='bbox 763 1090 868 1116; x_wconf 89' lang='lat' dir='ltr'><strong>nulltun</strong></span> <span class='ocrx_word' id='word_1_268' title='bbox 893 1089 930 1116; x_wconf 93' lang='lat' dir='ltr'><strong>ibi</strong></span> 
     </span>
    </p>
   </div>
   <div class='ocr_carea' id='block_1_39' title="bbox 986 903 1772 939">
    <p class='ocr_par' dir='ltr' id='par_1_39' title="bbox 986 903 1772 939">
     <span class='ocr_line' id='line_1_39' title="bbox 986 903 1772 939; baseline -0.004 -7"><span class='ocrx_word' id='word_1_269' title='bbox 986 905 1043 932; x_wconf 58' lang='lat' dir='ltr'><strong>haec</strong></span> <span class='ocrx_word' id='word_1_270' title='bbox 1055 905 1188 939; x_wconf 78' lang='lat' dir='ltr'><strong>exposita.</strong></span> <span class='ocrx_word' id='word_1_271' title='bbox 1200 903 1394 938; x_wconf 86' lang='lat' dir='ltr'><strong>disputationis</strong></span> <span class='ocrx_word' id='word_1_272' title='bbox 1405 903 1626 938; x_wconf 75' lang='lat' dir='ltr'><strong>gymnosophista</strong></span> <span class='ocrx_word' id='word_1_273' title='bbox 1638 910 1772 929; x_wconf 86' lang='lat' dir='ltr'><strong>summam</strong></span> 
     </span>
    </p>
   </div>
   <div class='ocr_carea' id='block_1_40' title="bbox 985 948 1774 985">
    <p class='ocr_par' dir='ltr' id='par_1_40' title="bbox 985 948 1774 985">
     <span class='ocr_line' id='line_1_40' title="bbox 985 948 1774 985; baseline -0.003 -9"><span class='ocrx_word' id='word_1_274' title='bbox 985 950 1125 985; x_wconf 82' lang='lat' dir='ltr'><strong>colligens,</strong></span> <span class='ocrx_word' id='word_1_275' title='bbox 1150 949 1202 982; x_wconf 88' lang='lat' dir='ltr'><strong>Qui</strong></span> <span class='ocrx_word' id='word_1_276' title='bbox 1225 949 1307 979; x_wconf 88' lang='lat' dir='ltr'><strong>hosti,</strong></span> <span class='ocrx_word' id='word_1_277' title='bbox 1324 948 1372 980; x_wconf 88' lang='lat' dir='ltr'><strong>ait,</strong></span> <span class='ocrx_word' id='word_1_278' title='bbox 1395 948 1573 975; x_wconf 84' lang='lat' dir='ltr'><strong>rcconciliato</strong></span> <span class='ocrx_word' id='word_1_279' title='bbox 1590 948 1645 974; x_wconf 87' lang='lat' dir='ltr'><strong>cito</strong></span> <span class='ocrx_word' id='word_1_280' title='bbox 1664 955 1694 973; x_wconf 89' lang='lat' dir='ltr'><strong>ac</strong></span> <span class='ocrx_word' id='word_1_281' title='bbox 1707 948 1774 974; x_wconf 82' lang='lat' dir='ltr'><strong>levi-</strong></span> 
     </span>
    </p>
   </div>
   <div class='ocr_carea' id='block_1_41' title="bbox 986 985 1775 1028">
    <p class='ocr_par' dir='ltr' id='par_1_41' title="bbox 986 985 1775 1028">
     <span class='ocr_line' id='line_1_41' title="bbox 986 985 1775 1028; baseline -0.001 -6"><span class='ocrx_word' id='word_1_282' title='bbox 986 999 1027 1022; x_wconf 94' lang='lat' dir='ltr'><strong>ler</strong></span> <span class='ocrx_word' id='word_1_283' title='bbox 1051 995 1211 1027; x_wconf 87' lang='lat' dir='ltr'><strong>crediderit,</strong></span> <span class='ocrx_word' id='word_1_284' title='bbox 1242 994 1316 1021; x_wconf 88' lang='lat' dir='ltr'><strong>ltunc</strong></span> <span class='ocrx_word' id='word_1_285' title='bbox 1337 1002 1385 1028; x_wconf 85' lang='lat' dir='ltr'><strong>par</strong></span> <span class='ocrx_word' id='word_1_286' title='bbox 1399 998 1491 1020; x_wconf 85' lang='lat' dir='ltr'><strong>manet</strong></span> <span class='ocrx_word' id='word_1_287' title='bbox 1511 985 1701 1020; x_wconf 63' lang='lat' dir='ltr'><strong>infortunium.</strong></span> <span class='ocrx_word' id='word_1_288' title='bbox 1714 994 1775 1028; x_wconf 85' lang='lat' dir='ltr'><strong>ejus</strong></span> 
     </span>
    </p>
   </div>
   <div class='ocr_carea' id='block_1_42' title="bbox 984 1040 1775 1076">
    <p class='ocr_par' dir='ltr' id='par_1_42' title="bbox 984 1040 1775 1076">
     <span class='ocr_line' id='line_1_42' title="bbox 984 1040 1775 1076; baseline -0.001 -9"><span class='ocrx_word' id='word_1_289' title='bbox 984 1049 1039 1076; x_wconf 89' lang='lat' dir='ltr'><strong>qtto</strong></span> <span class='ocrx_word' id='word_1_290' title='bbox 1053 1045 1117 1067; x_wconf 84' lang='lat' dir='ltr'><strong>sunt</strong></span> <span class='ocrx_word' id='word_1_291' title='bbox 1127 1048 1142 1067; x_wconf 85' lang='lat' dir='ltr'><strong>a</strong></span> <span class='ocrx_word' id='word_1_292' title='bbox 1152 1040 1255 1072; x_wconf 84' lang='lat' dir='ltr'><strong>corvis,</strong></span> <span class='ocrx_word' id='word_1_293' title='bbox 1271 1045 1300 1067; x_wconf 87' lang='lat' dir='ltr'><strong>ut</strong></span> <span class='ocrx_word' id='word_1_294' title='bbox 1312 1040 1654 1072; x_wconf 85' lang='lat' dir='ltr'><strong>esthactenusnarralum,</strong></span> <span class='ocrx_word' id='word_1_295' title='bbox 1665 1043 1775 1067; x_wconf 74' lang='lat' dir='ltr'><strong>noctuae</strong></span> 
     </span>
    </p>
   </div>
   <div class='ocr_carea' id='block_1_43' title="bbox 985 1091 1118 1114">
    <p class='ocr_par' dir='ltr' id='par_1_43' title="bbox 985 1091 1118 1114">
     <span class='ocr_line' id='line_1_43' title="bbox 985 1091 1118 1114; baseline 0 0"><span class='ocrx_word' id='word_1_296' title='bbox 985 1091 1118 1114; x_wconf 64' lang='lat' dir='ltr'><strong>mactatae.</strong></span> 
     </span>
    </p>
   </div>
   <div class='ocr_carea' id='block_1_44' title="bbox 673 1207 1270 1240">
    <p class='ocr_par' dir='ltr' id='par_1_44' title="bbox 673 1207 1270 1240">
     <span class='ocr_line' id='line_1_44' title="bbox 673 1207 1270 1240; baseline -0.005 -1"><span class='ocrx_word' id='word_1_297' title='bbox 673 1209 943 1240; x_wconf 79' lang='lat' dir='ltr'><strong>DISSERTATIO</strong></span> <span class='ocrx_word' id='word_1_298' title='bbox 959 1207 1215 1239; x_wconf 79' lang='lat' dir='ltr'><strong>PARABOLICA</strong></span> <span class='ocrx_word' id='word_1_299' title='bbox 1230 1207 1270 1236; x_wconf 68' lang='grc' dir='ltr'><strong><em>ν.</em></strong></span> 
     </span>
    </p>
   </div>
   <div class='ocr_carea' id='block_1_45' title="bbox 151 1263 1774 1311">
    <p class='ocr_par' dir='ltr' id='par_1_45' title="bbox 151 1263 1774 1311">
     <span class='ocr_line' id='line_1_45' title="bbox 151 1263 1774 1311; baseline -0.003 -13"><span class='ocrx_word' id='word_1_300' title='bbox 151 1267 304 1300; x_wconf 79' lang='lat' dir='ltr'><strong>Traducit</strong></span> <span class='ocrx_word' id='word_1_301' title='bbox 323 1272 492 1303; x_wconf 76' lang='lat' dir='ltr'><strong>stultitiam</strong></span> <span class='ocrx_word' id='word_1_302' title='bbox 511 1281 615 1302; x_wconf 80' lang='lat' dir='ltr'><strong>eorum</strong></span> <span class='ocrx_word' id='word_1_303' title='bbox 631 1272 684 1311; x_wconf 79' lang='lat' dir='ltr'><strong>qui</strong></span> <span class='ocrx_word' id='word_1_304' title='bbox 703 1272 837 1301; x_wconf 75' lang='lat' dir='ltr'><strong>assecuti</strong></span> <span class='ocrx_word' id='word_1_305' title='bbox 850 1271 933 1310; x_wconf 82' lang='lat' dir='ltr'><strong>quod</strong></span> <span class='ocrx_word' id='word_1_306' title='bbox 947 1275 1067 1311; x_wconf 63' lang='lat' dir='ltr'><strong>optant,</strong></span> <span class='ocrx_word' id='word_1_307' title='bbox 1087 1269 1121 1300; x_wconf 75' lang='lat' dir='ltr'><strong>id</strong></span> <span class='ocrx_word' id='word_1_308' title='bbox 1142 1268 1222 1311; x_wconf 69' lang='lat' dir='ltr'><strong>elabi</strong></span> <span class='ocrx_word' id='word_1_309' title='bbox 1241 1267 1302 1311; x_wconf 54' lang='lat' dir='ltr'><strong>sibi</strong></span> <span class='ocrx_word' id='word_1_310' title='bbox 1317 1276 1330 1296; x_wconf 75' lang='grc' dir='ltr'><em>ε</em></span> <span class='ocrx_word' id='word_1_311' title='bbox 1345 1265 1489 1296; x_wconf 78' lang='lat' dir='ltr'><strong>manibus</strong></span> <span class='ocrx_word' id='word_1_312' title='bbox 1513 1265 1643 1295; x_wconf 80' lang='lat' dir='ltr'><strong>sinunt:</strong></span> <span class='ocrx_word' id='word_1_313' title='bbox 1659 1271 1698 1298; x_wconf 81' lang='lat' dir='ltr'><strong>et,</strong></span> <span class='ocrx_word' id='word_1_314' title='bbox 1720 1263 1774 1302; x_wconf 80' lang='lat' dir='ltr'><strong>qui</strong></span> 
     </span>
    </p>
   </div>
   <div class='ocr_carea' id='block_1_46' title="bbox 534 1308 1395 1351">
    <p class='ocr_par' dir='ltr' id='par_1_46' title="bbox 534 1308 1395 1351">
     <span class='ocr_line' id='line_1_46' title="bbox 534 1308 1395 1351; baseline -0.007 -10"><span class='ocrx_word' id='word_1_315' title='bbox 534 1308 841 1351; x_wconf 48' lang='lat' dir='ltr'><strong>elapsi—gravissimis</strong></span> <span class='ocrx_word' id='word_1_316' title='bbox 854 1308 1023 1350; x_wconf 69' lang='lat' dir='ltr'><strong>~periculis,</strong></span> <span class='ocrx_word' id='word_1_317' title='bbox 1040 1309 1141 1340; x_wconf 81' lang='lat' dir='ltr'><strong>denuo</strong></span> <span class='ocrx_word' id='word_1_318' title='bbox 1155 1318 1185 1338; x_wconf 85' lang='lat' dir='ltr'><strong>se</strong></span> <span class='ocrx_word' id='word_1_319' title='bbox 1197 1309 1236 1338; x_wconf 72' lang='lat' dir='ltr'><strong>iis</strong></span> <span class='ocrx_word' id='word_1_320' title='bbox 1249 1308 1395 1347; x_wconf 76' lang='lat' dir='ltr'><strong>offerunt.</strong></span> 
     </span>
    </p>
   </div>
   <div class='ocr_carea' id='block_1_47' title="bbox 185 1371 935 1409">
    <p class='ocr_par' dir='ltr' id='par_1_47' title="bbox 185 1371 935 1409">
     <span class='ocr_line' id='line_1_47' title="bbox 185 1371 935 1409; baseline 0.003 -11"><span class='ocrx_word' id='word_1_321' title='bbox 185 1371 362 1400; x_wconf 84' lang='lat' dir='ltr'><strong>Satisfactnm</strong></span> <span class='ocrx_word' id='word_1_322' title='bbox 377 1374 430 1401; x_wconf 86' lang='lat' dir='ltr'><strong>sibi</strong></span> <span class='ocrx_word' id='word_1_323' title='bbox 448 1383 495 1402; x_wconf 88' lang='lat' dir='ltr'><strong>rex</strong></span> <span class='ocrx_word' id='word_1_324' title='bbox 510 1374 554 1402; x_wconf 92' lang='lat' dir='ltr'><strong>his</strong></span> <span class='ocrx_word' id='word_1_325' title='bbox 568 1374 669 1402; x_wconf 85' lang='lat' dir='ltr'><strong>auditis</strong></span> <span class='ocrx_word' id='word_1_326' title='bbox 680 1373 855 1409; x_wconf 77' lang='lat' dir='ltr'><strong>signiﬁcavit,</strong></span> <span class='ocrx_word' id='word_1_327' title='bbox 869 1381 935 1401; x_wconf 89' lang='lat' dir='ltr'><strong>con-</strong></span> 
     </span>
    </p>
   </div>
   <div class='ocr_carea' id='block_1_48' title="bbox 149 1416 934 1455">
    <p class='ocr_par' dir='ltr' id='par_1_48' title="bbox 149 1416 934 1455">
     <span class='ocr_line' id='line_1_48' title="bbox 149 1416 934 1455; baseline 0.005 -12"><span class='ocrx_word' id='word_1_328' title='bbox 149 1416 277 1452; x_wconf 85' lang='lat' dir='ltr'><strong>dictoqtte</strong></span> <span class='ocrx_word' id='word_1_329' title='bbox 293 1419 320 1445; x_wconf 95' lang='lat' dir='ltr'><strong>in</strong></span> <span class='ocrx_word' id='word_1_330' title='bbox 335 1419 407 1446; x_wconf 89' lang='lat' dir='ltr'><strong>diem</strong></span> <span class='ocrx_word' id='word_1_331' title='bbox 423 1425 566 1455; x_wconf 82' lang='lat' dir='ltr'><strong>posterum</strong></span> <span class='ocrx_word' id='word_1_332' title='bbox 580 1428 651 1447; x_wconf 88' lang='lat' dir='ltr'><strong>novo</strong></span> <span class='ocrx_word' id='word_1_333' title='bbox 663 1420 814 1454; x_wconf 88' lang='lat' dir='ltr'><strong>colloquio,</strong></span> <span class='ocrx_word' id='word_1_334' title='bbox 840 1420 875 1447; x_wconf 90' lang='lat' dir='ltr'><strong>ab</strong></span> <span class='ocrx_word' id='word_1_335' title='bbox 890 1427 934 1447; x_wconf 90' lang='lat' dir='ltr'><strong>re—</strong></span> 
     </span>
    </p>
   </div>
   <div class='ocr_carea' id='block_1_49' title="bbox 150 1464 933 1501">
    <p class='ocr_par' dir='ltr' id='par_1_49' title="bbox 150 1464 933 1501">
     <span class='ocr_line' id='line_1_49' title="bbox 150 1464 933 1501; baseline 0.005 -13"><span class='ocrx_word' id='word_1_336' title='bbox 150 1469 229 1489; x_wconf 87' lang='lat' dir='ltr'><strong>verso</strong></span> <span class='ocrx_word' id='word_1_337' title='bbox 245 1464 404 1498; x_wconf 87' lang='lat' dir='ltr'><strong>tempestive</strong></span> <span class='ocrx_word' id='word_1_338' title='bbox 431 1465 653 1500; x_wconf 71' lang='lat' dir='ltr'><strong>gynmosophista</strong></span> <span class='ocrx_word' id='word_1_339' title='bbox 683 1466 772 1500; x_wconf 91' lang='lat' dir='ltr'><strong>petiit,</strong></span> <span class='ocrx_word' id='word_1_340' title='bbox 795 1472 933 1501; x_wconf 77' lang='lat' dir='ltr'><strong>exponere</strong></span> 
     </span>
    </p>
   </div>
   <div class='ocr_carea' id='block_1_50' title="bbox 149 1508 933 1546">
    <p class='ocr_par' dir='ltr' id='par_1_50' title="bbox 149 1508 933 1546">
     <span class='ocr_line' id='line_1_50' title="bbox 149 1508 933 1546; baseline 0.004 -12"><span class='ocrx_word' id='word_1_341' title='bbox 149 1508 200 1535; x_wconf 81' lang='lat' dir='ltr'><strong>sibi</strong></span> <span class='ocrx_word' id='word_1_342' title='bbox 215 1516 249 1535; x_wconf 91' lang='lat' dir='ltr'><strong>ne</strong></span> <span class='ocrx_word' id='word_1_343' title='bbox 264 1515 431 1544; x_wconf 76' lang='lat' dir='ltr'><strong>gravaretur,</strong></span> <span class='ocrx_word' id='word_1_344' title='bbox 447 1512 585 1545; x_wconf 90' lang='lat' dir='ltr'><strong>quomodo</strong></span> <span class='ocrx_word' id='word_1_345' title='bbox 603 1512 772 1546; x_wconf 75' lang='lat' dir='ltr'><strong>contingeret</strong></span> <span class='ocrx_word' id='word_1_346' title='bbox 787 1511 842 1538; x_wconf 91' lang='lat' dir='ltr'><strong>voti</strong></span> <span class='ocrx_word' id='word_1_347' title='bbox 858 1519 933 1539; x_wconf 85' lang='lat' dir='ltr'><strong>catu-</strong></span> 
     </span>
    </p>
   </div>
   <div class='ocr_carea' id='block_1_51' title="bbox 149 1555 930 1592">
    <p class='ocr_par' dir='ltr' id='par_1_51' title="bbox 149 1555 930 1592">
     <span class='ocr_line' id='line_1_51' title="bbox 149 1555 930 1592; baseline 0.005 -12"><span class='ocrx_word' id='word_1_348' title='bbox 149 1561 226 1588; x_wconf 86' lang='lat' dir='ltr'><strong>potes</strong></span> <span class='ocrx_word' id='word_1_349' title='bbox 243 1555 338 1587; x_wconf 85' lang='lat' dir='ltr'><strong>factos,</strong></span> <span class='ocrx_word' id='word_1_350' title='bbox 363 1558 452 1583; x_wconf 88' lang='lat' dir='ltr'><strong>sinere</strong></span> <span class='ocrx_word' id='word_1_351' title='bbox 467 1557 519 1584; x_wconf 88' lang='lat' dir='ltr'><strong>sibi</strong></span> <span class='ocrx_word' id='word_1_352' title='bbox 534 1557 604 1584; x_wconf 84' lang='lat' dir='ltr'><strong>elabi</strong></span> <span class='ocrx_word' id='word_1_353' title='bbox 622 1565 636 1584; x_wconf 88' lang='lat' dir='ltr'><strong>e</strong></span> <span class='ocrx_word' id='word_1_354' title='bbox 651 1558 793 1592; x_wconf 85' lang='lat' dir='ltr'><strong>complexu</strong></span> <span class='ocrx_word' id='word_1_355' title='bbox 809 1566 866 1584; x_wconf 90' lang='lat' dir='ltr'><strong>rem</strong></span> <span class='ocrx_word' id='word_1_356' title='bbox 881 1565 930 1584; x_wconf 88' lang='lat' dir='ltr'><strong>cu-</strong></span> 
     </span>
    </p>
   </div>
   <div class='ocr_carea' id='block_1_52' title="bbox 150 1601 767 1638">
    <p class='ocr_par' dir='ltr' id='par_1_52' title="bbox 150 1601 767 1638">
     <span class='ocr_line' id='line_1_52' title="bbox 150 1601 767 1638; baseline 0.006 -12"><span class='ocrx_word' id='word_1_357' title='bbox 150 1601 244 1634; x_wconf 87' lang='lat' dir='ltr'><strong>pitam,</strong></span> <span class='ocrx_word' id='word_1_358' title='bbox 264 1606 292 1628; x_wconf 86' lang='lat' dir='ltr'><strong>et</strong></span> <span class='ocrx_word' id='word_1_359' title='bbox 307 1609 366 1628; x_wconf 88' lang='lat' dir='ltr'><strong>eam</strong></span> <span class='ocrx_word' id='word_1_360' title='bbox 380 1602 482 1630; x_wconf 76' lang='lat' dir='ltr'><strong>frustra</strong></span> <span class='ocrx_word' id='word_1_361' title='bbox 497 1603 598 1630; x_wconf 87' lang='lat' dir='ltr'><strong>deinde</strong></span> <span class='ocrx_word' id='word_1_362' title='bbox 614 1604 767 1638; x_wconf 89' lang='lat' dir='ltr'><strong>requirere.</strong></span> 
     </span>
    </p>
   </div>
   <div class='ocr_carea' id='block_1_53' title="bbox 186 1645 931 1684">
    <p class='ocr_par' dir='ltr' id='par_1_53' title="bbox 186 1645 931 1684">
     <span class='ocr_line' id='line_1_53' title="bbox 186 1645 931 1684; baseline 0.004 -12"><span class='ocrx_word' id='word_1_363' title='bbox 186 1645 204 1672; x_wconf 88' lang='lat' dir='ltr'><strong>l.</strong></span> <span class='ocrx_word' id='word_1_364' title='bbox 221 1646 259 1673; x_wconf 84' lang='lat' dir='ltr'><strong>Ad</strong></span> <span class='ocrx_word' id='word_1_365' title='bbox 284 1648 335 1674; x_wconf 86' lang='lat' dir='ltr'><strong>tale</strong></span> <span class='ocrx_word' id='word_1_366' title='bbox 351 1649 495 1682; x_wconf 63' lang='lat' dir='ltr'><strong>quaesitum</strong></span> <span class='ocrx_word' id='word_1_367' title='bbox 520 1649 560 1676; x_wconf 80' lang='lat' dir='ltr'><strong>sic</strong></span> <span class='ocrx_word' id='word_1_368' title='bbox 575 1657 690 1676; x_wconf 78' lang='lat' dir='ltr'><strong>exorsus</strong></span> <span class='ocrx_word' id='word_1_369' title='bbox 707 1649 931 1684; x_wconf 57' lang='lat' dir='ltr'><strong>gymnosophista</strong></span> 
     </span>
    </p>
   </div>
   <div class='ocr_carea' id='block_1_54' title="bbox 149 1694 931 1729">
    <p class='ocr_par' dir='ltr' id='par_1_54' title="bbox 149 1694 931 1729">
     <span class='ocr_line' id='line_1_54' title="bbox 149 1694 931 1729; baseline 0.004 -12"><span class='ocrx_word' id='word_1_370' title='bbox 149 1699 249 1718; x_wconf 91' lang='lat' dir='ltr'><strong>novum</strong></span> <span class='ocrx_word' id='word_1_371' title='bbox 271 1699 425 1720; x_wconf 83' lang='lat' dir='ltr'><strong>sermonem</strong></span> <span class='ocrx_word' id='word_1_372' title='bbox 447 1699 489 1720; x_wconf 85' lang='lat' dir='ltr'><strong>est</strong></span> <span class='ocrx_word' id='word_1_373' title='bbox 507 1694 640 1726; x_wconf 89' lang='lat' dir='ltr'><strong>:Simius,</strong></span> <span class='ocrx_word' id='word_1_374' title='bbox 668 1703 752 1729; x_wconf 82' lang='lat' dir='ltr'><strong>regno</strong></span> <span class='ocrx_word' id='word_1_375' title='bbox 779 1695 874 1729; x_wconf 83' lang='lat' dir='ltr'><strong>pulsus</strong></span> <span class='ocrx_word' id='word_1_376' title='bbox 897 1695 931 1721; x_wconf 88' lang='lat' dir='ltr'><strong>ab</strong></span> 
     </span>
    </p>
   </div>
   <div class='ocr_carea' id='block_1_55' title="bbox 149 1736 933 1775">
    <p class='ocr_par' dir='ltr' id='par_1_55' title="bbox 149 1736 933 1775">
     <span class='ocr_line' id='line_1_55' title="bbox 149 1736 933 1775; baseline 0.004 -12"><span class='ocrx_word' id='word_1_377' title='bbox 149 1736 263 1772; x_wconf 78' lang='lat' dir='ltr'><strong>ingratis</strong></span> <span class='ocrx_word' id='word_1_378' title='bbox 282 1739 410 1771; x_wconf 75' lang='lat' dir='ltr'><strong>subditis,</strong></span> <span class='ocrx_word' id='word_1_379' title='bbox 424 1740 656 1774; x_wconf 69' lang='lat' dir='ltr'><strong>ingravescentem</strong></span> <span class='ocrx_word' id='word_1_380' title='bbox 667 1741 722 1775; x_wconf 89' lang='lat' dir='ltr'><strong>jam</strong></span> <span class='ocrx_word' id='word_1_381' title='bbox 736 1741 794 1774; x_wconf 78' lang='lat' dir='ltr'><strong>ejus</strong></span> <span class='ocrx_word' id='word_1_382' title='bbox 811 1745 933 1767; x_wconf 87' lang='lat' dir='ltr'><strong>contem-</strong></span> 
     </span>
    </p>
   </div>
   <div class='ocr_carea' id='block_1_56' title="bbox 150 1782 933 1818">
    <p class='ocr_par' dir='ltr' id='par_1_56' title="bbox 150 1782 933 1818">
     <span class='ocr_line' id='line_1_56' title="bbox 150 1782 933 1818; baseline 0.004 -11"><span class='ocrx_word' id='word_1_383' title='bbox 150 1782 280 1809; x_wconf 81' lang='lat' dir='ltr'><strong>nentibus</strong></span> <span class='ocrx_word' id='word_1_384' title='bbox 296 1788 416 1814; x_wconf 62' lang='lat' dir='ltr'><strong>aetatem,</strong></span> <span class='ocrx_word' id='word_1_385' title='bbox 433 1784 574 1818; x_wconf 71' lang='lat' dir='ltr'><strong>inglorium</strong></span> <span class='ocrx_word' id='word_1_386' title='bbox 590 1785 666 1811; x_wconf 89' lang='lat' dir='ltr'><strong>exsul</strong></span> <span class='ocrx_word' id='word_1_387' title='bbox 683 1784 824 1811; x_wconf 85' lang='lat' dir='ltr'><strong>obtinebat</strong></span> <span class='ocrx_word' id='word_1_388' title='bbox 837 1783 933 1811; x_wconf 85' lang='lat' dir='ltr'><strong>statio-</strong></span> 
     </span>
    </p>
   </div>
   <div class='ocr_carea' id='block_1_57' title="bbox 148 1827 933 1865">
    <p class='ocr_par' dir='ltr' id='par_1_57' title="bbox 148 1827 933 1865">
     <span class='ocr_line' id='line_1_57' title="bbox 148 1827 933 1865; baseline 0.006 -12"><span class='ocrx_word' id='word_1_389' title='bbox 148 1834 209 1853; x_wconf 87' lang='lat' dir='ltr'><strong>nem</strong></span> <span class='ocrx_word' id='word_1_390' title='bbox 223 1827 250 1854; x_wconf 93' lang='lat' dir='ltr'><strong>in</strong></span> <span class='ocrx_word' id='word_1_391' title='bbox 262 1828 351 1855; x_wconf 84' lang='lat' dir='ltr'><strong>vicina</strong></span> <span class='ocrx_word' id='word_1_392' title='bbox 366 1829 473 1855; x_wconf 90' lang='lat' dir='ltr'><strong>cuidam</strong></span> <span class='ocrx_word' id='word_1_393' title='bbox 490 1829 560 1856; x_wconf 87' lang='lat' dir='ltr'><strong>laeui</strong></span> <span class='ocrx_word' id='word_1_394' title='bbox 582 1830 707 1863; x_wconf 85' lang='lat' dir='ltr'><strong>ﬁculnea,</strong></span> <span class='ocrx_word' id='word_1_395' title='bbox 726 1831 805 1865; x_wconf 85' lang='lat' dir='ltr'><strong>cujus</strong></span> <span class='ocrx_word' id='word_1_396' title='bbox 821 1835 851 1858; x_wconf 86' lang='lat' dir='ltr'><strong>et</strong></span> <span class='ocrx_word' id='word_1_397' title='bbox 877 1831 933 1858; x_wconf 79' lang='lat' dir='ltr'><strong>fru—</strong></span> 
     </span>
    </p>
   </div>
   <div class='ocr_carea' id='block_1_58' title="bbox 149 1873 932 1911">
    <p class='ocr_par' dir='ltr' id='par_1_58' title="bbox 149 1873 932 1911">
     <span class='ocr_line' id='line_1_58' title="bbox 149 1873 932 1911; baseline 0.006 -12"><span class='ocrx_word' id='word_1_398' title='bbox 149 1877 194 1899; x_wconf 90' lang='lat' dir='ltr'><strong>cttt</strong></span> <span class='ocrx_word' id='word_1_399' title='bbox 212 1873 363 1900; x_wconf 82' lang='lat' dir='ltr'><strong>victitabat.</strong></span> <span class='ocrx_word' id='word_1_400' title='bbox 380 1875 445 1901; x_wconf 82' lang='lat' dir='ltr'><strong>Erat</strong></span> <span class='ocrx_word' id='word_1_401' title='bbox 462 1882 477 1901; x_wconf 90' lang='lat' dir='ltr'><strong>e</strong></span> <span class='ocrx_word' id='word_1_402' title='bbox 491 1875 602 1909; x_wconf 81' lang='lat' dir='ltr'><strong>regione</strong></span> <span class='ocrx_word' id='word_1_403' title='bbox 625 1875 696 1902; x_wconf 87' lang='lat' dir='ltr'><strong>intra</strong></span> <span class='ocrx_word' id='word_1_404' title='bbox 716 1881 841 1911; x_wconf 78' lang='lat' dir='ltr'><strong>stagnum</strong></span> <span class='ocrx_word' id='word_1_405' title='bbox 868 1877 932 1904; x_wconf 84' lang='lat' dir='ltr'><strong>her-</strong></span> 
     </span>
    </p>
   </div>
   <div class='ocr_carea' id='block_1_59' title="bbox 149 1918 933 1952">
    <p class='ocr_par' dir='ltr' id='par_1_59' title="bbox 149 1918 933 1952">
     <span class='ocr_line' id='line_1_59' title="bbox 149 1918 933 1952; baseline 0.006 -8"><span class='ocrx_word' id='word_1_406' title='bbox 149 1918 225 1950; x_wconf 83' lang='lat' dir='ltr'><strong>bosa,</strong></span> <span class='ocrx_word' id='word_1_407' title='bbox 239 1921 286 1945; x_wconf 81' lang='lat' dir='ltr'><strong>sed</strong></span> <span class='ocrx_word' id='word_1_408' title='bbox 303 1919 403 1950; x_wconf 76' lang='lat' dir='ltr'><strong>brevis,</strong></span> <span class='ocrx_word' id='word_1_409' title='bbox 420 1920 519 1952; x_wconf 85' lang='lat' dir='ltr'><strong>insula,</strong></span> <span class='ocrx_word' id='word_1_410' title='bbox 535 1928 586 1948; x_wconf 84' lang='lat' dir='ltr'><strong>nec</strong></span> <span class='ocrx_word' id='word_1_411' title='bbox 615 1921 739 1948; x_wconf 68' lang='lat' dir='ltr'><strong>humana:</strong></span> <span class='ocrx_word' id='word_1_412' title='bbox 756 1922 933 1950; x_wconf 89' lang='lat' dir='ltr'><strong>habitationis</strong></span> 
     </span>
    </p>
   </div>
   <div class='ocr_carea' id='block_1_60' title="bbox 148 1966 932 2000">
    <p class='ocr_par' dir='ltr' id='par_1_60' title="bbox 148 1966 932 2000">
     <span class='ocr_line' id='line_1_60' title="bbox 148 1966 932 2000; baseline 0.006 -10"><span class='ocrx_word' id='word_1_413' title='bbox 148 1971 244 1998; x_wconf 83' lang='lat' dir='ltr'><strong>capax.</strong></span> <span class='ocrx_word' id='word_1_414' title='bbox 268 1972 301 1990; x_wconf 89' lang='lat' dir='ltr'><strong>ex</strong></span> <span class='ocrx_word' id='word_1_415' title='bbox 325 1973 378 1998; x_wconf 90' lang='lat' dir='ltr'><strong>qua</strong></span> <span class='ocrx_word' id='word_1_416' title='bbox 403 1966 473 1992; x_wconf 84' lang='lat' dir='ltr'><strong>freto</strong></span> <span class='ocrx_word' id='word_1_417' title='bbox 486 1973 652 2000; x_wconf 76' lang='lat' dir='ltr'><strong>perangusto</strong></span> <span class='ocrx_word' id='word_1_418' title='bbox 683 1972 798 1995; x_wconf 86' lang='lat' dir='ltr'><strong>enatans</strong></span> <span class='ocrx_word' id='word_1_419' title='bbox 813 1969 932 1996; x_wconf 87' lang='lat' dir='ltr'><strong>subinde</strong></span> 
     </span>
    </p>
   </div>
   <div class='ocr_carea' id='block_1_61' title="bbox 149 2009 932 2048">
    <p class='ocr_par' dir='ltr' id='par_1_61' title="bbox 149 2009 932 2048">
     <span class='ocr_line' id='line_1_61' title="bbox 149 2009 932 2048; baseline 0.008 -13"><span class='ocrx_word' id='word_1_420' title='bbox 149 2009 175 2035; x_wconf 92' lang='lat' dir='ltr'><strong>in</strong></span> <span class='ocrx_word' id='word_1_421' title='bbox 192 2010 378 2038; x_wconf 84' lang='lat' dir='ltr'><strong>continentem</strong></span> <span class='ocrx_word' id='word_1_422' title='bbox 406 2012 514 2039; x_wconf 88' lang='lat' dir='ltr'><strong>testudo</strong></span> <span class='ocrx_word' id='word_1_423' title='bbox 537 2013 700 2043; x_wconf 84' lang='lat' dir='ltr'><strong>ventitabat.</strong></span> <span class='ocrx_word' id='word_1_424' title='bbox 719 2014 770 2040; x_wconf 88' lang='lat' dir='ltr'><strong>sub</strong></span> <span class='ocrx_word' id='word_1_425' title='bbox 793 2015 878 2048; x_wconf 86' lang='lat' dir='ltr'><strong>ipsam</strong></span> <span class='ocrx_word' id='word_1_426' title='bbox 895 2015 932 2040; x_wconf 90' lang='lat' dir='ltr'><strong>si-</strong></span> 
     </span>
    </p>
   </div>
   <div class='ocr_carea' id='block_1_62' title="bbox 148 2054 932 2094">
    <p class='ocr_par' dir='ltr' id='par_1_62' title="bbox 148 2054 932 2094">
     <span class='ocr_line' id='line_1_62' title="bbox 148 2054 932 2094; baseline 0.008 -14"><span class='ocrx_word' id='word_1_427' title='bbox 148 2055 203 2081; x_wconf 95' lang='lat' dir='ltr'><strong>mio</strong></span> <span class='ocrx_word' id='word_1_428' title='bbox 240 2056 373 2083; x_wconf 85' lang='lat' dir='ltr'><strong>insessam</strong></span> <span class='ocrx_word' id='word_1_429' title='bbox 397 2057 538 2084; x_wconf 84' lang='lat' dir='ltr'><strong>iiculncant</strong></span> <span class='ocrx_word' id='word_1_430' title='bbox 560 2054 705 2086; x_wconf 80' lang='lat' dir='ltr'><strong>transiens.</strong></span> <span class='ocrx_word' id='word_1_431' title='bbox 732 2059 852 2094; x_wconf 75' lang='lat' dir='ltr'><strong>Contigit</strong></span> <span class='ocrx_word' id='word_1_432' title='bbox 880 2060 932 2086; x_wconf 88' lang='lat' dir='ltr'><strong>sub</strong></span> 
     </span>
    </p>
   </div>
   <div class='ocr_carea' id='block_1_63' title="bbox 149 2103 931 2140">
    <p class='ocr_par' dir='ltr' id='par_1_63' title="bbox 149 2103 931 2140">
     <span class='ocr_line' id='line_1_63' title="bbox 149 2103 931 2140; baseline 0.008 -13"><span class='ocrx_word' id='word_1_433' title='bbox 149 2107 316 2129; x_wconf 86' lang='lat' dir='ltr'><strong>momentum</strong></span> <span class='ocrx_word' id='word_1_434' title='bbox 333 2103 391 2138; x_wconf 85' lang='lat' dir='ltr'><strong>ejus</strong></span> <span class='ocrx_word' id='word_1_435' title='bbox 403 2104 533 2131; x_wconf 86' lang='lat' dir='ltr'><strong>transitus</strong></span> <span class='ocrx_word' id='word_1_436' title='bbox 547 2104 626 2131; x_wconf 83' lang='lat' dir='ltr'><strong>ﬁcum</strong></span> <span class='ocrx_word' id='word_1_437' title='bbox 643 2110 776 2132; x_wconf 84' lang='lat' dir='ltr'><strong>maturam</strong></span> <span class='ocrx_word' id='word_1_438' title='bbox 794 2111 891 2140; x_wconf 89' lang='lat' dir='ltr'><strong>sponte</strong></span> <span class='ocrx_word' id='word_1_439' title='bbox 903 2106 931 2133; x_wconf 88' lang='lat' dir='ltr'><strong>itt</strong></span> 
     </span>
    </p>
   </div>
   <div class='ocr_carea' id='block_1_64' title="bbox 149 2148 932 2186">
    <p class='ocr_par' dir='ltr' id='par_1_64' title="bbox 149 2148 932 2186">
     <span class='ocr_line' id='line_1_64' title="bbox 149 2148 932 2186; baseline 0.006 -13"><span class='ocrx_word' id='word_1_440' title='bbox 149 2148 297 2182; x_wconf 77' lang='lat' dir='ltr'><strong>subjectum</strong></span> <span class='ocrx_word' id='word_1_441' title='bbox 310 2149 380 2175; x_wconf 87' lang='lat' dir='ltr'><strong>viam</strong></span> <span class='ocrx_word' id='word_1_442' title='bbox 394 2150 503 2177; x_wconf 87' lang='lat' dir='ltr'><strong>cadere.</strong></span> <span class='ocrx_word' id='word_1_443' title='bbox 520 2150 584 2177; x_wconf 87' lang='lat' dir='ltr'><strong>Eam</strong></span> <span class='ocrx_word' id='word_1_444' title='bbox 600 2151 707 2177; x_wconf 85' lang='lat' dir='ltr'><strong>testudo</strong></span> <span class='ocrx_word' id='word_1_445' title='bbox 719 2156 853 2186; x_wconf 81' lang='lat' dir='ltr'><strong>gustatam</strong></span> <span class='ocrx_word' id='word_1_446' title='bbox 870 2152 932 2179; x_wconf 84' lang='lat' dir='ltr'><strong>obi-</strong></span> 
     </span>
    </p>
   </div>
   <div class='ocr_carea' id='block_1_65' title="bbox 987 1366 1773 1408">
    <p class='ocr_par' dir='ltr' id='par_1_65' title="bbox 987 1366 1773 1408">
     <span class='ocr_line' id='line_1_65' title="bbox 987 1366 1773 1408; baseline -0.011 -7"><span class='ocrx_word' id='word_1_447' title='bbox 987 1377 1049 1408; x_wconf 87' lang='lat' dir='ltr'><strong>post</strong></span> <span class='ocrx_word' id='word_1_448' title='bbox 1064 1373 1121 1400; x_wconf 66' lang='lat' dir='ltr'><strong>haec</strong></span> <span class='ocrx_word' id='word_1_449' title='bbox 1140 1372 1232 1400; x_wconf 88' lang='lat' dir='ltr'><strong>audita</strong></span> <span class='ocrx_word' id='word_1_450' title='bbox 1257 1370 1398 1398; x_wconf 84' lang='lat' dir='ltr'><strong>simulavit</strong></span> <span class='ocrx_word' id='word_1_451' title='bbox 1412 1369 1537 1396; x_wconf 91' lang='lat' dir='ltr'><strong>morbum</strong></span> <span class='ocrx_word' id='word_1_452' title='bbox 1550 1388 1557 1400; x_wconf 90' lang='lat'><strong>,</strong></span> <span class='ocrx_word' id='word_1_453' title='bbox 1575 1372 1603 1394; x_wconf 92' lang='lat' dir='ltr'><strong>et</strong></span> <span class='ocrx_word' id='word_1_454' title='bbox 1617 1366 1700 1393; x_wconf 81' lang='lat' dir='ltr'><strong>multa</strong></span> <span class='ocrx_word' id='word_1_455' title='bbox 1724 1373 1773 1400; x_wconf 90' lang='lat' dir='ltr'><strong>per</strong></span> 
     </span>
    </p>
   </div>
   <div class='ocr_carea' id='block_1_66' title="bbox 988 1412 1772 1454">
    <p class='ocr_par' dir='ltr' id='par_1_66' title="bbox 988 1412 1772 1454">
     <span class='ocr_line' id='line_1_66' title="bbox 988 1412 1772 1454; baseline -0.013 -7"><span class='ocrx_word' id='word_1_456' title='bbox 988 1423 1096 1447; x_wconf 90' lang='lat' dir='ltr'><strong>noctem</strong></span> <span class='ocrx_word' id='word_1_457' title='bbox 1120 1423 1234 1454; x_wconf 86' lang='lat' dir='ltr'><strong>questus</strong></span> <span class='ocrx_word' id='word_1_458' title='bbox 1257 1416 1335 1452; x_wconf 90' lang='lat' dir='ltr'><strong>quasi</strong></span> <span class='ocrx_word' id='word_1_459' title='bbox 1355 1415 1475 1451; x_wconf 81' lang='lat' dir='ltr'><strong>graviter</strong></span> <span class='ocrx_word' id='word_1_460' title='bbox 1496 1413 1611 1443; x_wconf 86' lang='lat' dir='ltr'><strong>doleret,</strong></span> <span class='ocrx_word' id='word_1_461' title='bbox 1639 1412 1772 1446; x_wconf 86' lang='lat' dir='ltr'><strong>postridie</strong></span> 
     </span>
    </p>
   </div>
   <div class='ocr_carea' id='block_1_67' title="bbox 988 1459 1772 1497">
    <p class='ocr_par' dir='ltr' id='par_1_67' title="bbox 988 1459 1772 1497">
     <span class='ocr_line' id='line_1_67' title="bbox 988 1459 1772 1497; baseline -0.01 -5"><span class='ocrx_word' id='word_1_462' title='bbox 988 1465 1067 1492; x_wconf 84' lang='lat' dir='ltr'><strong>uxori</strong></span> <span class='ocrx_word' id='word_1_463' title='bbox 1083 1464 1161 1496; x_wconf 87' lang='lat' dir='ltr'><strong>dixit,</strong></span> <span class='ocrx_word' id='word_1_464' title='bbox 1177 1464 1283 1490; x_wconf 88' lang='lat' dir='ltr'><strong>aliasse</strong></span> <span class='ocrx_word' id='word_1_465' title='bbox 1300 1462 1357 1497; x_wconf 82' lang='lat' dir='ltr'><strong>pari</strong></span> <span class='ocrx_word' id='word_1_466' title='bbox 1374 1462 1502 1496; x_wconf 76' lang='lat' dir='ltr'><strong>ianguore</strong></span> <span class='ocrx_word' id='word_1_467' title='bbox 1513 1459 1693 1490; x_wconf 82' lang='lat' dir='ltr'><strong>laborantem,</strong></span> <span class='ocrx_word' id='word_1_468' title='bbox 1705 1466 1772 1493; x_wconf 80' lang='lat' dir='ltr'><strong>gus-</strong></span> 
     </span>
    </p>
   </div>
   <div class='ocr_carea' id='block_1_68' title="bbox 989 1504 1770 1542">
    <p class='ocr_par' dir='ltr' id='par_1_68' title="bbox 989 1504 1770 1542">
     <span class='ocr_line' id='line_1_68' title="bbox 989 1504 1770 1542; baseline -0.01 -5"><span class='ocrx_word' id='word_1_469' title='bbox 989 1515 1054 1540; x_wconf 86' lang='lat' dir='ltr'><strong>tato,</strong></span> <span class='ocrx_word' id='word_1_470' title='bbox 1066 1518 1148 1537; x_wconf 82' lang='lat' dir='ltr'><strong>suasu</strong></span> <span class='ocrx_word' id='word_1_471' title='bbox 1161 1509 1269 1542; x_wconf 85' lang='lat' dir='ltr'><strong>medici,</strong></span> <span class='ocrx_word' id='word_1_472' title='bbox 1289 1508 1371 1535; x_wconf 88' lang='lat' dir='ltr'><strong>corde</strong></span> <span class='ocrx_word' id='word_1_473' title='bbox 1388 1506 1460 1534; x_wconf 88' lang='lat' dir='ltr'><strong>sitnii</strong></span> <span class='ocrx_word' id='word_1_474' title='bbox 1477 1514 1510 1532; x_wconf 84' lang='lat' dir='ltr'><strong>ex</strong></span> <span class='ocrx_word' id='word_1_475' title='bbox 1526 1513 1559 1532; x_wconf 89' lang='lat' dir='ltr'><strong>eo</strong></span> <span class='ocrx_word' id='word_1_476' title='bbox 1581 1504 1770 1535; x_wconf 68' lang='lat' dir='ltr'><strong>convaluisse;</strong></span> 
     </span>
    </p>
   </div>
   <div class='ocr_carea' id='block_1_69' title="bbox 985 1554 1772 1590">
    <p class='ocr_par' dir='ltr' id='par_1_69' title="bbox 985 1554 1772 1590">
     <span class='ocr_line' id='line_1_69' title="bbox 985 1554 1772 1590; baseline -0.01 -7"><span class='ocrx_word' id='word_1_477' title='bbox 985 1556 1039 1583; x_wconf 87' lang='lat' dir='ltr'><strong>iret</strong></span> <span class='ocrx_word' id='word_1_478' title='bbox 1054 1555 1146 1590; x_wconf 74' lang='lat' dir='ltr'><strong>igitur,</strong></span> <span class='ocrx_word' id='word_1_479' title='bbox 1163 1555 1185 1582; x_wconf 91' lang='lat' dir='ltr'><strong>si</strong></span> <span class='ocrx_word' id='word_1_480' title='bbox 1201 1562 1229 1582; x_wconf 87' lang='lat' dir='ltr'><strong>se</strong></span> <span class='ocrx_word' id='word_1_481' title='bbox 1244 1560 1358 1585; x_wconf 77' lang='lat' dir='ltr'><strong>amaret,</strong></span> <span class='ocrx_word' id='word_1_482' title='bbox 1375 1560 1406 1580; x_wconf 90' lang='lat' dir='ltr'><strong>ac</strong></span> <span class='ocrx_word' id='word_1_483' title='bbox 1421 1555 1553 1587; x_wconf 88' lang='lat' dir='ltr'><strong>quantum</strong></span> <span class='ocrx_word' id='word_1_484' title='bbox 1570 1555 1661 1585; x_wconf 85' lang='lat' dir='ltr'><strong>posset</strong></span> <span class='ocrx_word' id='word_1_485' title='bbox 1681 1554 1772 1576; x_wconf 82' lang='lat' dir='ltr'><strong>oraret</strong></span> 
     </span>
    </p>
   </div>
   <div class='ocr_carea' id='block_1_70' title="bbox 985 1596 1771 1635">
    <p class='ocr_par' dir='ltr' id='par_1_70' title="bbox 985 1596 1771 1635">
     <span class='ocr_line' id='line_1_70' title="bbox 985 1596 1771 1635; baseline -0.006 -8"><span class='ocrx_word' id='word_1_486' title='bbox 985 1601 1108 1632; x_wconf 90' lang='lat' dir='ltr'><strong>sintitun,</strong></span> <span class='ocrx_word' id='word_1_487' title='bbox 1137 1600 1259 1635; x_wconf 58' lang='lat' dir='ltr'><strong>qttwsitis</strong></span> <span class='ocrx_word' id='word_1_488' title='bbox 1287 1599 1348 1626; x_wconf 90' lang='lat' dir='ltr'><strong>aliis</strong></span> <span class='ocrx_word' id='word_1_489' title='bbox 1372 1598 1561 1632; x_wconf 71' lang='lat' dir='ltr'><strong>praetextibus,</strong></span> <span class='ocrx_word' id='word_1_490' title='bbox 1592 1596 1771 1624; x_wconf 73' lang='lat' dir='ltr'><strong>transfretare</strong></span> 
     </span>
    </p>
   </div>
   <div class='ocr_carea' id='block_1_71' title="bbox 984 1645 1770 1679">
    <p class='ocr_par' dir='ltr' id='par_1_71' title="bbox 984 1645 1770 1679">
     <span class='ocr_line' id='line_1_71' title="bbox 984 1645 1770 1679; baseline -0.006 -5"><span class='ocrx_word' id='word_1_491' title='bbox 984 1648 1010 1674; x_wconf 91' lang='lat' dir='ltr'><strong>in</strong></span> <span class='ocrx_word' id='word_1_492' title='bbox 1027 1647 1156 1677; x_wconf 85' lang='lat' dir='ltr'><strong>insulam,</strong></span> <span class='ocrx_word' id='word_1_493' title='bbox 1172 1654 1200 1673; x_wconf 85' lang='lat' dir='ltr'><strong>sc</strong></span> <span class='ocrx_word' id='word_1_494' title='bbox 1215 1646 1296 1673; x_wconf 84' lang='lat' dir='ltr'><strong>dorso</strong></span> <span class='ocrx_word' id='word_1_495' title='bbox 1309 1653 1372 1672; x_wconf 90' lang='lat' dir='ltr'><strong>cum</strong></span> <span class='ocrx_word' id='word_1_496' title='bbox 1389 1645 1535 1679; x_wconf 78' lang='lat' dir='ltr'><strong>trajectum</strong></span> <span class='ocrx_word' id='word_1_497' title='bbox 1546 1652 1580 1670; x_wconf 87' lang='lat' dir='ltr'><strong>ne</strong></span> <span class='ocrx_word' id='word_1_498' title='bbox 1596 1648 1770 1678; x_wconf 78' lang='lat' dir='ltr'><strong>gravaretur.</strong></span> 
     </span>
    </p>
   </div>
   <div class='ocr_carea' id='block_1_72' title="bbox 984 1690 1770 1730">
    <p class='ocr_par' dir='ltr' id='par_1_72' title="bbox 984 1690 1770 1730">
     <span class='ocr_line' id='line_1_72' title="bbox 984 1690 1770 1730; baseline -0.006 -10"><span class='ocrx_word' id='word_1_499' title='bbox 984 1693 1086 1730; x_wconf 71' lang='lat' dir='ltr'><strong>Annuit</strong></span> <span class='ocrx_word' id='word_1_500' title='bbox 1106 1693 1161 1723; x_wconf 89' lang='lat' dir='ltr'><strong>illa,</strong></span> <span class='ocrx_word' id='word_1_501' title='bbox 1185 1697 1213 1719; x_wconf 86' lang='lat' dir='ltr'><strong>et</strong></span> <span class='ocrx_word' id='word_1_502' title='bbox 1229 1692 1320 1719; x_wconf 87' lang='lat' dir='ltr'><strong>statim</strong></span> <span class='ocrx_word' id='word_1_503' title='bbox 1349 1692 1399 1718; x_wconf 84' lang='lat' dir='ltr'><strong>sub</strong></span> <span class='ocrx_word' id='word_1_504' title='bbox 1426 1693 1506 1717; x_wconf 83' lang='lat' dir='ltr'><strong>licunt</strong></span> <span class='ocrx_word' id='word_1_505' title='bbox 1533 1690 1642 1716; x_wconf 84' lang='lat' dir='ltr'><strong>rediens</strong></span> <span class='ocrx_word' id='word_1_506' title='bbox 1661 1690 1770 1716; x_wconf 89' lang='lat' dir='ltr'><strong>simium</strong></span> 
     </span>
    </p>
   </div>
   <div class='ocr_carea' id='block_1_73' title="bbox 983 1736 1770 1772">
    <p class='ocr_par' dir='ltr' id='par_1_73' title="bbox 983 1736 1770 1772">
     <span class='ocr_line' id='line_1_73' title="bbox 983 1736 1770 1772; baseline -0.004 -7"><span class='ocrx_word' id='word_1_507' title='bbox 983 1739 1110 1766; x_wconf 75' lang='lat' dir='ltr'><strong>invitavit</strong></span> <span class='ocrx_word' id='word_1_508' title='bbox 1126 1738 1159 1765; x_wconf 88' lang='lat' dir='ltr'><strong>ad</strong></span> <span class='ocrx_word' id='word_1_509' title='bbox 1179 1738 1325 1772; x_wconf 86' lang='lat' dir='ltr'><strong>hospitium</strong></span> <span class='ocrx_word' id='word_1_510' title='bbox 1348 1738 1389 1764; x_wconf 78' lang='lat' dir='ltr'><strong>sui</strong></span> <span class='ocrx_word' id='word_1_511' title='bbox 1405 1737 1527 1772; x_wconf 73' lang='lat' dir='ltr'><strong>conjugis</strong></span> <span class='ocrx_word' id='word_1_512' title='bbox 1541 1756 1548 1767; x_wconf 95' lang='lat'><strong>,</strong></span> <span class='ocrx_word' id='word_1_513' title='bbox 1578 1736 1719 1770; x_wconf 80' lang='lat' dir='ltr'><strong>copiosum</strong></span> <span class='ocrx_word' id='word_1_514' title='bbox 1744 1736 1770 1762; x_wconf 94' lang='lat' dir='ltr'><strong>in</strong></span> 
     </span>
    </p>
   </div>
   <div class='ocr_carea' id='block_1_74' title="bbox 985 1781 1770 1813">
    <p class='ocr_par' dir='ltr' id='par_1_74' title="bbox 985 1781 1770 1813">
     <span class='ocr_line' id='line_1_74' title="bbox 985 1781 1770 1813; baseline -0.005 -3"><span class='ocrx_word' id='word_1_515' title='bbox 985 1783 1072 1810; x_wconf 87' lang='lat' dir='ltr'><strong>insula</strong></span> <span class='ocrx_word' id='word_1_516' title='bbox 1087 1783 1256 1809; x_wconf 74' lang='lat' dir='ltr'><strong>domicilium</strong></span> <span class='ocrx_word' id='word_1_517' title='bbox 1272 1782 1407 1809; x_wconf 88' lang='lat' dir='ltr'><strong>habentis.</strong></span> <span class='ocrx_word' id='word_1_518' title='bbox 1428 1781 1541 1813; x_wconf 82' lang='lat' dir='ltr'><strong>Simius,</strong></span> <span class='ocrx_word' id='word_1_519' title='bbox 1567 1781 1719 1812; x_wconf 84' lang='lat' dir='ltr'><strong>tristitiam,</strong></span> <span class='ocrx_word' id='word_1_520' title='bbox 1740 1785 1770 1806; x_wconf 92' lang='lat' dir='ltr'><strong>ut</strong></span> 
     </span>
    </p>
   </div>
   <div class='ocr_carea' id='block_1_75' title="bbox 983 1827 1770 1862">
    <p class='ocr_par' dir='ltr' id='par_1_75' title="bbox 983 1827 1770 1862">
     <span class='ocr_line' id='line_1_75' title="bbox 983 1827 1770 1862; baseline -0.003 -6"><span class='ocrx_word' id='word_1_521' title='bbox 983 1830 1051 1862; x_wconf 83' lang='lat' dir='ltr'><strong>dixi,</strong></span> <span class='ocrx_word' id='word_1_522' title='bbox 1061 1829 1215 1856; x_wconf 84' lang='lat' dir='ltr'><strong>solitudinis</strong></span> <span class='ocrx_word' id='word_1_523' title='bbox 1230 1829 1333 1855; x_wconf 86' lang='lat' dir='ltr'><strong>dudum</strong></span> <span class='ocrx_word' id='word_1_524' title='bbox 1346 1828 1437 1855; x_wconf 83' lang='lat' dir='ltr'><strong>ferens</strong></span> <span class='ocrx_word' id='word_1_525' title='bbox 1451 1827 1575 1859; x_wconf 84' lang='lat' dir='ltr'><strong>moleste,</strong></span> <span class='ocrx_word' id='word_1_526' title='bbox 1592 1835 1644 1854; x_wconf 88' lang='lat' dir='ltr'><strong>non</strong></span> <span class='ocrx_word' id='word_1_527' title='bbox 1661 1828 1770 1854; x_wconf 88' lang='lat' dir='ltr'><strong>illiben-</strong></span> 
     </span>
    </p>
   </div>
   <div class='ocr_carea' id='block_1_76' title="bbox 984 1874 1765 1909">
    <p class='ocr_par' dir='ltr' id='par_1_76' title="bbox 984 1874 1765 1909">
     <span class='ocr_line' id='line_1_76' title="bbox 984 1874 1765 1909; baseline -0.003 -7"><span class='ocrx_word' id='word_1_528' title='bbox 984 1880 1024 1902; x_wconf 91' lang='lat' dir='ltr'><strong>ter</strong></span> <span class='ocrx_word' id='word_1_529' title='bbox 1045 1879 1087 1902; x_wconf 68' lang='lat' dir='ltr'><strong>est</strong></span> <span class='ocrx_word' id='word_1_530' title='bbox 1105 1883 1250 1907; x_wconf 86' lang='lat' dir='ltr'><strong>assensus;</strong></span> <span class='ocrx_word' id='word_1_531' title='bbox 1268 1882 1384 1909; x_wconf 72' lang='lat' dir='ltr'><strong>moxque</strong></span> <span class='ocrx_word' id='word_1_532' title='bbox 1413 1880 1525 1901; x_wconf 83' lang='lat' dir='ltr'><strong>secutus</strong></span> <span class='ocrx_word' id='word_1_533' title='bbox 1548 1874 1713 1900; x_wconf 83' lang='lat' dir='ltr'><strong>testudinem</strong></span> <span class='ocrx_word' id='word_1_534' title='bbox 1732 1874 1765 1900; x_wconf 89' lang='lat' dir='ltr'><strong>ad</strong></span> 
     </span>
    </p>
   </div>
   <div class='ocr_carea' id='block_1_77' title="bbox 983 1920 1768 1958">
    <p class='ocr_par' dir='ltr' id='par_1_77' title="bbox 983 1920 1768 1958">
     <span class='ocr_line' id='line_1_77' title="bbox 983 1920 1768 1958; baseline 0 -10"><span class='ocrx_word' id='word_1_535' title='bbox 983 1922 1068 1952; x_wconf 81' lang='lat' dir='ltr'><strong>littus,</strong></span> <span class='ocrx_word' id='word_1_536' title='bbox 1086 1921 1121 1948; x_wconf 87' lang='lat' dir='ltr'><strong>tbi</strong></span> <span class='ocrx_word' id='word_1_537' title='bbox 1137 1921 1197 1956; x_wconf 86' lang='lat' dir='ltr'><strong>ejus</strong></span> <span class='ocrx_word' id='word_1_538' title='bbox 1212 1921 1330 1948; x_wconf 87' lang='lat' dir='ltr'><strong>natantis</strong></span> <span class='ocrx_word' id='word_1_539' title='bbox 1356 1925 1431 1948; x_wconf 70' lang='lat' dir='ltr'><strong>testa:</strong></span> <span class='ocrx_word' id='word_1_540' title='bbox 1457 1920 1567 1948; x_wconf 79' lang='lat' dir='ltr'><strong>insedit.</strong></span> <span class='ocrx_word' id='word_1_541' title='bbox 1583 1921 1633 1948; x_wconf 79' lang='lat' dir='ltr'><strong>Vix</strong></span> <span class='ocrx_word' id='word_1_542' title='bbox 1647 1921 1768 1958; x_wconf 80' lang='lat' dir='ltr'><strong>medium</strong></span> 
     </span>
    </p>
   </div>
   <div class='ocr_carea' id='block_1_78' title="bbox 982 1967 1767 2002">
    <p class='ocr_par' dir='ltr' id='par_1_78' title="bbox 982 1967 1767 2002">
     <span class='ocr_line' id='line_1_78' title="bbox 982 1967 1767 2002; baseline 0 -8"><span class='ocrx_word' id='word_1_543' title='bbox 982 1968 1082 1994; x_wconf 85' lang='lat' dir='ltr'><strong>fretum</strong></span> <span class='ocrx_word' id='word_1_544' title='bbox 1101 1968 1275 2002; x_wconf 73' lang='lat' dir='ltr'><strong>trajecerant,</strong></span> <span class='ocrx_word' id='word_1_545' title='bbox 1291 1974 1353 1993; x_wconf 89' lang='lat' dir='ltr'><strong>cum</strong></span> <span class='ocrx_word' id='word_1_546' title='bbox 1372 1967 1455 1993; x_wconf 81' lang='lat' dir='ltr'><strong>ﬁttctu</strong></span> <span class='ocrx_word' id='word_1_547' title='bbox 1468 1968 1641 1994; x_wconf 87' lang='lat' dir='ltr'><strong>cotntnotiori</strong></span> <span class='ocrx_word' id='word_1_548' title='bbox 1660 1973 1767 1995; x_wconf 87' lang='lat' dir='ltr'><strong>tantttm</strong></span> 
     </span>
    </p>
   </div>
   <div class='ocr_carea' id='block_1_79' title="bbox 983 2012 1766 2046">
    <p class='ocr_par' dir='ltr' id='par_1_79' title="bbox 983 2012 1766 2046">
     <span class='ocr_line' id='line_1_79' title="bbox 983 2012 1766 2046; baseline -0.001 -6"><span class='ocrx_word' id='word_1_549' title='bbox 983 2021 1037 2040; x_wconf 91' lang='lat' dir='ltr'><strong>non</strong></span> <span class='ocrx_word' id='word_1_550' title='bbox 1054 2020 1185 2040; x_wconf 81' lang='lat' dir='ltr'><strong>excussus</strong></span> <span class='ocrx_word' id='word_1_551' title='bbox 1200 2013 1311 2044; x_wconf 86' lang='lat' dir='ltr'><strong>simius,</strong></span> <span class='ocrx_word' id='word_1_552' title='bbox 1333 2012 1430 2039; x_wconf 82' lang='lat' dir='ltr'><strong>timere</strong></span> <span class='ocrx_word' id='word_1_553' title='bbox 1446 2013 1551 2046; x_wconf 67' lang='lat' dir='ltr'><strong>lapsum</strong></span> <span class='ocrx_word' id='word_1_554' title='bbox 1572 2018 1600 2039; x_wconf 88' lang='lat' dir='ltr'><strong>et</strong></span> <span class='ocrx_word' id='word_1_555' title='bbox 1617 2013 1766 2040; x_wconf 70' lang='lat' dir='ltr'><strong>demersit)-</strong></span> 
     </span>
    </p>
   </div>
   <div class='ocr_carea' id='block_1_80' title="bbox 984 2058 1768 2093">
    <p class='ocr_par' dir='ltr' id='par_1_80' title="bbox 984 2058 1768 2093">
     <span class='ocr_line' id='line_1_80' title="bbox 984 2058 1768 2093; baseline 0 -7"><span class='ocrx_word' id='word_1_556' title='bbox 984 2067 1044 2086; x_wconf 87' lang='lat' dir='ltr'><strong>nem</strong></span> <span class='ocrx_word' id='word_1_557' title='bbox 1059 2059 1152 2093; x_wconf 74' lang='lat' dir='ltr'><strong>cmpit,</strong></span> <span class='ocrx_word' id='word_1_558' title='bbox 1168 2058 1388 2092; x_wconf 87' lang='lat' dir='ltr'><strong>testudinemque</strong></span> <span class='ocrx_word' id='word_1_559' title='bbox 1408 2059 1505 2085; x_wconf 87' lang='lat' dir='ltr'><strong>orabat</strong></span> <span class='ocrx_word' id='word_1_560' title='bbox 1522 2063 1551 2085; x_wconf 93' lang='lat' dir='ltr'><strong>ut</strong></span> <span class='ocrx_word' id='word_1_561' title='bbox 1568 2066 1598 2085; x_wconf 86' lang='lat' dir='ltr'><strong>se</strong></span> <span class='ocrx_word' id='word_1_562' title='bbox 1614 2060 1768 2086; x_wconf 87' lang='lat' dir='ltr'><strong>continenti</strong></span> 
     </span>
    </p>
   </div>
   <div class='ocr_carea' id='block_1_81' title="bbox 984 2103 1769 2138">
    <p class='ocr_par' dir='ltr' id='par_1_81' title="bbox 984 2103 1769 2138">
     <span class='ocr_line' id='line_1_81' title="bbox 984 2103 1769 2138; baseline 0.003 -8"><span class='ocrx_word' id='word_1_563' title='bbox 984 2105 1121 2131; x_wconf 83' lang='lat' dir='ltr'><strong>redderet.</strong></span> <span class='ocrx_word' id='word_1_564' title='bbox 1141 2105 1180 2130; x_wconf 85' lang='lat' dir='ltr'><strong>Ad</strong></span> <span class='ocrx_word' id='word_1_565' title='bbox 1194 2103 1267 2138; x_wconf 89' lang='lat' dir='ltr'><strong>quod</strong></span> <span class='ocrx_word' id='word_1_566' title='bbox 1290 2104 1344 2135; x_wconf 87' lang='lat' dir='ltr'><strong>illa,</strong></span> <span class='ocrx_word' id='word_1_567' title='bbox 1360 2104 1536 2138; x_wconf 87' lang='lat' dir='ltr'><strong>simplicitate</strong></span> <span class='ocrx_word' id='word_1_568' title='bbox 1550 2105 1602 2131; x_wconf 86' lang='lat' dir='ltr'><strong>sibi</strong></span> <span class='ocrx_word' id='word_1_569' title='bbox 1616 2106 1705 2137; x_wconf 83' lang='lat' dir='ltr'><strong>solita,</strong></span> <span class='ocrx_word' id='word_1_570' title='bbox 1718 2106 1769 2132; x_wconf 74' lang='lat' dir='ltr'><strong>llli~</strong></span> 
     </span>
    </p>
   </div>
   <div class='ocr_carea' id='block_1_82' title="bbox 984 2150 1770 2185">
    <p class='ocr_par' dir='ltr' id='par_1_82' title="bbox 984 2150 1770 2185">
     <span class='ocr_line' id='line_1_82' title="bbox 984 2150 1770 2185; baseline 0.003 -9"><span class='ocrx_word' id='word_1_571' title='bbox 984 2151 1057 2177; x_wconf 87' lang='lat' dir='ltr'><strong>nime</strong></span> <span class='ocrx_word' id='word_1_572' title='bbox 1084 2150 1193 2179; x_wconf 83' lang='lat' dir='ltr'><strong>faciam.</strong></span> <span class='ocrx_word' id='word_1_573' title='bbox 1219 2150 1318 2184; x_wconf 76' lang='lat' dir='ltr'><strong>inquit;</strong></span> <span class='ocrx_word' id='word_1_574' title='bbox 1338 2157 1399 2175; x_wconf 90' lang='lat' dir='ltr'><strong>nam</strong></span> <span class='ocrx_word' id='word_1_575' title='bbox 1428 2154 1453 2175; x_wconf 86' lang='lat' dir='ltr'><strong>te</strong></span> <span class='ocrx_word' id='word_1_576' title='bbox 1471 2150 1513 2176; x_wconf 81' lang='lat' dir='ltr'><strong>vir</strong></span> <span class='ocrx_word' id='word_1_577' title='bbox 1531 2157 1608 2176; x_wconf 79' lang='lat' dir='ltr'><strong>meus</strong></span> <span class='ocrx_word' id='word_1_578' title='bbox 1629 2157 1770 2185; x_wconf 80' lang='lat' dir='ltr'><strong>exspectat</strong></span> 
     </span>
    </p>
   </div>
   <div class='ocr_carea' id='block_1_83' title="bbox 151 2195 1767 2232">
    <p class='ocr_par' dir='ltr' id='par_1_83' title="bbox 151 2195 1767 2232">
     <span class='ocr_line' id='line_1_83' title="bbox 151 2195 1767 2232; baseline 0.003 -13"><span class='ocrx_word' id='word_1_579' title='bbox 151 2199 200 2226; x_wconf 84' lang='lat' dir='ltr'><strong>ter,</strong></span> <span class='ocrx_word' id='word_1_580' title='bbox 217 2202 279 2221; x_wconf 90' lang='lat' dir='ltr'><strong>cum</strong></span> <span class='ocrx_word' id='word_1_581' title='bbox 297 2203 406 2222; x_wconf 62' lang='lat' dir='ltr'><strong>suavem</strong></span> <span class='ocrx_word' id='word_1_582' title='bbox 436 2197 589 2230; x_wconf 72' lang='lat' dir='ltr'><strong>probasset,</strong></span> <span class='ocrx_word' id='word_1_583' title='bbox 607 2205 661 2223; x_wconf 82' lang='lat' dir='ltr'><strong>non</strong></span> <span class='ocrx_word' id='word_1_584' title='bbox 672 2197 760 2224; x_wconf 74' lang='lat' dir='ltr'><strong>solum</strong></span> <span class='ocrx_word' id='word_1_585' title='bbox 784 2203 867 2224; x_wconf 73' lang='lat' dir='ltr'><strong>totam</strong></span> <span class='ocrx_word' id='word_1_586' title='bbox 885 2206 918 2225; x_wconf 78' lang='lat' dir='ltr'><strong>co</strong></span> <span class='ocrx_word' id='word_1_587' title='bbox 949 2207 970 2232; x_wconf 74' lang='grc' dir='ltr'>υ</span> <span class='ocrx_word' id='word_1_588' title='bbox 986 2200 1033 2222; x_wconf 90' lang='lat' dir='ltr'><strong>tuo</strong></span> <span class='ocrx_word' id='word_1_589' title='bbox 1047 2196 1119 2223; x_wconf 81' lang='lat' dir='ltr'><strong>vesci</strong></span> <span class='ocrx_word' id='word_1_590' title='bbox 1132 2196 1214 2222; x_wconf 84' lang='lat' dir='ltr'><strong>corde</strong></span> <span class='ocrx_word' id='word_1_591' title='bbox 1225 2196 1340 2230; x_wconf 84' lang='lat' dir='ltr'><strong>cupiens</strong></span> <span class='ocrx_word' id='word_1_592' title='bbox 1357 2205 1363 2222; x_wconf 90' lang='lat'><strong>:</strong></span> <span class='ocrx_word' id='word_1_593' title='bbox 1378 2202 1475 2229; x_wconf 88' lang='lat' dir='ltr'><strong>nempe</strong></span> <span class='ocrx_word' id='word_1_594' title='bbox 1490 2195 1515 2222; x_wconf 91' lang='lat' dir='ltr'><strong>id</strong></span> <span class='ocrx_word' id='word_1_595' title='bbox 1534 2196 1633 2226; x_wconf 92' lang='lat' dir='ltr'><strong>morbi,</strong></span> <span class='ocrx_word' id='word_1_596' title='bbox 1656 2204 1710 2231; x_wconf 86' lang='lat' dir='ltr'><strong>quo</strong></span> <span class='ocrx_word' id='word_1_597' title='bbox 1727 2197 1767 2224; x_wconf 85' lang='lat' dir='ltr'><strong>la-</strong></span> 
     </span>
    </p>
   </div>
   <div class='ocr_carea' id='block_1_84' title="bbox 150 2239 933 2277">
    <p class='ocr_par' dir='ltr' id='par_1_84' title="bbox 150 2239 933 2277">
     <span class='ocr_line' id='line_1_84' title="bbox 150 2239 933 2277; baseline 0.008 -13"><span class='ocrx_word' id='word_1_598' title='bbox 150 2240 244 2268; x_wconf 75' lang='lat' dir='ltr'><strong>metltt,</strong></span> <span class='ocrx_word' id='word_1_599' title='bbox 263 2239 309 2265; x_wconf 80' lang='lat' dir='ltr'><strong>sed</strong></span> <span class='ocrx_word' id='word_1_600' title='bbox 325 2245 352 2266; x_wconf 87' lang='lat' dir='ltr'><strong>et</strong></span> <span class='ocrx_word' id='word_1_601' title='bbox 367 2245 448 2274; x_wconf 85' lang='lat' dir='ltr'><strong>caput</strong></span> <span class='ocrx_word' id='word_1_602' title='bbox 463 2242 590 2269; x_wconf 85' lang='lat' dir='ltr'><strong>attollens</strong></span> <span class='ocrx_word' id='word_1_603' title='bbox 605 2242 729 2269; x_wconf 86' lang='lat' dir='ltr'><strong>inhiabat</strong></span> <span class='ocrx_word' id='word_1_604' title='bbox 748 2243 933 2277; x_wconf 86' lang='lat' dir='ltr'><strong>pendentibus</strong></span> 
     </span>
    </p>
   </div>
   <div class='ocr_carea' id='block_1_85' title="bbox 150 2286 932 2319">
    <p class='ocr_par' dir='ltr' id='par_1_85' title="bbox 150 2286 932 2319">
     <span class='ocr_line' id='line_1_85' title="bbox 150 2286 932 2319; baseline 0.009 -9"><span class='ocrx_word' id='word_1_605' title='bbox 150 2286 265 2312; x_wconf 66' lang='lat' dir='ltr'><strong>caneris.</strong></span> <span class='ocrx_word' id='word_1_606' title='bbox 280 2286 349 2312; x_wconf 82' lang='lat' dir='ltr'><strong>Risit</strong></span> <span class='ocrx_word' id='word_1_607' title='bbox 366 2287 422 2313; x_wconf 77' lang='lat' dir='ltr'><strong>lucc</strong></span> <span class='ocrx_word' id='word_1_608' title='bbox 435 2295 550 2315; x_wconf 87' lang='lat' dir='ltr'><strong>cernens</strong></span> <span class='ocrx_word' id='word_1_609' title='bbox 566 2288 671 2319; x_wconf 81' lang='lat' dir='ltr'><strong>simius,</strong></span> <span class='ocrx_word' id='word_1_610' title='bbox 687 2294 713 2315; x_wconf 87' lang='lat' dir='ltr'><strong>ct</strong></span> <span class='ocrx_word' id='word_1_611' title='bbox 737 2297 818 2316; x_wconf 86' lang='lat' dir='ltr'><strong>unam</strong></span> <span class='ocrx_word' id='word_1_612' title='bbox 836 2290 874 2316; x_wconf 90' lang='lat' dir='ltr'><strong>illi</strong></span> <span class='ocrx_word' id='word_1_613' title='bbox 890 2295 932 2317; x_wconf 89' lang='lat' dir='ltr'><strong>at-</strong></span> 
     </span>
    </p>
   </div>
   <div class='ocr_carea' id='block_1_86' title="bbox 149 2332 932 2368">
    <p class='ocr_par' dir='ltr' id='par_1_86' title="bbox 149 2332 932 2368">
     <span class='ocr_line' id='line_1_86' title="bbox 149 2332 932 2368; baseline 0.009 -12"><span class='ocrx_word' id='word_1_614' title='bbox 149 2338 201 2364; x_wconf 83' lang='lat' dir='ltr'><strong>que</strong></span> <span class='ocrx_word' id='word_1_615' title='bbox 221 2332 332 2358; x_wconf 86' lang='lat' dir='ltr'><strong>alteram</strong></span> <span class='ocrx_word' id='word_1_616' title='bbox 352 2332 484 2366; x_wconf 84' lang='lat' dir='ltr'><strong>dejiciens</strong></span> <span class='ocrx_word' id='word_1_617' title='bbox 509 2332 601 2365; x_wconf 87' lang='lat' dir='ltr'><strong>tleutu,</strong></span> <span class='ocrx_word' id='word_1_618' title='bbox 614 2334 696 2368; x_wconf 78' lang='lat' dir='ltr'><strong>longo</strong></span> <span class='ocrx_word' id='word_1_619' title='bbox 718 2334 789 2361; x_wconf 90' lang='lat' dir='ltr'><strong>illam</strong></span> <span class='ocrx_word' id='word_1_620' title='bbox 805 2342 932 2363; x_wconf 81' lang='lat' dir='ltr'><strong>sermone</strong></span> 
     </span>
    </p>
   </div>
   <div class='ocr_carea' id='block_1_87' title="bbox 149 2377 930 2414">
    <p class='ocr_par' dir='ltr' id='par_1_87' title="bbox 149 2377 930 2414">
     <span class='ocr_line' id='line_1_87' title="bbox 149 2377 930 2414; baseline 0.006 -12"><span class='ocrx_word' id='word_1_621' title='bbox 149 2385 219 2410; x_wconf 76' lang='lat' dir='ltr'><strong>sa-pe</strong></span> <span class='ocrx_word' id='word_1_622' title='bbox 231 2377 380 2409; x_wconf 86' lang='lat' dir='ltr'><strong>detinebat,</strong></span> <span class='ocrx_word' id='word_1_623' title='bbox 396 2378 474 2405; x_wconf 69' lang='lat' dir='ltr'><strong>laetus</strong></span> <span class='ocrx_word' id='word_1_624' title='bbox 488 2386 516 2405; x_wconf 83' lang='lat' dir='ltr'><strong>se</strong></span> <span class='ocrx_word' id='word_1_625' title='bbox 528 2380 675 2413; x_wconf 77' lang='lat' dir='ltr'><strong>reperisse.</strong></span> <span class='ocrx_word' id='word_1_626' title='bbox 688 2381 800 2414; x_wconf 90' lang='lat' dir='ltr'><strong>quicum</strong></span> <span class='ocrx_word' id='word_1_627' title='bbox 820 2380 930 2407; x_wconf 65' lang='lat' dir='ltr'><strong>taedium</strong></span> 
     </span>
    </p>
   </div>
   <div class='ocr_carea' id='block_1_88' title="bbox 100 2422 929 2458">
    <p class='ocr_par' dir='ltr' id='par_1_88' title="bbox 100 2422 929 2458">
     <span class='ocr_line' id='line_1_88' title="bbox 100 2422 929 2458; baseline 0.007 -11"><span class='ocrx_word' id='word_1_628' title='bbox 100 2432 105 2435; x_wconf 86' lang='lat'><strong><em>-</em></strong></span> <span class='ocrx_word' id='word_1_629' title='bbox 147 2422 305 2449; x_wconf 73' lang='lat' dir='ltr'><strong>solitudinis</strong></span> <span class='ocrx_word' id='word_1_630' title='bbox 324 2424 509 2458; x_wconf 88' lang='lat' dir='ltr'><strong>qualicunque</strong></span> <span class='ocrx_word' id='word_1_631' title='bbox 538 2424 760 2452; x_wconf 84' lang='lat' dir='ltr'><strong>confabulatione</strong></span> <span class='ocrx_word' id='word_1_632' title='bbox 784 2426 929 2453; x_wconf 85' lang='lat' dir='ltr'><strong>solaretur.</strong></span> 
     </span>
    </p>
   </div>
   <div class='ocr_carea' id='block_1_89' title="bbox 147 2467 931 2506">
    <p class='ocr_par' dir='ltr' id='par_1_89' title="bbox 147 2467 931 2506">
     <span class='ocr_line' id='line_1_89' title="bbox 147 2467 931 2506; baseline 0.004 -11"><span class='ocrx_word' id='word_1_633' title='bbox 147 2467 344 2495; x_wconf 86' lang='lat' dir='ltr'><strong>Dominabatur</strong></span> <span class='ocrx_word' id='word_1_634' title='bbox 357 2469 384 2495; x_wconf 85' lang='lat' dir='ltr'><strong>iu</strong></span> <span class='ocrx_word' id='word_1_635' title='bbox 402 2476 433 2495; x_wconf 87' lang='lat' dir='ltr'><strong>ea</strong></span> <span class='ocrx_word' id='word_1_636' title='bbox 447 2477 527 2503; x_wconf 87' lang='lat' dir='ltr'><strong>quam</strong></span> <span class='ocrx_word' id='word_1_637' title='bbox 552 2469 607 2496; x_wconf 90' lang='lat' dir='ltr'><strong>dixi</strong></span> <span class='ocrx_word' id='word_1_638' title='bbox 625 2470 701 2497; x_wconf 88' lang='lat' dir='ltr'><strong>lacus</strong></span> <span class='ocrx_word' id='word_1_639' title='bbox 726 2470 814 2497; x_wconf 87' lang='lat' dir='ltr'><strong>insula</strong></span> <span class='ocrx_word' id='word_1_640' title='bbox 831 2473 931 2506; x_wconf 88' lang='lat' dir='ltr'><strong>conjux</strong></span> 
     </span>
    </p>
   </div>
   <div class='ocr_carea' id='block_1_90' title="bbox 148 2515 929 2551">
    <p class='ocr_par' dir='ltr' id='par_1_90' title="bbox 148 2515 929 2551">
     <span class='ocr_line' id='line_1_90' title="bbox 148 2515 929 2551; baseline 0.003 -9"><span class='ocrx_word' id='word_1_641' title='bbox 148 2515 303 2546; x_wconf 79' lang='lat' dir='ltr'><strong>testudinis,</strong></span> <span class='ocrx_word' id='word_1_642' title='bbox 319 2515 365 2549; x_wconf 92' lang='lat' dir='ltr'><strong>qui</strong></span> <span class='ocrx_word' id='word_1_643' title='bbox 379 2523 431 2541; x_wconf 86' lang='lat' dir='ltr'><strong>non</strong></span> <span class='ocrx_word' id='word_1_644' title='bbox 447 2516 531 2542; x_wconf 85' lang='lat' dir='ltr'><strong>semel</strong></span> <span class='ocrx_word' id='word_1_645' title='bbox 558 2515 673 2542; x_wconf 90' lang='lat' dir='ltr'><strong>tniratus</strong></span> <span class='ocrx_word' id='word_1_646' title='bbox 689 2516 793 2543; x_wconf 88' lang='lat' dir='ltr'><strong>tardius</strong></span> <span class='ocrx_word' id='word_1_647' title='bbox 813 2517 867 2551; x_wconf 88' lang='lat' dir='ltr'><strong>jam</strong></span> <span class='ocrx_word' id='word_1_648' title='bbox 884 2525 929 2544; x_wconf 86' lang='lat' dir='ltr'><strong>so-</strong></span> 
     </span>
    </p>
   </div>
   <div class='ocr_carea' id='block_1_91' title="bbox 146 2561 929 2596">
    <p class='ocr_par' dir='ltr' id='par_1_91' title="bbox 146 2561 929 2596">
     <span class='ocr_line' id='line_1_91' title="bbox 146 2561 929 2596; baseline 0.001 -8"><span class='ocrx_word' id='word_1_649' title='bbox 146 2561 196 2589; x_wconf 91' lang='lat' dir='ltr'><strong>lito</strong></span> <span class='ocrx_word' id='word_1_650' title='bbox 222 2563 253 2588; x_wconf 88' lang='lat' dir='ltr'><strong>ad</strong></span> <span class='ocrx_word' id='word_1_651' title='bbox 267 2569 296 2588; x_wconf 85' lang='lat' dir='ltr'><strong>se</strong></span> <span class='ocrx_word' id='word_1_652' title='bbox 313 2568 424 2588; x_wconf 80' lang='lat' dir='ltr'><strong>uxorem</strong></span> <span class='ocrx_word' id='word_1_653' title='bbox 452 2561 564 2592; x_wconf 76' lang='lat' dir='ltr'><strong>reverti,</strong></span> <span class='ocrx_word' id='word_1_654' title='bbox 580 2566 756 2596; x_wconf 86' lang='lat' dir='ltr'><strong>percontatus</strong></span> <span class='ocrx_word' id='word_1_655' title='bbox 782 2570 815 2588; x_wconf 84' lang='lat' dir='ltr'><strong>ex</strong></span> <span class='ocrx_word' id='word_1_656' title='bbox 829 2570 861 2589; x_wconf 85' lang='lat' dir='ltr'><strong>ea</strong></span> <span class='ocrx_word' id='word_1_657' title='bbox 884 2564 929 2589; x_wconf 88' lang='lat' dir='ltr'><strong>ubi</strong></span> 
     </span>
    </p>
   </div>
   <div class='ocr_carea' id='block_1_92' title="bbox 147 2606 929 2640">
    <p class='ocr_par' dir='ltr' id='par_1_92' title="bbox 147 2606 929 2640">
     <span class='ocr_line' id='line_1_92' title="bbox 147 2606 929 2640; baseline -0.001 -6"><span class='ocrx_word' id='word_1_658' title='bbox 147 2611 251 2635; x_wconf 87' lang='lat' dir='ltr'><strong>tatttttm</strong></span> <span class='ocrx_word' id='word_1_659' title='bbox 266 2610 430 2638; x_wconf 87' lang='lat' dir='ltr'><strong>moraretur,</strong></span> <span class='ocrx_word' id='word_1_660' title='bbox 443 2614 504 2640; x_wconf 67' lang='lat' dir='ltr'><strong>quae</strong></span> <span class='ocrx_word' id='word_1_661' title='bbox 517 2607 597 2632; x_wconf 89' lang='lat' dir='ltr'><strong>modo</strong></span> <span class='ocrx_word' id='word_1_662' title='bbox 610 2606 690 2633; x_wconf 89' lang='lat' dir='ltr'><strong>retttii</strong></span> <span class='ocrx_word' id='word_1_663' title='bbox 701 2606 734 2633; x_wconf 86' lang='lat' dir='ltr'><strong>de</strong></span> <span class='ocrx_word' id='word_1_664' title='bbox 749 2606 800 2633; x_wconf 88' lang='lat' dir='ltr'><strong>ﬁcu</strong></span> <span class='ocrx_word' id='word_1_665' title='bbox 811 2611 838 2633; x_wconf 91' lang='lat' dir='ltr'><strong>et</strong></span> <span class='ocrx_word' id='word_1_666' title='bbox 849 2607 929 2634; x_wconf 86' lang='lat' dir='ltr'><strong>simio</strong></span> 
     </span>
    </p>
   </div>
   <div class='ocr_carea' id='block_1_93' title="bbox 145 2651 927 2687">
    <p class='ocr_par' dir='ltr' id='par_1_93' title="bbox 145 2651 927 2687">
     <span class='ocr_line' id='line_1_93' title="bbox 145 2651 927 2687; baseline 0 -8"><span class='ocrx_word' id='word_1_667' title='bbox 145 2653 250 2680; x_wconf 86' lang='lat' dir='ltr'><strong>audivit</strong></span> <span class='ocrx_word' id='word_1_668' title='bbox 265 2653 298 2679; x_wconf 92' lang='lat' dir='ltr'><strong>ab</strong></span> <span class='ocrx_word' id='word_1_669' title='bbox 313 2652 368 2685; x_wconf 89' lang='lat' dir='ltr'><strong>illa,</strong></span> <span class='ocrx_word' id='word_1_670' title='bbox 382 2659 479 2679; x_wconf 87' lang='lat' dir='ltr'><strong>cuncta</strong></span> <span class='ocrx_word' id='word_1_671' title='bbox 496 2652 698 2687; x_wconf 78' lang='lat' dir='ltr'><strong>simplicissime</strong></span> <span class='ocrx_word' id='word_1_672' title='bbox 725 2651 838 2679; x_wconf 87' lang='lat' dir='ltr'><strong>fatente.</strong></span> <span class='ocrx_word' id='word_1_673' title='bbox 869 2653 927 2686; x_wconf 87' lang='lat' dir='ltr'><strong>Ille,</strong></span> 
     </span>
    </p>
   </div>
   <div class='ocr_carea' id='block_1_94' title="bbox 143 2698 926 2734">
    <p class='ocr_par' dir='ltr' id='par_1_94' title="bbox 143 2698 926 2734">
     <span class='ocr_line' id='line_1_94' title="bbox 143 2698 926 2734; baseline -0.001 -7"><span class='ocrx_word' id='word_1_674' title='bbox 143 2708 192 2728; x_wconf 83' lang='lat' dir='ltr'><strong>seu</strong></span> <span class='ocrx_word' id='word_1_675' title='bbox 209 2708 265 2727; x_wconf 89' lang='lat' dir='ltr'><strong>rem</strong></span> <span class='ocrx_word' id='word_1_676' title='bbox 296 2700 490 2734; x_wconf 75' lang='lat' dir='ltr'><strong>interpretatus</strong></span> <span class='ocrx_word' id='word_1_677' title='bbox 514 2698 669 2733; x_wconf 86' lang='lat' dir='ltr'><strong>sequiorem</strong></span> <span class='ocrx_word' id='word_1_678' title='bbox 688 2698 715 2725; x_wconf 92' lang='lat' dir='ltr'><strong>in</strong></span> <span class='ocrx_word' id='word_1_679' title='bbox 740 2703 860 2733; x_wconf 80' lang='lat' dir='ltr'><strong>partem,</strong></span> <span class='ocrx_word' id='word_1_680' title='bbox 879 2707 926 2726; x_wconf 87' lang='lat' dir='ltr'><strong>seu</strong></span> 
     </span>
    </p>
   </div>
   <div class='ocr_carea' id='block_1_95' title="bbox 143 2744 926 2780">
    <p class='ocr_par' dir='ltr' id='par_1_95' title="bbox 143 2744 926 2780">
     <span class='ocr_line' id='line_1_95' title="bbox 143 2744 926 2780; baseline -0.003 -7"><span class='ocrx_word' id='word_1_681' title='bbox 143 2751 296 2780; x_wconf 74' lang='lat' dir='ltr'><strong>suspectam</strong></span> <span class='ocrx_word' id='word_1_682' title='bbox 326 2746 452 2773; x_wconf 88' lang='lat' dir='ltr'><strong>viciniam</strong></span> <span class='ocrx_word' id='word_1_683' title='bbox 484 2749 610 2772; x_wconf 85' lang='lat' dir='ltr'><strong>metuens</strong></span> <span class='ocrx_word' id='word_1_684' title='bbox 640 2744 722 2771; x_wconf 86' lang='lat' dir='ltr'><strong>astuti</strong></span> <span class='ocrx_word' id='word_1_685' title='bbox 745 2745 926 2778; x_wconf 82' lang='lat' dir='ltr'><strong>veteratoris,</strong></span> 
     </span>
    </p>
   </div>
   <div class='ocr_carea' id='block_1_96' title="bbox 143 2790 926 2826">
    <p class='ocr_par' dir='ltr' id='par_1_96' title="bbox 143 2790 926 2826">
     <span class='ocr_line' id='line_1_96' title="bbox 143 2790 926 2826; baseline 0 -8"><span class='ocrx_word' id='word_1_686' title='bbox 143 2791 276 2822; x_wconf 87' lang='lat' dir='ltr'><strong>decrevit.</strong></span> <span class='ocrx_word' id='word_1_687' title='bbox 293 2793 314 2818; x_wconf 89' lang='lat' dir='ltr'><strong>si</strong></span> <span class='ocrx_word' id='word_1_688' title='bbox 331 2800 383 2825; x_wconf 89' lang='lat' dir='ltr'><strong>qua</strong></span> <span class='ocrx_word' id='word_1_689' title='bbox 399 2796 501 2826; x_wconf 81' lang='lat' dir='ltr'><strong>posset,</strong></span> <span class='ocrx_word' id='word_1_690' title='bbox 518 2790 627 2817; x_wconf 82' lang='lat' dir='ltr'><strong>simium</strong></span> <span class='ocrx_word' id='word_1_691' title='bbox 649 2790 774 2825; x_wconf 85' lang='lat' dir='ltr'><strong>perdere,</strong></span> <span class='ocrx_word' id='word_1_692' title='bbox 792 2791 926 2826; x_wconf 75' lang='lat' dir='ltr'><strong>istiusque</strong></span> 
     </span>
    </p>
   </div>
   <div class='ocr_carea' id='block_1_97' title="bbox 143 2836 925 2865">
    <p class='ocr_par' dir='ltr' id='par_1_97' title="bbox 143 2836 925 2865">
     <span class='ocr_line' id='line_1_97' title="bbox 143 2836 925 2865; baseline 0 -1"><span class='ocrx_word' id='word_1_693' title='bbox 143 2838 198 2864; x_wconf 73' lang='lat' dir='ltr'><strong>voti</strong></span> <span class='ocrx_word' id='word_1_694' title='bbox 218 2837 270 2865; x_wconf 88' lang='lat' dir='ltr'><strong>sibi</strong></span> <span class='ocrx_word' id='word_1_695' title='bbox 289 2838 451 2865; x_wconf 83' lang='lat' dir='ltr'><strong>conﬁciendi</strong></span> <span class='ocrx_word' id='word_1_696' title='bbox 478 2838 549 2865; x_wconf 87' lang='lat' dir='ltr'><strong>hanc</strong></span> <span class='ocrx_word' id='word_1_697' title='bbox 567 2838 646 2865; x_wconf 73' lang='lat' dir='ltr'><strong>iaivit</strong></span> <span class='ocrx_word' id='word_1_698' title='bbox 672 2837 820 2865; x_wconf 75' lang='lat' dir='ltr'><strong>rationem.</strong></span> <span class='ocrx_word' id='word_1_699' title='bbox 836 2836 925 2864; x_wconf 87' lang='lat' dir='ltr'><strong>Paulo</strong></span> 
     </span>
    </p>
   </div>
   <div class='ocr_carea' id='block_1_98' title="bbox 985 2241 1768 2274">
    <p class='ocr_par' dir='ltr' id='par_1_98' title="bbox 985 2241 1768 2274">
     <span class='ocr_line' id='line_1_98' title="bbox 985 2241 1768 2274; baseline 0.003 -6"><span class='ocrx_word' id='word_1_700' title='bbox 985 2242 1072 2274; x_wconf 82' lang='lat' dir='ltr'><strong>borat,</strong></span> <span class='ocrx_word' id='word_1_701' title='bbox 1086 2247 1191 2269; x_wconf 83' lang='lat' dir='ltr'><strong>certum</strong></span> <span class='ocrx_word' id='word_1_702' title='bbox 1204 2242 1262 2268; x_wconf 88' lang='lat' dir='ltr'><strong>fore</strong></span> <span class='ocrx_word' id='word_1_703' title='bbox 1277 2241 1427 2268; x_wconf 90' lang='lat' dir='ltr'><strong>remedium</strong></span> <span class='ocrx_word' id='word_1_704' title='bbox 1439 2241 1587 2268; x_wconf 78' lang='lat' dir='ltr'><strong>existimat.</strong></span> <span class='ocrx_word' id='word_1_705' title='bbox 1597 2242 1709 2273; x_wconf 86' lang='lat' dir='ltr'><strong>Simius,</strong></span> <span class='ocrx_word' id='word_1_706' title='bbox 1724 2243 1768 2270; x_wconf 85' lang='lat' dir='ltr'><strong>his</strong></span> 
     </span>
    </p>
   </div>
   <div class='ocr_carea' id='block_1_99' title="bbox 983 2287 1769 2323">
    <p class='ocr_par' dir='ltr' id='par_1_99' title="bbox 983 2287 1769 2323">
     <span class='ocr_line' id='line_1_99' title="bbox 983 2287 1769 2323; baseline 0.003 -9"><span class='ocrx_word' id='word_1_707' title='bbox 983 2288 1092 2320; x_wconf 75' lang='lat' dir='ltr'><strong>att-litis,</strong></span> <span class='ocrx_word' id='word_1_708' title='bbox 1109 2287 1182 2314; x_wconf 87' lang='lat' dir='ltr'><strong>aliud</strong></span> <span class='ocrx_word' id='word_1_709' title='bbox 1195 2289 1249 2323; x_wconf 77' lang='lat' dir='ltr'><strong>jzun</strong></span> <span class='ocrx_word' id='word_1_710' title='bbox 1266 2288 1365 2314; x_wconf 87' lang='lat' dir='ltr'><strong>malum</strong></span> <span class='ocrx_word' id='word_1_711' title='bbox 1391 2288 1501 2321; x_wconf 62' lang='lat' dir='ltr'><strong>gravius</strong></span> <span class='ocrx_word' id='word_1_712' title='bbox 1518 2288 1707 2316; x_wconf 84' lang='lat' dir='ltr'><strong>submersione</strong></span> <span class='ocrx_word' id='word_1_713' title='bbox 1734 2290 1769 2317; x_wconf 89' lang='lat' dir='ltr'><strong>ti-</strong></span> 
     </span>
    </p>
   </div>
   <div class='ocr_carea' id='block_1_100' title="bbox 983 2334 1769 2369">
    <p class='ocr_par' dir='ltr' id='par_1_100' title="bbox 983 2334 1769 2369">
     <span class='ocr_line' id='line_1_100' title="bbox 983 2334 1769 2369; baseline 0.003 -9"><span class='ocrx_word' id='word_1_714' title='bbox 983 2342 1070 2363; x_wconf 83' lang='lat' dir='ltr'><strong>mens.</strong></span> <span class='ocrx_word' id='word_1_715' title='bbox 1083 2342 1123 2365; x_wconf 90' lang='lat' dir='ltr'><strong>ac,</strong></span> <span class='ocrx_word' id='word_1_716' title='bbox 1140 2335 1212 2368; x_wconf 89' lang='lat' dir='ltr'><strong>quod</strong></span> <span class='ocrx_word' id='word_1_717' title='bbox 1238 2334 1325 2365; x_wconf 89' lang='lat' dir='ltr'><strong>aiunt,</strong></span> <span class='ocrx_word' id='word_1_718' title='bbox 1342 2334 1513 2368; x_wconf 77' lang='lat' dir='ltr'><strong>naufragium</strong></span> <span class='ocrx_word' id='word_1_719' title='bbox 1530 2334 1556 2360; x_wconf 93' lang='lat' dir='ltr'><strong>in</strong></span> <span class='ocrx_word' id='word_1_720' title='bbox 1584 2339 1677 2369; x_wconf 74' lang='lat' dir='ltr'><strong>portu,</strong></span> <span class='ocrx_word' id='word_1_721' title='bbox 1690 2340 1769 2362; x_wconf 88' lang='lat' dir='ltr'><strong>tanto</strong></span> 
     </span>
    </p>
   </div>
   <div class='ocr_carea' id='block_1_101' title="bbox 983 2379 1769 2414">
    <p class='ocr_par' dir='ltr' id='par_1_101' title="bbox 983 2379 1769 2414">
     <span class='ocr_line' id='line_1_101' title="bbox 983 2379 1769 2414; baseline 0.003 -9"><span class='ocrx_word' id='word_1_722' title='bbox 983 2379 1125 2406; x_wconf 88' lang='lat' dir='ltr'><strong>ardentius</strong></span> <span class='ocrx_word' id='word_1_723' title='bbox 1138 2379 1243 2414; x_wconf 77' lang='lat' dir='ltr'><strong>regredi</strong></span> <span class='ocrx_word' id='word_1_724' title='bbox 1261 2379 1382 2413; x_wconf 87' lang='lat' dir='ltr'><strong>optabat.</strong></span> <span class='ocrx_word' id='word_1_725' title='bbox 1409 2379 1503 2413; x_wconf 87' lang='lat' dir='ltr'><strong>itaque</strong></span> <span class='ocrx_word' id='word_1_726' title='bbox 1528 2380 1659 2406; x_wconf 81' lang='lat' dir='ltr'><strong>testudini</strong></span> <span class='ocrx_word' id='word_1_727' title='bbox 1685 2388 1769 2414; x_wconf 84' lang='lat' dir='ltr'><strong>repo—</strong></span> 
     </span>
    </p>
   </div>
   <div class='ocr_carea' id='block_1_102' title="bbox 983 2424 1770 2459">
    <p class='ocr_par' dir='ltr' id='par_1_102' title="bbox 983 2424 1770 2459">
     <span class='ocr_line' id='line_1_102' title="bbox 983 2424 1770 2459; baseline 0 -7"><span class='ocrx_word' id='word_1_728' title='bbox 983 2425 1036 2452; x_wconf 78' lang='lat' dir='ltr'><strong>Suit</strong></span> <span class='ocrx_word' id='word_1_729' title='bbox 1051 2434 1058 2451; x_wconf 71' lang='grc' dir='ltr'><strong><em>τ</em></strong></span> <span class='ocrx_word' id='word_1_730' title='bbox 1075 2425 1103 2452; x_wconf 91' lang='lat' dir='ltr'><strong>Si</strong></span> <span class='ocrx_word' id='word_1_731' title='bbox 1122 2425 1173 2451; x_wconf 91' lang='lat' dir='ltr'><strong>hoc</strong></span> <span class='ocrx_word' id='word_1_732' title='bbox 1185 2425 1296 2459; x_wconf 88' lang='lat' dir='ltr'><strong>quidem</strong></span> <span class='ocrx_word' id='word_1_733' title='bbox 1310 2429 1351 2451; x_wconf 89' lang='lat' dir='ltr'><strong>est</strong></span> <span class='ocrx_word' id='word_1_734' title='bbox 1371 2429 1400 2450; x_wconf 89' lang='lat' dir='ltr'><strong>ut</strong></span> <span class='ocrx_word' id='word_1_735' title='bbox 1412 2424 1491 2455; x_wconf 78' lang='lat' dir='ltr'><strong>dicis.</strong></span> <span class='ocrx_word' id='word_1_736' title='bbox 1511 2424 1696 2452; x_wconf 80' lang='lat' dir='ltr'><strong>reﬂectcudus</strong></span> <span class='ocrx_word' id='word_1_737' title='bbox 1722 2433 1770 2452; x_wconf 89' lang='lat' dir='ltr'><strong>nc-</strong></span> 
     </span>
    </p>
   </div>
   <div class='ocr_carea' id='block_1_103' title="bbox 981 2471 1768 2503">
    <p class='ocr_par' dir='ltr' id='par_1_103' title="bbox 981 2471 1768 2503">
     <span class='ocr_line' id='line_1_103' title="bbox 981 2471 1768 2503; baseline 0 -6"><span class='ocrx_word' id='word_1_738' title='bbox 981 2471 1101 2497; x_wconf 80' lang='lat' dir='ltr'><strong>cessario</strong></span> <span class='ocrx_word' id='word_1_739' title='bbox 1113 2479 1209 2497; x_wconf 80' lang='lat' dir='ltr'><strong>cursus</strong></span> <span class='ocrx_word' id='word_1_740' title='bbox 1222 2475 1274 2502; x_wconf 86' lang='lat' dir='ltr'><strong>est,</strong></span> <span class='ocrx_word' id='word_1_741' title='bbox 1293 2478 1355 2496; x_wconf 88' lang='lat' dir='ltr'><strong>nam</strong></span> <span class='ocrx_word' id='word_1_742' title='bbox 1368 2478 1416 2496; x_wconf 84' lang='lat' dir='ltr'><strong>cor</strong></span> <span class='ocrx_word' id='word_1_743' title='bbox 1428 2478 1518 2497; x_wconf 83' lang='lat' dir='ltr'><strong>meum</strong></span> <span class='ocrx_word' id='word_1_744' title='bbox 1537 2471 1581 2497; x_wconf 87' lang='lat' dir='ltr'><strong>hic</strong></span> <span class='ocrx_word' id='word_1_745' title='bbox 1597 2479 1650 2497; x_wconf 90' lang='lat' dir='ltr'><strong>non</strong></span> <span class='ocrx_word' id='word_1_746' title='bbox 1668 2471 1768 2503; x_wconf 80' lang='lat' dir='ltr'><strong>habeo,</strong></span> 
     </span>
    </p>
   </div>
   <div class='ocr_carea' id='block_1_104' title="bbox 981 2516 1770 2550">
    <p class='ocr_par' dir='ltr' id='par_1_104' title="bbox 981 2516 1770 2550">
     <span class='ocr_line' id='line_1_104' title="bbox 981 2516 1770 2550; baseline 0 -7"><span class='ocrx_word' id='word_1_747' title='bbox 981 2517 1077 2544; x_wconf 74' lang='lat' dir='ltr'><strong>solitus</strong></span> <span class='ocrx_word' id='word_1_748' title='bbox 1088 2517 1155 2543; x_wconf 90' lang='lat' dir='ltr'><strong>illud</strong></span> <span class='ocrx_word' id='word_1_749' title='bbox 1170 2516 1242 2543; x_wconf 86' lang='lat' dir='ltr'><strong>domi</strong></span> <span class='ocrx_word' id='word_1_750' title='bbox 1259 2516 1413 2550; x_wconf 80' lang='lat' dir='ltr'><strong>relinquere</strong></span> <span class='ocrx_word' id='word_1_751' title='bbox 1425 2523 1487 2543; x_wconf 88' lang='lat' dir='ltr'><strong>cum</strong></span> <span class='ocrx_word' id='word_1_752' title='bbox 1502 2516 1594 2550; x_wconf 88' lang='lat' dir='ltr'><strong>aliquo</strong></span> <span class='ocrx_word' id='word_1_753' title='bbox 1607 2516 1770 2550; x_wconf 81' lang='lat' dir='ltr'><strong>proﬁciscor</strong></span> 
     </span>
    </p>
   </div>
   <div class='ocr_carea' id='block_1_105' title="bbox 980 2562 1769 2597">
    <p class='ocr_par' dir='ltr' id='par_1_105' title="bbox 980 2562 1769 2597">
     <span class='ocr_line' id='line_1_105' title="bbox 980 2562 1769 2597; baseline 0.001 -8"><span class='ocrx_word' id='word_1_754' title='bbox 980 2563 1063 2589; x_wconf 84' lang='lat' dir='ltr'><strong>animi</strong></span> <span class='ocrx_word' id='word_1_755' title='bbox 1087 2564 1183 2597; x_wconf 78' lang='lat' dir='ltr'><strong>gratia.</strong></span> <span class='ocrx_word' id='word_1_756' title='bbox 1211 2562 1319 2595; x_wconf 83' lang='lat' dir='ltr'><strong>Quare,</strong></span> <span class='ocrx_word' id='word_1_757' title='bbox 1349 2563 1370 2589; x_wconf 87' lang='lat' dir='ltr'><strong>si</strong></span> <span class='ocrx_word' id='word_1_758' title='bbox 1393 2562 1442 2589; x_wconf 91' lang='lat' dir='ltr'><strong>tibi</strong></span> <span class='ocrx_word' id='word_1_759' title='bbox 1467 2563 1597 2593; x_wconf 87' lang='lat' dir='ltr'><strong>videtur,</strong></span> <span class='ocrx_word' id='word_1_760' title='bbox 1627 2563 1698 2589; x_wconf 83' lang='lat' dir='ltr'><strong>refer</strong></span> <span class='ocrx_word' id='word_1_761' title='bbox 1723 2571 1769 2590; x_wconf 75' lang='lat' dir='ltr'><strong>me</strong></span> 
     </span>
    </p>
   </div>
   <div class='ocr_carea' id='block_1_106' title="bbox 980 2609 1767 2644">
    <p class='ocr_par' dir='ltr' id='par_1_106' title="bbox 980 2609 1767 2644">
     <span class='ocr_line' id='line_1_106' title="bbox 980 2609 1767 2644; baseline 0 -8"><span class='ocrx_word' id='word_1_762' title='bbox 980 2612 1110 2637; x_wconf 88' lang='lat' dir='ltr'><strong>continuo</strong></span> <span class='ocrx_word' id='word_1_763' title='bbox 1125 2610 1157 2637; x_wconf 85' lang='lat' dir='ltr'><strong>ad</strong></span> <span class='ocrx_word' id='word_1_764' title='bbox 1173 2611 1248 2637; x_wconf 86' lang='lat' dir='ltr'><strong>littus</strong></span> <span class='ocrx_word' id='word_1_765' title='bbox 1261 2611 1332 2637; x_wconf 89' lang='lat' dir='ltr'><strong>unde</strong></span> <span class='ocrx_word' id='word_1_766' title='bbox 1348 2610 1494 2639; x_wconf 86' lang='lat' dir='ltr'><strong>solvimus.</strong></span> <span class='ocrx_word' id='word_1_767' title='bbox 1512 2615 1539 2637; x_wconf 87' lang='lat' dir='ltr'><strong>et</strong></span> <span class='ocrx_word' id='word_1_768' title='bbox 1552 2609 1588 2636; x_wconf 90' lang='lat' dir='ltr'><strong>ibi</strong></span> <span class='ocrx_word' id='word_1_769' title='bbox 1608 2617 1650 2636; x_wconf 89' lang='lat' dir='ltr'><strong>tne</strong></span> <span class='ocrx_word' id='word_1_770' title='bbox 1668 2616 1767 2644; x_wconf 76' lang='lat' dir='ltr'><strong>exspe-</strong></span> 
     </span>
    </p>
   </div>
   <div class='ocr_carea' id='block_1_107' title="bbox 979 2655 1767 2689">
    <p class='ocr_par' dir='ltr' id='par_1_107' title="bbox 979 2655 1767 2689">
     <span class='ocr_line' id='line_1_107' title="bbox 979 2655 1767 2689; baseline -0.001 -6"><span class='ocrx_word' id='word_1_771' title='bbox 979 2660 1023 2683; x_wconf 85' lang='lat' dir='ltr'><strong>cta</strong></span> <span class='ocrx_word' id='word_1_772' title='bbox 1041 2664 1048 2687; x_wconf 87' lang='lat'><strong>;</strong></span> <span class='ocrx_word' id='word_1_773' title='bbox 1072 2655 1210 2682; x_wconf 69' lang='lat' dir='ltr'><strong>curriculo</strong></span> <span class='ocrx_word' id='word_1_774' title='bbox 1242 2655 1315 2682; x_wconf 90' lang='lat' dir='ltr'><strong>enitn</strong></span> <span class='ocrx_word' id='word_1_775' title='bbox 1339 2656 1371 2682; x_wconf 90' lang='lat' dir='ltr'><strong>ad</strong></span> <span class='ocrx_word' id='word_1_776' title='bbox 1392 2655 1473 2682; x_wconf 88' lang='lat' dir='ltr'><strong>licutn</strong></span> <span class='ocrx_word' id='word_1_777' title='bbox 1502 2663 1624 2689; x_wconf 69' lang='lat' dir='ltr'><strong>pergam,</strong></span> <span class='ocrx_word' id='word_1_778' title='bbox 1640 2659 1667 2681; x_wconf 90' lang='lat' dir='ltr'><strong>et</strong></span> <span class='ocrx_word' id='word_1_779' title='bbox 1682 2655 1767 2682; x_wconf 70' lang='lat' dir='ltr'><strong>corda</strong></span> 
     </span>
    </p>
   </div>
   <div class='ocr_carea' id='block_1_108' title="bbox 979 2700 1766 2736">
    <p class='ocr_par' dir='ltr' id='par_1_108' title="bbox 979 2700 1766 2736">
     <span class='ocr_line' id='line_1_108' title="bbox 979 2700 1766 2736; baseline 0 -8"><span class='ocrx_word' id='word_1_780' title='bbox 979 2710 1086 2729; x_wconf 85' lang='lat' dir='ltr'><strong>mecum</strong></span> <span class='ocrx_word' id='word_1_781' title='bbox 1136 2707 1246 2736; x_wconf 89' lang='lat' dir='ltr'><strong>sumpto</strong></span> <span class='ocrx_word' id='word_1_782' title='bbox 1285 2701 1377 2728; x_wconf 79' lang='lat' dir='ltr'><strong>statim</strong></span> <span class='ocrx_word' id='word_1_783' title='bbox 1419 2701 1503 2728; x_wconf 86' lang='lat' dir='ltr'><strong>adero</strong></span> <span class='ocrx_word' id='word_1_784' title='bbox 1541 2700 1642 2727; x_wconf 78' lang='lat' dir='ltr'><strong>iterum</strong></span> <span class='ocrx_word' id='word_1_785' title='bbox 1681 2701 1766 2735; x_wconf 81' lang='lat' dir='ltr'><strong>traje—</strong></span> 
     </span>
    </p>
   </div>
   <div class='ocr_carea' id='block_1_109' title="bbox 978 2747 1766 2777">
    <p class='ocr_par' dir='ltr' id='par_1_109' title="bbox 978 2747 1766 2777">
     <span class='ocr_line' id='line_1_109' title="bbox 978 2747 1766 2777; baseline -0.004 -2"><span class='ocrx_word' id='word_1_786' title='bbox 978 2753 1082 2776; x_wconf 88' lang='lat' dir='ltr'><strong>cturus.</strong></span> <span class='ocrx_word' id='word_1_787' title='bbox 1105 2747 1234 2774; x_wconf 71' lang='lat' dir='ltr'><strong>Pro;.avit</strong></span> <span class='ocrx_word' id='word_1_788' title='bbox 1259 2747 1404 2774; x_wconf 88' lang='lat' dir='ltr'><strong>consiliqu</strong></span> <span class='ocrx_word' id='word_1_789' title='bbox 1434 2747 1488 2773; x_wconf 88' lang='lat' dir='ltr'><strong>doli</strong></span> <span class='ocrx_word' id='word_1_790' title='bbox 1512 2747 1606 2773; x_wconf 84' lang='lat' dir='ltr'><strong>nescia</strong></span> <span class='ocrx_word' id='word_1_791' title='bbox 1633 2747 1766 2777; x_wconf 73' lang='lat' dir='ltr'><strong>testudo,</strong></span> 
     </span>
    </p>
   </div>
   <div class='ocr_carea' id='block_1_110' title="bbox 978 2793 1767 2829">
    <p class='ocr_par' dir='ltr' id='par_1_110' title="bbox 978 2793 1767 2829">
     <span class='ocr_line' id='line_1_110' title="bbox 978 2793 1767 2829; baseline -0.003 -8"><span class='ocrx_word' id='word_1_792' title='bbox 978 2795 1178 2829; x_wconf 80' lang='lat' dir='ltr'><strong>remigiumque</strong></span> <span class='ocrx_word' id='word_1_793' title='bbox 1200 2793 1326 2821; x_wconf 89' lang='lat' dir='ltr'><strong>inhibens</strong></span> <span class='ocrx_word' id='word_1_794' title='bbox 1349 2801 1380 2820; x_wconf 85' lang='lat' dir='ltr'><strong>ac</strong></span> <span class='ocrx_word' id='word_1_795' title='bbox 1395 2801 1502 2827; x_wconf 88' lang='lat' dir='ltr'><strong>proram</strong></span> <span class='ocrx_word' id='word_1_796' title='bbox 1530 2799 1638 2820; x_wconf 84' lang='lat' dir='ltr'><strong>vertens</strong></span> <span class='ocrx_word' id='word_1_797' title='bbox 1651 2814 1658 2824; x_wconf 87' lang='lat'><strong>,</strong></span> <span class='ocrx_word' id='word_1_798' title='bbox 1678 2794 1767 2827; x_wconf 73' lang='lat' dir='ltr'><strong>rip-um</strong></span> 
     </span>
    </p>
   </div>
   <div class='ocr_carea' id='block_1_111' title="bbox 978 2838 1764 2874">
    <p class='ocr_par' dir='ltr' id='par_1_111' title="bbox 978 2838 1764 2874">
     <span class='ocr_line' id='line_1_111' title="bbox 978 2838 1764 2874; baseline -0.001 -7"><span class='ocrx_word' id='word_1_799' title='bbox 978 2839 1051 2867; x_wconf 85' lang='lat' dir='ltr'><strong>unde</strong></span> <span class='ocrx_word' id='word_1_800' title='bbox 1078 2844 1189 2867; x_wconf 87' lang='lat' dir='ltr'><strong>venerat</strong></span> <span class='ocrx_word' id='word_1_801' title='bbox 1206 2838 1327 2874; x_wconf 72' lang='lat' dir='ltr'><strong>repetiit,</strong></span> <span class='ocrx_word' id='word_1_802' title='bbox 1344 2838 1685 2873; x_wconf 81' lang='lat' dir='ltr'><strong>expositumque&#39;simium</strong></span> <span class='ocrx_word' id='word_1_803' title='bbox 1714 2839 1764 2866; x_wconf 85' lang='lat' dir='ltr'><strong>ad-</strong></span> 
     </span>
    </p>
   </div>
  </div>
