1913 3068
139 115 210 148 1319

844 110 1049 141 APPENDIX.

1707 105 1783 137 I320

140 171 247 199 momtit
272 175 302 198 ut
329 172 478 196 maturaret
502 171 612 201 smnpto
639 174 732 193 aecum
768 167 851 194 corde
874 167 922 194 ibi-
943 173 960 200 Α
977 167 1110 194 Annuens
1136 165 1230 192 asinus
1260 163 1344 191 vastis
1370 164 1484 192 auribus
1516 164 1549 190 ad
1578 164 1683 194 omnia.
1721 172 1782 191 non

141 217 203 244 dem
234 223 263 243 se
291 214 399 246 sistere,
427 212 473 239 ubi
502 219 565 238 eutn
591 211 778 246 opperituram
796 219 824 238 se
842 219 926 246 spon-

141 264 235 292 debat.

177 310 209 337 ll.
228 310 260 335 At
282 308 390 339 simius,
408 307 484 342 gravi
505 314 534 333 se
551 306 712 333 defunctum
731 305 856 340 periculo
868 313 930 340 gra-

141 357 245 387 tulans,
265 354 329 381 ﬁcui
347 362 377 381 se
394 361 449 381 sua:
468 352 648 387 cupidissime
667 351 802 383 reddidit;
818 351 929 386 illicqne

142 402 286 428 stultitiam
300 408 376 427 suam
397 399 541 430 damnans,
558 399 618 425 dira
635 397 687 425 sibi
713 397 928 432 imprecabatur,

141 450 164 476 si
180 455 298 482 unquatn
313 446 436 480 cujusvis
451 444 582 479 precibus
606 443 670 470 inde
690 450 720 470 se
742 443 836 474 avelli,
860 450 930 476 pra:-

142 493 237 520 scrtim
257 493 430 526 inexplorato
445 499 500 524 quo
523 490 615 516 iturus
630 494 701 516 esset
718 488 791 519 loco,
813 487 928 515 sineret.

141 539 228 566 Porro
248 536 369 568 testudo,
389 541 535 571 postquam
554 534 635 568 longo
654 538 842 567 exspectasset
859 537 929 559 tem-

142 592 220 620 pore.
245 590 336 610 moras
360 583 536 616 increpatura
567 579 689 614 perrexit
715 579 767 606 sub
791 579 931 608 arborem.

142 631 279 664 simioqne
305 628 478 655 familiariter
496 631 605 656 vocato.
632 625 654 652 0
679 630 715 655 te.
734 626 783 658 ait,
804 625 929 653 tarduml

141 677 246 705 dudum
273 675 415 710 traiecisse
446 675 472 700 in
503 673 620 700 insulam
653 676 824 707 oportuerat.
860 672 930 699 Tum

143 725 244 751 simius
257 721 387 749 irridens.
404 719 426 747 0
446 720 528 750 bona,
552 719 653 752 inquit,
674 725 721 745 cor
739 725 839 748 mcum,
858 722 932 752 post-

141 777 223 804 quam
239 767 305 795 illud
321 767 364 793 hic
381 765 481 800 reperi,
495 765 623 799 navigare
640 771 683 791 me
708 763 828 797 amplius
841 767 930 789 vetat:

141 823 227 850 quare
239 815 299 841 viro
321 818 368 840 Ι.υο
381 819 482 839 ωηεεο
495 811 605 838 nunties
619 818 652 837 ne
663 818 691 837 SC
704 817 802 836 ιιιειεετι
814 815 822 835 1.
835 816 933 843 exspe-

983 212 1116 239 dubitavit
1125 211 1206 238 etiam
1216 211 1339 245 proxime
1347 218 1387 238 ac;
1397 211 1478 237 edere
1487 210 1605 242 leonem,
1615 210 1661 244 qui
1669 216 1784 244 ungues

983 259 1010 286 iu
1024 266 1086 286 eum
1113 258 1226 294 injicere
1247 262 1373 289 conatus,
1392 258 1517 292 arripere
1535 257 1608 292 quod
1628 257 1776 291 captabat,

983 304 1081 331 morbo
1104 307 1245 338 gravante.
1263 311 1318 329 non
1335 296 1436 337 potuit.
1455 302 1535 330 Unde
1555 302 1650 328 asinus
1667 302 1780 335 impetu

985 350 1030 377 illo
1054 349 1167 376 territus
1183 348 1339 383 aufugiens,
1353 348 1440 375 multo
1451 347 1576 375 cucurrit
1590 348 1779 377 externalius,

984 395 1031 423 ubi
1049 396 1132 423 etiam
1161 395 1252 422 hausit
1280 394 1394 421 auribus
1408 393 1458 420 feri
1478 394 1597 428 praedam
1625 394 1677 420 sibi
1704 394 1780 428 eripi

985 444 1104 471 dolentis
1119 443 1284 470 iracundum
1309 442 1441 476 rugitum.
1458 442 1515 469 Sub
1530 442 1588 469 haec
1608 442 1653 469 leo
1674 442 1779 468 iterum

978 489 1017 517 .ad
1033 489 1154 523 vulpem,
1166 488 1334 518 Excidimus.
1348 487 1449 522 inquit.
1462 492 1558 514 nostra
1569 495 1629 521 spe,
1650 487 1781 521 abiitque

986 535 1012 561 in
1029 534 1138 561 irritum
1155 534 1261 569 primus
1275 534 1321 561 hic
1337 539 1464 560 conatus.
1485 533 1538 561 Sed
1555 534 1629 560 mille
1642 534 1689 560 tibi
1702 539 1781 560 artes

985 580 1121 608 suadendl
1146 583 1221 612 sunt,
1250 587 1300 607 nec
1327 579 1445 614 despero
1462 580 1529 614 quin
1551 580 1574 607 si
1599 580 1667 607 velis
1690 587 1781 614 queas

986 626 1113 653 hebetem
1137 626 1216 653 istam
1241 625 1374 660 pecudem
1392 626 1491 653 iterum
1513 626 1617 653 fallere.
1634 626 1778 660 Experire.

985 679 1045 705 age,
1062 679 1123 698 nam
1139 671 1189 697 nisi
1203 676 1314 698 strenue
1330 671 1454 706 adjuvas,
1470 673 1584 699 morior.
1602 671 1777 698 l’roiinciam

987 717 1102 744 mandas
1113 716 1263 746 difﬁcilem.
1278 717 1401 751 reposuit
1412 717 1523 752 vulpes;
1539 723 1629 744 tamen
1640 721 1669 743 ut
1681 717 1778 743 omnia

985 768 1012 789 et
1031 763 1093 789 volo
1113 767 1140 789 et
1157 762 1244 790 debeo
1263 762 1311 788 tibi
1334 762 1462 797 obsequi,
1480 770 1539 789 rem
1570 767 1653 797 prout
1676 767 1779 797 potero

986 809 1108 836 tentabo.
1126 809 1167 835 Ab
1183 809 1226 835 his
1243 810 1336 836 statim
1361 809 1430 835 redit
1445 809 1542 843 vulpes
1554 809 1587 836 ad
1607 810 1714 836 asinum
1726 829 1733 838 .
1750 814 1781 835 et

142 861 262 888 ctatione
281 859 334 885 mei
356 867 362 884 :
378 865 432 884 non
446 857 520 884 enim
537 856 619 882 modo
636 859 714 882 vacat
726 855 815 889 ipsum
828 854 928 886 visere,
947 852 968 880 Β
983 856 1065 888 Quid
1082 855 1130 882 libi
1151 857 1202 887 vis,
1223 855 1323 890 inquit,
1346 855 1397 882 isto
1415 860 1504 886 metu,
1529 857 1580 882 ista
1602 855 1685 889 fuga?
1705 854 1780 887 Quid

141 911 170 934 et
188 904 290 939 alioqui
304 895 446 938 aegrotanti
463 901 562 928 medici
572 908 653 935 qttam
667 900 740 926 simii
755 899 931 933 cxpetibilior

142 952 278 979 adventus
293 955 344 977 est.
357 949 508 983 Suggerunt
529 947 612 974 etiam
630 946 679 973 tibi
695 946 932 972 nat-ratiunculam

143 1006 197 1033 qua
218 998 281 1031 eius
303 996 383 1023 ttedia
405 994 562 1030 languentis
583 993 742 1020 demulceas
759 1002 765 1019 :
785 992 933 1027 Egrotans

142 1046 169 1072 in
191 1043 259 1071 silva
278 1043 322 1070 leo
336 1042 415 1076 \‘ttlpe
433 1041 559 1068 ministra
583 1039 723 1067 utebatur,
744 1038 932 1066 Observabam

142 1097 194 1123 ego
222 1095 282 1119 eos,
309 1086 506 1118 inobservatus
527 1092 561 1112 ex
587 1084 686 1111 arbore
709 1083 876 1118 propinqua,
905 1086 934 1110 ct

141 1136 251 1162 leonem
266 1131 507 1160 audividicentem
526 1130 602 1165 vulpi
623 1138 630 1156 ε
646 1130 757 1157 Memini
781 1129 848 1156 mihi
866 1128 932 1156 olim

142 1180 176 1207 ab
188 1179 293 1215 optimo
307 1177 416 1205 medico
429 1176 585 1212 pra-scribi,
599 1181 628 1203 ut
643 1176 664 1203 si
678 1175 777 1202 iterum
787 1183 820 1202 eo
834 1175 933 1201 morbo

142 1226 296 1252 laborarem
319 1231 375 1259 quo
392 1227 457 1250 tunc
476 1230 589 1257 quoque
605 1221 742 1254 tentabar,
766 1221 813 1248 illo
826 1229 870 1248 me
886 1228 935 1247 cu-

142 1276 232 1303 rante,
246 1278 294 1298 cor
313 1275 341 1297 et
355 1277 453 1297 aurem
473 1269 542 1295 asini
560 1275 696 1299 vorarem,
719 1267 816 1295 melius
830 1267 934 1299 statim,

144 1318 270 1344 antidoto
288 1317 345 1348 tali,
362 1316 506 1342 valituros.
526 1314 583 1342 Cur
594 1322 688 1342 cessas
702 1314 795 1349 igitur,
813 1320 864 1340 nec
879 1312 935 1339 cito

145 1364 211 1391 mhi
225 1363 354 1390 alicunde
370 1362 479 1389 asinum
493 1361 568 1388 sistis
589 1361 662 1388 unde
677 1360 741 1387 mali
757 1368 813 1395 quo
835 1360 936 1386 misere

143 1409 296 1437 discrucior
321 1407 474 1435 remedium
491 1414 598 1434 sumam
612 1407 623 1433 ?
639 1406 765 1434 Profecta
789 1405 882 1433 subito
897 1404 933 1432 ad

142 1456 247 1490 jussam
262 1453 494 1488 perquisitionem
511 1453 621 1487 vulpes,
638 1459 694 1479 non
723 1452 803 1486 longe
817 1451 874 1478 illic
886 1458 935 1486 pa-

143 1505 266 1528 scentem
284 1498 398 1525 asellum
421 1497 500 1528 vidit,
515 1504 636 1531 eumque
659 1497 765 1528 adit-ns,
795 1497 880 1528 Heus,
910 1500 936 1523 te

144 1547 246 1582 ipsum,
261 1545 362 1579 inquit,
385 1543 552 1578 qua-rebam.
570 1543 660 1570 Habes
675 1551 731 1570 non
752 1542 848 1577 procul
870 1542 935 1569 hinc

145 1594 258 1620 fratrem
275 1593 422 1626 quemdam
437 1595 526 1621 tuum,
547 1590 594 1624 qui
611 1594 636 1617 te
651 1589 729 1624 cupit
741 1589 862 1624 alloqui;
888 1597 935 1621 ne,

145 1644 249 1671 quaeso,
266 1635 389 1670 graveris
405 1634 438 1661 ad
459 1643 522 1662 cum
542 1639 567 1662 te
585 1633 722 1666 conferre,
742 1634 840 1661 ducam
859 1639 935 1661 recta

146 1690 197 1709 nec
210 1682 321 1717 longum
335 1682 388 1708 iter
403 1685 454 1708 est.
471 1681 575 1708 Annuit
597 1680 712 1708 credula
733 1680 832 1713 bestia,
850 1688 936 1716 seque

147 1729 174 1754 in
193 1727 263 1754 viam
284 1727 347 1754 dat.
365 1726 416 1754 Cui
441 1726 531 1753 obiter
552 1726 690 1754 comitans
709 1726 817 1761 vulpes,
842 1727 881 1754 Ne
910 1733 938 1754 te

145 1774 306 1805 conturbet,
327 1774 376 1804 ait,
394 1773 469 1807 quod
493 1773 580 1800 frater
596 1772 641 1800 hic
667 1777 732 1799 tuus
749 1773 899 1807 aliquando
922 1779 937 1800 a

147 1825 174 1847 te
189 1819 299 1854 tuisque
327 1820 452 1852 coenatis
482 1819 599 1846 diversa».
623 1818 718 1846 forma:
737 1823 781 1845 est
805 1827 812 1845 :
839 1818 938 1853 pellem

148 1874 199 1901 pro
212 1870 335 1900 tempore
349 1865 439 1892 induit
451 1865 543 1897 aliam,
556 1873 605 1892 nec
620 1865 721 1892 vestitu
735 1872 831 1892 omnes
842 1864 939 1892 eodem

149 1912 189 1939 uti
204 1920 314 1946 semper
326 1916 457 1946 possunt,
481 1919 531 1938 nec
549 1914 658 1946 tegmen
674 1910 799 1937 exterius
814 1911 942 1940 immutat

146 1959 280 1985 animum.
292 1957 353 1985 llaec
367 1957 422 1985 illis
435 1957 612 1992 loquentibus
623 1959 750 1992 apparuit
765 1958 861 1992 procul
877 1958 933 1989 leo,

145 2009 174 2031 et
192 2003 288 2039 vulpes
302 2011 364 2030 cum
388 2009 466 2038 gestu
487 2007 516 2030 et
536 2003 617 2030 oculo
631 2003 792 2038 designans,
812 2003 863 2030 Hic
879 2008 931 2035 est,

147 2050 248 2085 inquit,
264 2049 322 2085 ipse
335 2049 369 2077 ad
384 2057 466 2085 quem
488 2049 640 2084 pergimus,
666 2049 712 2084 qui
735 2053 760 2077 te
783 2049 933 2077 desiderat.

986 901 1080 928 times?
1101 906 1219 928 conatus
1243 901 1300 941 ille,
1316 908 1371 936 quo
1385 908 1416 928 es
1431 903 1590 933 exterritus,
1609 901 1678 928 nihil
1699 901 1779 928 aliud

983 955 1064 982 quam
1077 947 1172 974 fratris
1183 951 1243 974 erat
1255 947 1374 982 impetus
1385 948 1517 982 amplecti
1530 953 1556 974 te
1569 955 1669 982 magno
1681 954 1781 975 atnore

983 993 1132 1029 cupientis.
1146 993 1278 1021 Pluribus
1292 1002 1362 1027 opus
1381 1001 1436 1021 non
1447 994 1499 1021 fuit
1511 994 1544 1021 ad
1560 994 1780 1029 permovendum

983 1040 1126 1074 stupidum
1140 1039 1256 1070 animal.
1270 1044 1301 1067 ut
1311 1040 1445 1067 continuo
1454 1039 1487 1067 ad
1504 1040 1595 1067 locum
1608 1040 1682 1067 unde
1695 1040 1782 1066 modo

984 1087 1028 1113 vix
1045 1087 1138 1113 salvus
1153 1085 1309 1120 aufugerat,
1329 1086 1403 1113 ultro
1421 1090 1622 1113 reverteretur.
1646 1086 1709 1118 lvit,
1726 1086 1779 1113 ad-

985 1132 1071 1160 movit
1091 1137 1152 1159 seSe
1170 1131 1242 1158 leoni
1264 1136 1319 1158 tam
1333 1138 1430 1166 prope,
1452 1136 1483 1157 ut
1496 1130 1544 1158 ille
1557 1131 1685 1165 quamvis
1700 1131 1774 1159 infir-

985 1185 1047 1205 mus
1059 1177 1139 1204 facile
1155 1176 1233 1203 illum
1251 1184 1342 1212 ungue
1356 1181 1514 1211 correptum
1527 1177 1611 1204 dente
1622 1178 1779 1213 jugularct.

985 1222 1117 1252 Occisum
1134 1222 1234 1249 deinde
1252 1223 1326 1258 vulpi
1343 1223 1467 1254 tradidit,
1480 1223 1615 1250 mandans
1631 1231 1713 1250 aures
1723 1224 1780 1250 sibi

986 1278 1017 1296 ac
1027 1277 1075 1296 cor
1085 1277 1118 1296 ex
1130 1269 1263 1296 cadavere
1288 1269 1409 1304 prazcidi,
1423 1277 1604 1304 seorsumque
1621 1270 1726 1301 afferri,
1743 1275 1778 1297 ut

986 1316 1148 1350 praascripto
1166 1315 1265 1342 medici
1288 1316 1505 1351 obtemperaret.
1522 1317 1618 1343 Astuta
1632 1316 1780 1350 vulpecula

987 1368 1099 1390 mortuo
1120 1363 1199 1390 asino
1222 1368 1300 1390 extra
1325 1363 1414 1390 leonis
1434 1368 1626 1398 conspectum,
1644 1364 1724 1398 quasi
1744 1364 1782 1391 ad

986 1408 1191 1443 exsequendum
1215 1409 1359 1444 imperata,
1388 1413 1485 1439 tracto.
1510 1410 1617 1437 decisas
1641 1418 1724 1437 aures
1751 1415 1781 1436 et

987 1455 1112 1482 avulsum
1128 1463 1143 1482 e
1159 1460 1271 1490 pectore
1285 1463 1333 1482 cor
1344 1455 1402 1491 ipsa
1414 1456 1587 1490 prazvoravit.
1600 1464 1690 1491 eoque
1704 1456 1783 1484 facto

988 1502 1021 1528 ad
1037 1501 1146 1529 le-mem
1160 1508 1318 1533 recurrens,
1335 1501 1400 1528 Mira
1420 1508 1474 1533 res,
1488 1503 1537 1534 ait,
1555 1502 1612 1530 han:
1625 1503 1711 1530 bestia
1730 1511 1783 1531 ιιι-ε

989 1554 1036 1573 eor
1055 1553 1106 1573 nec
1130 1553 1213 1573 aures
1238 1547 1335 1574 habet:
1356 1547 1429 1581 quod
1446 1555 1602 1582 quanquam
1628 1557 1702 1575 mmc
1717 1557 1782 1576 sero

989 1591 1234 1626 deprehendimus,
1249 1597 1340 1618 tamen
1352 1593 1485 1627 suspicari
1496 1594 1551 1629 jam
1564 1600 1643 1621 antra
1657 1595 1780 1622 licebat:

989 1644 1128 1671 nunquam
1143 1638 1228 1669 enim,
1244 1638 1266 1664 si
1288 1645 1336 1665 cor
1350 1643 1379 1665 et
1393 1646 1475 1666 aures
1490 1639 1644 1672 habuisset,
1661 1649 1782 1675 persua-

989 1683 1114 1714 deretur,
1145 1691 1208 1710 eum
1239 1684 1318 1719 cujus
1352 1685 1406 1712 vim
1430 1690 1504 1713 esset
1531 1690 1674 1721 expertus,
1702 1689 1783 1722 cujus

990 1729 1121 1757 infestum
1138 1731 1258 1765 rugitum
1273 1731 1409 1763 audisset,
1421 1731 1534 1759 fratrem
1552 1733 1603 1759 sibi
1620 1740 1681 1760 esse
1698 1735 1783 1761 bene-

987 1777 1091 1804 volum.
1107 1777 1146 1804 Ex
1175 1777 1226 1804 hac
1241 1777 1341 1804 fabella
1364 1778 1512 1812 intelliges,
1532 1785 1548 1805 ο
1570 1779 1691 1812 testudo,
1710 1780 1782 1808 stul-

989 1824 1087 1850 tiorem
1102 1831 1146 1850 me
1168 1823 1246 1850 asino
1269 1823 1394 1850 futurum
1411 1824 1434 1850 si
1459 1832 1503 1852 me
1518 1825 1567 1852 tibi
1581 1826 1616 1852 ad
1633 1827 1782 1854 macellqu

989 1869 1116 1896 invitanti
1139 1869 1294 1897 crederem.
1311 1870 1362 1901 Ita,
1378 1870 1501 1903 domine,
1527 1872 1566 1898 ait
1579 1872 1637 1906 regi
1661 1879 1784 1907 gymno-

990 1915 1112 1950 sophista
1129 1922 1286 1942 sermonem
1303 1916 1462 1949 absolvens,
1478 1918 1526 1952 qui
1547 1919 1724 1945 occasionem
1742 1919 1784 1946 rei

989 1966 1089 1996 optatae
1100 1961 1279 1989 conﬁcienda:
1290 1962 1375 1989 semel
1385 1963 1505 1990 oblatam
1517 1963 1588 1991 elabi
1602 1964 1654 1992 sibi
1668 1964 1783 1999 patiun-

989 2011 1044 2039 tur,
1060 2007 1162 2034 frustra
1178 2007 1278 2034 deinde
1295 2007 1323 2034 in
1339 2008 1493 2036 revocanda
1510 2008 1557 2036 illa
1575 2014 1714 2045 satagunt.

667 2151 861 2182 DISSERTA
868 2152 936 2182 TIO
949 2151 1202 2183 PARABOLICA
1218 2153 1272 2182 VI.

147 2212 302 2245 Ludibrio
319 2212 451 2252 exponit
464 2212 771 2252 pra’festinationem
786 2214 917 2283 ogiosam
932 2212 1111 2283 longinlqua'
1122 2218 1150 2244 et
1175 2214 1297 2244 incerta
1315 2216 1602 2254 prwoccupantt'um
1613 2224 1784 2257 praesonu-

660 2258 661 2262 ‘
822 2263 858 2283 us
870 2261 954 2283 curta
966 2262 1035 2283 amo
1052 2259 1120 2283 em.

660 2258 661 2262 ‘
803 2258 858 2283 Dus
870 2261 954 2283 curta
966 2258 1120 2292 amplecti.

184 2316 271 2350 Quam
286 2323 399 2348 vanum,
417 2315 532 2343 stultum
551 2320 579 2343 et
596 2317 734 2344 interdum
755 2318 867 2344 noxium
886 2318 932 2350 sit,
949 2320 971 2346 Ι)
986 2326 1065 2345 suum
1083 2317 1230 2352 quemdam
1247 2322 1276 2345 et
1292 2318 1399 2354 vulgari
1422 2319 1507 2347 altius
1523 2321 1606 2348 modo
1626 2322 1783 2358 sapientem

147 2363 336 2397 praefestinarc
361 2362 443 2394 votis,
460 2366 488 2389 et
504 2362 577 2389 inani
593 2362 777 2390 destinatione
791 2364 936 2391 imminere

148 2408 325 2435 successibus
342 2407 421 2442 longe
445 2407 534 2434 adhuc
551 2408 577 2434 in
600 2407 723 2435 futurum
739 2409 934 2443 pendentibus.

148 2460 181 2480 ac
204 2460 252 2479 eos
272 2460 319 2486 spe
342 2452 495 2486 impatienti
521 2453 682 2488 prtccipcre,
710 2453 861 2480 declaravit
885 2454 936 2481 ali-

150 2499 260 2533 quando
276 2499 318 2525 his
335 2499 467 2533 exemplis
493 2500 718 2534 gymnosophista
739 2501 796 2534 regi
817 2500 933 2527 Abessa-

149 2545 234 2576 lomo,
251 2544 344 2570 doceri
371 2544 405 2570 de
431 2544 481 2572 hoc
496 2545 556 2579 ipso
582 2546 745 2580 postulanti,
771 2545 887 2580 loquens
906 2545 934 2572 in

151 2590 223 2618 hunc
236 2591 360 2616 modum:
720 2620 724 2623 _

185 2637 204 2662 l.
227 2637 271 2662 \‘ir
301 2636 412 2670 quidam
441 2635 539 2670 pucllze
566 2635 619 2663 sibi
643 2636 718 2670 paris
739 2637 793 2662 ritu
815 2633 936 2671 legitimo

148 2683 306 2717 coniugium
324 2682 616 2716 ambiens,impetrato
628 2683 686 2718 jam
702 2682 736 2708 ad
753 2682 778 2709 id
790 2688 935 2717 parentutn

148 2729 264 2763 virginis
292 2736 416 2759 assensu,
443 2729 510 2756 dum
536 2736 612 2756 sacra
641 2729 775 2763 nuptialia
794 2735 934 2763 rarantnr,

150 2775 272 2802 nondum
285 2775 453 2810 conscriptis
465 2775 718 2802 matrimonialibus
734 2775 845 2808 tabulis,
859 2777 936 2810 cupi-

149 2822 202 2849 dus
223 2822 378 2848 ostentandi
405 2821 505 2849 futura:
532 2823 609 2850 ux::ri
629 2822 772 2857 prmidutn
798 2823 934 2856 exquisite

990 2363 1126 2395 animum,
1142 2370 1272 2397 sponsam
1286 2363 1383 2391 adiens
1394 2365 1434 2392 sic
1447 2373 1508 2392 eam
1522 2365 1609 2393 fertur
1623 2368 1763 2396 allocutus
1776 2379 1783 2396 ε

990 2410 1028 2436 Ex
1042 2415 1138 2436 nostro
1153 2410 1282 2445 coniugio
1297 2410 1345 2445 qui
1359 2411 1465 2446 primus
1478 2418 1607 2440 nascetur
1626 2413 1709 2445 filius,
1725 2416 1783 2447 jam

989 2463 1064 2482 nunc
1081 2456 1128 2490 qui
1152 2456 1247 2483 vocari
1265 2456 1335 2483 velis
1354 2464 1387 2483 ex
1410 2463 1440 2485 te
1463 2459 1536 2485 scire
1561 2460 1653 2494 cupio.
1676 2461 1784 2494 Quibus

988 2502 1089 2536 pannis
1103 2509 1130 2529 et
1141 2503 1220 2537 cujus
1233 2503 1334 2531 coloris
1348 2508 1424 2531 veste
1448 2505 1487 2531 uti
1499 2513 1562 2532 cunt
1577 2508 1666 2538 malis,
1677 2516 1783 2542 qua-so,

988 2548 1090 2580 indica,
1103 2549 1306 2583 quamprimum
1315 2551 1388 2577 enim
1398 2552 1517 2585 parabo;
1536 2554 1688 2580 conducant
1699 2557 1782 2582 ctiam

985 2594 1041 2628 jam
1060 2594 1111 2629 ipsi
1125 2595 1297 2629 nutricium;
1316 2601 1419 2623 etcum
1433 2597 1492 2624 ludi
1507 2599 1637 2632 magistro
1647 2599 1692 2626 cui
1706 2607 1783 2626 com-

989 2642 1142 2668 mittendas
1162 2646 1204 2668 est
1220 2643 1382 2678 transigam.
1405 2643 1476 2670 Huic
1494 2644 1557 2671 talia
1577 2646 1649 2672 serio
1668 2645 1784 2681 nuganti

989 2687 1061 2721 haud
1071 2688 1153 2722 paulo
1167 2688 1308 2716 cordatior
1325 2690 1425 2717 mulier
1437 2698 1445 2716 :
1456 2690 1521 2717 Mihi
1535 2691 1653 2721 νιάετίε,
1668 2699 1782 2726 sponse,

989 2734 1088 2768 inquit,
1112 2735 1198 2761 nostri
1220 2735 1362 2770 cujusdam
1379 2735 1485 2768 famuli,
1505 2738 1676 2772 egentissimi
1693 2738 1783 2766 homi-

992 2780 1044 2812 nis,
1060 2779 1158 2807 similis
1176 2780 1227 2807 ista
1245 2781 1318 2808 inani
1335 2782 1494 2813 provisione
1508 2783 1590 2811 nintis
1610 2789 1783 2811 remotarum

989 2830 1016 2853 ct
1032 2826 1138 2854 incerto
1160 2831 1260 2854 eventu
1285 2827 1466 2861 pendentium
1486 2837 1591 2857 rerum.
1612 2829 1647 2861 Is,
1673 2830 1785 2858 diuinis
