1913 3068
155 127 219 161 131

599 132 791 163 SPECIMEN
808 133 1023 164 SAPIENTHL
1041 136 1224 166 INDUllUM
1244 138 1323 169 VET.

1709 141 1776 174 1322

151 187 328 214 mercedibus
353 188 443 216 mellis
474 197 505 217 ac
533 189 625 226 butyri
652 199 706 218 nott
734 199 832 226 magna
858 192 1049 227 copiaApem
1071 197 1098 220 et
1116 195 1202 221 multa
1240 200 1393 230 gementem
1427 201 1567 226 momento
1602 199 1775 230 destitueret.

149 232 276 264 collecta,
302 233 412 261 duobus
437 234 488 262 ista
508 235 581 262 vasis
597 243 612 262 e
634 241 704 263 terra
728 237 819 264 coctili
839 235 935 264 condi-

150 277 246 309 derat;
271 282 340 304 mox‘
357 287 450 306 secum
469 280 506 307 ita
521 281 691 308 ratiocinans
715 286 793 308 nocte
816 281 934 316 quadam

149 323 260 349 dicebat
287 333 293 350 :
319 323 369 350 Mel
395 332 446 359 ego
467 325 540 352 istttd
567 333 598 353 ac
625 326 756 361 butyrum
775 327 932 361 quindecim

149 369 292 396 minitnum
320 371 435 398 vendam
456 371 596 405 denariis;
620 380 654 400 ex
666 373 710 400 his
725 373 820 400 decem
835 381 933 408 capras

147 421 249 447 emant;
263 415 303 442 113‘.
312 415 379 442 mihi
392 416 488 450 quittto
501 424 594 444 mense
608 417 721 444 totidem
733 417 800 444 alias
810 418 932 452 parient;

147 460 271 494 quinque
297 461 377 488 annis
394 469 504 496 gregem
523 469 668 497 caprarum
695 463 775 490 facile
800 464 932 498 quadrin-

146 509 292 539 getttarum
309 506 475 540 confecero;
494 508 543 535 has
567 513 739 536 contmutare
760 513 826 536 tmte
843 510 934 544 placet

145 559 208 576 cum
236 551 324 578 bobus
349 558 471 586 centum,
501 554 603 588 quibus
625 555 745 582 exarabo
771 555 826 582 vim
853 561 932 583 terra:

147 603 284 629 tuaguam.
299 603 327 624 et
343 606 489 625 numerum
507 599 591 626 tritici
609 601 757 627 maximum
772 608 929 636 congeram.

145 640 185 666 Ex
203 640 337 670 fructibus
361 642 436 670 hisce
454 644 644 679 quinquennio
666 646 864 681 multiplicatis,
884 655 932 682 pc-

144 685 234 712 cunia:
256 686 364 714 scilicet
382 691 476 715 tantus
489 689 604 717 exsistet
629 690 739 723 modus,
756 696 785 718 ut
805 692 884 720 facile
902 693 930 720 itt

144 729 369 765 locupletissimis
385 740 524 761 numerer.
540 734 660 762 Accedet
677 736 727 763 dos
740 738 834 764 uxoris
849 746 929 772 quam

144 774 204 801 istis
221 776 321 810 opibus
346 776 510 805 ditissimant
528 779 684 807 nanciscar.
708 781 842 809 Nascetur
863 784 929 810 tnihi

144 820 216 846 ﬁlius
225 829 306 855 quem
317 822 372 857 jam
389 831 462 850 ttunc
475 823 595 851 decerno
606 826 750 854 nominare
763 827 928 863 Pancalum;

1024 238 1134 266 Il.Post
1163 239 1221 267 haec
1250 241 1291 267 vir
1321 241 1368 269 ille
1387 243 1529 277 nuptialia
1556 246 1664 280 peregit
1685 254 1774 285 sacra,

989 290 1138 319 menseque
1166 285 1274 312 decinto
1298 286 1401 314 Lucina
1431 288 1541 317 favente
1572 292 1665 319 uxoris
1695 299 1773 328 partu

989 333 1068 364 pater
1086 329 1177 358 factus
1191 335 1243 359 est.
1256 332 1304 360 Die
1318 333 1435 367 quadam
1451 336 1562 370 negotio
1587 343 1702 373 urgente
1715 340 1775 367 exi~

988 379 1050 403 tura
1079 381 1166 404 mater
1191 378 1225 405 ad
1255 379 1384 413 vicinam,
1403 381 1493 409 virum
1525 385 1642 419 rogavit,
1659 390 1689 413 ut
1712 391 1774 414 tan.

988 420 1073 455 tisper
1085 421 1151 449 dum
1171 423 1285 456 rediret,
1297 424 1441 460 invigilare
1454 434 1488 454 ne
1501 433 1663 462 gravaretur
1676 431 1774 459 infanti

986 467 1086 502 sopito.
1104 468 1151 496 ille
1164 477 1227 496 cura
1244 476 1371 506 suscepta
1384 473 1558 508 negligenter
1569 475 1694 510 functus,
1708 478 1773 505 dum

986 512 1040 540 alia
1057 514 1181 547 cogitans
1191 522 1253 544 ante
1267 517 1426 546 cubiculum
1438 519 1602 556 inambulat,
1616 530 1731 558 serpens
1741 526 1774 552 ad

986 560 1242 596 cunasadrepebat,
1257 569 1434 599 peremptura
1445 573 1574 600 puerum,
1586 569 1640 595 nisi
1652 570 1773 605 nympha

985 605 1145 639 conspicata
1174 607 1382 636 inscettdentem
1417 611 1473 646 jam
1508 612 1638 641 lectulum
1677 617 1773 650 pupuli

983 650 1102 684 jacentis
1118 653 1299 685 saevissimum
1315 655 1462 683 colubrum
1486 657 1595 686 irruens
1614 661 1772 690 occidisset.

984 697 1086 724 Audito
1113 704 1190 733 pater
1215 701 1334 735 quodam
1364 702 1438 729 intra
1459 704 1619 733 cubiculum
1644 708 1772 743 strepitu.

983 749 1047 769 cum
1074 743 1149 772 fores
1176 746 1340 780 aperuisset,
1362 748 1431 776 vidit
1457 750 1600 779 victricem
1623 755 1773 789 nympham

984 787 1063 823 hydri
1075 797 1155 824 quem
1172 798 1319 819 necaverat
1336 794 1474 827 pcrfusattt
1494 798 1640 832 sanguine,
1655 803 1773 828 temere-

984 841 1038 868 que
1047 835 1175 869 judicans
1188 838 1316 865 nocuisse
1327 839 1400 866 illam
1413 849 1510 875 puero,
1521 843 1614 870 statim
1624 852 1774 873 accurretts

993 865 999 868 _
1047 865 1055 869 _
1350 865 1353 866 ,
1378 865 1773 875 ,,,rw",_..........-......c...

144 865 218 891 hunc
248 866 374 895 educabo
402 868 610 902 liberalissime,
642 876 672 898 ut
695 873 832 901 nobilium
863 876 931 906 nulli
948 880 967 906 Β
983 878 1132 907 interfecit.
1157 880 1227 908 Tum
1245 890 1397 912 conversus
1412 886 1446 913 ad
1465 894 1562 921 cunas,
1583 889 1629 916 ubi
1646 891 1773 925 proxime

145 911 277 925 ηιιιιιιηκιηι
291 921 296 925 -
316 913 360 925 η..Ξ
375 914 395 925 μζ
426 915 451 925 ..l
464 914 470 925 Β
491 923 499 925 _
515 916 521 925 Ι
533 916 562 925 νΙγ
622 917 639 925 ἰ
685 923 690 925 >
709 918 714 924 ⁸
882 921 887 925 ⁸
985 923 989 925 ⁸

143 911 297 944 concedat;
315 913 360 947 qui
374 914 407 942 si.
426 914 471 941 ubi
488 916 652 950 adoleverit,
663 923 693 945 ut
706 918 838 953 juventus
849 921 929 953 solet,

143 963 333 985 contumacem
352 967 381 987 se
395 954 463 988 mihi
484 962 616 996 praebeat,
631 963 703 992 haud
716 965 929 1002 feretimpune',

144 1003 243 1030 baculo
258 1006 331 1031 ettitn
349 1006 401 1033 hoc
433 1007 509 1034 illunt
529 1009 580 1036 hoc
598 1010 681 1038 modo
696 1011 804 1039 feriant.
830 1013 931 1049 Arrep-

143 1053 200 1075 tuttt
219 1050 290 1076 inter
312 1051 370 1079 hinc
393 1052 544 1081 dicenduttt
564 1055 637 1083 lecto
658 1058 779 1085 vicinum
802 1059 928 1087 baculum

142 1102 191 1127 per
207 1096 335 1123 tenebras
354 1098 477 1132 jac-tavit,
501 1108 623 1135 easuque
644 1103 787 1131 incurrens
813 1105 840 1132 in
857 1106 929 1133 dolia

142 1140 232 1166 mellis
246 1145 273 1166 et
292 1141 383 1177 butyri
400 1143 477 1177 juxta
497 1145 596 1178 posita,
616 1146 751 1181 confregit
769 1152 928 1183 utrumque,

141 1183 180 1211 ita
195 1190 220 1210 ul
240 1185 267 1212 in
289 1186 349 1221 ejus
375 1188 459 1215 etiam
486 1196 516 1216 os
533 1190 700 1226 barbamque
719 1193 799 1219 stilla:
815 1194 929 1228 liquoris

141 1230 311 1263 prosilircnt,
327 1238 425 1260 caetera
443 1234 529 1262 effusa
550 1240 579 1262 et
595 1237 674 1264 mista
691 1239 797 1272 pulveri
815 1248 928 1273 prorsus

139 1282 397 1311 corrumperentur,
414 1287 446 1306 ac
463 1280 670 1309 fundamentum
689 1284 745 1318 spei
766 1290 845 1313 ιειιηίυ
863 1286 924 1313 i-to-

984 923 1202 959 ipsasjacentetn
1225 935 1366 956 ntertuum
1380 933 1524 966 conspexit
1536 934 1694 968 colubrum,
1710 945 1773 966 sero

983 970 1120 999 intellexit
1132 973 1203 999 mala
1214 981 1244 1001 se
1258 977 1386 1004 mercede
1402 985 1593 1008 remunerasse
1605 981 1771 1012 beneﬁcium

983 1015 1110 1049 nympha:
1125 1017 1169 1044 cui
1188 1018 1304 1046 salutem
1320 1021 1368 1048 lilii
1382 1021 1520 1054 debebat:
1539 1030 1567 1053 et
1581 1026 1726 1057 festinasse
1740 1038 1771 1057 se

983 1060 1131 1093 pmniteus,
1146 1062 1228 1090 etiam
1244 1063 1329 1097 ﬂevit,
1347 1068 1545 1100 przevolantem
1558 1078 1650 1105 suum,
1661 1077 1691 1100 et
1704 1073 1771 1102 dum

980 1105 1140 1141 longinquis
1157 1108 1257 1142 itthiat,
1272 1113 1418 1144 praesentia
1437 1121 1493 1142 non
1509 1121 1679 1151 cernentem,
1697 1120 1771 1147 serio

980 1153 1184 1181 cmendattdum
1214 1155 1368 1185 decernens
1398 1160 1532 1189 animum.
1566 1163 1631 1191 Haec
1659 1165 1771 1194 locutus

979 1199 1217 1233 gyllInOsthiSl'a,
1233 1203 1351 1236 quaesito
1370 1206 1442 1242 regis
1456 1207 1624 1238 satisfecisse
1639 1217 1669 1239 se
1688 1218 1771 1247 putas

980 1244 1030 1275 vit,
1044 1244 1091 1271 illo
1102 1253 1212 1280 quoque
1225 1255 1375 1279 annuente.

651 1411 916 1443 DISSEBTATIO
942 1415 1193 1448 PARABOLICA
1214 1419 1280 1450 VH.

140 1477 202 1508 Pro
219 1486 310 1516 scopo
328 1477 419 1508 habet
436 1480 597 1511 ostendere
613 1488 763 1521 quantum
778 1494 862 1515 tutor
876 1487 1014 1525 prudens
1032 1493 1061 1519 et
1078 1490 1159 1528 ﬁdus
1177 1501 1213 1522 ac
1227 1494 1352 1532 sapiens
1373 1497 1575 1532 consiliarius
1592 1503 1683 1534 utiles
1698 1513 1766 1545 regi

331 1518 394 1545 sint
409 1518 451 1545 ad
469 1523 686 1545 nrmnnrpndne
701 1523 834 1545 incf/line
853 1535 949 1545 νοηωη
966 1537 1001 1545 ι..
1018 1530 1114 1545 unum:
1133 1531 1197 1545 ,ξυμ
1216 1535 1319 1545 sum}.
1331 1536 1336 1541 -
1424 1542 1429 1545 .
1520 1543 1523 1545 .

1004 1518 1007 1519 ν
1051 1518 1056 1519 γ
1092 1518 1155 1521 νηην
1179 1518 1210 1522 -ν
1227 1518 1260 1522 μιν.
1287 1518 1351 1526 ννιιυ
1373 1518 1515 1530 υνιισυιιιι
1527 1518 1567 1532 lui

331 1518 394 1548 sint
409 1518 451 1548 ad
465 1518 686 1558 prwcacendas
701 1523 834 1554 insidias
853 1518 949 1565 regno
965 1537 1001 1558 ac
1016 1518 1114 1568 capiti
1130 1531 1197 1570 ejus
1213 1518 1384 1571 perlniciem
1402 1542 1567 1572 struentes.

173 1588 275 1616 Vocato
292 1589 392 1619 deinde
408 1592 453 1620 die
481 1595 600 1629 quadam
620 1599 852 1633 gymnosophistae
877 1609 923 1628 rex
939 1609 959 1637 ο
978 1602 1108 1637 improbi,

136 1633 308 1667 Abessalom,
325 1637 459 1672 Magnam,
475 1640 575 1675 inquit,
587 1650 602 1669 a
617 1647 642 1670 te
655 1644 736 1671 hodie
751 1652 807 1673 rem
820 1654 921 1680 quaero,

136 1681 204 1707 mihi
231 1685 412 1711 necessariam
431 1685 458 1712 in
483 1688 588 1721 primis,
608 1689 710 1723 quibus
728 1691 834 1718 artibus
850 1699 924 1718 assc-

134 1730 234 1758 quatur
253 1735 300 1754 rex
329 1734 359 1756 ut
381 1729 481 1757 domus
502 1732 562 1766 ejus
589 1734 787 1767 tranquillitate
810 1743 841 1761 ac
857 1744 923 1770 pace

134 1771 242 1798 fruatur
254 1772 435 1801 inconcussa?
448 1776 544 1810 plusne
559 1778 591 1804 ad
604 1778 631 1804 id
644 1779 768 1806 conferat
779 1781 921 1814 patientia,

133 1823 167 1842 an
186 1817 252 1843 recti
272 1821 383 1846 conscia
406 1828 497 1855 mens,
521 1830 556 1850 an
578 1823 698 1859 denique
720 1825 841 1853 liberalis
865 1828 920 1854 lar-

133 1860 217 1894 gillo?

171 1906 190 1932 Ι.
203 1907 243 1934 Ad
255 1908 312 1935 ltazc
323 1911 550 1946 gymnosophista
562 1913 601 1940 sic
612 1916 756 1949 respundit
770 1926 776 1944 :
789 1918 920 1947 Pacatula:

131 1957 159 1978 et
172 1951 197 1978 in
212 1960 278 1986 pace
289 1957 487 1984 conservanda:
496 1957 590 1986 domui
601 1960 787 1990 efficacissima
798 1965 919 1992 omnium

132 2006 177 2024 res
203 2004 245 2027 est
277 2001 424 2035 prudentia
454 2004 605 2033 tolerantiae
628 2008 786 2042 conjuncta,
818 2011 919 2048 deinde

131 2045 296 2078 sapientium
320 2055 475 2082 opportuna
500 2051 626 2084 consilia,
656 2060 794 2087 postremo
815 2058 918 2091 Optima

131 2096 155 2116 et
171 2092 425 2122 causideratisSinta
438 2097 657 2126 materfamilias.
672 2099 734 2128 [huc
743 2103 834 2129 omnia
845 2106 917 2132 vt-lut

132 2135 156 2161 in
172 2138 284 2169 speculo
300 2140 374 2168 clare
390 2149 505 2169 cernere
522 2143 615 2172 licebit
632 2145 658 2172 in
673 2154 706 2172 eo
720 2149 792 2182 quod
806 2150 915 2177 cuidqu

130 2179 258 2208 Indorum
278 2185 334 2219 regi
353 2187 481 2222 contigit.
502 2188 530 2215 Id
554 2195 647 2217 autent
666 2196 708 2218 est
728 2193 884 2227 huiusmodi
906 2204 913 2222 :

130 2226 202 2252 Vidit
219 2228 263 2254 ille
285 2237 331 2257 rex
348 2239 401 2259 una
425 2239 505 2261 nocte
529 2241 591 2262 octo
608 2238 714 2264 soutttia
735 2240 865 2271 terrifica,
888 2246 914 2268 ct

127 2274 309 2302 conturbatus
325 2277 414 2310 valde,
432 2280 479 2306 ubi
493 2282 661 2315 evigilasset,
677 2290 814 2318 quotquot
836 2293 914 2314 erant

127 2317 154 2342 in
169 2319 235 2345 urbe
249 2325 305 2347 tum
322 2324 393 2356 regia
412 2326 593 2354 bracltmztuas
608 2331 780 2361 convocavit,
799 2338 913 2360 cuncta-

125 2371 179 2396 que
202 2366 235 2391 tis
251 2366 410 2401 singillatim
438 2374 581 2406 proposuit
599 2374 745 2408 insomnia,
763 2379 828 2412 quid
846 2387 912 2413 pur-

126 2409 272 2438 tenderent
291 2415 452 2448 exquirens.
473 2417 515 2449 Hi,
532 2420 661 2446 omnibus
678 2426 782 2450 attente
797 2425 909 2458 auditis,

126 2457 338 2491 responderunt,
358 2467 454 2496 magna
470 2468 495 2488 et
513 2464 582 2490 mit't
599 2466 748 2499 significari
766 2469 830 2496 visis
845 2470 910 2504 illis,

123 2501 170 2526 sed
192 2502 294 2535 quibus
313 2509 341 2531 et
363 2511 458 2534 exacte
476 2509 668 2539 discernendis
687 2518 715 2540 et
736 2520 811 2542 certo
826 2524 910 2543 enar—

124 2545 216 2571 rattdis
234 2547 322 2579 spatio
337 2554 411 2577 esset
430 2558 499 2585 opus
516 2560 548 2579 ac
566 2555 677 2588 studio;
702 2557 858 2593 indulgeret
873 2561 907 2587 ad

122 2590 309 2618 meditandum
334 2601 437 2621 moram
461 2597 568 2625 dierum
587 2605 702 2634 septem,
723 2590 793 2637 post.
804 2605 909 2633 hebdo-

121 2635 228 2662 madem
252 2637 391 2666 redituros
408 2648 438 2667 se
452 2645 480 2667 et
501 2642 551 2676 ipsi
567 2635 741 2679 exposituros
765 2653 822 2676 tunt
839 2652 906 2685 qttid

120 2681 291 2709 malorumet
304 2691 436 2718 quantum
451 2687 508 2714 hate
520 2694 629 2718 ostenta
651 2693 833 2730 minarentur,
851 2702 908 2725 tum

118 2727 185 2760 quid
195 2728 227 2755 iis
235 2732 453 2760 avcrruncandis
464 2737 649 2764 necessariunt
657 2737 731 2766 factu
738 2741 907 2779 judicarent.

118 2770 292 2800 Assentiente
309 2775 335 2802 in
354 2775 410 2804 lucc
428 2785 501 2813 rege,
520 2779 626 2809 dimissi
641 2783 824 2814 bracltmancs
840 2777 907 2816 con-

118 2824 217 2845 venere
243 2819 268 2844 in
289 2828 418 2849 arcanum
435 2829 548 2857 emtum,
573 2828 630 2860 ubi,
655 2834 684 2857 ut
706 2839 802 2861 cmucs
826 2839 905 2862 erant

259 2865 391 2898 l‘.tTttot..
408 2871 463 2901 UB.
482 2872 593 2903 CXLIII

1132 1605 1211 1634 facile
1226 1608 1356 1637 coierunt
1376 1611 1404 1639 in
1420 1615 1585 1643 sententiant
1610 1618 1766 1647 sceleratis-

975 1647 1084 1675 simam.
1112 1649 1173 1677 llatc
1194 1653 1268 1680 enim
1284 1654 1336 1682 fuit
1349 1663 1445 1684 eorum
1459 1660 1547 1687 oratio
1564 1670 1570 1688 :
1585 1661 1644 1689 Rex
1659 1663 1704 1691 hic
1721 1665 1763 1691 in-

976 1701 1106 1722 numeros
1131 1703 1234 1725 nostrae
1257 1704 1339 1727 secta:
1363 1709 1396 1728 ac
1421 1705 1542 1733 nominis
1567 1709 1662 1741 paucis
1688 1716 1763 1738 retro

974 1740 1054 1766 attttis
1073 1741 1229 1775 interfecit,
1248 1745 1399 1775 ulciscendi
1415 1750 1475 1784 ejus
1493 1759 1527 1778 en
1552 1753 1624 1780 Deus
1638 1757 1762 1784 occasio-

974 1791 1036 1810 nent
1053 1786 1134 1813 nobis
1153 1787 1244 1822 offert,
1260 1797 1312 1824 qua
1326 1800 1440 1826 sperare
1455 1797 1672 1827 commodiorem
1688 1809 1760 1828 nun-

973 1837 1056 1863 quam
1069 1839 1216 1866 possumus
1235 1843 1241 1862 :
1261 1837 1420 1872 arripienda
1439 1848 1471 1868 ea
1489 1846 1540 1876 est,
1556 1843 1681 1880 nihilque
1697 1855 1760 1882 par-

972 1876 1091 1904 cendum
1107 1880 1255 1913 quominus
1274 1889 1307 1909 ea
1325 1888 1436 1913 ulatttur
1452 1887 1486 1914 ad
1511 1896 1593 1923 quam
1614 1892 1759 1921 maximam

972 1921 999 1947 in
1020 1922 1079 1957 ejus
1107 1931 1190 1959 caput
1205 1930 1396 1957 accersendam
1415 1933 1578 1966 perniciem.
1598 1936 1656 1965 Hoc
1677 1939 1760 1974 igitur

971 1969 1199 2002 respondebimus
1216 1976 1345 2003 concordi
1367 1977 1474 2011 judicio
1492 1988 1497 2006 :
1517 1981 1663 2017 Postquam
1680 1969 1760 2013 scru-

971 2011 1019 2038 tati
1046 2014 1154 2042 scilicet
1180 2016 1266 2046 libros
1296 2028 1411 2049 arcanus
1439 2031 1546 2058 sumus,
1576 2029 1759 2059 consideratis

969 2059 1177 2089 accuratissime
1192 2065 1331 2098 omnibus,
1360 2067 1432 2095 clare
1457 2071 1602 2104 providere
1619 2081 1679 2106 nos,
1703 2075 1757 2103 im-

969 2112 1090 2132 mensam
1104 2110 1249 2141 quamdam
1269 2111 1388 2139 cladium
1403 2121 1434 2141 ac
1449 2116 1634 2146 calamitatum
1650 2121 1703 2148 vim
1716 2123 1756 2150 ira

968 2158 1035 2183 mox.
1053 2154 1133 2179 deum
1167 2155 1192 2181 in
1221 2163 1311 2190 regem
1343 2159 1554 2195 devolvendam,
1580 2165 1633 2193 nisi
1656 2169 1756 2203 exiguo

967 2196 1041 2228 quod
1063 2204 1189 2232 superest
1210 2205 1333 2236 tempore
1358 2206 1474 2238 piaculis
1490 2207 1594 2235 idoneis
1610 2218 1757 2245 printer-tat

967 2240 1155 2271 imminentem
1176 2251 1289 2279 pestem,
1305 2249 1444 2285 cloatque,
1456 2253 1557 2286 quibus
1577 2257 1647 2284 male
1663 2260 1755 2293 petire

932 2290 953 2316 ι)
967 2289 1111 2320 meruerit,
1125 2291 1243 2324 St'Ciut‘a;
1258 2293 1395 2322 horrenda
1408 2298 1518 2331 quidem
1534 2300 1609 2328 dictu
1623 2311 1682 2330 esse
1693 2314 1754 2339 qua:

967 2331 1001 2358 ab
1017 2342 1050 2360 eo
1061 2334 1098 2361 dii
1110 2337 1232 2371 exigant,
1242 2339 1289 2366 sed
1300 2348 1440 2376 nunquam
1453 2345 1535 2372 nimis
1551 2355 1677 2383 maguum
1692 2352 1752 2379 vine

965 2385 998 2404 ac
1017 2380 1115 2408 salutis
1132 2382 1218 2410 videri
1238 2386 1356 2419 pretium
1373 2389 1473 2417 debere
1494 2400 1500 2417 :
1519 2392 1570 2420 hac
1583 2395 1639 2422 sola
1653 2397 1749 2424 condi-

965 2423 1039 2451 tione
1057 2427 1222 2455 incolumem
1236 2430 1311 2457 illunt
1337 2441 1450 2468 rogitare
1463 2436 1594 2473 deinceps
1615 2449 1703 2475 posse,
1728 2446 1749 2470 si

965 2471 1102 2504 propriant
1125 2481 1250 2508 uxorem,
1266 2477 1288 2504 si
1306 2478 1391 2506 filiuni
1411 2489 1443 2508 ex
1460 2490 1491 2510 ea
1513 2490 1617 2519 natum,
1631 2488 1654 2514 si
1666 2490 1751 2523 privi-

963 2523 1057 2550 gnum.
1075 2519 1202 2548 mulieris
1216 2523 1339 2557 ejusdem
1358 2533 1390 2552 ex
1408 2528 1492 2561 priori
1516 2530 1576 2558 viro
1594 2533 1697 2566 lilium,
1727 2537 1750 2564 si

961 2569 1024 2588 cum
1045 2562 1079 2590 iis
1099 2565 1253 2601 principem
1277 2570 1345 2605 regii
1361 2577 1473 2602 senatus
1487 2579 1516 2602 et
1529 2580 1749 2610 protonotariuut

960 2606 1139 2643 interfecerit,
1164 2612 1187 2639 si
1210 2618 1344 2648 praeterea
1365 2619 1561 2649 sacrificaverit
1575 2623 1749 2659 elephantem

960 2653 1053 2681 album
1076 2663 1132 2690 quo
1148 2658 1209 2686 vehi
1240 2663 1443 2698 consuevisset,
1467 2674 1586 2702 ettmque
1611 2669 1658 2698 illo
1680 2672 1750 2700 duos

959 2699 1028 2727 alios
1052 2708 1086 2728 ex
1114 2707 1172 2731 toto
1199 2706 1338 2739 regiorum
1358 2718 1472 2739 numero
1500 2714 1644 2747 maximos,
1667 2719 1748 2745 simul

957 2746 1040 2773 etiam
1063 2755 1166 2783 equum
1189 2756 1218 2779 et
1237 2754 1386 2783 camelum.
1415 2757 1517 2785 liorunt
1543 2762 1666 2789 ontniutn
1693 2769 1749 2792 tam

957 2790 1101 2821 hominum
1131 2803 1214 2830 quam
1241 2800 1377 2834 pecudum
1401 2803 1589 2839 jugulatorum
1621 2817 1749 2837 cruorem

954 2837 1054 2872 phialis
1068 2841 1203 2872 inclusum
1223 2845 1288 2874 dare
1304 2847 1331 2875 in
1351 2856 1447 2879 manus
1466 2861 1556 2888 regem
1574 2855 1626 2884 sibi
1644 2856 1745 2884 brach-

1471 2897 1510 2929 42
