1913 3068
151 100 220 131 1323

858 103 1053 135 APPENDIX

1706 117 1780 150 133i

144 155 274 183 manibus
287 153 400 187 debere,
414 152 474 180 illas
488 160 518 180 se
534 153 640 188 phialas
667 153 875 182 introducturos
908 155 935 182 in
952 159 973 186 Α
987 165 1080 192 regem
1102 160 1251 189 monebant
1263 183 1271 196 ,
1285 170 1465 199 componeret
1482 167 1605 196 animum
1618 169 1652 197 ad
1670 178 1777 205 paren-

143 200 225 234 adyta
243 197 427 230 sanctissima,
454 198 548 232 ibique
568 198 667 225 ritibus
688 199 773 225 sacris
788 206 819 226 ac
833 199 934 226 carmi—

144 246 241 277 nibus,
268 252 329 279 quae
351 243 385 271 ad
409 243 583 278 expiationes
604 243 725 271 emeacia
750 245 802 279 ipsi
818 249 933 271 nossent

144 292 207 322 soli,
233 291 346 317 daturos
368 290 491 317 sedulam
519 297 630 323 operam
657 290 829 317 exarmandze
848 290 931 317 deum

145 338 202 369 irae,
227 336 423 371 eonfidereque
440 336 599 370 effecturos,
624 340 653 362 ut
670 336 762 362 litasse
780 337 838 363 istis
854 336 933 363 victi-

144 384 206 414 mis,
229 388 257 410 et.
280 382 370 409 minas
394 386 585 416 portentorum
607 389 622 408 a
639 388 668 408 se
686 381 825 416 depulisse
846 390 930 415 cxpe-

145 429 243 455 ricntia
268 436 315 455 rex
334 435 466 462 prospera
493 427 617 459 sentiret,
637 427 772 454 inoffenso
788 428 930 462 deinceps,

145 474 183 500 uti
204 478 295 505 antea,
321 473 440 500 tenendo
464 473 578 507 privata:
593 480 625 499 ac
648 473 765 507 publica:
791 473 930 500 felicitatis

143 528 238 547 cursu.
263 519 326 546 Haec
348 519 530 546 brachmanes
554 519 594 546 uti
623 524 836 554 composuerant
858 520 930 547 inter

143 574 213 599 sese,
229 566 270 593 sic
287 569 381 600 postea
391 565 458 601 regi,
473 570 601 600 tauquam
612 573 646 593 ex
658 566 765 600 tripode
774 567 928 599 oraculum,

141 614 299 642 ediderunt.

177 659 209 686 ll.
226 658 255 685 In
272 666 326 693 quo
342 657 560 686 insidiosissimae
578 657 681 685 fraudis
697 657 768 685 hanc
790 659 926 685 rationem

142 705 328 740 sequebantur
352 713 358 730 :
385 703 538 738 principem
562 711 644 738 quem
667 703 787 738 pessime
810 703 928 730 oderant

141 751 247 779 nudare
258 749 454 785 potentissimo
468 748 597 783 pra‘sidio
615 749 732 775 duorutn
753 748 806 783 ipsi
824 749 927 775 fidissi-

141 804 249 824 morum
272 795 393 830 capitqu
428 793 596 825 studebant.
619 793 660 821 sic
688 801 752 821 eum
775 793 925 820 obnoxium

139 842 248 870 cunctis
263 841 378 868 fortuna:
389 843 472 874 atque
490 839 600 866 invidia:
617 839 775 866 turbinibus
790 839 841 866 rati
855 839 925 868 fore.

141 888 264 916 llabebat
286 894 333 913 rex
350 886 507 920 conjugem,
524 890 678 912 matronam
700 885 779 913 facile
803 886 925 913 omnium

140 943 201 970 qua:
223 938 280 960 tum
300 933 425 960 viverent
440 932 630 964 lectissimam,
653 932 803 967 pudicitiae,
817 932 926 967 sapien—

141 982 195 1013 tim,
212 978 357 1007 charitatis
380 978 409 1004 in
424 977 513 1005 virum
529 982 646 1012 quantas
661 978 794 1005 maximas
820 980 924 1012 optima

140 1026 246 1054 indoles
259 1029 287 1052 et
303 1024 432 1051 educatio
445 1023 669 1058 prastantissima
688 1024 809 1051 inserere
826 1024 924 1050 mulie-

139 1072 180 1099 bri
200 1072 293 1098 animo
305 1075 404 1105 potest.
419 1069 487 1097 Cum
500 1070 552 1097 hac
566 1070 599 1097 ad
617 1070 694 1105 regni
711 1070 838 1106 regisque
850 1078 925 1098 com-

139 1117 220 1145 moda
232 1121 260 1144 et
273 1116 408 1143 utilitates
421 1115 610 1150 procurandas
627 1123 730 1143 arcano
746 1116 924 1150 conspirabat

138 1163 191 1194 ille.
207 1169 288 1198 quem
302 1162 464 1193 memoravi,
489 1166 603 1189 senatus
621 1163 750 1196 princeps
774 1163 852 1197 regii,
869 1163 924 1197 pri-

138 1209 241 1237 marius
265 1209 489 1236 consiliariorum
508 1208 599 1243 regis,
622 1209 723 1235 stunmi
746 1208 788 1235 vir
808 1209 922 1244 ingenii,

137 1255 375 1283 excellentissima:
397 1254 548 1285 doctrinae,
569 1254 632 1280 tidci
656 1262 732 1287 vero,
757 1254 921 1288 industriae,

137 1301 310 1330 dexteritatis
331 1301 360 1327 in
384 1301 466 1328 rebus
490 1300 727 1332 administrandis,
748 1301 921 1334 prudenti-.e,

137 1349 310 1378 innocentiae.
327 1351 478 1378 tantarum,
492 1350 522 1372 ut
538 1347 585 1381 qui
600 1346 633 1373 de
652 1346 699 1373 illo
715 1346 924 1380 incorruptissi-

137 1401 179 1421 me
193 1392 354 1423 censebant,
369 1399 462 1426 parem
477 1391 517 1418 illi
530 1390 636 1425 uspiam
653 1395 788 1418 terrarum
807 1391 834 1417 in
847 1391 921 1418 omni

135 1446 236 1475 genere
260 1438 350 1465 laudis
366 1437 547 1472 desperarent
573 1443 653 1470 posse
672 1436 799 1471 reperiri.
820 1437 847 1462 in
866 1437 922 1463 hac

984 202 1050 230 dum
1074 205 1126 232 deo
1146 214 1152 232 :
1179 208 1312 243 cogitaret
1326 211 1394 238 nihil
1416 213 1545 247 cuiquam
1564 202 1713 249 pretiosius
1731 226 1776 246 sa-

983 247 1039 276 lute
1056 257 1115 277 esse
1141 253 1253 287 propria
1278 254 1397 288 debere;
1423 257 1450 289 id
1475 265 1539 285 cum
1564 267 1710 289 commune
1738 264 1775 290 ad

983 302 1078 322 omnes
1091 302 1195 325 natura:
1207 299 1340 327 dictatum
1357 302 1402 333 sit,
1420 311 1517 337 regum
1534 309 1638 337 tamen,
1651 315 1774 341 quorum

982 342 1070 376 capite
1096 348 1183 372 status
1203 347 1279 381 regni
1302 348 1416 381 publica
1437 348 1549 377 fortuna
1570 353 1774 384 contineretur.

982 388 1149 420 peculiarem
1170 398 1230 418 esse
1251 392 1397 425 rationem,
1421 396 1456 421 ob
1473 403 1554 428 quam
1570 396 1640 424 bene
1659 399 1775 432 quidvis

981 432 1157 467 impendatur
1180 444 1276 464 eorum
1303 438 1485 467 incolumitati
1509 441 1696 476 conﬁcienda,
1723 453 1775 472 ne-

981 479 1055 506 mine
1073 481 1125 508 nisi
1150 483 1283 511 scelerate
1299 490 1462 513 rccusaturo
1479 488 1684 522 impendentem
1701 490 1773 524 ipsis

981 529 1085 559 pestem
1112 527 1145 554 ad
1171 535 1201 555 se
1229 531 1367 557 attrahere
1380 539 1413 558 ac
1440 537 1561 560 vertere.
1589 534 1628 562 lta
1661 535 1771 563 dimissi

980 570 1163 601 brachmanes
1177 581 1364 604 recesserunt.

1014 617 1058 645 Ill.
1077 618 1134 646 Rex
1146 627 1223 651 vero,
1237 622 1399 656 aegritudine
1415 625 1498 651 animi
1512 626 1635 653 omnium
1654 635 1722 662 quas
1740 628 1769 656 in

978 662 1035 690 vita
1053 665 1186 693 sensisset
1200 667 1317 696 afﬂictus
1335 670 1506 703 gravissima,
1521 672 1663 706 decubuit,
1672 674 1769 701 inedia

979 709 1125 745 vigiliaque
1148 713 1367 748 contabescens,
1393 720 1520 752 totasque
1549 720 1681 748 continue
1706 721 1770 748 dies

978 754 1083 788 pariter
1097 763 1128 783 ac
1141 763 1236 785 noctes
1248 764 1338 787 mente
1350 763 1588 795 perturbatissima
1601 769 1767 798 retraetans,

978 806 1042 826 cum
1067 801 1203 830 terrificas
1228 804 1352 832 visorum
1377 807 1522 842 imagines,
1542 814 1599 836 tum
1620 811 1708 837 multo
1724 816 1769 838 te-

979 847 1061 873 triora
1077 855 1137 882 qua:
1157 848 1191 876 iis
1209 855 1287 877 erant
1307 853 1488 886 procurandis
1504 855 1610 888 piacula
1629 856 1768 891 injuncta.

976 891 1224 921 Percrebrescente
1247 895 1300 923 late
1325 896 1395 924 fama
1418 899 1489 933 regis
1507 899 1606 932 morbi,
1629 901 1682 928 etsi
1703 909 1767 930 erat

975 944 1040 964 vera
1054 938 1114 973 ejus
1128 947 1210 967 causa
1224 940 1428 976 insuspicabilis
1440 944 1612 979 humanitus,
1630 947 1766 981 quoniam

976 991 1027 1011 nec
1047 985 1218 1013 somniorum
1229 1006 1239 1018 ,
1254 995 1306 1016 nec
1324 996 1487 1023 congressus
1504 999 1566 1018 cum
1589 992 1768 1021 brachmani-

976 1029 1028 1056 bus
1043 1031 1129 1058 ullum
1145 1033 1259 1060 omnino
1283 1041 1396 1062 suorum
1413 1044 1460 1062 rex
1476 1036 1610 1065 adhibere
1625 1039 1765 1066 arbitrum

974 1076 1109 1108 voluerat,
1133 1085 1188 1104 non
1207 1078 1305 1106 fefellit
1322 1084 1412 1108 tamen
1436 1082 1535 1109 Palarii
1560 1084 1700 1111 solertiam
1722 1085 1763 1119 (id

974 1126 1032 1149 erat
1057 1131 1157 1150 nomen
1176 1125 1292 1159 principi
1315 1127 1438 1162 senatus)
1464 1129 1556 1156 animo
1572 1131 1659 1164 magis
1675 1138 1761 1166 quam

974 1175 1090 1202 corpore
1113 1169 1238 1198 laborare
1265 1179 1368 1206 regem.
1392 1173 1424 1200 Ei
1449 1175 1544 1208 primae
1567 1177 1651 1203 certis
1675 1182 1765 1211 parta:

973 1213 1140 1245 conjecturis
1153 1213 1263 1242 innixus
1292 1215 1406 1248 notitiae,
1430 1216 1531 1245 institit
1552 1216 1653 1246 deinde
1668 1219 1763 1254 inqui-

973 1265 1045 1291 rere,
1057 1259 1282 1294 circumspicere,
1293 1261 1404 1290 odorari
1416 1267 1497 1298 atque
1509 1264 1637 1299 indagare
1648 1270 1761 1297 cuncta.

973 1311 1023 1330 suo
1036 1305 1176 1332 acerrimae
1197 1307 1355 1341 sagacitatis
1372 1308 1493 1343 ingenio,
1517 1310 1607 1344 quoad
1625 1311 1706 1345 plane
1726 1311 1757 1338 in

973 1349 1025 1375 hoc
1038 1350 1142 1384 judicio
1163 1352 1298 1383 consedit,
1320 1353 1436 1385 deesse,
1457 1359 1488 1381 ut
1511 1363 1555 1382 res
1569 1357 1738 1390 apparebant
1751 1377 1759 1388 ,

973 1401 1027 1420 non
1044 1402 1123 1429 posse
1143 1396 1209 1430 quin
1226 1397 1363 1424 somnium
1378 1406 1425 1425 rex
1440 1407 1519 1426 suum
1535 1400 1645 1435 aliquod
1664 1400 1696 1427 ad
1712 1408 1761 1428 ce-

972 1438 1063 1466 lebres
1078 1440 1171 1467 talium
1183 1441 1358 1475 conjectures
1370 1443 1550 1471 brachmanas
1564 1444 1716 1476 detulisset.
1732 1450 1761 1472 et

136 1485 218 1519 igitur
234 1483 290 1510 duo
305 1481 442 1509 columina
463 1480 652 1515 prosperitatis
668 1480 740 1514 regis
765 1479 921 1506 invidentes
933 1488 955 1519 ρ
974 1483 1023 1517 illi,
1041 1486 1186 1513 occasione
1203 1487 1281 1514 avide
1298 1493 1407 1523 arrepta
1433 1490 1583 1517 ulciscendi
1607 1492 1760 1526 gregalium

136 1530 187 1565 ipsi
208 1528 306 1556 nefarii
320 1527 478 1562 proditores
502 1525 657 1553 machinam
679 1525 815 1560 prmcipue
839 1525 919 1552 istam

136 1574 334 1606 intendebant;
349 1580 411 1600 nam
435 1572 507 1606 quod
528 1571 597 1598 alios
611 1571 714 1606 pariter
727 1571 817 1599 occidi
829 1571 920 1606 jussos

135 1621 178 1648 his
192 1619 370 1651 miscuerant,
386 1617 534 1645 artificium
557 1618 669 1644 sceleris
690 1622 717 1644 et
741 1616 856 1644 ultionis
872 1624 920 1644 cu-

134 1667 229 1694 mulus
243 1670 312 1698 erat,
331 1664 468 1700 siquidem
486 1668 514 1692 et
536 1663 671 1699 adigendo
686 1670 749 1698 rege
765 1663 800 1690 ad
816 1662 918 1690 caedem

135 1712 272 1748 regiorum
290 1711 342 1746 ipsi
357 1710 585 1737 cbarissimorum
600 1709 732 1744 juvenum
747 1728 753 1740 ,
771 1707 804 1735 ad
822 1707 912 1735 immo

134 1759 265 1785 lationem
295 1756 472 1791 elephantum
500 1755 675 1789 aliorumque
710 1754 917 1788 jumentorum,

134 1803 236 1838 quibus
255 1810 318 1830 eum
341 1801 464 1829 sciebant
489 1800 622 1828 delectari
640 1800 807 1834 plurimum,
830 1804 918 1826 tener-

135 1850 218 1875 rimos
234 1849 292 1883 ejus
310 1847 426 1874 affectus
443 1846 641 1873 convultterare
657 1852 716 1872 sese
731 1845 863 1872 atrociter
878 1844 918 1870 vi-

134 1896 244 1925 debant.
257 1899 284 1921 et
296 1893 394 1920 famam
407 1897 538 1927 praetcrea
550 1891 626 1918 exosi
642 1892 774 1926 principis
788 1890 916 1918 incendio

134 1941 213 1974 longe
237 1938 445 1973 flagrantissimo
471 1936 612 1971 popularis
645 1936 756 1963 invidiae
781 1936 914 1971 objiccre.

135 1985 205 2012 Tum
234 1991 297 2011 vero
310 1983 361 2010 ista
377 1982 519 2017 inopinata
536 1982 731 2016 conjunctione
750 1986 790 2008 tot
806 1987 860 2008 tam
877 1982 917 2009 di-

132 2038 275 2058 versorum
293 2029 415 2064 capitum
437 2035 586 2055 aversuros
613 2035 642 2054 se
663 2027 812 2062 sperabant
827 2028 917 2063 suspi-

133 2078 227 2105 ciones
239 2083 302 2103 cum
320 2075 392 2109 regis
410 2079 466 2101 tum
485 2078 664 2105 caelerorum.
686 2073 720 2100 ab
743 2074 917 2101 animadver—

131 2123 210 2151 sione
226 2121 358 2157 praecipui
375 2120 417 2147 sui
437 2120 493 2147 odii
509 2120 536 2146 in
564 2119 684 2154 reginam
711 2126 742 2146 ac
763 2120 914 2154 principem

131 2174 254 2206 senatus,
271 2167 344 2203 quod
366 2167 458 2194 odium
476 2167 499 2193 si
519 2171 692 2194 cnotesccrct
705 2185 712 2198 ,
730 2174 854 2200 magnam
871 2174 916 2193 co-

132 2216 243 2243 natibus
253 2219 281 2242 et
293 2214 473 2242 clandestinis
489 2212 679 2240 molitiouibus
691 2221 787 2239 corutn
799 2213 916 2239 securim

134 2260 309 2296 inﬂigendam
332 2259 525 2294 providebant.
544 2257 612 2285 Cum
629 2257 722 2292 igitur,
741 2257 784 2284 die
800 2257 916 2292 septimo

140 2309 235 2343 :lapso,
253 2307 366 2334 admissi
391 2314 489 2341 magno
505 2305 609 2332 ambitu
626 2305 659 2331 ad
677 2312 778 2338 regem,
798 2308 871 2331 metu
889 2309 917 2331 et

141 2353 335 2388 :xspectalione
347 2350 611 2383 amium,vaferriuii
626 2350 784 2377 scductorcs
796 2350 917 2378 auemri-

147 2405 188 2426 .ite
206 2398 331 2433 religiosa
347 2397 467 2424 edictum
485 2396 550 2423 Illud
573 2404 653 2423 suum
678 2396 913 2430 pronuntiassent,

143 2446 276 2473 .erculsns
295 2445 366 2470 ultra
379 2450 460 2477 quam
477 2442 553 2469 credi
573 2447 663 2477 posset
685 2442 799 2468 horrore
812 2441 916 2468 denun-

133 2492 255 2520 tiationis
273 2491 391 2518 infandae
405 2497 463 2522 rex,
480 2489 582 2524 Egone,
595 2488 770 2519 exclamavit,
784 2487 914 2522 optimam

133 2545 256 2569 uxorem,
275 2544 325 2571 ego
338 2535 529 2562 dulcissimum
550 2534 635 2560 filioli)
653 2534 793 2560 ocnidaml
810 2535 839 2560 lit
853 2534 914 2560 talia

130 2585 167 2611 dii
190 2583 310 2620 jubent?
328 2581 397 2608 Male
414 2588 456 2607 me
472 2580 563 2615 potius
579 2580 668 2614 ipsum
692 2579 828 2614 perdunt;
845 2579 912 2614 quid

130 2629 203 2655 enim
221 2627 320 2654 minari
338 2627 436 2654 saevius
453 2624 584 2660 possunt?
599 2624 701 2651 Solatio
717 2624 760 2651 vel
776 2628 833 2650 tum
847 2624 912 2650 mihi

131 2674 214 2700 fuerit
228 2679 281 2700 tam
295 2673 387 2700 charis
403 2671 599 2706 superstitibus
618 2670 720 2698 relictis
736 2670 833 2702 emori,
847 2677 914 2704 quo-

131 2727 190 2745 rum
208 2720 292 2746 vitam
308 2718 389 2752 longe
404 2715 540 2744 libentius
554 2723 613 2743 mea
633 2720 722 2743 morte
737 2715 912 2747 redemerim,

130 2774 163 2797 qu
176 2774 209 2792 un
230 2766 330 2792 danmo
345 2772 376 2791 ac
389 2763 466 2791 clade
484 2764 607 2798 ipsorqu
628 2763 731 2790 servari
748 2761 909 2789 sustineam.

132 2811 177 2836 ιίι.»
191 2811 290 2837 auditis
305 2809 432 2837 scelerati
444 2809 625 2836 brachmanes
637 2807 764 2836 affectata
774 2807 909 2842 gravitate

971 1539 1083 1558 suorum
1098 1532 1189 1567 jussus
1206 1535 1240 1560 ab
1252 1533 1298 1561 illo
1311 1534 1411 1568 caedes,
1427 1536 1528 1571 unguis
1543 1537 1570 1563 iu
1585 1536 1675 1564 ulcere
1691 1537 1761 1565 fuis-

970 1581 1040 1607 sent,
1055 1577 1283 1612 interpretatione
1295 1580 1347 1607 visi
1362 1582 1491 1608 nocturni
1506 1582 1539 1609 ad
1555 1582 1676 1617 ipsorum
1687 1583 1757 1615 odii,

971 1622 1060 1657 potius
1081 1631 1162 1657 quant
1187 1624 1219 1650 ad
1242 1625 1309 1652 artis
1322 1631 1370 1653 aut
1393 1626 1565 1662 disciplinae,
1589 1629 1610 1655 si
1636 1637 1690 1664 qua
1714 1636 1760 1658 est

969 1667 1048 1694 istius
1061 1668 1179 1701 generis,
1192 1669 1314 1696 rationes
1325 1671 1569 1699 accommodanda.
1583 1673 1643 1700 Mox
1657 1674 1691 1701 ab
1703 1676 1758 1702 hoc

969 1714 1071 1737 statuto
1090 1711 1158 1751 ciant
1179 1711 1307 1740 Paladem
1322 1716 1451 1742 convenit
1463 1716 1553 1750 (Palas
1569 1718 1661 1753 regina
1675 1726 1759 1746 voca-

969 1755 1059 1790 batur)
1072 1748 1104 1782 ct
1115 1757 1150 1787 ei,
1163 1757 1216 1784 Aut
1229 1758 1307 1785 valde
1321 1759 1410 1790 fallor.
1425 1748 1525 1795 inquit,
1540 1767 1588 1789 aut
1599 1748 1646 1789 rex
1658 1763 1757 1791 fraude

970 1802 1166 1828 brachmanum
1181 1804 1340 1838 gravissime
1356 1805 1537 1839 periclitatur.
1554 1808 1644 1835 Prima
1655 1809 1680 1836 ei
1691 1809 1758 1836 sub-

970 1846 1095 1873 veniendi
1113 1847 1182 1874 ratio
1198 1854 1250 1880 est,
1266 1850 1414 1878 resciscere
1424 1858 1457 1878 ex
1471 1851 1530 1886 ipso
1540 1853 1605 1887 quid
1619 1861 1682 1880 cum
1696 1855 1758 1883 istis

967 1892 1054 1926 egerit
1069 1901 1076 1919 :
1092 1893 1145 1920 hoc
1157 1894 1199 1921 vel
1212 1899 1240 1921 tu
1253 1915 1260 1927 ,
1277 1895 1319 1922 vel
1340 1904 1422 1924 nemo
1437 1904 1469 1924 ex
1483 1905 1517 1926 eo
1538 1899 1641 1933 poterit
1663 1901 1758 1935 expri-

968 1945 1055 1969 mere;
1073 1939 1125 1966 nisi
1139 1943 1231 1966 autem
1252 1942 1432 1976 expresseris,
1449 1947 1539 1970 actum
1553 1944 1587 1971 de
1603 1953 1665 1979 rege
1683 1947 1757 1975 scito

967 1983 1047 2016 fore;
1067 1992 1142 2016 nam,
1155 1989 1185 2011 ut
1207 1992 1236 2012 se
1250 1986 1317 2013 dant
1341 1987 1452 2021 indicia,
1467 1989 1610 2024 capitalem
1628 1991 1679 2025 ipsi
1696 2000 1758 2019 ma-

967 2030 1076 2056 chinam
1092 2031 1278 2058 scelestissimi
1295 2032 1449 2061 nebulones
1471 2035 1647 2063 architectati
1675 2044 1754 2065 sunt.

966 2074 1021 2110 Age
1040 2075 1121 2110 igitur
1134 2084 1187 2111 qua
1211 2077 1255 2110 vi,
1278 2086 1332 2111 qua
1353 2084 1412 2106 arte
1437 2080 1522 2113 vales,
1546 2082 1671 2109 ultimum
1701 2084 1755 2112 hoc

968 2125 1074 2155 tempus
1094 2126 1158 2155 puta
1175 2129 1235 2149 esse
1254 2126 1305 2149 tme
1321 2123 1346 2150 in
1365 2124 1455 2151 virum
1475 2125 1618 2154 charitatis
1631 2135 1664 2155 ac
1688 2129 1754 2156 lidei

968 2166 1133 2200 probandae;
1148 2175 1214 2195 cave
1229 2169 1378 2204 quidquam
1396 2171 1429 2197 ad
1445 2179 1554 2199 omnem
1568 2181 1649 2207 quam
1663 2175 1756 2202 ellica-

968 2211 1103 2240 cissimam
1126 2213 1290 2241 industriam
1310 2215 1390 2250 hujus
1409 2217 1567 2251 expiseaudi
1593 2220 1628 2246 ab
1652 2228 1685 2247 eo
1709 2229 1756 2247 ar-

968 2261 1029 2287 cani
1055 2261 1104 2288 tibi
1121 2262 1219 2296 reliqui
1245 2263 1354 2290 feceris.
1380 2265 1427 2291 llis
1448 2265 1525 2292 Palas
1552 2267 1654 2294 auditis
1685 2275 1754 2295 sane

967 2307 1083 2333 sollicita
1108 2309 1178 2342 regis
1203 2308 1360 2336 cubiculum
1388 2311 1554 2343 ingreditur,
1572 2313 1755 2348 assidensque

966 2352 1038 2380 lecto
1054 2353 1087 2379 ad
1105 2353 1261 2388 languentis
1287 2360 1378 2390 caput.
1407 2356 1447 2383 sic
1469 2361 1512 2384 est
1536 2357 1624 2385 virum
1641 2359 1720 2385 afl‘ata
1745 2369 1753 2386 :

966 2398 1092 2425 Cumulat
1105 2399 1172 2425 mihi
1186 2400 1317 2433 dolorem,
1334 2409 1416 2435 quem
1433 2409 1465 2428 ex
1482 2403 1579 2430 morbo
1599 2408 1645 2430 tuo
1667 2406 1755 2432 maxi-

967 2451 1042 2470 mum
1069 2444 1147 2479 capio
1164 2465 1172 2477 ,
1198 2446 1313 2473 molesta
1338 2447 1475 2481 :egritudo
1506 2457 1539 2476 ex
1562 2455 1610 2477 tuo
1632 2452 1753 2485 quodam

967 2490 1019 2516 Inci
1037 2495 1194 2525 contemptu
1209 2511 1216 2523 ,
1235 2492 1309 2526 quod
1325 2500 1382 2519 rem
1396 2513 1404 2526 ,
1421 2499 1451 2520 ut
1464 2501 1588 2529 apparet,
1607 2504 1732 2532 magnum
1744 2519 1752 2530 ,

966 2535 1066 2569 quippe
1080 2541 1155 2563 tanto
1170 2542 1257 2563 actam
1272 2539 1375 2566 ambitu
1389 2546 1450 2566 cum
1471 2541 1694 2575 bracluuanibus,
1709 2551 1754 2570 me

964 2586 1065 2615 prwtcr
1085 2582 1195 2608 Solitum
1211 2583 1424 2618 diligentissime
1453 2586 1568 2619 ceiasli;
1586 2595 1680 2620 quare,
1703 2596 1753 2615 oro

966 2630 991 2653 te
1009 2634 1058 2660 per
1076 2626 1141 2653 deos
1163 2635 1271 2660 omnes,
1286 2629 1364 2655 istam
1382 2637 1551 2665 quaecunque
1568 2635 1609 2658 est
1626 2639 1660 2658 ne
1685 2633 1752 2658 mihi

964 2671 1089 2699 notitiam
1105 2673 1238 2701 invideas.
1253 2674 1312 2701 Scis
1329 2679 1418 2702 tacere
1434 2684 1477 2703 me
1496 2684 1586 2710 posse,
1607 2685 1638 2703 ac
1655 2683 1753 2711 pectus

964 2715 1064 2743 habere
1087 2717 1179 2744 arcani
1201 2725 1296 2752 capax,
1317 2727 1367 2746 nec
1390 2721 1457 2746 ritua
1479 2721 1533 2747 ulla
1559 2722 1694 2755 pervium.
1712 2722 1752 2749 Ne

963 2761 1067 2789 diutius
1082 2770 1148 2789 mea:
1166 2763 1227 2790 ﬁdei
1243 2769 1290 2791 tuo
1317 2765 1403 2792 amori
1418 2766 1501 2792 facias
1519 2766 1660 2801 injuriam.
1678 2767 1752 2799 Quid

966 2808 1040 2843 quod
1057 2812 1102 2836 tua
1125 2815 1218 2842 causa,
1235 2810 1345 2844 opinor,
1369 2811 1483 2839 interest
1499 2819 1553 2840 non
1571 2813 1661 2847 ignota
1681 2813 1752 2840 mihi
