1913 3068
180 165 250 198 1325

615 167 807 198 SPECIMEN
828 164 1044 196 SAPIENTIE
1068 165 1248 197 INDORUM
1268 165 1350 196 VET.

1722 161 1787 194 13‘26

176 233 239 259 qua:
253 225 433 252 brachmanes
451 228 540 252 tecum
554 232 650 259 egere;
664 233 725 252 nam
740 225 803 252 itide
816 222 956 257 languoris
972 222 993 250 Δ
1008 223 1061 249 tuis
1076 223 1189 250 somniis
1207 224 1343 250 consulas.
1363 222 1448 249 Recte
1465 221 1607 252 admones,
1622 227 1670 247 rex
1687 219 1788 254 inquit.

177 270 262 303 hujus
281 269 320 296 tui
337 277 445 296 causam
459 270 590 296 exsistere
606 277 700 304 magna
717 269 815 296 indicia
829 270 956 296 suadent.

179 314 241 342 lizrc
256 315 382 342 Paladem
399 315 556 349 loquentem
579 315 758 350 interpellans
779 323 825 342 rex
840 334 846 346 ,
857 314 909 342 'Ne
930 319 958 341 tu

177 367 299 394 quoque.
312 367 414 393 quaeso,
431 360 530 394 inquit,
544 361 665 387 dolorem
680 368 770 388 meum
782 369 852 388 novo
864 361 959 388 dolore

177 399 312 438 cumules,
330 406 356 432 id
373 414 499 441 quaerens
518 414 550 433 ex
565 414 608 433 tne
624 406 696 441 quod
713 407 834 434 omnium
846 407 958 434 minimc

178 450 227 476 tibi
244 450 353 484 expedit
364 458 455 478 nosse.
466 450 535 478 Tum
553 451 608 483 illa,
619 452 695 484 Esto,
711 452 776 478 mihi
789 452 824 479 sit
834 452 957 485 noxium,

177 496 226 527 ait,
244 496 296 522 hoc
318 504 410 529 nosse,
432 500 524 524 tamen
542 498 604 532 quia
625 497 673 524 tibi
698 498 816 525 salutare
838 498 959 525 arbitror

179 541 314 573 futurum,
341 550 397 569 non
425 542 548 570 desinam
577 551 675 578 urgere
702 547 732 569 ut
758 543 867 570 fatearis
890 543 957 570 mihi

178 587 361 622 quodcunque
380 588 406 615 id
423 588 534 615 demum
549 593 600 615 est.
625 589 714 618 Curae.
738 593 767 616 ut
785 588 850 620 scis,
873 589 957 616 animi

177 633 329 660 amicorutn
359 634 569 668 participatione
595 634 774 667 minuuntur;
794 641 882 668 neqtte
906 634 958 662 hac

175 687 237 713 qum
253 684 278 706 te
297 684 350 706 tam
364 681 519 714 periculose
535 681 610 715 angit
623 681 786 715 :rgritudine
806 681 891 708 levari
909 689 958 715 po-

176 725 253 757 teris,
271 725 323 752 nisi
341 733 449 752 causam
468 726 537 761 ejus,
562 726 636 753 istud
660 726 732 753 haud
752 726 835 753 dubie
855 726 956 754 brach-

174 777 285 796 manum
299 770 477 804 colloquium,
493 770 577 798 alicui
591 772 786 799 communices.
801 771 851 798 Cui
865 776 955 798 autem

173 814 401 845 eommunicabis,
427 814 450 841 si
475 822 558 849 neges
585 814 683 842 uxori?
704 820 750 842 aut
767 815 828 849 quis
846 815 895 842 tibi
913 823 956 843 me

174 858 307 885 amicior?
321 857 389 886 Tum
406 867 454 886 rex
468 879 474 889 ,
489 860 609 894 graviter
626 861 778 894 suspirans,
804 861 873 894 Quid
900 870 953 894 me,

174 903 273 937 inquit,
288 905 385 939 ronjux
398 905 512 940 optima,
527 906 561 933 de
578 911 623 932 luo
634 906 717 933 exitio
732 906 819 941 deque
831 908 954 934 omttium

176 949 242 974 mihi
258 949 481 976 cbarissimornm
497 950 609 978 interitu
627 951 800 986 interrogas?
814 952 875 985 Abi,
894 953 954 980 sine

173 1002 227 1025 tne,
241 999 270 1022 ut
286 996 366 1030 coepi.
380 997 474 1024 dolore
491 1006 550 1025 meo
562 1000 699 1031 consumi,
711 1007 742 1026 ac
757 1004 872 1028 mortem
886 1008 956 1035 prm-

174 1047 294 1072 sumere,
306 1049 340 1068 ne
352 1041 459 1069 videam
483 1051 543 1077 qum
571 1045 690 1079 rogitare
715 1045 810 1072 horret
833 1046 952 1074 animus.

172 1083 294 1116 Coniide,
319 1085 355 1112 mi
380 1086 431 1117 vir,
456 1088 598 1121 respondit
621 1089 710 1121 Palas,
734 1090 852 1125 imagine
872 1098 952 1124 quam

172 1129 350 1157 subostcntas’
376 1131 429 1158 mei
446 1132 520 1159 exitii
548 1141 603 1160 non
625 1139 749 1167 terreor;
769 1143 819 1163 nec
834 1144 884 1171 ego
902 1144 953 1164 nec

171 1173 322 1201 liberorum
338 1180 495 1203 nostrorum
511 1178 655 1213 quisquam
671 1180 752 1214 (bene
764 1188 859 1208 omnes
877 1182 952 1216 novi)

173 1227 221 1253 pro
234 1225 258 1247 te
271 1221 340 1248 mori
359 1222 557 1251 recusabimus.
571 1224 637 1259 Age,
648 1225 735 1260 pande
750 1227 882 1254 audacter
893 1236 953 1262 quas

171 1274 232 1292 srse
247 1266 290 1293 via
307 1267 353 1295 det
372 1269 468 1296 salutis
485 1274 536 1297 tua:
551 1276 637 1298 morte
659 1276 752 1300 nostra
776 1273 951 1301 redimendae.

172 1311 229 1338 lloe
247 1312 327 1340 modo
342 1321 356 1340 a
377 1318 402 1341 te
418 1319 507 1348 petam
524 1315 640 1350 pretium
657 1317 754 1345 mortis
769 1318 888 1346 libenter
905 1324 952 1347 tua

171 1364 252 1384 causa
268 1358 360 1390 Oltit-‘B,
380 1367 413 1386 ne
428 1365 488 1394 post
511 1361 568 1388 haec
584 1362 632 1389 ulli
656 1362 852 1391 brachmanum
871 1372 952 1393 neces

172 1403 223 1430 tibi
248 1406 536 1440 conjunctissimorum
559 1408 686 1435 suadenti
710 1410 821 1443 credas,
845 1418 951 1446 egoque

171 1449 223 1476 sim
238 1450 333 1477 ultima
348 1459 428 1485 quam
442 1452 556 1480 istorum
572 1453 679 1481 insiditc
691 1456 885 1489 perverterint.
902 1456 952 1484 Pe—

171 1495 319 1524 riculcsum
335 1498 417 1525 nimis
434 1503 475 1525 est
492 1499 611 1527 iuitnicis
624 1500 708 1528 ﬁdere
732 1509 739 1528 :
761 1501 886 1530 dubitare
903 1511 951 1530 au-

1011 268 1047 295 ita
1063 269 1153 295 statim
1169 269 1275 295 faciam.
1301 269 1361 294 Mox
1388 275 1488 301 equum
1512 265 1636 301 expediri
1654 265 1787 292 continuo

1008 314 1115 349 jussum
1132 315 1304 346 inscendens,
1323 321 1385 340 cum
1404 311 1625 340 familiarissimis
1640 311 1736 346 paucis
1752 312 1785 336 ad

1010 359 1104 386 cellam
1122 359 1285 387 venerabilis
1299 363 1396 386 ascctm
1409 358 1512 392 aliquot
1525 358 1558 384 ab
1574 356 1641 383 urbe
1659 361 1788 383 remotam

1010 411 1140 438 passuum
1163 404 1293 433 millibus.
1314 412 1342 431 se
1360 404 1466 431 t-oufert
1482 403 1657 430 festinatione
1671 409 1787 429 summa.

1009 449 1119 476 Auditis
1135 457 1218 476 senex
1234 450 1359 482 somniis,
1376 449 1480 484 placide
1497 449 1553 483 regi
1569 448 1708 483 respondit
1723 455 1730 474 :
1744 447 1790 473 Est

1009 495 1084 530 quod
1102 495 1150 522 tibi
1169 496 1298 530 gratuler,
1316 496 1441 527 domine;
1457 495 1524 521 nihil
1543 495 1628 526 triste,
1646 493 1712 528 quin
1727 501 1791 527 pro-

1009 548 1086 574 spera
1103 541 1195 579 potius
1211 541 1340 575 pleraque
1359 545 1493 567 nocturna
1508 540 1564 567 hme
1586 540 1634 567 tibi
1651 539 1708 566 visa
1727 547 1790 573 por-

1009 586 1135 613 tendunt.
1152 586 1218 612 Nam
1235 586 1289 612 duo
1307 593 1375 620 quos
1389 586 1506 620 primum
1527 585 1617 612 vidisti
1636 584 1724 619 pisces
1740 591 1788 617 per

1009 635 1138 656 montana
1155 630 1321 664 gradientes,
1345 630 1500 664 signiﬁcant
1526 634 1670 656 venturum
1696 629 1745 656 tibi
1773 636 1788 654 a

1008 676 1128 709 quodam
1154 676 1267 711 tlynasta
1295 676 1413 710 legatum
1441 676 1597 702 oblaturum
1626 675 1788 709 elephantos

1008 721 1079 747 duos
1105 720 1225 747 mirilictc
1243 720 1438 755 magnitudinis
1463 725 1490 747 et
1509 720 1612 746 formae.
1635 719 1699 746 Duae
1722 725 1787 744 vero

1007 772 1068 799 quae
1087 764 1135 791 tibi
1162 765 1286 792 volantes
1310 773 1461 799 apparuere
1485 769 1587 795 anates,
1615 764 1683 791 duos
1702 770 1786 797 equos

1007 811 1233 844 generosissimus
1261 811 1414 846 designant,
1435 818 1504 846 quos
1531 810 1576 845 qui
1595 813 1660 837 sttnt
1683 809 1785 836 dudttm

1009 855 1034 881 iu
1063 855 1162 881 itinere
1189 855 1277 882 Persm
1306 864 1433 889 proceres
1451 863 1466 882 a
1497 863 1558 890 rege
1578 862 1640 881 mox
1660 861 1709 880 suo
1739 854 1786 880 til'i

1008 908 1107 928 munus
1130 902 1247 928 amicunt
1264 902 1389 928 reddent.
1410 901 1461 934 Qui
1476 909 1558 936 porro
1576 901 1673 936 anguis
1688 907 1786 927 versus

1007 949 1032 972 te.
1054 947 1191 980 serpebat,
1216 948 1290 974 ensis
1310 947 1360 974 fuit
1379 948 1553 982 praesagiunt,
1571 946 1648 973 brevi
1667 945 1714 973 tibi
1733 946 1784 972 dn-

1004 991 1099 1024 nandi,
1127 993 1273 1024 mirabilis,
1301 998 1329 1020 et
1355 1000 1460 1028 parem,
1491 992 1612 1019 materia:
1631 992 1785 1026 praestantia

1003 1037 1045 1064 vel
1070 1038 1148 1069 artis,
1174 1042 1309 1065 terrarum
1326 1039 1452 1072 nuspiam
1471 1038 1606 1065 habentis.
1629 1037 1689 1065 Jan)
1711 1037 1786 1071 quod

1003 1090 1120 1118 anguem
1142 1083 1218 1110 illttm
1236 1092 1335 1111 cruore
1358 1083 1431 1110 infici
1448 1083 1572 1115 videbas,
1589 1082 1787 1117 designabatur

1005 1128 1052 1154 tibi
1078 1128 1110 1154 ab
1135 1128 1232 1154 eodem
1258 1128 1357 1162 legato,
1378 1128 1424 1162 qui
1449 1136 1542 1155 ensem
1568 1128 1649 1155 istum
1675 1127 1784 1157 offeret,

1003 1173 1124 1199 obiatum
1141 1173 1174 1199 iri
1190 1179 1320 1207 prteterea
1341 1173 1456 1200 talarem
1475 1173 1594 1200 tunicam
1617 1181 1783 1207 purpuream

1004 1218 1149 1245 rarissimae
1174 1220 1314 1250 tincturte,
1339 1220 1440 1254 quippe
1459 1219 1537 1254 cujus
1554 1225 1660 1247 ostrum
1680 1219 1784 1254 lulgeat

1001 1267 1030 1290 et
1049 1264 1134 1291 videri
1150 1272 1199 1299 per
1215 1272 1244 1291 se
1260 1265 1345 1299 possit
1364 1265 1390 1291 in
1408 1265 1541 1292 tenebris.
1557 1264 1659 1297 Quinto
1675 1265 1782 1291 somnio

1002 1310 1139 1337 videbaris
1165 1311 1213 1338 tibi
1237 1311 1311 1337 ablui
1337 1319 1407 1345 aqua
1432 1319 1500 1345 pura
1517 1311 1700 1345 mundarique
1725 1315 1783 1337 toto

1002 1363 1118 1390 corpore
1135 1365 1142 1382 :
1156 1356 1263 1391 signum
1282 1356 1309 1383 id
1324 1361 1382 1383 erat
1399 1356 1471 1383 dono
1487 1362 1512 1384 te
1535 1361 1711 1391 accepturum
1727 1364 1783 1382 tnu-

1002 1409 1081 1436 gnatn
1104 1402 1209 1436 copiam
1227 1403 1412 1437 speciosarum
1437 1403 1567 1434 vestium,
1592 1402 1694 1438 quibus
1709 1402 1782 1429 laute

1001 1455 1033 1474 ac
1059 1447 1202 1482 splendide
1225 1453 1348 1479 ornatus,
1375 1449 1461 1476 nitide
1486 1449 1575 1484 possis
1597 1456 1729 1483 apparere
1754 1448 1780 1474 in

1001 1493 1120 1528 publico.
1146 1493 1258 1521 Sextum
1281 1495 1429 1526 somnium,
1451 1502 1504 1529 quo
1523 1495 1569 1522 tibi
1595 1495 1696 1522 montis
1719 1494 1781 1521 nive

171 1546 224 1568 ιριη
240 1550 292 1570 non
305 1544 389 1571 debes
400 1545 466 1578 qui“
483 1546 529 1572 ubi
544 1546 599 1573 sint
616 1547 792 1575 infensissimi
807 1547 951 1576 grachma~
963 1543 984 1572 ο
1001 1539 1139 1574 conspersi
1155 1540 1266 1567 culmini
1283 1546 1440 1574 superstare
1458 1541 1607 1574 videbaris,
1625 1541 1694 1568 nihil
1713 1548 1778 1575 por-

170 1594 218 1613 nes
231 1596 263 1614 ex
279 1590 409 1616 memoria
428 1598 479 1617 noti
495 1591 532 1618 ita
556 1593 639 1619 veteri
662 1594 810 1627 grcgalium
827 1594 947 1628 ipsorum

169 1638 184 1656 a
199 1636 224 1657 te
243 1632 345 1659 meritis
357 1633 516 1661 affectorum
534 1637 631 1669 poenis.
647 1636 736 1668 Quare
751 1645 831 1665 causa
848 1643 890 1666 est
906 1640 948 1673 ju-

170 1677 299 1709 stissima,
312 1686 360 1704 cur
375 1679 397 1706 si
414 1680 478 1714 quid
493 1688 506 1706 a
521 1685 573 1707 tam
589 1683 757 1715 perturbatis
768 1684 869 1710 animis
880 1692 947 1711 cou-

169 1721 233 1753 silii,
248 1723 399 1756 praesertim
415 1725 543 1759 ancipitis
555 1727 720 1761 suggeritur,
731 1727 765 1754 ad
782 1729 946 1762 prudentum

169 1769 196 1791 et
226 1771 296 1793 notae
322 1768 519 1795 moderationis
543 1770 686 1797 hominum
713 1773 846 1807 (qualium
877 1774 946 1809 tibi,

169 1811 250 1838 deum
276 1813 422 1845 beneficio,
439 1822 492 1841 non
512 1815 587 1842 deest
604 1817 691 1852 copia)
712 1825 827 1846 examen
851 1827 948 1848 censu-

169 1865 282 1891 ramque
296 1859 442 1886 referatur.

206 1903 248 1929 iV.
271 1903 334 1930 llzce
351 1904 450 1937 reginae
468 1905 576 1933 Paladis
590 1907 673 1934 verba
691 1908 798 1936 tandem
818 1917 945 1938 excusse-

169 1953 233 1974 runt
253 1949 326 1982 regis
340 1950 431 1976 anitno
455 1951 632 1985 pertinaciam
648 1953 889 1982 obstinatissimam
905 1964 947 1984 se-

168 1993 247 2019 creti.
262 1993 393 2028 Exposuit
408 1995 458 2029 ipsi
474 1995 591 2030 printum
607 2001 669 2023 octo
684 1997 736 2024 sibi
754 2005 803 2033 per
817 2007 944 2034 soporem

167 2038 257 2065 oblata
272 2039 387 2070 somnia,
405 2045 461 2066 tum
477 2041 542 2075 quid
559 2042 593 2068 de
607 2042 689 2070 minis
707 2043 827 2078 ipsorum
845 2049 871 2071 et
889 2053 946 2072 me-

167 2084 202 2110 do
224 2092 270 2111 eas
285 2086 424 2112 avertendi
444 2085 626 2114 brachmancs
642 2089 858 2122 respondissent.
876 2090 945 2123 Qui-

167 2130 217 2156 bus
233 2131 307 2157 Palas
330 2132 457 2164 cognitis.
472 2132 638 2165 Laudabilis,
657 2134 705 2166 ait,
725 2139 769 2162 tua
783 2135 833 2162 fuit
849 2136 944 2171 religio

165 2177 301 2210 cupientis
321 2177 413 2204 doceri
432 2178 497 2212 quid
524 2179 562 2206 dii
588 2180 781 2213 portenderent
807 2186 853 2208 aut
875 2190 889 2209 a
918 2187 943 2209 tc

166 2227 308 2256 poscerent
325 2223 390 2250 visis
407 2224 517 2255 talibus,
534 2224 581 2251 sed
597 2225 697 2251 errasti
712 2225 819 2252 delectu
837 2226 942 2261 impru-

165 2268 444 2295 denticonsultormu.
458 2269 568 2296 Minime
587 2270 707 2296 omnium
723 2270 813 2298 idonei
823 2271 944 2306 juvando

165 2314 193 2340 iu
215 2314 266 2340 bne
290 2314 337 2340 tibi
357 2314 537 2341 brachmancs
560 2314 653 2346 fuere,
671 2316 790 2349 primum
814 2317 942 2345 scelerati

165 2364 246 2393 atque
264 2359 342 2386 invisi
359 2359 412 2386 diis
429 2360 564 2392 hetnines,
579 2368 648 2394 quos
670 2362 731 2389 ideo
753 2362 824 2389 haud
844 2363 877 2389 sit
896 2372 943 2390 ve-

164 2404 279 2431 risimile
305 2405 460 2431 divinorum
482 2413 643 2432 arcanorum
667 2408 876 2442 participatione
899 2409 942 2436 di-

163 2451 251 2485 gnari,
267 2451 366 2478 deinde
378 2451 455 2478 ferali
470 2452 508 2479 tui
524 2452 586 2479 odio
602 2453 722 2480 instincti
736 2454 942 2490 ulciscendique

163 2496 230 2530 ipsis
247 2496 469 2523 charissimorum
497 2497 598 2524 caedem
627 2498 719 2526 furore
743 2499 942 2528 immanissimo

164 2542 319 2576 ﬂagrantes.
334 2542 442 2575 Quanto
458 2543 490 2569 ad
506 2543 530 2570 id
543 2544 775 2571 accommodatior
788 2551 877 2573 asceta
895 2555 942 2574 no-

162 2593 218 2614 ster
233 2592 291 2619 est,
315 2595 396 2622 quem
422 2588 507 2615 miror
522 2589 585 2615 talia
602 2590 734 2623 quaerenti
750 2598 803 2617 non
822 2592 940 2626 primum

161 2634 282 2659 oninitnn
307 2634 389 2660 menti
407 2637 459 2660 tute
474 2635 637 2662 occurrisse.
656 2635 804 2663 Meministi
831 2637 940 2672 quoties

163 2676 185 2703 is
201 2685 329 2711 responsa
355 2678 434 2705 nobis
455 2679 608 2706 divinorum
631 2681 773 2715 adytorum
798 2687 891 2714 certa,
914 2686 940 2708 et

160 2723 268 2749 eventis
293 2723 392 2750 deinde
417 2724 553 2758 probata,
581 2726 741 2758 pertulcrt;
767 2727 940 2760 exploratum

162 2767 246 2795 babes
261 2769 343 2795 etiatn
361 2777 442 2803 quam
460 2770 526 2796 casti
543 2771 669 2805 sintejus
686 2778 786 2802 mores,
799 2779 880 2803 quam
898 2773 939 2798 in-

159 2812 267 2846 culpata
280 2814 340 2839 vitae
353 2815 432 2847 ratio,
447 2823 526 2849 quam
541 2821 654 2850 pacatus
667 2820 694 2842 et
710 2815 829 2842 ferarum
842 2823 939 2850 expers

161 2857 398 2886 perturbationum
423 2860 538 2888 animus.
562 2861 642 2888 ilnnc
659 2868 757 2889 censeo
771 2861 812 2888 vel
829 2868 890 2888 sero
904 2862 938 2890 de

960 2205 983 2234 υ

1002 1585 1131 1612 tendebat
1158 1585 1231 1612 aliud
1259 1585 1310 1612 nisi
1341 1591 1378 1618 te,
1406 1586 1478 1621 qttod
1504 1594 1574 1620 smpe
1602 1586 1694 1618 soics,
1719 1586 1782 1613 albo

993 1624 1049 1657 "tuo
1076 1631 1219 1665 elephanto
1248 1631 1275 1658 in
1303 1640 1399 1666 potupa
1431 1632 1597 1660 vehendum.
1626 1632 1778 1665 Septimum

1000 1681 1060 1704 erat
1080 1677 1177 1709 visuml
1197 1677 1304 1704 flamma
1329 1678 1433 1705 circum
1450 1683 1533 1713 caput
1548 1683 1623 1705 tuum
1649 1679 1779 1710 volitans,

1000 1722 1125 1757 illudque
1140 1723 1264 1750 ambiens
1281 1732 1286 1749 :
1304 1723 1361 1750 bmc
1374 1731 1502 1750 coronam
1524 1723 1682 1758 designabat
1697 1732 1778 1758 quam

1001 1767 1052 1794 tibi
1085 1766 1221 1794 maximus
1247 1767 1357 1801 quidam
1385 1776 1433 1795 rex
1462 1768 1674 1803 pulcherrimam
1706 1769 1779 1795 dotto

1000 1812 1163 1844 destinavit;
1178 1818 1256 1840 etest
1273 1813 1371 1840 itinere
1387 1813 1419 1840 ad
1447 1818 1482 1841 te.
1515 1813 1648 1840 Octavum
1676 1813 1779 1840 dunta-

1000 1859 1194 1886 xatsumnium
1215 1859 1356 1893 portendit
1372 1859 1474 1893 aliquid
1485 1859 1595 1886 adversi
1615 1859 1687 1895 quod
1697 1868 1778 1887 enar-

999 1911 1062 1931 rare
1084 1904 1216 1932 disertius
1232 1913 1344 1932 necessc
1369 1913 1422 1932 non
1448 1905 1552 1938 habeo;
1578 1911 1694 1933 eventus
1711 1907 1778 1933 satis

1000 1948 1057 1982 ipse
1072 1949 1232 1982 declarabit,
1249 1956 1276 1976 et
1291 1950 1362 1977 Deus
1373 1950 1444 1977 viam
1458 1951 1585 1985 expediet
1598 1958 1650 1986 qua
1667 1951 1778 1978 iunorie

998 1994 1031 2020 ad
1057 1998 1210 2022 extremum
1229 1995 1339 2030 defungi
1367 1996 1474 2029 valeas;
1491 1996 1579 2023 dicant
1594 2001 1698 2024 tantum
1714 1997 1778 2024 bre-

999 2039 1071 2065 viter
1086 2048 1135 2074 per
1161 2039 1245 2067 ictum
1267 2041 1343 2067 illtttn
1364 2049 1482 2076 superne
1506 2042 1554 2068 tibi
1580 2042 1732 2069 devolantis
1749 2042 1777 2068 in

998 2091 1081 2120 caput
1096 2086 1217 2113 volucris
1231 2092 1257 2113 et
1274 2092 1350 2114 tuum
1371 2092 1460 2114 rostro
1477 2088 1620 2115 tondentis
1632 2088 1775 2120 verticem,

998 2132 1145 2167 signitlcari
1162 2132 1346 2160 offensionem
1371 2133 1419 2160 tibi
1437 2134 1589 2166 molestam,
1607 2138 1634 2161 et
1652 2134 1714 2161 inde
1730 2142 1775 2161 se-

998 2185 1120 2205 cuturam
1136 2179 1305 2206 eversionem
1320 2187 1334 2206 a
1351 2184 1376 2206 te
1390 2179 1559 2207 charissima:
1575 2187 1709 2214 personae.
1730 2181 1775 2209 Ul-

998 2225 1093 2251 timum
1111 2225 1162 2251 hoc
1187 2229 1229 2252 cst
1254 2225 1325 2257 quod
1342 2233 1439 2252 tnoneo
1464 2233 1518 2252 non
1535 2225 1561 2252 in
1583 2225 1694 2260 longum
1716 2225 1774 2253 btet:

997 2269 1119 2303 pra-dici.
1151 2269 1247 2296 Omnia
1264 2270 1394 2297 evenient
1416 2270 1488 2297 intra
1504 2275 1609 2305 septem
1627 2270 1677 2297 hos
1692 2270 1772 2302 dies;

994 2316 1050 2346 die,
1076 2316 1199 2350 inquam,
1213 2317 1247 2342 ab
1267 2315 1400 2342 hodierno
1422 2320 1545 2342 vertente
1571 2320 1680 2348 octavo,
1696 2324 1775 2343 vera-

994 2368 1052 2388 cetn
1069 2369 1112 2388 tne
1135 2361 1218 2388 rebus
1243 2362 1367 2395 patratis,
1385 2369 1453 2396 quas
1468 2361 1575 2388 fttturas
1588 2361 1673 2394 edixi,
1693 2362 1772 2397 plane

993 2408 1105 2434 senties.

1029 2453 1059 2480 V.
1076 2452 1168 2480 Rediit
1191 2453 1224 2480 ab
1241 2453 1293 2480 hoc
1313 2453 1450 2487 colloquio
1475 2461 1522 2480 rex
1539 2454 1625 2480 multo
1640 2453 1771 2481 sedatiori

992 2499 1084 2526 animo
1099 2499 1222 2525 domum.
1247 2499 1285 2526 Ae
1310 2507 1373 2526 eum
1390 2500 1523 2531 postridie
1539 2500 1626 2535 prima
1641 2507 1675 2527 ex
1700 2508 1770 2535 pra:-

992 2543 1126 2570 nuntiatis
1138 2543 1294 2570 advenisset
1306 2543 1414 2578 legatio,
1429 2548 1587 2578 caeteracquc
1600 2552 1694 2572 omnes
1706 2553 1771 2572 con-

993 2588 1067 2614 tinua
1085 2587 1154 2614 intra
1183 2587 1381 2614 ltebdotnadem
1403 2589 1474 2615 serie
1500 2590 1693 2623 apparuissent
1707 2598 1769 2618 cum

991 2633 1071 2659 donis
1084 2633 1221 2664 indicatis,
1232 2633 1371 2660 admirans
1382 2633 1462 2660 fidem
1473 2635 1576 2661 oraculi
1594 2642 1640 2661 rex
1653 2635 1770 2662 subinde

991 2678 1156 2705 audit-betur
1176 2680 1349 2706 exclamare:
1366 2679 1436 2706 Vere
1461 2679 1573 2707 insantts
1587 2685 1629 2707 est
1643 2681 1688 2715 qui
1704 2689 1769 2709 con-

991 2726 1050 2751 silia
1067 2726 1099 2752 de
1114 2726 1196 2752 rebus
1210 2725 1267 2751 suis
1282 2734 1335 2752 non
1350 2734 1363 2752 a
1377 2726 1443 2752 solis
1454 2726 1504 2752 sibi
1521 2726 1658 2754 fidissimis
1671 2729 1769 2762 qumrit

990 2775 1016 2797 ct
1032 2772 1141 2804 accipit.
1161 2771 1206 2797 Die
1235 2779 1316 2805 porro
1344 2771 1402 2805 ipso
1430 2773 1546 2806 scptitno
1561 2780 1622 2799 cum
1642 2774 1768 2801 ultitnttnt

990 2817 1124 2842 donorum
1142 2816 1334 2850 praedictorum
1349 2816 1400 2852 ipsi
1422 2823 1495 2845 esset
1519 2819 1651 2850 oblatum,
1667 2827 1768 2847 corona

989 2861 1118 2888 videlicet
1136 2861 1341 2895 pretiosissima,
1357 2863 1469 2891 ditnisso
1493 2871 1540 2890 rex
1563 2864 1711 2893 honorifice
1727 2867 1767 2893 le—
