1913 3068
104 135 172 168 1327

100 243 203 266 stantes
214 247 279 268 suos
291 241 342 268 sibi
355 242 454 270 familia
461 245 582 273 rissimos
596 247 663 273 dixit
675 256 680 274 :
697 246 768 275 Nihil
781 249 878 275 borum

98 285 161 312 volo
179 286 246 312 mihi
263 295 382 321 scrvare,
400 290 446 316 sed
462 291 488 317 in
518 299 566 318 vos
591 292 656 320 inihi
674 293 878 321 benevolentis-

100 331 184 359 simos
198 340 337 367 spargere,
354 334 540 364 dulcissimam
558 341 709 372 praesertim
735 340 879 374 conjugem

100 376 197 403 Palada
215 378 256 411 (ea
273 383 338 405 tunc
358 379 463 413 aberat,
479 381 512 408 de
531 390 607 410 more
624 391 751 418 gynaaceo
776 385 880 419 clausa)

100 427 264 457 nostrosque
280 424 393 457 liberos.
411 430 492 461 teque
506 427 606 460 Palari,
623 429 689 456 mihi
706 430 878 463 chariSsime;

100 475 161 493 naut
178 475 225 494 vos
238 476 334 496 omnes
350 470 390 498 sic
416 471 444 498 in
469 479 511 499 me
528 473 642 500 achctos
659 475 734 506 novi,
748 481 776 501 ut
790 475 880 510 capita

99 512 226 548 vitasque
255 519 362 542 vestras
385 524 440 544 non
458 517 518 545 sitis
535 518 687 546 dubitaturi
712 528 772 547 mea
799 529 880 548 causa

99 557 150 584 sub
166 560 342 593 quantumvis
356 561 504 590 discrimen
521 563 638 592 mittere.
654 565 693 592 Ad
707 573 739 592 ea
755 565 878 594 Palarius

100 604 240 638 respondit
255 614 262 632 :
275 605 389 641 Conjugi
402 608 510 642 quidem
525 614 578 637 tute
593 618 624 637 ac
636 611 742 642 liberis,
756 612 879 645 domine,

100 655 172 678 recte
189 652 238 678 ista
254 652 393 686 diviseris,
410 662 459 682 nos
477 663 543 682 vero
571 657 696 684 subditos
721 665 775 684 non
801 658 881 684 decet

101 696 127 722 in
160 705 251 723 rerum
278 699 373 725 taliutn
402 702 623 728 communionem
649 703 806 731 adtnisceri.
829 703 880 731 Cui

101 749 158 773 rex,
172 742 227 770 lmo
246 748 282 774 te,
301 744 398 779 inquit.
416 745 443 772 in
468 746 565 781 primis
587 748 648 775 volo
668 749 803 776 bonorum
822 757 880 776 οιιι-

101 788 176 814 niunt
211 797 333 816 meorunt
357 797 417 818 esse
441 792 610 827 participem,
637 802 754 827 quorum
776 801 880 828 partem

102 833 245 860 maximam
267 835 341 862 euris
359 844 408 870 pro
429 844 471 864 me
493 837 547 864 tuis
563 843 589 864 et
615 839 781 866 ﬁdelissima:
797 839 881 867 bene-

800 148 1001 180 API‘ENDIX.

101 198 164 227 gato
177 194 222 226 qui
241 193 386 228 detulerat,
412 197 489 225 la'tus
506 203 533 227 et
550 201 692 236 gratulans
708 202 740 229 ad
761 203 879 229 circum-
896 214 916 240 Α

1644 154 1716 186 1328

969 203 1009 230 Vl.
1040 203 1142 231 Eodem
1170 204 1213 232 die
1241 214 1302 233 cum
1326 215 1371 234 rex
1397 207 1524 235 hilariter
1540 216 1588 243 pro
1614 214 1715 236 cmtera

936 255 989 276 tam
1007 249 1100 277 faustae
1116 250 1184 277 lueis
1201 251 1294 279 laetitia
1310 259 1441 283 cmnaret,
1459 254 1536 281 Palas
1566 256 1670 288 regina.
1686 260 1716 282 ut

935 300 1009 323 tanto
1030 296 1113 330 magis
1132 296 1305 325 formidatam
1330 299 1380 325 sibi
1401 300 1472 334 regis
1487 307 1520 326 ex
1538 305 1606 326 nutu
1622 302 1713 334 suspi-

933 341 1040 367 cionem
1058 341 1219 373 discuteret,
1246 347 1432 377 praetereaque
1449 343 1605 370 ostenderet
1620 344 1716 377 quanti

933 385 1037 412 faceret
1060 393 1191 412 coronam
1216 386 1288 413 dono
1314 387 1366 413 sibi
1384 390 1486 419 datam,
1501 395 1627 422 gynmceo
1651 395 1716 422 pro-

934 430 1023 461 diens,
1039 438 1100 456 cum
1116 438 1217 458 corona
1233 431 1260 458 in
1279 433 1381 466 capite,
1397 439 1425 459 et
1438 438 1536 460 caetero
1549 441 1630 468 quam
1652 441 1718 467 spe-

933 475 1088 503 ciosiSsimo
1104 481 1213 508 ornatu,
1229 477 1334 504 discum
1362 486 1489 509 aureum,
1508 485 1587 512 orjza
1603 478 1717 512 plentnn

934 521 1148 555 exquisitissime
1171 522 1291 554 condita,
1323 531 1404 550 manu
1433 524 1534 553 ferens,
1550 524 1664 550 accessit
1682 523 1718 549 ad

934 573 1056 592 mensam
1072 566 1271 594 discumbentis
1299 567 1388 601 regis:
1407 567 1504 594 eodem
1523 572 1656 602 tempore,
1675 568 1719 594 in-

934 615 1041 638 certum
1057 616 1153 646 sponte
1168 619 1202 639 an
1219 617 1343 644 evocata,
1358 613 1446 648 pellex
1468 613 1502 640 de
1516 621 1568 647 qua
1583 613 1717 644 diximus,

934 656 1062 684 cubiculo
1077 657 1141 684 item
1159 665 1269 692 egressa
1291 666 1351 690 suo,
1378 664 1488 693 gestans
1511 658 1609 693 pallam
1624 659 1719 685 cocci—

934 709 1013 729 neatn
1032 711 1113 737 quam
1130 711 1144 729 a
1164 711 1226 738 rege
1253 708 1406 738 acceperat,
1429 704 1556 739 apparuit
1575 704 1602 730 in
1630 704 1692 730 aula
1709 713 1718 736 ;

934 752 962 774 et
977 755 1038 775 cum
1053 747 1126 782 regis
1142 752 1198 774 tum
1215 749 1362 776 astantium
1384 755 1546 777 cunctorum
1559 749 1592 776 ad
1609 758 1638 777 te
1650 758 1719 777 oeu-

933 793 976 820 los
993 793 1140 821 convertit.
1169 794 1251 821 Movit
1265 795 1337 822 enim
1361 802 1458 822 omnes
1475 795 1542 822 mira
1559 798 1612 827 res,
1627 795 1719 830 fulgor

935 839 1043 866 nativus
1071 839 1295 874 exquisitissima:
1323 840 1452 868 illiusset
1486 849 1626 876 nunquam
1651 842 1720 868 visa:

101 879 228 906 volentia!
249 885 388 914 acceptam
407 881 474 909 fero.
488 881 535 910 llis
552 883 633 911 dictis
647 884 679 911 ad
704 882 878 919 partitionem
893 886 917 915 B
933 893 1071 920 purpurat,
1092 893 1153 920 qua:
1168 893 1200 913 ex
1218 886 1277 920 ipso
1299 885 1394 913 limine
1410 890 1494 914 vasta:
1508 886 1588 918 aulae,
1604 894 1659 921 quo
1671 886 1719 913 fu-

101 932 245 951 munerum
272 934 417 961 aggressus
434 935 494 960 rex,
523 929 575 956 sibi
592 929 705 964 quidem
730 930 883 957 reservavit

100 972 272 1005 elephantem
289 973 448 1006 candidum,
461 982 516 1009 quo
536 975 619 1002 etiam
635 975 759 1004 invectus
786 976 882 1003 eodem

100 1016 144 1044 die
164 1025 213 1053 per
234 1019 329 1046 urbem
350 1019 452 1054 regiam
471 1027 500 1047 se
522 1020 669 1048 videndum
701 1022 835 1056 prrebuit;
851 1021 883 1048 fi-

101 1061 138 1088 lio
161 1070 212 1089 suo
231 1071 315 1089 unum
341 1071 476 1098 cqttorum
493 1064 578 1096 dedit,
602 1065 727 1100 privigno
742 1066 858 1092 alterum
875 1075 882 1099 ;

101 1107 207 1135 Palario
232 1107 362 1135 eximium
392 1110 468 1137 illum
496 1118 590 1138 ensem
621 1111 754 1145 donavit;
778 1120 884 1146 pannos

101 1155 226 1183 attalieos
251 1160 394 1191 vestesque
417 1157 575 1191 peregrinas
604 1157 724 1192 ingentis
750 1159 829 1192 pretii
849 1159 881 1186 ad

102 1201 254 1228 solitarium
281 1202 451 1229 somniorum
471 1202 650 1238 interpretem
682 1203 766 1236 misit,
792 1210 881 1239 togam

103 1255 267 1282 purpuream
283 1252 311 1275 et
327 1256 455 1275 coronam
475 1249 581 1276 Palario
595 1249 733 1276 commisit
747 1250 774 1276 in
794 1258 884 1285 gyme-

101 1299 181 1318 ccum
210 1292 383 1325 deferendas,
408 1301 463 1327 qtto
490 1298 517 1320 et
532 1293 589 1328 ipse
607 1301 668 1320 mox
686 1294 827 1329 inopinato
844 1295 883 1322 ire

103 1339 198 1366 voluit.
228 1339 361 1373 Ingressis
385 1339 520 1367 ambobus
546 1340 573 1366 iu
600 1340 758 1367 cubiculum
775 1340 885 1368 Pal-adis

103 1384 214 1418 reginae,
242 1385 337 1412 eodem
360 1385 486 1412 advocari
517 1393 562 1412 rex
586 1386 668 1421 jussit
692 1391 720 1413 et
746 1387 882 1421 pellicctn,

103 1437 183 1463 quam
208 1430 363 1464 deperibat,
386 1431 578 1458 dissimulante
595 1431 702 1466 injuria:
719 1437 800 1459 tanta:
822 1440 884 1459 sen-

103 1482 164 1502 sum
182 1475 292 1507 Palade,
309 1483 360 1510 pro
384 1483 433 1503 sua
458 1481 555 1503 caetera
583 1477 771 1503 moderatione
787 1484 819 1504 ac
840 1484 884 1503 sa-

103 1520 218 1554 pientia,
242 1528 296 1554 qua
323 1521 410 1547 fretus
440 1529 486 1548 rex
514 1521 627 1548 minime
652 1522 766 1549 curabat
783 1521 816 1549 de
832 1522 884 1549 hac

934 930 1036 957 naliun
1055 931 1102 958 lux
1126 939 1181 959 non
1205 931 1258 959 nisi
1275 931 1389 959 remissa
1405 931 1587 966 pertingebat,
1605 932 1721 966 proprio

934 976 1082 1011 splendens
1105 976 1220 1009 lumine,
1248 977 1333 1004 aciem
1354 977 1538 1011 spectantium
1554 978 1721 1004 suavissime

933 1019 1104 1054 perstrinxit.
1130 1020 1198 1052 Rex,
1224 1019 1326 1047 dudum
1355 1020 1442 1047 forma
1471 1026 1566 1056 captus
1595 1023 1719 1049 mulieris

934 1065 1017 1096 illitis,
1029 1073 1091 1092 cum
1113 1065 1167 1101 jam
1186 1066 1258 1093 illam
1281 1071 1336 1093 tam
1355 1067 1477 1101 speciose
1502 1067 1652 1094 radiantem
1667 1067 1721 1094 mi~

933 1109 983 1137 stis
998 1109 1054 1136 oris
1074 1117 1105 1136 ac
1131 1114 1200 1145 toga:
1219 1110 1375 1146 fulguribus
1399 1111 1518 1144 videret,
1534 1112 1626 1146 gestiit
1644 1112 1720 1138 haud

934 1155 1018 1182 dubie
1033 1156 1059 1182 in
1078 1155 1179 1183 indicia
1195 1156 1356 1183 naturaliter
1372 1164 1405 1183 ex
1420 1157 1507 1184 oculis
1521 1157 1659 1184 exstantia
1676 1162 1719 1184 te—

934 1201 1047 1228 nerrimi
1060 1202 1170 1234 amoris,
1180 1210 1240 1236 qua:
1249 1210 1297 1229 cor
1306 1202 1421 1233 Paladis,
1435 1202 1603 1236 triumphum
1612 1203 1721 1229 aemulae

935 1247 1085 1279 cernentis,
1114 1247 1168 1274 alte
1197 1248 1443 1275 convulnerarunt.
1460 1247 1646 1275 Exaeerbabat
1663 1248 1722 1281 pla-

934 1301 995 1329 gam
1012 1294 1244 1328 dolor‘conscius
1266 1302 1343 1321 saeva:
1367 1294 1551 1325 necessitatis,
1575 1301 1628 1328 qua
1652 1302 1721 1321 coa-

934 1345 1005 1367 ctam
1019 1348 1047 1367 se
1067 1341 1230 1368 meminerat
1242 1348 1336 1368 errare
1364 1340 1391 1367 in
1416 1341 1562 1372 electione,
1579 1346 1654 1368 tanto
1671 1341 1721 1367 ad-

934 1387 1063 1413 versarize
1080 1394 1137 1413 sum
1159 1386 1313 1413 commodo.
1330 1385 1385 1413 [los
1405 1386 1490 1413 animi
1515 1391 1598 1413 aestus
1624 1387 1722 1413 incen-

935 1431 1017 1458 debat
1032 1439 1138 1458 morsus
1163 1432 1256 1459 acrior
1273 1439 1381 1459 arcanae
1403 1432 1557 1467 zelotypiae,
1572 1440 1637 1466 qua,
1662 1432 1719 1459 etsi

936 1485 1044 1504 summo
1066 1485 1176 1512 semper
1200 1477 1370 1504 dissitnulata
1384 1477 1487 1507 studio,
1505 1477 1601 1504 intime
1627 1482 1720 1504 tamen

936 1521 1038 1548 duduttt
1055 1522 1190 1549 muliebre
1203 1522 1333 1549 urebatur
1349 1527 1455 1558 pectus.
1481 1522 1588 1557 Adjecit
1621 1529 1721 1549 cumu-

103 1572 151 1592 sua
169 1565 242 1591 illam
259 1565 470 1600 intemperantia
488 1566 588 1593 celare.
608 1566 741 1593 Adductis
766 1574 831 1602 ergo
856 1566 883 1593 in
899 1565 919 1595 C
935 1567 993 1594 lum
1020 1570 1060 1594 tot
1083 1567 1185 1595 furoris
1201 1568 1304 1599 causis,
1329 1572 1358 1595 et
1386 1569 1464 1603 quasi
1487 1568 1576 1595 oleum
1603 1567 1721 1594 ﬂammae

105 1611 176 1645 regis
194 1617 371 1646 conspectum
390 1619 474 1639 uxore
490 1612 571 1639 simul
589 1616 615 1639 et
630 1613 736 1648 pellice,
753 1620 800 1639 rex
816 1620 885 1640 con-

103 1667 198 1686 versus
221 1661 253 1685 ad
277 1660 411 1694 reginam,
429 1660 503 1694 Elige
527 1659 599 1694 quod
621 1659 716 1691 mavis,
733 1657 835 1693 inquit,
852 1665 885 1684 ex

104 1705 155 1733 hac
172 1710 231 1740 toga
247 1713 385 1740 purpurea
400 1710 427 1733 et
451 1713 569 1738 corona;
586 1704 657 1739 quod
679 1710 705 1731 tu
727 1703 884 1738 reliqueris,

105 1752 162 1779 lucc
182 1752 267 1779 tollet.
288 1751 442 1780 Cunctante
456 1752 483 1778 in
508 1750 686 1778 deliberando
711 1750 821 1782 Palatio,
836 1750 886 1777 Pa-

105 1797 195 1825 lat-ius
205 1802 308 1829 astans,
321 1802 349 1824 et
365 1801 538 1832 compertum
554 1796 671 1828 habens,
686 1795 773 1822 multo
787 1795 888 1829 pretio-

104 1843 204 1869 siorem
225 1849 325 1869 corona
352 1845 456 1868 vestem
485 1848 557 1872 esse,
584 1840 659 1867 nietu
684 1840 756 1866 oculi
785 1839 886 1882 furtivo

106 1888 205 1923 regina:
225 1888 324 1919 innuit,
342 1892 372 1914 ιιι
388 1892 476 1922 togam
492 1887 614 1921 eligeret.
632 1885 795 1914 0b~ervavit
810 1885 886 1912 illum

106 1937 202 1957 nutum
219 1938 277 1962 rex,
295 1936 322 1957 et
340 1931 392 1957 hoc
415 1931 504 1965 ipsum
520 1938 583 1957 cuin
601 1930 722 1957 Palarius
738 1935 795 1957 tum
808 1929 888 1958 Palas

106 1976 365 2009 animadvertentes,
394 1977 452 2011 pari
473 1977 553 2004 atnbo
577 1985 642 2004 cura
667 1982 828 2005 aestuaruut.
849 1977 888 2005 lla

106 2022 146 2050 illi
171 2025 204 2049 ad
225 2023 394 2057 procuranda
419 2022 491 2058 regis
519 2030 551 2050 ac
578 2023 652 2058 regni
682 2023 825 2050 commoda
853 2031 887 2050 ex

107 2068 193 2095 multo
211 2068 265 2104 jam
282 2072 406 2102 tempore
421 2069 624 2103 eonspirabant,
638 2073 667 2096 ut
679 2068 887 2104 diligentissime

107 2119 246 2147 caverent,
273 2122 307 2142 nc
340 2115 423 2142 ullam
449 2116 521 2142 inter
544 2123 593 2142 eos
619 2123 679 2142 esse
709 2115 885 2141 consiliorum

108 2161 328 2189 communionem
355 2161 487 2196 suspicari
508 2161 651 2195 quisquam
679 2165 786 2195 posset;
803 2167 888 2195 quare

935 1612 1051 1645 addidit,
1081 1620 1133 1639 vox
1158 1617 1224 1640 tuttc
1251 1613 1344 1640 audita
1371 1613 1562 1648 compellantis
1589 1613 1721 1640 Paladem

935 1659 1017 1693 regis,
1036 1658 1079 1686 his
1094 1658 1241 1686 admodum
1259 1659 1368 1686 verbis:
1384 1659 1498 1694 Semper
1512 1665 1537 1687 te
1560 1659 1721 1694 prudentis-

934 1704 1041 1735 simam.
1055 1711 1114 1732 mea
1134 1705 1220 1737 Palas,
1238 1704 1408 1732 adverteram
1426 1713 1434 1736 ;
1448 1713 1524 1732 nunc
1535 1713 1618 1739 cogor
1633 1713 1721 1739 agno-

936 1758 1013 1778 scere
1031 1751 1123 1777 miuus
1139 1750 1220 1778 hodie
1234 1751 1357 1786 sapuisse
1377 1756 1402 1778 te
1417 1759 1480 1778 cum
1502 1751 1572 1778 hanc
1588 1758 1722 1778 coronam

935 1795 976 1822 illi
1001 1799 1068 1830 toga:
1085 1795 1241 1830 prmoptasti
1256 1803 1263 1828 ;
1279 1803 1312 1822 en
1339 1800 1367 1822 ut
1393 1801 1486 1830 spreto
1514 1804 1530 1822 a
1554 1801 1580 1823 te
1607 1803 1722 1822 munere

937 1842 1024 1868 amica
1044 1849 1117 1868 nunc
1133 1841 1262 1877 praecellit
1275 1849 1345 1870 mea.
1362 1841 1410 1869 llic
1426 1841 1506 1876 qttasi
1520 1841 1635 1868 ultimus
1648 1841 1723 1868 aric-

937 1885 972 1913 tis
987 1886 1120 1920 impulsus
1130 1886 1156 1913 in
1171 1894 1278 1913 murum
1293 1886 1320 1913 in
1335 1887 1440 1913 ruinam
1450 1894 1576 1921 pronum,
1594 1886 1722 1913 conside-

938 1930 1082 1957 ratissitnze
1096 1930 1162 1957 alias
1175 1935 1305 1957 matrona:
1321 1931 1501 1957 constantiam
1513 1930 1624 1957 evertit.
1639 1929 1723 1956 Passa

936 1976 1066 2010 quiddam
1094 1976 1261 2007 humanitus.
1291 1984 1354 2003 cutn
1386 1977 1466 2003 etiam
1488 1976 1619 2004 insultare
1647 1977 1724 2003 ultro

936 2021 989 2049 sibi
1010 2030 1099 2057 regem
1116 2022 1287 2056 opinaretur,
1311 2030 1394 2057 quam
1410 2031 1491 2049 manu
1517 2023 1640 2057 gestabat
1663 2022 1724 2049 latt-

938 2075 997 2095 cem
1015 2074 1089 2096 recta
1105 2069 1131 2095 iu
1147 2069 1208 2104 ejus
1220 2074 1302 2103 caput
1317 2069 1438 2104 impegit,
1450 2069 1486 2095 ita
1504 2075 1533 2095 ut
1547 2069 1606 2104 ejus
1618 2068 1723 2096 cidaris

937 2122 969 2142 ac
990 2119 1077 2142 totum
1104 2116 1327 2150 paludamentum
1353 2116 1440 2142 cll‘uso
1466 2123 1498 2142 ac
1524 2115 1594 2143 foede
1625 2122 1723 2149 sparso

935 2161 997 2195 jure
1025 2161 1227 2195 inquinaretur,
1245 2169 1361 2195 moxque
1377 2165 1504 2187 avertens
1520 2161 1598 2187 abiit.
1613 2160 1722 2187 Excan-

110 2208 137 2234 in
165 2211 231 2233 ntttu
250 2207 295 2234 illo
315 2211 378 2233 ttutc
404 2206 578 2240 deprehensi,
596 2206 675 2233 tacite
695 2215 744 2240 pro
758 2214 786 2234 se
812 2206 888 2240 quis-
904 2226 925 2253 Β
939 2206 1000 2233 duit
1020 2214 1076 2238 rex,
1100 2213 1229 2240 proceres
1253 2206 1467 2232 exhorruerunt.
1489 2205 1581 2232 Pellex
1609 2205 1636 2232 in
1657 2205 1721 2231 sinu

108 2260 161 2288 que
179 2253 363 2280 decreverunt
382 2253 446 2280 dare
465 2252 588 2280 sedulam
615 2260 726 2286 operam
743 2260 777 2279 ne
796 2257 887 2286 posset

111 2305 157 2324 rex
179 2297 231 2324 isto
247 2305 279 2324 ex
299 2298 377 2332 signo
393 2297 545 2332 intelligere
561 2297 634 2332 quod
660 2297 785 2332 ignorare
812 2297 888 2323 illutn

109 2343 226 2370 maxime
244 2343 384 2370 volebant.
401 2342 466 2369 Eam
484 2343 516 2369 ad
536 2350 592 2369 rem
613 2343 742 2377 deinceps
762 2342 888 2369 Palarius

110 2389 247 2415 alTeclavit
261 2388 377 2415 similem
391 2388 462 2415 oculi
478 2388 581 2415 uictum
595 2388 817 2423 frequentissime
830 2388 889 2415 sine

109 2443 189 2462 causa
207 2434 300 2467 edere,
313 2442 367 2468 quo
384 2442 431 2460 rex
456 2434 554 2461 vitium
574 2433 600 2460 id
632 2435 703 2461 oculi
729 2442 783 2461 non
801 2439 889 2461 artem

109 2481 294 2511 existimaret;
312 2480 439 2513 incoque
465 2484 517 2506 tam
538 2484 666 2506 constans
684 2480 744 2511 fuit,
770 2484 799 2506 ut
823 2487 890 2514 qua-

109 2526 232 2560 draginta
248 2525 310 2552 totis
329 2524 499 2558 annis,quot
523 2524 622 2551 deinde
646 2525 795 2559 permansit
817 2524 889 2559 apud

110 2580 199 2605 regem
223 2571 360 2603 assiduus,
390 2570 488 2597 nictari
514 2570 628 2598 subinde
653 2570 733 2598 oculo
753 2571 889 2605 similiter,

113 2623 141 2645 ut
162 2623 226 2644 tunc
251 2617 365 2648 fecerat,
390 2625 444 2643 non
471 2616 617 2644 destiterit.
636 2616 738 2651 Regina
763 2624 841 2650 vero,
857 2625 891 2645 tte

111 2665 192 2691 istum
217 2668 315 2690 ntttunt
338 2663 380 2689 vel
401 2662 567 2690 intellexisse
588 2663 630 2690 vel
652 2668 773 2691 secutam
787 2672 816 2691 se
832 2672 891 2692 esse

110 2709 243 2744 suspicari
271 2716 319 2735 rex
345 2713 448 2743 posset,
471 2709 504 2735 de
529 2709 664 2736 industria
691 2714 786 2737 contra
810 2718 891 2745 quam

112 2754 156 2780 ille
179 2754 348 2781 monstrabat
376 2754 453 2787 fecit,
469 2762 599 2782 coronam
622 2755 726 2789 eligens
751 2764 804 2791 prm
820 2757 890 2791 palla

112 2799 156 2825 il'a
172 2807 319 2834 purpurea,
337 2800 399 2828 licet
422 2800 492 2828 hanc
514 2809 566 2828 non
587 2801 724 2837 ignoraret
747 2802 892 2837 pretiosio-

112 2851 168 2871 rem
184 2854 255 2873 ‘fSSC.

939 2251 1041 2286 gavisa,
1060 2255 1086 2278 et
1103 2252 1226 2286 proxime
1256 2259 1285 2279 se
1305 2251 1444 2278 admotam
1461 2251 1518 2286 spei
1547 2251 1623 2286 regni
1639 2251 1723 2278 tacite

939 2298 1088 2333 gratulans,
1107 2298 1139 2324 iis
1155 2305 1244 2332 regem
1260 2295 1349 2324 oculis
1365 2299 1478 2330 aspexit,
1497 2297 1543 2331 qui
1558 2298 1662 2323 zemulu:
1677 2297 1723 2323 itt-

940 2343 1051 2370 leritum
1078 2344 1175 2378 quavis
1205 2344 1341 2370 ellieacius
1357 2343 1530 2370 accusatione
1550 2347 1724 2377 perorarent.

940 2388 1022 2423 Regis
1040 2393 1102 2424 post
1127 2389 1262 2417 intentum
1280 2393 1307 2416 et
1322 2389 1397 2416 varie
1420 2389 1566 2415 sollicitum
1581 2389 1724 2415 silentium

940 2435 1076 2462 universae
1089 2435 1157 2462 aulae
1179 2435 1314 2462 sententia
1336 2435 1476 2461 intonuit:
1493 2434 1616 2460 Tollatur
1630 2442 1645 2461 e
1662 2442 1723 2461 Ille-

941 2478 986 2505 dio
997 2486 1057 2514 quae
1070 2483 1175 2506 tantum
1184 2487 1247 2506 ausa
1259 2483 1311 2512 est;
1325 2481 1401 2506 nefas
1410 2483 1452 2505 est
1463 2479 1555 2505 vivere
1571 2483 1624 2505 tant
1635 2479 1725 2505 licett-

942 2529 983 2552 ter
998 2529 1096 2559 spreta:
1110 2533 1183 2551 ream
1199 2530 1301 2552 nostra:
1316 2525 1476 2559 majestatis.
1502 2523 1572 2550 Tum
1593 2524 1626 2550 ad
1650 2524 1726 2550 Pala~

941 2570 1013 2598 rium
1039 2578 1188 2598 conversus
1213 2571 1246 2598 de
1273 2579 1350 2598 more
1370 2575 1523 2597 astantem:
1541 2570 1604 2602 Abi,
1620 2569 1725 2600 Palari.

942 2624 989 2643 rex
1005 2616 1052 2648 ait,
1071 2617 1122 2644 [ide
1139 2617 1206 2644 mihi
1225 2617 1304 2644 solita
1321 2621 1349 2644 et
1361 2617 1413 2644 hoc
1427 2615 1579 2649 obsequere
1592 2624 1600 2643 ;
1614 2623 1680 2641 cura
1694 2621 1726 2642 ut

942 2662 1015 2690 diem
1035 2663 1184 2689 crastinum
1203 2662 1281 2690 Palas
1303 2669 1357 2688 non
1377 2661 1476 2688 videat.
1500 2660 1547 2689 His
1564 2660 1644 2687 dictis
1658 2667 1724 2694 pcr—

943 2708 1158 2740 turbatissimus,
1186 2708 1304 2742 abrupto
1326 2707 1464 2739 convivio,
1488 2714 1516 2734 se
1539 2706 1668 2733 cubiculo
1684 2706 1728 2732 in-

942 2753 1035 2780 clusit.
1050 2753 1089 2780 lbi
1104 2757 1212 2780 noctem
1238 2753 1311 2780 illam
1340 2752 1421 2787 plane
1441 2752 1595 2778 insomnem
1611 2757 1639 2778 ct
1655 2751 1727 2778 duos

944 2804 1032 2827 tresve
1048 2800 1187 2826 inseeutos
1209 2799 1269 2826 dies
1292 2798 1447 2826 miserrime
1470 2797 1566 2824 anxios
1581 2796 1668 2827 duxit,
1682 2804 1727 2823 re-

943 2846 1147 2881 ciprocantibus
1178 2845 1349 2880 intemperiis
1383 2843 1568 2880 agitatissinaze
1604 2842 1727 2871 mentis:
