1913 3068
167 165 234 197 ῙΡΞΊ

605 169 797 201 SI’ECHlEN
822 171 1037 204 SAPIEYTLE
1061 176 1240 207 iNDOliUM
1264 178 1346 209 VEI‘.

1714 174 1721 203 1
1735 172 1780 201 “liii

163 223 314 251 “Vissm'c
341 223 492 258 “mserum
513 224 690 252 θτυεῖίὶιπιῑυτ
717 232 878 254 recurret)“:
901 230 1133 262 PCTAattcnlius
1160 236 1326 266 reputasset,
1353 231 1490 259 intellexit
1519 230 1693 257 innocentem
1713 236 1726 253 a
1755 237 1786 254 sc

164 270 247 301 vicesI
263 274 326 304 post
339 274 502 304 evaporatas
519 270 567 298 ira:
588 271 684 304 furias,
705 273 839 300 memoria
863 273 949 300 meri-

165 320 255 342 torum
271 315 434 350 ingentium.
449 316 587 344 verissimi
605 317 706 344 amoris
734 322 762 345 et
784 318 951 353 perspectis-

164 361 241 387 sima:
260 361 323 388 ﬁdei
343 361 464 388 Paludis.

201 405 256 432 Vl].
281 405 392 432 Interim
423 405 548 434 Palarius
572 406 718 435 abductam
742 408 862 435 statime
879 408 953 443 regia

166 452 307 483 Paludem.
326 452 405 487 quasi
418 452 451 478 ad
469 453 574 487 iussum
598 455 668 488 regis
685 454 903 488 exsequendum,
926 455 953 481 in

167 498 272 524 intimis
299 499 418 533 gynmcei
435 498 477 524 sui
494 498 642 526 domestici
662 500 774 527 latebris
795 499 952 531 abscondit,

168 543 283 570 multutn
306 544 397 570 obiter
415 543 569 571 incusatum
586 544 659 578 quod
676 545 703 572 in
719 546 802 572 istum
828 546 952 572 furorem

166 591 314 625 erupisset.
343 590 383 617 Ad
403 598 464 624 qua:
484 590 548 617 illa:
565 590 725 621 Peccatum.
742 591 842 625 inquit,
858 599 950 618 meum

168 637 259 664 subita
274 637 365 664 statim
386 636 548 671 pmnitentia
579 636 731 664 damnavit.
750 637 791 664 Tu
817 636 860 664 [ac
880 636 955 671 quod

168 683 264 715 debes,
281 686 309 709 et
326 682 384 717 regi
411 682 586 717 obsequere;
612 691 666 710 non
694 687 846 710 merentem
873 683 955 710 modo

169 735 224 759 me,
254 728 300 755 sed
325 732 354 755 et
380 728 519 755 volentem
545 729 589 755 his
608 728 671 755 vitae
688 728 818 756 ﬂuctibus
842 729 956 763 eripies.

168 775 218 802 Cui
236 774 372 806 Palarius,
386 775 461 802 Bona
473 774 568 807 verba,
581 775 680 809 inquit,
695 783 786 809 regem
799 775 956 810 perderem,

169 823 191 847 si
210 821 234 848 ei
251 828 327 849 nunc
341 821 573 855 obtemperarem.
596 820 661 847 Sine
684 828 728 847 me
747 821 786 847 uti
806 821 874 848 meis
892 821 960 848 arti-

171 867 234 898 bus,
249 867 317 894 alias
336 867 391 894 vidi
417 867 526 901 vicique
539 870 734 901 tempestates;
759 867 830 894 hanc
847 875 958 902 quoque

171 919 264 946 spero,
277 912 330 939 diis
342 911 406 938 huic
419 919 503 946 regno
515 910 641 946 propitiis
652 910 823 945 iuvantibus,
833 915 860 938 et
871 911 959 946 ipsam
976 908 996 936 Β

171 957 372 992 tranquillitate
404 956 637 985 commutandam.
652 956 764 983 Conﬁde
783 960 812 983 et
826 960 901 983 tace:
916 957 958 984 la-

172 1003 258 1030 tuisse
281 1003 355 1030 salus
381 1003 475 1035 fuerit,
503 1002 648 1037 resipiscet
672 1009 738 1028 rex:
755 1009 835 1029 serva
851 1006 878 1029 te
903 1009 961 1027 me-

173 1049 236 1076 Iinri
260 1048 388 1083 tempori.
411 1048 468 1076 Nec
495 1048 574 1082 plura
601 1047 711 1078 eﬁ‘atus,
735 1047 847 1083 proviso
867 1052 898 1074 ut
914 1047 960 1074 illa

173 1095 247 1129 regie
266 1095 423 1127 haberetur,
447 1095 494 1122 sed
520 1095 572 1122 sub
593 1094 813 1129 impenetrabilis
826 1095 900 1121 clave
918 1102 962 1121 ar-

174 1142 245 1173 cani,
272 1141 411 1168 consuetis
436 1141 494 1168 suis
516 1141 542 1168 in
568 1141 640 1176 regis
672 1141 774 1175 palatio
799 1140 962 1168 ministeriis

176 1197 204 1215 se
220 1187 348 1215 reddidit.
366 1187 407 1214 lbi
424 1195 486 1214 cum
504 1195 552 1214 rex
569 1187 616 1214 diu
637 1187 796 1214 admitteret
811 1186 961 1219 neminem,

177 1235 286 1262 tandem
301 1234 332 1261 a.|
347 1241 410 1261 eum
428 1241 476 1269 pro
492 1233 554 1268 iure
568 1233 762 1260 familiaritatis
781 1233 895 1264 intimae,
911 1240 964 1259 nec

177 1285 301 1311 vocatus,
318 1279 443 1307 Palarius
460 1283 617 1314 penetrans,
631 1279 701 1311 Quo,
716 1278 837 1311 domine,
852 1278 901 1310 ait,
918 1277 963 1305 hic

178 1326 269 1352 luctus
296 1330 350 1352 tam
370 1325 520 1360 pertinax?
534 1333 584 1352 cur
607 1329 633 1352 te
650 1332 682 1352 ac
697 1332 746 1351 nos
761 1331 857 1351 omnes
873 1327 963 1351 tecum

179 1371 305 1398 occidis?
321 1371 387 1398 Sera
415 1370 578 1406 pmnitentia
594 1378 646 1397 nec
661 1370 770 1398 laudem
797 1377 848 1397 nec
872 1377 963 1400 ttsurn,

179 1424 213 1443 ne
233 1415 340 1442 vcniaru
359 1415 470 1450 quidem
491 1415 592 1443 habet:
608 1415 675 1450 quin
699 1420 727 1442 et
750 1415 909 1450 gravissime
926 1414 966 1441 vi-

179 1466 324 1496 tuperatur
348 1468 363 1488 a
381 1460 564 1494 sapientibus,
590 1459 705 1487 insanize
721 1459 860 1486 ascribere
877 1458 966 1486 solitis

179 1507 302 1534 dolorem
317 1506 351 1534 de
365 1514 430 1534 casu
454 1505 640 1538 irrevocabili,
659 1512 715 1541 quo
729 1509 757 1533 et
772 1505 881 1532 animus
898 1505 966 1540 deji-

180 1554 265 1585 citur,
279 1558 307 1580 et
325 1561 425 1589 corpus
444 1557 608 1585 maceratur,
634 1557 662 1579 et
685 1552 786 1579 malum
805 1551 966 1578 immedica-

180 1598 235 1625 bile
252 1598 404 1625 inlortunio
425 1597 506 1632 longe
531 1597 636 1624 tetriori
652 1598 820 1624 cumulatur.
835 1596 886 1630 Qui
902 1597 967 1624 huic

182 1643 305 1678 indulget
328 1643 439 1670 all‘ectui
457 1643 595 1670 homicida
617 1643 659 1671 sui
674 1643 761 1678 ipsius
782 1647 835 1675 est,
851 1643 967 1670 aemulus

181 1689 305 1717 stultitia:
331 1690 452 1717 columbi
483 1689 530 1724 qui
557 1690 646 1717 occisa
677 1696 726 1723 per
752 1688 967 1723 imprudentiam

181 1742 321 1770 compare,
338 1742 457 1762 mmrore
483 1735 540 1768 ipse
563 1733 680 1761 interiit.
696 1733 799 1761 Fabula
815 1741 870 1760 non
886 1733 968 1768 longa

183 1780 223 1807 sic
239 1785 388 1807 narratur:
402 1779 553 1807 Columbus
575 1784 603 1806 et
624 1780 751 1806 columba
765 1779 827 1806 vita:
840 1779 907 1806 inita
922 1785 968 1805 so-

183 1826 292 1856 cietate,
308 1825 402 1859 granis
430 1824 546 1850 humore
565 1823 681 1858 turgidis
695 1824 763 1851 satis
779 1831 876 1858 magna
889 1823 970 1857 copia

183 1870 322 1905 congestis
342 1870 369 1897 in
396 1877 492 1896 cavum
520 1868 665 1900 familiare,
692 1868 831 1896 communi
855 1869 971 1896 consilio

184 1921 375 1948 decreverant,
392 1924 425 1943 ex
449 1923 483 1943 eo
509 1915 620 1942 cumulo
644 1914 712 1942 nihil
739 1922 863 1950 carpere,
880 1914 971 1949 quoad

183 1972 234 2000 per
251 1967 372 1990 restatem
394 1964 552 1996 suppeteret
581 1960 710 1995 pabulum
732 1960 759 1987 in
775 1960 847 1995 agris
862 1968 869 1993 ;
886 1967 973 1987 anno-

185 2018 249 2037 nam
264 2009 365 2044 quippe
380 2007 455 2035 illam
471 2007 497 2034 in
513 2007 630 2034 hiemem
654 2006 841 2040 previderant.
859 2006 971 2033 Interim

185 2057 268 2084 ardor
287 2055 349 2082 creli
375 2053 528 2081 solstitialis
545 2054 599 2080 late
628 2053 720 2080 omnia
748 2060 916 2087 excoquens,
944 2053 972 2079 in

186 2103 316 2130 horreum
346 2107 457 2136 quoque
485 2099 558 2127 istud
585 2098 775 2126 columbinum
794 2098 971 2133 penetravit;

186 2149 269 2183 hujus
285 2147 310 2174 vi
325 2146 426 2182 granis,
443 2145 558 2172 humido
580 2144 608 2172 in
626 2151 742 2179 vapores
758 2144 914 2175 exhalante,
929 2143 974 2170 de-

186 2192 416 2224 tnmesccntibus,
433 2190 603 2226 singulisque
621 2189 676 2224 jam
695 2190 722 2216 in
745 2189 843 2216 molem
859 2189 973 2216 dimidio

1003 278 1147 312 coniugem
1171 278 1238 305 falso
1264 278 1380 306 crimine
1407 285 1581 312 oppressam,
1612 276 1684 302 unde
1710 275 1787 301 illum

1004 328 1095 351 tantus
1109 323 1208 351 invasit
1222 323 1302 351 dolor
1321 329 1351 351 ut
1365 323 1441 350 brevi
1457 321 1650 356 exspiraverit.
1669 321 1790 354 Suhjnn-

1003 377 1064 404 gain
1083 374 1110 396 et
1138 370 1222 396 alium
1250 370 1315 397 huic
1340 367 1629 404 apologutn:Simius
1657 366 1789 400 pupillum

1003 414 1197 442 lenticularum
1215 423 1230 442 c
1244 422 1324 442 sacco
1349 414 1462 441 viatoris
1482 414 1534 441 sub
1553 421 1602 439 sua
1633 411 1791 439 recubantis

1005 461 1103 487 arbore
1119 461 1236 491 furatus,
1261 461 1324 487 dum
1339 468 1354 487 e
1372 461 1467 494 rapina
1491 468 1540 486 sua
1557 460 1691 489 vescitur,
1710 457 1792 484 lentis

1005 506 1056 541 ipsi
1069 507 1222 540 granellunt
1237 507 1308 534 forte
1335 514 1419 533 unutn
1435 506 1548 533 excidit.
1564 505 1621 532 lloc
1638 505 1683 532 ille
1705 509 1733 530 nt
1747 512 1792 530 rc-

1005 553 1110 587 ciperet
1122 560 1232 579 manum
1249 552 1410 583 extendens,
1436 552 1580 579 lenticulas
1596 559 1665 586 quas
1683 558 1713 577 ea
1727 558 1793 576 cum

1006 598 1110 625 tiucbat
1125 605 1219 625 omnes
1233 598 1333 625 ell‘udit
1350 605 1381 625 ac
1397 597 1537 632 perdidit;
1556 605 1606 624 nec
1618 597 1692 623 illam
1709 602 1792 622 unant

1007 643 1092 677 ipsam
1110 652 1192 678 quam
1206 651 1287 671 avare
1315 644 1442 677 captabat.
1456 647 1610 671 assecutus.
1627 643 1664 669 De
1690 647 1715 669 te
1729 648 1794 667 nar-

1008 693 1093 715 ratam
1111 689 1191 721 hanc,
1204 688 1326 720 domine,
1337 688 1456 715 fabulam
1469 692 1545 722 puta.
1558 688 1699 715 Mulierem
1712 694 1794 713 unam

1008 734 1162 769 perdidisti,
1179 735 1245 769 quid
1262 734 1499 762 inconsolabiliter
1516 734 1636 762 matres?
1648 741 1698 760 cur
1716 737 1741 759 te
1755 732 1796 758 lu-

1009 784 1053 807 ctu
1066 780 1228 808 consumis?
1241 780 1279 806 En
1291 779 1377 807 habes
1392 787 1441 814 pro
1455 787 1509 806 una
1523 779 1697 806 innumeras:
1714 785 1795 813 quam

1009 833 1138 852 revocare
1154 826 1252 860 nequis
1277 825 1430 856 desideras,
1451 833 1520 860 quas
1541 824 1618 852 vides
1631 824 1742 852 aﬁluere
1757 823 1798 850 fa-

1010 870 1101 898 stidis.
1118 871 1159 898 An
1174 876 1302 900 constare
1332 871 1438 900 ratione
1463 871 1513 898 tibi
1541 871 1652 898 videtur
1670 870 1721 898 ista
1749 870 1798 896 tri~

1012 917 1107 944 sﬁﬁa?

1045 962 1114 990 Vill.
1147 962 1197 990 llic
1227 969 1286 994 rex,
1310 969 1392 996 quem
1421 970 1484 997 spes
1510 962 1645 990 hactenus
1673 961 1798 996 quaedam

1010 1007 1158 1035 iactaverat
1180 1008 1259 1036 dilati
1280 1016 1295 1035 a
1322 1008 1431 1035 Palario
1454 1007 1581 1042 supplicii
1605 1007 1725 1038 Paludis,
1753 1006 1800 1033 ubi

1011 1052 1148 1079 contraria
1173 1051 1340 1079 indicantem
1365 1051 1456 1086 ipsum
1481 1050 1574 1078 verbis
1595 1049 1676 1077 modo
1696 1050 1804 1078 auditis

1012 1097 1218 1130 animadvertit,
1231 1104 1285 1132 quo
1302 1097 1406 1124 certius
1419 1096 1529 1131 aliquod
1544 1096 1654 1124 eliceret
1666 1095 1804 1122 indicium

1012 1143 1077 1170 facti
1102 1143 1136 1170 dc
1167 1150 1222 1177 quo
1243 1142 1389 1174 aestuabat,
1417 1141 1489 1174 Uno,
1522 1141 1623 1176 inquit,
1656 1140 1801 1168 excidente

1013 1189 1079 1216 mihi
1090 1196 1139 1223 per
1152 1188 1219 1214 iram
1238 1187 1396 1222 ﬂagrantem
1410 1187 1492 1214 verbo
1505 1187 1600 1222 ingens
1609 1191 1651 1214 est
1662 1186 1802 1221 piaculum

1013 1234 1173 1262 admissum.
1207 1233 1249 1261 Ad
1279 1233 1354 1268 quod
1384 1233 1507 1260 Palarius
1535 1233 1679 1267 reposuit:
1711 1232 1801 1260 Untnn

1014 1279 1158 1315 prudentis
1174 1279 1290 1307 verbum
1313 1279 1525 1307 immutabiliter
1552 1279 1635 1305 ﬁxum
1656 1282 1708 1305 est.
1724 1277 1803 1305 Tunc

1015 1334 1062 1353 rex
1082 1327 1154 1353 clare
1174 1325 1229 1361 jam
1253 1325 1442 1360 paenitentiam
1470 1324 1612 1359 proﬁtens,
1630 1324 1706 1351 Dolet
1724 1323 1802 1356 mihi,

1015 1372 1122 1404 Palari,
1145 1372 1202 1403 ait,
1226 1371 1324 1399 orbato
1348 1379 1409 1399 esse
1434 1371 1593 1398 ﬁdelissima
1618 1370 1753 1405 conjuge;
1775 1375 1804 1397 et

1016 1416 1140 1444 Palarius
1152 1436 1159 1448 ,
1175 1417 1269 1449 Duos,
1288 1417 1388 1451 inquit,
1406 1416 1541 1451 quosdam
1557 1415 1652 1443 dolere
1667 1419 1778 1450 oportet
1795 1423 1801 1441 :

1016 1463 1092 1490 illurn
1112 1462 1158 1497 qui
1178 1463 1247 1490 bene
1264 1470 1404 1497 nunquam
1419 1462 1495 1495 fecit,
1521 1467 1548 1489 et
1567 1469 1630 1489 eum
1644 1461 1691 1496 qui
1707 1461 1739 1487 de
1754 1468 1803 1487 sua

1017 1510 1112 1537 ultima
1137 1509 1181 1536 die
1201 1511 1312 1544 cogitat.
1340 1509 1409 1536 Tum
1438 1517 1506 1536 rex:
1526 1508 1555 1535 Si
1582 1509 1676 1536 videre
1702 1508 1804 1534 iterum

1018 1557 1143 1584 Paladcm
1169 1564 1287 1590 possem,
1315 1555 1385 1582 nihil
1415 1563 1557 1587 curarem,
1586 1554 1657 1582 nihil
1682 1554 1805 1581 dolerem

1018 1602 1145 1636 amplius.
1171 1601 1211 1628 Ad
1236 1601 1288 1628 hoc
1317 1600 1461 1628 Palarius:
1489 1600 1562 1628 Duos
1590 1599 1716 1626 homines
1739 1607 1804 1626 cura

1018 1653 1046 1675 et
1072 1647 1166 1674 dolore
1195 1653 1292 1673 vacare
1315 1645 1358 1673 fas
1377 1650 1438 1672 est:
1463 1653 1525 1672 eum
1544 1645 1591 1680 qui
1618 1645 1688 1672 bene
1712 1644 1806 1671 multis

1019 1692 1117 1720 fecisse
1139 1692 1190 1718 sibi
1217 1691 1345 1718 conscius
1367 1695 1421 1722 est,
1447 1694 1476 1718 et
1502 1691 1578 1718 illum
1598 1691 1644 1725 qui
1662 1698 1804 1725 nunquam

1020 1739 1153 1774 peccavit.
1168 1738 1226 1764 Rex
1239 1747 1245 1764 :
1263 1737 1323 1764 Urit
1338 1745 1380 1764 me
1392 1736 1561 1764 desiderium
1577 1737 1695 1769 Paladis,
1711 1744 1804 1771 quam,

1021 1785 1074 1811 heu
1090 1791 1132 1810 me
1146 1783 1152 1809 l
1171 1789 1312 1817 nunquam
1324 1782 1442 1817 amplius
1456 1782 1566 1809 videbo.
1585 1782 1709 1809 Palarius
1723 1791 1730 1809 :
1748 1781 1806 1808 Duo

1021 1832 1086 1856 sunt
1104 1827 1151 1862 qui
1177 1835 1232 1854 non
1248 1827 1353 1859 vident,
1380 1834 1469 1854 caecus
1491 1831 1519 1854 et
1534 1827 1654 1854 stultus:
1681 1832 1711 1854 ut
1733 1827 1806 1854 enim

1021 1873 1084 1902 cmli
1100 1874 1190 1901 lucem
1206 1879 1296 1900 crccus
1312 1880 1366 1900 non
1385 1873 1513 1908 percipit,
1535 1880 1587 1900 nec
1603 1880 1663 1908 quae
1681 1877 1743 1899 ante
1759 1877 1807 1899 aut

1021 1920 1095 1948 circa
1122 1927 1151 1947 se
1180 1923 1245 1946 sunt
1268 1918 1369 1951 cernit,
1391 1918 1433 1946 sic
1458 1919 1561 1946 stultus
1586 1926 1641 1946 non
1673 1918 1808 1945 discernit

1022 1967 1124 1995 bonum
1141 1972 1156 1993 a
1171 1965 1253 1995 malo,
1271 1964 1442 2000 sequendum
1465 1972 1480 1991 a
1497 1965 1619 1992 vitando.
1638 1964 1715 1992 Rex:
1732 1963 1807 1990 Nun-

1022 2017 1104 2044 quam
1131 2016 1174 2035 mc
1206 2009 1318 2036 satietas
1348 2009 1455 2035 Paladis
1482 2009 1563 2043 cepit.
1577 2009 1716 2036 Palarius:
1751 2009 1808 2035 Duo

1023 2055 1299 2090 suntqninunquam
1323 2055 1470 2086 satiantur,
1494 2055 1807 2082 avarusctlnxnriosus.

1023 2101 1099 2128 Rex:
1136 2101 1255 2127 Rcvocat
1288 2100 1355 2127 mihi
1387 2100 1426 2127 tui
1456 2105 1619 2134 conspectus
1648 2101 1806 2127 memoriam

1024 2146 1143 2178 Paladis,
1167 2153 1251 2181 quare
1269 2146 1364 2180 procul
1393 2152 1419 2173 te
1444 2153 1458 2172 a
1477 2154 1520 2173 me
1543 2145 1693 2180 abjungere
1712 2144 1808 2172 suadet

1025 2192 1143 2219 animus.
1184 2191 1324 2218 Palarius:
1366 2190 1492 2224 Quatuor
1533 2191 1676 2218 hominum
1710 2197 1809 2224 genera

187 2240 321 2266 minorem
337 2237 503 2268 extenuatis,
521 2236 636 2271 contigit
657 2244 786 2263 acervutn
801 2243 909 2271 quoque
929 2235 970 2270 ip-
984 2242 1010 2270 ι)
1024 2237 1119 2272 procul
1146 2245 1159 2263 a
1186 2242 1211 2263 te
1236 2237 1345 2272 abjungi
1373 2236 1472 2264 decet:
1498 2236 1608 2271 impios,
1636 2235 1808 2271 insipientes.

187 2293 246 2311 sum
264 2283 320 2318 pari
335 2284 512 2317 proportione
527 2282 700 2310 den-resccrc.
717 2281 784 2313 Hoc,
801 2281 914 2308 rediens
928 2281 974 2308 die

193 2331 305 2366 quadam
325 2330 398 2357 circa
421 2329 642 2363 aequinoctialem
659 2329 813 2361 cardinem,
830 2328 975 2355 colutnbus

188 2378 215 2404 in
235 2376 341 2409 nidum,
363 2375 409 2402 ubi
440 2375 688 2405 animadvertisset,
716 2379 817 2401 temere
846 2382 879 2401 ex
906 2382 974 2401 vana

187 2419 484 2455 suspicionejudicans
500 2419 654 2445 columbam
681 2424 737 2444 tum
762 2418 822 2445 ovis
842 2418 975 2445 incuban-

188 2473 255 2498 tem,
270 2471 365 2493 contra
377 2464 560 2492 communiter
574 2464 696 2494 decreta,
709 2463 845 2490 vescendo
861 2471 894 2490 ex
911 2464 976 2489 hor-

189 2521 236 2540 πο
263 2512 408 2539 hiemalem
441 2510 632 2544 intempestiva
668 2509 818 2536 voracitate
842 2509 974 2536 minuisse

188 2563 383 2590 mmmcatum,
405 2565 464 2584 eam
481 2562 571 2583 rostro
592 2560 618 2582 ct
635 2555 772 2589 unguibus
787 2556 874 2583 iratus
890 2563 974 2590 appe-

189 2605 242 2635 liii,
263 2605 448 2637 miSeramque
465 2602 558 2628 tandin
577 2601 702 2635 repetitis
722 2601 823 2628 ictibus
847 2601 975 2628 contudit

189 2650 277 2686 quoad
294 2654 403 2676 mortua
417 2647 584 2674 concideret.
600 2647 830 2682 Supervenerunt
848 2647 920 2674 haud
936 2647 974 2674 ita

190 2695 276 2721 nmlto
295 2700 354 2729 post
374 2693 477 2720 imbres
491 2693 676 2726 autumnalcs,
687 2697 714 2719 et
738 2693 913 2720 lturnel'actns
927 2700 975 2720 aer

189 2748 283 2775 grana,
314 2740 464 2771 insinuata,
494 2744 523 2766 ut
550 2739 631 2771 solet,
660 2738 771 2765 madore
802 2739 974 2770 distendens,

190 2794 305 2812 massam
323 2786 445 2820 congesti
460 2785 546 2812 tritici
561 2785 593 2812 ad
616 2785 834 2819 magnitudinem
852 2785 876 2811 ei
891 2792 975 2819 quam

192 2839 276 2857 \erno
295 2836 416 2866 tempore
443 2832 613 2866 przctnlcrat,
629 2840 721 2867 parem
741 2831 857 2858 inﬂavit.
874 2831 978 2859 Obser-

190 2877 261 2903 vavit
274 2876 300 2903 id
314 2877 468 2910 columbus,
483 2878 599 2910 primum
625 2877 780 2905 admirans:
795 2877 894 2906 deinde
910 2885 971 2905 cum

1026 2291 1080 2310 non
1105 2282 1266 2309 conﬁtcntes
1285 2279 1419 2316 judicium
1449 2285 1476 2308 et
1508 2281 1727 2313 retributionem,
1754 2288 1808 2307 non

1026 2328 1199 2355 dominantes
1230 2327 1376 2354 affectibus
1401 2331 1429 2354 et
1454 2327 1654 2362 cupiditatibus
1680 2326 1808 2360 propriis.

1027 2375 1106 2402 Rex:
1134 2375 1178 2401 Va:
1202 2374 1290 2400 mihil
1313 2374 1411 2402 domus
1436 2381 1496 2401 mea
1517 2374 1621 2409 privata
1643 2378 1685 2401 est
1701 2373 1809 2400 l’aladc.

1027 2421 1168 2448 Palarius:
1197 2420 1321 2453 Quatuor
1349 2427 1394 2447 res
1420 2425 1486 2447 sunt
1502 2420 1664 2448 necessariis
1679 2420 1810 2455 privatis.

1026 2467 1127 2495 ﬂuvius
1155 2475 1224 2501 aqua
1251 2473 1363 2499 carens,
1389 2470 1462 2494 terra
1491 2475 1546 2494 non
1570 2467 1675 2494 habens
1701 2474 1810 2501 regem,

1027 2514 1126 2540 mulier
1135 2513 1265 2540 destituta
1277 2512 1328 2540 viri
1339 2512 1489 2546 consortio,
1498 2513 1581 2540 homo
1591 2521 1644 2540 non
1653 2512 1811 2540 discernens

1027 2559 1128 2585 bonum
1142 2566 1156 2584 a
1172 2558 1252 2585 male.
1270 2557 1346 2584 Rex:
1372 2557 1487 2591 lnjuste,
1513 2565 1529 2585 o
1546 2558 1646 2590 Palari,
1667 2562 1809 2592 perempta

1027 2604 1106 2632 Palas
1122 2608 1183 2636 est;
1209 2608 1236 2630 et
1253 2608 1281 2630 tu
1297 2603 1344 2638 qui
1370 2603 1513 2637 peremisti
1534 2603 1628 2630 multis
1643 2603 1810 2630 cruciatibus

1026 2649 1125 2684 dignus
1139 2656 1178 2676 es.
1193 2649 1336 2676 Palarius:
1359 2648 1426 2676 Tres
1442 2652 1507 2676 sunt
1528 2649 1602 2683 digni
1619 2649 1787 2676 cruciatibus
1801 2657 1809 2675 :

1027 2694 1182 2721 innocentis
1194 2697 1350 2724 accusator,
1362 2701 1418 2720 non
1430 2698 1545 2721 vocatus
1553 2693 1681 2720 convivio
1692 2694 1809 2724 irruens.

1026 2744 1054 2767 et
1069 2745 1163 2774 raptor
1184 2739 1349 2767 alienorum.
1373 2739 1452 2766 Rex:
1481 2739 1619 2767 Debueras
1636 2747 1690 2767 non
1709 2747 1810 2773 repue-

1027 2790 1135 2813 sentare
1152 2790 1206 2812 tam
1221 2785 1319 2813 festiue
1336 2785 1501 2820 supplicium
1516 2786 1633 2818 Paladis,
1650 2785 1697 2814 scd
1715 2785 1740 2812 in
1761 2785 1808 2811 tati

1027 2840 1109 2860 causa
1133 2832 1368 2867 longanimitatem
1397 2831 1538 2859 adhibere.
1570 2832 1712 2859 Palarius:
1740 2830 1810 2858 Tres

1027 2877 1159 2905 adhibere
1182 2877 1417 2913 longanimitatcm
1443 2877 1564 2906 debent:
1590 2878 1634 2907 oui
1660 2877 1811 2906 maximntu

1797 2923 1837 2948 μ
