1913 3068
95 145 159 176 1321

791 145 998 175 APPENDIX.

1650 143 1721 176 13⁷32

92 200 432 236 negotiumadoritur,qui
447 200 473 227 in
485 205 604 227 montem
617 200 734 227 arduum
746 199 879 231 ascendit,
897 203 917 230 Α
934 207 1025 232 suum,
1051 203 1080 226 et
1095 207 1201 227 summa
1228 200 1254 226 in
1274 199 1409 226 'eumdcm
1433 198 1577 226 charitate.
1595 198 1646 226 llic
1670 207 1718 226 rex

92 246 138 280 qui
163 245 252 280 pisces
273 245 403 272 comedit.
429 245 507 273 Rex:
523 245 636 272 Multum
654 253 696 272 me
711 245 876 276 contemnis,

92 289 206 322 Palari,
237 289 324 316 serios
357 294 473 324 questus
505 296 581 316 meos
615 289 770 316 istiusmodi
798 288 878 323 nugis

92 333 242 368 excipiens.
270 333 412 361 Palarius:
440 333 491 366 Qui
518 338 701 360 contemnunt
729 341 820 368 regem
850 333 877 360 hi

93 384 156 407 sunt
170 389 176 406 :
190 381 237 414 qtti
260 387 350 406 coram
365 387 398 406 eo
413 379 497 414 garrit
519 379 578 406 sine
598 379 712 414 judicio,
737 379 782 414 qui
796 379 829 405 ab
845 387 878 406 eo

94 425 127 451 de
140 424 303 459 quihusdam
318 425 516 459 interrogatus,
538 424 571 451 de
585 425 646 451 aliis
659 426 815 458 respondet.
830 424 877 458 qtti

94 470 167 504 apud
188 471 314 497 eumdetn
347 470 382 497 de
407 470 441 497 iis
462 470 573 496 disserit
590 478 650 504 qua:
668 478 722 496 non
739 470 876 503 intelligit,

93 520 119 541 ct
133 515 250 541 libertus
260 515 444 548 locupletatus
456 520 602 548 patronum
618 523 716 541 vexans
733 515 878 541 calumniis

94 564 176 595 atque
193 561 220 587 in
242 561 286 595 jus
311 561 435 588 trahens.
453 561 528 587 ltex:
553 561 668 593 Deliras,
692 561 790 592 Palati,
814 561 878 587 talia

94 605 227 640 garricns.
237 606 372 633 Palarius:
383 605 535 640 Deliratqui
545 606 752 637 docetstultum,
761 606 880 640 quicon-

96 650 204 676 tradicit
218 650 346 684 sapienti,
360 650 406 684 qui
421 650 510 677 credit
526 650 675 681 meretrici,
688 651 734 685 qui
748 657 878 677 arcanum

95 702 173 722 suum
182 695 265 722 infido
272 696 466 722 communicat.
478 696 536 722 Rex
545 696 618 723 :Non
628 701 700 723 recte
712 695 879 723 fecisliocci-

94 741 162 768 deus
169 741 308 769 Paladem.
317 741 439 769 Palarius
448 752 452 768 :
461 741 521 769 Non
531 746 604 769 recte
611 742 676 777 agit,
684 742 876 776 quimentitur;

94 787 140 819 qui
159 793 214 812 non
232 786 299 812 vivit
323 790 353 813 ut
367 787 490 821 loquitur
505 795 512 819 ;
531 786 579 821 qui
594 791 674 814 aetate
699 787 878 822 prmiervidus

94 833 143 858 irze
163 831 349 866 obsequitur;
366 833 412 867 qui
435 833 501 860 sinit
527 841 556 861 se
579 833 715 868 implicari
737 834 878 862 amoribus

95 878 220 912 pellicis;
238 878 284 913 qui
311 886 359 906 sua
385 880 597 914 intemperantia
615 880 710 907 volens
731 881 851 908 vincitur
867 889 874 914 ;

94 924 213 958 denique
227 933 274 951 rex
290 926 338 959 qui
356 926 487 952 momenti
512 926 623 953 maximi
639 933 696 953 rem
715 927 877 961 aggrediens

94 970 209 997 consilia
222 971 377 1005 sapientum
389 979 442 998 non
454 972 585 1006 exquirit.
604 973 681 999 Rex:
697 973 756 999 Non
773 973 877 999 vereris

94 1023 196 1049 regem,
212 1020 264 1042 tam
281 1016 366 1043 libere
383 1017 546 1051 obloquens,
567 1017 738 1045 homuncio?
754 1017 878 1050 Quatuor

94 1067 157 1088 sunt
174 1062 220 1096 qui
236 1069 290 1089 non
315 1067 446 1089 verentur
474 1071 588 1098 regem:
607 1065 773 1098 gallinaceus
789 1065 877 1099 gallus

95 1107 160 1134 dum
199 1108 226 1134 in
263 1115 313 1135 suo
346 1109 523 1143 resupinatus
557 1110 731 1144 sterquilinio
761 1110 878 1145 pedibus

96 1152 209 1180 intentis
223 1154 345 1181 occurrit
361 1155 434 1181 velut
447 1156 553 1182 rttiluro
564 1156 654 1187 caelo;
672 1165 735 1191 grus
749 1157 877 1183 insistens

101 1199 150 1225 uni
186 1199 298 1233 pedum,
325 1200 403 1234 quasi
429 1205 533 1228 metuat
563 1209 595 1228 ne
620 1201 643 1229 si
672 1203 759 1229 altero
775 1203 878 1237 pariter

93 1245 228 1272 innitatur
244 1246 378 1280 deprimat
394 1251 496 1273 terram
512 1247 597 1274 nimio
618 1249 740 1282 pondere
754 1257 761 1280 ;
775 1249 878 1276 vermis

93 1292 232 1325 pulverem
250 1299 331 1326 parce
348 1299 456 1324 vorans,
478 1293 550 1326 quod
566 1299 716 1321 metuatne
732 1302 799 1321 SllllS
813 1302 877 1321 CIIII]

93 1336 172 1363 cibus
185 1336 303 1368 deﬁciat,
323 1342 351 1364 et
365 1334 526 1371 vespertilio
543 1343 625 1365 noctu
645 1343 752 1366 tantttm
769 1340 876 1372 volans,

94 1391 128 1410 ne
143 1383 165 1410 si
184 1391 231 1418 per
246 1383 318 1410 diem
333 1389 489 1418 appareret,
509 1392 557 1412 sua
571 1386 779 1418 pulchritudine
795 1394 878 1414 vcna-

94 1433 185 1454 torttm
215 1428 250 1455 ad
279 1428 322 1456 sui
352 1429 477 1463 rapinam
506 1430 672 1464 cupiditates
704 1432 876 1460 accenderet.

93 1473 170 1499 Rex:
198 1472 274 1500 Heu!
308 1481 447 1507 nunquam
473 1474 579 1508 uspiam
609 1474 707 1501 videbo
733 1475 876 1503 mulierem

92 1517 184 1544 Paladi
208 1518 339 1545 similent.
367 1517 508 1545 l’alarius:
525 1518 647 1551 Quatuor
671 1524 736 1546 sunt
753 1520 877 1547 inemen-

92 1563 218 1590 dabilia:
258 1562 360 1589 mulier
391 1562 480 1597 palam
512 1567 620 1590 assueta
650 1564 814 1598 prostituere
846 1571 876 1591 se

93 1609 236 1643 plurimis;
276 1608 374 1642 loquax
411 1608 509 1636 solitus
542 1609 676 1642 mentiri;
717 1609 877 1644 imprudens

92 1654 222 1688 opinione
244 1654 287 1682 sui
315 1654 449 1686 tumidus,
474 1658 502 1681 et
529 1655 713 1682 calumniator
738 1655 877 1684 insidiosis

92 1700 345 1727 machinationibus
359 1708 468 1735 semper
482 1701 615 1728 intentus.

129 1745 174 1773 IX.
203 1746 259 1773 lloc
284 1746 381 1773 ultimo
407 1754 503 1780 parum
526 1746 553 1773 in
579 1746 697 1780 speciem
723 1747 878 1774 colucrenle

93 1799 224 1826 responso
242 1792 364 1820 Palarius
384 1793 446 1827 regi
470 1793 626 1827 desperanti
649 1793 741 1820 videre
758 1800 877 1827 unquam

93 1837 210 1870 amplius
225 1836 364 1868 Paladem,
379 1846 428 1871 per
440 1838 568 1872 ambages
586 1837 729 1870 innttehat,
752 1838 823 1864 haud
841 1838 878 1864 ita

92 1890 174 1916 csse;
209 1891 297 1918 neque
331 1884 404 1911 enim
439 1884 472 1910 ad
508 1891 599 1910 rerum
635 1884 878 1911 inemendabilium

92 1928 208 1956 classem
236 1936 361 1956 errorem
392 1936 423 1955 ea
455 1929 516 1955 neci
549 1929 700 1956 addiccnda
729 1929 878 1956 admissum

93 1973 245 2007 pertinere.
293 1974 426 2008 Deinceps
463 1981 545 2009 porro
581 1982 628 2001 rex
662 1975 688 2002 id
719 1983 773 2002 non
803 1975 879 2003 visus

92 2018 259 2053 intelligere,
284 2019 385 2047 clarius
409 2025 545 2055 expressit
570 2021 674 2048 doloﬁs
697 2027 725 2048 et
748 2022 879 2050 desiderii

94 2063 309 2097 magnitudinem
343 2065 396 2096 sui,
433 2065 508 2093 httnc
533 2066 560 2093 in
597 2066 708 2093 modttm
743 2067 878 2101 loquens:

94 2107 237 2135 jEternum
250 2109 410 2137 exsulahite
423 2111 506 2138 corde
518 2119 579 2138 meo
592 2111 732 2146 gaudium,
746 2117 877 2139 :rternutn

929 245 1066 272 Palarium
1101 246 1221 277 intuens,
1255 246 1434 277 immensum,
1467 246 1516 277 ait,
1547 244 1624 272 cordi
1657 252 1720 271 nico

929 289 1053 317 insevisti
1103 291 1230 322 luctum,
1256 291 1419 318 immensum
1448 291 1514 318 item
1542 291 1581 317 tui
1610 291 1718 323 odium,

928 335 1029 365 Palari,
1055 343 1115 362 mea
1140 335 1298 362 dulcissima
1314 335 1466 362 occidenda
1489 334 1600 362 Palade.
1624 334 1664 361 Ad
1690 334 1718 360 id

928 382 1024 406 contra
1053 380 1194 406 Palaritts:
1222 380 1322 407 Verum
1349 384 1377 406 et
1413 379 1594 412 irrevocabile
1623 379 1717 405 odium

928 425 1001 451 inter
1018 425 1068 452 ltos
1084 430 1181 452 mutuo
1203 426 1296 461 viget:
1324 426 1418 460 lupum
1448 430 1476 453 ct
1495 433 1570 457 ores,
1594 425 1674 452 felem
1690 429 1719 451 et

928 478 1058 500 murem.
1091 472 1253 505 accipitrem
1291 475 1318 499 et
1359 471 1511 505 pcrdicem,
1544 478 1655 497 corvum
1690 474 1719 496 et

929 521 1067 549 noctuam,
1083 525 1214 543 cauerunt
1234 521 1261 544 et
1284 525 1399 552 anguem
1413 526 1419 544 :
1438 517 1540 551 quibus
1554 516 1718 543 accensendi

929 565 1003 592 sunt,
1016 562 1073 596 qui,
1085 569 1180 596 magna
1191 566 1219 588 ct
1229 563 1316 588 veteri
1330 554 1453 588 amicitia
1463 561 1609 595 diretupla,
1626 568 1719 594 cmpe-

928 606 985 632 rint
999 606 1108 632 tandem
1125 606 1218 634 odisse
1235 607 1366 634 invicem.
1388 606 1456 632 Tum
1473 614 1520 632 rex
1535 614 1541 632 :
1556 605 1632 632 Oculi
1649 605 1716 636 mei,

929 651 1036 682 Palari,
1064 652 1239 686 requirentes
1278 658 1388 686 semper
1413 651 1539 678 miseram
1566 650 1714 681 Palatlem,

913 703 1068 731 vnunquam
1091 697 1222 731 deinceps
1240 704 1365 724 somnum
1387 696 1532 723 videbunt.
1558 695 1626 722 Octo
1639 700 1714 726 sunt,

929 742 1054 775 reposuit
1073 741 1209 774 Palarius.
1232 741 1333 775 quibus
1361 748 1426 768 cura
1455 748 1582 768 somnum
1608 740 1714 774 eripit:

929 787 1014 814 multa
1043 787 1189 822 possidens
1218 795 1269 814 nec
1299 787 1403 814 habens
1434 786 1542 814 ﬁdelem
1575 793 1713 816 servum;

930 831 1091 857 machinans
1105 839 1200 859 nccem
1214 831 1303 858 amico
1319 835 1366 857 aut
1382 831 1541 858 adversario
1552 839 1559 863 ;
1570 830 1718 865 deperiens

929 878 1093 910 mulierem;
1111 878 1239 904 conscitts
1260 885 1289 904 se
1311 876 1410 904 falsum
1436 877 1540 904 crimen
1568 877 1717 911 impcgisse

928 922 1022 949 ulcisci
1049 922 1151 949 valenti
1168 930 1176 954 ;
1196 929 1301 957 pauper
1318 930 1332 948 a
1351 929 1406 956 quo
1431 922 1550 956 exigitur
1570 921 1643 955 quod
1661 929 1717 948 non

928 968 1031 1000 habet;
1060 975 1132 1002 :eger
1160 967 1256 994 morbo
1283 967 1452 994 decutnbens
1484 966 1560 1001 gravi
1586 966 1646 993 sine
1663 974 1717 1000 npc

927 1014 1026 1041 medici
1043 1022 1051 1043 ;
1077 1015 1196 1041 maritus
1210 1013 1342 1041 adulterm
1358 1013 1455 1044 ;dives
1479 1021 1579 1048 parcus
1595 1013 1716 1046 inopiam

929 1065 1078 1091 metuens;
1108 1059 1210 1093 quibus
1234 1058 1381 1086 addendus
1404 1063 1447 1086 est
1471 1066 1530 1085 rem
1558 1058 1717 1085 desiderans

927 1112 1010 1139 quam
1024 1103 1157 1138 consequi
1179 1111 1233 1131 non
1257 1108 1356 1138 potest.
1384 1103 1433 1131 His
1446 1111 1493 1130 rex
1508 1103 1582 1130 eludi
1599 1111 1627 1131 se
1645 1104 1718 1130 iud:-

927 1159 1033 1185 gnans,
1060 1150 1147 1177 iratus
1175 1150 1264 1178 dixit:
1297 1149 1444 1184 Nunquam
1475 1149 1593 1184 amplius
1623 1154 1714 1176 lccunt

929 1197 1090 1231 colloquar,
1116 1195 1216 1223 Palari.
1239 1197 1272 1222 At
1298 1195 1442 1222 Palarius:
1482 1195 1588 1230 lndigni
1611 1195 1657 1229 qui
1680 1196 1714 1221 ad

928 1244 1099 1278 colloquium
1123 1243 1346 1270 admiltanturbi
1362 1245 1438 1269 sunt:
1463 1242 1509 1275 qui
1523 1241 1636 1268 fratrem
1656 1240 1717 1267 odit

927 1297 960 1317 ex
976 1289 1042 1316 falsa
1059 1296 1140 1316 causa
1155 1297 1163 1320 ;
1177 1288 1259 1315 homo
1272 1295 1422 1322 arrogans;
1439 1287 1486 1322 qui
1503 1287 1612 1313 divitias
1623 1286 1715 1312 anima

927 1335 1040 1371 propria
1069 1335 1131 1369 plus
1170 1334 1306 1366 azstimat,
1335 1334 1383 1368 qui
1419 1333 1585 1360 contradicit
1617 1339 1716 1359 servus

927 1382 1051 1413 domino,
1067 1380 1219 1415 discipulus
1233 1380 1373 1416 magistro.
1390 1379 1447 1407 Sub
1460 1379 1519 1406 hzcc
1536 1387 1593 1411 rex,
1610 1383 1638 1405 ut
1655 1383 1717 1405 erat

927 1435 1062 1462 suspenso
1079 1427 1172 1454 animo
1196 1434 1291 1461 parum
1314 1431 1435 1453 attenttts
1455 1426 1489 1452 ad
1503 1426 1608 1458 audita,
1624 1425 1715 1459 inopi-

927 1479 991 1501 nate
1016 1473 1199 1501 exclamavit:
1218 1473 1303 1500 Nemo
1325 1476 1367 1500 est
1390 1472 1418 1499 in
1448 1472 1580 1499 omnibus
1612 1472 1718 1505 peccati

892 1529 912 1556 ρ
929 1527 1036 1554 expers,
1051 1523 1080 1546 et
1095 1519 1178 1546 homo
1192 1519 1332 1554 perfectus
1347 1518 1421 1545 omni
1443 1526 1475 1545 ex
1490 1523 1566 1552 parte
1578 1526 1713 1551 nusquam

927 1565 1092 1600 reperietur.
1111 1565 1157 1593 Sic
1170 1565 1266 1592 relicto
1292 1564 1419 1592 Palarius
1439 1572 1502 1600 rege
1518 1564 1597 1598 pleno
1611 1565 1715 1597 luctus,

927 1612 955 1639 in
969 1612 1123 1638 miserrima
1136 1611 1327 1646 desperatione
1346 1611 1470 1638 videndae
1495 1618 1614 1645 unquam
1628 1611 1717 1637 dilec-

928 1657 1041 1685 tissimus
1067 1658 1209 1692 conjugis,
1238 1657 1319 1692 paulo
1335 1661 1396 1691 post
1426 1656 1514 1684 adfuit
1537 1661 1676 1683 evocatam
1700 1664 1716 1683 e

927 1702 1051 1736 latebris,
1076 1707 1104 1730 et
1119 1711 1182 1730 cum
1207 1708 1308 1730 caetero
1328 1702 1405 1737 regio
1422 1702 1510 1732 cultu,
1538 1707 1594 1728 lum
1612 1710 1715 1729 corona

929 1747 1178 1782 illrpulcherrima
1194 1752 1322 1774 ornatam
1340 1747 1480 1774 adducens
1494 1747 1632 1774 Paladem.
1647 1747 1714 1773 Eam

929 1801 984 1828 quo
1018 1793 1118 1828 gaudio
1152 1801 1198 1820 rex
1227 1793 1340 1824 viderit,
1369 1793 1472 1828 quibus
1498 1793 1601 1819 amoris
1630 1792 1716 1826 signis

928 1839 1077 1874 exceperit,
1107 1839 1235 1874 subjiciet
1263 1839 1316 1866 sibi
1351 1839 1479 1873 quisque.
1507 1838 1547 1865 uti
1563 1841 1590 1864 et
1613 1837 1716 1871 quibus

928 1885 1055 1912 laudibus
1078 1884 1179 1911 Palarii
1202 1884 1374 1919 prudentiam
1405 1883 1556 1916 extulerit;
1582 1889 1715 1916 quantutn

930 1931 964 1958 ad
996 1931 1115 1965 priorem
1144 1932 1171 1957 tn
1195 1931 1283 1965 ipsum
1304 1922 1450 1958 addiderit
1484 1930 1715 1960 benevolentiam,

930 1984 1011 2011 quam
1035 1976 1145 2011 quidem
1173 1976 1379 2010 pretiosissimis
1404 1975 1498 2003 statim
1522 1975 1603 2002 donis
1629 1975 1718 2001 \‘oluil

931 2026 1070 2049 testatam.
1093 2022 1277 2048 Brachmanas
1294 2028 1376 2055 porro
1396 2020 1569 2048 insidiatores
1583 2020 1716 2054 perﬁdos,

931 2072 960 2095 et
987 2068 1094 2094 consilii
1123 2068 1293 2101 sanguinarii
1322 2067 1551 2095 sceleratis-Simos
1567 2071 1715 2099 auctores,

931 2117 1111 2147 congregatos
1138 2113 1282 2140 universos
1307 2120 1399 2140 coram
1427 2120 1456 2139 se
1481 2113 1562 2147 jussit
1586 2112 1716 2140 interﬁci.

94 2154 120 2180 in
136 2161 169 2181 eo
182 2154 262 2182 dolor
282 2155 453 2183 domicilium
479 2157 602 2188 ltahchit,
618 2166 634 2184 ο
650 2158 738 2185 Palari
768 2163 880 2192 propter
895 2177 916 2203 Β
933 2157 989 2184 lloc
1002 2158 1128 2192 exemplo
1152 2162 1236 2192 patet,
1260 2158 1316 2192 regi
1333 2158 1366 2184 ad
1384 2165 1460 2184 suam
1482 2157 1610 2183 tuendam
1634 2164 1717 2191 paca-

93 2197 231 2226 Paladcm.
259 2199 300 2226 Ad
325 2200 382 2227 haec
410 2201 534 2228 Palaritts
558 2202 703 2236 reposuit:
723 2202 878 2230 Justissima

92 2243 203 2270 dolendi
231 2251 313 2271 causa
338 2251 380 2272 est
404 2245 515 2273 amissio
544 2247 667 2274 mulieris
691 2247 733 2274 his
758 2248 878 2282 przeditm

92 2289 221 2316 dotibus:
255 2289 399 2323 pudicitia.
428 2290 586 2324 prudentia,
618 2292 785 2326 parcimonia
814 2300 876 2319 ver-

90 2333 202 2367 borum,
220 2333 373 2367 nobilitate,
388 2334 487 2369 l'orma,
503 2330 686 2364 submissione
704 2346 768 2373 erga
785 2338 874 2366 virum

933 2207 986 2229 tam
1012 2208 1095 2238 atqtte
1124 2203 1290 2230 incolumem
1308 2203 1420 2230 domum
1449 2208 1476 2229 et
1506 2202 1716 2235 rempublicam,

930 2249 1114 2277 instrumenta
1150 2249 1320 2276 ellicacitatis
1362 2248 1507 2283 praecipua:
1533 2250 1590 2275 lucc
1630 2255 1711 2274 esse:

930 2296 1115 2330 prudentiam,
1129 2296 1298 2330 patientiam,
1324 2295 1463 2330 sapientes
1480 2295 1662 2328 consiliarios,
1686 2298 1716 2322 et

928 2341 1072 2368 mulierem
1087 2341 1238 2368 cordatam.

591 2447 781 2478 DISSERTA
787 2450 855 2480 ΤΙΟ
866 2451 1119 2482 PARABOLICA
1133 2452 1188 2481 Vll
1195 2452 1204 2481 1
1211 2475 1217 2481 .

92 2506 260 2538 εααιίοηεε
273 2507 462 2548 {praescribit
478 2509 626 2540 tenendas
647 2512 680 2540 t'n
698 2512 847 2542 amicitiis
867 2515 1059 2559 quwstttosis,
1077 2514 1225 2554 temporis
1244 2513 1343 2545 solum
1364 2518 1391 2544 et
1408 2515 1508 2545 mutui
1528 2523 1603 2544 usus
1621 2523 1717 2545 causa

811 2558 992 2584 contractis.

124 2607 184 2634 Alia
207 2607 252 2635 die
274 2608 397 2643 poscenti
419 2608 600 2638 Abessalomo
623 2611 679 2646 regi
721 2611 817 2639 audire
843 2611 877 2639 de

91 2653 221 2680 amicitiis
247 2654 381 2688 temporis
411 2662 493 2682 causa
528 2656 554 2683 in
588 2657 727 2684 communi
756 2658 878 2692 periculo

93 2698 267 2731 contractis,
301 2699 433 2727 disseruit
463 2700 492 2727 in
521 2701 595 2728 hunc
625 2701 735 2728 modum
763 2709 877 2737 gymno-

92 2746 226 2780 sophista.

130 2794 150 2820 1.
166 2794 224 2822 Non
239 2802 336 2823 omnes
357 2796 484 2824 amicitias
507 2804 594 2824 aevum
617 2797 719 2830 ferunt,
745 2805 795 2824 nec
813 2805 879 2824 vero

96 2838 172 2866 nefas
185 2840 238 2868 alia
249 2849 369 2876 unquam
387 2842 458 2870 inire
478 2850 560 2877 quam
585 2848 686 2871 teterna
702 2844 814 2872 hedera.
832 2844 879 2872 Est

930 2622 992 2641 cum
1010 2614 1092 2641 etiam
1108 2615 1187 2649 probi
1203 2622 1234 2642 ac
1253 2614 1391 2648 sapientes
1408 2622 1462 2641 non
1486 2619 1612 2641 recusant
1624 2615 1718 2641 conci-

930 2659 1070 2686 liationcm
1094 2667 1156 2686 cum
1179 2659 1301 2691 inimico,
1319 2659 1405 2686 vicem
1430 2664 1534 2686 tantum
1565 2667 1596 2686 ac
1619 2660 1716 2686 condi-

932 2706 1034 2732 tionem
1058 2705 1228 2733 induciarum
1255 2705 1421 2732 habituram.
1445 2705 1499 2732 Res
1514 2705 1566 2732 hoc
1587 2706 1716 2740 exemplo

932 2751 1128 2779 declarabitur.
1164 2751 1235 2778 Felis
1263 2751 1289 2777 in
1328 2755 1424 2777 trunco
1460 2756 1574 2777 vetusta:
1607 2751 1716 2778 arboris

929 2798 1100 2825 domicilium
1123 2798 1247 2830 habebat,
1269 2804 1319 2824 nec
1332 2797 1412 2830 longe
1438 2796 1501 2822 hinc
1528 2804 1594 2822 caro
1615 2798 1715 2831 exiguo

929 2842 1070 2870 habitabat
1097 2851 1166 2870 mus.
1196 2842 1279 2870 Nocte
1310 2841 1428 2873 quadam
1452 2841 1565 2868 ambivit
1587 2843 1718 2869 artotcnt
