  <div class='ocr_page' id='page_1' title='image "/cluster/home/n/w/nwhite01/storage/ocr_20150623/143/njp.32101010942884/738.png"; bbox 0 0 1913 3068; ppageno 0'>
   <div class='ocr_carea' id='block_1_1' title="bbox 141 189 209 221">
    <p class='ocr_par' dir='ltr' id='par_1_1' title="bbox 141 189 209 221">
     <span class='ocr_line' id='line_1_1' title="bbox 141 189 209 221; baseline 0.015 -1"><span class='ocrx_word' id='word_1_1' title='bbox 141 189 209 221; x_wconf 74' lang='lat'>1333</span> 
     </span>
    </p>
   </div>
   <div class='ocr_carea' id='block_1_2' title="bbox 585 186 1320 220">
    <p class='ocr_par' dir='ltr' id='par_1_2' title="bbox 585 186 1320 220">
     <span class='ocr_line' id='line_1_2' title="bbox 585 186 1320 220; baseline -0.005 0"><span class='ocrx_word' id='word_1_2' title='bbox 585 188 777 220; x_wconf 76' lang='lat' dir='ltr'><strong>SPECIMEN</strong></span> <span class='ocrx_word' id='word_1_3' title='bbox 798 186 1013 220; x_wconf 72' lang='lat' dir='ltr'><strong>SAPIENTLE</strong></span> <span class='ocrx_word' id='word_1_4' title='bbox 1033 186 1214 216; x_wconf 76' lang='lat' dir='ltr'><strong>[NDORUM</strong></span> <span class='ocrx_word' id='word_1_5' title='bbox 1234 186 1320 217; x_wconf 87' lang='lat' dir='ltr'><strong>VET.</strong></span> 
     </span>
    </p>
   </div>
   <div class='ocr_carea' id='block_1_3' title="bbox 1696 183 1767 215">
    <p class='ocr_par' dir='ltr' id='par_1_3' title="bbox 1696 183 1767 215">
     <span class='ocr_line' id='line_1_3' title="bbox 1696 183 1767 215; baseline 0.028 -2"><span class='ocrx_word' id='word_1_6' title='bbox 1696 183 1767 215; x_wconf 57' lang='lat'><strong>137-5</strong></span> 
     </span>
    </p>
   </div>
   <div class='ocr_carea' id='block_1_4' title="bbox 137 240 1765 281">
    <p class='ocr_par' dir='ltr' id='par_1_4' title="bbox 137 240 1765 281">
     <span class='ocr_line' id='line_1_4' title="bbox 137 240 1765 281; baseline -0.003 -9"><span class='ocrx_word' id='word_1_7' title='bbox 137 246 243 273; x_wconf 85' lang='lat' dir='ltr'><strong>retibus</strong></span> <span class='ocrx_word' id='word_1_8' title='bbox 263 251 387 278; x_wconf 80' lang='lat' dir='ltr'><strong>venator,</strong></span> <span class='ocrx_word' id='word_1_9' title='bbox 409 249 436 273; x_wconf 86' lang='lat' dir='ltr'><strong>et</strong></span> <span class='ocrx_word' id='word_1_10' title='bbox 457 245 550 281; x_wconf 79' lang='lat' dir='ltr'><strong>ignara</strong></span> <span class='ocrx_word' id='word_1_11' title='bbox 572 246 735 274; x_wconf 87' lang='lat' dir='ltr'><strong>insidiarum</strong></span> <span class='ocrx_word' id='word_1_12' title='bbox 752 249 816 272; x_wconf 88' lang='lat' dir='ltr'><strong>ante</strong></span> <span class='ocrx_word' id='word_1_13' title='bbox 833 244 924 271; x_wconf 87' lang='lat' dir='ltr'><strong>lucem</strong></span> <span class='ocrx_word' id='word_1_14' title='bbox 941 249 962 274; x_wconf 72' lang='grc' dir='ltr'>Α</span> <span class='ocrx_word' id='word_1_15' title='bbox 977 242 1140 277; x_wconf 86' lang='lat' dir='ltr'><strong>lncrepahat</strong></span> <span class='ocrx_word' id='word_1_16' title='bbox 1168 242 1207 270; x_wconf 89' lang='lat' dir='ltr'><strong>sic</strong></span> <span class='ocrx_word' id='word_1_17' title='bbox 1234 247 1409 270; x_wconf 87' lang='lat' dir='ltr'><strong>cunctantem</strong></span> <span class='ocrx_word' id='word_1_18' title='bbox 1434 243 1513 271; x_wconf 81' lang='lat' dir='ltr'><strong>felis:</strong></span> <span class='ocrx_word' id='word_1_19' title='bbox 1541 241 1611 274; x_wconf 82' lang='lat' dir='ltr'><strong>Quid</strong></span> <span class='ocrx_word' id='word_1_20' title='bbox 1643 240 1765 267; x_wconf 65' lang='lat' dir='ltr'><strong>dubium.</strong></span> 
     </span>
    </p>
   </div>
   <div class='ocr_carea' id='block_1_5' title="bbox 137 288 926 326">
    <p class='ocr_par' dir='ltr' id='par_1_5' title="bbox 137 288 926 326">
     <span class='ocr_line' id='line_1_5' title="bbox 137 288 926 326; baseline -0.004 -10"><span class='ocrx_word' id='word_1_21' title='bbox 137 290 199 317; x_wconf 71' lang='lat' dir='ltr'><strong>Iulis</strong></span> <span class='ocrx_word' id='word_1_22' title='bbox 221 290 326 323; x_wconf 84' lang='lat' dir='ltr'><strong>exiens,</strong></span> <span class='ocrx_word' id='word_1_23' title='bbox 350 291 489 325; x_wconf 88' lang='lat' dir='ltr'><strong>implicata</strong></span> <span class='ocrx_word' id='word_1_24' title='bbox 509 291 615 326; x_wconf 78' lang='lat' dir='ltr'><strong>laqueis</strong></span> <span class='ocrx_word' id='word_1_25' title='bbox 636 294 686 318; x_wconf 87' lang='lat' dir='ltr'><strong>est.</strong></span> <span class='ocrx_word' id='word_1_26' title='bbox 708 289 783 317; x_wconf 74' lang='lat' dir='ltr'><strong>Vidit</strong></span> <span class='ocrx_word' id='word_1_27' title='bbox 803 296 863 316; x_wconf 87' lang='lat' dir='ltr'><strong>eam</strong></span> <span class='ocrx_word' id='word_1_28' title='bbox 887 288 926 314; x_wconf 89' lang='lat' dir='ltr'><strong>ita</strong></span> 
     </span>
    </p>
   </div>
   <div class='ocr_carea' id='block_1_6' title="bbox 138 333 927 371">
    <p class='ocr_par' dir='ltr' id='par_1_6' title="bbox 138 333 927 371">
     <span class='ocr_line' id='line_1_6' title="bbox 138 333 927 371; baseline -0.003 -10"><span class='ocrx_word' id='word_1_29' title='bbox 138 336 256 362; x_wconf 91' lang='lat' dir='ltr'><strong>vinctam</strong></span> <span class='ocrx_word' id='word_1_30' title='bbox 279 342 427 371; x_wconf 82' lang='lat' dir='ltr'><strong>erumpens</strong></span> <span class='ocrx_word' id='word_1_31' title='bbox 448 343 516 363; x_wconf 87' lang='lat' dir='ltr'><strong>cavo</strong></span> <span class='ocrx_word' id='word_1_32' title='bbox 540 344 591 363; x_wconf 86' lang='lat' dir='ltr'><strong>suo</strong></span> <span class='ocrx_word' id='word_1_33' title='bbox 613 335 755 362; x_wconf 89' lang='lat' dir='ltr'><strong>musculus</strong></span> <span class='ocrx_word' id='word_1_34' title='bbox 769 338 797 360; x_wconf 90' lang='lat' dir='ltr'><strong>et</strong></span> <span class='ocrx_word' id='word_1_35' title='bbox 817 333 927 368; x_wconf 70' lang='lat' dir='ltr'><strong>gavisus</strong></span> 
     </span>
    </p>
   </div>
   <div class='ocr_carea' id='block_1_7' title="bbox 136 378 926 414">
    <p class='ocr_par' dir='ltr' id='par_1_7' title="bbox 136 378 926 414">
     <span class='ocr_line' id='line_1_7' title="bbox 136 378 926 414; baseline -0.004 -7"><span class='ocrx_word' id='word_1_36' title='bbox 136 385 189 413; x_wconf 88' lang='lat' dir='ltr'><strong>est,</strong></span> <span class='ocrx_word' id='word_1_37' title='bbox 215 380 262 408; x_wconf 90' lang='lat' dir='ltr'><strong>sed</strong></span> <span class='ocrx_word' id='word_1_38' title='bbox 289 380 397 407; x_wconf 78' lang='lat' dir='ltr'><strong>brevem</strong></span> <span class='ocrx_word' id='word_1_39' title='bbox 417 381 443 408; x_wconf 89' lang='lat' dir='ltr'><strong>ei</strong></span> <span class='ocrx_word' id='word_1_40' title='bbox 467 380 592 408; x_wconf 70' lang='lat' dir='ltr'><strong>laetitiam</strong></span> <span class='ocrx_word' id='word_1_41' title='bbox 616 380 747 414; x_wconf 78' lang='lat' dir='ltr'><strong>ingruens</strong></span> <span class='ocrx_word' id='word_1_42' title='bbox 762 378 866 412; x_wconf 87' lang='lat' dir='ltr'><strong>duplici</strong></span> <span class='ocrx_word' id='word_1_43' title='bbox 892 385 926 404; x_wconf 81' lang='lat' dir='ltr'><strong>ex</strong></span> 
     </span>
    </p>
   </div>
   <div class='ocr_carea' id='block_1_8' title="bbox 139 423 923 460">
    <p class='ocr_par' dir='ltr' id='par_1_8' title="bbox 139 423 923 460">
     <span class='ocr_line' id='line_1_8' title="bbox 139 423 923 460; baseline -0.003 -8"><span class='ocrx_word' id='word_1_44' title='bbox 139 426 258 459; x_wconf 78' lang='lat' dir='ltr'><strong>periculo</strong></span> <span class='ocrx_word' id='word_1_45' title='bbox 291 429 380 453; x_wconf 88' lang='lat' dir='ltr'><strong>metus</strong></span> <span class='ocrx_word' id='word_1_46' title='bbox 411 432 513 460; x_wconf 84' lang='lat' dir='ltr'><strong>anceps</strong></span> <span class='ocrx_word' id='word_1_47' title='bbox 545 425 620 452; x_wconf 82' lang='lat' dir='ltr'><strong>fecit.</strong></span> <span class='ocrx_word' id='word_1_48' title='bbox 658 423 819 458; x_wconf 82' lang='lat' dir='ltr'><strong>Suspiciens</strong></span> <span class='ocrx_word' id='word_1_49' title='bbox 849 423 923 450; x_wconf 90' lang='lat' dir='ltr'><strong>enim</strong></span> 
     </span>
    </p>
   </div>
   <div class='ocr_carea' id='block_1_9' title="bbox 137 470 925 504">
    <p class='ocr_par' dir='ltr' id='par_1_9' title="bbox 137 470 925 504">
     <span class='ocr_line' id='line_1_9' title="bbox 137 470 925 504; baseline -0.004 -6"><span class='ocrx_word' id='word_1_50' title='bbox 137 472 307 498; x_wconf 72' lang='lat' dir='ltr'><strong>insistentem</strong></span> <span class='ocrx_word' id='word_1_51' title='bbox 325 471 430 503; x_wconf 87' lang='lat' dir='ltr'><strong>arbori,</strong></span> <span class='ocrx_word' id='word_1_52' title='bbox 447 475 473 498; x_wconf 90' lang='lat' dir='ltr'><strong>et</strong></span> <span class='ocrx_word' id='word_1_53' title='bbox 495 471 586 498; x_wconf 87' lang='lat' dir='ltr'><strong>facere</strong></span> <span class='ocrx_word' id='word_1_54' title='bbox 610 471 639 498; x_wconf 89' lang='lat' dir='ltr'><strong>in</strong></span> <span class='ocrx_word' id='word_1_55' title='bbox 656 478 686 498; x_wconf 87' lang='lat' dir='ltr'><strong>se</strong></span> <span class='ocrx_word' id='word_1_56' title='bbox 702 470 835 504; x_wconf 91' lang='lat' dir='ltr'><strong>impetum</strong></span> <span class='ocrx_word' id='word_1_57' title='bbox 857 476 925 496; x_wconf 89' lang='lat' dir='ltr'><strong>noc-</strong></span> 
     </span>
    </p>
   </div>
   <div class='ocr_carea' id='block_1_10' title="bbox 138 516 924 551">
    <p class='ocr_par' dir='ltr' id='par_1_10' title="bbox 138 516 924 551">
     <span class='ocr_line' id='line_1_10' title="bbox 138 516 924 551; baseline -0.004 -8"><span class='ocrx_word' id='word_1_58' title='bbox 138 522 211 543; x_wconf 91' lang='lat' dir='ltr'><strong>tuam</strong></span> <span class='ocrx_word' id='word_1_59' title='bbox 226 521 378 551; x_wconf 86' lang='lat' dir='ltr'><strong>parantem,</strong></span> <span class='ocrx_word' id='word_1_60' title='bbox 403 524 465 544; x_wconf 90' lang='lat' dir='ltr'><strong>cum</strong></span> <span class='ocrx_word' id='word_1_61' title='bbox 487 516 612 551; x_wconf 72' lang='lat' dir='ltr'><strong>refugere</strong></span> <span class='ocrx_word' id='word_1_62' title='bbox 638 516 664 542; x_wconf 88' lang='lat' dir='ltr'><strong>in</strong></span> <span class='ocrx_word' id='word_1_63' title='bbox 687 523 763 542; x_wconf 87' lang='lat' dir='ltr'><strong>suant</strong></span> <span class='ocrx_word' id='word_1_64' title='bbox 779 522 924 542; x_wconf 85' lang='lat' dir='ltr'><strong>cavernam</strong></span> 
     </span>
    </p>
   </div>
   <div class='ocr_carea' id='block_1_11' title="bbox 136 560 926 596">
    <p class='ocr_par' dir='ltr' id='par_1_11' title="bbox 136 560 926 596">
     <span class='ocr_line' id='line_1_11' title="bbox 136 560 926 596; baseline -0.001 -9"><span class='ocrx_word' id='word_1_65' title='bbox 136 562 227 592; x_wconf 83' lang='lat' dir='ltr'><strong>vellet.</strong></span> <span class='ocrx_word' id='word_1_66' title='bbox 244 562 406 589; x_wconf 82' lang='lat' dir='ltr'><strong>subeuntem</strong></span> <span class='ocrx_word' id='word_1_67' title='bbox 433 569 467 589; x_wconf 89' lang='lat' dir='ltr'><strong>eo</strong></span> <span class='ocrx_word' id='word_1_68' title='bbox 483 562 629 596; x_wconf 77' lang='lat' dir='ltr'><strong>nympham</strong></span> <span class='ocrx_word' id='word_1_69' title='bbox 653 560 857 588; x_wconf 84' lang='lat' dir='ltr'><strong>animadvertit.</strong></span> <span class='ocrx_word' id='word_1_70' title='bbox 876 560 926 587; x_wconf 81' lang='lat' dir='ltr'><strong>llic</strong></span> 
     </span>
    </p>
   </div>
   <div class='ocr_carea' id='block_1_12' title="bbox 136 606 925 639">
    <p class='ocr_par' dir='ltr' id='par_1_12' title="bbox 136 606 925 639">
     <span class='ocr_line' id='line_1_12' title="bbox 136 606 925 639; baseline 0 -7"><span class='ocrx_word' id='word_1_71' title='bbox 136 607 276 634; x_wconf 87' lang='lat' dir='ltr'><strong>enimvero</strong></span> <span class='ocrx_word' id='word_1_72' title='bbox 294 611 486 635; x_wconf 80' lang='lat' dir='ltr'><strong>consternatus</strong></span> <span class='ocrx_word' id='word_1_73' title='bbox 509 608 680 639; x_wconf 88' lang='lat' dir='ltr'><strong>discrimine,</strong></span> <span class='ocrx_word' id='word_1_74' title='bbox 705 611 733 634; x_wconf 88' lang='lat' dir='ltr'><strong>et</strong></span> <span class='ocrx_word' id='word_1_75' title='bbox 750 607 830 633; x_wconf 87' lang='lat' dir='ltr'><strong>anxie</strong></span> <span class='ocrx_word' id='word_1_76' title='bbox 855 606 925 633; x_wconf 89' lang='lat' dir='ltr'><strong>deli-</strong></span> 
     </span>
    </p>
   </div>
   <div class='ocr_carea' id='block_1_13' title="bbox 137 651 924 686">
    <p class='ocr_par' dir='ltr' id='par_1_13' title="bbox 137 651 924 686">
     <span class='ocr_line' id='line_1_13' title="bbox 137 651 924 686; baseline 0 -8"><span class='ocrx_word' id='word_1_77' title='bbox 137 651 312 678; x_wconf 81' lang='lat' dir='ltr'><strong>berabundus</strong></span> <span class='ocrx_word' id='word_1_78' title='bbox 338 652 468 684; x_wconf 54' lang='lat' dir='ltr'><strong>ingerebat,</strong></span> <span class='ocrx_word' id='word_1_79' title='bbox 501 652 572 685; x_wconf 86' lang='lat' dir='ltr'><strong>Quid</strong></span> <span class='ocrx_word' id='word_1_80' title='bbox 600 652 701 686; x_wconf 77' lang='lat' dir='ltr'><strong>agam?</strong></span> <span class='ocrx_word' id='word_1_81' title='bbox 726 655 773 678; x_wconf 87' lang='lat' dir='ltr'><strong>aut</strong></span> <span class='ocrx_word' id='word_1_82' title='bbox 797 659 852 685; x_wconf 90' lang='lat' dir='ltr'><strong>quo</strong></span> <span class='ocrx_word' id='word_1_83' title='bbox 881 658 924 678; x_wconf 89' lang='lat' dir='ltr'><strong>me</strong></span> 
     </span>
    </p>
   </div>
   <div class='ocr_carea' id='block_1_14' title="bbox 137 696 926 731">
    <p class='ocr_par' dir='ltr' id='par_1_14' title="bbox 137 696 926 731">
     <span class='ocr_line' id='line_1_14' title="bbox 137 696 926 731; baseline 0 -9"><span class='ocrx_word' id='word_1_84' title='bbox 137 697 259 723; x_wconf 79' lang='lat' dir='ltr'><strong>vertam?</strong></span> <span class='ocrx_word' id='word_1_85' title='bbox 275 705 367 724; x_wconf 89' lang='lat' dir='ltr'><strong>secum</strong></span> <span class='ocrx_word' id='word_1_86' title='bbox 396 697 484 724; x_wconf 83' lang='lat' dir='ltr'><strong>aiens.</strong></span> <span class='ocrx_word' id='word_1_87' title='bbox 507 697 536 724; x_wconf 90' lang='lat' dir='ltr'><strong>Si</strong></span> <span class='ocrx_word' id='word_1_88' title='bbox 553 705 649 723; x_wconf 86' lang='lat' dir='ltr'><strong>cavum</strong></span> <span class='ocrx_word' id='word_1_89' title='bbox 667 704 756 723; x_wconf 89' lang='lat' dir='ltr'><strong>meum</strong></span> <span class='ocrx_word' id='word_1_90' title='bbox 775 696 926 731; x_wconf 80' lang='lat' dir='ltr'><strong>ingrediar,</strong></span> 
     </span>
    </p>
   </div>
   <div class='ocr_carea' id='block_1_15' title="bbox 136 742 925 778">
    <p class='ocr_par' dir='ltr' id='par_1_15' title="bbox 136 742 925 778">
     <span class='ocr_line' id='line_1_15' title="bbox 136 742 925 778; baseline 0 -10"><span class='ocrx_word' id='word_1_91' title='bbox 136 742 280 770; x_wconf 83' lang='lat' dir='ltr'><strong>devorabit</strong></span> <span class='ocrx_word' id='word_1_92' title='bbox 307 750 351 770; x_wconf 92' lang='lat' dir='ltr'><strong>me</strong></span> <span class='ocrx_word' id='word_1_93' title='bbox 376 743 508 778; x_wconf 78' lang='lat' dir='ltr'><strong>nympha;</strong></span> <span class='ocrx_word' id='word_1_94' title='bbox 534 743 556 769; x_wconf 87' lang='lat' dir='ltr'><strong>si</strong></span> <span class='ocrx_word' id='word_1_95' title='bbox 573 747 666 769; x_wconf 88' lang='lat' dir='ltr'><strong>autem</strong></span> <span class='ocrx_word' id='word_1_96' title='bbox 694 742 739 769; x_wconf 91' lang='lat' dir='ltr'><strong>hic</strong></span> <span class='ocrx_word' id='word_1_97' title='bbox 767 743 925 776; x_wconf 87' lang='lat' dir='ltr'><strong>persistam,</strong></span> 
     </span>
    </p>
   </div>
   <div class='ocr_carea' id='block_1_16' title="bbox 135 786 925 821">
    <p class='ocr_par' dir='ltr' id='par_1_16' title="bbox 135 786 925 821">
     <span class='ocr_line' id='line_1_16' title="bbox 135 786 925 821; baseline 0.001 -9"><span class='ocrx_word' id='word_1_98' title='bbox 135 791 182 813; x_wconf 87' lang='lat' dir='ltr'><strong>aut</strong></span> <span class='ocrx_word' id='word_1_99' title='bbox 201 787 298 814; x_wconf 82' lang='lat' dir='ltr'><strong>dextra</strong></span> <span class='ocrx_word' id='word_1_100' title='bbox 321 788 470 815; x_wconf 87' lang='lat' dir='ltr'><strong>sinistrave</strong></span> <span class='ocrx_word' id='word_1_101' title='bbox 497 787 591 821; x_wconf 78' lang='lat' dir='ltr'><strong>fugere</strong></span> <span class='ocrx_word' id='word_1_102' title='bbox 613 786 769 821; x_wconf 74' lang='lat' dir='ltr'><strong>aggrediar,</strong></span> <span class='ocrx_word' id='word_1_103' title='bbox 792 786 925 813; x_wconf 89' lang='lat' dir='ltr'><strong>involabit</strong></span> 
     </span>
    </p>
   </div>
   <div class='ocr_carea' id='block_1_17' title="bbox 136 830 926 865">
    <p class='ocr_par' dir='ltr' id='par_1_17' title="bbox 136 830 926 865">
     <span class='ocr_line' id='line_1_17' title="bbox 136 830 926 865; baseline 0 -8"><span class='ocrx_word' id='word_1_104' title='bbox 136 831 162 857; x_wconf 93' lang='lat' dir='ltr'><strong>in</strong></span> <span class='ocrx_word' id='word_1_105' title='bbox 187 839 229 858; x_wconf 87' lang='lat' dir='ltr'><strong>me</strong></span> <span class='ocrx_word' id='word_1_106' title='bbox 254 837 374 864; x_wconf 83' lang='lat' dir='ltr'><strong>noctua;</strong></span> <span class='ocrx_word' id='word_1_107' title='bbox 390 832 412 859; x_wconf 84' lang='lat' dir='ltr'><strong>si</strong></span> <span class='ocrx_word' id='word_1_108' title='bbox 437 832 483 858; x_wconf 83' lang='lat' dir='ltr'><strong>feli</strong></span> <span class='ocrx_word' id='word_1_109' title='bbox 503 839 546 859; x_wconf 90' lang='lat' dir='ltr'><strong>me</strong></span> <span class='ocrx_word' id='word_1_110' title='bbox 570 831 744 862; x_wconf 79' lang='lat' dir='ltr'><strong>admoveam,</strong></span> <span class='ocrx_word' id='word_1_111' title='bbox 767 830 856 865; x_wconf 64' lang='lat' dir='ltr'><strong>prteda</strong></span> <span class='ocrx_word' id='word_1_112' title='bbox 885 830 926 858; x_wconf 87' lang='lat' dir='ltr'><strong>illi</strong></span> 
     </span>
    </p>
   </div>
   <div class='ocr_carea' id='block_1_18' title="bbox 981 285 1767 324">
    <p class='ocr_par' dir='ltr' id='par_1_18' title="bbox 981 285 1767 324">
     <span class='ocr_line' id='line_1_18' title="bbox 981 285 1767 324; baseline -0.005 -10"><span class='ocrx_word' id='word_1_113' title='bbox 981 288 1069 320; x_wconf 79' lang='lat' dir='ltr'><strong>aiens,</strong></span> <span class='ocrx_word' id='word_1_114' title='bbox 1086 293 1138 315; x_wconf 90' lang='lat' dir='ltr'><strong>tam</strong></span> <span class='ocrx_word' id='word_1_115' title='bbox 1152 289 1206 315; x_wconf 90' lang='lat' dir='ltr'><strong>cito</strong></span> <span class='ocrx_word' id='word_1_116' title='bbox 1219 289 1292 316; x_wconf 90' lang='lat' dir='ltr'><strong>redis</strong></span> <span class='ocrx_word' id='word_1_117' title='bbox 1303 289 1336 315; x_wconf 85' lang='lat' dir='ltr'><strong>ad</strong></span> <span class='ocrx_word' id='word_1_118' title='bbox 1350 289 1459 324; x_wconf 68' lang='lat' dir='ltr'><strong>genium</strong></span> <span class='ocrx_word' id='word_1_119' title='bbox 1471 289 1481 316; x_wconf 90' lang='lat'><strong>?</strong></span> <span class='ocrx_word' id='word_1_120' title='bbox 1495 289 1531 315; x_wconf 91' lang='lat' dir='ltr'><strong>ita</strong></span> <span class='ocrx_word' id='word_1_121' title='bbox 1542 287 1633 314; x_wconf 72' lang='lat' dir='ltr'><strong>brevis</strong></span> <span class='ocrx_word' id='word_1_122' title='bbox 1644 291 1685 312; x_wconf 85' lang='lat' dir='ltr'><strong>est</strong></span> <span class='ocrx_word' id='word_1_123' title='bbox 1700 285 1767 311; x_wconf 74' lang='lat' dir='ltr'><strong>fides</strong></span> 
     </span>
    </p>
   </div>
   <div class='ocr_carea' id='block_1_19' title="bbox 980 333 1764 370">
    <p class='ocr_par' dir='ltr' id='par_1_19' title="bbox 980 333 1764 370">
     <span class='ocr_line' id='line_1_19' title="bbox 980 333 1764 370; baseline -0.005 -9"><span class='ocrx_word' id='word_1_124' title='bbox 980 335 1108 362; x_wconf 70' lang='lat' dir='ltr'><strong>amicitiae</strong></span> <span class='ocrx_word' id='word_1_125' title='bbox 1125 336 1242 370; x_wconf 57' lang='lat' dir='ltr'><strong>iuratae?</strong></span> <span class='ocrx_word' id='word_1_126' title='bbox 1259 335 1377 363; x_wconf 71' lang='lat' dir='ltr'><strong>Sincera:</strong></span> <span class='ocrx_word' id='word_1_127' title='bbox 1399 336 1471 370; x_wconf 78' lang='lat' dir='ltr'><strong>(unus</strong></span> <span class='ocrx_word' id='word_1_128' title='bbox 1484 335 1533 366; x_wconf 86' lang='lat' dir='ltr'><strong>ait)</strong></span> <span class='ocrx_word' id='word_1_129' title='bbox 1549 333 1678 368; x_wconf 79' lang='lat' dir='ltr'><strong>equidem</strong></span> <span class='ocrx_word' id='word_1_130' title='bbox 1697 333 1764 358; x_wconf 90' lang='lat' dir='ltr'><strong>mihi</strong></span> 
     </span>
    </p>
   </div>
   <div class='ocr_carea' id='block_1_20' title="bbox 979 379 1766 408">
    <p class='ocr_par' dir='ltr' id='par_1_20' title="bbox 979 379 1766 408">
     <span class='ocr_line' id='line_1_20' title="bbox 979 379 1766 408; baseline -0.005 0"><span class='ocrx_word' id='word_1_131' title='bbox 979 381 1109 408; x_wconf 87' lang='lat' dir='ltr'><strong>conscius</strong></span> <span class='ocrx_word' id='word_1_132' title='bbox 1123 381 1274 408; x_wconf 88' lang='lat' dir='ltr'><strong>voluntatis</strong></span> <span class='ocrx_word' id='word_1_133' title='bbox 1297 389 1356 408; x_wconf 91' lang='lat' dir='ltr'><strong>sum</strong></span> <span class='ocrx_word' id='word_1_134' title='bbox 1380 382 1407 408; x_wconf 86' lang='lat' dir='ltr'><strong>in</strong></span> <span class='ocrx_word' id='word_1_135' title='bbox 1424 381 1527 408; x_wconf 71' lang='lat' dir='ltr'><strong>focderc</strong></span> <span class='ocrx_word' id='word_1_136' title='bbox 1544 381 1617 406; x_wconf 87' lang='lat' dir='ltr'><strong>inlcr</strong></span> <span class='ocrx_word' id='word_1_137' title='bbox 1633 387 1681 406; x_wconf 89' lang='lat' dir='ltr'><strong>nos</strong></span> <span class='ocrx_word' id='word_1_138' title='bbox 1697 379 1766 405; x_wconf 88' lang='lat' dir='ltr'><strong>inito</strong></span> 
     </span>
    </p>
   </div>
   <div class='ocr_carea' id='block_1_21' title="bbox 979 424 1763 460">
    <p class='ocr_par' dir='ltr' id='par_1_21' title="bbox 979 424 1763 460">
     <span class='ocr_line' id='line_1_21' title="bbox 979 424 1763 460; baseline -0.005 -6"><span class='ocrx_word' id='word_1_139' title='bbox 979 427 1125 458; x_wconf 85' lang='lat' dir='ltr'><strong>servando,</strong></span> <span class='ocrx_word' id='word_1_140' title='bbox 1139 427 1186 453; x_wconf 85' lang='lat' dir='ltr'><strong>sed</strong></span> <span class='ocrx_word' id='word_1_141' title='bbox 1210 435 1265 460; x_wconf 89' lang='lat' dir='ltr'><strong>quo</strong></span> <span class='ocrx_word' id='word_1_142' title='bbox 1288 432 1316 454; x_wconf 90' lang='lat' dir='ltr'><strong>tu</strong></span> <span class='ocrx_word' id='word_1_143' title='bbox 1332 427 1423 454; x_wconf 88' lang='lat' dir='ltr'><strong>futura</strong></span> <span class='ocrx_word' id='word_1_144' title='bbox 1445 427 1483 453; x_wconf 86' lang='lat' dir='ltr'><strong>sis</strong></span> <span class='ocrx_word' id='word_1_145' title='bbox 1504 426 1596 453; x_wconf 87' lang='lat' dir='ltr'><strong>animo</strong></span> <span class='ocrx_word' id='word_1_146' title='bbox 1619 425 1664 451; x_wconf 88' lang='lat' dir='ltr'><strong>ubi</strong></span> <span class='ocrx_word' id='word_1_147' title='bbox 1679 432 1721 451; x_wconf 84' lang='lat' dir='ltr'><strong>me</strong></span> <span class='ocrx_word' id='word_1_148' title='bbox 1737 424 1763 450; x_wconf 90' lang='lat' dir='ltr'><strong>in</strong></span> 
     </span>
    </p>
   </div>
   <div class='ocr_carea' id='block_1_22' title="bbox 979 470 1765 507">
    <p class='ocr_par' dir='ltr' id='par_1_22' title="bbox 979 470 1765 507">
     <span class='ocr_line' id='line_1_22' title="bbox 979 470 1765 507; baseline -0.004 -8"><span class='ocrx_word' id='word_1_149' title='bbox 979 476 1116 507; x_wconf 83' lang='lat' dir='ltr'><strong>potestate</strong></span> <span class='ocrx_word' id='word_1_150' title='bbox 1130 472 1260 500; x_wconf 74' lang='lat' dir='ltr'><strong>habueris</strong></span> <span class='ocrx_word' id='word_1_151' title='bbox 1274 481 1387 505; x_wconf 88' lang='lat' dir='ltr'><strong>vereor;</strong></span> <span class='ocrx_word' id='word_1_152' title='bbox 1403 480 1465 499; x_wconf 87' lang='lat' dir='ltr'><strong>nam</strong></span> <span class='ocrx_word' id='word_1_153' title='bbox 1479 472 1612 498; x_wconf 79' lang='lat' dir='ltr'><strong>naturalis</strong></span> <span class='ocrx_word' id='word_1_154' title='bbox 1623 470 1765 497; x_wconf 82' lang='lat' dir='ltr'><strong>inclinatio</strong></span> 
     </span>
    </p>
   </div>
   <div class='ocr_carea' id='block_1_23' title="bbox 979 517 1764 552">
    <p class='ocr_par' dir='ltr' id='par_1_23' title="bbox 979 517 1764 552">
     <span class='ocr_line' id='line_1_23' title="bbox 979 517 1764 552; baseline -0.008 -7"><span class='ocrx_word' id='word_1_155' title='bbox 979 526 1034 545; x_wconf 90' lang='lat' dir='ltr'><strong>non</strong></span> <span class='ocrx_word' id='word_1_156' title='bbox 1048 524 1181 549; x_wconf 82' lang='lat' dir='ltr'><strong>mutatur,</strong></span> <span class='ocrx_word' id='word_1_157' title='bbox 1193 523 1241 546; x_wconf 88' lang='lat' dir='ltr'><strong>aut</strong></span> <span class='ocrx_word' id='word_1_158' title='bbox 1252 518 1272 545; x_wconf 90' lang='lat' dir='ltr'><strong>si</strong></span> <span class='ocrx_word' id='word_1_159' title='bbox 1287 525 1340 552; x_wconf 80' lang='lat' dir='ltr'><strong>qua</strong></span> <span class='ocrx_word' id='word_1_160' title='bbox 1353 518 1378 544; x_wconf 91' lang='lat' dir='ltr'><strong>ei</strong></span> <span class='ocrx_word' id='word_1_161' title='bbox 1392 518 1432 544; x_wconf 86' lang='lat' dir='ltr'><strong>vis</strong></span> <span class='ocrx_word' id='word_1_162' title='bbox 1443 517 1568 548; x_wconf 72' lang='lat' dir='ltr'><strong>adertur,</strong></span> <span class='ocrx_word' id='word_1_163' title='bbox 1579 523 1633 542; x_wconf 92' lang='lat' dir='ltr'><strong>non</strong></span> <span class='ocrx_word' id='word_1_164' title='bbox 1646 518 1764 549; x_wconf 84' lang='lat' dir='ltr'><strong>perstat;</strong></span> 
     </span>
    </p>
   </div>
   <div class='ocr_carea' id='block_1_24' title="bbox 979 561 1766 600">
    <p class='ocr_par' dir='ltr' id='par_1_24' title="bbox 979 561 1766 600">
     <span class='ocr_line' id='line_1_24' title="bbox 979 561 1766 600; baseline -0.006 -8"><span class='ocrx_word' id='word_1_165' title='bbox 979 569 1136 600; x_wconf 86' lang='lat' dir='ltr'><strong>propterea,</strong></span> <span class='ocrx_word' id='word_1_166' title='bbox 1157 573 1219 592; x_wconf 91' lang='lat' dir='ltr'><strong>cum</strong></span> <span class='ocrx_word' id='word_1_167' title='bbox 1241 565 1311 592; x_wconf 83' lang='lat' dir='ltr'><strong>nihil</strong></span> <span class='ocrx_word' id='word_1_168' title='bbox 1331 569 1437 599; x_wconf 80' lang='lat' dir='ltr'><strong>urgeat,</strong></span> <span class='ocrx_word' id='word_1_169' title='bbox 1464 564 1550 590; x_wconf 87' lang='lat' dir='ltr'><strong>tutius</strong></span> <span class='ocrx_word' id='word_1_170' title='bbox 1564 569 1663 590; x_wconf 84' lang='lat' dir='ltr'><strong>censeo</strong></span> <span class='ocrx_word' id='word_1_171' title='bbox 1682 561 1766 588; x_wconf 90' lang='lat' dir='ltr'><strong>relin-</strong></span> 
     </span>
    </p>
   </div>
   <div class='ocr_carea' id='block_1_25' title="bbox 979 607 1764 645">
    <p class='ocr_par' dir='ltr' id='par_1_25' title="bbox 979 607 1764 645">
     <span class='ocr_line' id='line_1_25' title="bbox 979 607 1764 645; baseline -0.006 -8"><span class='ocrx_word' id='word_1_172' title='bbox 979 618 1064 645; x_wconf 90' lang='lat' dir='ltr'><strong>quere</strong></span> <span class='ocrx_word' id='word_1_173' title='bbox 1090 615 1116 637; x_wconf 90' lang='lat' dir='ltr'><strong>te</strong></span> <span class='ocrx_word' id='word_1_174' title='bbox 1142 610 1233 637; x_wconf 84' lang='lat' dir='ltr'><strong>adhuc</strong></span> <span class='ocrx_word' id='word_1_175' title='bbox 1259 618 1313 636; x_wconf 92' lang='lat' dir='ltr'><strong>uno</strong></span> <span class='ocrx_word' id='word_1_176' title='bbox 1342 611 1522 637; x_wconf 88' lang='lat' dir='ltr'><strong>cottstrictatn</strong></span> <span class='ocrx_word' id='word_1_177' title='bbox 1548 608 1659 634; x_wconf 84' lang='lat' dir='ltr'><strong>vinculo</strong></span> <span class='ocrx_word' id='word_1_178' title='bbox 1676 627 1684 639; x_wconf 93' lang='lat'><strong>,</strong></span> <span class='ocrx_word' id='word_1_179' title='bbox 1714 607 1764 632; x_wconf 88' lang='lat' dir='ltr'><strong>hoc</strong></span> 
     </span>
    </p>
   </div>
   <div class='ocr_carea' id='block_1_26' title="bbox 978 652 1763 692">
    <p class='ocr_par' dir='ltr' id='par_1_26' title="bbox 978 652 1763 692">
     <span class='ocr_line' id='line_1_26' title="bbox 978 652 1763 692; baseline -0.006 -9"><span class='ocrx_word' id='word_1_180' title='bbox 978 663 1088 692; x_wconf 83' lang='lat' dir='ltr'><strong>quoque</strong></span> <span class='ocrx_word' id='word_1_181' title='bbox 1101 661 1232 690; x_wconf 90' lang='lat' dir='ltr'><strong>rupturus</strong></span> <span class='ocrx_word' id='word_1_182' title='bbox 1245 664 1307 682; x_wconf 88' lang='lat' dir='ltr'><strong>cum</strong></span> <span class='ocrx_word' id='word_1_183' title='bbox 1321 661 1457 682; x_wconf 82' lang='lat' dir='ltr'><strong>maturum</strong></span> <span class='ocrx_word' id='word_1_184' title='bbox 1470 655 1533 681; x_wconf 88' lang='lat' dir='ltr'><strong>erit.</strong></span> <span class='ocrx_word' id='word_1_185' title='bbox 1549 654 1595 681; x_wconf 88' lang='lat' dir='ltr'><strong>Sic</strong></span> <span class='ocrx_word' id='word_1_186' title='bbox 1605 652 1763 687; x_wconf 80' lang='lat' dir='ltr'><strong>aliquandiu</strong></span> 
     </span>
    </p>
   </div>
   <div class='ocr_carea' id='block_1_27' title="bbox 978 700 1764 738">
    <p class='ocr_par' dir='ltr' id='par_1_27' title="bbox 978 700 1764 738">
     <span class='ocr_line' id='line_1_27' title="bbox 978 700 1764 738; baseline -0.008 -9"><span class='ocrx_word' id='word_1_187' title='bbox 978 701 1099 738; x_wconf 90' lang='lat' dir='ltr'><strong>perstitit</strong></span> <span class='ocrx_word' id='word_1_188' title='bbox 1116 709 1242 728; x_wconf 83' lang='lat' dir='ltr'><strong>mussans</strong></span> <span class='ocrx_word' id='word_1_189' title='bbox 1263 700 1350 735; x_wconf 82' lang='lat' dir='ltr'><strong>quoad</strong></span> <span class='ocrx_word' id='word_1_190' title='bbox 1373 700 1430 727; x_wconf 87' lang='lat' dir='ltr'><strong>sole</strong></span> <span class='ocrx_word' id='word_1_191' title='bbox 1443 700 1498 734; x_wconf 88' lang='lat' dir='ltr'><strong>jam</strong></span> <span class='ocrx_word' id='word_1_192' title='bbox 1520 703 1625 731; x_wconf 82' lang='lat' dir='ltr'><strong>exorto,</strong></span> <span class='ocrx_word' id='word_1_193' title='bbox 1637 703 1664 725; x_wconf 90' lang='lat' dir='ltr'><strong>et</strong></span> <span class='ocrx_word' id='word_1_194' title='bbox 1681 705 1764 724; x_wconf 86' lang='lat' dir='ltr'><strong>vena-</strong></span> 
     </span>
    </p>
   </div>
   <div class='ocr_carea' id='block_1_28' title="bbox 979 743 1764 780">
    <p class='ocr_par' dir='ltr' id='par_1_28' title="bbox 979 743 1764 780">
     <span class='ocr_line' id='line_1_28' title="bbox 979 743 1764 780; baseline -0.009 -5"><span class='ocrx_word' id='word_1_195' title='bbox 979 748 1048 776; x_wconf 87' lang='lat' dir='ltr'><strong>toris</strong></span> <span class='ocrx_word' id='word_1_196' title='bbox 1062 747 1236 774; x_wconf 85' lang='lat' dir='ltr'><strong>adventantis</strong></span> <span class='ocrx_word' id='word_1_197' title='bbox 1260 746 1376 780; x_wconf 80' lang='lat' dir='ltr'><strong>strepitu</strong></span> <span class='ocrx_word' id='word_1_198' title='bbox 1396 749 1486 779; x_wconf 69' lang='lat' dir='ltr'><strong>ctnpto</strong></span> <span class='ocrx_word' id='word_1_199' title='bbox 1504 744 1602 775; x_wconf 87' lang='lat' dir='ltr'><strong>amliri,</strong></span> <span class='ocrx_word' id='word_1_200' title='bbox 1623 743 1764 770; x_wconf 80' lang='lat' dir='ltr'><strong>residuum</strong></span> 
     </span>
    </p>
   </div>
   <div class='ocr_carea' id='block_1_29' title="bbox 979 787 1762 828">
    <p class='ocr_par' dir='ltr' id='par_1_29' title="bbox 979 787 1762 828">
     <span class='ocr_line' id='line_1_29' title="bbox 979 787 1762 828; baseline -0.009 -8"><span class='ocrx_word' id='word_1_201' title='bbox 979 798 1142 828; x_wconf 83' lang='lat' dir='ltr'><strong>tempestive</strong></span> <span class='ocrx_word' id='word_1_202' title='bbox 1156 792 1290 826; x_wconf 80' lang='lat' dir='ltr'><strong>confregit</strong></span> <span class='ocrx_word' id='word_1_203' title='bbox 1306 791 1392 822; x_wconf 78' lang='lat' dir='ltr'><strong>tilum,</strong></span> <span class='ocrx_word' id='word_1_204' title='bbox 1411 791 1559 825; x_wconf 86' lang='lat' dir='ltr'><strong>proculque</strong></span> <span class='ocrx_word' id='word_1_205' title='bbox 1572 789 1663 816; x_wconf 85' lang='lat' dir='ltr'><strong>statim</strong></span> <span class='ocrx_word' id='word_1_206' title='bbox 1678 787 1762 823; x_wconf 76' lang='lat' dir='ltr'><strong>fugit;</strong></span> 
     </span>
    </p>
   </div>
   <div class='ocr_carea' id='block_1_30' title="bbox 978 832 1763 869">
    <p class='ocr_par' dir='ltr' id='par_1_30' title="bbox 978 832 1763 869">
     <span class='ocr_line' id='line_1_30' title="bbox 978 832 1763 869; baseline -0.008 -3"><span class='ocrx_word' id='word_1_207' title='bbox 978 839 1025 866; x_wconf 84' lang='lat' dir='ltr'><strong>feli</strong></span> <span class='ocrx_word' id='word_1_208' title='bbox 1039 839 1146 869; x_wconf 65' lang='lat' dir='ltr'><strong>solutae,</strong></span> <span class='ocrx_word' id='word_1_209' title='bbox 1169 838 1213 864; x_wconf 79' lang='lat' dir='ltr'><strong>vel</strong></span> <span class='ocrx_word' id='word_1_210' title='bbox 1235 838 1257 865; x_wconf 93' lang='lat' dir='ltr'><strong>si</strong></span> <span class='ocrx_word' id='word_1_211' title='bbox 1280 837 1388 864; x_wconf 79' lang='lat' dir='ltr'><strong>deesset</strong></span> <span class='ocrx_word' id='word_1_212' title='bbox 1410 836 1488 866; x_wconf 80' lang='lat' dir='ltr'><strong>fides,</strong></span> <span class='ocrx_word' id='word_1_213' title='bbox 1511 835 1650 863; x_wconf 84' lang='lat' dir='ltr'><strong>venatoris</strong></span> <span class='ocrx_word' id='word_1_214' title='bbox 1674 832 1763 861; x_wconf 84' lang='lat' dir='ltr'><strong>tamen</strong></span> 
     </span>
    </p>
   </div>
   <div class='ocr_carea' id='block_1_31' title="bbox 137 876 929 922">
    <p class='ocr_par' dir='ltr' id='par_1_31' title="bbox 137 876 926 911">
     <span class='ocr_line' id='line_1_31' title="bbox 137 876 926 911; baseline 0 -9"><span class='ocrx_word' id='word_1_215' title='bbox 137 877 211 904; x_wconf 89' lang='lat' dir='ltr'><strong>fiam.</strong></span> <span class='ocrx_word' id='word_1_216' title='bbox 230 876 289 903; x_wconf 91' lang='lat' dir='ltr'><strong>Non</strong></span> <span class='ocrx_word' id='word_1_217' title='bbox 305 876 518 911; x_wconf 86' lang='lat' dir='ltr'><strong>despondcndus</strong></span> <span class='ocrx_word' id='word_1_218' title='bbox 540 881 630 904; x_wconf 90' lang='lat' dir='ltr'><strong>tamen</strong></span> <span class='ocrx_word' id='word_1_219' title='bbox 648 882 691 903; x_wconf 88' lang='lat' dir='ltr'><strong>est</strong></span> <span class='ocrx_word' id='word_1_220' title='bbox 710 876 835 902; x_wconf 89' lang='lat' dir='ltr'><strong>animus:</strong></span> <span class='ocrx_word' id='word_1_221' title='bbox 849 876 926 910; x_wconf 81' lang='lat' dir='ltr'><strong>inge-</strong></span> 
     </span>
    </p>
   </div>
   <div class='ocr_carea' id='block_1_32' title="bbox 973 876 1765 922">
    <p class='ocr_par' dir='ltr' id='par_1_32' title="bbox 977 880 1765 917">
     <span class='ocr_line' id='line_1_32' title="bbox 977 880 1765 917; baseline -0.009 -5"><span class='ocrx_word' id='word_1_222' title='bbox 977 885 1107 912; x_wconf 88' lang='lat' dir='ltr'><strong>instantis</strong></span> <span class='ocrx_word' id='word_1_223' title='bbox 1124 889 1213 911; x_wconf 87' lang='lat' dir='ltr'><strong>metus</strong></span> <span class='ocrx_word' id='word_1_224' title='bbox 1230 882 1394 917; x_wconf 87' lang='lat' dir='ltr'><strong>insequendi</strong></span> <span class='ocrx_word' id='word_1_225' title='bbox 1410 881 1497 908; x_wconf 88' lang='lat' dir='ltr'><strong>muris</strong></span> <span class='ocrx_word' id='word_1_226' title='bbox 1518 880 1665 908; x_wconf 88' lang='lat' dir='ltr'><strong>consilium</strong></span> <span class='ocrx_word' id='word_1_227' title='bbox 1682 887 1765 907; x_wconf 83' lang='lat' dir='ltr'><strong>excu—</strong></span> 
     </span>
    </p>
   </div>
   <div class='ocr_carea' id='block_1_33' title="bbox 136 921 923 956">
    <p class='ocr_par' dir='ltr' id='par_1_33' title="bbox 136 921 923 956">
     <span class='ocr_line' id='line_1_33' title="bbox 136 921 923 956; baseline -0.001 -8"><span class='ocrx_word' id='word_1_228' title='bbox 136 922 212 948; x_wconf 91' lang='lat' dir='ltr'><strong>nium</strong></span> <span class='ocrx_word' id='word_1_229' title='bbox 236 922 264 949; x_wconf 94' lang='lat' dir='ltr'><strong>in</strong></span> <span class='ocrx_word' id='word_1_230' title='bbox 291 922 424 956; x_wconf 73' lang='lat' dir='ltr'><strong>angustiis</strong></span> <span class='ocrx_word' id='word_1_231' title='bbox 453 922 585 954; x_wconf 86' lang='lat' dir='ltr'><strong>cernitur,</strong></span> <span class='ocrx_word' id='word_1_232' title='bbox 614 921 777 956; x_wconf 77' lang='lat' dir='ltr'><strong>excogitabo</strong></span> <span class='ocrx_word' id='word_1_233' title='bbox 804 921 923 955; x_wconf 83' lang='lat' dir='ltr'><strong>aliquam</strong></span> 
     </span>
    </p>
   </div>
   <div class='ocr_carea' id='block_1_34' title="bbox 135 967 925 1002">
    <p class='ocr_par' dir='ltr' id='par_1_34' title="bbox 135 967 925 1002">
     <span class='ocr_line' id='line_1_34' title="bbox 135 967 925 1002; baseline 0 -8"><span class='ocrx_word' id='word_1_234' title='bbox 135 968 232 995; x_wconf 83' lang='lat' dir='ltr'><strong>salutis</strong></span> <span class='ocrx_word' id='word_1_235' title='bbox 246 968 329 995; x_wconf 88' lang='lat' dir='ltr'><strong>viam.</strong></span> <span class='ocrx_word' id='word_1_236' title='bbox 348 968 385 995; x_wconf 88' lang='lat' dir='ltr'><strong>Ea</strong></span> <span class='ocrx_word' id='word_1_237' title='bbox 403 967 612 1002; x_wconf 88' lang='lat' dir='ltr'><strong>circumspectis</strong></span> <span class='ocrx_word' id='word_1_238' title='bbox 627 968 735 994; x_wconf 92' lang='lat' dir='ltr'><strong>cunctis</strong></span> <span class='ocrx_word' id='word_1_239' title='bbox 749 975 801 994; x_wconf 90' lang='lat' dir='ltr'><strong>non</strong></span> <span class='ocrx_word' id='word_1_240' title='bbox 814 967 925 994; x_wconf 88' lang='lat' dir='ltr'><strong>aliunde</strong></span> 
     </span>
    </p>
   </div>
   <div class='ocr_carea' id='block_1_35' title="bbox 135 1012 923 1047">
    <p class='ocr_par' dir='ltr' id='par_1_35' title="bbox 135 1012 923 1047">
     <span class='ocr_line' id='line_1_35' title="bbox 135 1012 923 1047; baseline 0.001 -9"><span class='ocrx_word' id='word_1_241' title='bbox 135 1020 216 1046; x_wconf 76' lang='lat' dir='ltr'><strong>quam</strong></span> <span class='ocrx_word' id='word_1_242' title='bbox 238 1020 254 1040; x_wconf 89' lang='lat' dir='ltr'><strong>e</strong></span> <span class='ocrx_word' id='word_1_243' title='bbox 281 1013 335 1040; x_wconf 82' lang='lat' dir='ltr'><strong>fele</strong></span> <span class='ocrx_word' id='word_1_244' title='bbox 359 1013 535 1040; x_wconf 88' lang='lat' dir='ltr'><strong>ostenditur:</strong></span> <span class='ocrx_word' id='word_1_245' title='bbox 558 1013 686 1047; x_wconf 77' lang='lat' dir='ltr'><strong>experiar</strong></span> <span class='ocrx_word' id='word_1_246' title='bbox 706 1020 766 1040; x_wconf 86' lang='lat' dir='ltr'><strong>eam</strong></span> <span class='ocrx_word' id='word_1_247' title='bbox 793 1012 923 1047; x_wconf 88' lang='lat' dir='ltr'><strong>alloquio.</strong></span> 
     </span>
    </p>
   </div>
   <div class='ocr_carea' id='block_1_36' title="bbox 135 1057 923 1092">
    <p class='ocr_par' dir='ltr' id='par_1_36' title="bbox 135 1057 923 1092">
     <span class='ocr_line' id='line_1_36' title="bbox 135 1057 923 1092; baseline 0 -8"><span class='ocrx_word' id='word_1_248' title='bbox 135 1057 181 1083; x_wconf 85' lang='lat' dir='ltr'><strong>Sic</strong></span> <span class='ocrx_word' id='word_1_249' title='bbox 205 1057 338 1084; x_wconf 85' lang='lat' dir='ltr'><strong>accedens</strong></span> <span class='ocrx_word' id='word_1_250' title='bbox 364 1062 497 1092; x_wconf 90' lang='lat' dir='ltr'><strong>quantum</strong></span> <span class='ocrx_word' id='word_1_251' title='bbox 522 1061 580 1084; x_wconf 92' lang='lat' dir='ltr'><strong>tuto</strong></span> <span class='ocrx_word' id='word_1_252' title='bbox 604 1057 695 1091; x_wconf 87' lang='lat' dir='ltr'><strong>potuit</strong></span> <span class='ocrx_word' id='word_1_253' title='bbox 718 1058 750 1084; x_wconf 87' lang='lat' dir='ltr'><strong>ad</strong></span> <span class='ocrx_word' id='word_1_254' title='bbox 768 1057 923 1084; x_wconf 83' lang='lat' dir='ltr'><strong>inlricatam</strong></span> 
     </span>
    </p>
   </div>
   <div class='ocr_carea' id='block_1_37' title="bbox 135 1101 925 1136">
    <p class='ocr_par' dir='ltr' id='par_1_37' title="bbox 135 1101 925 1136">
     <span class='ocr_line' id='line_1_37' title="bbox 135 1101 925 1136; baseline 0.001 -9"><span class='ocrx_word' id='word_1_255' title='bbox 135 1102 188 1128; x_wconf 87' lang='lat' dir='ltr'><strong>reti</strong></span> <span class='ocrx_word' id='word_1_256' title='bbox 211 1102 296 1136; x_wconf 77' lang='lat' dir='ltr'><strong>felim,</strong></span> <span class='ocrx_word' id='word_1_257' title='bbox 311 1101 408 1135; x_wconf 76' lang='lat' dir='ltr'><strong>Satin&#39;,</strong></span> <span class='ocrx_word' id='word_1_258' title='bbox 430 1101 529 1136; x_wconf 88' lang='lat' dir='ltr'><strong>inquit,</strong></span> <span class='ocrx_word' id='word_1_259' title='bbox 548 1102 628 1128; x_wconf 66' lang='lat' dir='ltr'><strong>salvat</strong></span> <span class='ocrx_word' id='word_1_260' title='bbox 650 1109 693 1129; x_wconf 92' lang='lat' dir='ltr'><strong>res</strong></span> <span class='ocrx_word' id='word_1_261' title='bbox 714 1107 780 1128; x_wconf 88' lang='lat' dir='ltr'><strong>sunt</strong></span> <span class='ocrx_word' id='word_1_262' title='bbox 806 1102 876 1129; x_wconf 60' lang='lat' dir='ltr'><strong>tua}?</strong></span> <span class='ocrx_word' id='word_1_263' title='bbox 891 1102 925 1128; x_wconf 85' lang='lat' dir='ltr'><strong>Et</strong></span> 
     </span>
    </p>
   </div>
   <div class='ocr_carea' id='block_1_38' title="bbox 135 1148 924 1182">
    <p class='ocr_par' dir='ltr' id='par_1_38' title="bbox 135 1148 924 1182">
     <span class='ocr_line' id='line_1_38' title="bbox 135 1148 924 1182; baseline 0.001 -8"><span class='ocrx_word' id='word_1_264' title='bbox 135 1148 207 1180; x_wconf 83' lang='lat' dir='ltr'><strong>felis,</strong></span> <span class='ocrx_word' id='word_1_265' title='bbox 236 1148 345 1175; x_wconf 83' lang='lat' dir='ltr'><strong>Gaudes</strong></span> <span class='ocrx_word' id='word_1_266' title='bbox 370 1149 486 1180; x_wconf 83' lang='lat' dir='ltr'><strong>scilicet,</strong></span> <span class='ocrx_word' id='word_1_267' title='bbox 521 1149 570 1179; x_wconf 89' lang='lat' dir='ltr'><strong>ait,</strong></span> <span class='ocrx_word' id='word_1_268' title='bbox 603 1155 646 1175; x_wconf 88' lang='lat' dir='ltr'><strong>me</strong></span> <span class='ocrx_word' id='word_1_269' title='bbox 678 1148 862 1182; x_wconf 83' lang='lat' dir='ltr'><strong>deprehensa,</strong></span> <span class='ocrx_word' id='word_1_270' title='bbox 891 1155 924 1175; x_wconf 89' lang='lat' dir='ltr'><strong>ac</strong></span> 
     </span>
    </p>
   </div>
   <div class='ocr_carea' id='block_1_39' title="bbox 136 1193 922 1226">
    <p class='ocr_par' dir='ltr' id='par_1_39' title="bbox 136 1193 922 1226">
     <span class='ocr_line' id='line_1_39' title="bbox 136 1193 922 1226; baseline 0.001 -6"><span class='ocrx_word' id='word_1_271' title='bbox 136 1194 239 1221; x_wconf 63' lang='lat' dir='ltr'><strong>miserae</strong></span> <span class='ocrx_word' id='word_1_272' title='bbox 258 1194 383 1221; x_wconf 84' lang='lat' dir='ltr'><strong>insultas.</strong></span> <span class='ocrx_word' id='word_1_273' title='bbox 405 1194 474 1221; x_wconf 91' lang='lat' dir='ltr'><strong>Tum</strong></span> <span class='ocrx_word' id='word_1_274' title='bbox 502 1201 582 1221; x_wconf 88' lang='lat' dir='ltr'><strong>mus:</strong></span> <span class='ocrx_word' id='word_1_275' title='bbox 600 1193 766 1226; x_wconf 82' lang='lat' dir='ltr'><strong>Gauderem,</strong></span> <span class='ocrx_word' id='word_1_276' title='bbox 790 1199 820 1220; x_wconf 92' lang='lat' dir='ltr'><strong>ut</strong></span> <span class='ocrx_word' id='word_1_277' title='bbox 843 1194 922 1226; x_wconf 86' lang='lat' dir='ltr'><strong>dicis,</strong></span> 
     </span>
    </p>
   </div>
   <div class='ocr_carea' id='block_1_40' title="bbox 135 1239 923 1274">
    <p class='ocr_par' dir='ltr' id='par_1_40' title="bbox 135 1239 923 1274">
     <span class='ocr_line' id='line_1_40' title="bbox 135 1239 923 1274; baseline 0 -8"><span class='ocrx_word' id='word_1_278' title='bbox 135 1239 158 1266; x_wconf 88' lang='lat' dir='ltr'><strong>si</strong></span> <span class='ocrx_word' id='word_1_279' title='bbox 173 1246 285 1266; x_wconf 86' lang='lat' dir='ltr'><strong>securus</strong></span> <span class='ocrx_word' id='word_1_280' title='bbox 298 1246 398 1271; x_wconf 84' lang='lat' dir='ltr'><strong>essent,</strong></span> <span class='ocrx_word' id='word_1_281' title='bbox 414 1247 489 1266; x_wconf 87' lang='lat' dir='ltr'><strong>nunc</strong></span> <span class='ocrx_word' id='word_1_282' title='bbox 503 1239 616 1274; x_wconf 89' lang='lat' dir='ltr'><strong>propria</strong></span> <span class='ocrx_word' id='word_1_283' title='bbox 628 1239 695 1266; x_wconf 89' lang='lat' dir='ltr'><strong>mihi</strong></span> <span class='ocrx_word' id='word_1_284' title='bbox 715 1239 839 1274; x_wconf 87' lang='lat' dir='ltr'><strong>pericula</strong></span> <span class='ocrx_word' id='word_1_285' title='bbox 852 1240 923 1267; x_wconf 82' lang='lat' dir='ltr'><strong>cala-</strong></span> 
     </span>
    </p>
   </div>
   <div class='ocr_carea' id='block_1_41' title="bbox 136 1284 922 1320">
    <p class='ocr_par' dir='ltr' id='par_1_41' title="bbox 136 1284 922 1320">
     <span class='ocr_line' id='line_1_41' title="bbox 136 1284 922 1320; baseline 0 -9"><span class='ocrx_word' id='word_1_286' title='bbox 136 1285 238 1311; x_wconf 85' lang='lat' dir='ltr'><strong>mitatis</strong></span> <span class='ocrx_word' id='word_1_287' title='bbox 253 1285 349 1312; x_wconf 63' lang='lat' dir='ltr'><strong>aliena</strong></span> <span class='ocrx_word' id='word_1_288' title='bbox 364 1284 484 1312; x_wconf 88' lang='lat' dir='ltr'><strong>fructum</strong></span> <span class='ocrx_word' id='word_1_289' title='bbox 503 1285 657 1312; x_wconf 86' lang='lat' dir='ltr'><strong>excutiunt.</strong></span> <span class='ocrx_word' id='word_1_290' title='bbox 675 1285 759 1313; x_wconf 82' lang='lat' dir='ltr'><strong>Vides</strong></span> <span class='ocrx_word' id='word_1_291' title='bbox 774 1285 922 1320; x_wconf 88' lang='lat' dir='ltr'><strong>nympham</strong></span> 
     </span>
    </p>
   </div>
   <div class='ocr_carea' id='block_1_42' title="bbox 135 1330 922 1365">
    <p class='ocr_par' dir='ltr' id='par_1_42' title="bbox 135 1330 922 1365">
     <span class='ocr_line' id='line_1_42' title="bbox 135 1330 922 1365; baseline 0.001 -9"><span class='ocrx_word' id='word_1_292' title='bbox 135 1331 289 1363; x_wconf 80' lang='lat' dir='ltr'><strong>pervasisse</strong></span> <span class='ocrx_word' id='word_1_293' title='bbox 316 1338 408 1357; x_wconf 90' lang='lat' dir='ltr'><strong>meutn</strong></span> <span class='ocrx_word' id='word_1_294' title='bbox 435 1338 544 1362; x_wconf 86' lang='lat' dir='ltr'><strong>cavum,</strong></span> <span class='ocrx_word' id='word_1_295' title='bbox 570 1331 708 1365; x_wconf 87' lang='lat' dir='ltr'><strong>simulque</strong></span> <span class='ocrx_word' id='word_1_296' title='bbox 733 1330 922 1357; x_wconf 86' lang='lat' dir='ltr'><strong>inuninentcm</strong></span> 
     </span>
    </p>
   </div>
   <div class='ocr_carea' id='block_1_43' title="bbox 135 1376 922 1411">
    <p class='ocr_par' dir='ltr' id='par_1_43' title="bbox 135 1376 922 1411">
     <span class='ocr_line' id='line_1_43' title="bbox 135 1376 922 1411; baseline 0 -9"><span class='ocrx_word' id='word_1_297' title='bbox 135 1377 161 1403; x_wconf 93' lang='lat' dir='ltr'><strong>in</strong></span> <span class='ocrx_word' id='word_1_298' title='bbox 181 1377 234 1404; x_wconf 85' lang='lat' dir='ltr'><strong>mei</strong></span> <span class='ocrx_word' id='word_1_299' title='bbox 246 1377 370 1411; x_wconf 83' lang='lat' dir='ltr'><strong>rapinam</strong></span> <span class='ocrx_word' id='word_1_300' title='bbox 384 1383 504 1411; x_wconf 79' lang='lat' dir='ltr'><strong>superne</strong></span> <span class='ocrx_word' id='word_1_301' title='bbox 526 1381 666 1403; x_wconf 91' lang='lat' dir='ltr'><strong>noctuam.</strong></span> <span class='ocrx_word' id='word_1_302' title='bbox 681 1376 756 1403; x_wconf 75' lang='lat' dir='ltr'><strong>Nunc</strong></span> <span class='ocrx_word' id='word_1_303' title='bbox 772 1383 830 1410; x_wconf 82' lang='lat' dir='ltr'><strong>age,</strong></span> <span class='ocrx_word' id='word_1_304' title='bbox 849 1376 922 1410; x_wconf 88' lang='lat' dir='ltr'><strong>quod</strong></span> 
     </span>
    </p>
   </div>
   <div class='ocr_carea' id='block_1_44' title="bbox 134 1422 922 1457">
    <p class='ocr_par' dir='ltr' id='par_1_44' title="bbox 134 1422 922 1457">
     <span class='ocr_line' id='line_1_44' title="bbox 134 1422 922 1457; baseline -0.001 -8"><span class='ocrx_word' id='word_1_305' title='bbox 134 1423 317 1450; x_wconf 83' lang='lat' dir='ltr'><strong>communiter</strong></span> <span class='ocrx_word' id='word_1_306' title='bbox 338 1423 458 1457; x_wconf 82' lang='lat' dir='ltr'><strong>expedit,</strong></span> <span class='ocrx_word' id='word_1_307' title='bbox 475 1423 656 1450; x_wconf 86' lang='lat' dir='ltr'><strong>conciliemur</strong></span> <span class='ocrx_word' id='word_1_308' title='bbox 672 1422 798 1453; x_wconf 89' lang='lat' dir='ltr'><strong>invicem,</strong></span> <span class='ocrx_word' id='word_1_309' title='bbox 814 1430 922 1456; x_wconf 82' lang='lat' dir='ltr'><strong>paceni-</strong></span> 
     </span>
    </p>
   </div>
   <div class='ocr_carea' id='block_1_45' title="bbox 134 1468 919 1503">
    <p class='ocr_par' dir='ltr' id='par_1_45' title="bbox 134 1468 919 1503">
     <span class='ocr_line' id='line_1_45' title="bbox 134 1468 919 1503; baseline 0 -8"><span class='ocrx_word' id='word_1_310' title='bbox 134 1477 188 1503; x_wconf 87' lang='lat' dir='ltr'><strong>que</strong></span> <span class='ocrx_word' id='word_1_311' title='bbox 203 1469 346 1500; x_wconf 85' lang='lat' dir='ltr'><strong>faciamus,</strong></span> <span class='ocrx_word' id='word_1_312' title='bbox 364 1469 406 1496; x_wconf 91' lang='lat' dir='ltr'><strong>his</strong></span> <span class='ocrx_word' id='word_1_313' title='bbox 421 1468 538 1503; x_wconf 77' lang='lat' dir='ltr'><strong>legibus,</strong></span> <span class='ocrx_word' id='word_1_314' title='bbox 557 1474 586 1496; x_wconf 91' lang='lat' dir='ltr'><strong>ut</strong></span> <span class='ocrx_word' id='word_1_315' title='bbox 601 1476 661 1503; x_wconf 79' lang='lat' dir='ltr'><strong>ego,</strong></span> <span class='ocrx_word' id='word_1_316' title='bbox 677 1468 778 1503; x_wconf 89' lang='lat' dir='ltr'><strong>quibus</strong></span> <span class='ocrx_word' id='word_1_317' title='bbox 798 1468 919 1500; x_wconf 80' lang='lat' dir='ltr'><strong>vincit-is,</strong></span> 
     </span>
    </p>
   </div>
   <div class='ocr_carea' id='block_1_46' title="bbox 136 1503 956 1553">
    <p class='ocr_par' dir='ltr' id='par_1_46' title="bbox 136 1503 956 1553">
     <span class='ocr_line' id='line_1_46' title="bbox 136 1503 956 1553; baseline 0 -12"><span class='ocrx_word' id='word_1_318' title='bbox 136 1523 260 1550; x_wconf 88' lang='lat' dir='ltr'><strong>rumpam</strong></span> <span class='ocrx_word' id='word_1_319' title='bbox 287 1515 412 1550; x_wconf 85' lang='lat' dir='ltr'><strong>laqueos,</strong></span> <span class='ocrx_word' id='word_1_320' title='bbox 440 1515 648 1553; x_wconf 30' lang='lat' dir='ltr'><strong>tuAnympham</strong></span> <span class='ocrx_word' id='word_1_321' title='bbox 676 1514 786 1542; x_wconf 87' lang='lat' dir='ltr'><strong>occidas</strong></span> <span class='ocrx_word' id='word_1_322' title='bbox 814 1503 956 1549; x_wconf 70' lang='lat' dir='ltr'><strong>praeda-c</strong></span> 
     </span>
    </p>
   </div>
   <div class='ocr_carea' id='block_1_47' title="bbox 136 1562 345 1589">
    <p class='ocr_par' dir='ltr' id='par_1_47' title="bbox 136 1562 345 1589">
     <span class='ocr_line' id='line_1_47' title="bbox 136 1562 345 1589; baseline 0.01 -2"><span class='ocrx_word' id='word_1_323' title='bbox 136 1562 230 1588; x_wconf 70' lang='lat' dir='ltr'><strong>trfcem</strong></span> <span class='ocrx_word' id='word_1_324' title='bbox 246 1569 345 1589; x_wconf 83' lang='lat' dir='ltr'><strong>meam.</strong></span> 
     </span>
    </p>
   </div>
   <div class='ocr_carea' id='block_1_48' title="bbox 170 1604 920 1641">
    <p class='ocr_par' dir='ltr' id='par_1_48' title="bbox 170 1604 920 1641">
     <span class='ocr_line' id='line_1_48' title="bbox 170 1604 920 1641; baseline -0.004 -8"><span class='ocrx_word' id='word_1_325' title='bbox 170 1607 202 1635; x_wconf 88' lang='lat' dir='ltr'><strong>ll.</strong></span> <span class='ocrx_word' id='word_1_326' title='bbox 223 1606 484 1641; x_wconf 85' lang='lat' dir='ltr'><strong>Probavitimpense</strong></span> <span class='ocrx_word' id='word_1_327' title='bbox 499 1606 587 1633; x_wconf 90' lang='lat' dir='ltr'><strong>muris</strong></span> <span class='ocrx_word' id='word_1_328' title='bbox 609 1606 825 1640; x_wconf 87' lang='lat' dir='ltr'><strong>propositionem</strong></span> <span class='ocrx_word' id='word_1_329' title='bbox 847 1604 920 1636; x_wconf 87' lang='lat' dir='ltr'><strong>felis,</strong></span> 
     </span>
    </p>
   </div>
   <div class='ocr_carea' id='block_1_49' title="bbox 133 1649 920 1686">
    <p class='ocr_par' dir='ltr' id='par_1_49' title="bbox 133 1649 920 1686">
     <span class='ocr_line' id='line_1_49' title="bbox 133 1649 920 1686; baseline -0.003 -9"><span class='ocrx_word' id='word_1_330' title='bbox 133 1655 161 1677; x_wconf 91' lang='lat' dir='ltr'><strong>et</strong></span> <span class='ocrx_word' id='word_1_331' title='bbox 182 1658 286 1685; x_wconf 74' lang='lat' dir='ltr'><strong>magna:</strong></span> <span class='ocrx_word' id='word_1_332' title='bbox 307 1651 442 1678; x_wconf 85' lang='lat' dir='ltr'><strong>mercedis</strong></span> <span class='ocrx_word' id='word_1_333' title='bbox 465 1651 667 1686; x_wconf 73' lang='lat' dir='ltr'><strong>propositiones</strong></span> <span class='ocrx_word' id='word_1_334' title='bbox 692 1650 804 1684; x_wconf 77' lang='lat' dir='ltr'><strong>adjecit,</strong></span> <span class='ocrx_word' id='word_1_335' title='bbox 821 1649 845 1676; x_wconf 85' lang='lat' dir='ltr'><strong>si</strong></span> <span class='ocrx_word' id='word_1_336' title='bbox 860 1649 920 1684; x_wconf 82' lang='lat' dir='ltr'><strong>ejus</strong></span> 
     </span>
    </p>
   </div>
   <div class='ocr_carea' id='block_1_50' title="bbox 134 1695 919 1730">
    <p class='ocr_par' dir='ltr' id='par_1_50' title="bbox 134 1695 919 1730">
     <span class='ocr_line' id='line_1_50' title="bbox 134 1695 919 1730; baseline -0.004 -7"><span class='ocrx_word' id='word_1_337' title='bbox 134 1696 268 1723; x_wconf 82' lang='lat' dir='ltr'><strong>beneﬁcio</strong></span> <span class='ocrx_word' id='word_1_338' title='bbox 280 1703 309 1723; x_wconf 89' lang='lat' dir='ltr'><strong>se</strong></span> <span class='ocrx_word' id='word_1_339' title='bbox 324 1696 392 1724; x_wconf 83' lang='lat' dir='ltr'><strong>solvi</strong></span> <span class='ocrx_word' id='word_1_340' title='bbox 404 1697 586 1730; x_wconf 82' lang='lat' dir='ltr'><strong>contingeret.</strong></span> <span class='ocrx_word' id='word_1_341' title='bbox 601 1696 670 1730; x_wconf 77' lang='lat' dir='ltr'><strong>Ergo</strong></span> <span class='ocrx_word' id='word_1_342' title='bbox 683 1695 773 1723; x_wconf 71' lang='lat' dir='ltr'><strong>foedus</strong></span> <span class='ocrx_word' id='word_1_343' title='bbox 785 1695 919 1726; x_wconf 85' lang='lat' dir='ltr'><strong>inierunt,</strong></span> 
     </span>
    </p>
   </div>
   <div class='ocr_carea' id='block_1_51' title="bbox 133 1739 921 1776">
    <p class='ocr_par' dir='ltr' id='par_1_51' title="bbox 133 1739 921 1776">
     <span class='ocr_line' id='line_1_51' title="bbox 133 1739 921 1776; baseline -0.004 -7"><span class='ocrx_word' id='word_1_344' title='bbox 133 1748 160 1770; x_wconf 92' lang='lat' dir='ltr'><strong>ct</strong></span> <span class='ocrx_word' id='word_1_345' title='bbox 185 1750 246 1769; x_wconf 90' lang='lat' dir='ltr'><strong>mus</strong></span> <span class='ocrx_word' id='word_1_346' title='bbox 270 1743 339 1769; x_wconf 89' lang='lat' dir='ltr'><strong>citra</strong></span> <span class='ocrx_word' id='word_1_347' title='bbox 370 1750 475 1769; x_wconf 86' lang='lat' dir='ltr'><strong>moram</strong></span> <span class='ocrx_word' id='word_1_348' title='bbox 502 1742 586 1776; x_wconf 68' lang='lat' dir='ltr'><strong>etrapit</strong></span> <span class='ocrx_word' id='word_1_349' title='bbox 608 1741 653 1768; x_wconf 86' lang='lat' dir='ltr'><strong>ﬁla</strong></span> <span class='ocrx_word' id='word_1_350' title='bbox 679 1742 746 1768; x_wconf 90' lang='lat' dir='ltr'><strong>retis</strong></span> <span class='ocrx_word' id='word_1_351' title='bbox 767 1739 921 1767; x_wconf 88' lang='lat' dir='ltr'><strong>arrodendo</strong></span> 
     </span>
    </p>
   </div>
   <div class='ocr_carea' id='block_1_52' title="bbox 132 1785 920 1823">
    <p class='ocr_par' dir='ltr' id='par_1_52' title="bbox 132 1785 920 1823">
     <span class='ocr_line' id='line_1_52' title="bbox 132 1785 920 1823; baseline -0.004 -9"><span class='ocrx_word' id='word_1_352' title='bbox 132 1788 268 1823; x_wconf 78' lang='lat' dir='ltr'><strong>frangere.</strong></span> <span class='ocrx_word' id='word_1_353' title='bbox 286 1788 376 1815; x_wconf 86' lang='lat' dir='ltr'><strong>Unum</strong></span> <span class='ocrx_word' id='word_1_354' title='bbox 392 1796 424 1815; x_wconf 85' lang='lat' dir='ltr'><strong>ex</strong></span> <span class='ocrx_word' id='word_1_355' title='bbox 448 1788 491 1814; x_wconf 88' lang='lat' dir='ltr'><strong>his</strong></span> <span class='ocrx_word' id='word_1_356' title='bbox 513 1791 603 1814; x_wconf 87' lang='lat' dir='ltr'><strong>tamen</strong></span> <span class='ocrx_word' id='word_1_357' title='bbox 627 1787 738 1821; x_wconf 88' lang='lat' dir='ltr'><strong>reliquit</strong></span> <span class='ocrx_word' id='word_1_358' title='bbox 758 1793 812 1820; x_wconf 92' lang='lat' dir='ltr'><strong>quo</strong></span> <span class='ocrx_word' id='word_1_359' title='bbox 829 1785 920 1812; x_wconf 88' lang='lat' dir='ltr'><strong>adhuc</strong></span> 
     </span>
    </p>
   </div>
   <div class='ocr_carea' id='block_1_53' title="bbox 134 1830 918 1867">
    <p class='ocr_par' dir='ltr' id='par_1_53' title="bbox 134 1830 918 1867">
     <span class='ocr_line' id='line_1_53' title="bbox 134 1830 918 1867; baseline -0.004 -7"><span class='ocrx_word' id='word_1_360' title='bbox 134 1835 195 1860; x_wconf 84' lang='lat' dir='ltr'><strong>felis</strong></span> <span class='ocrx_word' id='word_1_361' title='bbox 217 1838 378 1866; x_wconf 86' lang='lat' dir='ltr'><strong>teneretur;</strong></span> <span class='ocrx_word' id='word_1_362' title='bbox 396 1841 451 1860; x_wconf 89' lang='lat' dir='ltr'><strong>non</strong></span> <span class='ocrx_word' id='word_1_363' title='bbox 474 1834 547 1861; x_wconf 85' lang='lat' dir='ltr'><strong>enim</strong></span> <span class='ocrx_word' id='word_1_364' title='bbox 565 1834 645 1867; x_wconf 87' lang='lat' dir='ltr'><strong>plane</strong></span> <span class='ocrx_word' id='word_1_365' title='bbox 670 1833 772 1859; x_wconf 80' lang='lat' dir='ltr'><strong>ﬁdebat</strong></span> <span class='ocrx_word' id='word_1_366' title='bbox 795 1830 918 1858; x_wconf 84' lang='lat' dir='ltr'><strong>reconci-</strong></span> 
     </span>
    </p>
   </div>
   <div class='ocr_carea' id='block_1_54' title="bbox 133 1878 918 1915">
    <p class='ocr_par' dir='ltr' id='par_1_54' title="bbox 133 1878 918 1915">
     <span class='ocr_line' id='line_1_54' title="bbox 133 1878 918 1915; baseline -0.004 -9"><span class='ocrx_word' id='word_1_367' title='bbox 133 1879 205 1907; x_wconf 67' lang='lat' dir='ltr'><strong>liatae</strong></span> <span class='ocrx_word' id='word_1_368' title='bbox 228 1880 324 1915; x_wconf 69' lang='lat' dir='ltr'><strong>gratia:</strong></span> <span class='ocrx_word' id='word_1_369' title='bbox 343 1880 398 1908; x_wconf 71' lang='lat' dir='ltr'><strong>nisi</strong></span> <span class='ocrx_word' id='word_1_370' title='bbox 414 1880 528 1915; x_wconf 78' lang='lat' dir='ltr'><strong>pignore</strong></span> <span class='ocrx_word' id='word_1_371' title='bbox 553 1880 606 1907; x_wconf 91' lang='lat' dir='ltr'><strong>sibi</strong></span> <span class='ocrx_word' id='word_1_372' title='bbox 629 1878 741 1907; x_wconf 88' lang='lat' dir='ltr'><strong>certiori</strong></span> <span class='ocrx_word' id='word_1_373' title='bbox 766 1882 918 1905; x_wconf 82' lang='lat' dir='ltr'><strong>caveretur.</strong></span> 
     </span>
    </p>
   </div>
   <div class='ocr_carea' id='block_1_55' title="bbox 978 926 1765 965">
    <p class='ocr_par' dir='ltr' id='par_1_55' title="bbox 978 926 1765 965">
     <span class='ocr_line' id='line_1_55' title="bbox 978 926 1765 965; baseline -0.009 -7"><span class='ocrx_word' id='word_1_374' title='bbox 978 935 1057 958; x_wconf 85' lang='lat' dir='ltr'><strong>teret.</strong></span> <span class='ocrx_word' id='word_1_375' title='bbox 1077 930 1150 964; x_wconf 73' lang='lat' dir='ltr'><strong>Ergo</strong></span> <span class='ocrx_word' id='word_1_376' title='bbox 1175 929 1294 965; x_wconf 86' lang='lat' dir='ltr'><strong>nympha</strong></span> <span class='ocrx_word' id='word_1_377' title='bbox 1317 928 1408 955; x_wconf 89' lang='lat' dir='ltr'><strong>obiter</strong></span> <span class='ocrx_word' id='word_1_378' title='bbox 1430 926 1573 958; x_wconf 88' lang='lat' dir='ltr'><strong>exterrita,</strong></span> <span class='ocrx_word' id='word_1_379' title='bbox 1588 927 1624 956; x_wconf 66' lang='lat' dir='ltr'><strong>fet</strong></span> <span class='ocrx_word' id='word_1_380' title='bbox 1638 933 1670 952; x_wconf 88' lang='lat' dir='ltr'><strong>ex</strong></span> <span class='ocrx_word' id='word_1_381' title='bbox 1685 929 1765 951; x_wconf 88' lang='lat' dir='ltr'><strong>antro</strong></span> 
     </span>
    </p>
   </div>
   <div class='ocr_carea' id='block_1_56' title="bbox 975 971 1766 1010">
    <p class='ocr_par' dir='ltr' id='par_1_56' title="bbox 975 971 1766 1010">
     <span class='ocr_line' id='line_1_56' title="bbox 975 971 1766 1010; baseline -0.009 -7"><span class='ocrx_word' id='word_1_382' title='bbox 975 976 1183 1010; x_wconf 53' lang='lat' dir='ltr'><strong>muris‘ejecta,</strong></span> <span class='ocrx_word' id='word_1_383' title='bbox 1209 974 1281 1001; x_wconf 88' lang='lat' dir='ltr'><strong>saltu</strong></span> <span class='ocrx_word' id='word_1_384' title='bbox 1304 972 1468 1001; x_wconf 88' lang='lat' dir='ltr'><strong>conscendit</strong></span> <span class='ocrx_word' id='word_1_385' title='bbox 1488 972 1626 998; x_wconf 88' lang='lat' dir='ltr'><strong>arborem.</strong></span> <span class='ocrx_word' id='word_1_386' title='bbox 1652 971 1766 997; x_wconf 61' lang='lat' dir='ltr'><strong>Maestus</strong></span> 
     </span>
    </p>
   </div>
   <div class='ocr_carea' id='block_1_57' title="bbox 974 1016 1701 1048">
    <p class='ocr_par' dir='ltr' id='par_1_57' title="bbox 974 1016 1701 1048">
     <span class='ocr_line' id='line_1_57' title="bbox 974 1016 1701 1048; baseline -0.008 0"><span class='ocrx_word' id='word_1_387' title='bbox 974 1026 1089 1048; x_wconf 81' lang='lat' dir='ltr'><strong>venator</strong></span> <span class='ocrx_word' id='word_1_388' title='bbox 1104 1021 1219 1048; x_wconf 86' lang='lat' dir='ltr'><strong>fractum</strong></span> <span class='ocrx_word' id='word_1_389' title='bbox 1238 1025 1297 1046; x_wconf 88' lang='lat' dir='ltr'><strong>rete</strong></span> <span class='ocrx_word' id='word_1_390' title='bbox 1312 1018 1562 1046; x_wconf 68' lang='lat' dir='ltr'><strong>reconcinnaturus</strong></span> <span class='ocrx_word' id='word_1_391' title='bbox 1578 1016 1701 1044; x_wconf 83' lang='lat' dir='ltr'><strong>abstulit.</strong></span> 
     </span>
    </p>
   </div>
   <div class='ocr_carea' id='block_1_58' title="bbox 1010 1063 1764 1097">
    <p class='ocr_par' dir='ltr' id='par_1_58' title="bbox 1010 1063 1764 1097">
     <span class='ocr_line' id='line_1_58' title="bbox 1010 1063 1764 1097; baseline -0.007 -3"><span class='ocrx_word' id='word_1_392' title='bbox 1010 1066 1053 1094; x_wconf 85' lang='lat' dir='ltr'><strong>III.</strong></span> <span class='ocrx_word' id='word_1_393' title='bbox 1074 1066 1156 1093; x_wconf 89' lang='lat' dir='ltr'><strong>Pauci</strong></span> <span class='ocrx_word' id='word_1_394' title='bbox 1173 1073 1205 1092; x_wconf 86' lang='lat' dir='ltr'><strong>ex</strong></span> <span class='ocrx_word' id='word_1_395' title='bbox 1223 1066 1276 1092; x_wconf 89' lang='lat' dir='ltr'><strong>hoc</strong></span> <span class='ocrx_word' id='word_1_396' title='bbox 1297 1065 1356 1092; x_wconf 88' lang='lat' dir='ltr'><strong>dies</strong></span> <span class='ocrx_word' id='word_1_397' title='bbox 1372 1064 1515 1095; x_wconf 84' lang='lat' dir='ltr'><strong>ﬂuxeraut,</strong></span> <span class='ocrx_word' id='word_1_398' title='bbox 1533 1071 1595 1090; x_wconf 86' lang='lat' dir='ltr'><strong>cum</strong></span> <span class='ocrx_word' id='word_1_399' title='bbox 1624 1063 1764 1097; x_wconf 81' lang='lat' dir='ltr'><strong>prodenti-</strong></span> 
     </span>
    </p>
   </div>
   <div class='ocr_carea' id='block_1_59' title="bbox 975 1109 1764 1144">
    <p class='ocr_par' dir='ltr' id='par_1_59' title="bbox 975 1109 1764 1144">
     <span class='ocr_line' id='line_1_59' title="bbox 975 1109 1764 1144; baseline -0.004 -7"><span class='ocrx_word' id='word_1_400' title='bbox 975 1115 1039 1141; x_wconf 83' lang='lat' dir='ltr'><strong>tem,</strong></span> <span class='ocrx_word' id='word_1_401' title='bbox 1058 1115 1151 1144; x_wconf 83' lang='lat' dir='ltr'><strong>pastus</strong></span> <span class='ocrx_word' id='word_1_402' title='bbox 1166 1117 1245 1136; x_wconf 77' lang='lat' dir='ltr'><strong>causa</strong></span> <span class='ocrx_word' id='word_1_403' title='bbox 1263 1109 1415 1143; x_wconf 75' lang='lat' dir='ltr'><strong>quzerendi,</strong></span> <span class='ocrx_word' id='word_1_404' title='bbox 1431 1116 1445 1136; x_wconf 94' lang='lat' dir='ltr'><strong>e</strong></span> <span class='ocrx_word' id='word_1_405' title='bbox 1462 1116 1511 1136; x_wconf 87' lang='lat' dir='ltr'><strong>sua</strong></span> <span class='ocrx_word' id='word_1_406' title='bbox 1523 1115 1639 1135; x_wconf 86' lang='lat' dir='ltr'><strong>caverna</strong></span> <span class='ocrx_word' id='word_1_407' title='bbox 1657 1116 1764 1134; x_wconf 90' lang='lat' dir='ltr'><strong>murem</strong></span> 
     </span>
    </p>
   </div>
   <div class='ocr_carea' id='block_1_60' title="bbox 975 1154 1764 1191">
    <p class='ocr_par' dir='ltr' id='par_1_60' title="bbox 975 1154 1764 1191">
     <span class='ocr_line' id='line_1_60' title="bbox 975 1154 1764 1191; baseline -0.004 -8"><span class='ocrx_word' id='word_1_408' title='bbox 975 1157 1071 1191; x_wconf 89' lang='lat' dir='ltr'><strong>procul</strong></span> <span class='ocrx_word' id='word_1_409' title='bbox 1099 1156 1160 1182; x_wconf 87' lang='lat' dir='ltr'><strong>felis</strong></span> <span class='ocrx_word' id='word_1_410' title='bbox 1189 1156 1308 1184; x_wconf 87' lang='lat' dir='ltr'><strong>intuens.</strong></span> <span class='ocrx_word' id='word_1_411' title='bbox 1334 1154 1392 1187; x_wconf 87' lang='lat' dir='ltr'><strong>Quo</strong></span> <span class='ocrx_word' id='word_1_412' title='bbox 1411 1162 1426 1181; x_wconf 91' lang='lat' dir='ltr'><strong>a</strong></span> <span class='ocrx_word' id='word_1_413' title='bbox 1446 1162 1499 1186; x_wconf 90' lang='lat' dir='ltr'><strong>me,</strong></span> <span class='ocrx_word' id='word_1_414' title='bbox 1527 1154 1635 1184; x_wconf 87' lang='lat' dir='ltr'><strong>clamat.</strong></span> <span class='ocrx_word' id='word_1_415' title='bbox 1656 1161 1764 1188; x_wconf 86' lang='lat' dir='ltr'><strong>semper</strong></span> 
     </span>
    </p>
   </div>
   <div class='ocr_carea' id='block_1_61' title="bbox 974 1199 1765 1234">
    <p class='ocr_par' dir='ltr' id='par_1_61' title="bbox 974 1199 1765 1234">
     <span class='ocr_line' id='line_1_61' title="bbox 974 1199 1765 1234; baseline -0.005 -5"><span class='ocrx_word' id='word_1_416' title='bbox 974 1201 1142 1229; x_wconf 87' lang='lat' dir='ltr'><strong>vitabundus</strong></span> <span class='ocrx_word' id='word_1_417' title='bbox 1172 1200 1333 1234; x_wconf 79' lang='lat' dir='ltr'><strong>digrederis,</strong></span> <span class='ocrx_word' id='word_1_418' title='bbox 1359 1200 1461 1226; x_wconf 88' lang='lat' dir='ltr'><strong>oblitus</strong></span> <span class='ocrx_word' id='word_1_419' title='bbox 1491 1199 1619 1226; x_wconf 66' lang='lat' dir='ltr'><strong>amicitiae</strong></span> <span class='ocrx_word' id='word_1_420' title='bbox 1644 1199 1765 1233; x_wconf 63' lang='lat' dir='ltr'><strong>juratat&#39;!</strong></span> 
     </span>
    </p>
   </div>
   <div class='ocr_carea' id='block_1_62' title="bbox 973 1245 1764 1283">
    <p class='ocr_par' dir='ltr' id='par_1_62' title="bbox 973 1245 1764 1283">
     <span class='ocr_line' id='line_1_62' title="bbox 973 1245 1764 1283; baseline -0.005 -9"><span class='ocrx_word' id='word_1_421' title='bbox 973 1247 1040 1283; x_wconf 80' lang='lat' dir='ltr'><strong>Age,</strong></span> <span class='ocrx_word' id='word_1_422' title='bbox 1064 1247 1145 1276; x_wconf 84' lang='lat' dir='ltr'><strong>aude.</strong></span> <span class='ocrx_word' id='word_1_423' title='bbox 1177 1246 1276 1273; x_wconf 81' lang='lat' dir='ltr'><strong>accede</strong></span> <span class='ocrx_word' id='word_1_424' title='bbox 1302 1245 1335 1272; x_wconf 86' lang='lat' dir='ltr'><strong>ad</strong></span> <span class='ocrx_word' id='word_1_425' title='bbox 1351 1253 1404 1276; x_wconf 86' lang='lat' dir='ltr'><strong>me,</strong></span> <span class='ocrx_word' id='word_1_426' title='bbox 1433 1245 1558 1279; x_wconf 89' lang='lat' dir='ltr'><strong>amplecti</strong></span> <span class='ocrx_word' id='word_1_427' title='bbox 1576 1249 1601 1271; x_wconf 89' lang='lat' dir='ltr'><strong>te</strong></span> <span class='ocrx_word' id='word_1_428' title='bbox 1625 1251 1656 1270; x_wconf 88' lang='lat' dir='ltr'><strong>ac</strong></span> <span class='ocrx_word' id='word_1_429' title='bbox 1672 1252 1764 1270; x_wconf 82' lang='lat' dir='ltr'><strong>remu-</strong></span> 
     </span>
    </p>
   </div>
   <div class='ocr_carea' id='block_1_63' title="bbox 973 1289 1761 1328">
    <p class='ocr_par' dir='ltr' id='par_1_63' title="bbox 973 1289 1761 1328">
     <span class='ocr_line' id='line_1_63' title="bbox 973 1289 1761 1328; baseline -0.008 -7"><span class='ocrx_word' id='word_1_430' title='bbox 973 1301 1071 1321; x_wconf 87' lang='lat' dir='ltr'><strong>nerare</strong></span> <span class='ocrx_word' id='word_1_431' title='bbox 1091 1301 1140 1328; x_wconf 93' lang='lat' dir='ltr'><strong>pro</strong></span> <span class='ocrx_word' id='word_1_432' title='bbox 1159 1292 1265 1319; x_wconf 84' lang='lat' dir='ltr'><strong>meritis</strong></span> <span class='ocrx_word' id='word_1_433' title='bbox 1285 1291 1366 1326; x_wconf 91' lang='lat' dir='ltr'><strong>cupio</strong></span> <span class='ocrx_word' id='word_1_434' title='bbox 1385 1289 1523 1317; x_wconf 82' lang='lat' dir='ltr'><strong>libertatis</strong></span> <span class='ocrx_word' id='word_1_435' title='bbox 1542 1294 1569 1317; x_wconf 90' lang='lat' dir='ltr'><strong>et</strong></span> <span class='ocrx_word' id='word_1_436' title='bbox 1587 1289 1682 1316; x_wconf 88' lang='lat' dir='ltr'><strong>salutis</strong></span> <span class='ocrx_word' id='word_1_437' title='bbox 1703 1289 1761 1315; x_wconf 88' lang='lat' dir='ltr'><strong>vin-</strong></span> 
     </span>
    </p>
   </div>
   <div class='ocr_carea' id='block_1_64' title="bbox 973 1335 1766 1371">
    <p class='ocr_par' dir='ltr' id='par_1_64' title="bbox 973 1335 1766 1371">
     <span class='ocr_line' id='line_1_64' title="bbox 973 1335 1766 1371; baseline -0.008 -5"><span class='ocrx_word' id='word_1_438' title='bbox 973 1339 1064 1366; x_wconf 83' lang='lat' dir='ltr'><strong>dicem</strong></span> <span class='ocrx_word' id='word_1_439' title='bbox 1083 1346 1159 1365; x_wconf 70' lang='lat' dir='ltr'><strong>meat.</strong></span> <span class='ocrx_word' id='word_1_440' title='bbox 1178 1337 1228 1365; x_wconf 88' lang='lat' dir='ltr'><strong>Cui</strong></span> <span class='ocrx_word' id='word_1_441' title='bbox 1247 1345 1308 1364; x_wconf 89' lang='lat' dir='ltr'><strong>mus</strong></span> <span class='ocrx_word' id='word_1_442' title='bbox 1325 1344 1471 1371; x_wconf 85' lang='lat' dir='ltr'><strong>parumper</strong></span> <span class='ocrx_word' id='word_1_443' title='bbox 1499 1335 1661 1366; x_wconf 83' lang='lat' dir='ltr'><strong>subsistens,</strong></span> <span class='ocrx_word' id='word_1_444' title='bbox 1681 1335 1766 1361; x_wconf 89' lang='lat' dir='ltr'><strong>inter-</strong></span> 
     </span>
    </p>
   </div>
   <div class='ocr_carea' id='block_1_65' title="bbox 974 1379 1764 1418">
    <p class='ocr_par' dir='ltr' id='par_1_65' title="bbox 974 1379 1764 1418">
     <span class='ocr_line' id='line_1_65' title="bbox 974 1379 1764 1418; baseline -0.009 -6"><span class='ocrx_word' id='word_1_445' title='bbox 974 1386 1044 1412; x_wconf 86' lang='lat' dir='ltr'><strong>vallo</strong></span> <span class='ocrx_word' id='word_1_446' title='bbox 1074 1390 1165 1411; x_wconf 89' lang='lat' dir='ltr'><strong>tamen</strong></span> <span class='ocrx_word' id='word_1_447' title='bbox 1192 1383 1259 1411; x_wconf 86' lang='lat' dir='ltr'><strong>satis</strong></span> <span class='ocrx_word' id='word_1_448' title='bbox 1279 1390 1377 1418; x_wconf 78' lang='lat' dir='ltr'><strong>magno</strong></span> <span class='ocrx_word' id='word_1_449' title='bbox 1408 1382 1507 1413; x_wconf 86' lang='lat' dir='ltr'><strong>medio,</strong></span> <span class='ocrx_word' id='word_1_450' title='bbox 1526 1381 1635 1411; x_wconf 86' lang='lat' dir='ltr'><strong>Nostra,</strong></span> <span class='ocrx_word' id='word_1_451' title='bbox 1661 1379 1764 1414; x_wconf 87' lang='lat' dir='ltr'><strong>inquit.</strong></span> 
     </span>
    </p>
   </div>
   <div class='ocr_carea' id='block_1_66' title="bbox 973 1427 1763 1465">
    <p class='ocr_par' dir='ltr' id='par_1_66' title="bbox 973 1427 1763 1465">
     <span class='ocr_line' id='line_1_66' title="bbox 973 1427 1763 1465; baseline -0.009 -6"><span class='ocrx_word' id='word_1_452' title='bbox 973 1431 1092 1459; x_wconf 89' lang='lat' dir='ltr'><strong>amicitia</strong></span> <span class='ocrx_word' id='word_1_453' title='bbox 1107 1430 1264 1465; x_wconf 77' lang='lat' dir='ltr'><strong>complexus</strong></span> <span class='ocrx_word' id='word_1_454' title='bbox 1278 1437 1333 1456; x_wconf 84' lang='lat' dir='ltr'><strong>non</strong></span> <span class='ocrx_word' id='word_1_455' title='bbox 1346 1428 1469 1463; x_wconf 88' lang='lat' dir='ltr'><strong>requirit,</strong></span> <span class='ocrx_word' id='word_1_456' title='bbox 1485 1435 1534 1454; x_wconf 89' lang='lat' dir='ltr'><strong>nec</strong></span> <span class='ocrx_word' id='word_1_457' title='bbox 1547 1427 1664 1453; x_wconf 85' lang='lat' dir='ltr'><strong>libenter</strong></span> <span class='ocrx_word' id='word_1_458' title='bbox 1682 1433 1763 1452; x_wconf 83' lang='lat' dir='ltr'><strong>oscu-</strong></span> 
     </span>
    </p>
   </div>
   <div class='ocr_carea' id='block_1_67' title="bbox 973 1472 1765 1510">
    <p class='ocr_par' dir='ltr' id='par_1_67' title="bbox 973 1472 1765 1510">
     <span class='ocr_line' id='line_1_67' title="bbox 973 1472 1765 1510; baseline -0.008 -6"><span class='ocrx_word' id='word_1_459' title='bbox 973 1477 1046 1504; x_wconf 89' lang='lat' dir='ltr'><strong>larer</strong></span> <span class='ocrx_word' id='word_1_460' title='bbox 1065 1477 1138 1504; x_wconf 83' lang='lat' dir='ltr'><strong>labra</strong></span> <span class='ocrx_word' id='word_1_461' title='bbox 1153 1476 1280 1510; x_wconf 80' lang='lat' dir='ltr'><strong>contigua</strong></span> <span class='ocrx_word' id='word_1_462' title='bbox 1296 1474 1426 1501; x_wconf 89' lang='lat' dir='ltr'><strong>dentibus</strong></span> <span class='ocrx_word' id='word_1_463' title='bbox 1440 1473 1570 1500; x_wconf 84' lang='lat' dir='ltr'><strong>mandere</strong></span> <span class='ocrx_word' id='word_1_464' title='bbox 1587 1473 1640 1499; x_wconf 92' lang='lat' dir='ltr'><strong>mei</strong></span> <span class='ocrx_word' id='word_1_465' title='bbox 1660 1472 1765 1499; x_wconf 89' lang='lat' dir='ltr'><strong>similes</strong></span> 
     </span>
    </p>
   </div>
   <div class='ocr_carea' id='block_1_68' title="bbox 971 1518 1765 1555">
    <p class='ocr_par' dir='ltr' id='par_1_68' title="bbox 971 1518 1765 1555">
     <span class='ocr_line' id='line_1_68' title="bbox 971 1518 1765 1555; baseline -0.008 -5"><span class='ocrx_word' id='word_1_466' title='bbox 971 1523 1070 1552; x_wconf 83' lang='lat' dir='ltr'><strong>solitis.</strong></span> <span class='ocrx_word' id='word_1_467' title='bbox 1085 1524 1214 1549; x_wconf 88' lang='lat' dir='ltr'><strong>Amemus</strong></span> <span class='ocrx_word' id='word_1_468' title='bbox 1244 1530 1259 1549; x_wconf 92' lang='lat' dir='ltr'><strong>e</strong></span> <span class='ocrx_word' id='word_1_469' title='bbox 1289 1521 1438 1555; x_wconf 79' lang='lat' dir='ltr'><strong>longinquo</strong></span> <span class='ocrx_word' id='word_1_470' title='bbox 1458 1527 1568 1547; x_wconf 89' lang='lat' dir='ltr'><strong>censeo.</strong></span> <span class='ocrx_word' id='word_1_471' title='bbox 1596 1518 1651 1546; x_wconf 85' lang='lat' dir='ltr'><strong>Nec</strong></span> <span class='ocrx_word' id='word_1_472' title='bbox 1683 1518 1765 1545; x_wconf 84' lang='lat' dir='ltr'><strong>aliter</strong></span> 
     </span>
    </p>
   </div>
   <div class='ocr_carea' id='block_1_69' title="bbox 972 1564 1762 1602">
    <p class='ocr_par' dir='ltr' id='par_1_69' title="bbox 972 1564 1762 1602">
     <span class='ocr_line' id='line_1_69' title="bbox 972 1564 1762 1602; baseline -0.008 -6"><span class='ocrx_word' id='word_1_473' title='bbox 972 1569 1039 1596; x_wconf 85' lang='lat' dir='ltr'><strong>fecit</strong></span> <span class='ocrx_word' id='word_1_474' title='bbox 1063 1576 1182 1602; x_wconf 91' lang='lat' dir='ltr'><strong>unquam</strong></span> <span class='ocrx_word' id='word_1_475' title='bbox 1210 1575 1271 1594; x_wconf 81' lang='lat' dir='ltr'><strong>mus</strong></span> <span class='ocrx_word' id='word_1_476' title='bbox 1302 1566 1447 1601; x_wconf 81' lang='lat' dir='ltr'><strong>providus,</strong></span> <span class='ocrx_word' id='word_1_477' title='bbox 1470 1565 1542 1592; x_wconf 87' lang='lat' dir='ltr'><strong>haud</strong></span> <span class='ocrx_word' id='word_1_478' title='bbox 1562 1564 1654 1591; x_wconf 91' lang='lat' dir='ltr'><strong>minus</strong></span> <span class='ocrx_word' id='word_1_479' title='bbox 1681 1571 1762 1598; x_wconf 93' lang='lat' dir='ltr'><strong>quam</strong></span> 
     </span>
    </p>
   </div>
   <div class='ocr_carea' id='block_1_70' title="bbox 972 1610 1764 1641">
    <p class='ocr_par' dir='ltr' id='par_1_70' title="bbox 972 1610 1764 1641">
     <span class='ocr_line' id='line_1_70' title="bbox 972 1610 1764 1641; baseline -0.008 0"><span class='ocrx_word' id='word_1_480' title='bbox 972 1620 1036 1641; x_wconf 83' lang='lat' dir='ltr'><strong>ante</strong></span> <span class='ocrx_word' id='word_1_481' title='bbox 1049 1614 1144 1641; x_wconf 87' lang='lat' dir='ltr'><strong>sedulo</strong></span> <span class='ocrx_word' id='word_1_482' title='bbox 1170 1613 1260 1639; x_wconf 89' lang='lat' dir='ltr'><strong>vitans</strong></span> <span class='ocrx_word' id='word_1_483' title='bbox 1283 1619 1317 1638; x_wconf 90' lang='lat' dir='ltr'><strong>ne</strong></span> <span class='ocrx_word' id='word_1_484' title='bbox 1334 1619 1363 1638; x_wconf 91' lang='lat' dir='ltr'><strong>sc</strong></span> <span class='ocrx_word' id='word_1_485' title='bbox 1381 1610 1425 1637; x_wconf 84' lang='lat' dir='ltr'><strong>feli</strong></span> <span class='ocrx_word' id='word_1_486' title='bbox 1444 1610 1640 1641; x_wconf 88' lang='lat' dir='ltr'><strong>committeret,</strong></span> <span class='ocrx_word' id='word_1_487' title='bbox 1657 1613 1705 1636; x_wconf 88' lang='lat' dir='ltr'><strong>aut</strong></span> <span class='ocrx_word' id='word_1_488' title='bbox 1717 1616 1764 1636; x_wconf 86' lang='lat' dir='ltr'><strong>ex-</strong></span> 
     </span>
    </p>
   </div>
   <div class='ocr_carea' id='block_1_71' title="bbox 972 1655 1765 1694">
    <p class='ocr_par' dir='ltr' id='par_1_71' title="bbox 972 1655 1765 1694">
     <span class='ocr_line' id='line_1_71' title="bbox 972 1655 1765 1694; baseline -0.008 -7"><span class='ocrx_word' id='word_1_489' title='bbox 972 1660 1112 1694; x_wconf 69' lang='lat' dir='ltr'><strong>periundae</strong></span> <span class='ocrx_word' id='word_1_490' title='bbox 1139 1666 1190 1685; x_wconf 89' lang='lat' dir='ltr'><strong>suo</strong></span> <span class='ocrx_word' id='word_1_491' title='bbox 1207 1658 1307 1685; x_wconf 89' lang='lat' dir='ltr'><strong>damno</strong></span> <span class='ocrx_word' id='word_1_492' title='bbox 1341 1656 1462 1691; x_wconf 70' lang='lat' dir='ltr'><strong>perfidiie</strong></span> <span class='ocrx_word' id='word_1_493' title='bbox 1487 1656 1658 1682; x_wconf 84' lang='lat' dir='ltr'><strong>occasionem</strong></span> <span class='ocrx_word' id='word_1_494' title='bbox 1687 1655 1765 1681; x_wconf 78' lang='lat' dir='ltr'><strong>daret</strong></span> 
     </span>
    </p>
   </div>
   <div class='ocr_carea' id='block_1_72' title="bbox 972 1700 1762 1736">
    <p class='ocr_par' dir='ltr' id='par_1_72' title="bbox 972 1700 1762 1736">
     <span class='ocr_line' id='line_1_72' title="bbox 972 1700 1762 1736; baseline -0.006 -4"><span class='ocrx_word' id='word_1_495' title='bbox 972 1705 1045 1733; x_wconf 91' lang='lat' dir='ltr'><strong>hosti</strong></span> <span class='ocrx_word' id='word_1_496' title='bbox 1061 1705 1237 1731; x_wconf 79' lang='lat' dir='ltr'><strong>reconciliato</strong></span> <span class='ocrx_word' id='word_1_497' title='bbox 1249 1711 1342 1730; x_wconf 91' lang='lat' dir='ltr'><strong>secum</strong></span> <span class='ocrx_word' id='word_1_498' title='bbox 1359 1707 1512 1736; x_wconf 59' lang='lat' dir='ltr'><strong>qua‘stuosa</strong></span> <span class='ocrx_word' id='word_1_499' title='bbox 1526 1701 1642 1728; x_wconf 89' lang='lat' dir='ltr'><strong>ratione.</strong></span> <span class='ocrx_word' id='word_1_500' title='bbox 1660 1700 1762 1728; x_wconf 83' lang='lat' dir='ltr'><strong>Fabula</strong></span> 
     </span>
    </p>
   </div>
   <div class='ocr_carea' id='block_1_73' title="bbox 971 1746 1762 1780">
    <p class='ocr_par' dir='ltr' id='par_1_73' title="bbox 971 1746 1762 1780">
     <span class='ocr_line' id='line_1_73' title="bbox 971 1746 1762 1780; baseline -0.008 -2"><span class='ocrx_word' id='word_1_501' title='bbox 971 1752 1053 1779; x_wconf 90' lang='lat' dir='ltr'><strong>docet</strong></span> <span class='ocrx_word' id='word_1_502' title='bbox 1076 1750 1163 1778; x_wconf 83' lang='lat' dir='ltr'><strong>ﬂuxas</strong></span> <span class='ocrx_word' id='word_1_503' title='bbox 1182 1757 1243 1777; x_wconf 87' lang='lat' dir='ltr'><strong>esse</strong></span> <span class='ocrx_word' id='word_1_504' title='bbox 1258 1757 1289 1776; x_wconf 88' lang='lat' dir='ltr'><strong>ac</strong></span> <span class='ocrx_word' id='word_1_505' title='bbox 1311 1748 1373 1775; x_wconf 81' lang='lat' dir='ltr'><strong>tidci</strong></span> <span class='ocrx_word' id='word_1_506' title='bbox 1391 1747 1519 1775; x_wconf 77' lang='lat' dir='ltr'><strong>sublesta:</strong></span> <span class='ocrx_word' id='word_1_507' title='bbox 1533 1746 1667 1774; x_wconf 86' lang='lat' dir='ltr'><strong>amicitias</strong></span> <span class='ocrx_word' id='word_1_508' title='bbox 1692 1753 1762 1780; x_wconf 90' lang='lat' dir='ltr'><strong>quas</strong></span> 
     </span>
    </p>
   </div>
   <div class='ocr_carea' id='block_1_74' title="bbox 971 1791 1762 1828">
    <p class='ocr_par' dir='ltr' id='par_1_74' title="bbox 971 1791 1762 1828">
     <span class='ocr_line' id='line_1_74' title="bbox 971 1791 1762 1828; baseline -0.009 -4"><span class='ocrx_word' id='word_1_509' title='bbox 971 1797 1077 1824; x_wconf 90' lang='lat' dir='ltr'><strong>utilitas</strong></span> <span class='ocrx_word' id='word_1_510' title='bbox 1099 1801 1125 1822; x_wconf 89' lang='lat' dir='ltr'><strong>et</strong></span> <span class='ocrx_word' id='word_1_511' title='bbox 1151 1794 1303 1822; x_wconf 76' lang='lat' dir='ltr'><strong>necessitas</strong></span> <span class='ocrx_word' id='word_1_512' title='bbox 1325 1792 1526 1828; x_wconf 77' lang='lat' dir='ltr'><strong>conglutinant,</strong></span> <span class='ocrx_word' id='word_1_513' title='bbox 1552 1791 1633 1827; x_wconf 76' lang='lat' dir='ltr'><strong>genio</strong></span> <span class='ocrx_word' id='word_1_514' title='bbox 1659 1795 1686 1819; x_wconf 87' lang='lat' dir='ltr'><strong>et</strong></span> <span class='ocrx_word' id='word_1_515' title='bbox 1711 1797 1762 1818; x_wconf 81' lang='lat' dir='ltr'><strong>na-</strong></span> 
     </span>
    </p>
   </div>
   <div class='ocr_carea' id='block_1_75' title="bbox 974 1842 1214 1870">
    <p class='ocr_par' dir='ltr' id='par_1_75' title="bbox 974 1842 1214 1870">
     <span class='ocr_line' id='line_1_75' title="bbox 974 1842 1214 1870; baseline -0.013 0"><span class='ocrx_word' id='word_1_516' title='bbox 974 1847 1036 1870; x_wconf 85' lang='lat' dir='ltr'><strong>tura</strong></span> <span class='ocrx_word' id='word_1_517' title='bbox 1052 1842 1214 1869; x_wconf 83' lang='lat' dir='ltr'><strong>reluctante.</strong></span> 
     </span>
    </p>
   </div>
   <div class='ocr_carea' id='block_1_76' title="bbox 650 1981 1272 2017">
    <p class='ocr_par' dir='ltr' id='par_1_76' title="bbox 650 1981 1272 2017">
     <span class='ocr_line' id='line_1_76' title="bbox 650 1981 1272 2017; baseline 0.006 -7"><span class='ocrx_word' id='word_1_518' title='bbox 650 1981 918 2017; x_wconf 80' lang='lat' dir='ltr'><strong>DISSERTATIO</strong></span> <span class='ocrx_word' id='word_1_519' title='bbox 935 1984 1192 2017; x_wconf 82' lang='lat' dir='ltr'><strong>PARABOLICA</strong></span> <span class='ocrx_word' id='word_1_520' title='bbox 1216 1984 1272 2015; x_wconf 88' lang='lat' dir='ltr'><strong>1X.</strong></span> 
     </span>
    </p>
   </div>
   <div class='ocr_carea' id='block_1_77' title="bbox 172 2044 1716 2090">
    <p class='ocr_par' dir='ltr' id='par_1_77' title="bbox 172 2044 1716 2090">
     <span class='ocr_line' id='line_1_77' title="bbox 172 2044 1716 2090; baseline -0.001 -13"><span class='ocrx_word' id='word_1_521' title='bbox 172 2047 314 2077; x_wconf 79' lang='lat' dir='ltr'><strong>Deterret</strong></span> <span class='ocrx_word' id='word_1_522' title='bbox 329 2055 348 2075; x_wconf 83' lang='grc' dir='ltr'><strong>α</strong></span> <span class='ocrx_word' id='word_1_523' title='bbox 362 2045 486 2084; x_wconf 79' lang='lat' dir='ltr'><strong>ﬁdendo</strong></span> <span class='ocrx_word' id='word_1_524' title='bbox 500 2044 753 2078; x_wconf 75' lang='lat' dir='ltr'><strong>reconciliationi</strong></span> <span class='ocrx_word' id='word_1_525' title='bbox 767 2050 879 2086; x_wconf 67' lang='lat' dir='ltr'><strong>gratim</strong></span> <span class='ocrx_word' id='word_1_526' title='bbox 894 2049 1005 2082; x_wconf 65' lang='lat' dir='ltr'><strong>oblata</strong></span> <span class='ocrx_word' id='word_1_527' title='bbox 1020 2060 1038 2080; x_wconf 91' lang='lat' dir='ltr'><strong>a</strong></span> <span class='ocrx_word' id='word_1_528' title='bbox 1052 2050 1196 2090; x_wconf 80' lang='lat' dir='ltr'><strong>principe</strong></span> <span class='ocrx_word' id='word_1_529' title='bbox 1213 2057 1301 2089; x_wconf 86' lang='lat' dir='ltr'><strong>quem</strong></span> <span class='ocrx_word' id='word_1_530' title='bbox 1308 2048 1492 2087; x_wconf 65' lang='lat' dir='ltr'><strong>gravissime</strong></span> <span class='ocrx_word' id='word_1_531' title='bbox 1508 2048 1576 2088; x_wconf 81' lang='lat' dir='ltr'><strong>quis</strong></span> <span class='ocrx_word' id='word_1_532' title='bbox 1592 2047 1716 2077; x_wconf 73' lang='lat' dir='ltr'><strong>(mserit.</strong></span> 
     </span>
    </p>
   </div>
   <div class='ocr_carea' id='block_1_78' title="bbox 169 2112 918 2151">
    <p class='ocr_par' dir='ltr' id='par_1_78' title="bbox 169 2112 918 2151">
     <span class='ocr_line' id='line_1_78' title="bbox 169 2112 918 2151; baseline 0.001 -8"><span class='ocrx_word' id='word_1_533' title='bbox 169 2114 323 2151; x_wconf 85' lang='lat' dir='ltr'><strong>Aliquando</strong></span> <span class='ocrx_word' id='word_1_534' title='bbox 355 2119 441 2141; x_wconf 87' lang='lat' dir='ltr'><strong>vacuo</strong></span> <span class='ocrx_word' id='word_1_535' title='bbox 471 2112 546 2140; x_wconf 86' lang='lat' dir='ltr'><strong>curis</strong></span> <span class='ocrx_word' id='word_1_536' title='bbox 573 2112 722 2148; x_wconf 80' lang='lat' dir='ltr'><strong>majoribus</strong></span> <span class='ocrx_word' id='word_1_537' title='bbox 741 2114 918 2144; x_wconf 81' lang='lat' dir='ltr'><strong>Abessalomo</strong></span> 
     </span>
    </p>
   </div>
   <div class='ocr_carea' id='block_1_79' title="bbox 130 2158 918 2198">
    <p class='ocr_par' dir='ltr' id='par_1_79' title="bbox 130 2158 918 2198">
     <span class='ocr_line' id='line_1_79' title="bbox 130 2158 918 2198; baseline -0.004 -7"><span class='ocrx_word' id='word_1_538' title='bbox 130 2163 187 2198; x_wconf 78' lang='lat' dir='ltr'><strong>regi</strong></span> <span class='ocrx_word' id='word_1_539' title='bbox 213 2159 420 2196; x_wconf 82' lang='lat' dir='ltr'><strong>superveniens,</strong></span> <span class='ocrx_word' id='word_1_540' title='bbox 439 2163 467 2186; x_wconf 89' lang='lat' dir='ltr'><strong>et</strong></span> <span class='ocrx_word' id='word_1_541' title='bbox 478 2158 535 2193; x_wconf 91' lang='lat' dir='ltr'><strong>ipse</strong></span> <span class='ocrx_word' id='word_1_542' title='bbox 551 2158 660 2192; x_wconf 77' lang='lat' dir='ltr'><strong>negotio</strong></span> <span class='ocrx_word' id='word_1_543' title='bbox 675 2159 782 2187; x_wconf 87' lang='lat' dir='ltr'><strong>solutus</strong></span> <span class='ocrx_word' id='word_1_544' title='bbox 801 2160 918 2188; x_wconf 86' lang='lat' dir='ltr'><strong>familia-</strong></span> 
     </span>
    </p>
   </div>
   <div class='ocr_carea' id='block_1_80' title="bbox 131 2204 920 2243">
    <p class='ocr_par' dir='ltr' id='par_1_80' title="bbox 131 2204 920 2243">
     <span class='ocr_line' id='line_1_80' title="bbox 131 2204 920 2243; baseline -0.004 -9"><span class='ocrx_word' id='word_1_545' title='bbox 131 2210 170 2237; x_wconf 87' lang='lat' dir='ltr'><strong>ris</strong></span> <span class='ocrx_word' id='word_1_546' title='bbox 197 2205 431 2243; x_wconf 74' lang='lat' dir='ltr'><strong>gymnosophista,</strong></span> <span class='ocrx_word' id='word_1_547' title='bbox 468 2204 723 2239; x_wconf 76' lang='lat' dir='ltr'><strong>interrogatusque,</strong></span> <span class='ocrx_word' id='word_1_548' title='bbox 754 2208 786 2233; x_wconf 90' lang='lat' dir='ltr'><strong>ut</strong></span> <span class='ocrx_word' id='word_1_549' title='bbox 822 2213 920 2233; x_wconf 84' lang='lat' dir='ltr'><strong>cavere</strong></span> 
     </span>
    </p>
   </div>
   <div class='ocr_carea' id='block_1_81' title="bbox 130 2248 920 2288">
    <p class='ocr_par' dir='ltr' id='par_1_81' title="bbox 130 2248 920 2288">
     <span class='ocr_line' id='line_1_81' title="bbox 130 2248 920 2288; baseline -0.003 -8"><span class='ocrx_word' id='word_1_550' title='bbox 130 2260 267 2288; x_wconf 83' lang='lat' dir='ltr'><strong>quemque</strong></span> <span class='ocrx_word' id='word_1_551' title='bbox 295 2254 420 2285; x_wconf 87' lang='lat' dir='ltr'><strong>oporteat</strong></span> <span class='ocrx_word' id='word_1_552' title='bbox 448 2248 483 2276; x_wconf 90' lang='lat' dir='ltr'><strong>ab</strong></span> <span class='ocrx_word' id='word_1_553' title='bbox 509 2257 542 2276; x_wconf 88' lang='lat' dir='ltr'><strong>co</strong></span> <span class='ocrx_word' id='word_1_554' title='bbox 559 2249 616 2283; x_wconf 91' lang='lat' dir='ltr'><strong>qui,</strong></span> <span class='ocrx_word' id='word_1_555' title='bbox 649 2257 745 2284; x_wconf 73' lang='lat' dir='ltr'><strong>magna</strong></span> <span class='ocrx_word' id='word_1_556' title='bbox 774 2250 856 2278; x_wconf 65' lang='lat' dir='ltr'><strong>laesus</strong></span> <span class='ocrx_word' id='word_1_557' title='bbox 877 2251 920 2278; x_wconf 88' lang='lat' dir='ltr'><strong>in-</strong></span> 
     </span>
    </p>
   </div>
   <div class='ocr_carea' id='block_1_82' title="bbox 128 2295 917 2334">
    <p class='ocr_par' dir='ltr' id='par_1_82' title="bbox 128 2295 917 2334">
     <span class='ocr_line' id='line_1_82' title="bbox 128 2295 917 2334; baseline -0.001 -9"><span class='ocrx_word' id='word_1_558' title='bbox 128 2299 211 2334; x_wconf 82' lang='lat' dir='ltr'><strong>juria,</strong></span> <span class='ocrx_word' id='word_1_559' title='bbox 241 2295 493 2324; x_wconf 81' lang='lat' dir='ltr'><strong>reconciliationem</strong></span> <span class='ocrx_word' id='word_1_560' title='bbox 513 2295 601 2327; x_wconf 76' lang='lat' dir='ltr'><strong>olIcrt,</strong></span> <span class='ocrx_word' id='word_1_561' title='bbox 626 2295 768 2330; x_wconf 85' lang='lat' dir='ltr'><strong>respondit</strong></span> <span class='ocrx_word' id='word_1_562' title='bbox 791 2296 819 2324; x_wconf 91' lang='lat' dir='ltr'><strong>in</strong></span> <span class='ocrx_word' id='word_1_563' title='bbox 844 2296 917 2324; x_wconf 86' lang='lat' dir='ltr'><strong>hunc</strong></span> 
     </span>
    </p>
   </div>
   <div class='ocr_carea' id='block_1_83' title="bbox 130 2341 352 2370">
    <p class='ocr_par' dir='ltr' id='par_1_83' title="bbox 130 2341 352 2370">
     <span class='ocr_line' id='line_1_83' title="bbox 130 2341 352 2370; baseline -0.018 0"><span class='ocrx_word' id='word_1_564' title='bbox 130 2344 216 2370; x_wconf 78' lang='lat' dir='ltr'><strong>ferme</strong></span> <span class='ocrx_word' id='word_1_565' title='bbox 230 2341 352 2368; x_wconf 88' lang='lat' dir='ltr'><strong>modum.</strong></span> 
     </span>
    </p>
   </div>
   <div class='ocr_carea' id='block_1_84' title="bbox 167 2386 918 2421">
    <p class='ocr_par' dir='ltr' id='par_1_84' title="bbox 167 2386 918 2421">
     <span class='ocr_line' id='line_1_84' title="bbox 167 2386 918 2421; baseline 0.001 -6"><span class='ocrx_word' id='word_1_566' title='bbox 167 2389 189 2415; x_wconf 93' lang='lat' dir='ltr'><strong>l.</strong></span> <span class='ocrx_word' id='word_1_567' title='bbox 218 2388 274 2414; x_wconf 80' lang='lat' dir='ltr'><strong>Rex</strong></span> <span class='ocrx_word' id='word_1_568' title='bbox 299 2386 411 2421; x_wconf 87' lang='lat' dir='ltr'><strong>quidam</strong></span> <span class='ocrx_word' id='word_1_569' title='bbox 446 2387 591 2420; x_wconf 80' lang='lat' dir='ltr'><strong>psittacum</strong></span> <span class='ocrx_word' id='word_1_570' title='bbox 619 2386 717 2413; x_wconf 87' lang='lat' dir='ltr'><strong>habuit</strong></span> <span class='ocrx_word' id='word_1_571' title='bbox 743 2395 799 2414; x_wconf 89' lang='lat' dir='ltr'><strong>non</strong></span> <span class='ocrx_word' id='word_1_572' title='bbox 826 2388 918 2416; x_wconf 88' lang='lat' dir='ltr'><strong>minus</strong></span> 
     </span>
    </p>
   </div>
   <div class='ocr_carea' id='block_1_85' title="bbox 129 2430 919 2468">
    <p class='ocr_par' dir='ltr' id='par_1_85' title="bbox 129 2430 919 2468">
     <span class='ocr_line' id='line_1_85' title="bbox 129 2430 919 2468; baseline -0.003 -7"><span class='ocrx_word' id='word_1_573' title='bbox 129 2433 221 2468; x_wconf 85' lang='lat' dir='ltr'><strong>specie</strong></span> <span class='ocrx_word' id='word_1_574' title='bbox 241 2439 272 2459; x_wconf 87' lang='lat' dir='ltr'><strong>ac</strong></span> <span class='ocrx_word' id='word_1_575' title='bbox 299 2432 454 2466; x_wconf 86' lang='lat' dir='ltr'><strong>plumarum</strong></span> <span class='ocrx_word' id='word_1_576' title='bbox 474 2430 631 2457; x_wconf 87' lang='lat' dir='ltr'><strong>versicolori</strong></span> <span class='ocrx_word' id='word_1_577' title='bbox 660 2431 792 2459; x_wconf 84' lang='lat' dir='ltr'><strong>varietate</strong></span> <span class='ocrx_word' id='word_1_578' title='bbox 816 2432 919 2460; x_wconf 90' lang='lat' dir='ltr'><strong>formo-</strong></span> 
     </span>
    </p>
   </div>
   <div class='ocr_carea' id='block_1_86' title="bbox 130 2475 917 2513">
    <p class='ocr_par' dir='ltr' id='par_1_86' title="bbox 130 2475 917 2513">
     <span class='ocr_line' id='line_1_86' title="bbox 130 2475 917 2513; baseline -0.003 -7"><span class='ocrx_word' id='word_1_579' title='bbox 130 2486 191 2506; x_wconf 88' lang='lat' dir='ltr'><strong>sum</strong></span> <span class='ocrx_word' id='word_1_580' title='bbox 205 2485 286 2513; x_wconf 89' lang='lat' dir='ltr'><strong>quam</strong></span> <span class='ocrx_word' id='word_1_581' title='bbox 302 2485 368 2504; x_wconf 88' lang='lat' dir='ltr'><strong>voce</strong></span> <span class='ocrx_word' id='word_1_582' title='bbox 380 2476 524 2508; x_wconf 90' lang='lat' dir='ltr'><strong>disertum,</strong></span> <span class='ocrx_word' id='word_1_583' title='bbox 538 2480 576 2507; x_wconf 87' lang='lat' dir='ltr'><strong>et,</strong></span> <span class='ocrx_word' id='word_1_584' title='bbox 593 2475 665 2510; x_wconf 90' lang='lat' dir='ltr'><strong>quod</strong></span> <span class='ocrx_word' id='word_1_585' title='bbox 679 2481 720 2502; x_wconf 88' lang='lat' dir='ltr'><strong>est</strong></span> <span class='ocrx_word' id='word_1_586' title='bbox 734 2477 917 2511; x_wconf 88' lang='lat' dir='ltr'><strong>potissimum,</strong></span> 
     </span>
    </p>
   </div>
   <div class='ocr_carea' id='block_1_87' title="bbox 129 2521 917 2556">
    <p class='ocr_par' dir='ltr' id='par_1_87' title="bbox 129 2521 917 2556">
     <span class='ocr_line' id='line_1_87' title="bbox 129 2521 917 2556; baseline 0 -5"><span class='ocrx_word' id='word_1_587' title='bbox 129 2532 212 2552; x_wconf 87' lang='lat' dir='ltr'><strong>sensu</strong></span> <span class='ocrx_word' id='word_1_588' title='bbox 240 2531 272 2550; x_wconf 85' lang='lat' dir='ltr'><strong>ac</strong></span> <span class='ocrx_word' id='word_1_589' title='bbox 287 2530 380 2549; x_wconf 84' lang='lat' dir='ltr'><strong>rerum</strong></span> <span class='ocrx_word' id='word_1_590' title='bbox 397 2530 447 2549; x_wconf 91' lang='lat' dir='ltr'><strong>usu</strong></span> <span class='ocrx_word' id='word_1_591' title='bbox 469 2522 632 2556; x_wconf 86' lang='lat' dir='ltr'><strong>prudentem</strong></span> <span class='ocrx_word' id='word_1_592' title='bbox 652 2521 678 2548; x_wconf 91' lang='lat' dir='ltr'><strong>in</strong></span> <span class='ocrx_word' id='word_1_593' title='bbox 706 2522 811 2556; x_wconf 86' lang='lat' dir='ltr'><strong>paucis.</strong></span> <span class='ocrx_word' id='word_1_594' title='bbox 838 2523 917 2551; x_wconf 80' lang='lat' dir='ltr'><strong>llunc</strong></span> 
     </span>
    </p>
   </div>
   <div class='ocr_carea' id='block_1_88' title="bbox 129 2567 918 2605">
    <p class='ocr_par' dir='ltr' id='par_1_88' title="bbox 129 2567 918 2605">
     <span class='ocr_line' id='line_1_88' title="bbox 129 2567 918 2605; baseline -0.001 -9"><span class='ocrx_word' id='word_1_595' title='bbox 129 2570 234 2605; x_wconf 89' lang='lat' dir='ltr'><strong>pullum</strong></span> <span class='ocrx_word' id='word_1_596' title='bbox 264 2568 353 2594; x_wconf 88' lang='lat' dir='ltr'><strong>adhuc</strong></span> <span class='ocrx_word' id='word_1_597' title='bbox 373 2571 498 2594; x_wconf 87' lang='lat' dir='ltr'><strong>tenerum</strong></span> <span class='ocrx_word' id='word_1_598' title='bbox 527 2567 646 2592; x_wconf 89' lang='lat' dir='ltr'><strong>alentem</strong></span> <span class='ocrx_word' id='word_1_599' title='bbox 676 2567 778 2594; x_wconf 87' lang='lat' dir='ltr'><strong>versari</strong></span> <span class='ocrx_word' id='word_1_600' title='bbox 808 2568 918 2595; x_wconf 82' lang='lat' dir='ltr'><strong>assidue</strong></span> 
     </span>
    </p>
   </div>
   <div class='ocr_carea' id='block_1_89' title="bbox 129 2611 914 2647">
    <p class='ocr_par' dir='ltr' id='par_1_89' title="bbox 129 2611 914 2647">
     <span class='ocr_line' id='line_1_89' title="bbox 129 2611 914 2647; baseline -0.003 -4"><span class='ocrx_word' id='word_1_601' title='bbox 129 2624 178 2643; x_wconf 87' lang='lat' dir='ltr'><strong>rex</strong></span> <span class='ocrx_word' id='word_1_602' title='bbox 191 2614 303 2642; x_wconf 89' lang='lat' dir='ltr'><strong>videbat</strong></span> <span class='ocrx_word' id='word_1_603' title='bbox 327 2620 389 2639; x_wconf 89' lang='lat' dir='ltr'><strong>cum</strong></span> <span class='ocrx_word' id='word_1_604' title='bbox 415 2611 537 2646; x_wconf 84' lang='lat' dir='ltr'><strong>principe</strong></span> <span class='ocrx_word' id='word_1_605' title='bbox 553 2618 602 2638; x_wconf 88' lang='lat' dir='ltr'><strong>suo</strong></span> <span class='ocrx_word' id='word_1_606' title='bbox 621 2611 675 2638; x_wconf 82' lang='lat' dir='ltr'><strong>ﬁlio</strong></span> <span class='ocrx_word' id='word_1_607' title='bbox 695 2612 806 2646; x_wconf 86' lang='lat' dir='ltr'><strong>paulum</strong></span> <span class='ocrx_word' id='word_1_608' title='bbox 821 2621 914 2647; x_wconf 89' lang='lat' dir='ltr'><strong>super-</strong></span> 
     </span>
    </p>
   </div>
   <div class='ocr_carea' id='block_1_90' title="bbox 128 2657 919 2697">
    <p class='ocr_par' dir='ltr' id='par_1_90' title="bbox 128 2657 919 2697">
     <span class='ocr_line' id='line_1_90' title="bbox 128 2657 919 2697; baseline -0.001 -10"><span class='ocrx_word' id='word_1_609' title='bbox 128 2668 222 2697; x_wconf 71' lang='lat' dir='ltr'><strong>gresso</strong></span> <span class='ocrx_word' id='word_1_610' title='bbox 244 2659 398 2690; x_wconf 81' lang='lat' dir='ltr'><strong>infantiam,</strong></span> <span class='ocrx_word' id='word_1_611' title='bbox 418 2657 584 2689; x_wconf 88' lang='lat' dir='ltr'><strong>oblectandi,</strong></span> <span class='ocrx_word' id='word_1_612' title='bbox 600 2657 660 2691; x_wconf 87' lang='lat' dir='ltr'><strong>ejus</strong></span> <span class='ocrx_word' id='word_1_613' title='bbox 687 2658 783 2692; x_wconf 73' lang='lat' dir='ltr'><strong>gratia.</strong></span> <span class='ocrx_word' id='word_1_614' title='bbox 799 2658 919 2687; x_wconf 86' lang='lat' dir='ltr'><strong>Coaluit-</strong></span> 
     </span>
    </p>
   </div>
   <div class='ocr_carea' id='block_1_91' title="bbox 128 2705 918 2742">
    <p class='ocr_par' dir='ltr' id='par_1_91' title="bbox 128 2705 918 2742">
     <span class='ocr_line' id='line_1_91' title="bbox 128 2705 918 2742; baseline 0 -9"><span class='ocrx_word' id='word_1_615' title='bbox 128 2716 182 2742; x_wconf 89' lang='lat' dir='ltr'><strong>que</strong></span> <span class='ocrx_word' id='word_1_616' title='bbox 203 2706 384 2737; x_wconf 86' lang='lat' dir='ltr'><strong>familiaritas,</strong></span> <span class='ocrx_word' id='word_1_617' title='bbox 413 2705 496 2732; x_wconf 88' lang='lat' dir='ltr'><strong>etiam</strong></span> <span class='ocrx_word' id='word_1_618' title='bbox 512 2705 639 2732; x_wconf 84' lang='lat' dir='ltr'><strong>convictu</strong></span> <span class='ocrx_word' id='word_1_619' title='bbox 653 2705 770 2739; x_wconf 86' lang='lat' dir='ltr'><strong>quodam</strong></span> <span class='ocrx_word' id='word_1_620' title='bbox 787 2706 918 2739; x_wconf 81' lang='lat' dir='ltr'><strong>exercita,</strong></span> 
     </span>
    </p>
   </div>
   <div class='ocr_carea' id='block_1_92' title="bbox 128 2750 916 2788">
    <p class='ocr_par' dir='ltr' id='par_1_92' title="bbox 128 2750 916 2788">
     <span class='ocr_line' id='line_1_92' title="bbox 128 2750 916 2788; baseline -0.001 -8"><span class='ocrx_word' id='word_1_621' title='bbox 128 2761 215 2788; x_wconf 89' lang='lat' dir='ltr'><strong>usque</strong></span> <span class='ocrx_word' id='word_1_622' title='bbox 231 2753 264 2779; x_wconf 89' lang='lat' dir='ltr'><strong>ad</strong></span> <span class='ocrx_word' id='word_1_623' title='bbox 274 2751 506 2780; x_wconf 89' lang='lat' dir='ltr'><strong>necessitudinem</strong></span> <span class='ocrx_word' id='word_1_624' title='bbox 522 2750 647 2777; x_wconf 76' lang='lat' dir='ltr'><strong>humana:</strong></span> <span class='ocrx_word' id='word_1_625' title='bbox 661 2758 746 2785; x_wconf 88' lang='lat' dir='ltr'><strong>prope</strong></span> <span class='ocrx_word' id='word_1_626' title='bbox 759 2751 916 2785; x_wconf 83' lang='lat' dir='ltr'><strong>charitatis;</strong></span> 
     </span>
    </p>
   </div>
   <div class='ocr_carea' id='block_1_93' title="bbox 128 2796 918 2831">
    <p class='ocr_par' dir='ltr' id='par_1_93' title="bbox 128 2796 918 2831">
     <span class='ocr_line' id='line_1_93' title="bbox 128 2796 918 2831; baseline -0.003 -4"><span class='ocrx_word' id='word_1_627' title='bbox 128 2807 190 2827; x_wconf 82' lang='lat' dir='ltr'><strong>nam</strong></span> <span class='ocrx_word' id='word_1_628' title='bbox 221 2803 250 2825; x_wconf 91' lang='lat' dir='ltr'><strong>ut</strong></span> <span class='ocrx_word' id='word_1_629' title='bbox 278 2806 346 2831; x_wconf 87' lang='lat' dir='ltr'><strong>puer</strong></span> <span class='ocrx_word' id='word_1_630' title='bbox 369 2805 451 2830; x_wconf 83' lang='lat' dir='ltr'><strong>supra</strong></span> <span class='ocrx_word' id='word_1_631' title='bbox 481 2796 592 2823; x_wconf 89' lang='lat' dir='ltr'><strong>modum</strong></span> <span class='ocrx_word' id='word_1_632' title='bbox 608 2796 746 2830; x_wconf 62' lang='lat' dir='ltr'><strong>gdcleclari</strong></span> <span class='ocrx_word' id='word_1_633' title='bbox 775 2798 918 2825; x_wconf 82' lang='lat' dir='ltr'><strong>videbatur</strong></span> 
     </span>
    </p>
   </div>
   <div class='ocr_carea' id='block_1_94' title="bbox 126 2844 918 2880">
    <p class='ocr_par' dir='ltr' id='par_1_94' title="bbox 126 2844 918 2880">
     <span class='ocr_line' id='line_1_94' title="bbox 126 2844 918 2880; baseline 0 -7"><span class='ocrx_word' id='word_1_634' title='bbox 126 2846 250 2880; x_wconf 76' lang='lat' dir='ltr'><strong>psittacis</strong></span> <span class='ocrx_word' id='word_1_635' title='bbox 274 2845 392 2875; x_wconf 87' lang='lat' dir='ltr'><strong>duobus,</strong></span> <span class='ocrx_word' id='word_1_636' title='bbox 414 2845 454 2871; x_wconf 88' lang='lat' dir='ltr'><strong>sic</strong></span> <span class='ocrx_word' id='word_1_637' title='bbox 471 2844 578 2871; x_wconf 90' lang='lat' dir='ltr'><strong>illorum</strong></span> <span class='ocrx_word' id='word_1_638' title='bbox 605 2844 715 2878; x_wconf 66' lang='lat' dir='ltr'><strong>utrique</strong></span> <span class='ocrx_word' id='word_1_639' title='bbox 740 2845 918 2873; x_wconf 81' lang='lat' dir='ltr'><strong>charissimus</strong></span> 
     </span>
    </p>
   </div>
   <div class='ocr_carea' id='block_1_95' title="bbox 126 2889 916 2925">
    <p class='ocr_par' dir='ltr' id='par_1_95' title="bbox 126 2889 916 2925">
     <span class='ocr_line' id='line_1_95' title="bbox 126 2889 916 2925; baseline -0.001 -5"><span class='ocrx_word' id='word_1_640' title='bbox 126 2896 196 2925; x_wconf 84' lang='lat' dir='ltr'><strong>erat,</strong></span> <span class='ocrx_word' id='word_1_641' title='bbox 212 2891 281 2920; x_wconf 77' lang='lat' dir='ltr'><strong>adeo</strong></span> <span class='ocrx_word' id='word_1_642' title='bbox 298 2895 327 2918; x_wconf 93' lang='lat' dir='ltr'><strong>ut</strong></span> <span class='ocrx_word' id='word_1_643' title='bbox 343 2898 482 2925; x_wconf 87' lang='lat' dir='ltr'><strong>nunquam</strong></span> <span class='ocrx_word' id='word_1_644' title='bbox 497 2890 591 2918; x_wconf 54' lang='lat' dir='ltr'><strong>senior</strong></span> <span class='ocrx_word' id='word_1_645' title='bbox 607 2897 623 2917; x_wconf 94' lang='lat' dir='ltr'><strong>e</strong></span> <span class='ocrx_word' id='word_1_646' title='bbox 648 2889 776 2918; x_wconf 84' lang='lat' dir='ltr'><strong>felicibus</strong></span> <span class='ocrx_word' id='word_1_647' title='bbox 793 2891 870 2919; x_wconf 85' lang='lat' dir='ltr'><strong>silvis</strong></span> <span class='ocrx_word' id='word_1_648' title='bbox 883 2892 916 2919; x_wconf 89' lang='lat' dir='ltr'><strong>ad</strong></span> 
     </span>
    </p>
   </div>
   <div class='ocr_carea' id='block_1_96' title="bbox 971 2112 1758 2152">
    <p class='ocr_par' dir='ltr' id='par_1_96' title="bbox 971 2112 1758 2152">
     <span class='ocr_line' id='line_1_96' title="bbox 971 2112 1758 2152; baseline -0.01 -7"><span class='ocrx_word' id='word_1_649' title='bbox 971 2124 1040 2152; x_wconf 88' lang='lat' dir='ltr'><strong>quas</strong></span> <span class='ocrx_word' id='word_1_650' title='bbox 1054 2115 1178 2152; x_wconf 87' lang='lat' dir='ltr'><strong>quotidie</strong></span> <span class='ocrx_word' id='word_1_651' title='bbox 1201 2113 1321 2146; x_wconf 87' lang='lat' dir='ltr'><strong>volabat,</strong></span> <span class='ocrx_word' id='word_1_652' title='bbox 1345 2113 1421 2140; x_wconf 85' lang='lat' dir='ltr'><strong>mitia</strong></span> <span class='ocrx_word' id='word_1_653' title='bbox 1437 2120 1515 2147; x_wconf 89' lang='lat' dir='ltr'><strong>poma</strong></span> <span class='ocrx_word' id='word_1_654' title='bbox 1532 2112 1605 2146; x_wconf 90' lang='lat' dir='ltr'><strong>pullo</strong></span> <span class='ocrx_word' id='word_1_655' title='bbox 1631 2119 1682 2139; x_wconf 84' lang='lat' dir='ltr'><strong>suo</strong></span> <span class='ocrx_word' id='word_1_656' title='bbox 1695 2119 1758 2145; x_wconf 88' lang='lat' dir='ltr'><strong>por-</strong></span> 
     </span>
    </p>
   </div>
   <div class='ocr_carea' id='block_1_97' title="bbox 972 2157 1757 2196">
    <p class='ocr_par' dir='ltr' id='par_1_97' title="bbox 972 2157 1757 2196">
     <span class='ocr_line' id='line_1_97' title="bbox 972 2157 1757 2196; baseline -0.008 -7"><span class='ocrx_word' id='word_1_657' title='bbox 972 2167 1044 2189; x_wconf 86' lang='lat' dir='ltr'><strong>taret</strong></span> <span class='ocrx_word' id='word_1_658' title='bbox 1071 2161 1139 2196; x_wconf 89' lang='lat' dir='ltr'><strong>quin</strong></span> <span class='ocrx_word' id='word_1_659' title='bbox 1164 2166 1261 2186; x_wconf 87' lang='lat' dir='ltr'><strong>eorum</strong></span> <span class='ocrx_word' id='word_1_660' title='bbox 1288 2162 1394 2193; x_wconf 88' lang='lat' dir='ltr'><strong>partem</strong></span> <span class='ocrx_word' id='word_1_661' title='bbox 1423 2157 1466 2185; x_wconf 88' lang='lat' dir='ltr'><strong>vel</strong></span> <span class='ocrx_word' id='word_1_662' title='bbox 1490 2158 1620 2191; x_wconf 90' lang='lat' dir='ltr'><strong>optimam</strong></span> <span class='ocrx_word' id='word_1_663' title='bbox 1648 2157 1757 2191; x_wconf 86' lang='lat' dir='ltr'><strong>pusioui</strong></span> 
     </span>
    </p>
   </div>
   <div class='ocr_carea' id='block_1_98' title="bbox 972 2203 1757 2243">
    <p class='ocr_par' dir='ltr' id='par_1_98' title="bbox 972 2203 1757 2243">
     <span class='ocr_line' id='line_1_98' title="bbox 972 2203 1757 2243; baseline -0.008 -8"><span class='ocrx_word' id='word_1_664' title='bbox 972 2208 1048 2243; x_wconf 79' lang='lat' dir='ltr'><strong>regio</strong></span> <span class='ocrx_word' id='word_1_665' title='bbox 1070 2209 1225 2241; x_wconf 82' lang='lat' dir='ltr'><strong>seponeret.</strong></span> <span class='ocrx_word' id='word_1_666' title='bbox 1241 2204 1293 2232; x_wconf 83' lang='lat' dir='ltr'><strong>Per</strong></span> <span class='ocrx_word' id='word_1_667' title='bbox 1309 2211 1396 2231; x_wconf 82' lang='lat' dir='ltr'><strong>annos</strong></span> <span class='ocrx_word' id='word_1_668' title='bbox 1419 2203 1477 2231; x_wconf 67' lang='lat' dir='ltr'><strong>haec</strong></span> <span class='ocrx_word' id='word_1_669' title='bbox 1490 2203 1595 2238; x_wconf 90' lang='lat' dir='ltr'><strong>aliquot</strong></span> <span class='ocrx_word' id='word_1_670' title='bbox 1614 2203 1757 2234; x_wconf 82' lang='lat' dir='ltr'><strong>durarunt,</strong></span> 
     </span>
    </p>
   </div>
   <div class='ocr_carea' id='block_1_99' title="bbox 970 2250 1759 2290">
    <p class='ocr_par' dir='ltr' id='par_1_99' title="bbox 970 2250 1759 2290">
     <span class='ocr_line' id='line_1_99' title="bbox 970 2250 1759 2290; baseline -0.006 -9"><span class='ocrx_word' id='word_1_671' title='bbox 970 2254 1082 2290; x_wconf 87' lang='lat' dir='ltr'><strong>jamque</strong></span> <span class='ocrx_word' id='word_1_672' title='bbox 1105 2253 1197 2288; x_wconf 91' lang='lat' dir='ltr'><strong>pullus</strong></span> <span class='ocrx_word' id='word_1_673' title='bbox 1212 2251 1321 2286; x_wconf 88' lang='lat' dir='ltr'><strong>psittaci</strong></span> <span class='ocrx_word' id='word_1_674' title='bbox 1338 2251 1450 2284; x_wconf 91' lang='lat' dir='ltr'><strong>plenum</strong></span> <span class='ocrx_word' id='word_1_675' title='bbox 1470 2257 1558 2276; x_wconf 73' lang='lat' dir='ltr'><strong>azvum</strong></span> <span class='ocrx_word' id='word_1_676' title='bbox 1577 2250 1715 2284; x_wconf 79' lang='lat' dir='ltr'><strong>attigerat,</strong></span> <span class='ocrx_word' id='word_1_677' title='bbox 1731 2255 1759 2276; x_wconf 82' lang='lat' dir='ltr'><strong>et</strong></span> 
     </span>
    </p>
   </div>
   <div class='ocr_carea' id='block_1_100' title="bbox 968 2295 1759 2334">
    <p class='ocr_par' dir='ltr' id='par_1_100' title="bbox 968 2295 1759 2334">
     <span class='ocr_line' id='line_1_100' title="bbox 968 2295 1759 2334; baseline -0.006 -8"><span class='ocrx_word' id='word_1_678' title='bbox 968 2298 1040 2334; x_wconf 71' lang='lat' dir='ltr'><strong>regis</strong></span> <span class='ocrx_word' id='word_1_679' title='bbox 1053 2298 1126 2325; x_wconf 81' lang='lat' dir='ltr'><strong>filius</strong></span> <span class='ocrx_word' id='word_1_680' title='bbox 1142 2298 1302 2325; x_wconf 89' lang='lat' dir='ltr'><strong>adoleverat</strong></span> <span class='ocrx_word' id='word_1_681' title='bbox 1315 2296 1341 2323; x_wconf 93' lang='lat' dir='ltr'><strong>in</strong></span> <span class='ocrx_word' id='word_1_682' title='bbox 1363 2296 1546 2331; x_wconf 88' lang='lat' dir='ltr'><strong>pubertatem,</strong></span> <span class='ocrx_word' id='word_1_683' title='bbox 1560 2303 1622 2322; x_wconf 89' lang='lat' dir='ltr'><strong>cum</strong></span> <span class='ocrx_word' id='word_1_684' title='bbox 1637 2295 1681 2322; x_wconf 84' lang='lat' dir='ltr'><strong>die</strong></span> <span class='ocrx_word' id='word_1_685' title='bbox 1692 2303 1759 2329; x_wconf 86' lang='lat' dir='ltr'><strong>qua-</strong></span> 
     </span>
    </p>
   </div>
   <div class='ocr_carea' id='block_1_101' title="bbox 967 2339 1756 2376">
    <p class='ocr_par' dir='ltr' id='par_1_101' title="bbox 967 2339 1756 2376">
     <span class='ocr_line' id='line_1_101' title="bbox 967 2339 1756 2376; baseline -0.009 -4"><span class='ocrx_word' id='word_1_686' title='bbox 967 2339 1030 2372; x_wconf 74' lang='lat' dir='ltr'><strong>dam</strong></span> <span class='ocrx_word' id='word_1_687' title='bbox 1044 2344 1154 2374; x_wconf 83' lang='lat' dir='ltr'><strong>accidit,</strong></span> <span class='ocrx_word' id='word_1_688' title='bbox 1178 2350 1328 2376; x_wconf 88' lang='lat' dir='ltr'><strong>passerem,</strong></span> <span class='ocrx_word' id='word_1_689' title='bbox 1346 2341 1458 2369; x_wconf 88' lang='lat' dir='ltr'><strong>delicias</strong></span> <span class='ocrx_word' id='word_1_690' title='bbox 1480 2341 1663 2368; x_wconf 88' lang='lat' dir='ltr'><strong>adolescentis</strong></span> <span class='ocrx_word' id='word_1_691' title='bbox 1678 2341 1756 2374; x_wconf 66' lang='lat' dir='ltr'><strong>regii,</strong></span> 
     </span>
    </p>
   </div>
   <div class='ocr_carea' id='block_1_102' title="bbox 967 2386 1756 2425">
    <p class='ocr_par' dir='ltr' id='par_1_102' title="bbox 967 2386 1756 2425">
     <span class='ocr_line' id='line_1_102' title="bbox 967 2386 1756 2425; baseline -0.008 -8"><span class='ocrx_word' id='word_1_692' title='bbox 967 2390 1026 2417; x_wconf 84' lang='lat' dir='ltr'><strong>rixa</strong></span> <span class='ocrx_word' id='word_1_693' title='bbox 1043 2398 1106 2417; x_wconf 91' lang='lat' dir='ltr'><strong>cum</strong></span> <span class='ocrx_word' id='word_1_694' title='bbox 1127 2389 1237 2425; x_wconf 85' lang='lat' dir='ltr'><strong>juniore</strong></span> <span class='ocrx_word' id='word_1_695' title='bbox 1265 2389 1381 2422; x_wconf 86' lang='lat' dir='ltr'><strong>psittaco</strong></span> <span class='ocrx_word' id='word_1_696' title='bbox 1399 2391 1548 2418; x_wconf 81' lang='lat' dir='ltr'><strong>contracta.</strong></span> <span class='ocrx_word' id='word_1_697' title='bbox 1574 2386 1642 2413; x_wconf 84' lang='lat' dir='ltr'><strong>male</strong></span> <span class='ocrx_word' id='word_1_698' title='bbox 1658 2386 1692 2412; x_wconf 88' lang='lat' dir='ltr'><strong>ab</strong></span> <span class='ocrx_word' id='word_1_699' title='bbox 1710 2386 1756 2412; x_wconf 87' lang='lat' dir='ltr'><strong>illo</strong></span> 
     </span>
    </p>
   </div>
   <div class='ocr_carea' id='block_1_103' title="bbox 968 2431 1755 2468">
    <p class='ocr_par' dir='ltr' id='par_1_103' title="bbox 968 2431 1755 2468">
     <span class='ocr_line' id='line_1_103' title="bbox 968 2431 1755 2468; baseline -0.003 -8"><span class='ocrx_word' id='word_1_700' title='bbox 968 2434 1089 2466; x_wconf 82' lang='lat' dir='ltr'><strong>multari,</strong></span> <span class='ocrx_word' id='word_1_701' title='bbox 1113 2438 1194 2468; x_wconf 88' lang='lat' dir='ltr'><strong>atque</strong></span> <span class='ocrx_word' id='word_1_702' title='bbox 1211 2433 1245 2460; x_wconf 84' lang='lat' dir='ltr'><strong>ab</strong></span> <span class='ocrx_word' id='word_1_703' title='bbox 1268 2433 1418 2460; x_wconf 85' lang='lat' dir='ltr'><strong>ulciscente</strong></span> <span class='ocrx_word' id='word_1_704' title='bbox 1444 2431 1535 2458; x_wconf 87' lang='lat' dir='ltr'><strong>dilecti</strong></span> <span class='ocrx_word' id='word_1_705' title='bbox 1561 2431 1679 2465; x_wconf 84' lang='lat' dir='ltr'><strong>passeris</strong></span> <span class='ocrx_word' id='word_1_706' title='bbox 1697 2431 1755 2465; x_wconf 80' lang='lat' dir='ltr'><strong>pla-</strong></span> 
     </span>
    </p>
   </div>
   <div class='ocr_carea' id='block_1_104' title="bbox 967 2473 1757 2514">
    <p class='ocr_par' dir='ltr' id='par_1_104' title="bbox 967 2473 1757 2514">
     <span class='ocr_line' id='line_1_104' title="bbox 967 2473 1757 2514; baseline -0.004 -8"><span class='ocrx_word' id='word_1_707' title='bbox 967 2487 1014 2514; x_wconf 72' lang='lat' dir='ltr'><strong>gas</strong></span> <span class='ocrx_word' id='word_1_708' title='bbox 1029 2473 1135 2514; x_wconf 76' lang='lat' dir='ltr'><strong>juvene</strong></span> <span class='ocrx_word' id='word_1_709' title='bbox 1154 2479 1250 2506; x_wconf 88' lang='lat' dir='ltr'><strong>harum</strong></span> <span class='ocrx_word' id='word_1_710' title='bbox 1273 2481 1413 2505; x_wconf 86' lang='lat' dir='ltr'><strong>auctorem</strong></span> <span class='ocrx_word' id='word_1_711' title='bbox 1438 2476 1566 2503; x_wconf 76' lang='lat' dir='ltr'><strong>interfici.</strong></span> <span class='ocrx_word' id='word_1_712' title='bbox 1591 2476 1757 2510; x_wconf 85' lang='lat' dir='ltr'><strong>Supervenit</strong></span> 
     </span>
    </p>
   </div>
   <div class='ocr_carea' id='block_1_105' title="bbox 967 2522 1756 2558">
    <p class='ocr_par' dir='ltr' id='par_1_105' title="bbox 967 2522 1756 2558">
     <span class='ocr_line' id='line_1_105' title="bbox 967 2522 1756 2558; baseline -0.004 -7"><span class='ocrx_word' id='word_1_713' title='bbox 967 2525 1038 2553; x_wconf 81' lang='lat' dir='ltr'><strong>facto</strong></span> <span class='ocrx_word' id='word_1_714' title='bbox 1055 2529 1082 2551; x_wconf 65' lang='lat' dir='ltr'><strong>et</strong></span> <span class='ocrx_word' id='word_1_715' title='bbox 1107 2524 1172 2552; x_wconf 63' lang='lat' dir='ltr'><strong>credi</strong></span> <span class='ocrx_word' id='word_1_716' title='bbox 1195 2523 1280 2558; x_wconf 80' lang='lat' dir='ltr'><strong>prolis</strong></span> <span class='ocrx_word' id='word_1_717' title='bbox 1295 2531 1351 2550; x_wconf 70' lang='lat' dir='ltr'><strong>sum</strong></span> <span class='ocrx_word' id='word_1_718' title='bbox 1373 2523 1465 2550; x_wconf 87' lang='lat' dir='ltr'><strong>senior</strong></span> <span class='ocrx_word' id='word_1_719' title='bbox 1480 2522 1623 2556; x_wconf 85' lang='lat' dir='ltr'><strong>psittacus,</strong></span> <span class='ocrx_word' id='word_1_720' title='bbox 1650 2522 1756 2556; x_wconf 88' lang='lat' dir='ltr'><strong>procul—</strong></span> 
     </span>
    </p>
   </div>
   <div class='ocr_carea' id='block_1_106' title="bbox 968 2567 1755 2606">
    <p class='ocr_par' dir='ltr' id='par_1_106' title="bbox 968 2567 1755 2606">
     <span class='ocr_line' id='line_1_106' title="bbox 968 2567 1755 2606; baseline -0.008 -8"><span class='ocrx_word' id='word_1_721' title='bbox 968 2579 1032 2606; x_wconf 88' lang='lat' dir='ltr'><strong>que,</strong></span> <span class='ocrx_word' id='word_1_722' title='bbox 1047 2571 1111 2597; x_wconf 88' lang='lat' dir='ltr'><strong>dutn</strong></span> <span class='ocrx_word' id='word_1_723' title='bbox 1125 2577 1239 2605; x_wconf 75' lang='lat' dir='ltr'><strong>peregre</strong></span> <span class='ocrx_word' id='word_1_724' title='bbox 1254 2569 1370 2599; x_wconf 86' lang='lat' dir='ltr'><strong>revolat,</strong></span> <span class='ocrx_word' id='word_1_725' title='bbox 1394 2568 1506 2594; x_wconf 88' lang='lat' dir='ltr'><strong>intuens</strong></span> <span class='ocrx_word' id='word_1_726' title='bbox 1521 2567 1637 2603; x_wconf 73' lang='lat' dir='ltr'><strong>jugulari</strong></span> <span class='ocrx_word' id='word_1_727' title='bbox 1652 2575 1665 2593; x_wconf 71' lang='grc' dir='ltr'><strong>ιι</strong></span> <span class='ocrx_word' id='word_1_728' title='bbox 1682 2567 1755 2601; x_wconf 73' lang='lat' dir='ltr'><strong>regio</strong></span> 
     </span>
    </p>
   </div>
   <div class='ocr_carea' id='block_1_107' title="bbox 968 2613 1755 2646">
    <p class='ocr_par' dir='ltr' id='par_1_107' title="bbox 968 2613 1755 2646">
     <span class='ocr_line' id='line_1_107' title="bbox 968 2613 1755 2646; baseline -0.006 -2"><span class='ocrx_word' id='word_1_729' title='bbox 968 2618 1078 2645; x_wconf 87' lang='lat' dir='ltr'><strong>alttmno</strong></span> <span class='ocrx_word' id='word_1_730' title='bbox 1095 2621 1189 2643; x_wconf 89' lang='lat' dir='ltr'><strong>natum</strong></span> <span class='ocrx_word' id='word_1_731' title='bbox 1211 2623 1303 2646; x_wconf 90' lang='lat' dir='ltr'><strong>suum,</strong></span> <span class='ocrx_word' id='word_1_732' title='bbox 1319 2622 1384 2642; x_wconf 79' lang='lat' dir='ltr'><strong>cunt</strong></span> <span class='ocrx_word' id='word_1_733' title='bbox 1413 2613 1499 2641; x_wconf 89' lang='lat' dir='ltr'><strong>sensit</strong></span> <span class='ocrx_word' id='word_1_734' title='bbox 1522 2613 1615 2640; x_wconf 89' lang='lat' dir='ltr'><strong>animo</strong></span> <span class='ocrx_word' id='word_1_735' title='bbox 1632 2613 1755 2639; x_wconf 88' lang='lat' dir='ltr'><strong>dolorem</strong></span> 
     </span>
    </p>
   </div>
   <div class='ocr_carea' id='block_1_108' title="bbox 968 2658 1756 2698">
    <p class='ocr_par' dir='ltr' id='par_1_108' title="bbox 968 2658 1756 2698">
     <span class='ocr_line' id='line_1_108' title="bbox 968 2658 1756 2698; baseline -0.008 -7"><span class='ocrx_word' id='word_1_736' title='bbox 968 2671 1050 2698; x_wconf 87' lang='lat' dir='ltr'><strong>quem</strong></span> <span class='ocrx_word' id='word_1_737' title='bbox 1088 2663 1210 2690; x_wconf 79' lang='lat' dir='ltr'><strong>excitare</strong></span> <span class='ocrx_word' id='word_1_738' title='bbox 1244 2660 1401 2695; x_wconf 86' lang='lat' dir='ltr'><strong>spectaculo</strong></span> <span class='ocrx_word' id='word_1_739' title='bbox 1435 2659 1480 2686; x_wconf 87' lang='lat' dir='ltr'><strong>tali</strong></span> <span class='ocrx_word' id='word_1_740' title='bbox 1512 2660 1626 2686; x_wconf 67' lang='lat' dir='ltr'><strong>affectus</strong></span> <span class='ocrx_word' id='word_1_741' title='bbox 1650 2658 1756 2693; x_wconf 88' lang='lat' dir='ltr'><strong>patrius</strong></span> 
     </span>
    </p>
   </div>
   <div class='ocr_carea' id='block_1_109' title="bbox 969 2704 1758 2742">
    <p class='ocr_par' dir='ltr' id='par_1_109' title="bbox 969 2704 1758 2742">
     <span class='ocr_line' id='line_1_109' title="bbox 969 2704 1758 2742; baseline -0.005 -8"><span class='ocrx_word' id='word_1_742' title='bbox 969 2711 1058 2742; x_wconf 84' lang='lat' dir='ltr'><strong>potest</strong></span> <span class='ocrx_word' id='word_1_743' title='bbox 1073 2707 1232 2734; x_wconf 85' lang='lat' dir='ltr'><strong>maximum.</strong></span> <span class='ocrx_word' id='word_1_744' title='bbox 1259 2705 1297 2733; x_wconf 80' lang='lat' dir='ltr'><strong>Ac</strong></span> <span class='ocrx_word' id='word_1_745' title='bbox 1320 2712 1412 2732; x_wconf 88' lang='lat' dir='ltr'><strong>secum</strong></span> <span class='ocrx_word' id='word_1_746' title='bbox 1437 2704 1532 2731; x_wconf 73' lang='lat' dir='ltr'><strong>intime</strong></span> <span class='ocrx_word' id='word_1_747' title='bbox 1556 2704 1668 2738; x_wconf 76' lang='lat' dir='ltr'><strong>ringcns</strong></span> <span class='ocrx_word' id='word_1_748' title='bbox 1683 2704 1758 2731; x_wconf 80' lang='lat' dir='ltr'><strong>fren-</strong></span> 
     </span>
    </p>
   </div>
   <div class='ocr_carea' id='block_1_110' title="bbox 969 2749 1753 2788">
    <p class='ocr_par' dir='ltr' id='par_1_110' title="bbox 969 2749 1753 2788">
     <span class='ocr_line' id='line_1_110' title="bbox 969 2749 1753 2788; baseline -0.008 -7"><span class='ocrx_word' id='word_1_749' title='bbox 969 2754 1101 2788; x_wconf 85' lang='lat' dir='ltr'><strong>dcnsque,</strong></span> <span class='ocrx_word' id='word_1_750' title='bbox 1113 2751 1134 2780; x_wconf 95' lang='lat'>0</span> <span class='ocrx_word' id='word_1_751' title='bbox 1149 2759 1249 2782; x_wconf 86' lang='lat' dir='ltr'><strong>mores.</strong></span> <span class='ocrx_word' id='word_1_752' title='bbox 1264 2750 1364 2785; x_wconf 85' lang='lat' dir='ltr'><strong>inquit,</strong></span> <span class='ocrx_word' id='word_1_753' title='bbox 1379 2749 1568 2777; x_wconf 87' lang='lat' dir='ltr'><strong>intolerabiles</strong></span> <span class='ocrx_word' id='word_1_754' title='bbox 1582 2757 1686 2784; x_wconf 72' lang='lat' dir='ltr'><strong>regum,</strong></span> <span class='ocrx_word' id='word_1_755' title='bbox 1697 2750 1753 2784; x_wconf 88' lang='lat' dir='ltr'><strong>jus,</strong></span> 
     </span>
    </p>
   </div>
   <div class='ocr_carea' id='block_1_111' title="bbox 969 2794 1753 2829">
    <p class='ocr_par' dir='ltr' id='par_1_111' title="bbox 969 2794 1753 2829">
     <span class='ocr_line' id='line_1_111' title="bbox 969 2794 1753 2829; baseline -0.009 -3"><span class='ocrx_word' id='word_1_756' title='bbox 969 2799 1025 2829; x_wconf 87' lang='lat' dir='ltr'><strong>fas,</strong></span> <span class='ocrx_word' id='word_1_757' title='bbox 1057 2797 1194 2828; x_wconf 83' lang='lat' dir='ltr'><strong>cilicium,</strong></span> <span class='ocrx_word' id='word_1_758' title='bbox 1231 2795 1324 2828; x_wconf 89' lang='lat' dir='ltr'><strong>fidem,</strong></span> <span class='ocrx_word' id='word_1_759' title='bbox 1340 2794 1588 2826; x_wconf 86' lang='lat' dir='ltr'><strong>necessitudinem,</strong></span> <span class='ocrx_word' id='word_1_760' title='bbox 1604 2794 1753 2821; x_wconf 88' lang='lat' dir='ltr'><strong>amicitiam</strong></span> 
     </span>
    </p>
   </div>
   <div class='ocr_carea' id='block_1_112' title="bbox 970 2839 1751 2875">
    <p class='ocr_par' dir='ltr' id='par_1_112' title="bbox 970 2839 1751 2875">
     <span class='ocr_line' id='line_1_112' title="bbox 970 2839 1751 2875; baseline -0.009 -3"><span class='ocrx_word' id='word_1_761' title='bbox 970 2845 1039 2873; x_wconf 84' lang='lat' dir='ltr'><strong>infra</strong></span> <span class='ocrx_word' id='word_1_762' title='bbox 1061 2851 1138 2872; x_wconf 86' lang='lat' dir='ltr'><strong>suam</strong></span> <span class='ocrx_word' id='word_1_763' title='bbox 1164 2842 1301 2869; x_wconf 90' lang='lat' dir='ltr'><strong>fortunam</strong></span> <span class='ocrx_word' id='word_1_764' title='bbox 1329 2840 1546 2875; x_wconf 81' lang='lat' dir='ltr'><strong>dignitatemque</strong></span> <span class='ocrx_word' id='word_1_765' title='bbox 1571 2839 1751 2866; x_wconf 80' lang='lat' dir='ltr'><strong>ducentium]</strong></span> 
     </span>
    </p>
   </div>
   <div class='ocr_carea' id='block_1_113' title="bbox 969 2888 1752 2922">
    <p class='ocr_par' dir='ltr' id='par_1_113' title="bbox 969 2888 1752 2922">
     <span class='ocr_line' id='line_1_113' title="bbox 969 2888 1752 2922; baseline -0.009 -3"><span class='ocrx_word' id='word_1_766' title='bbox 969 2891 991 2920; x_wconf 90' lang='grc'>0</span> <span class='ocrx_word' id='word_1_767' title='bbox 1000 2890 1216 2919; x_wconf 74' lang='lat' dir='ltr'><strong>infelicissimam</strong></span> <span class='ocrx_word' id='word_1_768' title='bbox 1227 2889 1270 2917; x_wconf 87' lang='lat' dir='ltr'><strong>his</strong></span> <span class='ocrx_word' id='word_1_769' title='bbox 1281 2888 1496 2920; x_wconf 76' lang='lat' dir='ltr'><strong>ministrantium</strong></span> <span class='ocrx_word' id='word_1_770' title='bbox 1511 2891 1624 2921; x_wconf 85' lang='lat' dir='ltr'><strong>sortem,</strong></span> <span class='ocrx_word' id='word_1_771' title='bbox 1633 2891 1752 2922; x_wconf 87' lang='lat' dir='ltr'><strong>quorum</strong></span> 
     </span>
    </p>
   </div>
   <div class='ocr_carea' id='block_1_114' title="bbox 1758 2935 1783 2952">
    <p class='ocr_par' dir='ltr' id='par_1_114' title="bbox 1758 2935 1783 2952">
     <span class='ocr_line' id='line_1_114' title="bbox 1758 2935 1783 2952; baseline 0 0"><span class='ocrx_word' id='word_1_772' title='bbox 1758 2935 1783 2952; x_wconf 66' lang='grc' dir='ltr'><em>Δ</em></span> 
     </span>
    </p>
   </div>
  </div>
