1913 3068
154 151 226 184 1325

873 154 1077 185 APPENDIX.

1721 153 1798 186 133‘}

147 210 188 237 ilii
213 211 328 238 sudores
359 216 386 238 et
401 211 634 239 acrumnosissima
655 211 788 247 obsequia
812 211 938 246 neglectu
955 214 976 241 Α
991 211 1081 246 quoad
1106 210 1226 242 licuerit.
1244 211 1381 245 pra‘terita
1407 214 1530 246 paratus.
1555 210 1611 238 Nec
1631 212 1796 241 timendum

147 256 205 283 fere
219 261 445 292 contemptuque,
461 265 515 284 non
534 265 596 284 raro
610 259 693 284 eliant
707 258 792 285 exitio
810 265 938 284 remune—

147 303 260 328 ranturl
277 302 371 329 deberi
387 303 439 330 sibi
453 303 487 330 ab
511 304 638 330 erunibus
656 304 706 329 rati
720 303 822 333 omnia,
838 303 939 330 debere

147 355 177 373 se
189 347 339 382 quidquam
355 348 484 383 cuiquam
499 356 549 375 nec
570 349 693 384 cogitare
714 349 873 384 dignantur,
889 356 939 376 nec

147 393 201 420 diei
216 394 362 421 sustinent.
379 394 506 422 Libidine
521 400 620 422 cuneta
643 395 805 427 metiuntur,
824 403 856 422 ex
888 403 940 422 usu

147 446 179 466 ac
199 439 289 466 fructu
315 441 436 475 propriis
469 447 566 468 concta
587 443 742 474 aestimant;
761 449 790 469 se
806 450 876 469 unos
897 442 939 469 in-

146 491 271 519 tuentur,
291 487 344 514 sibi
363 488 425 515 unis
454 488 579 523 placent;
606 490 648 516 sui
667 490 747 516 unice
771 497 938 526 suarumque.

145 533 306 560 deliciarum
319 534 453 561 rationem
465 534 688 569 haberiﬁequum
698 541 821 563 censent.
836 536 939 571 Exspe-

144 583 203 606 ctes
219 578 253 605 ab
270 579 330 606 istis
346 579 460 614 gratiam
478 580 577 607 merito
592 581 808 608 misericordiam
822 581 940 609 infortu-

144 623 202 654 nio,
222 623 269 657 qui
287 631 338 651 nec
361 624 470 651 veniam
493 631 596 658 errato,
615 635 665 653 nec
680 627 816 661 supplicio
835 636 937 656 moram

145 669 287 704 indulgere
317 678 437 704 unquam
471 677 584 704 norunt;
624 672 773 700 multorum
802 681 938 701 atmorum

145 714 263 741 servitus
277 719 305 741 et
318 715 534 742 laboriosissima
561 716 712 743 ministeria
734 725 789 744 uno
801 718 868 753 ipsis
883 726 941 746 mo-

143 763 236 786 mento
254 759 321 785 levis
337 759 544 787 offensiuncula:
555 761 759 789 oblitterantur.

179 801 212 829 li.
234 803 296 830 lixae
322 804 412 831 obiter
434 812 607 839 conquerens
635 805 797 834 admovebat
822 814 852 834 se
879 807 940 835 loco

143 849 268 883 propius;
285 853 313 876 at
342 850 389 877 ubi
415 851 472 886 jam
497 858 512 878 e
537 851 628 879 vicino
656 851 815 880 distinctius
845 853 937 881 hausit

992 264 1068 292 puta,
1084 265 1118 285 ne
1135 259 1182 293 qui
1195 258 1328 286 offensam
1343 258 1381 285 tui
1396 262 1472 285 tanta
1483 265 1563 292 poena
1575 258 1688 294 luimus,
1705 260 1795 294 quid-

991 311 1074 337 quam
1095 303 1165 331 inte
1192 304 1324 338 deinceps
1348 304 1521 331 committere
1539 303 1703 336 audeamus,
1733 312 1795 339 quo

991 347 1085 380 istius,
1108 356 1191 383 quam
1204 356 1268 376 vere
1287 348 1432 383 praedicas,
1448 349 1573 376 Nemesis
1587 350 1743 383 graviorem
1763 351 1794 377 in

991 402 1042 421 nos
1052 394 1224 422 concitemus
1243 394 1426 422 iracundiam.
1447 395 1485 422 Ad
1506 403 1540 422 ea
1567 396 1716 430 psittacus,
1727 396 1792 424 Non

990 439 1100 470 faciam,
1127 439 1226 474 inquit;
1251 444 1364 467 monent
1382 440 1456 468 enim
1484 441 1646 475 prudentes,
1675 450 1794 476 semper

990 485 1015 512 ei
1032 486 1078 520 qui
1095 485 1225 512 damnum
1248 486 1341 512 intulit
1362 485 1397 512 ab
1424 486 1584 513 adversario
1617 487 1792 515 incommodi

991 532 1095 566 accepti
1111 538 1232 558 memore
1247 530 1413 563 cavendum,
1433 539 1522 565 eoque
1541 531 1626 566 magis
1642 532 1791 559 vitandum

990 577 1050 611 ejus
1075 583 1216 604 accessum
1233 584 1288 610 quo
1313 576 1359 602 ille
1379 574 1538 603 invitaverit
1557 576 1717 603 instantius.
1733 578 1794 604 Au-

991 623 1045 649 divi
1077 627 1105 650 et
1134 622 1200 649 illud
1229 622 1263 649 ab
1289 622 1397 649 idoneis
1438 622 1618 653 auctoribus,
1646 623 1793 657 genitores

990 668 1107 702 sapienti
1142 668 1294 695 amicorum
1327 668 1390 695 loco
1418 667 1570 700 habendos,
1603 669 1705 696 fratres
1738 677 1793 701 pro

992 714 1141 742 comitibus
1157 715 1273 746 itineris,
1294 722 1407 742 uxorem
1425 722 1473 749 pro
1492 715 1697 747 contubernali,
1717 714 1792 742 filios

991 768 1040 795 pro
1057 761 1205 788 tabellariis
1221 761 1382 788 memoriam
1405 760 1490 795 patris
1509 760 1544 787 ad
1558 764 1683 795 posteros
1700 761 1793 795 perla-

992 807 1070 839 turis,
1088 806 1159 834 tilias
1182 811 1213 833 ut
1235 807 1407 834 adversarias
1435 806 1464 833 in
1487 806 1535 834 lite
1560 806 1790 839 considerandas,

990 859 1131 887 cognatos.
1151 857 1182 880 ut
1205 852 1377 880 feneratores
1391 853 1490 879 acriter
1510 856 1668 886 repetentes
1683 852 1789 884 debita,

143 895 231 921 oculis
248 895 335 922 diram
353 896 474 930 speciem
491 898 627 924 cruentati
643 898 800 932 abjcctique
813 905 846 926 ac
871 906 936 926 cru-
953 887 972 915 Β
988 907 1017 926 se
1033 900 1132 933 ipsum,
1146 903 1176 926 ut
1196 899 1349 926 solitarium
1364 899 1439 926 omni
1463 897 1612 925 aﬂ'cctuum
1633 898 1789 925 necessitu-

143 939 242 968 deliter
255 941 289 968 ab
307 942 378 968 irato
406 943 494 969 ultore
518 943 615 970 calcati
635 944 791 972 charissimi
817 945 934 980 capitis,

143 985 172 1012 in
190 994 236 1013 eas
253 987 339 1015 l'urias
364 988 476 1020 exarsit,
498 993 528 1016 ut
545 989 573 1016 in
601 989 706 1024 regium
727 990 854 1017 involans
869 997 936 1024 pue-

144 1040 204 1059 rum
231 1039 320 1060 rostro
343 1033 369 1061 ei
399 1038 482 1069 atque
511 1035 649 1070 unguibus
669 1035 798 1063 eti'oderit
829 1036 935 1069 oculos,

144 1077 229 1109 Habe,
245 1079 382 1113 inquiens,
399 1081 471 1114 quod
497 1085 522 1108 te
545 1081 657 1116 dignum
678 1086 730 1113 est,
750 1081 828 1113 dure.
845 1082 936 1109 immi-

143 1124 271 1156 sericors,
299 1125 482 1159 ingratissime
505 1135 512 1153 :
539 1127 607 1154 tanti
630 1127 763 1162 temporis
787 1128 938 1155 contuber—

143 1170 231 1202 nium,
256 1175 309 1197 tam
333 1170 476 1198 fati-iliaris
494 1171 605 1206 hospitii
623 1173 864 1206 necessitudinem,
883 1177 937 1201 tam

145 1220 246 1243 tenerae
271 1217 399 1244 amicitiae
421 1218 482 1253 jura
506 1217 664 1245 dulcissima
691 1226 744 1246 non
760 1219 872 1254 impune
897 1220 939 1247 in-

144 1261 224 1287 tanda
241 1261 411 1291 immanisile
427 1263 566 1297 pollueris.
587 1263 645 1290 Sub
663 1263 722 1290 haec
740 1264 853 1292 audacis
874 1272 939 1292 con-

144 1307 218 1334 seius
232 1307 296 1333 facti
311 1308 337 1333 in
353 1315 459 1334 summa
477 1309 543 1343 regii
560 1309 682 1336 viridarii
694 1309 791 1337 arbore
801 1310 937 1344 consedit,

117 1354 125 1358 ’
145 1353 240 1379 fruens
268 1353 332 1380 inde
349 1353 506 1387 spectaculo
523 1354 716 1381 tumultuantis
744 1355 811 1382 aula:
837 1355 870 1382 ad
889 1363 939 1382 ca-

144 1405 205 1424 sum
231 1399 441 1426 acerbissimum
465 1399 542 1434 pueri
559 1399 701 1434 principis.
728 1401 852 1428 Accurrit
869 1401 941 1428 inter

144 1445 262 1478 ejulatus
295 1445 473 1472 nutritiorum
506 1450 549 1478 et_
565 1447 736 1473 eursationcs
756 1447 939 1481 satagentium

144 1491 247 1517 frustra
261 1490 410 1517 satellitum
428 1491 599 1518 exanimatus
627 1499 691 1518 rex:
712 1496 740 1519 et
770 1492 856 1518 filium
880 1499 940 1518 am-

144 1537 252 1572 plexus,
288 1537 435 1572 ablutaque
461 1538 647 1572 nequidquam
687 1538 784 1572 patriis
812 1539 939 1574 lacrymis

144 1584 271 1611 excwcati
290 1584 367 1619 pueri
387 1584 499 1618 proprio
516 1583 613 1610 foedata
631 1591 727 1610 cruore
754 1583 833 1615 facie,
862 1583 938 1611 fene-

143 1634 208 1657 strae
233 1637 262 1657 se
290 1630 449 1661 adm0vens,
475 1637 508 1656 ex
536 1637 567 1656 ea
601 1630 780 1663 conspicuum
798 1635 939 1657 auctorem

143 1675 230 1702 cladis
257 1675 385 1702 simulata
412 1675 572 1710 ignoscendi
586 1675 769 1710 promissione
784 1675 817 1702 ad
851 1683 880 1702 se
912 1679 940 1702 ut

144 1723 280 1749 revolaret
311 1722 412 1749 institit
443 1722 559 1749 hortari.
596 1722 647 1749 Cui
676 1721 818 1756 psittacus,
847 1721 941 1756 fugere

143 1774 236 1796 certus
251 1769 315 1796 inde
330 1776 412 1804 quam
438 1768 608 1802 longissime,
635 1768 680 1794 ubi
707 1775 740 1793 ex
755 1772 813 1794 tuto
833 1767 942 1794 afﬂictis

144 1815 271 1842 hostibus
299 1815 445 1846 insultans.
462 1815 600 1848 explesset
629 1814 749 1840 animoin
769 1822 838 1840 saeva
863 1814 943 1841 salie-

145 1865 200 1888 tate
209 1861 349 1893 vindicue,
361 1861 494 1895 Agnoscc,
513 1867 570 1890 rex,
583 1859 630 1889 ait.
647 1859 760 1894 justam.
774 1859 828 1885 vim
843 1859 943 1886 Nemc-

145 1907 184 1933 sis
199 1906 318 1937 ultricis,
347 1906 427 1940 cujus
440 1905 596 1939 exemplum
620 1905 648 1932 in
667 1904 794 1931 familiari
811 1905 858 1931 tibi
871 1905 944 1939 capi-

146 1955 173 1978 te
184 1951 270 1978 habes
298 1951 494 1978 domesticum.
526 1950 636 1978 Nullum
660 1950 706 1977 illa
729 1951 807 1978 nefas
825 1951 945 1985 impuni-

146 2001 204 2023 tum
218 1996 296 2028 sinit,
321 2003 433 2023 veretur
448 1995 597 2028 neminem,
614 1995 717 2022 nullius
733 2004 800 2030 opes
819 1996 945 2023 reformi-

146 2043 190 2070 dat
206 2051 213 2075 ;
230 2050 264 2069 ne
280 2048 370 2069 vestra
388 2042 499 2076 quidem
511 2043 693 2076 superborum
714 2051 807 2077 regum
823 2042 946 2077 superci-

147 2091 214 2117 liosa
230 2090 373 2125 majestate
396 2089 552 2116 deterretnr
568 2096 603 2116 ne
627 2089 764 2123 supplicia
791 2089 945 2116 sceleribus

146 2136 270 2171 adaeqnct
286 2135 357 2162 natis
371 2135 453 2162 etiam
469 2135 497 2161 in
515 2142 646 2169 purpura.
673 2135 770 2161 Serius
782 2142 869 2169 oeyus
881 2141 944 2161 suas

145 2181 245 2216 cuique
262 2181 336 2208 vices
350 2180 450 2212 reddit,
465 2187 515 2206 nec
529 2179 648 2214 pessima
659 2179 782 2205 conditio
792 2187 886 2205 eorum
903 2181 945 2205 est

989 945 1053 971 dine
1066 945 1197 972 solutum.
1211 945 1257 972 llis
1273 953 1324 980 ego
1339 944 1507 980 pneseriptis
1520 944 1686 979 obsequens,
1712 951 1791 971 rece-

988 990 1054 1017 dere
1072 990 1100 1016 in
1117 990 1295 1017 solitudinem
1312 992 1408 1018 statui.

1026 1035 1071 1062 lll.
1100 1035 1243 1065 Adversus
1265 1043 1299 1062 ea
1318 1043 1365 1062 rex
1382 1044 1389 1062 :
1416 1035 1444 1063 Si
1459 1043 1475 1062 a
1492 1039 1519 1062 te
1540 1034 1694 1069 profectum
1714 1037 1790 1061 esset

991 1082 1057 1109 rixre
1071 1089 1103 1109 ac
1120 1090 1197 1109 noxa:
1212 1082 1332 1115 initium,
1350 1082 1411 1117 jure
1429 1081 1510 1109 nobis
1527 1080 1612 1108 ﬁdere
1635 1085 1787 1111 metueres;

992 1135 1066 1154 nunc
1087 1134 1149 1154 cum
1175 1127 1258 1162 hujus
1286 1127 1359 1161 quod
1383 1127 1482 1154 incidit
1510 1126 1680 1154 incommodi
1710 1125 1790 1160 origo

991 1179 1017 1200 et
1041 1174 1122 1208 culpa
1150 1167 1239 1208 (quod
1267 1173 1366 1200 dolens
1384 1172 1583 1208 jpcenitcnsque
1608 1172 1712 1200 fateor)
1739 1178 1790 1198 no-

995 1224 1052 1246 stra
1069 1219 1115 1250 sit,
1142 1218 1207 1253 quid
1221 1218 1312 1246 obstat
1329 1219 1476 1253 quominus
1496 1218 1592 1245 credas
1605 1217 1790 1244 invitantibus

992 1266 1092 1293 nobis?
1104 1265 1143 1292 Ad
1158 1273 1190 1292 ca
1203 1265 1356 1300 psittacus:
1371 1264 1501 1292 Memoria
1521 1264 1685 1291 damnorum
1711 1271 1792 1291 acce-

994 1318 1104 1348 ptorum
1133 1312 1187 1339 alta
1214 1311 1345 1339 cordibus
1369 1311 1458 1347 infigit
1473 1312 1597 1343 vulnera,
1623 1318 1675 1338 nec
1688 1310 1790 1345 lingua:

993 1365 1102 1392 semper
1112 1365 1193 1385 veros
1208 1358 1341 1385 mentium
1353 1358 1512 1392 exprimunt
1526 1364 1641 1388 sensus;
1656 1357 1788 1391 quocirca

993 1404 1078 1430 verba
1097 1409 1141 1430 tua
1158 1404 1238 1430 fidem
1265 1403 1337 1438 apud
1364 1411 1407 1430 me
1433 1411 1488 1430 non
1513 1403 1626 1430 habent.
1651 1403 1788 1437 Reposuit

994 1449 1038 1476 his
1054 1458 1100 1476 rex
1117 1459 1123 1476 :
1140 1449 1208 1476 Male
1223 1449 1257 1475 de
1283 1457 1326 1476 nte
1346 1449 1479 1484 opinaris,
1507 1448 1632 1484 psittace,
1646 1448 1692 1483 qui
1716 1449 1788 1476 scias

995 1495 1149 1530 sapientem
1173 1495 1263 1522 virutn
1300 1502 1410 1522 onmem
1441 1494 1575 1521 adbibere
1609 1501 1722 1528 operam
1757 1501 1788 1521 ut

995 1547 1114 1576 accepta:
1128 1541 1234 1575 injuria:
1249 1541 1408 1567 memoriam
1421 1548 1454 1567 ex
1466 1541 1558 1566 animo
1572 1540 1700 1574 stirpitus
1714 1540 1788 1567 evel-

991 1587 1031 1614 lat
1055 1595 1116 1614 suo.
1135 1587 1238 1614 Contra
1262 1586 1321 1613 haec
1354 1586 1498 1621 psittacus,
1516 1586 1564 1613 Est
1590 1587 1716 1617 omnino,
1743 1591 1787 1613 est

992 1634 1043 1666 ita,
1066 1639 1096 1660 ut
1117 1633 1197 1665 dicis,
1213 1640 1271 1665 rex,
1286 1633 1423 1667 velimque
1435 1637 1482 1660 tua
1497 1639 1578 1660 causa
1597 1632 1723 1663 credere,
1749 1637 1786 1664 te,

992 1682 1076 1712 prout
1093 1676 1226 1711 sapientis
1239 1676 1317 1711 jubet
1342 1676 1473 1709 cilicium,
1491 1677 1586 1704 conari
1600 1677 1693 1704 damni
1711 1677 1785 1711 quod

992 1731 1088 1758 passus
1102 1731 1132 1750 es
1145 1722 1462 1758 oblitterareimaginem
1477 1731 1511 1751 ex
1527 1728 1636 1755 mente;
1653 1729 1783 1751 ca‘tcrum

992 1776 1026 1796 an
1039 1769 1111 1803 quod
1127 1768 1236 1795 conaris
1248 1769 1285 1794 sis
1300 1768 1473 1802 perfecturus
1485 1768 1591 1799 dubito,
1610 1773 1637 1794 et
1657 1777 1711 1794 non
1726 1769 1786 1795 sine

993 1823 1075 1843 causa
1090 1823 1186 1842 vereor
1205 1819 1234 1841 ut
1251 1814 1338 1849 possis
1351 1823 1358 1841 ι
1373 1822 1458 1849 quare
1480 1815 1540 1841 sine
1555 1821 1597 1840 me
1618 1814 1645 1839 in
1660 1813 1713 1839 isto
1728 1821 1787 1839 am-

995 1860 1077 1895 biguo
1103 1860 1171 1886 mihi
1198 1860 1354 1887 consulere.
1376 1858 1452 1886 Multi
1483 1858 1566 1886 nimis
1588 1858 1661 1885 facili
1688 1858 1788 1885 alienae

994 1905 1195 1933 moderationis
1216 1905 1317 1932 fiducia
1336 1906 1491 1940 perierunt,
1508 1905 1573 1932 dum
1601 1910 1634 1930 ex
1654 1911 1705 1931 sua
1721 1911 1790 1930 con-

994 1951 1108 1979 scientia
1137 1951 1366 1982 acstimautalios,
1384 1950 1456 1985 passi
1487 1949 1560 1985 quod
1589 1949 1788 1984 elephantibus

995 1998 1136 2025 indomitis
1151 1997 1309 2032 frequenter
1333 1997 1446 2027 accidit.
1461 2004 1531 2031 quos
1545 1995 1665 2028 cicures,
1689 2002 1788 2030 sapere

995 2051 1058 2072 cum
1084 2044 1151 2078 ipsis
1174 2043 1250 2078 paria
1269 2043 1379 2076 crediti,
1397 2043 1424 2070 in
1445 2042 1558 2070 insidias
1574 2041 1788 2076 pertrahentes,

995 2089 1122 2117 servituti
1152 2089 1295 2116 hominum
1326 2089 1497 2122 mancipant.
1523 2088 1625 2115 Contra
1647 2087 1707 2114 hac
1727 2095 1786 2117 rex.

996 2136 1054 2167 Vir,
1075 2136 1124 2167 ait,
1155 2136 1291 2170 ingenuus
1301 2140 1330 2162 et
1353 2135 1476 2162 liberalis
1501 2133 1601 2161 indolis
1621 2141 1676 2160 non
1697 2138 1788 2161 mutat

997 2182 1025 2208 in
1039 2181 1116 2216 pejus
1141 2189 1244 2212 mores,
1265 2188 1316 2207 nec
1328 2180 1456 2207 amicitia-
1469 2181 1513 2215 jus
1528 2179 1621 2211 violat,
1638 2186 1689 2206 nec
1704 2178 1787 2206 ﬁdem

145 2235 215 2262 quos
241 2226 367 2254 celeriter
385 2225 537 2257 uleiseitur,
553 2233 568 2252 e
589 2225 690 2259 quibus
721 2228 763 2250 est
778 2230 840 2251 tuus
869 2225 938 2250 ﬁlius

998 2227 1062 2254 fallit
1077 2227 1167 2254 datam
1181 2226 1367 2261 :abjectarunt
1380 2226 1437 2252 lucc
1453 2225 1519 2252 vitia
1534 2230 1693 2252 naturarum
1711 2231 1787 2253 sntit.

146 2274 174 2301 in
202 2272 329 2308 ﬂagranti
359 2271 473 2306 perfidia
497 2279 665 2306 oppressus;
690 2270 821 2296 dilatione
845 2276 941 2304 pronas

145 2325 237 2356 anget,
265 2327 297 2347 ac
312 2319 407 2346 fenore
432 2322 630 2345 tormentorum
650 2317 770 2343 tolerata:
786 2315 833 2342 diu
854 2315 941 2350 culpae

144 2371 246 2394 sortem
275 2369 430 2400 exaggerat,
458 2364 526 2391 adeo
552 2369 581 2390 ut
609 2370 680 2398 quos
709 2362 864 2396 inexpiatos
886 2361 942 2388 vita

145 2411 293 2442 dimiserit,
324 2410 500 2444 sempiternis
515 2408 748 2436 immiscrabilitcr
773 2406 943 2434 cruciatibus

145 2459 264 2486 addicat.
293 2457 359 2484 Erat
388 2456 488 2490 unguis
523 2456 550 2482 in
581 2456 671 2481 ulcere
696 2455 819 2481 ardentis
849 2453 942 2479 dolore

146 2504 217 2539 regis
243 2503 439 2538 intempestiva
465 2501 575 2537 psittaei
603 2500 787 2535 philosophia,
807 2507 862 2534 qua
885 2499 941 2531 ille,

146 2556 176 2578 ut
190 2550 319 2577 irrisione
341 2549 394 2581 sui,
412 2555 571 2583 quanquam
585 2547 780 2580 indignabatur
796 2546 944 2571 vehemen-

147 2598 211 2629 tius,
226 2596 328 2632 pressit
351 2600 441 2623 tamen
465 2593 568 2622 indicia
589 2592 755 2628 ignescentis
779 2590 944 2618 aestuosissi-

145 2650 190 2670 me
205 2642 319 2672 furoris,
333 2647 361 2668 et
379 2648 409 2668 se
421 2646 588 2674 componens
603 2639 629 2664 in
643 2637 873 2668 moderationem,
889 2643 943 2670 qua

146 2693 240 2724 posset
269 2688 374 2715 hostem
413 2686 518 2718 fallere,
550 2689 659 2720 pacato,
684 2688 816 2718 quantum
843 2682 943 2717 potuit!

146 2735 223 2761 vultu
242 2733 409 2768 respondit:
438 2732 548 2759 Minime
575 2731 703 2765 ambigua
727 2734 754 2756 tu
786 2728 896 2760 quidem
917 2732 944 2754 et

150 2788 192 2806 me
209 2787 318 2814 quoque
338 2778 440 2806 fatente
456 2785 520 2805 vera
541 2776 672 2811 loqueris,
697 2783 752 2809 qtto
766 2775 824 2809 ipso
839 2774 947 2801 deside-

151 2827 221 2852 rium
242 2834 325 2859 auch
345 2825 382 2851 tui
404 2825 518 2854 reditus,
536 2831 570 2850 ne
594 2829 647 2848 tam
676 2821 791 2856 sapienti
809 2821 943 2847 monitore

151 2877 270 2897 (aream.
288 2870 387 2903 Quare,
406 2877 454 2896 oro
476 2875 511 2901 lc,
534 2877 566 2895 ne
585 2877 600 2894 ιι
613 2877 632 2894 is
646 2868 765 2900 deseras,
783 2866 944 2906 emendare,

995 2273 1146 2307 Respondit
1160 2273 1292 2306 psittacos
1309 2281 1315 2298 :
1335 2271 1463 2298 Memoria
1479 2271 1571 2298 damni
1587 2273 1693 2306 accepti
1709 2279 1790 2300 acres

995 2321 1022 2346 isi
1038 2320 1198 2353 quoruntvis
1213 2318 1312 2345 animis
1327 2323 1418 2345 motus
1438 2318 1504 2348 ciet.
1532 2317 1612 2352 longe
1635 2319 1789 2347 acerrimos

996 2365 1023 2392 in
1040 2372 1134 2399 regum
1151 2364 1298 2391 mentibus.
1313 2362 1346 2389 lli
1367 2363 1442 2390 enim
1468 2363 1495 2390 in
1510 2363 1679 2397 gravissimis
1700 2364 1789 2390 malo-

997 2419 1057 2438 rum
1070 2417 1217 2437 numerare
1232 2410 1320 2436 solent
1337 2410 1430 2436 vivere
1443 2409 1572 2441 inultum,
1588 2408 1692 2443 gloria),
1709 2410 1790 2443 cujus

997 2462 1061 2485 sunt
1077 2457 1240 2489 avidissimi,
1260 2460 1366 2490 partem
1395 2455 1436 2482 vel
1463 2455 1608 2482 mmimam
1623 2456 1649 2482 in
1666 2455 1788 2482 vindicta

997 2509 1172 2538 reponentcs.
1188 2503 1316 2537 Ignosces
1329 2501 1424 2535 .igitur
1436 2501 1458 2528 si
1474 2506 1562 2527 tutum
1577 2501 1643 2527 mihi
1667 2509 1722 2527 non
1739 2509 1790 2535 pu—

999 2554 1052 2576 tent
1075 2549 1108 2575 ad
1132 2549 1209 2575 vivas
1236 2548 1368 2582 quasdam
1397 2547 1424 2573 in
1448 2546 1530 2574 corde
1548 2552 1595 2573 tuo
1618 2554 1722 2581 prunas
1743 2548 1789 2574 ira

999 2595 1144 2622 admovere
1160 2593 1300 2620 materiam
1318 2592 1486 2627 imprudenti
1513 2592 1692 2626 usurpatione
1713 2593 1790 2626 prius

999 2645 1094 2673 emptae
1120 2639 1315 2666 familiaritatis
1331 2643 1421 2664 tecum
1445 2645 1523 2670 mem,
1538 2638 1650 2672 quando
1660 2645 1711 2665 nec
1730 2646 1790 2672 pre-

1000 2693 1046 2713 Ces
1066 2685 1150 2712 irrita:
1166 2692 1215 2711 nec
1231 2692 1299 2711 serae
1318 2683 1518 2711 obtestationes
1547 2691 1615 2710 meae
1631 2683 1790 2710 incendium

1000 2741 1014 2760 a
1030 2740 1072 2759 me
1088 2739 1142 2766 quo
1156 2738 1334 2758 eonsutnerer
1348 2734 1485 2757 arcerent.
1507 2730 1628 2764 Optima,
1648 2729 1672 2756 si
1689 2730 1791 2764 neseis,

1001 2779 1033 2805 ad
1048 2779 1195 2805 curandam
1211 2777 1318 2812 injuriae
1344 2776 1503 2803 memoriam
1527 2775 1664 2802 medicina
1687 2781 1730 2803 est
1747 2778 1794 2803 al;-

1001 2825 1089 2852 scntia
1106 2825 1213 2858 injurim
1233 2823 1364 2850 auctoris.
1384 2823 1448 2849 Eant
1478 2822 1527 2848 tibi
1554 2823 1703 2848 admovere
1730 2830 1744 2849 a
1768 2828 1793 2849 te

1002 2869 1154 2897 ret-edendo
1168 2869 1265 2904 cppio;
1284 2877 1345 2895 nam
1358 2868 1430 2894 coire
1441 2871 1467 2893 cl
1483 2867 1639 2894 cicatricem
1652 2868 1795 2896 olnlnecrc
