1913 3068
91 168 162 200 I339

802 168 1008 200 APPENDIX.

608 236 879 269 DISSERTATIO
897 236 1148 268 PARABOLICA
1170 239 1211 268 X.

95 307 244 337 Versatur
271 304 304 334 in
327 303 523 342 explicandis
551 302 719 342 fraudibus
748 302 1000 333 insidiosissimis
1028 302 1207 332 invidorum
1232 302 1344 342 quibus
1374 303 1552 333 innocentes
1579 307 1607 333 et
1639 303 1724 342 ﬁdos

129 345 253 383 regibus
284 343 445 373 ministros
469 347 646 381 per-vertere
666 347 831 383 conantur,
854 342 1123 383 indicatisisimul
1142 342 1320 383 rationibus
1342 343 1381 372 iis
1405 343 1606 379 occurrendi,
1629 348 1658 373 et
1689 344 1724 373 vi

128 381 272 414 raritatis
287 392 321 412 ac
339 382 551 412 sanctimoniw
574 391 678 412 omnes
693 382 822 411 malitia:
837 386 967 411 conatus
980 382 1021 412 ad
1037 387 1207 411 extremum
1225 381 1400 413 clue-tantis.

125 447 181 475 Sub
194 447 251 474 haec
267 445 341 480 loqui
362 446 479 473 eessmti
498 445 739 484 gymnosotihistzr,
766 453 813 471 rex
841 445 877 471 A-
893 448 914 475 Λ
931 445 1013 472 thois.
1036 444 1126 477 Quare
1149 445 1185 472 illi
1207 446 1239 472 ad
1261 454 1290 473 se
1309 450 1405 473 vocato
1426 445 1495 472 dixit
1515 455 1522 473 :
1545 446 1669 478 \‘astum,
1690 452 1721 474 ut

88 494 237 525 hessalom,
254 492 363 520 Audivi.
380 492 428 520 ait.
445 498 472 518 et
496 492 582 526 probo
602 500 661 526 qum
679 491 713 518 de
737 498 876 525 nunquam

88 537 250 564 resumenda
263 537 382 571 graviter
404 535 502 562 oﬂ'ensi
533 535 716 562 familiaritate
747 535 876 567 tht‘lIlsll;

87 590 214 616 cuperem
228 587 318 608 autem
333 581 438 607 discere
453 581 501 608 abs
518 585 542 608 te
555 589 588 607 an
603 588 656 607 non
680 585 803 614 oporteat
834 581 876 607 in-

89 629 195 655 terdum
210 628 267 654 dari
287 636 408 662 operam.
424 628 541 654 maxime
557 635 571 654 a
591 627 710 662 regibus,
735 632 764 654 nt
780 635 877 654 recon-

87 673 215 700 ('ilientur
231 673 308 707 ipsis,
336 676 363 698 et
384 680 409 698 ιιι
436 673 554 706 priorem
584 672 677 706 gratia:
707 676 877 706 reponantur

87 719 176 745 locum
198 719 215 744 ii
231 725 300 752 quos
317 726 411 744 errore
437 717 555 752 quodam
573 718 800 744 abalienaverint.
826 717 877 744 Su-

86 772 134 798 per
146 772 179 791 eo
191 769 351 799 argumento
367 764 590 799 gymnosophista
606 764 744 791 dissurere
762 764 835 790 hunc
847 764 875 790 in

86 810 196 836 modum
212 815 254 837 est
279 817 409 837 exorsus:

122 855 139 881 l.
160 855 223 882 Fuit
239 857 264 882 in
283 856 399 890 quadam
416 855 482 882 silva
495 855 591 881 referta
604 855 703 882 belluis
722 854 793 882 inter
809 855 876 882 alias

86 903 147 929 lbos
161 902 283 936 quidam,
300 902 361 928 vitae
374 902 513 936 proposito
526 902 604 929 valde
629 901 754 929 d‘versns
778 902 812 928 ab
840 902 874 929 iis

84 949 248 982 quibuscum
262 949 323 975 vitae
336 955 366 974 ac
381 953 484 975 naturae
493 948 686 975 communione
697 948 874 983 jungebatur.

86 994 157 1021 Mitis
171 995 242 1021 enim
260 999 361 1021 eratet
386 999 552 1029 temperans.
584 1000 683 1028 printer
712 1002 817 1022 morem
847 999 875 1022 el.

85 1041 179 1066 Ihomu
197 1045 370 1069 rmterornni.
384 1045 410 1067 et
424 1048 486 1068 cum
500 1041 542 1067 his
556 1041 646 1075 aliqua
662 1049 694 1067 ex
709 1045 786 1075 parte
808 1049 873 1068 con-

84 1087 252 1113 venientium
270 1087 401 1120 vulpium,
413 1096 529 1121 quorum
544 1088 666 1114 omnium
689 1088 873 1122 grassationes

929 491 1016 523 vides,
1033 497 1060 518 et
1087 499 1148 517 eum
1165 491 1352 522 subditorum,
1369 496 1425 518 tum
1448 491 1620 526 negotiorum
1636 500 1722 526 gene-

929 536 1006 563 ribus
1023 537 1127 563 varium
1145 545 1257 572 regnum
1275 539 1326 565 hoc
1343 545 1432 565 meum
1448 543 1503 569 est,
1521 538 1594 565 unde
1608 538 1642 564 ad
1659 539 1722 573 ejus

927 582 1156 617 gubernationem
1173 591 1239 618 egeo
1258 584 1346 611 fidelis
1361 592 1392 610 ae
1407 584 1551 618 prudentis
1566 591 1649 618 opera
1668 584 1722 610 mi-

927 627 1006 654 nistri
1026 636 1033 654 :
1050 628 1153 655 dudutn
1171 634 1212 656 est
1229 637 1290 656 cum
1311 629 1391 656 talem
1409 638 1520 663 qtuero,
1536 636 1565 658 et
1584 631 1721 665 reperisse

927 672 953 699 in
971 678 997 700 te
1015 673 1097 701 hodie
1112 675 1177 701 inibi
1195 675 1299 701 videor.
1316 675 1439 710 Cogitavi
1454 683 1520 710 ergo
1537 681 1562 702 te
1578 676 1720 710 prmticere

926 726 1033 746 summa
1056 727 1116 746 cum
1139 724 1273 754 potestate
1293 720 1524 747 administrationi
1547 721 1719 755 reipubliue,

925 772 1014 799 eoque
1029 773 1073 792 me
1083 785 1090 797 ,
1107 771 1205 800 pra-ter
1219 767 1363 794 utilitatem
1374 789 1381 798 ,
1397 767 1516 794 oﬁieium
1533 767 1647 802 impellit
1661 774 1720 802 quo

925 818 1005 845 rcges
1030 816 1157 838 tenemur
1182 812 1316 839 virtutum
1345 813 1582 840 honorandarum.
1609 813 1720 847 ()ppro-

925 856 1013 883 brium
1033 862 1075 884 est
1093 858 1226 892 principis
1241 866 1302 885 cum
1319 859 1382 892 quis
1399 858 1449 893 ipsi
1467 859 1609 893 subiectus
1627 858 1721 885 laudi-

924 903 977 930 bus
994 904 1132 930 excellens
1147 903 1220 938 jacet
1238 904 1264 930 in
1284 904 1406 931 tenebris
1422 911 1452 933 ac
1471 904 1599 931 sordibus
1615 913 1623 931 :
1639 904 1721 931 dotes

925 946 983 973 istre
1002 951 1055 973 tua:
1071 947 1209 980 praeclara:
1229 948 1354 982 plurimis
1373 949 1488 983 proponi
1500 949 1540 976 ’ad
1558 949 1718 983 exemplum

924 993 1036 1026 debent,
1057 994 1194 1029 adeoque,
1213 1000 1244 1022 ut
1265 997 1320 1023 sint
1342 997 1422 1031 vulgo
1443 997 1608 1031 consipiente,
1631 997 1719 1024 collo-

923 1040 1018 1067 contire
1037 1040 1063 1066 in
1082 1048 1144 1067 arce
1161 1041 1277 1075 quadam
1294 1049 1326 1068 ac
1343 1042 1450 1077 fastigio
1465 1044 1580 1070 excelsa!
1599 1043 1716 1078 dignita-

925 1085 969 1114 tis.
986 1086 1025 1112 Ad
1041 1093 1072 1112 ea
1091 1087 1152 1113 thos
1168 1088 1311 1121 respondit
1327 1096 1334 1114 :
1351 1087 1438 1123 Reges
1455 1090 1583 1116 convenit
1598 1089 1714 1116 volenti-

81 1138 111 1159 et
129 1133 309 1160 helluationes
325 1133 499 1167 quotidianus
527 1133 630 1160 innoxii
659 1133 801 1168 sanguinis
823 1134 872 1161 de-
890 1119 977 1158 Bbutt
1008 1131 1141 1159 ministris
1167 1133 1218 1164 uti,
1252 1134 1362 1168 adigere
1397 1134 1499 1169 quippe
1535 1134 1656 1167 invitos,
1684 1143 1718 1162 ac

85 1185 185 1206 lcslans
200 1180 366 1211 intuebatur,
381 1187 504 1218 eousque
527 1187 582 1206 non
607 1179 743 1208 obnoxius
767 1179 874 1214 cupidi-

84 1226 185 1253 tatibus
201 1226 280 1260 gulaz,
302 1230 331 1252 ut
349 1226 419 1253 ultro
436 1226 587 1253 abstineret
608 1226 720 1253 omnino
732 1226 872 1258 carnibus,

80 1277 110 1299 et
125 1272 242 1299 naturali
257 1273 384 1300 vescendi
411 1273 576 1299 necessitate
601 1273 695 1300 herbis
722 1280 755 1299 ac
785 1272 873 1307 pomis

83 1318 289 1351 ili-fungeretur.
307 1316 362 1344 Iloc
390 1317 500 1344 vivendi
526 1325 613 1352 genus
638 1318 665 1344 in
695 1317 785 1344 metlio
818 1322 873 1344 tam

83 1363 256 1390 tilSaltlllllUlll
273 1363 472 1397 exetnplorum,
488 1366 610 1390 omnium
627 1363 654 1390 in
682 1363 756 1390 hunc
779 1363 874 1390 oet-los

81 1415 110 1435 et
127 1409 273 1435 multorum
289 1409 419 1435 invidiam
433 1409 580 1435 convertit.
595 1408 657 1435 lrati
671 1409 772 1443 pariter
784 1409 871 1441 thoes,

83 1456 191 1488 vulpes,
213 1455 268 1490 lupi
290 1455 438 1488 exterique
470 1455 596 1489 plurimi.
622 1463 695 1481 nunc
713 1455 871 1490 singillatim

81 1504 261 1530 t-onventum,
278 1507 351 1526 nunc
367 1507 448 1526 manu
464 1499 533 1526 facta
555 1499 764 1530 circumdatum.
797 1507 874 1527 acer—

84 1546 118 1572 be
133 1545 322 1580 increpabant,
341 1544 547 1577 denuntiantes,
563 1545 634 1572 haud
650 1547 703 1580 pati
722 1554 782 1573 sese
795 1553 872 1580 posse

83 1592 171 1625 ipsum
188 1599 271 1618 llltllm
284 1591 352 1618 velle
365 1591 450 1618 videri
474 1599 570 1624 sapere
594 1593 655 1626 plus
677 1600 757 1625 quam
779 1591 872 1618 cuncti

82 1643 209 1672 Saperent
226 1637 282 1669 alii;
303 1637 439 1664 minantes
450 1638 533 1664 etiarn
549 1646 577 1664 se
592 1637 678 1669 illum,
698 1637 720 1664 si
735 1641 871 1672 pergeret,

82 1692 230 1718 congressu
246 1683 416 1717 prohibitum
429 1683 561 1718 ipsorum,
580 1691 629 1718 pro
647 1684 786 1718 transfuga
805 1684 873 1711 ritus

85 1730 164 1764 patrii
181 1737 212 1757 ac
228 1730 356 1765 degeneri
372 1730 510 1765 proditore
523 1730 729 1765 proseriptnros
744 1738 751 1762 ;
765 1731 873 1758 omitte-

924 1181 1110 1211 repugnaulcs
1133 1178 1242 1205 trahere
1263 1179 1296 1205 ad
1319 1179 1476 1207 functiones
1495 1180 1680 1215 capessendas
1701 1188 1716 1207 a

923 1221 1023 1256 quibus
1043 1222 1203 1254 abhorrent,
1225 1223 1334 1250 noxium
1357 1225 1475 1259 negotiis
1494 1225 1560 1259 ipsis
1580 1230 1632 1255 est,
1653 1232 1717 1259 qua:

923 1267 963 1295 sic
989 1268 1023 1295 ab
1053 1268 1106 1295 alio
1135 1269 1248 1295 attentis
1276 1270 1447 1304 negligenter
1475 1271 1715 1299 transmittuntur.

923 1313 1012 1340 Meum
1033 1321 1115 1348 porro
1134 1315 1272 1349 ingenium
1294 1315 1413 1342 immane
1430 1321 1562 1350 quantum
1582 1317 1717 1345 abhorret

923 1366 938 1385 a
954 1359 1072 1386 tumultu
1089 1361 1151 1386 vita!
1165 1360 1271 1387 aulicat.
1287 1361 1355 1387 Cum
1371 1369 1434 1395 ergo
1450 1361 1509 1393 tibi.
1525 1370 1582 1391 rex.
1598 1370 1652 1388 non
1666 1363 1717 1389 de-

923 1405 991 1437 sint,
1008 1405 1063 1432 imo
1080 1406 1231 1436 abundent,
1248 1407 1294 1441 qui
1311 1415 1366 1433 nun
1383 1407 1471 1434 solum
1486 1407 1604 1435 libenter
1619 1417 1715 1436 susce-

923 1452 995 1485 pturi
1012 1451 1076 1483 sint,
1092 1452 1138 1478 sed
1152 1451 1198 1486 qui
1213 1452 1390 1479 Vehementer
1404 1457 1499 1487 optent
1512 1459 1540 1480 et
1556 1454 1643 1487 palam
1658 1462 1718 1481 am-

923 1497 1000 1524 biant
1018 1499 1141 1532 speciosa
1162 1498 1213 1524 ista
1234 1498 1337 1529 munia.
1359 1499 1427 1526 tales
1446 1499 1578 1527 adhibeas
1598 1508 1713 1532 censeo,

923 1550 1031 1577 meque,
1046 1543 1119 1578 quod
1136 1544 1206 1578 coepi
1223 1552 1273 1571 nec
1289 1544 1420 1572 hactenus
1435 1545 1560 1580 poenitet.
1575 1547 1643 1573 mihi
1659 1547 1717 1582 pri-

923 1590 1006 1615 vatim
1028 1589 1102 1616 sinas
1119 1591 1221 1617 vivere.
1243 1590 1367 1623 Minime,
1388 1592 1426 1618 ait
1448 1592 1492 1619 leo
1510 1600 1577 1620 voce
1598 1598 1715 1620 conten-

923 1634 997 1666 tiori,
1017 1642 1105 1670 eaque
1126 1636 1290 1663 auctoritate
1310 1642 1338 1663 ut
1360 1637 1412 1664 sibi
1434 1638 1506 1665 nolle
1528 1638 1624 1665 obsisti
1648 1639 1716 1666 satis

923 1681 1092 1714 declararet;
1118 1682 1185 1716 quin
1212 1683 1303 1709 statim
1330 1691 1427 1710 amove
1452 1691 1543 1711 moras
1567 1692 1664 1712 omnes
1687 1689 1716 1712 et

920 1728 1004 1763 jussis
1018 1727 1085 1755 meis
1101 1731 1127 1754 te
1143 1733 1300 1762 promptum
1317 1728 1414 1763 expedi
1431 1738 1437 1757 :
1453 1730 1533 1764 plane
1549 1730 1651 1765 quippe
1665 1730 1717 1757 de—

84 1780 126 1802 ret
142 1775 225 1810 igitur
238 1775 395 1810 peregrinos
415 1783 515 1808 moreS,
545 1780 573 1802 et
586 1775 644 1802 vale
671 1776 745 1803 dicto
773 1778 869 1803 intem-
883 1782 904 1810 ο
923 1778 1027 1799 cretum
1049 1773 1114 1800 mihi
1135 1779 1176 1800 est
1195 1778 1338 1801 auctorare
1358 1779 1384 1800 te
1402 1774 1429 1800 in
1448 1774 1567 1802 ofﬁcium
1589 1775 1716 1810 primarii

85 1821 396 1856 pestivzepltilosophize,
423 1829 520 1848 eorum
550 1822 674 1848 instituta
709 1827 872 1856 sequeretur

84 1875 116 1893 ex
129 1867 229 1901 quibus
240 1872 320 1894 natus
336 1871 419 1897 esset.
436 1874 498 1893 cum
517 1867 618 1900 quibus
641 1866 756 1894 viveret.
784 1866 822 1893 Ad
839 1874 872 1894 ea

84 1913 147 1939 tlios
159 1912 263 1946 placide
278 1911 470 1945 respondebat,
487 1912 631 1938 molestum
654 1911 719 1945 ipsis
733 1919 792 1938 esse
817 1919 872 1938 non

84 1959 185 1985 debere
201 1963 380 1992 conspectuin
406 1957 447 1984 sui
481 1957 526 1991 qui
555 1957 690 1984 neminetn
719 1957 801 1984 verbo
823 1962 872 1984 aut

83 2003 156 2031 facto
169 2002 289 2029 Izederet.
305 2001 390 2028 Porro
409 2002 487 2028 istam
503 2009 583 2035 quam
600 2002 770 2029 minarentur
778 2010 872 2029 aman-

84 2051 222 2076 dationem
239 2048 280 2075 sui
300 2048 405 2082 procul.
426 2048 495 2075 adeo
512 2056 565 2075 non
583 2048 617 2075 ab
644 2048 703 2083 ipso
719 2048 870 2081 formidari,

84 2101 113 2121 ttt
128 2098 369 2129 praeoccupatut'us
385 2093 456 2120 ultro
469 2093 552 2120 fuerit
566 2097 593 2120 ct
605 2099 702 2127 sponte
717 2094 870 2120 exsulatum

83 2142 219 2172 abiturus,
239 2140 262 2166 si
275 2145 398 2174 putasset
411 2147 464 2166 non
479 2140 533 2166 alia
553 2148 582 2167 se
604 2140 762 2167 conditione
793 2149 871 2175 posse

83 2188 111 2215 in
128 2188 161 2214 iis
181 2187 246 2213 locis
263 2189 365 2219 vivere,
379 2187 429 2213 nisi
445 2187 515 2213 facta
540 2192 701 2213 eaterornm
719 2187 870 2213 imitando:

82 2239 113 2258 se
136 2238 209 2260 vero,
226 2238 288 2257 etim
305 2231 383 2264 plane
398 2230 565 2257 decrevisset
580 2230 717 2256 abstinere
733 2239 748 2256 a
763 2230 872 2257 latroci-

82 2277 136 2304 niis
153 2281 180 2303 et
197 2276 329 2307 callibus,
349 2276 415 2302 nihil
436 2276 569 2302 interesse.
587 2275 739 2302 credidisse
760 2283 871 2310 peregre

81 2331 116 2349 an
133 2322 158 2348 in
174 2322 261 2356 patria
276 2321 462 2347 innocentiam
478 2321 579 2348 coleret
595 2329 601 2347 :
617 2329 667 2348 nec
680 2321 754 2348 cuitu
769 2323 872 2349 scelera

82 2368 245 2402 contagione
258 2372 306 2393 aut
319 2367 385 2393 vitio
399 2367 533 2398 locorum,
548 2367 594 2393 sed
610 2368 731 2401 nequitia
747 2368 870 2394 cordium

83 2414 245 2440 inolescere.
268 2413 441 2446 Quanquam,
465 2412 595 2443 addebat,
618 2413 718 2447 potiori
738 2413 793 2447 jam
817 2413 870 2440 mei

922 1819 1051 1849 ministri.
1068 1823 1095 1846 ct
1113 1819 1247 1854 dignitate
1266 1827 1282 1847 a
1301 1827 1344 1847 me
1361 1820 1482 1848 secunda
1502 1822 1577 1856 regni
1596 1821 1716 1849 admini-

921 1865 1047 1892 strationi
1063 1865 1213 1899 praeﬁcere.
1380 1892 1385 1893 ,

959 1909 1002 1936 Ill.
1022 1909 1149 1937 Nondum
1172 1911 1234 1938 thos
1253 1918 1417 1945 persuasus,
1439 1916 1536 1939 contra
1556 1913 1665 1948 excepit
1685 1915 1713 1941 in

922 1955 996 1983 hunc
1012 1956 1121 1982 modum
1138 1965 1144 1983 :
1161 1956 1189 1983 In
1207 1956 1270 1988 isto,
1285 1957 1407 1988 domine.
1424 1958 1498 1993 quod
1512 1959 1578 1986 mihi
1592 1959 1716 1987 destinas

922 2001 1077 2028 ministerio
1091 2001 1137 2035 qui
1153 2005 1228 2029 tutus
1239 2002 1340 2031 durare
1352 2004 1453 2038 possit,
1467 2004 1504 2036 is.
1519 2012 1581 2031 meo
1590 2005 1714 2039 judicio.

921 2046 1037 2073 alterum
1056 2048 1153 2074 horum
1170 2048 1206 2074 sit
1221 2054 1346 2081 oportet;
1361 2049 1527 2083 percallidus
1540 2056 1587 2078 aut
1600 2051 1715 2087 insigni-

923 2097 964 2119 ter
977 2092 1089 2119 stultus.
1106 2092 1186 2119 Prior
1199 2093 1286 2125 cuitu,
1302 2094 1457 2122 abundante
1473 2095 1499 2121 in
1514 2095 1624 2122 fraudes
1638 2102 1716 2123 astu-

923 2138 969 2168 tia,
985 2146 1036 2171 qua
1052 2138 1260 2171 dissimulando,
1277 2147 1329 2174 qua
1345 2140 1498 2175 largiendo,
1513 2148 1565 2175 qua
1580 2141 1650 2169 dolis
1665 2150 1715 2168 va-

922 2184 970 2210 riis
982 2184 1074 2210 fucum
1088 2184 1222 2217 faciendo,
1237 2185 1289 2212 hoc
1301 2191 1495 2220 consequetur,
1512 2192 1541 2214 ut
1555 2187 1714 2215 invidorum

921 2237 1029 2261 semper
1043 2230 1212 2257 infensorum
1228 2230 1365 2263 felicibus,
1380 2232 1472 2259 minus
1488 2237 1633 2267 appetatur
1647 2233 1716 2260 insi-

921 2277 989 2308 diis;
1004 2276 1082 2308 alter,
1099 2284 1154 2310 ιιι-ιε
1170 2276 1357 2303 imbecillitate
1372 2277 1472 2313 mentis
1487 2278 1596 2305 irrideri
1613 2286 1642 2305 se
1658 2287 1715 2306 non

921 2322 1058 2352 sentiens,
1082 2325 1109 2347 et
1132 2321 1251 2347 ludibria
1275 2323 1481 2349 venerationem
1509 2323 1714 2358 interpretans,

922 2367 964 2393 sui
987 2370 1145 2400 contemptu
1169 2365 1301 2392 invidiam
1327 2366 1480 2394 lucrifaciet
1501 2368 1714 2402 exartttabitque

923 2412 978 2439 iras
998 2412 1173 2438 miseratione
1193 2411 1338 2438 fatuitatis.
1357 2411 1425 2446 Ego,
1445 2412 1492 2446 qui
1514 2418 1641 2439 neutrum
1664 2413 1716 2440 ho-

83 2465 159 2494 partc
175 2467 189 2485 a
204 2458 282 2485 vobis
297 2458 404 2488 absum,
421 2458 513 2484 animo
529 2458 636 2484 scilicet.
650 2464 677 2485 et
692 2458 838 2486 affectibus
853 2467 868 2485 a
887 2448 908 2476 θ
923 2466 982 2485 rum
998 2465 1058 2484 esse
1075 2457 1157 2484 velim
1173 2461 1221 2483 aut
1238 2456 1344 2489 haberi,
1360 2458 1428 2484 citra
1442 2462 1546 2484 certam
1563 2458 1714 2492 perniciem

84 2510 176 2531 vestro
200 2512 250 2530 usu
274 2509 301 2530 et
325 2504 450 2530 instituto
473 2503 630 2537 longissime
652 2504 816 2538 disiunctus.
841 2504 869 2532 Si

83 2559 183 2585 corpus
202 2550 254 2577 hoc
271 2550 353 2577 etiaut
371 2551 554 2576 exterminare
571 2550 663 2582 vultis,
681 2558 735 2576 non
753 2550 870 2577 multum

85 2598 257 2631 repugnabo,
274 2595 398 2622 fortassis
413 2596 495 2622 etiam
512 2595 646 2630 gaudebo.
664 2595 737 2622 Talia
753 2600 816 2623 enm
832 2596 872 2622 lo-

85 2649 214 2676 quentem
231 2642 271 2668 vel
291 2641 368 2668 inviti
386 2642 561 2673 verebantur,
578 2641 703 2676 {aruaque
720 2643 752 2668 de
768 2650 801 2669 eo
818 2641 872 2668 late

87 2688 306 2714 increbrescebat
331 2687 480 2721 ejusmodi.
508 2691 537 2713 ut
562 2687 763 2714 admirantibus
787 2688 871 2714 etiam

85 2734 131 2765 qui
148 2734 280 2765 oderant,
299 2738 355 2760 toto
371 2740 403 2759 eo
421 2737 508 2760 tractu
527 2733 611 2759 multa
628 2737 700 2759 esset
716 2733 744 2759 in
759 2740 874 2760 vertera-

87 2783 158 2805 t.onc
176 2782 274 2805 nomen
292 2779 360 2813 ejus.

122 2824 153 2849 ll.
175 2825 302 2850 l‘crvenil.
318 2825 400 2859 igitur
416 2824 447 2851 ad
464 2825 581 2851 leonum.
599 2824 659 2859 ejus
674 2824 747 2851 silvae
764 2831 871 2859 regem,

86 2865 169 2897 clara,
183 2867 329 2894 multorum
345 2870 547 2903 praedicatione,
561 2870 658 2896 notitia
673 2874 725 2896 tam
740 2870 873 2905 sapientis

922 2513 956 2532 ex
973 2505 1025 2532 hoc
1040 2506 1174 2533 ostentari
1189 2506 1250 2532 loco
1265 2513 1383 2540 nequeo,
1399 2505 1471 2532 unde
1485 2511 1647 2532 cunctorum
1663 2514 1716 2533 un-

924 2549 1006 2585 dique
1025 2550 1134 2578 virtutis
1154 2551 1329 2578 inimicorum
1351 2551 1412 2578 telis
1430 2551 1605 2586 arcubusque
1625 2552 1714 2578 conti-

925 2603 1003 2630 guus,
1017 2603 1067 2622 nec
1080 2600 1229 2629 protectus,
1243 2603 1416 2630 apparerem.
1428 2596 1495 2623 Nam
1509 2604 1619 2631 sperare
1632 2605 1714 2631 posse

926 2641 1045 2675 aliquetn
1066 2641 1093 2667 in
1112 2640 1200 2675 primo
1219 2642 1270 2668 sub
1291 2649 1353 2676 rege
1373 2642 1515 2676 potestatis
1534 2643 1618 2677 gradu
1638 2647 1714 2670 stare

926 2686 1075 2713 immunem
1090 2686 1145 2713 odii
1162 2687 1317 2721 popularis,
1332 2687 1458 2714 insanum
1474 2688 1595 2722 profecto
1611 2689 1661 2719 sit.
1677 2688 1715 2715 si-

925 2732 1036 2767 quidem
1062 2732 1141 2759 talem
1167 2733 1260 2766 utique
1280 2738 1416 2767 quotquot
1435 2733 1504 2760 clam
1527 2733 1625 2760 infensi
1648 2739 1716 2760 sunt

926 2778 982 2813 regi
1008 2780 1080 2812 (qua:
1104 2778 1220 2805 maxima
1246 2787 1356 2813 semper
1380 2779 1458 2806 turba
1484 2781 1550 2814 est).
1576 2780 1629 2806 hoc
1654 2780 1715 2814 ipso

925 2824 1125 2850 aversabantur
1144 2824 1217 2858 quod
1237 2832 1320 2851 exoso
1338 2824 1390 2851 sibi
1413 2824 1528 2859 principi
1550 2825 1664 2851 charum
1685 2831 1714 2852 et

927 2869 1010 2896 {idum
1023 2869 1148 2902 videant;
1162 2870 1207 2904 qui
1221 2874 1311 2898 autem
1327 2872 1379 2905 regi
1394 2870 1515 2903 student,
1527 2871 1713 2899 :emulationis
