1913 3068
143 145 204 176 ῙἻΙ

614 146 804 178 SPECIMEN
825 144 1040 175 SAPIENTI/E
1063 146 1241 177 lNDORUM
1257 147 1341 179 VET.

1702 145 1771 177 1342

139 203 269 229 instinctu
288 202 395 229 amoliri
412 203 486 230 omni
504 210 555 238 ope
571 205 745 231 conabuntur
760 211 821 231 eum
840 211 854 230 a
870 210 926 237 quo
943 203 963 230 Α
979 202 1108 234 nocendi,
1121 204 1216 238 quales
1228 211 1289 231 cum
1303 203 1460 231 innocentia
1473 203 1673 238 prudentiaque
1686 203 1770 232 thois.

141 249 192 275 διὺί
207 249 300 274 dolent
316 249 422 283 praeripi
437 250 530 284 gratiae
546 249 635 276 locum
653 258 734 284 quem
750 249 821 283 apud
839 249 928 282 impe-

142 299 245 321 rantem
267 295 317 328 ipsi
339 295 473 322 ambiunt.
491 295 530 322 Ad
552 303 583 322 ea
604 304 650 322 rex
670 305 676 322 :
694 295 767 323 Nihil
789 301 895 322 metuas
915 303 930 322 a

142 341 211 368 meis
232 341 367 374 subditis;
394 350 456 368 nam
479 346 534 369 tam
556 342 643 376 ampla
664 350 714 377 ego
737 347 762 369 te
786 343 930 377 potestatis

143 395 208 413 mea;
220 387 466 414 communicatione
479 388 719 419 circuiuinuniam.
735 394 762 415 ut
777 397 829 414 non
845 389 931 423 magis

142 437 236 459 contra
255 437 280 459 te
297 434 386 460 moliri
405 434 553 469 quidquam
570 443 651 468 quam
669 441 761 462 contra
781 443 822 461 me
841 435 930 468 ipsum

143 479 185 505 vel
202 479 320 505 audeam
335 480 375 505 vel
394 480 509 513 possint.
527 482 657 515 Reposllil.
673 481 714 507 his
729 482 789 508 thos
812 491 818 508 :
842 481 868 507 Si
888 489 931 507 utc

144 532 229 553 amas.
246 531 273 550 ut
289 530 363 551 certe.
380 526 456 556 facis,
474 527 594 555 domine.
611 532 637 552 et
653 535 686 553 eo
702 529 812 554 nomine
830 528 931 554 debere

144 578 186 596 tue
209 570 256 596 tibi
279 571 426 604 plurimum
449 572 545 603 fateor,
566 574 706 607 quoniam.
728 573 851 607 inquam.
873 582 931 599 ιιι.·;ι

146 623 226 642 causa
247 617 297 647 vis,
320 625 368 643 oro
391 618 559 652 obsecroquc
582 623 610 645 ut
634 620 735 645 habeas
757 620 934 653 persuasissi—

146 669 230 692 nium,
256 662 358 688 ttullunt
382 670 396 689 a
419 668 443 690 te
467 665 553 698 majus
574 665 639 690 inilti
664 673 742 698 pose
768 665 931 692 beueiieinitt

145 705 304 740 c'ontingerc
320 716 401 742 quam
417 709 437 735 si
455 717 497 736 me
513 710 652 744 relinquas
669 711 694 736 in
713 711 762 736 liae
778 712 934 745 tranquilli-

148 757 203 778 ta'e
225 753 284 778 vit:e
311 753 466 781 innocentis
490 763 521 781 ac
544 757 672 789 privatae.
697 762 858 783 con'entuitt
884 765 933 791 pro

147 798 220 824 victu
239 799 313 825 omni
331 807 399 833 aqua
417 805 444 826 et
461 800 556 828 herba.
573 801 651 831 Nam.
668 807 800 836 quantum
821 811 933 836 possunt

148 843 314 877 intelligere,
328 846 374 879 qui
389 846 465 872 voltis
479 846 589 880 regibus
602 847 765 876 inserviunt.
780 848 839 881 plus
853 848 933 874 unico

149 895 287 916 momento
305 897 432 917 curarum
453 891 560 918 illarum
578 898 606 919 et
622 893 716 926 quotid
731 901 846 919 anortint
866 893 933 927 ipsis

148 933 339 961 discriminum
360 937 470 970 angoris
487 937 660 972 miseriaeque
679 939 831 971 patiuntur,
850 947 932 972 quant

148 980 200 1006 sibi
218 982 342 1015 privatim
359 991 458 1010 vacans
472 989 528 1010 toto
544 986 701 1019 experiatur
715 986 755 1012 vcl
770 986 935 1020 longissima:

150 1027 211 1053 vita;
229 1029 330 1061 spatio;
349 1037 432 1062 quare
452 1030 534 1056 nimis
552 1038 616 1057 caro
635 1032 735 1058 emitur
752 1032 795 1058 illa
813 1033 933 1064 claritas,

150 1077 180 1098 ut
198 1081 251 1099 non
271 1074 521 1109 incontparabilitcr
538 1077 624 1104 videri
643 1078 818 1111 cxpetibilior
835 1079 936 1107 debeat.

150 1126 200 1152 pax
216 1123 243 1144 et
259 1120 392 1147 securitas
407 1121 517 1148 obsettri
534 1127 616 1157 atque
632 1123 739 1158 inglorii
757 1125 815 1150 otii.

185 1164 229 1191 ιν.
251 1165 291 1191 Ad
307 1173 337 1192 ea
353 1166 396 1192 leo
412 1174 481 1200 pene
499 1167 585 1194 iratus
602 1170 764 1195 recusatzoni
783 1175 835 1196 tam
852 1171 936 1204 perti-

150 1218 166 1236 n
179 1211 222 1243 :ci,
241 1211 304 1237 l‘lus
321 1211 386 1238 satis
400 1213 562 1244 verborum,
579 1214 676 1248 inquit,
692 1220 754 1242 est:
771 1216 839 1242 nihil
855 1217 937 1243 audio

152 1258 222 1283 nltra
235 1277 242 1285 .
262 1265 352 1284 meum
373 1258 427 1286 erit
445 1260 588 1293 providere
609 1265 637 1286 ιιι
657 1266 717 1288 ιιιιο
734 1262 806 1296 apud
827 1270 869 1288 inc
888 1263 935 1289 sis.

151 1301 190 1328 Ττι
203 1323 209 1332 ,
227 1303 269 1330 l'ac
285 1304 357 1337 quod
372 1305 456 1339 jubeo
474 1311 554 1340 teque
572 1306 605 1333 ad
625 1307 807 1334 ministerium
825 1310 937 1341 acciuge

150 1348 222 1379 quo!
240 1348 360 1383 injungo.
378 1349 429 1376 Cui
454 1351 517 1377 lbos
533 1359 539 1377 :
556 1351 674 1384 Faciam,
691 1353 811 1382 domine.
828 1354 938 1388 quando

151 1395 191 1419 sic
208 1393 337 1428 imperas.
355 1395 406 1422 Sed
425 1404 459 1422 ne
478 1404 520 1423 me
538 1397 656 1424 amando
674 1399 784 1432 perdas,
801 1404 828 1426 et
843 1408 936 1427 verum

153 1440 179 1465 in
203 1448 244 1467 nte
266 1441 420 1475 reperiatur
440 1443 508 1470 illttd
531 1444 619 1478 adagii
640 1445 760 1479 vulgaris
781 1455 788 1472 :
811 1446 937 1474 Amicitia

154 1486 342 1519 intempestiva
358 1495 406 1522 par
419 1488 482 1516 odio
496 1494 548 1521 est,
564 1495 589 1517 te
605 1490 729 1518 obtestor
744 1499 791 1526 per
804 1492 937 1526 quidquid

982 250 1122 276 moderate
1147 250 1240 276 omnia
1266 254 1294 277 ct
1321 249 1501 284 plausibiliter
1525 249 1657 284 gerentis.
1683 249 1772 274 nullas

981 295 1128 322 admodum
1157 295 1254 334 daret.
1284 296 1433 322 incubueie
1462 296 1564 322 malitia
1594 295 1772 328 conspirante

982 349 1074 375 pravae
1090 346 1196 368 utentes
1212 341 1244 368 ad
1262 349 1363 367 novum
1381 342 1537 368 ministrum
1563 339 1770 374 quomodocun-

982 395 1035 422 que
1050 387 1294 414 contntittiscendis
1309 388 1455 414 calumniis
1466 386 1661 414 'cvcrteuduni.

1018 433 1049 462 V.
1068 434 1138 467 Ergo
1159 442 1218 460 etim
1237 434 1282 460 diu
1304 434 1404 460 frustra
1421 442 1528 460 omnem
1550 434 1574 459 ill
1593 434 1683 458 thoem
1701 431 1771 465 lapi-

982 480 1044 506 dem
1060 481 1219 510 movissent.
1238 480 1373 507 constanti
1389 488 1453 514 erga
1471 487 1532 505 cum
1554 479 1639 505 leonis
1653 478 1771 504 benevo-

982 527 1066 553 lentia
1091 527 1178 560 palam
1196 532 1330 556 exstante.
1351 527 1468 560 quadam
1487 525 1531 552 die
1546 523 1698 558 cons'picati
1714 524 1772 549 leo-

982 581 1046 599 nem
1057 573 1155 606 cupide
1165 573 1279 606 jussiise
1298 577 1326 598 ut
1339 573 1460 606 quaedam
1474 579 1535 598 esea
1548 571 1599 604 ipsi
1616 569 1771 604 gratissima

984 619 1035 645 sibi
1065 619 1197 653 postridie
1216 624 1417 652 app-uteretur,
1449 625 1508 644 eattt
1540 616 1590 651 ipsi
1609 615 1690 642 furati
1724 622 1772 648 per

984 671 1105 697 noctem,
1124 666 1149 690 in
1168 665 1289 691 absentis
1304 665 1372 691 forte
1388 670 1454 690 tunc
1474 663 1547 690 thois
1560 664 1639 688 donto
1656 662 1773 688 abscon-

984 711 1095 737 dcruitt.
1115 710 1182 737 Tutn
1197 711 1242 737 die
1255 716 1362 744 postera
1379 709 1530 744 requirenti
1546 709 1637 735 cibum
1655 707 1772 740 impera—

986 762 1041 782 tum
1060 756 1132 790 regi,
1152 761 1180 783 et
1195 757 1263 783 irato
1281 756 1354 790 quod
1376 756 1399 782 is
1416 763 1471 782 non
1493 759 1654 789 appareret,
1676 759 1771 778 omttcs

985 809 1017 828 ex
1029 801 1156 828 condicto
1169 807 1316 836 praesentes
1327 802 1374 836 qui
1388 802 1481 828 dolum
1495 797 1773 830 instruxerant,‘uul-

986 848 1038 874 lam
1060 852 1146 874 artem
1173 848 1328 874 vaferriuiic
1345 847 1504 874 calliditatis
1520 846 1674 873 ontiserunt
1691 850 1772 878 quam

986 894 1045 921 fore
1061 896 1156 922 utilem
1181 895 1229 922 tali
1249 899 1372 928 tempore
1394 892 1565 920 concitandae
1583 891 1654 926 regis
1678 891 1724 917 irae
1745 889 1772 916 in

987 939 1077 966 thoem
1096 940 1236 966 absentem
1255 943 1378 966 nossent.
1400 939 1520 965 Primum
1548 937 1612 964 ﬁcto
1635 936 1662 962 in
1681 942 1772 969 regem

987 983 1077 1010 studio
1097 984 1160 1010 dunt
1177 984 1220 1010 ille
1233 984 1392 1018 indignatur
1411 988 1438 1010 et
1454 983 1530 1015 furit,
1547 982 1623 1015 quasi
1646 981 1733 1008 territi
1746 986 1776 1008 et.

986 1030 1095 1056 Solliciti
1106 1035 1235 1056 curantes
1247 1030 1272 1056 in
1288 1030 1433 1059 circulum,
1449 1030 1484 1055 ita
1504 1028 1619 1055 invicem
1636 1027 1772 1053 submisse

988 1076 1178 1104 mussitabant.
1197 1081 1225 1102 ut
1241 1075 1360 1102 exaudiri
1379 1081 1467 1102 tameit
1487 1077 1598 1109 possent
1616 1073 1773 1100 studerent-

987 1129 1051 1155 quc,
1066 1120 1121 1148 (.ur
1147 1122 1268 1148 celamus
1282 1122 1351 1148 ultra
1368 1121 1438 1156 quod
1464 1121 1566 1147 scimus
1583 1120 1594 1146 ?
1611 1119 1691 1146 Fides
1710 1126 1774 1152 erga

988 1168 1138 1201 principem
1164 1175 1214 1194 nos
1233 1167 1305 1202 cogit
1319 1167 1407 1194 labem
1425 1167 1462 1194 illi
1486 1166 1631 1193 enuntiare
1642 1165 1776 1191 domesti-

988 1221 1057 1242 cam.
1076 1215 1245 1242 Iieetcontra
1260 1218 1387 1248 potentes
1405 1212 1571 1239 veniendum
1592 1212 1627 1238 sit
1649 1216 1675 1239 et
1692 1216 1775 1244 captit

988 1261 1174 1296 objiciendunt
1193 1265 1268 1287 certo
1291 1259 1454 1286 discrimini.
1476 1259 1626 1286 Prievaleat
1651 1257 1776 1292 periculo

988 1316 1016 1335 et
1032 1307 1172 1334 formidini
1197 1306 1305 1341 privatae
1319 1306 1438 1332 Charitas
1454 1304 1536 1339 regis.
1564 1308 1592 1330 et
1605 1311 1659 1338 quo
1674 1303 1698 1329 ei
1713 1310 1777 1330 con-

988 1354 1109 1381 sulatttus
1126 1347 1186 1379 alea
1200 1359 1265 1379 sane
1280 1352 1376 1378 salutis
1395 1356 1493 1377 nostra:
1512 1350 1639 1384 jaciatur.
1657 1348 1703 1375 llis
1727 1356 1776 1375 su-

989 1399 1104 1426 surratis
1120 1407 1150 1425 ea
1167 1398 1252 1425 leonis
1279 1397 1378 1424 vicinia
1394 1400 1423 1423 ut
1445 1396 1479 1422 ab
1493 1403 1525 1422 eo
1541 1395 1722 1424 sentirentur,
1742 1394 1775 1420 il—

990 1445 1045 1471 lum
1071 1451 1205 1471 consensu
1225 1443 1342 1474 adeunt,
1376 1447 1403 1468 et
1427 1441 1452 1468 ei
1473 1440 1608 1475 profunde
1636 1440 1773 1471 salutato,

990 1490 1131 1519 Novimus.
1160 1489 1281 1519 domine.
1310 1488 1447 1522 inquiunt,
1470 1487 1532 1521 quis
1551 1486 1600 1513 tibi
1630 1485 1774 1520 prandium

152 1537 193 1557 t‘Sl
212 1532 259 1558 tibi
278 1534 435 1561 venerabile
453 1539 500 1561 aut
518 1535 632 1562 charum
644 1557 651 1568 ,
670 1537 783 1571 dignare
799 1539 855 1573 jam
875 1540 939 1566 hinc
953 1533 973 1560 C
991 1535 1132 1565 averterit.
1162 1535 1391 1569 peecavintusque
1418 1534 1552 1560 hactenus
1576 1532 1648 1566 quod
1678 1532 1776 1558 timore

154 1577 220 1603 ι··ι1ιί
246 1579 386 1611 polliceri.
410 1580 431 1606 si
457 1581 566 1614 quando
591 1582 731 1617 contingat
755 1592 796 1611 n-e
819 1586 940 1612 accusari

155 1621 224 1654 apud
244 1627 268 1648 te
280 1643 286 1653 ,
302 1631 356 1650 non
374 1624 542 1652 crediturum
561 1630 587 1653 te
603 1627 772 1655 delatoribus
789 1630 879 1657 statim
892 1650 898 1660 ,
915 1634 942 1656 at

157 1666 382 1702 interpositurum
398 1673 505 1704 tempus
518 1671 648 1698 idoneum
662 1673 827 1700 discusa‘ioni
841 1679 868 1701 ct
882 1683 943 1701 exa-

156 1713 221 1738 mini
234 1733 240 1741 .
257 1721 307 1740 nec
325 1714 391 1741 inilti
411 1715 462 1742 nisi
481 1717 608 1743 convicto
627 1725 734 1751 pinnam
753 1719 942 1747 decreturum.

157 1755 213 1784 llnc
227 1763 356 1792 prrcterca
371 1767 447 1794 rogo.
463 1766 489 1787 ut
506 1761 556 1788 ista
570 1762 655 1789 utaris
671 1765 777 1790 ratione
792 1764 819 1791 in
835 1764 942 1791 delectu

158 1803 361 1832 ministrorum:
381 1806 494 1832 attende
516 1807 591 1840 prius
609 1808 838 1842 quemadmodum
859 1809 896 1836 illi
917 1810 943 1837 in

158 1857 186 1875 re
202 1849 306 1882 privata
322 1857 350 1877 se
365 1852 500 1884 gesserint
515 1862 521 1878 ς
536 1852 570 1879 ab
584 1861 616 1879 eo
631 1853 704 1879 enim
718 1855 763 1888 qui
779 1863 834 1882 suie
850 1855 943 1883 domui

159 1895 227 1921 male
243 1895 383 1928 prmiuerit
394 1916 400 1926 ,
416 1897 554 1931 quomodo
569 1906 678 1933 sperare
694 1900 775 1927 liceat
792 1903 944 1936 rempubli-

158 1948 216 1966 cam
232 1941 302 1967 bene
316 1942 482 1974 gerendam?
498 1943 583 1970 Porro
593 1949 618 1971 te
628 1945 825 1980 alloquentiuat
841 1953 867 1974 ct
883 1949 943 1977 dis-

159 1986 295 2012 cernenda
315 1987 448 2019 conditio,
458 1993 485 2014 ct
497 1997 545 2022 pro
555 1990 688 2017 varietate
698 1992 837 2025 qualitatis
846 1994 942 2026 agendi

161 2030 246 2057 forma
261 2033 444 2065 temperanda.
459 2034 486 2061 Si
504 2040 528 2062 te
544 2035 579 2062 illi
596 2044 645 2062 usu
662 2044 753 2064 rerum
770 2042 796 2065 et
811 2040 944 2073 sapientia

159 2081 299 2110 superent,
321 2078 373 2105 illis
395 2079 568 2114 obtempera;
589 2081 611 2108 si
638 2087 663 2109 te
686 2083 746 2116 plus
768 2091 849 2118 quam
872 2085 945 2119 ipsos

159 2128 253 2155 mpure
272 2130 304 2149 ac
324 2122 350 2149 in
372 2125 498 2157 prasenti
519 2133 548 2153 re
566 2126 658 2154 videre
679 2127 728 2155 tibi
749 2130 786 2156 sis
806 2130 943 2163 conscius,

160 2167 227 2194 doce
248 2167 308 2195 illos
325 2173 352 2195 et
371 2170 523 2198 rationibus
541 2173 683 2200 eonvince.
702 2173 748 2200 Sin
770 2175 895 2208 peritiam
917 2176 942 2202 in

161 2212 214 2238 illis
234 2221 265 2239 ac
286 2215 457 2248 prudentiain
480 2217 551 2244 ltaiid
573 2222 618 2245 tua
642 2219 769 2251 majorem
791 2220 943 2254 deprehen-

160 2257 218 2287 des.
231 2267 280 2285 nec
293 2265 461 2291 contemnas,
474 2270 524 2289 nec
538 2264 628 2290 statim
645 2264 771 2291 admittas
785 2266 855 2300 quod
871 2273 944 2294 assc-

161 2308 234 2334 ruut.
246 2304 292 2331 sed
310 2307 423 2333 consule
439 2307 466 2333 in
485 2308 603 2335 medium
620 2317 651 2335 ac
667 2309 782 2338 discute.
798 2312 864 2338 citra
879 2319 944 2339 con-

162 2350 309 2377 tentionem
326 2355 425 2382 tamen.
440 2361 502 2380 nam
518 2354 574 2382 inec
590 2361 616 2381 et
634 2356 801 2389 majestateut
819 2357 942 2390 dedecet,

159 2400 187 2421 rt
203 2396 234 2422 ad
251 2396 307 2422 veri
326 2397 547 2431 dijudiratiouent
565 2401 655 2427 obstat
673 2402 763 2435 potiiis
780 2410 861 2436 quam
880 2411 945 2430 con-

160 2441 222 2468 lert.
238 2440 299 2468 llznc
312 2449 469 2470 curaturum
484 2445 746 2481 observaturituique
760 2455 788 2474 se
805 2455 868 2481 rege.
884 2457 945 2482 pro-

159 2486 213 2513 lixe
231 2487 362 2521 pollicito,
382 2489 443 2516 tlios
462 2490 724 2519 administrationem
743 2501 833 2519 rcrutit
851 2501 944 2528 capes-

160 2533 233 2560 sivit.
251 2533 355 2562 Summi
373 2543 401 2562 se
418 2535 493 2562 illum
508 2536 597 2563 facere
612 2538 655 2564 leo
671 2538 758 2572 palam
775 2539 942 2572 declarabat,

160 2580 228 2607 nihil
244 2581 312 2608 clam
329 2581 378 2615 ipsi
395 2581 513 2614 habens,
530 2582 588 2617 ejus
603 2584 747 2611 consilium
765 2584 791 2610 in
807 2587 880 2612 ontni
897 2594 945 2612 ite-

160 2626 235 2660 g'itio
257 2627 382 2659 audiens,
402 2635 497 2654 omnes
520 2628 589 2655 infra
615 2629 690 2655 illum
716 2629 864 2657 :estimans.
889 2631 944 2658 lloc

160 2674 315 2705 spectaculo
341 2681 417 2701 novat
441 2674 512 2701 thois
533 2676 604 2709 apud
630 2676 736 2703 leonem
761 2678 854 2711 gratim
876 2678 944 2705 aula:

162 2718 248 2743 oculis
265 2718 414 2752 proposito.
431 2719 524 2746 mirari
541 2727 637 2748 omnes
654 2722 883 2757 sertn'inibusquc
900 2731 945 2750 ee-

162 2762 268 2789 lehrare
286 2764 455 2799 inopinatum
473 2773 583 2797 casum;
602 2766 736 2800 primores
752 2772 842 2794 autent
860 2769 945 2795 conti-

162 2813 233 2834 tatus
247 2808 326 2836 tacite
341 2810 408 2845 ringi
424 2810 521 2845 urique
538 2812 644 2842 intime.
658 2813 854 2839 dissimulando
869 2813 941 2840 ltattd

161 2853 240 2880 [anile
260 2854 345 2882 livore
365 2863 396 2882 ac
416 2856 542 2885 videlicet
566 2858 738 2886 inhial:undo
759 2859 950 2886 occasionibus

993 1580 1145 1608 concitandi
1165 1585 1259 1606 contra
1286 1587 1336 1605 nos
1353 1578 1469 1605 ministii
1487 1577 1673 1612 praepotentis.
1699 1577 1777 1603 siluit

994 1634 1070 1652 inus:
1087 1633 1148 1652 itaut
1163 1626 1203 1651 vel
1221 1631 1312 1652 nostra
1330 1629 1403 1651 certa
1419 1624 1540 1658 pernicie
1553 1623 1603 1649 l'uit
1618 1623 1665 1649 tibi
1679 1630 1780 1650 consu-

994 1671 1102 1698 lt-nduir.
1123 1671 1276 1704 ;quidquid
1305 1677 1370 1704 ergo
1396 1669 1505 1696 demum
1525 1668 1587 1695 itide
1618 1674 1777 1695 secuturum

993 1717 1038 1749 sit,
1053 1717 1141 1743 olIieio
1153 1725 1185 1743 en
1208 1722 1300 1743 nostro
1320 1715 1458 1750 fungimur
1471 1734 1478 1746 ,
1494 1715 1646 1741 indicantes
1662 1714 1721 1746 tibi,
1738 1714 1779 1740 fe-

994 1764 1060 1790 rina!
1073 1767 1176 1797 partem
1200 1770 1280 1796 quam
1302 1761 1349 1788 tibi
1369 1761 1426 1788 lteri
1450 1768 1613 1794 seposueras
1628 1761 1654 1786 in
1670 1764 1775 1793 pastum
1798 1767 1801 1770 '

995 1809 1168 1840 hodiernum,
1187 1808 1352 1835 subtractam
1370 1815 1383 1833 a
1402 1807 1466 1833 thoe
1482 1806 1577 1838 fuisse,
1598 1806 1648 1832 hoc
1664 1813 1696 1831 ex
1711 1812 1779 1830 oeu-

993 1855 1048 1882 lato
1065 1859 1132 1881 teste
1149 1853 1341 1888 comperimus.
1360 1852 1405 1880 Sic
1416 1853 1507 1879 locuto
1526 1851 1637 1878 nomine
1652 1851 1774 1877 omnium

994 1899 1124 1934 primario
1144 1900 1214 1926 inter
1234 1899 1316 1933 ipsos,
1344 1899 1414 1926 alitis
1433 1905 1586 1925 sermonem
1608 1897 1748 1931 excipiens
1766 1905 1774 1923 :

994 1946 1050 1973 Etsi
1074 1947 1125 1973 hoc
1139 1947 1184 1980 qui
1201 1946 1270 1972 vidit
1288 1945 1391 1976 retulit,
1405 1949 1432 1972 et
1453 1945 1500 1979 qui
1522 1944 1605 1971 vitam
1634 1943 1706 1970 tltois
1729 1951 1775 1969 ar-

994 1999 1088 2019 canam
1100 1999 1115 2018 a
1129 1991 1219 2025 specie
1233 1990 1448 2017 diVI-rsissiniam
1459 1991 1692 2024 introspexerunt,
1703 1988 1754 2014 ltau
1767 1987 1772 1996 '

994 2037 1112 2064 alienum
1127 2037 1160 2063 ab
1170 2036 1230 2070 ejus
1245 2035 1310 2062 vafri
1324 2036 1492 2062 simulatoris
1506 2035 1613 2061 occulta
1625 2034 1754 2060 voracital
1770 2044 1775 2057 ξ

994 2082 1095 2109 factum
1119 2082 1279 2115 intelligant.
1299 2086 1387 2107 tamen
1408 2081 1471 2115 quia
1500 2084 1539 2111 lu,
1556 2080 1678 2110 domine,
1696 2079 1775 2112 longe

995 2127 1047 2154 alia
1064 2127 1098 2153 de
1116 2126 1180 2153 tltoc
1198 2125 1329 2160 opinaris.
1348 2133 1401 2152 non
1418 2125 1537 2158 petimus
1552 2129 1580 2150 ut
1592 2124 1705 2154 credas,
1729 2123 1776 2150 sed

998 2177 1027 2199 ut
1044 2172 1145 2206 ittquiri
1173 2171 1206 2198 dc
1222 2178 1251 2198 rc
1271 2171 1377 2205 jnbeas.
1404 2170 1528 2196 Addebat
1548 2169 1617 2196 alter
1633 2177 1640 2195 :
1656 2169 1684 2195 Si
1714 2169 1774 2195 thos

997 2218 1175 2245 convincatur
1187 2217 1267 2251 hujus
1279 2216 1411 2246 criminis,
1426 2215 1607 2249 intelligemus
1619 2222 1680 2240 vera
1692 2213 1774 2240 etiam

995 2265 1079 2292 fuisse
1094 2272 1154 2299 quin
1170 2263 1253 2290 ntulta
1270 2263 1303 2289 de
1317 2263 1361 2288 illo
1382 2261 1552 2292 ferebantur,
1571 2268 1625 2287 tton
1640 2260 1778 2287 credenti-

996 2311 1047 2338 bus
1071 2310 1173 2336 multis.
1189 2308 1360 2335 Exclantabat
1377 2308 1447 2334 alius
1464 2315 1472 2333 :
1488 2307 1556 2334 Vere
1574 2307 1609 2333 ita
1625 2311 1684 2338 est;
1703 2306 1777 2332 frau—

994 2356 1097 2384 dulenti
1122 2359 1150 2382 et
1175 2355 1244 2382 claui
1268 2354 1382 2388 improbi
1399 2361 1535 2387 nunquam
1562 2352 1595 2379 ad
1625 2357 1776 2378 extremum

994 2401 1090 2427 latent.
1106 2399 1162 2433 Ego
1174 2399 1244 2426 inter
1267 2398 1327 2425 illos
1342 2398 1380 2424 fui
1398 2398 1498 2424 multus
1514 2397 1559 2431 qui
1585 2398 1674 2423 thoem
1696 2396 1776 2422 inito-

995 2446 1183 2473 centissimum
1210 2449 1348 2478 putarent,
1373 2450 1401 2471 et
1415 2451 1476 2470 cum
1499 2452 1514 2470 a
1533 2443 1585 2470 lide
1608 2443 1698 2477 digitis
1712 2449 1777 2468 sane

995 2491 1098 2518 atrocia
1109 2497 1233 2525 peccasse
1245 2491 1332 2524 ipsum
1342 2489 1476 2521 audirem,
1488 2488 1636 2516 retinebant
1647 2488 1775 2519 credere;

995 2543 1069 2563 nunc
1089 2536 1184 2562 ultimo
1205 2535 1256 2562 hoc
1287 2535 1474 2569 experimento
1500 2534 1573 2560 larva
1599 2533 1636 2559 illi
1656 2532 1778 2559 detracta

995 2588 1047 2609 est.
1077 2581 1155 2608 Alius
1174 2580 1284 2616 quidam
1312 2580 1417 2607 dicebat
1435 2589 1442 2607 :
1459 2579 1527 2606 Cum
1560 2579 1678 2614 primum
1705 2579 1779 2604 hunc

996 2630 1086 2657 thoem
1117 2628 1183 2660 vidi,
1199 2627 1321 2654 suboluit
1344 2627 1410 2653 mihi
1438 2627 1496 2660 ejus
1516 2625 1664 2660 nequitia;
1693 2629 1777 2651 testes

995 2675 1062 2702 milii
1078 2679 1142 2701 sunt
1159 2673 1203 2700 hic
1214 2678 1295 2707 atque
1310 2672 1354 2698 ille
1373 2666 1541 2704 (nominabat
1555 2671 1655 2704 certos)
1679 2670 1778 2704 quibus

996 2728 1065 2754 δανιιο
1077 2719 1143 2751 dixi,
1163 2726 1224 2754 quae
1252 2719 1324 2745 ineo
1338 2718 1434 2752 vulgus
1460 2717 1615 2748 miraretur,
1634 2716 1700 2742 nihil
1726 2715 1779 2742 nisi

995 2765 1146 2801 priestigias
1169 2769 1197 2791 et
1213 2765 1303 2791 fucum
1318 2771 1377 2790 esse
1399 2763 1604 2797 obductumque
1633 2761 1777 2788 tectorium

998 2810 1178 2845 improbitati.
1208 2811 1284 2837 Alter
1302 2809 1435 2843 quispiam
1461 2808 1500 2835 sic
1526 2807 1706 2840 erumpebat:
1725 2805 1781 2833 lloc

1004 2858 1145 2885 enimvero
1167 2863 1218 2882 non
1243 2855 1345 2882 furtum
1365 2855 1452 2881 solum
1469 2857 1520 2886 est,
1534 2853 1582 2880 sed
1598 2852 1786 2888 sacrilegium,
