1913 3068
149 155 218 186 1’43

856 168 1050 200 Al’PENDIX

1706 171 1782 203 13H

146 213 192 239 sed
217 213 394 263 intolerabilis
419 216 528 245 licentia
563 221 695 249 violandic
724 231 791 251 ausu
822 225 926 253 nefario
941 229 963 256 Α
979 227 1089 261 spexisti
1106 227 1186 255 ﬁdem
1207 233 1235 256 et
1250 229 1412 263 probitatem
1429 229 1520 256 tbois?
1535 233 1564 256 ct
1580 229 1656 256 illum
1679 233 1779 256 tamen

146 266 230 285 same
243 261 401 294 tnajestatis.
420 263 590 292 Andicbatur
601 268 753 296 etalterius
770 270 827 298 lucc
849 279 899 298 vox
921 281 930 298 :

147 303 234 330 Mittat
254 313 300 332 rex
328 307 374 340 qui
399 315 556 338 scrutentur
573 312 684 340 domum
714 314 786 342 thois
804 324 811 347 ;
828 317 929 343 cttbilia

147 350 260 378 sceleris
289 352 541 386 deprchendemur.
558 365 584 384 ct
610 365 720 393 corpus.
740 362 811 395 quod
842 363 929 395 aiunt,

148 395 236 430 ipsutn
255 398 347 426 delicti
365 401 510 428 tenebitur.
529 404 641 437 Verum,
660 406 823 441 adjunga-lat
849 409 930 439 alius,

146 444 347 475 properandum
366 446 392 472 in
411 447 460 473 hoc
475 454 556 481 esset,
574 458 635 476 nant
649 453 798 485 perieulttut
813 453 838 479 in
856 461 930 479 mora

147 492 209 519 est;
232 493 259 514 et
279 489 359 523 alius,
387 491 455 518 Male
485 501 581 520 vcrcor
599 503 633 521 ne
655 496 715 522 lbos
747 498 932 525 astutissitnns

147 534 286 560 consuetis
313 535 436 562 artiﬁciis
458 537 573 565 fascinct
597 539 695 566 itcruttt
711 549 810 575 regem,
834 546 861 568 ct
877 547 930 568 tam

149 578 288 606 manifesti
320 581 445 609 criminis
483 584 607 611 mendaci
645 585 803 614 defensione
839 592 929 614 notam

148 622 231 650 elual.

186 669 227 695 Vl.
235 670 301 696 Cum
311 671 347 697 ila
359 679 452 700 omnes
463 673 672 702 insidiosissimo
682 683 814 704 consensu
824 677 930 704 leonetn

151 714 272 748 undique
297 724 434 751 urgerent.
456 724 484 746 et
510 720 597 754 ipsum
627 722 814 756 perturbatum
839 723 932 750 dolore

146 760 254 793 prandii
273 761 416 794 subtracti,
427 764 508 799 jussit
522 767 566 792 illc
583 767 673 794 tbocm
688 769 778 795 subito
791 769 890 797 vocari.
905 773 933 795 et

147 813 180 832 ex
205 809 330 840 praesenti
347 810 485 838 minacitet
513 818 687 846 percontatus
706 821 756 846 est,
778 815 824 841 ubi
845 815 932 842 ferina

147 857 220 878 esset
231 861 311 886 quam
322 854 373 888 ipsi
387 856 542 884 tradidisset
555 859 642 893 pridie
651 860 810 886 servandam
823 861 833 886 ?
846 861 928 889 Tbos.

148 899 220 932 quod
239 908 281 926 res
309 906 380 932 erat,
404 903 564 936 simpliciter
585 906 727 940 respondit
753 915 781 933 se
806 906 928 933 curatori

147 952 234 977 penus
253 948 436 980 reponendam
453 950 633 977 commisisse.
660 951 760 978 Aderat
776 952 845 978 forte
866 953 888 979 is
901 957 929 979 et

147 997 354 1026 pncoccupatus
372 1001 386 1020 a
407 995 652 1023 calumniatoribus
666 997 764 1029 fuerat,
780 1006 865 1032 quare
882 1005 929 1032 pa-

147 1036 200 1062 lam
223 1039 332 1072 negavit
348 1047 376 1066 sc
392 1047 407 1066 a
433 1041 494 1068 thoe.
508 1042 656 1076 quidquam
683 1043 832 1077 accepisse.
853 1043 930 1072 Tunc

146 1082 221 1108 misit
252 1091 297 1110 rex
323 1085 368 1119 qui
394 1091 586 1113 scrutarentur
603 1088 713 1114 domum
748 1089 829 1118 tliois.
856 1090 928 1123 ipsos

143 1128 319 1161 commodum
335 1131 380 1164 qui
395 1131 516 1158 fraudein
530 1133 706 1160 adornarant.
719 1134 748 1160 lli
763 1135 853 1161 statim
869 1141 929 1169 post

147 1172 261 1201 ferinam
281 1176 357 1209 quasi
387 1177 457 1210 apud
478 1178 567 1205 tbocm
593 1179 619 1206 in
649 1180 760 1206 latebris
792 1185 927 1215 repertam

145 1218 218 1246 leoni
230 1221 397 1248 detulerunt.
411 1223 505 1250 Adfuit
520 1225 590 1251 inter
599 1225 720 1260 reliquos
734 1226 814 1261 lupus
826 1227 928 1258 senior,

146 1265 289 1292 simulator
305 1267 390 1298 vafer.
409 1269 456 1303 qui
475 1269 572 1297 famatn
592 1271 704 1305 justitize
723 1280 754 1299 ac
776 1274 929 1301 sanctitatis

147 1309 209 1337 ficta
227 1313 358 1339 modestia
376 1315 530 1349 collegerat.
553 1317 577 1343 ls
592 1318 711 1351 graviter
725 1323 752 1345 et
772 1319 926 1353 diligenter,

145 1357 230 1383 vitata
248 1358 319 1385 omni
335 1361 490 1394 suspicione
508 1361 554 1388 irae
569 1366 616 1388 aut
629 1363 732 1395 livoris,
756 1365 889 1398 suggessit
901 1365 927 1391 in

147 1409 241 1430 aurem
259 1404 313 1438 regi
334 1414 340 1430 :
356 1404 383 1431 Si
401 1405 506 1432 veniam
524 1407 594 1441 apud
616 1413 641 1434 te
661 1407 765 1435 invenit
783 1414 835 1436 tant
852 1415 929 1436 atrox

145 1452 174 1474 et
189 1449 362 1476 manifestum
380 1451 478 1482 scelus,
488 1453 579 1479 nullus
587 1453 637 1479 erit
652 1453 751 1480 deinde
762 1455 806 1489 qui
823 1455 928 1483 deferre

147 1494 232 1521 ullqu
267 1495 397 1522 indicium
429 1497 529 1524 audeat
558 1499 768 1526 machinationis
797 1501 926 1535 Cujusvis,

145 1541 227 1566 etiatn
259 1540 285 1567 in
317 1547 399 1576 caput
425 1547 511 1570 tuum.
532 1543 588 1570 Hoc
616 1545 658 1571 leo
677 1546 771 1572 audito
792 1548 927 1582 compingi

147 1585 239 1612 tboem
262 1587 343 1619 jussit
356 1587 381 1613 in
396 1595 546 1616 carcerein.
559 1589 628 1616 Dum
650 1591 675 1618 id
701 1592 787 1624 fierel,
804 1593 929 1620 adulator

146 1632 257 1665 quidam
270 1641 301 1660 cx
316 1634 481 1666 astantibus.
503 1636 620 1667 Dudum,
637 1637 685 1668 ait,
704 1639 822 1665 mirabar
837 1647 850 1665 a
869 1647 929 1667 sce-

146 1677 234 1704 lerato
260 1678 311 1705 isto
342 1678 433 1706 fucum
450 1680 508 1707 ﬁeri
525 1682 767 1716 perspicacissimze
790 1685 929 1718 sagacitati

147 1723 251 1750 domini
269 1725 367 1752 nostri.
385 1725 440 1753 Sub
453 1726 509 1754 haec
526 1727 600 1754 misit
614 1728 656 1754 leo
671 1729 703 1755 ad
722 1729 812 1756 tbocm
829 1731 928 1764 (ιιιωεὶ-

148 1775 223 1796 tores
243 1777 276 1796 ex
300 1771 396 1797 eadem
413 1773 641 1806 sycophantarum
667 1774 780 1802 cohorte
796 1776 842 1809 qni
865 1784 928 1802 eum

148 1815 350 1850 interrogarent
363 1816 389 1843 in
400 1818 533 1844 custodia.
545 1817 740 1846 Conﬁnxerunt
751 1821 787 1846 illi
801 1829 930 1855 responsa

147 1861 209 1895 ejus
224 1862 396 1889 contumacia
414 1867 442 1889 et
459 1865 656 1891 contumeliosa
671 1865 697 1892 in
713 1865 874 1900 principem.
887 1867 930 1893 cui

147 1909 176 1932 et
192 1913 254 1932 mox
269 1906 364 1932 cadent
381 1912 575 1941 exaggerantes
592 1909 805 1936 invidiosissinte
830 1911 932 1937 retule-

150 1955 225 1982 runt,
239 1951 307 1978 adeo
317 1956 346 1978 ut
358 1952 390 1979 iis
403 1953 502 1980 auditis
511 1954 640 1981 eﬁ‘eratus
651 1955 694 1982 leo
709 1955 799 1983 tltoen‘.
814 1956 930 1984 interﬁci

149 1996 302 2023 mandaret.

186 2042 242 2069 νη.
258 2042 384 2069 Pervenit
402 2043 510 2070 interim
525 2043 557 2070 ad
573 2050 686 2071 matrem
705 2045 775 2080 regis
785 2045 869 2072 totius
884 2053 933 2073 no-

148 2088 210 2115 titia
225 2088 378 2115 calumniae.
397 2089 459 2116 Herc
476 2089 592 2123 primum
609 2091 741 2124 omnium,
764 2092 837 2126 quod
854 2092 932 2119 facile

148 2138 265 2168 poterat,
286 2139 393 2168 propter
406 2135 597 2163 auctoritatem
609 2131 754 2168 summam,
771 2137 930 2165 dilationem

149 2180 314 2214 interposuit
336 2180 480 2214 supplicio.
501 2180 569 2207 Tum
597 2182 704 2208 leonem
725 2183 850 2216 privatim
883 2190 932 2218 ag-

982 278 1035 300 tam
1061 274 1116 301 cito
1147 279 1259 310 propter
1284 276 1544 302 inverisimillimum
1573 275 1677 302 crimen
1704 276 1780 302 sub-

981 323 1074 346 tracta!
1101 321 1266 353 carunculm,
1284 321 1316 348 ad
1335 321 1503 348 delationem
1525 321 1685 348 aemulorum
1712 321 1780 354 ejus

982 365 1087 392 scelere
1104 365 1287 400 flagrantium,
1312 375 1345 393 ex
1366 368 1462 394 fraude
1481 367 1649 402 perﬁdiaque
1667 367 1780 393 confla-

982 413 1095 442 torum,
1135 411 1214 438 morti
1250 412 1402 438 addixisti?
1434 413 1529 439 Nescis
1565 412 1681 446 capitale
1711 419 1779 438 esse

984 456 1103 489 regibus,
1120 457 1180 482 aliis
1203 458 1376 484 committere
1391 466 1450 491 quae
1464 465 1558 492 gerere
1580 466 1628 490 per
1644 465 1705 483 sese
1721 456 1777 490 ipsi

983 500 1084 527 debent
1099 502 1109 527 ἶ)
1125 501 1182 528 Non
1211 503 1286 529 vides
1305 503 1350 537 qui
1368 504 1459 530 vinum
1485 508 1591 535 emunt,
1616 511 1698 537 quam
1729 503 1779 529 di-

981 545 1100 580 ligenter
1111 547 1185 581 prius
1202 549 1345 582 cxplorcnt
1360 549 1490 581 colorem,
1503 549 1627 581 odorem,
1647 553 1775 583 gustum,

983 599 1016 618 nc
1030 600 1082 626 qua
1107 594 1172 627 ipsis
1191 593 1266 621 iratis
1284 595 1351 622 fiat?
1365 600 1467 630 quanto
1493 595 1579 629 magis
1598 595 1678 622 decet
1693 602 1778 629 reges

983 637 1170 664 curiosissime
1196 638 1323 674 indagare
1341 645 1439 666 cuncta
1455 640 1481 666 in
1494 640 1603 673 negotio
1617 639 1643 666 in
1658 647 1715 673 quo
1729 639 1778 666 ni-

983 681 1020 708 hil
1037 683 1127 710 minns
1151 693 1231 718 quam
1252 686 1326 720 regni
1344 686 1416 712 salus
1431 686 1519 720 agitur
1535 686 1542 712 i
1561 685 1684 712 Minister
1701 684 1778 711 ﬁdus

985 736 1018 756 ac
1039 728 1160 761 prudens
1189 729 1333 756 brachium
1359 730 1484 757 dextrum
1513 730 1656 764 principis,
1676 730 1777 764 reipu—

984 765 1062 801 blicae
1091 775 1293 801 firmamentum
1324 783 1355 801 ac
1378 776 1503 802 columen
1531 781 1582 802 est.
1611 774 1671 802 Non
1687 775 1778 809 igitur

984 820 1126 853 oportebat
1150 824 1177 846 te
1199 820 1243 846 alii
1270 820 1354 847 ﬁdere
1374 823 1400 847 in
1413 820 1569 855 crrgnitione
1591 821 1653 847 talis
1668 827 1776 851 cause.

985 866 1136 900 praesertim
1153 873 1225 898 cum,
1244 871 1274 893 ut
1287 866 1354 898 dixi,
1373 866 1445 893 nulla
1458 866 1700 893 verisimilitudine
1714 866 1776 892 cri—

984 920 1045 939 men
1062 912 1173 939 nitatur.
1184 913 1327 945 Quomodo
1341 913 1413 939 enini
1430 913 1475 946 qtti
1493 913 1671 946 temperantia
1687 919 1777 945 spon-

984 961 1062 985 lanea
1089 958 1172 993 (quod
1192 958 1321 986 omnibus
1344 963 1387 985 est
1414 958 1600 991 notiSsimutn)
1622 957 1697 984 omni
1719 956 1775 983 sibi

985 1003 1129 1030 interdixit
1143 1011 1191 1030 esu
1208 1003 1344 1031 carnium.
1357 1004 1432 1031 credi
1444 1003 1530 1038 possit
1541 1003 1654 1029 ferinam
1669 1010 1684 1029 e
1698 1009 1775 1036 penu

984 1052 1028 1074 tua
1050 1048 1219 1074 subtraxisse
1234 1047 1245 1073 ‘?
1260 1047 1343 1082 Finge
1359 1048 1420 1082 gula
1436 1048 1537 1074 victum
1557 1056 1562 1074 :
1580 1047 1695 1073 deerant
1715 1054 1776 1072 ma-

983 1094 1049 1120 cella
1080 1093 1221 1127 locupleti,
1243 1093 1357 1120 deerant
1380 1101 1493 1119 munera
1520 1092 1645 1119 Certatim
1678 1091 1775 1118 oblata

982 1143 1157 1169 venalm'um.
1181 1147 1230 1173 per
1245 1147 1305 1173 quae
1316 1138 1458 1173 cupiditati
1476 1137 1664 1165 satisfaceret?
1680 1138 1715 1163 At
1730 1137 1758 1163 iu

982 1189 1063 1211 Vcnta
1079 1184 1151 1210 domi
1170 1185 1228 1218 ejus
1245 1184 1330 1210 ferina
1345 1189 1390 1210 tu:
1406 1183 1468 1210 est?
1489 1183 1591 1217 Nrmpc
1619 1183 1654 1209 ab
1673 1183 1707 1208 iis
1723 1181 1775 1216 qui

983 1229 1034 1263 ipsi
1057 1230 1260 1261 subtraxernnt,
1276 1230 1325 1264 ipsi
1341 1237 1373 1256 eo
1387 1229 1548 1261 intulerant,
1563 1234 1591 1255 ut
1602 1229 1694 1255 tbocm
1708 1235 1776 1262 per-

983 1275 1089 1301 derent.
1108 1274 1148 1301 An
1164 1280 1205 1302 est
1229 1275 1375 1301 obscurum
1394 1283 1489 1301 omnes
1504 1275 1572 1301 istos
1595 1273 1708 1300 invidit:
1726 1282 1774 1300 ra-

983 1320 1027 1347 bie
1040 1321 1067 1346 in
1084 1328 1147 1347 cum
1164 1321 1255 1347 furere
1273 1320 1284 1346 ?
1311 1320 1410 1348 Vident
1427 1320 1556 1354 occupari
1573 1320 1607 1346 ab
1627 1327 1660 1346 eo
1678 1320 1773 1346 locum

983 1373 1063 1397 quem
1077 1365 1128 1392 sibi
1145 1365 1291 1397 ambiunt;
1311 1373 1379 1399 opes
1394 1366 1462 1399 ejus,
1480 1365 1625 1396 honorem,
1646 1365 1773 1391 auctori-

983 1416 1077 1442 tatem,
1099 1411 1169 1445 apud
1190 1415 1215 1438 te
1232 1411 1358 1446 gratiam.
1374 1419 1482 1446 propria
1500 1411 1664 1438 detrimenta
1680 1410 1771 1437 inter-

983 1463 1148 1492 pretantur;
1164 1462 1289 1492 spectare
1315 1457 1458 1483 florentem
1487 1456 1563 1483 illum
1587 1460 1674 1482 morte
1691 1456 1772 1489 pejus

984 1506 1109 1532 ducunt:
1130 1506 1169 1531 sic
1187 1504 1289 1530 vulturi
1313 1509 1416 1538 partem
1435 1502 1578 1529 cadaveris
1596 1502 1708 1534 ferenti,
1731 1501 1772 1527 sic

984 1551 1044 1578 cani
1058 1559 1118 1577 osse
1133 1555 1209 1584 rapto
1220 1550 1344 1585 fugienti,
1356 1550 1434 1577 ntulti
1448 1549 1551 1576 circum
1565 1549 1667 1574 instant
1678 1548 1772 1574 vultu-

982 1605 1026 1625 res
1046 1603 1073 1624 ει
1093 1605 1174 1624 canes
1197 1597 1242 1623 alii
1269 1596 1386 1630 praedam
1413 1601 1575 1628 extorquere
1597 1599 1767 1628 satagentes.

980 1642 1009 1669 ln
1030 1650 1136 1668 summa
1156 1642 1195 1668 sic
1212 1642 1291 1672 habe,
1311 1642 1413 1668 bellutn
1439 1648 1499 1667 esse
1522 1639 1727 1666 intcrnecinum
1742 1644 1772 1665 et

981 1687 1162 1722 implacabile,
1173 1692 1269 1714 natura
1278 1691 1464 1720 comparatum
1475 1691 1557 1720 atque
1576 1685 1769 1716 commissum,

982 1733 1053 1760 inter
1075 1733 1213 1766 improbos
1234 1732 1358 1759 subditos
1385 1736 1412 1758 et
1428 1732 1530 1758 bonum
1555 1731 1721 1765 principem.
1739 1729 1768 1756 lu

981 1785 1014 1804 eo
1027 1777 1097 1804 bello
1112 1777 1193 1803 cardo
1203 1777 1317 1811 periculi
1332 1782 1360 1804 et
1373 1784 1436 1811 spes
1448 1776 1570 1803 victoriae
1585 1776 1611 1802 in
1625 1776 1770 1802 ministro-

971 1830 1042 1849 —rnm
1063 1823 1194 1857 qualitate
1208 1823 1324 1849 vertitur
1340 1831 1346 1849 :
1363 1823 1449 1850 vincit
1477 1822 1605 1857 princeps
1626 1822 1649 1848 si
1665 1821 1773 1848 mordi-

982 1876 1031 1894 cus
1047 1871 1122 1894 tenet
1150 1868 1322 1895 consiliarios
1342 1868 1480 1902 sapientes
1501 1873 1528 1894 et
1549 1868 1663 1899 fideles;
1681 1867 1703 1894 si
1720 1875 1773 1902 pro

983 1913 1083 1940 talibus
1097 1913 1233 1940 calumnia
1250 1914 1365 1940 extortis
1380 1919 1453 1941 artes
1467 1914 1592 1948 maligna:
1610 1913 1772 1940 invidOrum

983 1957 1124 1992 improbos
1140 1957 1293 1991 infidosque
1314 1958 1456 1984 tniuistros
1473 1957 1657 1987 obtruserint,
1673 1961 1768 1983 actum

983 2002 1017 2030 de
1036 2011 1098 2036 rege
1115 2007 1157 2029 est.
1173 2011 1179 2029 :
1195 2003 1318 2030 seditiosi
1336 2002 1369 2029 dc
1392 2003 1439 2029 illo
1464 2010 1495 2029 ac
1512 2002 1643 2033 rebelles,
1663 2001 1769 2035 ingenti

983 2048 1144 2082 reipublicae
1164 2048 1251 2080 clade,
1275 2048 1495 2083 triumpltabunt.
1522 2047 1612 2080 Quare
1633 2047 1662 2073 in
1687 2055 1720 2073 ea
1738 2055 1770 2074 re

983 2098 1106 2120 extremo
1120 2097 1218 2120 conatu
1232 2093 1385 2124 decertare,
1400 2094 1438 2120 sic
1448 2098 1574 2127 tanquam
1588 2100 1637 2127 pro
1649 2092 1705 2118 aris
1718 2099 1771 2126 pu—

985 2142 1089 2171 gnelet
1105 2136 1183 2169 focis,
1208 2137 1339 2171 princeps
1362 2137 1471 2171 sapiens
1494 2137 1584 2167 debet,
1602 2143 1637 2163 ne
1660 2136 1771 2162 idoneis

984 2187 1139 2217 compertos
1152 2183 1325 2210 doeutnentis
1339 2182 1441 2217 probos
1462 2190 1493 2209 ac
1511 2183 1628 2210 solertcs
1645 2182 1771 2208 admini-

148 2233 251 2260 gressa,
269 2226 355 2257 Quam
375 2226 410 2253 ob
435 2234 558 2257 causam.
575 2227 622 2255 ait.
644 2227 692 2260 ﬁli,
706 2228 849 2262 capitalem
867 2236 929 2255 sen-
943 2231 969 2261 D
983 2234 1053 2255 stros
1068 2229 1137 2263 eripi
1161 2229 1211 2255 sibi
1225 2229 1353 2263 patiatur,
1370 2233 1397 2255 et
1412 2234 1441 2255 ut
1459 2229 1485 2255 in
1503 2229 1600 2255 horum
1616 2228 1770 2263 perniciem

149 2274 263 2301 tentiam
277 2275 302 2300 in
316 2274 406 2301 tboem
419 2274 625 2308 pronuntiasti?
643 2275 746 2301 Retulit
761 2275 804 2301 leo
816 2282 875 2308 quae
885 2282 933 2301 au-

150 2320 236 2347 dierat
250 2324 278 2346 et
290 2320 415 2352 viderat;
432 2324 460 2346 et
479 2320 545 2346 illa:
568 2320 723 2352 Festinasti,
742 2320 789 2351 fili,
814 2320 931 2346 nimium

150 2367 178 2392 ιιι
195 2373 224 2392 re
244 2365 353 2392 maximi
369 2366 498 2392 momenti
511 2374 517 2397 ;
530 2370 696 2399 etqnantum
709 2366 735 2392 in
754 2370 778 2392 te
793 2365 933 2395 fuit.serae

150 2412 199 2438 tibi
217 2412 384 2446 pcenitentize
400 2411 425 2438 in
445 2412 529 2438 vitam
546 2412 679 2446 reliquam
695 2411 771 2438 triste
784 2418 932 2445 argumen-

150 2462 207 2485 tum
225 2458 399 2491 comparasti.
414 2457 554 2483 Sustincre
569 2461 728 2490 oportuerat
741 2461 768 2484 et
786 2457 908 2484 cunctari
923 2465 930 2489 ;

150 2511 213 2530 nam
235 2503 334 2529 mulier
351 2510 399 2536 per
412 2503 500 2529 virum
515 2510 594 2529 suum
607 2506 670 2534 stat,
690 2502 762 2529 ﬁlius
776 2510 824 2536 per
838 2510 933 2536 paren-

150 2555 201 2580 tes,
227 2549 378 2583 discipulus
393 2557 441 2584 per
463 2549 622 2583 magistrum
635 2569 642 2581 ,
661 2549 798 2576 exercitus
818 2557 866 2583 per
881 2549 931 2576 du—

150 2603 220 2628 cem,
246 2595 362 2629 populus
381 2602 429 2629 per
451 2602 553 2629 regem,
570 2602 615 2621 rex
633 2602 680 2629 per
704 2595 800 2629 legem,
827 2595 869 2621 lex
884 2603 933 2629 per

151 2642 335 2676 prudentiam,
360 2641 505 2676 prudentia
526 2648 574 2674 per
601 2642 823 2674 cunctationem;
838 2646 866 2668 et
881 2642 932 2668 itii-

152 2690 220 2714 tium
242 2687 383 2722 sapientia:
397 2687 452 2722 regi
468 2693 520 2719 est,
533 2695 611 2714 nosse
623 2687 674 2714 sibi
691 2688 838 2722 subjectos.
852 2695 883 2714 ac
898 2687 932 2713 de

150 2741 260 2767 quoque
277 2733 398 2767 ipsorum
414 2733 570 2760 existimare
581 2738 662 2768 prout
677 2741 767 2760 mores
782 2734 842 2767 ejus
858 2738 930 2760 sunt.

152 2779 178 2804 id
194 2778 216 2804 si
235 2778 356 2810 faceres,
386 2787 438 2805 nott
465 2779 605 2805 mirareris
624 2779 722 2813 probos
752 2779 900 2814 oppugnari
917 2787 931 2806 a

152 2822 337 2856 nequissimis,
370 2831 418 2850 nec
434 2824 512 2850 ﬁdem
535 2824 568 2850 iis
585 2824 723 2850 tribueres
752 2824 851 2858 quibus
869 2832 932 2859 sup-

153 2871 179 2897 pt
193 2867 233 2892 cia
250 2867 376 2893 debebas.
390 2867 483 2894 Nonne
501 2869 651 2894 innumeris
664 2868 858 2904 caperiutcntis
873 2876 932 2901 prr-

985 2274 1104 2301 intentas
1123 2274 1263 2301 machinas
1294 2275 1481 2309 improbitatis
1502 2274 1622 2308 disjiciat
1646 2281 1678 2301 ac
1693 2273 1771 2300 fran-

983 2324 1038 2355 gat.

1018 2365 1085 2392 Vlll.
1109 2366 1169 2393 lltcc
1194 2366 1312 2393 maxime
1329 2366 1422 2401 regina
1446 2366 1608 2398 disserente,
1626 2366 1738 2400 quidam
1752 2373 1769 2393 e

984 2412 1134 2446 conjuratis
1148 2412 1308 2439 auctoribus
1316 2412 1471 2444 calumnize,
1489 2413 1575 2439 sontis
1590 2413 1769 2440 conscientia:

983 2458 1138 2484 convictum
1164 2466 1218 2484 non
1240 2458 1347 2488 ferens.
1375 2458 1493 2493 procidit
1518 2458 1551 2485 ad
1571 2459 1656 2493 pedes
1681 2459 1766 2492 regis,

982 2503 1090 2535 Fateor,
1105 2503 1240 2537 inquiens.
1263 2503 1384 2535 domine.
1399 2505 1489 2531 scelus
1502 2513 1593 2532 meum
1609 2514 1615 2531 :
1632 2505 1767 2532 innocens

983 2550 1044 2576 tltos
1059 2554 1100 2576 est.
1124 2550 1244 2577 criminis
1267 2550 1376 2584 impacti
1392 2559 1399 2581 ;
1416 2558 1467 2585 ego
1493 2550 1606 2577 ferinam
1622 2559 1701 2584 quam
1717 2551 1766 2578 tibi

983 2602 1156 2628 sepOsueras,
1178 2603 1192 2621 e
1209 2603 1280 2630 penu
1297 2600 1341 2621 tua
1362 2595 1479 2627 furatus,
1510 2597 1536 2622 in
1561 2597 1619 2631 ejus
1654 2596 1765 2623 domum

983 2640 1079 2667 detuli.
1097 2640 1152 2674 Ego
1168 2641 1285 2668 idetnibi
1303 2649 1362 2668 eam
1381 2641 1428 2667 ubi
1445 2642 1644 2668 abseonderam
1663 2642 1764 2675 reperi,

984 2686 1112 2720 produxi,
1142 2690 1170 2712 ut
1189 2691 1224 2716 te,
1244 2687 1317 2720 quod
1346 2686 1471 2719 contigit,
1501 2686 1611 2713 adeum
1633 2687 1767 2713 damnan-

984 2733 1048 2760 dum
1079 2732 1257 2767 impellerem.
1283 2732 1343 2759 Feci
1369 2732 1421 2758 hoc
1435 2738 1461 2758 et
1477 2732 1579 2759 malitia
1607 2733 1718 2767 propria
1739 2737 1767 2759 et

985 2786 1067 2805 suasu
1109 2779 1295 2812 instinctuque
1325 2778 1521 2812 plerornmqttc
1546 2779 1697 2805 aulicorum
1719 2781 1765 2813 qni

986 2825 1078 2850 tlmem
1100 2825 1217 2858 pessime
1234 2823 1362 2856 oderunt,
1382 2825 1454 2857 quod
1483 2825 1530 2851 tibi
1554 2825 1663 2854 chartis,
1680 2830 1708 2851 et
1723 2828 1765 2850 ut-

985 2870 1081 2902 miutn,
1101 2875 1128 2896 ut
1146 2869 1211 2902 ipsis
1227 2870 1344 2901 videtur,
1363 2870 1377 2895 fv
1390 2870 1423 2896 l'tc
1453 2876 1492 2897 cst
1525 2871 1631 2897 .lliranti
1658 2870 1690 2897 ad
1709 2871 1766 2898 lucc
