1913 3068
150 109 218 139 131.")

605 112 797 141 SPECiMEN
818 110 1038 140 SAI‘PENTLE
1063 111 1238 151 lXDiJl‘iliM
1262 111 1335 140 VET

1704 107 1771 140 1346

147 166 216 199 regi,
242 169 269 192 et
285 169 359 192 lattto
375 166 433 201 plus
449 175 535 201 prono
549 167 580 194 ad
607 167 852 202 obtemperant]unt
869 174 922 193 mo-
944 167 965 195 Α
978 165 1059 200 juriis
1078 166 1189 199 ilasere,
1215 167 1248 193 ab
1273 166 1305 193 iis
1321 173 1391 200 quos
1420 173 1448 192 re
1462 164 1590 192 familiari
1605 163 1769 198 spoliarunt,

145 211 211 238 nilis
226 211 332 242 ntalris,
352 212 395 238 illa
410 220 536 239 Sermone
560 218 710 247 resumpto,
731 212 800 239 Huic
816 212 928 247 quidem

145 255 219 283 ultro
243 257 380 290 proﬁtenti
398 258 605 291 pmnitentiam,
624 263 712 293 poles,
733 258 833 292 inquit,
855 259 932 292 igno-

145 308 234 332 scere,
261 307 376 330 eteteros
395 304 456 330 illos
473 311 590 338 quorum
618 309 658 331 est
683 305 815 331 scelerata
831 303 931 338 depre-

145 347 230 374 hensa
254 349 350 380 coitio,
373 349 406 375 ad
424 357 506 376 unum
536 349 668 376 interﬁce.
700 350 755 376 Nec
770 354 931 376 contemnas

146 393 358 420 imbecillitatem
380 394 583 429 plerort:mqne,
617 403 679 422 nant
712 396 762 422 etsi
782 395 843 422 fano
862 396 930 422 nihil

145 439 290 471 humilius,
318 441 385 467 nihil
407 441 552 471 infirmius.
587 446 676 468 tanien
705 450 739 469 ex
756 450 790 468 eo
805 444 930 476 manipu-

145 484 219 511 latint
237 486 339 512 intorto
357 487 436 514 funes
455 492 602 514 nectuntur
616 488 662 522 qtti
690 488 771 514 etiam
800 489 931 522 elephan—

144 534 186 557 tes
195 531 306 565 alligent
323 540 331 564 ;
353 532 443 560 tltoem
461 541 527 559 vero
543 534 634 560 statim
647 541 747 560 eenseo
764 534 790 560 in
811 535 930 568 priorem

145 577 277 602 restituas
301 577 413 604 honoris
429 578 553 612 gradum,
568 579 671 612 tibiqtte
683 579 756 605 omni
775 587 825 612 ope
836 579 930 605 conci<

145 622 206 648 lies.
221 622 296 649 Tunc
322 624 365 650 leo
388 632 395 652 :
416 625 522 651 Faciam
544 625 614 659 quod
633 625 722 659 jubes,
738 630 834 657 mater,
848 625 930 651 etiam

145 674 204 694 mea
223 673 335 701 sponte;
355 676 416 695 nam
435 676 548 704 purgata
567 670 718 700 calumnia,
745 670 889 704 revigescit
903 671 929 697 in

144 721 205 739 meo
226 714 318 740 animo
337 714 455 741 citaritas
478 715 503 741 in
534 716 637 747 thoem,
671 717 750 750 enim
764 716 845 742 etiam
870 723 932 749 pro-

143 759 292 786 videntiam
309 761 451 790 recordor,
473 761 531 787 haec
543 768 603 794 quae
637 761 811 796 contigerunt
831 761 929 795 pr:evi<

143 804 244 836 dentis,
264 811 290 832 et
312 806 377 832 milti
397 806 568 840 suggerenlis
591 806 666 833 utilia
687 807 864 841 prreearendo
886 815 931 834 er—

144 851 275 880 rori.nisi
293 852 357 878 larva
381 859 458 878 meus
471 852 575 878 fuisset.
595 852 843 886 Rogaveratenim.
862 857 892 879 ut
905 852 926 879 si

143 897 252 929 quando
266 895 375 930 aliquod
394 897 451 930 ejus
463 897 566 923 crimen
582 897 737 924 deferretur
754 897 785 924 ad
799 905 850 925 me.
865 905 926 924 sus-

145 942 259 968 tinerem
273 942 404 976 judicium
435 950 521 975 usque.
538 942 570 969 ad
587 943 791 977 inquisitionem
808 943 925 976 plenam,

144 988 228 1020 quod,
252 988 304 1014 lteu
324 988 385 1014 mel
406 996 458 1014 non
486 989 549 1019 feci,
566 989 612 1015 sed
628 988 724 1015 faciant
741 989 763 1015 si
778 989 844 1016 alias
860 996 926 1016 usus

143 1032 245 1059 incidet
263 1041 270 1060 ς
291 1034 364 1061 serio
390 1034 462 1061 enim
490 1035 603 1068 [mutilet
624 1039 677 1061 tam
698 1034 828 1061 damnose
851 1034 927 1061 festi—

142 1087 232 1106 nasse.
255 1079 302 1106 llis
321 1080 402 1106 dictis
429 1081 572 1108 confestim
590 1081 640 1108 sibi
658 1081 715 1108 sisti
729 1081 810 1115 jussit
832 1081 923 1108 thocut

142 1123 269 1154 liberum,
281 1129 308 1151 et
320 1125 472 1159 insignibus
493 1131 618 1151 ornatunt
632 1125 772 1160 dignitatis
784 1127 923 1159 pristinze;

142 1177 222 1203 quem
241 1170 416 1204 amplectens,
436 1170 604 1201 Erravimus,
624 1171 722 1205 inquit,
737 1171 784 1198 sed
804 1172 925 1198 circum-

143 1215 217 1240 \‘enti
235 1215 305 1240 dolis
321 1215 410 1241 malis.
430 1215 574 1250 Sapienter
587 1224 600 1242 a
617 1220 643 1242 te
658 1215 817 1249 pnemonita
830 1216 925 1243 incon-

142 1260 212 1286 sulte
224 1261 411 1294 neglexiotus;
427 1269 522 1287 verum
537 1261 582 1287 icti
598 1262 745 1293 sapiamus,
760 1269 810 1288 ttec
825 1261 858 1288 de
873 1269 925 1288 ca:-

143 1311 201 1331 Iero
231 1307 265 1332 alt
294 1307 447 1333 istiusntodi
479 1307 587 1333 insidiis
610 1307 762 1341 periculum
792 1307 839 1334 tibi
869 1312 922 1334 est.

141 1350 225 1385 Perge
239 1358 352 1377 securus
366 1351 486 1378 ferendis
503 1359 534 1378 ac
550 1351 698 1386 partiendis
717 1352 858 1379 nobiscunt
874 1359 923 1378 cu-

142 1396 178 1420 ris
193 1396 309 1429 imperii.
330 1395 380 1422 Cui
398 1396 459 1424 thas
483 1396 518 1423 Ut
540 1397 620 1424 talem
638 1405 680 1423 me
695 1397 807 1431 probes,
822 1397 921 1432 inquit,

141 1441 248 1474 qualem
272 1442 321 1468 ista
339 1442 495 1477 dignatione
521 1443 634 1470 Credere
651 1443 784 1475 ostendis,
806 1443 857 1470 ltoe
868 1448 921 1475 est,

982 211 1016 237 ab
1031 211 1064 237 iis
1079 219 1148 246 quos
1164 212 1222 238 sine
1247 219 1328 238 causa
1353 211 1450 238 exsilio
1483 211 1658 240 mulctarunt,
1689 209 1723 236 ab
1738 209 1771 236 iis

982 264 1053 290 quos
1082 257 1241 283 fraudarunt
1264 257 1390 283 ntereede
1422 264 1511 290 operae
1531 261 1577 282 aut
1605 255 1769 290 stipendiis,

982 308 1113 336 przeterea
1128 303 1161 328 ab
1175 302 1275 332 avaris.
1291 303 1324 328 ab
1345 302 1566 336 iuexplebilibus,
1595 302 1713 335 denique
1735 302 1769 327 ab

984 347 1037 373 illis
1051 347 1098 381 qui
1111 347 1234 380 publicas
1253 347 1385 374 utilitates
1404 347 1513 381 propria
1530 347 1628 372 damna
1642 351 1771 379 reputan—

985 396 1035 422 tes,
1054 393 1201 426 desperant
1221 400 1250 419 se
1270 401 1350 426 posse
1369 391 1439 423 ﬁeri,
1460 393 1512 418 nisi
1527 393 1665 418 communi
1686 391 1771 418 infor—

984 439 1071 468 tunio,
1082 437 1185 465 felices.
1201 437 1255 464 llos
1271 446 1365 464 omnes
1377 438 1506 472 princeps
1523 438 1632 471 sapiens
1649 437 1768 464 hostium

984 483 1043 508 loco
1069 483 1169 509 habere
1193 491 1207 509 a
1222 491 1305 517 seque
1337 491 1476 510 removere
1492 483 1652 517 longissime
1674 482 1767 509 debet.

983 528 1039 554 Etsi
1052 528 1124 554 ettittt
1141 528 1221 561 culpa
1243 533 1338 554 rat-ant
1351 529 1442 562 priora
1459 533 1578 562 quatuor
1604 535 1716 562 genera,
1731 533 1769 553 la-

983 581 1045 599 tnen
1063 581 1178 608 magnus
1193 574 1273 600 dolor
1289 582 1321 600 cx
1333 574 1435 600 datnno
1450 574 1522 607 quod
1537 578 1601 600 sunt
1625 574 1696 607 passi
1721 581 1768 600 vc«

984 618 1139 645 risintilitcr
1160 619 1221 645 illos
1245 619 1398 646 stimularet
1415 619 1448 645 ad
1465 627 1517 645 non
1532 619 1724 650 omittendam,
1743 619 1766 646 si

984 673 1104 699 unquam
1133 670 1302 697 occurreret,
1320 670 1367 691 aut
1395 666 1477 692 etiam
1497 665 1569 691 ultro
1592 665 1766 699 quaerendam

983 711 1202 745 captandamque
1240 711 1414 746 occasionem
1448 710 1572 737 ultionis.
1592 710 1656 737 Sine
1686 710 1768 744 igitur

985 755 1113 781 recedere
1133 763 1175 781 me
1193 755 1219 781 iu
1235 755 1337 781 dudum
1354 760 1475 788 optatam
1494 754 1683 785 solitudinem,
1698 764 1767 790 pra:-

984 801 1078 827 scrlint
1094 809 1154 827 cum
1183 801 1363 834 opportunior
1381 801 1511 834 deinceps
1528 809 1607 835 quant
1632 802 1708 836 prius
1724 809 1768 828 ca-

946 833 966 860 B
982 846 1093 872 luntniis
1109 846 1157 872 sint
1181 846 1290 872 futurus
1307 854 1485 880 prrsererans
1506 847 1531 872 in
1547 847 1708 873 ministerio.
1725 847 1768 873 Si<

979 891 1088 925 quidem
1110 891 1224 918 conﬂata
1255 892 1353 917 iferutu
1373 892 1456 925 (quod
1485 892 1565 918 vitari
1582 892 1688 926 nequit)
1709 893 1765 924 pari

978 936 1042 962 huic
1067 937 1092 962 itt
1110 944 1152 963 ttte
1169 937 1288 963 contione
1306 937 1495 971 improborum
1522 938 1596 964 falsis
1618 946 1660 964 nte
1687 938 1766 965 testi-

977 982 1077 1008 moniis
1093 983 1321 1017 oppugnantium.
1341 983 1452 1009 accedet
1474 983 1522 1009 tibi
1537 991 1606 1009 nova
1619 990 1698 1010 causa
1711 984 1765 1010 cri—

946 1026 951 1028 ’
977 1028 1137 1054 minationis
1153 1028 1328 1055 admittenda:
1344 1028 1541 1063 credetnlzeque
1553 1048 1559 1060 ,
1577 1029 1649 1062 quod
1668 1029 1765 1056 existi-

978 1081 1053 1100 mare
1080 1073 1179 1100 metito
1196 1074 1299 1107 poteris
1326 1074 1457 1100 memoria
1473 1077 1513 1100 n'te
1530 1074 1634 1108 injurite
1646 1079 1765 1107 accepta:

978 1118 1062 1150 priori
1092 1119 1268 1145 damnatione
1286 1119 1319 1145 ad
1350 1119 1397 1145 tibi
1419 1119 1573 1146 tt0e.cuduttt
1606 1119 1762 1146 incitatum.

976 1163 1025 1190 llic
1039 1172 1093 1196 rex,
1110 1165 1207 1191 iterum
1220 1165 1386 1199 amplectens
1404 1165 1503 1197 thoem,
1525 1165 1604 1195 Vera.
1621 1165 1718 1199 inquit,
1737 1165 1764 1192 in

976 1210 1037 1237 aliis
1054 1210 1103 1236 ista
1119 1210 1172 1236 sittl
1185 1218 1246 1244 qum
1262 1210 1362 1244 allegas
1377 1219 1383 1236 ε
1407 1215 1452 1236 tua
1472 1211 1662 1237 sincerissima
1683 1211 1763 1237 boni-

977 1261 1018 1282 tas
1033 1255 1097 1282 mihi
1115 1256 1284 1290 perspectior
1300 1260 1341 1282 est
1357 1263 1438 1290 quam
1460 1260 1490 1282 nt
1514 1263 1682 1290 quoruuque
1711 1264 1764 1282 tto-

975 1301 1048 1328 ntine
1074 1305 1218 1335 suspectus
1244 1309 1362 1335 unquam
1386 1309 1447 1328 esse
1465 1302 1554 1335 possis
1568 1306 1615 1327 aut.
1636 1301 1761 1334 debeas;

974 1355 1008 1374 tte
1025 1356 1106 1382 porro
1121 1348 1183 1379 ista,
1206 1347 1277 1374 unde
1296 1347 1414 1374 intentas
1430 1348 1498 1374 tttilti
1516 1353 1631 1378 metum.
1658 1348 1763 1380 injuria:

975 1392 1105 1419 memoria
1128 1393 1154 1418 itt
1185 1397 1210 1418 tc
1234 1391 1363 1423 resdcat.
1390 1391 1504 1418 efﬁciam
1528 1391 1669 1418 beneﬁciis
1693 1391 1762 1418 ntul-

976 1437 1131 1472 tiplicandis
1141 1437 1242 1471 quibus
1258 1438 1330 1464 illaut
1347 1441 1393 1464 aut
1405 1438 1549 1465 obliterent
1564 1443 1611 1465 aut
1625 1438 1760 1470 obruant;

141 1488 190 1513 tibi
208 1488 299 1514 ‘tidnnt
327 1492 351 1514 et
371 1496 418 1514 ver
430 1488 512 1515 ssime
540 1488 714 1520 benevolunt,
745 1488 807 1514 audi
834 1495 922 1514 meum
941 1493 961 1523 ρ
980 1487 1009 1510 ιιι
1028 1491 1080 1518 qua
1097 1483 1111 1510 ﬁ
1124 1484 1147 1510 ’0
1165 1483 1282 1518 εωιιίδιί.
1302 1492 1383 1518 perge
1403 1484 1470 1510 mihi
1488 1489 1515 1511 cl
1535 1483 1697 1518 reipublicae
1714 1492 1763 1511 na-

141 1533 296 1561 mnsitium.
315 1537 342 1560 et
356 1533 393 1560 sie
412 1534 492 1565 habe,
519 1533 586 1560 nihil
609 1541 668 1560 esse
694 1533 778 1568 magis
802 1533 922 1560 salutare

142 1578 251 1607 regibus
269 1586 349 1612 quam
363 1580 534 1605 subditorum
558 1579 664 1606 sincere
686 1579 805 1606 ﬁdelium
822 1579 922 1606 admit-

141 1628 197 1648 tere
212 1623 296 1649 libera
313 1624 413 1649 monita
427 1628 454 1650 et
465 1631 559 1650 eorum
570 1624 791 1658 suggestionibus
800 1623 918 1651 deferre.

140 1667 199 1696 Aio.
218 1675 270 1693 tton
286 1668 415 1701 expedire
431 1667 479 1694 tibi
495 1676 537 1694 me
552 1668 668 1701 amplius
685 1668 711 1694 in
729 1667 826 1694 intimo
840 1667 921 1694 mini-

140 1713 223 1738 st-rio
244 1712 352 1743 habere,
373 1712 439 1740 mitti
472 1712 588 1746 amplius
606 1712 698 1739 ﬁdere.
728 1713 816 1746 Reges
843 1713 918 1739 enim

139 1761 248 1790 oportet
264 1756 315 1783 sibi
338 1764 434 1784 cavere
453 1757 488 1784 ab
513 1757 546 1784 iis
561 1764 629 1792 quos
649 1757 859 1784 vehementibus
879 1756 922 1783 in-

976 1537 1040 1557 t'arc
1055 1537 1176 1563 operam,
1195 1529 1290 1564 majori
1306 1530 1387 1556 etiattt
1406 1538 1486 1564 quam
1506 1529 1640 1556 hactenus
1662 1529 1761 1556 alacri-

977 1579 1041 1602 tate.
1058 1575 1211 1602 Restitutus
1228 1575 1291 1602 inde
1307 1575 1370 1602 thos
1385 1575 1466 1602 estin
1484 1574 1606 1609 pristinae
1623 1574 1761 1609 fastigium

975 1620 1125 1655 dignitatis,
1142 1621 1244 1655 ingenti
1259 1625 1285 1647 et
1303 1621 1416 1648 honoris
1434 1625 1462 1648 et
1479 1621 1571 1655 gratia:
1595 1626 1760 1655 augmento,

975 1666 1077 1700 talique
1093 1666 1217 1700 exemplo
1233 1666 1412 1697 declaratum,
1429 1673 1507 1700 posse
1523 1666 1662 1692 interdum
1687 1671 1760 1693 recte

975 1718 1054 1745 reges
1070 1711 1150 1737 inniti
1172 1719 1284 1738 securos
1297 1711 1478 1738 reconciliata:
1490 1711 1568 1746 prius
1581 1718 1596 1737 a
1608 1718 1637 1737 se
1652 1716 1762 1738 vexato-

976 1764 1038 1783 rum
1057 1756 1266 1783 benevolentia.

642 1871 906 1903 DlSSERTATIO
923 1873 1025 1903 PARA
1032 1872 1082 1902 ΒΟ
1088 1872 1175 1902 LlCA
1197 1872 1241 1902 XI
1248 1895 1254 1902 .

142 1929 240 1967 Quam
258 1934 348 1971 turpe
366 1932 407 1962 sit
432 1932 553 1972 ingrati
580 1934 678 1964 animi
693 1935 803 1964 citium
820 1936 853 1965 in
873 1935 996 1965 homine
1022 1939 1175 1965 monstrat
1195 1935 1332 1975 exemplo
1349 1935 1530 1974 bestiarum,
1549 1940 1577 1968 et
1596 1936 1634 1968 ab
1657 1947 1689 1968 eo
1706 1937 1760 1968 de-

713 1978 809 2004 terret
824 1975 989 2014 proposita
1010 1975 1075 2014 ejus
1087 1984 1186 2013 pwna.

177 2034 290 2067 Rogavit
305 2035 368 2062 inde
383 2037 632 2071 gymnosophistam
651 2045 696 2065 rex
715 2038 920 2071 Abesmlomus,

142 2085 169 2105 ut
199 2081 319 2108 indicare
353 2081 405 2109 sibi
433 2089 467 2109 ne
495 2088 654 2117 gravaretur
683 2085 725 2111 cui
749 2084 920 2119 potissimum

140 2127 243 2161 generi,
255 2132 282 2154 et
291 2134 345 2162 quo
357 2129 475 2156 maxime
484 2129 594 2162 merito,
605 2135 631 2157 et
641 2130 787 2164 gratiﬁcari
797 2136 824 2158 et
836 2131 919 2159 ﬁdere

976 2038 1022 2065 ubi
1048 2043 1140 2065 autem
1161 2038 1297 2073 ingratum
1322 2038 1440 2074 aliquem
1466 2048 1512 2067 rex
1536 2040 1758 2075 deprehenderit.

975 2083 1113 2110 autovebit
1127 2091 1140 2110 a
1155 2091 1183 2111 se
1195 2083 1271 2110 illuttt
1283 2084 1357 2110 ontni
1369 2086 1486 2115 ratione,
1502 2085 1524 2112 si
1535 2087 1645 2120 quidem
1662 2087 1759 2121 sapiet,

981 2137 1031 2156 nec
1052 2130 1132 2156 ullam
1157 2137 1277 2164 unquam
1301 2130 1346 2156 tali
1369 2135 1471 2164 partem
1494 2131 1557 2158 ﬁdei
1577 2126 1688 2159 tribuet.
1706 2132 1761 2159 lloc

143 2173 353 2207 tegesdelteant.
367 2174 456 2209 Super
467 2182 500 2202 eo
517 2180 686 2210 argumento,
706 2182 846 2212 resumpto
862 2185 907 2204 scr
939 2179 961 2208 n
975 2181 1080 2201 natura:
1098 2175 1184 2208 ipsius
1198 2175 1410 2210 essejudicium.
1422 2176 1516 2202 bestia:
1528 2177 1554 2202 iu
1568 2176 1620 2204 hoc
1634 2179 1760 2212 exenqdo

142 2225 234 2248 mone,
250 2219 471 2253 gymnosophista
490 2219 640 2254 disputavit
656 2221 682 2247 in
696 2221 769 2248 httnc
784 2222 895 2248 ntodum
913 2232 918 2249 :

177 2263 197 2289 Ι.
212 2263 364 2290 Beuelicum
379 2271 438 2292 esse
457 2273 547 2300 regem
565 2267 693 2293 convenit
723 2267 749 2294 in
777 2273 870 2302 gratos
894 2271 921 2295 et

141 2308 274 2335 beneficio
285 2310 392 2344 dignos.
408 2318 507 2345 neque,
522 2316 550 2338 ut
568 2319 639 2346 saepe
657 2313 694 2343 lit.
714 2313 920 2342 eﬁuttderesine

141 2355 247 2381 delectu
263 2362 329 2390 epes
345 2356 466 2390 publicas
483 2357 508 2384 in
524 2358 740 2392 consanguineos
755 2364 782 2386 ct
793 2359 920 2394 privatim

141 2400 193 2426 sibi
210 2401 318 2431 charos,
332 2402 536 2437 utcunqnejam
547 2403 573 2430 hi
590 2403 644 2430 sint
660 2404 770 2435 divites.
788 2413 923 2439 pauperes

141 2451 232 2472 autent
253 2451 446 2476 contemnere:
468 2456 562 2475 verum
586 2457 617 2476 ex
646 2449 688 2477 Itis
711 2450 758 2485 qui
784 2451 920 2477 observati

142 2493 243 2520 fuerint
271 2493 375 2528 judicio
405 2494 518 2528 pollere,
550 2500 736 2530 prtestareque
762 2497 919 2530 prudentia,

142 2539 270 2565 honorari
295 2547 309 2565 a
334 2540 456 2574 principe
475 2541 610 2575 ditarique
627 2542 788 2568 muneribus
801 2546 922 2577 oportet.

143 2585 198 2610 l‘r:e
210 2587 318 2611 cmleris
335 2590 425 2612 autem
442 2583 534 2612 amore
550 2594 580 2613 ac
595 2587 777 2614 beneficentia
799 2589 922 2622 comple-

141 2630 232 2657 etendl
245 2635 319 2657 sunt.
335 2631 380 2665 qu'
397 2638 425 2657 se
441 2631 519 2658 factis
536 2631 679 2666 probarint
695 2638 812 2667 accepta:
830 2634 923 2667 gratiae

142 2683 278 2703 tua-mures
298 2676 364 2704 etin
378 2678 522 2704 occasione
543 2677 712 2711 rependendi
740 2678 829 2705 meriti
856 2678 923 2704 ﬁde-

144 2721 206 2746 l.tcr
222 2722 330 2748 sedulos
350 2731 355 2748 :
377 2729 391 2748 a
416 2722 518 2748 talibus
532 2722 605 2748 enim
627 2727 747 2756 tempore
767 2730 817 2749 suo
840 2722 924 2756 duplo

143 2775 174 2792 cx
194 2772 300 2800 peciare
325 2768 411 2794 vicem
430 2767 509 2794 oﬁicii
536 2768 633 2802 poterit
653 2768 693 2802 (ut
714 2768 787 2794 enim
812 2767 923 2801 quidant

143 2813 180 2839 ait
193 2813 346 2847 sapientum
361 2822 366 2840 :
384 2813 470 2841 llomo
482 2813 586 2841 bontini
599 2821 742 2841 occursum
756 2813 923 2848 feneratur);

972 2221 1104 2248 docuere.
1125 2221 1260 2247 Fuderunt
1275 2221 1300 2247 in
1319 2229 1383 2255 agro
1400 2222 1517 2255 quoiam
1539 2223 1634 2249 rustici
1654 2223 1759 2250 foveant

972 2267 1043 2293 leoni
1064 2266 1121 2292 loca
1139 2267 1183 2292 illa
1205 2266 1246 2292 ittf
1263 2267 1345 2293 stanti
1362 2267 1507 2301 capiendo.
1523 2268 1621 2294 Verum
1641 2269 1757 2296 in‘ltauc

973 2311 1082 2338 incaute
1113 2312 1174 2338 illae
1198 2317 1298 2338 euntes
1326 2312 1484 2338 incideru'tt
1509 2314 1628 2347 primunt
1653 2315 1758 2342 aurifex

972 2357 1095 2392 quidam,
1118 2358 1219 2384 deinde
1242 2358 1350 2389 simius;
1375 2366 1436 2385 mox
1460 2358 1554 2389 draco,
1574 2363 1712 2393 postremo
1733 2365 1759 2386 et

973 2410 1095 2436 serpens.
1117 2403 1299 2437 Couspicatus
1322 2404 1348 2430 id
1373 2405 1442 2430 forte
1461 2412 1495 2430 ex
1511 2404 1600 2431 vicina
1625 2404 1685 2431 loco
1704 2405 1760 2431 cel-

974 2447 1039 2478 lula,
1068 2456 1122 2483 quo
1142 2449 1296 2476 diversorio
1321 2449 1425 2476 duduat
1454 2449 1594 2480 utebatur,
1621 2449 1760 2476 solitarius

973 2493 1084 2527 aliquis,
1104 2494 1143 2519 tir
1165 2495 1216 2520 bon
1230 2502 1263 2523 ~s.
1290 2494 1339 2526 En,
1364 2494 1466 2528 inquit,
1485 2494 1530 2521 ille
1553 2494 1648 2520 infelix
1665 2495 1758 2526 homo,

973 2544 1072 2573 prtetcr
1089 2539 1272 2565 calamitatem
1290 2547 1382 2570 casus,
1401 2539 1483 2566 etiam
1504 2547 1518 2566 a
1535 2539 1655 2567 dracone
1675 2546 1758 2572 atque

974 2593 1062 2620 angue
1079 2586 1215 2612 devolutis
1234 2586 1329 2613 eodem
1352 2586 1540 2619 periclitatur;
1566 2594 1619 2612 tton
1633 2586 1757 2612 otniltattt

974 2631 1148 2658 occasionem
1165 2632 1305 2658 servandae
1327 2632 1425 2658 anima:
1446 2635 1473 2658 et
1495 2632 1630 2658 tnercedis
1650 2636 1759 2659 interna:

977 2677 1021 2703 tali
1043 2677 1118 2711 operi
1144 2679 1290 2711 proposita:
1315 2677 1463 2703 lucrandaz.
1480 2676 1520 2703 ita
1537 2677 1580 2703 ille
1612 2684 1707 2703 secum
1727 2684 1759 2704 ac

976 2729 1038 2748 mox
1065 2727 1176 2749 strenue
1204 2730 1365 2757 progressus
1381 2722 1414 2749 ad
1439 2730 1515 2748 orant
1541 2722 1635 2753 foveat.
1664 2721 1759 2749 funem

976 2768 1096 2800 demisit,
1114 2769 1264 2796 inclamans
1278 2768 1393 2800 homini,
1410 2771 1439 2794 ut
1453 2768 1529 2795 illum
1545 2768 1688 2802 arriperet,
1699 2768 1759 2803 ejus

978 2821 1028 2844 cm:
1041 2814 1240 2842 extrahendus.
1255 2813 1306 2842 Sed
1319 2814 1522 2849 pra‘oceupavit
1538 2813 1607 2841 saltu
1622 2813 1717 2841 simius
1730 2816 1758 2841 et
