1913 3068
123 128 190 160 1347
835 125 905 154 APP

965 126 1040 157 [ΠΧ.
1097 143 1099 145 >
1680 128 1745 158 134

122 187 238 215 eductus
267 185 373 221 primus
401 189 455 216 est.
481 183 595 211 secundi
623 183 712 219 jactus
737 182 903 210 beneficium
919 183 944 212 A
958 185 983 210 in
1000 185 1110 211 domum
1125 192 1203 212 suam
1215 185 1263 220 qui
1277 184 1459 219 corriperent,
1475 190 1632 219 reperturos
1645 184 1674 211 in
1688 186 1770 219 ejus

123 233 207 260 draco
231 230 383 266 prmripuit.
410 234 440 256 ιιι
465 237 580 263 serpens
606 229 697 259 ῑοτῑίὶξ
726 236 787 263 (ιω
812 235 908 254 omnes
961 231 1087 259 manibus
1099 232 1184 266 spolia
1203 232 1311 266 puellas,
1329 231 1430 258 monile
1447 239 1480 258 ac
1496 233 1664 258 mut-anulus
1679 239 1768 265 quas

123 277 229 303 educue
238 276 333 303 bestim
343 275 413 301 miro
430 274 530 302 allecto
552 273 653 308 gratias
668 273 791 300 ercmitae
807 273 909 299 refere—

124 323 202 353 bant.
229 322 363 349 addentes
390 326 418 348 et
443 320 599 350 consilium.
624 320 702 354 cujus
726 319 770 346 ille
792 319 907 354 neglecti

125 376 220 403 paruas
236 368 295 394 lulil
315 375 323 394 :
344 367 382 394 Ne
397 374 487 397 Cures,
503 365 675 400 inquiehaut,
693 365 842 396 hominem,
860 365 906 399 qui

125 419 252 448 superest
272 414 299 439 in
320 413 409 444 fovea,
426 413 539 443 tollere;
557 412 702 445 malignam
724 411 809 437 vicem
827 411 910 437 bene-

126 460 188 486 ficio
200 459 313 491 reddet;
328 467 389 486 nam
401 466 451 485 nos
461 459 535 484 illum
546 457 760 491 ingratissimum
773 458 908 484 novimus.

127 506 233 540 Adjecit
249 513 298 539 pro
315 513 343 532 se
359 505 456 532 simius
475 513 481 530 :
499 504 555 537 Ego
569 504 694 530 diversor
706 504 732 529 in
748 503 909 530 suburbano

128 551 248 577 civitatis
265 550 372 576 Zanzur
388 558 394 579 ;
412 549 434 575 si
452 557 504 582 qua
519 555 544 576 te
569 549 632 576 illuc
649 557 766 582 unquam
791 549 910 583 pcregri-

128 601 221 624 natum
234 604 314 622 causa
329 595 432 627 tulerit,
443 595 585 629 experiere
597 602 639 620 me.
652 602 705 620 non
719 595 908 621 immemorem

128 642 232 675 gratim.
248 642 327 667 Paria
343 641 427 667 draco
440 644 466 666 et
481 647 595 673 serpens
612 639 725 673 polliciti
741 639 778 673 (hi
795 639 910 666 domici-

128 687 195 713 lium
212 686 352 712 habebant
367 685 393 712 in
410 685 497 711 muris
513 685 634 718 ejusdem
648 684 789 718 civitatis).
807 684 839 710 ad
861 691 909 710 sua

127 732 230 767 quique
248 735 432 758 recesserunt.
450 730 603 757 Novissime
625 730 747 756 omnium
770 734 910 756 extractus

127 785 143 805 e
157 778 217 804 lacu
234 777 348 808 aurifex.
365 780 393 802 et
407 776 465 810 ipse
481 775 582 809 gratias
599 775 739 801 liberatori
752 774 817 809 egit.
835 782 865 800 ac
881 782 910 801 se

129 823 268 858 professus
298 823 326 849 in
356 823 421 849 urbe
447 822 553 848 szzur
588 822 698 848 domum
727 825 755 847 et
780 820 908 847 familiam

129 870 242 901 habere,
255 869 402 903 oblatoque
416 869 438 895 si
455 876 535 895 casus
556 868 632 895 illttm
650 868 721 894 istuc
742 867 836 895 ferret.
859 866 910 893 ho-

128 915 214 949 spitio
226 921 252 942 ct
264 915 406 948 obsequio,
423 915 480 940 van
490 915 569 944 dixit.
582 919 652 941 eteo
667 914 760 940 abiens
778 913 829 939 iter
843 912 911 939 arri-

129 961 200 997 puit.

164 1006 197 1033 ll.
212 1005 342 1032 Eremitm
355 1004 454 1031 deinde
470 1012 550 1030 causa
565 1004 662 1030 incidit
674 1004 792 1030 civitatis
805 1004 911 1030 Zaozur

129 1061 144 1079 θ
156 1052 274 1079 leundas.
288 1050 375 1085 Prope
388 1051 461 1077 illam
477 1058 652 1085 progressum
665 1050 775 1084 agnovit.
786 1058 817 1076 ex
831 1050 911 1084 longo

129 1098 236 1126 simius.
258 1101 286 1123 et
307 1095 476 1130 peroflieiose
495 1102 654 1124 occurrens.
676 1095 862 1128 acquiesceret
883 1094 908 1120 in

130 1144 226 1170 umbra
245 1142 385 1177 paululum
397 1143 512 1175 rogavit,
530 1148 614 1175 seque
631 1148 692 1167 mox
710 1140 860 1166 rediturum
877 1148 909 1167 ne

130 1194 291 1224 gravaretur
302 1188 433 1222 opperiri.
450 1187 508 1214 Non
531 1187 615 1213 multo
629 1191 690 1220 post
707 1186 791 1213 adfuit
821 1186 910 1213 omnis

129 1235 239 1270 generis
263 1241 340 1268 poma
363 1238 391 1260 et
418 1240 504 1259 nuces
526 1232 654 1263 atii-rens,
675 1231 910 1266 quibusjucunde

131 1289 225 1315 pastus
250 1281 403 1310 solitarius.
437 1279 507 1306 ttltra
530 1280 671 1312 pergebat,
690 1279 776 1312 portis
804 1286 832 1304 se
854 1279 909 1312 jam

130 1328 205 1354 urbis
224 1327 382 1353 admovens.
399 1325 472 1352 Vidit
484 1326 560 1352 illum
572 1324 665 1358 procul
682 1325 764 1351 draco
777 1329 804 1350 et
819 1324 909 1350 statim

129 1374 237 1400 obviam
253 1380 429 1406 procurrens.
449 1371 646 1397 humanissime
658 1370 817 1399 salutatum.
832 1370 910 1396 enixe

129 1419 217 1445 oravit
238 1423 266 1444 ιιι
288 1425 316 1444 se
339 1417 479 1450 paulisper
499 1416 713 1450 prmstolaretur.
732 1415 796 1441 dmn
814 1423 829 1442 e.
844 1423 910 1441 cavo

128 1472 179 1491 suo
197 1464 337 1498 quidpiam
362 1463 399 1488 illi
419 1467 550 1496 portaret.
574 1462 633 1488 Mox
652 1462 733 1487 rediit
750 1461 870 1488 armillas
884 1465 911 1487 et

130 1514 253 1542 torquem
276 1508 348 1533 dono
374 1507 493 1533 alierens
515 1506 633 1537 ingentis
666 1506 756 1540 pretii.
780 1514 840 1540 quae
867 1507 910 1532 ille

130 1555 191 1580 lilia:
203 1554 274 1587 regis
290 1562 303 1580 a
320 1561 350 1579 se
363 1554 390 1579 in
403 1553 482 1578 horto
496 1552 570 1586 regio
585 1551 634 1578 soli
650 1556 764 1585 reperta!
775 1557 800 1578 et
814 1552 910 1579 occisze

127 1605 221 1633 erepta
239 1600 265 1626 in
282 1606 332 1625 suo
349 1598 435 1625 cubili
455 1602 623 1624 servaverat.
642 1597 688 1624 llis
710 1598 830 1632 acceptis
852 1607 911 1625 erc-

128 1646 194 1672 mita
208 1645 301 1671 urbem
316 1646 409 1674 intrat.
425 1644 582 1670 etaurifiris
594 1644 704 1670 domum
719 1644 839 1678 inquirit.
856 1652 909 1671 non

127 1690 256 1717 dubitans
273 1691 338 1724 quin
358 1695 432 1716 tanto
446 1690 593 1716 humanius
603 1690 780 1724 excipiendus
796 1689 864 1716 foret
877 1692 911 1717 ab

128 1737 238 1763 homine
254 1737 304 1762 sibi
320 1743 353 1762 eo
373 1736 506 1763 beneficio
524 1735 656 1762 obstricto
676 1736 748 1770 quod
766 1741 819 1762 tam
840 1737 906 1763 litte-

127 1782 222 1809 raliter
238 1783 346 1816 rependi
364 1790 378 1808 a
395 1782 576 1816 participibus
592 1782 713 1816 ejusdem
730 1782 835 1808 videret
853 1782 910 1808 bel-

127 1827 190 1854 luis.
202 1827 254 1853 Sed
268 1834 330 1860 spes
341 1834 404 1852 eutn
420 1827 498 1860 iul-ge
512 1827 621 1861 den-pit
633 1835 680 1853 sua
693 1835 700 1853 :
716 1835 777 1853 nam
791 1828 909 1860 perfidus

126 1872 230 1898 aurifex
248 1873 340 1906 agnito
364 1871 391 1897 in
415 1880 494 1897 manu
515 1872 662 1898 servatoris
677 1871 718 1898 sui
736 1876 832 1906 torque
848 1873 909 1899 filia:

127 1917 208 1950 regis,
221 1916 326 1943 incluso
339 1917 386 1942 illo
402 1917 475 1942 domi
494 1925 560 1947 stne,
578 1917 768 1943 denuntiatum
786 1918 835 1944 ivit
852 1918 907 1952 regi

126 1969 156 1989 se
170 1961 374 1988 interfectorem
395 1963 454 1995 eius
468 1962 528 1989 tilia:
546 1962 769 1997 deprehendisse.
787 1964 908 1990 mitteret

960 277 1005 303 illa
1026 277 1120 303 vivens
1138 281 1302 311 gestaverat.

994 323 1037 348 Ill.
1053 322 1274 357 Comprehensos
1290 321 1384 349 fraude
1398 322 1517 356 hospitis
1535 321 1676 348 solitarius
1691 323 1764 354 regi

959 368 1075 399 sistitur,
1105 368 1151 402 qui
1180 368 1239 394 viso
1261 372 1357 401 torque
1376 372 1402 394 et
1419 368 1544 398 armillis,
1560 369 1658 394 audire
1679 369 1734 394 nili
1757 368 1764 394 Ι

959 414 1098 440 sustinens
1117 414 1763 447 torquericruciatilmsaccrbissimismisernut

957 459 1050 493 jussit,
1066 459 1138 484 inter
1162 458 1252 493 plagas
1272 463 1300 485 et
1318 463 1454 485 tormenta
1472 459 1523 485 hoc
1539 459 1627 485 solum
1645 460 1765 485 vocife-

961 508 1067 530 rantem
1098 511 1105 529 :
1133 504 1190 530 Non
1214 504 1271 530 inec
1299 508 1409 538 paterer
1423 504 1445 530 si
1470 505 1561 536 simio,
1585 505 1701 531 draconi
1728 511 1765 531 et

960 549 1080 583 serpenti
1115 549 1306 587 credidissem.
1339 549 1551 576 Nnndinabatur
1586 550 1659 577 inter
1691 551 1763 577 haec

960 602 1072 629 serpens
1085 603 1132 629 per
1148 595 1256 621 hortum
1268 600 1295 621 et
1305 595 1371 621 atria
1386 595 1476 629 palatii
1489 596 1611 622 omnium
1625 596 1761 630 ignarus.

961 641 1069 675 quando
1095 641 1187 667 audita
1209 641 1356 675 aguitaque
1377 648 1444 667 voce
1464 641 1505 667 sui
1523 642 1681 668 liberatoris
1696 643 1758 668 sul)

961 687 1045 721 plagis
1061 686 1227 713 immanibus
1243 686 1387 721 gementis.
1403 687 1459 714 aeri
1476 694 1557 714 sensu
1574 688 1645 722 grati
1663 688 1760 714 animi

960 731 1100 765 qumrebat
1112 739 1216 762 secum,
1231 739 1283 765 qua
1302 731 1327 758 vi
1346 739 1434 765 quave
1450 739 1501 765 ope
1515 738 1564 758 aut
1576 733 1674 767 juvare
1693 738 1757 759 tam

961 776 1031 803 bene
1048 776 1082 802 de
1098 783 1126 802 se
1140 775 1268 802 meritum
1289 781 1337 802 aut
1351 775 1444 802 ulcisci
1465 782 1518 802 tam
1541 778 1611 803 ma'e
1627 777 1736 802 nmlcta
1749 793 1758 796 -

963 828 1018 849 tum
1037 827 1138 856 posset.
1153 822 1181 848 ln
1193 829 1224 848 ea
1238 821 1276 848 illi
1294 821 1346 848 fixo
1355 829 1432 853 eura,
1447 822 1519 856 regis
1532 821 1604 848 filius
1614 822 1757 852 occurrit,

962 870 1033 896 tnalo
1051 877 1102 896 suo
1118 877 1228 904 magno.
1245 869 1314 896 Nam
1338 877 1402 896 cum
1418 869 1527 895 irruens
1543 868 1666 900 coluber,
1691 877 1759 894 mo-

962 915 1062 942 tnordit
1075 916 1103 942 in
1119 923 1199 942 manu
1217 915 1272 942 alto
1289 921 1316 942 et
1331 914 1524 941 immedicabili
1538 915 1662 941 vulnere.
1681 915 1758 941 Tre—

961 961 1071 995 pidatur
1091 960 1124 987 ad
1137 961 1268 995 cjulatum
1288 960 1419 994 principis
1430 960 1508 993 pueri
1522 965 1577 986 tota
1591 961 1682 994 regia;
1701 968 1753 987 rex

961 1007 1163 1036 mwstissimus.
1191 1007 1271 1033 dilata
1287 1007 1439 1040 quaestione
1461 1006 1588 1037 solitarii,
1615 1007 1754 1032 accurrit.

963 1053 1041 1080 Varie
1059 1057 1185 1087 satagunt
1201 1052 1321 1079 ministri
1345 1056 1373 1078 et
1389 1051 1499 1082 medici.
1515 1051 1562 1077 sed
1580 1051 1648 1077 nihil
1664 1053 1752 1084 proli-

961 1100 1047 1131 ciunt,
1074 1098 1163 1133 quoad
1186 1106 1201 1126 e
1229 1098 1305 1125 brevi
1330 1106 1428 1133 sopore
1449 1105 1516 1132 puer
1539 1097 1752 1131 expergiscens,

960 1146 1071 1178 Audivi,
1104 1145 1154 1176 ait,
1189 1151 1236 1178 per
1272 1144 1420 1172 somnium.
1453 1150 1505 1169 non
1539 1143 1591 1169 alia
1622 1150 1664 1169 me
1696 1151 1751 1176 ope

961 1191 1050 1218 sanari
1075 1197 1155 1224 posse
1183 1197 1263 1224 quam
1286 1189 1416 1224 precibtts
1446 1188 1568 1215 eremitaz
1582 1194 1628 1214 tuo
1651 1189 1749 1223 jussu,

961 1242 1048 1272 pater,
1067 1237 1166 1270 injuste
1183 1235 1260 1268 torti,
1279 1236 1411 1262 innocens
1427 1235 1500 1261 enim
1518 1239 1569 1261 est.
1586 1235 1754 1261 Commotus

962 1283 1013 1309 hoc
1048 1282 1143 1308 audito
1179 1286 1265 1315 pater,
1293 1281 1444 1307 solitarium
1474 1288 1583 1307 carcere
1614 1280 1751 1307 eductum

961 1332 1047 1362 rogat.
1066 1327 1188 1361 ignoscat
1209 1326 1260 1353 sibi
1283 1334 1332 1360 per
1357 1333 1482 1352 errorem
1510 1325 1596 1358 lapso,
1613 1330 1640 1350 et
1665 1333 1751 1352 orare

961 1380 1010 1407 pro
1033 1372 1089 1399 lilio
1119 1372 1336 1406 periclitantem:
1365 1376 1503 1405 gravetur.
1519 1370 1695 1397 Aunucntem
1716 1370 1750 1396 ad

960 1426 1061 1453 aegrum
1091 1426 1184 1445 secum
1200 1417 1286 1443 ducit.
1309 1417 1404 1450 Magna
1439 1417 1544 1443 circum
1577 1416 1657 1442 turba
1687 1421 1751 1442 erat

961 1463 1135 1490 familiarium
1146 1463 1217 1498 regis
1226 1471 1256 1489 ac
1269 1470 1423 1496 procerum,
1434 1469 1525 1488 coram
1538 1462 1639 1496 quibus
1651 1461 1751 1490 inson-

926 1518 945 1545 ρ
964 1514 1016 1535 tem
1043 1516 1071 1535 se
1096 1513 1264 1534 contestatus
1295 1508 1418 1539 eromila,
1450 1507 1570 1541 graviter
1598 1507 1750 1534 accusabat

963 1553 1172 1589 iugratissimam
1182 1552 1302 1580 aurificis
1317 1553 1511 1587 proditionem.
1524 1554 1583 1588 ejus
1597 1553 1749 1586 turpitudi-

962 1609 1024 1627 nem
1037 1608 1204 1634 exaggerans
1216 1607 1248 1626 ex
1267 1600 1417 1625 bestiarum
1433 1599 1491 1632 pari
1506 1606 1557 1633 ope
1572 1603 1746 1624 servaturum

964 1646 990 1672 in
1007 1654 1036 1672 se
1057 1646 1154 1672 ciliciis
1169 1645 1335 1680 ingentibus.
1352 1645 1410 1672 Sub
1433 1645 1490 1671 haec
1511 1644 1608 1679 positis
1629 1644 1748 1678 genibus

963 1697 1100 1726 precatus,
1120 1691 1223 1725 regium
1243 1691 1446 1718 adolescentem
1469 1696 1607 1716 momento
1627 1690 1746 1719 sanavit.

962 1742 989 1762 et
1007 1736 1075 1770 patri
1091 1736 1231 1763 la'tissimo
1248 1736 1412 1762 inrolttmem
1432 1736 1559 1762 reddidit.
1573 1736 1640 1767 ilex,
1656 1736 1749 1762 onmi-

963 1781 1014 1807 htts
1032 1782 1159 1816 cognitis,
1180 1782 1321 1808 aurificem
1338 1783 1486 1816 ingratum,
1503 1785 1532 1808 ut
1558 1781 1654 1808 falsum
1671 1781 1748 1807 dela-

963 1831 1049 1852 torem
1076 1831 1162 1853 tnorte
1185 1826 1254 1853 allici
1280 1827 1437 1857 mandavit:
1463 1826 1616 1857 crcmitam,
1647 1832 1747 1860 printer

963 1871 1074 1898 monilia
1102 1872 1171 1902 filias,
1201 1878 1262 1905 qua:
1289 1871 1327 1897 illi
1356 1871 1478 1901 donavit.
1510 1871 1603 1897 multis
1633 1871 1748 1904 iItStlpt'r

965 1918 1127 1944 tnunerihus
1169 1917 1337 1944 cutmtlatum
1376 1916 1657 1944 honorificentissime
1702 1915 1746 1942 tli-

961 1964 1045 1989 misit.

619 2073 882 2104 DlSSlEll'l‘A'l‘lO
905 2074 1158 2104 PARABOIJCA
1178 2073 1251 2103 ΧΗ.

125 2137 290 2170 Societatis
314 2135 521 2166 similitudine

545 2136 680 2174 fortuna:
706 2138 906 2167 coalesrevntt's
928 2139 1010 2167 inter
1044 2137 1180 2166 homines
1210 2137 1428 2167 dirersissimm
1455 2138 1548 2167 sortis
1571 2137 1743 2176 exemplum

163 2177 324 2217 proponit.
344 2176 552 2217 Proridentia‘
579 2176 767 2206 consulentis
797 2177 972 2207 hominibus
992 2186 1096 2206 curam
1119 2177 1281 2215 banc/iram
1302 2177 1451 2213 declarat,
1477 2181 1503 2206 et
1521 2186 1586 2206 eam
1601 2187 1664 2206 esse
1693 2177 1744 2206 dc-

163 2216 315 2246 inonstrat
331 2216 478 2254 optimum
495 2220 522 2244 et
542 2216 747 2245 certissimum
761 2217 997 2256 fundamentum
1012 2217 1131 2254 ﬁducia?
1146 2217 1297 2246 lmmanw.

159 2279 244 2313 Capio
267 2282 293 2304 rt
313 2278 399 2312 probo
420 2286 479 2312 qua!
499 2279 603 2310 dixisti,
625 2279 663 2305 ait
683 2286 730 2305 rex
749 2279 907 2306 Abessalom
927 2282 948 2309 D
965 2279 1148 2314 providentia.
1176 2278 1309 2313 plurimas
1330 2278 1378 2304 init
1401 2278 1567 2312 easdemque
1585 2277 1744 2311 inopinatis-

124 2326 183 2353 ha-c
198 2325 290 2351 locuto
305 2325 549 2359 gymnosophistm;
570 2324 666 2350 vellem
680 2332 753 2351 nunc
769 2325 863 2351 audire
875 2333 909 2352 ex

126 2378 163 2402 te.
181 2371 203 2397 si
230 2375 319 2401 vacat.
347 2378 399 2397 nec
421 2377 503 2404 grave
528 2374 589 2399 est.‘
608 2371 749 2404 quomodo
770 2372 910 2405 contingat

126 2418 287 2452 aliqucmcx
303 2423 420 2450 paupere
433 2415 544 2442 divitem
563 2416 621 2442 fieri
634 2416 680 2450 qui
693 2416 776 2443 miser
785 2424 817 2443 cx
829 2416 908 2443 felice

126 2465 202 2500 prius
217 2463 343 2490 evaserit.
362 2463 400 2489 Ad
418 2462 469 2488 hoc
487 2461 709 2496 gymnosophista
726 2470 733 2489 :

162 2510 182 2536 Ι.
199 2509 277 2540 Rem,
293 2508 393 2542 inquit.
409 2507 529 2540 domine,
547 2508 668 2541 postulas
684 2515 736 2534 non
754 2512 806 2534 tam
823 2507 910 2542 expli-

125 2560 187 2583 catu
200 2555 336 2582 diflicilem
350 2553 517 2580 obscuritate
532 2553 572 2579 sui
587 2560 668 2586 quant
682 2553 754 2580 varia
768 2554 907 2587 quotidia-

125 2609 222 2628 norum
237 2605 385 2627 eventuum
403 2598 606 2632 multiplicitale
619 2598 752 2625 infinitam
773 2599 857 2625 dictu.
873 2599 907 2626 Ut

124 2649 198 2675 enim
223 2647 317 2675 multis
335 2646 445 2673 fortuna
468 2645 596 2680 gravrhus
621 2650 649 2672 et
667 2645 775 2672 acerbis
798 2646 908 2673 casibus

125 2695 207 2720 vitam
228 2692 338 2719 infestat
363 2691 520 2721 liutnanam,
538 2696 665 2717 evertens
688 2690 781 2718 felices
797 2691 907 2724 opibus.

124 2745 151 2766 ct
167 2747 220 2766 una
242 2738 411 2765 revolutione
434 2741 500 2763 rota:
517 2737 728 2771 superbissimos
747 2741 876 2772 tyrannos
893 2745 908 2764 c

124 2785 235 2818 fastigio
254 2783 315 2810 solii
334 2783 361 2810 in
382 2783 466 2809 imum
492 2782 601 2817 pistrini
620 2783 757 2817 redigens,
775 2783 812 2809 ita
837 2783 907 2810 hanc

127 2830 237 2855 frenans
255 2826 450 2861 corrigensqne
466 2826 593 2854 Numinis
614 2827 708 2854 orbem
727 2827 907 2863 gubernantis

961 2334 973 2352 ε
987 2333 1044 2352 mas
1066 2326 1226 2358 plerumque
1247 2325 1377 2354 rationes.
1400 2325 1538 2358 egentium
1556 2324 1741 2355 ditandorum,

960 2376 987 2397 ct
1005 2370 1148 2396 humilium
1166 2370 1255 2395 subita
1271 2369 1346 2395 orbis
1362 2369 1496 2402 vertigine
1513 2377 1526 2394 e.
1539 2369 1597 2395 luto
1611 2369 1638 2395 in
1655 2369 1740 2395 luce."

961 2414 1097 2447 acglorim
1122 2413 1230 2439 culmen
1257 2413 1474 2439 evehendorum.
1495 2414 1533 2439 Ac
1561 2412 1633 2446 quod
1660 2413 1742 2446 magis

960 2465 1002 2486 est
1025 2461 1137 2488 mirum,
1157 2460 1258 2485 eadem
1279 2459 1333 2484 illis
1358 2459 1520 2492 plerumque
1538 2451 1740 2484 contrariorum

960 2511 1106 2532 eventuum
1135 2513 1224 2531 cause
1251 2509 1327 2535 sunt,
1354 2505 1423 2530 adeo
1444 2509 1473 2530 ut
1488 2505 1590 2539 quibus
1609 2505 1738 2536 potentia,

960 2551 1060 2585 quibus
1084 2551 1179 2581 forma,
1203 2551 1304 2584 quilms
1322 2557 1366 2575 ars
1380 2557 1427 2575 sua
1445 2555 1528 2584 atque
1542 2550 1679 2576 industria
1697 2557 1737 2575 ca-

961 2597 1042 2623 dendi
1074 2606 1105 2623 ex
1134 2602 1205 2623 statu
1232 2597 1427 2624 ollendicnlum
1456 2597 1597 2631 obirem-it,
1620 2595 1737 2626 eosdem,

957 2644 1070 2670 ludente
1085 2648 1114 2669 ut
1128 2644 1197 2670 solet
1212 2644 1238 2670 in
1253 2644 1381 2670 humanis
1393 2644 1477 2669 rebus
1492 2641 1625 2676 sapientia
1637 2641 1735 2671 divina,

957 2697 1005 2716 sua
1024 2689 1163 2718 nobilitas.
1176 2697 1224 2715 sua
1241 2694 1381 2718 venustas.
1398 2696 1464 2714 suus
1489 2688 1566 2714 labor
1586 2687 1736 2721 peritiaque

956 2735 1071 2762 lotume
1092 2735 1197 2762 meliori
1218 2735 1374 2761 restituant.
1396 2734 1496 2760 [larum
1515 2734 1584 2760 adeo
1603 2733 1737 2759 vicissitu-

956 2781 1051 2807 dinum
1067 2781 1204 2815 specimen
1222 2781 1315 2815 accipe
1331 2780 1357 2806 in
1371 2780 1575 2807 narratinneula
1592 2787 1645 2805 non
1655 2779 1733 2812 longa

955 2826 1022 2854 satis
1042 2826 1290 2862 incxspcctatorum
1315 2833 1502 2860 successuum,
1524 2833 1592 2861 quos
1608 2825 1731 2852 homines
