1913 3068
123 103 187 134 Ῑ3ίν1

812 111 831 138 Α
842 110 1017 141 ΡΡΕΝΒΙΧ.

1677 122 1763 152 I352

118 163 280 186 aeminiero
297 159 404 192 qualem
423 161 536 195 optabat
566 169 594 189 se
609 162 664 189 cito
693 168 802 190 nactum
827 164 904 199 gavi-
921 169 943 195 Α
957 166 1032 194 mino
1048 175 1129 201 quem
1140 169 1299 203 extulimus,
1310 172 1384 207 regia
1396 173 1523 201 universa
1537 174 1640 202 familia
1654 176 1753 210 ;quid

118 209 177 233 sus.
195 209 300 238 septeni
319 206 403 232 mi'lia
421 215 562 234 nuiunnnn
577 209 648 235 haud
662 215 771 244 gravate
793 211 907 244 pacisci-

119 255 163 277 tur
180 256 208 277 et
221 252 313 278 statim
341 252 439 279 tradit.
457 253 504 280 llis
521 259 614 280 noster
634 255 754 288 acceptis
769 264 846 282 suam
880 260 907 283 ιι

119 299 261 331 sponsoris
275 299 353 325 fidem
374 299 483 329 liberat.
501 308 547 326 sex
564 300 685 327 millibus
698 310 731 328 ex
759 307 838 335 pacto
851 311 905 329 nu-

120 343 259 370 merandis
289 344 334 370 ctti
361 344 489 370 debebat.
520 344 634 379 Moxque
654 345 686 371 ad
714 346 804 372 socios
831 346 908 372 festi—

121 397 190 416 nans
205 390 231 416 in
257 395 334 424 porta
361 391 436 417 urbis
467 392 586 418 carbone
619 400 674 418 sua,-
698 399 906 420 monumentum

120 443 211 469 opera‘.
227 436 357 469 signavit,
367 437 406 463 sic
425 437 550 463 scribens
569 446 575 462 :
589 437 728 464 Industrio
745 440 907 466 mercatoris

123 481 198 507 mille
211 488 340 509 nummos
350 490 402 509 una
420 483 464 510 die
477 483 530 510 sibi
551 488 578 510 et
601 484 741 510 sodalibus
761 493 794 511 ex
819 486 906 513 nihilo

121 527 251 554 Confecit.

157 572 200 600 IV.
223 574 300 601 Unus
328 579 473 610 supererat
499 576 572 609 regis
601 576 692 609 filius;
716 578 761 612 qui
785 586 839 605 non
869 578 906 606 ita

121 619 209 646 multo
225 625 296 654 post,
312 620 356 648 die
384 626 474 655 capto.
495 629 549 649 non
581 623 659 649 bonis
687 624 784 650 avibus
809 624 906 650 urbem

119 665 314 700 ingredivisus
332 671 498 694 estatratam
520 668 594 695 luctu
614 676 698 700 ;nam
721 677 751 695 ea
768 670 809 696 sui
835 670 907 704 regis

119 710 180 737 sine
198 710 296 738 liberis
310 710 432 738 defuncti
446 712 528 739 funus
542 719 639 740 nimsta
657 714 824 742 celebrabat.
839 715 906 742 Pro-

121 763 198 782 ceres
215 755 262 790 qui
283 756 480 790 rempublicam
493 758 734 789 adminiSLrabant.
754 759 799 786 tali
813 767 904 786 rerum

119 801 237 827 articulo
252 801 418 831 solliciti,ue
434 802 499 836 quid
520 803 662 830 turbarum
694 805 826 837 oriretur,
855 814 904 832 cu-

120 847 226 874 stodias
243 848 450 882 geminaverant
463 854 616 882 portarum.
627 850 820 885 explorarique
838 851 905 878 sub-

118 893 377 928 euntesjusserant.
390 893 430 920 Ab
451 893 494 921 Itis
507 894 719 922 animadversas
742 897 905 930 peregrinus

117 939 228 973 juvenis
250 938 352 972 speciei
380 939 507 971 heroicae,
534 947 597 967 cum
622 940 806 976 interrogatus
829 942 904 976 quis,

124 983 214 1017 cujus,
232 983 314 1014 unde.
332 991 380 1010 eur
392 984 509 1014 veniret.
523 992 684 1018 responsum
705 985 777 1012 haud
798 991 903 1013 certum

120 1028 289 1063 expedisset.
303 1035 448 1063 suspectus
468 1029 496 1056 in
509 1031 618 1057 vincula
634 1030 715 1057 datus
742 1035 796 1063 est,
823 1032 905 1060 valde

121 1074 329 1106 miserantibus.
352 1075 396 1102 ubi
425 1083 482 1102 rem
509 1083 672 1110 cognovere,
705 1081 760 1102 tam
798 1078 904 1104 tristem

119 1128 277 1148 successum
293 1120 387 1148 sociis.
406 1121 511 1148 Triduo
526 1122 773 1155 posteonsulentes
785 1122 819 1149 de
832 1123 905 1157 regis

119 1167 257 1195 electione
290 1171 442 1196 senatores,
471 1167 622 1194 audierunt
659 1175 673 1194 a
711 1169 905 1202 qumsitoribus

122 1221 184 1247 quae
199 1214 217 1240 ii
246 1219 262 1240 ε,
291 1213 400 1247 captivo
430 1213 606 1240 adolescente
626 1214 816 1240 reseiverant:
845 1222 905 1242 esse

121 1258 198 1284 illum
209 1258 280 1292 regis
294 1258 354 1285 noti
369 1263 397 1286 et
409 1258 529 1293 potentis
544 1259 770 1293 primogenitum,
787 1260 905 1288 factione

119 1304 214 1331 fratris
227 1305 343 1332 minoris
359 1305 435 1339 regni
448 1305 608 1333 bzereditate
623 1306 760 1341 dejeetum
774 1314 781 1339 ;
797 1311 824 1333 ct
836 1307 905 1334 forte

120 1350 192 1377 fama
208 1351 248 1378 rei
263 1355 343 1378 tanta:
360 1351 386 1385 in
411 1351 537 1385 proximo
564 1356 646 1386 gestas
673 1359 708 1378 eo
732 1357 904 1386 pervenerat,

122 1395 267 1423 celebrans
283 1397 366 1423 etiam
383 1396 435 1423 viri
460 1396 565 1424 laudes.
596 1396 644 1424 llis
669 1397 770 1424 auditis
793 1402 905 1424 senatus

120 1442 262 1477 princeps,
275 1442 390 1477 Nempe,
407 1443 507 1477 inquit,
521 1443 627 1475 Patres,
645 1451 737 1478 regem
750 1443 821 1470 Deus
832 1443 903 1470 ultro

120 1489 201 1516 nobis
222 1489 314 1519 oﬂert.
354 1497 410 1524 quo
440 1489 584 1516 meliorem
616 1496 650 1515 ne
675 1493 769 1523 optare
795 1489 904 1523 quidem

120 1541 276 1569 possumus.
295 1534 449 1567 Exstincta,
461 1540 491 1561 ut
503 1534 591 1568 scitis,
602 1540 644 1562 est
654 1542 716 1562 cum
732 1540 827 1562 nostro
853 1535 902 1563 do-

956 211 1109 246 clegantins
1124 213 1214 242 facere
1232 216 1296 242 licet
1317 224 1400 250 quam
1429 218 1642 252 nobilissimum,
1667 221 1755 255 opti-

958 265 1044 290 nnnn,
1078 266 1128 286 nec
1146 260 1241 287 rudem
1271 262 1404 295 regnandi
1431 264 1531 291 artium
1561 265 1692 299 juvenem
1724 267 1757 293 in

957 311 1075 331 vacuum
1096 306 1181 332 nostri
1196 307 1273 342 regni
1287 308 1406 336 evehere
1420 309 1540 336 solium?
1557 310 1756 345 Disceptatum

957 350 1117 384 aliquandiu
1133 351 1166 378 dc
1180 360 1218 384 re,
1236 358 1428 388 certatumque
1457 357 1530 383 votis
1560 364 1593 384 ac
1626 357 1750 388 studiis;

958 396 1067 422 tandem
1098 398 1231 425 euntibus
1255 399 1395 434 plerisque
1421 400 1448 427 in
1473 402 1637 428 sententiam
1660 403 1750 437 primi

957 443 1105 475 senatoris,
1121 444 1238 471 eductus
1254 453 1268 472 e
1289 446 1416 473 custodia
1434 447 1486 474 rite
1506 453 1656 474 coronatur
1677 449 1743 476 adr.»

958 488 1074 516 lescens.
1094 489 1228 524 Subjiciet
1243 491 1295 517 sibi
1310 491 1427 526 quisque
1443 492 1523 519 facile
1540 501 1600 527 quze
1621 494 1748 525 novitas,

957 541 1075 568 quisque
1091 535 1237 562 admiratio
1257 541 1420 564 cunctorum
1437 538 1531 565 fuerit.
1561 539 1656 566 Trium
1683 548 1748 567 Ina-

958 580 1030 606 xime
1046 580 1105 614 ejus
1120 581 1252 607 comitum
1277 587 1338 616 post
1368 584 1476 610 anxiam
1508 585 1745 619 exspectationem

958 623 1232 659 ingensgaudiumet
1247 627 1396 662 gratulatio
1420 629 1467 655 Dei
1489 629 1569 656 laude
1596 631 1745 665 conjuncta

957 669 1072 696 exstitit.
1099 670 1192 705 Neque
1209 671 1307 698 borum
1327 672 1428 700 oblitus
1444 673 1471 700 in
1500 673 1608 700 fortuna
1636 675 1744 702 meliori

958 724 1047 743 novus
1071 725 1128 746 rex.
1140 718 1231 744 statim
1247 726 1294 744 eos
1308 719 1434 751 accersit,
1450 727 1482 745 ac
1494 719 1615 746 nobilem
1628 720 1742 754 quidem

957 761 1107 788 fortnosum
1126 763 1201 789 illum
1220 764 1339 798 palatino
1363 764 1482 791 maximo
1497 769 1667 791 auctoratum
1684 773 1744 791 ma-

957 808 1072 841 gistratu
1090 808 1160 842 apud
1179 816 1207 835 se
1231 808 1347 841 habuit;
1374 809 1536 843 naufragum
1562 815 1740 837 mercatorem

956 851 1054 878 aerario
1064 852 1186 886 przelecit
1199 861 1206 885 ;
1221 854 1323 879 rustico
1339 853 1458 888 denique
1469 854 1593 881 villarum
1604 855 1740 889 regiarum

956 903 1179 931 procurationem
1192 898 1378 926 demandavit.
1392 900 1430 927 Ae
1439 900 1511 934 quod
1527 901 1589 927 illos
1599 901 1742 936 scripsisse

956 942 983 969 in
996 947 1072 976 porta
1093 949 1268 978 compererat
1286 945 1405 980 elogium
1421 953 1476 972 sua:
1494 954 1632 981 quemque
1645 947 1740 978 sortis,

956 993 985 1016 et
1003 989 1061 1023 ipse
1078 989 1103 1016 id
1124 989 1259 1022 imitatus,
1272 991 1299 1018 in
1328 991 1417 1018 fronte
1434 993 1564 1027 pl‘OIIyIiEI
1580 997 1666 1026 portae
1693 1000 1741 1018 ur-

955 1033 997 1060 bis
1012 1034 1146 1068 primaria:
1175 1035 1260 1062 Iocari
1295 1044 1415 1063 marmor
1440 1037 1546 1063 curavit
1573 1036 1616 1063 cui
1640 1036 1741 1064 litteris

955 1080 1186 1114 quadrantalibus
1208 1082 1300 1108 aureis
1329 1082 1447 1117 insculpi
1468 1083 1612 1118 jusserat:
1633 1082 1742 1110 Certior

955 1127 1125 1161 solidiorque
1153 1127 1226 1154 basis
1250 1128 1357 1155 fiducize
1376 1128 1512 1159 humanae.
1539 1136 1622 1163 quam
1651 1129 1739 1158 labor.

955 1171 1054 1203 forma,
1089 1172 1235 1204 industria,
1263 1173 1354 1200 divina
1379 1178 1422 1201 est
1456 1174 1639 1208 providentia.
1667 1174 1740 1200 unde

955 1224 1036 1244 omne
1058 1218 1157 1244 bonum
1181 1218 1316 1251 provenit.
1334 1219 1396 1245 Ilaec
1408 1219 1508 1246 Genxa:
1531 1219 1568 1253 (id
1584 1219 1610 1246 ei
1639 1227 1740 1247 nomen

954 1267 1024 1296 erat)
1042 1269 1150 1296 semper
1166 1262 1218 1289 fuit
1228 1262 1333 1297 opinio,
1348 1263 1509 1290 felicissimo
1529 1267 1631 1291 eventu
1661 1271 1741 1291 com-

955 1307 1152 1342 probata.Sub
1181 1308 1240 1335 haec
1271 1316 1405 1343 perorans
1430 1310 1656 1344 gyinnosophista
1679 1311 1736 1344 regi

955 1354 1133 1381 Abessalomo
1150 1354 1220 1380 dixit
1245 1354 1351 1381 :Vides
1380 1362 1413 1381 ex
1446 1355 1499 1385 his,
1528 1355 1647 1387 domine,
1675 1363 1740 1390 opes

954 1399 1101 1432 egeritihus
1123 1400 1283 1434 contingere
1313 1406 1407 1433 opera,
1431 1401 1655 1434 spccie.genere.
1669 1405 1738 1429 arte.

957 1449 985 1470 at
1002 1452 1085 1478 super
1109 1444 1214 1476 omnia,
1233 1444 1406 1479 providentia
1425 1449 1452 1472 et
1466 1449 1601 1479 potestate
1616 1446 1737 1480 supremi

920 1505 941 1533 ο
959 1489 1085 1517 Numinis
1100 1494 1198 1517 cuncta
1211 1490 1415 1525 sapientissime
1428 1490 1639 1526 aequissimeque
1647 1490 1740 1518 mode-

958 1535 1055 1563 rantis.

610 1671 875 1702 DISSIERTATIO
895 1672 1144 1703 PARABOLICA
1162 1672 1251 1702 XIII.

121 1745 215 1774 Docet
232 1744 312 1774 vices
333 1751 433 1783 equas
447 1752 551 1774 rerum
566 1747 681 1774 (eterna
697 1743 761 1783 lege
786 1744 989 1822 cons/titutas;
1012 1744 1093 1774 unde
1115 1745 1277 1775 conueniat
1293 1753 1356 1775 non
1382 1753 1463 1784 aegre
1483 1745 1565 1784 ferre
1584 1752 1652 1774 cum
1669 1745 1740 1784 qui:

771 1792 836 1822 qua:
868 1789 936 1821 eczt,
952 1785 1085 1822 patitur.

771 1792 836 1822 qua:
850 1785 936 1822 fecit,
952 1785 1085 1823 patitur.

158 1849 230 1876 Dixit
243 1853 334 1876 autent
355 1856 404 1876 rex
425 1856 432 1874 :
449 1848 559 1882 Percepi
587 1848 742 1882 parabolam
775 1848 854 1876 istam
876 1855 903 1877 et

120 1895 187 1929 quid
203 1903 252 1928 per
277 1903 337 1922 eam
366 1895 545 1929 praecipiatur
566 1895 711 1929 intelligo;
735 1903 809 1923 nunc
835 1896 903 1923 doce

121 1948 177 1974 quo
196 1945 275 1974 pacto
287 1940 332 1967 flat
347 1944 375 1966 ut
392 1938 470 1966 facile
483 1939 614 1966 oblivioni
641 1940 729 1966 tradat
759 1947 789 1967 ac
806 1948 902 1974 parum

121 1991 200 2012 curet
215 1985 319 2012 alienas
343 1985 523 2016 calamitates,
545 1984 593 2018 qui
618 1985 722 2012 nullum
749 1986 806 2020 ipse
829 1987 904 2012 dant-

123 2037 188 2056 num
219 2037 315 2063 passus
340 2037 461 2063 unquam
491 2033 559 2062 est;
589 2030 633 2056 tibi
668 2034 759 2057 autem
787 2031 906 2065 experiri

122 2077 190 2102 mala
207 2077 333 2110 coeperit.
363 2075 480 2102 aliorum
512 2075 550 2102 illi
576 2075 678 2106 clades,
705 2077 905 2103 admonitiones

121 2131 152 2148 ac
168 2123 332 2149 documenta
347 2123 402 2148 sint
416 2121 518 2156 quibus
531 2121 566 2148 ad
584 2121 804 2156 resipiscendum
817 2122 905 2149 addu-

121 2173 211 2195 catur.

157 2214 197 2240 Ad
212 2221 243 2240 ea
262 2217 402 2247 resumpto
419 2219 546 2239 sermone
558 2211 779 2247 gymnosophista
789 2219 903 2246 respon-

121 2259 158 2284 dit
177 2260 203 2285 in
227 2259 299 2285 hunc.
314 2258 425 2284 modum
448 2267 454 2284 :
481 2257 531 2290 Qui
555 2266 609 2284 non
629 2257 737 2284 dubitat
761 2258 830 2284 alios
859 2258 905 2284 lar

122 2306 188 2331 dere
210 2309 239 2331 ut
253 2305 303 2330 sibi
321 2303 411 2338 prosit
429 2303 491 2337 ipsi,
507 2305 608 2330 stultus
627 2303 902 2337 imprttdensquecst.

122 2351 223 2385 quippe
239 2350 284 2384 qui
297 2358 350 2376 non
369 2350 472 2384 cogitet
487 2350 611 2376 omnium
628 2357 687 2376 esse
710 2354 833 2376 actorum
859 2351 904 2383 ju-

121 2405 176 2423 stas
189 2397 273 2423 vices.
292 2395 515 2428 itntnutabiliqne
529 2395 627 2420 ordine
642 2401 831 2420 successuram
857 2394 906 2420 ali-

122 2441 231 2476 quando
247 2441 403 2474 cuicunque
422 2439 529 2474 injnriae
551 2447 643 2473 parent
669 2439 814 2469 ultionctn,
828 2442 902 2465 certe

122 2492 152 2514 ut
169 2487 332 2521 longissime
347 2485 502 2513 diflcratur.
517 2485 612 2512 ultima
636 2485 680 2511 illa
696 2485 741 2511 die
755 2493 808 2518 qua
827 2491 903 2518 aequa

122 2532 267 2560 retributio
282 2532 401 2560 cunctis,
422 2536 503 2565 prout
530 2531 661 2561 vixerint,
680 2530 821 2556 reddetur.
848 2529 905 2556 Hac

122 2589 204 2615 porro
228 2590 241 2606 ιι
253 2585 316 2607 eutc
334 2580 359 2606 in
375 2579 547 2606 calamitates
564 2577 903 2608 incidetiunnedirabiles,

124 2637 152 2653 lt:
165 2626 218 2653 nisi
236 2626 319 2652 vitam
336 2625 462 2652 emendet
479 2625 505 2650 in
531 2630 664 2657 tempore,
681 2622 905 2658 poenitentiagde-

124 2672 205 2705 .iique
222 2679 289 2697 sera:
305 2675 386 2704 atque
406 2669 511 2696 inutilis
535 2669 590 2695 aeri
610 2673 746 2695 tormento
770 2666 906 2693 cruciabi-

123 2725 176 2744 ιιιι·.
192 2716 354 2750 IIujustnodi
379 2720 469 2742 tamen
489 2714 627 2741 interdum
653 2713 835 2740 emendantur
856 2720 904 2739 cx-

123 2760 258 2795 perientia
271 2762 406 2787 malorum
419 2760 612 2794 propriorum;
629 2764 656 2785 et
678 2758 700 2784 si
718 2757 828 2792 quando
842 2764 904 2784 sen-

123 2806 192 2832 tiant
206 2805 305 2832 damna
321 2805 354 2832 ab
375 2805 435 2833 aliis
451 2805 536 2835 illata.
554 2804 706 2836 intelligere
730 2803 840 2830 demum
862 2802 905 2829 in-

957 1850 1063 1884 cipiunt
1079 1849 1275 1876 abstinendum
1291 1848 1344 1876 sibi
1358 1855 1419 1876 esse
1431 1855 1446 1876 a
1472 1847 1605 1878 vexandis
1621 1856 1670 1884 per
1697 1849 1740 1876 in.

954 1895 1043 1928 juiias
1072 1895 1143 1926 aliis,
1171 1899 1253 1929 prout
1281 1895 1373 1922 leaenae
1396 1893 1520 1929 contigit.
1543 1894 1644 1921 Ferunt
1664 1894 1740 1921 enim

957 1941 1050 1968 leaena:
1063 1941 1181 1975 cuipiam
1195 1941 1302 1968 catulos
1312 1940 1382 1967 duos
1394 1940 1489 1972 fuisse,
1501 1940 1637 1974 quosipsa
1654 1947 1741 1967 vena-

960 1991 1016 2013 tum
1027 1987 1168 2021 prodiens,
1185 1991 1256 2016 tuto.
1277 1991 1306 2012 ut
1327 1985 1452 2020 putabat,
1470 1985 1531 2012 loco
1554 1985 1682 2019 deposuit
1711 1985 1741 2012 in

959 2032 1039 2062 silva.
1059 2032 1105 2058 ubi
1122 2040 1171 2059 eos
1184 2032 1315 2059 inventos
1326 2036 1440 2059 venator
1454 2031 1565 2066 quidam
1592 2031 1740 2064 interfecit,

957 2083 985 2104 et
995 2078 1065 2112 pelle
1081 2077 1190 2111 utrique
1213 2077 1336 2104 detracta
1356 2084 1506 2111 secumque
1531 2077 1630 2106 ablata,
1657 2084 1743 2103 exco-

957 2123 1044 2149 riatos
1054 2127 1082 2150 et
1105 2122 1205 2149 misere
1220 2122 1324 2149 laceros
1346 2121 1466 2156 reliquit.
1488 2121 1583 2148 Redux
1597 2121 1630 2148 ad
1648 2120 1741 2148 locum

918 2158 943 2187 D
958 2168 1057 2197 leaena.
1077 2172 1103 2194 et
1117 2167 1296 2195 cbarissimos
1312 2168 1384 2194 fetus
1407 2167 1557 2194 exstinctos
1585 2172 1668 2201 atque
1694 2175 1727 2193 ex

957 2214 1132 2240 carnificatos
1165 2221 1294 2244 cernens,
1322 2213 1475 2239 incredibili
1505 2213 1611 2239 confixa
1644 2212 1743 2239 dolore

957 2264 1010 2290 est.
1028 2259 1188 2293 nullumque
1213 2259 1292 2285 finem
1322 2258 1403 2285 Πριηιί
1418 2266 1450 2285 ac
1472 2257 1636 2284 latuenlandi
1656 2258 1743 2285 facie-

960 2303 1016 2333 bat.
1032 2303 1101 2329 adeo
1120 2304 1290 2337 utejulatum
1307 2304 1366 2337 ejus
1382 2311 1412 2330 ac
1434 2303 1570 2337 planctum
1584 2304 1672 2329 excita
1698 2314 1744 2330 so-

958 2348 1015 2374 nitu
1051 2349 1139 2375 vicina
1152 2356 1215 2375 ursa
1233 2357 1281 2382 pro
1305 2349 1507 2375 necessitudin
1529 2354 1687 2375 aecum-ret
1706 2350 1740 2376 ad

957 2393 1072 2419 amicam
1103 2393 1308 2420 consolandam.
1336 2393 1380 2420 Ait
1408 2401 1472 2427 ergo
1496 2393 1577 2420 simul
1605 2396 1729 2427 pervenit

957 2437 1025 2470 Quis
1047 2444 1072 2465 te
1089 2443 1179 2464 tantus
1191 2446 1294 2465 tnmrur
1318 2438 1439 2466 conficit.
1453 2446 1502 2470 age
1517 2438 1582 2472 quid
1596 2441 1741 2472 quereris?

959 2483 1025 2518 quid
1052 2483 1101 2510 tibi
1127 2483 1200 2517 quod
1221 2483 1308 2510 nolles
1323 2484 1439 2517 contigit
1454 2483 1464 2508 ?
1479 2483 1637 2512 Enimvero.
1651 2484 1739 2518 inquit

960 2529 1016 2560 illa,
1035 2529 1173 2563 quomodo
1189 2537 1243 2556 non
1261 2529 1352 2561 fleam,
1367 2537 1421 2555 non
1451 2529 1563 2558 ululem,
1593 2536 1646 2554 nun
1665 2530 1744 2562 plan-

958 2584 1030 2610 gam,
1047 2583 1106 2608 quae
1122 2575 1191 2602 duos
1207 2583 1284 2602 meos
1310 2576 1416 2602 catinios
1434 2574 1595 2601 amiserim?
1613 2574 1666 2601 llos
1699 2583 1738 2601 re-

958 2621 1090 2655 liqueram
1105 2621 1282 2648 absconditos
1295 2621 1322 2647 in
1337 2621 1509 2647 arundineto.
1520 2620 1638 2646 Venator
1648 2625 1739 2646 autem

959 2666 1070 2701 quidam
1096 2667 1150 2693 illic
1163 2671 1288 2700 repertos
1307 2667 1372 2700 (heu
1402 2667 1469 2692 mihi
1483 2665 1501 2700 !)
1517 2665 1631 2696 occidit.
1649 2670 1674 2691 ct
1690 2673 1741 2692 nu-

959 2714 1082 2738 iia'arum
1108 2712 1231 2738 carnium
1254 2712 1340 2746 pelles
1366 2712 1494 2739 auferens
1510 2712 1589 2738 abiit.
1616 2711 1690 2738 Dixit
1714 2711 1741 2738 ei

959 2764 1023 2784 ursa
1041 2766 1047 2784 :
1069 2757 1163 2791 Atqui,
1179 2757 1278 2789 amica,
1296 2757 1367 2784 ferre
1389 2762 1415 2784 te
1432 2757 1505 2784 hunc
1523 2764 1616 2784 casum
1633 2764 1666 2783 eo
1676 2764 1744 2783 con-

960 2802 1081 2830 stantius
1095 2810 1143 2837 par
1158 2807 1212 2836 est,
1226 2802 1299 2836 quod
1314 2811 1378 2831 cum
1395 2803 1505 2831 conscia
1523 2803 1571 2830 tibi
1584 2810 1614 2830 es
1623 2805 1742 2830 merenti
