  <div class='ocr_page' id='page_1' title='image "/cluster/home/n/w/nwhite01/storage/ocr_20150623/143/njp.32101010942884/748.png"; bbox 0 0 1913 3068; ppageno 0'>
   <div class='ocr_carea' id='block_1_1' title="bbox 157 155 225 188">
    <p class='ocr_par' dir='ltr' id='par_1_1' title="bbox 157 155 225 188">
     <span class='ocr_line' id='line_1_1' title="bbox 157 155 225 188; baseline 0.015 -2"><span class='ocrx_word' id='word_1_1' title='bbox 157 155 225 188; x_wconf 75' lang='lat'><strong>1353</strong></span> 
     </span>
    </p>
   </div>
   <div class='ocr_carea' id='block_1_2' title="bbox 597 151 1322 187">
    <p class='ocr_par' dir='ltr' id='par_1_2' title="bbox 597 151 1322 187">
     <span class='ocr_line' id='line_1_2' title="bbox 597 151 1322 187; baseline -0.003 -2"><span class='ocrx_word' id='word_1_2' title='bbox 597 154 786 187; x_wconf 86' lang='lat' dir='ltr'><strong>SPECIMEN</strong></span> <span class='ocrx_word' id='word_1_3' title='bbox 804 154 1019 185; x_wconf 78' lang='lat' dir='ltr'><strong>SAPlEN&#39;l‘l/E</strong></span> <span class='ocrx_word' id='word_1_4' title='bbox 1039 154 1218 184; x_wconf 81' lang='lat' dir='ltr'><strong>lNDORUM</strong></span> <span class='ocrx_word' id='word_1_5' title='bbox 1235 151 1322 184; x_wconf 70' lang='lat' dir='ltr'><strong>VE&#39;I‘.</strong></span> 
     </span>
    </p>
   </div>
   <div class='ocr_carea' id='block_1_3' title="bbox 1710 150 1779 184">
    <p class='ocr_par' dir='ltr' id='par_1_3' title="bbox 1710 150 1779 184">
     <span class='ocr_line' id='line_1_3' title="bbox 1710 150 1779 184; baseline -0.029 0"><span class='ocrx_word' id='word_1_6' title='bbox 1710 150 1779 184; x_wconf 76' lang='grc'><strong>1354</strong></span> 
     </span>
    </p>
   </div>
   <div class='ocr_carea' id='block_1_4' title="bbox 154 207 1778 247">
    <p class='ocr_par' dir='ltr' id='par_1_4' title="bbox 154 207 1778 247">
     <span class='ocr_line' id='line_1_4' title="bbox 154 207 1778 247; baseline -0.002 -8"><span class='ocrx_word' id='word_1_7' title='bbox 154 211 314 247; x_wconf 82' lang='lat' dir='ltr'><strong>contigisse,</strong></span> <span class='ocrx_word' id='word_1_8' title='bbox 330 216 393 237; x_wconf 90' lang='lat' dir='ltr'><strong>nam</strong></span> <span class='ocrx_word' id='word_1_9' title='bbox 410 209 506 237; x_wconf 88' lang='lat' dir='ltr'><strong>eadem</strong></span> <span class='ocrx_word' id='word_1_10' title='bbox 519 215 581 244; x_wconf 81' lang='lat' dir='ltr'><strong>quae</strong></span> <span class='ocrx_word' id='word_1_11' title='bbox 595 208 686 236; x_wconf 79' lang='lat' dir='ltr'><strong>fecisti</strong></span> <span class='ocrx_word' id='word_1_12' title='bbox 710 215 789 243; x_wconf 85' lang='lat' dir='ltr'><strong>passa</strong></span> <span class='ocrx_word' id='word_1_13' title='bbox 804 215 844 235; x_wconf 87' lang='lat' dir='ltr'><strong>es.</strong></span> <span class='ocrx_word' id='word_1_14' title='bbox 860 207 936 240; x_wconf 87' lang='lat' dir='ltr'><strong>Quo-</strong></span> <span class='ocrx_word' id='word_1_15' title='bbox 953 212 973 238; x_wconf 79' lang='grc' dir='ltr'>Α</span> <span class='ocrx_word' id='word_1_16' title='bbox 989 208 1123 242; x_wconf 85' lang='lat' dir='ltr'><strong>profecto,</strong></span> <span class='ocrx_word' id='word_1_17' title='bbox 1153 207 1243 243; x_wconf 88' lang='lat' dir='ltr'><strong>inquit</strong></span> <span class='ocrx_word' id='word_1_18' title='bbox 1269 207 1354 235; x_wconf 70' lang='lat' dir='ltr'><strong>leaena</strong></span> <span class='ocrx_word' id='word_1_19' title='bbox 1372 215 1379 240; x_wconf 90' lang='lat'><strong>;</strong></span> <span class='ocrx_word' id='word_1_20' title='bbox 1413 207 1457 235; x_wconf 92' lang='lat' dir='ltr'><strong>cui</strong></span> <span class='ocrx_word' id='word_1_21' title='bbox 1485 215 1547 235; x_wconf 88' lang='lat' dir='ltr'><strong>ursa</strong></span> <span class='ocrx_word' id='word_1_22' title='bbox 1559 228 1567 240; x_wconf 91' lang='lat'><strong>,</strong></span> <span class='ocrx_word' id='word_1_23' title='bbox 1593 207 1663 240; x_wconf 87' lang='lat' dir='ltr'><strong>Quid</strong></span> <span class='ocrx_word' id='word_1_24' title='bbox 1695 208 1778 244; x_wconf 82' lang='lat' dir='ltr'><strong>igitur</strong></span> 
     </span>
    </p>
   </div>
   <div class='ocr_carea' id='block_1_5' title="bbox 154 255 940 291">
    <p class='ocr_par' dir='ltr' id='par_1_5' title="bbox 154 255 940 291">
     <span class='ocr_line' id='line_1_5' title="bbox 154 255 940 291; baseline -0.008 -6"><span class='ocrx_word' id='word_1_25' title='bbox 154 259 226 286; x_wconf 82' lang='lat' dir='ltr'><strong>circa</strong></span> <span class='ocrx_word' id='word_1_26' title='bbox 252 257 363 284; x_wconf 92' lang='lat' dir='ltr'><strong>modum</strong></span> <span class='ocrx_word' id='word_1_27' title='bbox 376 263 461 291; x_wconf 87' lang='lat' dir='ltr'><strong>ponas</strong></span> <span class='ocrx_word' id='word_1_28' title='bbox 476 255 599 282; x_wconf 88' lang='lat' dir='ltr'><strong>luctibus</strong></span> <span class='ocrx_word' id='word_1_29' title='bbox 618 261 729 286; x_wconf 87' lang='lat' dir='ltr'><strong>censeo,</strong></span> <span class='ocrx_word' id='word_1_30' title='bbox 757 261 793 280; x_wconf 89' lang='lat' dir='ltr'><strong>ac</strong></span> <span class='ocrx_word' id='word_1_31' title='bbox 807 257 940 288; x_wconf 84' lang='lat' dir='ltr'><strong>reputans</strong></span> 
     </span>
    </p>
   </div>
   <div class='ocr_carea' id='block_1_6' title="bbox 155 298 940 337">
    <p class='ocr_par' dir='ltr' id='par_1_6' title="bbox 155 298 940 337">
     <span class='ocr_line' id='line_1_6' title="bbox 155 298 940 337; baseline -0.008 -6"><span class='ocrx_word' id='word_1_32' title='bbox 155 309 338 337; x_wconf 87' lang='lat' dir='ltr'><strong>tecuntquam</strong></span> <span class='ocrx_word' id='word_1_33' title='bbox 349 301 450 328; x_wconf 88' lang='lat' dir='ltr'><strong>multas</strong></span> <span class='ocrx_word' id='word_1_34' title='bbox 468 305 497 328; x_wconf 92' lang='lat' dir='ltr'><strong>et</strong></span> <span class='ocrx_word' id='word_1_35' title='bbox 510 301 568 335; x_wconf 86' lang='lat' dir='ltr'><strong>ipsa</strong></span> <span class='ocrx_word' id='word_1_36' title='bbox 593 305 695 327; x_wconf 88' lang='lat' dir='ltr'><strong>tnatres</strong></span> <span class='ocrx_word' id='word_1_37' title='bbox 721 298 805 327; x_wconf 82' lang='lat' dir='ltr'><strong>orbas</strong></span> <span class='ocrx_word' id='word_1_38' title='bbox 828 298 940 331; x_wconf 83' lang='lat' dir='ltr'><strong>feceris,</strong></span> 
     </span>
    </p>
   </div>
   <div class='ocr_carea' id='block_1_7' title="bbox 155 344 939 382">
    <p class='ocr_par' dir='ltr' id='par_1_7' title="bbox 155 344 939 382">
     <span class='ocr_line' id='line_1_7' title="bbox 155 344 939 382; baseline -0.008 -6"><span class='ocrx_word' id='word_1_39' title='bbox 155 349 302 376; x_wconf 72' lang='lat' dir='ltr'><strong>orbitatem</strong></span> <span class='ocrx_word' id='word_1_40' title='bbox 318 348 392 382; x_wconf 85' lang='lat' dir='ltr'><strong>justa</strong></span> <span class='ocrx_word' id='word_1_41' title='bbox 408 346 467 374; x_wconf 87' lang='lat' dir='ltr'><strong>vice</strong></span> <span class='ocrx_word' id='word_1_42' title='bbox 480 346 530 374; x_wconf 92' lang='lat' dir='ltr'><strong>tibi</strong></span> <span class='ocrx_word' id='word_1_43' title='bbox 548 353 692 380; x_wconf 82' lang='lat' dir='ltr'><strong>repensam</strong></span> <span class='ocrx_word' id='word_1_44' title='bbox 721 344 786 373; x_wconf 91' lang='lat' dir='ltr'><strong>boni</strong></span> <span class='ocrx_word' id='word_1_45' title='bbox 815 344 939 373; x_wconf 82' lang='lat' dir='ltr'><strong>consule.</strong></span> 
     </span>
    </p>
   </div>
   <div class='ocr_carea' id='block_1_8' title="bbox 155 390 943 428">
    <p class='ocr_par' dir='ltr' id='par_1_8' title="bbox 155 390 943 428">
     <span class='ocr_line' id='line_1_8' title="bbox 155 390 943 428; baseline -0.006 -8"><span class='ocrx_word' id='word_1_46' title='bbox 155 398 202 421; x_wconf 77' lang='lat' dir='ltr'><strong>aut</strong></span> <span class='ocrx_word' id='word_1_47' title='bbox 227 393 364 428; x_wconf 82' lang='lat' dir='ltr'><strong>patienter</strong></span> <span class='ocrx_word' id='word_1_48' title='bbox 388 392 486 419; x_wconf 89' lang='lat' dir='ltr'><strong>saltem</strong></span> <span class='ocrx_word' id='word_1_49' title='bbox 516 392 614 419; x_wconf 90' lang='lat' dir='ltr'><strong>tolera.</strong></span> <span class='ocrx_word' id='word_1_50' title='bbox 652 391 758 419; x_wconf 76' lang='lat' dir='ltr'><strong>Usilata</strong></span> <span class='ocrx_word' id='word_1_51' title='bbox 787 390 891 425; x_wconf 83' lang='lat' dir='ltr'><strong>pateris</strong></span> <span class='ocrx_word' id='word_1_52' title='bbox 914 393 943 416; x_wconf 88' lang='lat' dir='ltr'><strong>et</strong></span> 
     </span>
    </p>
   </div>
   <div class='ocr_carea' id='block_1_9' title="bbox 154 435 942 473">
    <p class='ocr_par' dir='ltr' id='par_1_9' title="bbox 154 435 942 473">
     <span class='ocr_line' id='line_1_9' title="bbox 154 435 942 473; baseline -0.005 -8"><span class='ocrx_word' id='word_1_53' title='bbox 154 446 231 473; x_wconf 67' lang='lat' dir='ltr'><strong>requa</strong></span> <span class='ocrx_word' id='word_1_54' title='bbox 248 447 254 465; x_wconf 89' lang='lat'><strong>:</strong></span> <span class='ocrx_word' id='word_1_55' title='bbox 271 442 374 465; x_wconf 66' lang='lat' dir='ltr'><strong>aeterna</strong></span> <span class='ocrx_word' id='word_1_56' title='bbox 389 437 493 472; x_wconf 84' lang='lat' dir='ltr'><strong>quippe</strong></span> <span class='ocrx_word' id='word_1_57' title='bbox 523 436 661 464; x_wconf 74' lang='lat' dir='ltr'><strong>sancitum</strong></span> <span class='ocrx_word' id='word_1_58' title='bbox 676 436 748 471; x_wconf 81' lang='lat' dir='ltr'><strong>lege,</strong></span> <span class='ocrx_word' id='word_1_59' title='bbox 772 435 875 470; x_wconf 90' lang='lat' dir='ltr'><strong>ubique</strong></span> <span class='ocrx_word' id='word_1_60' title='bbox 909 441 942 461; x_wconf 85' lang='lat' dir='ltr'><strong>ac</strong></span> 
     </span>
    </p>
   </div>
   <div class='ocr_carea' id='block_1_10' title="bbox 154 480 942 518">
    <p class='ocr_par' dir='ltr' id='par_1_10' title="bbox 154 480 942 518">
     <span class='ocr_line' id='line_1_10' title="bbox 154 480 942 518; baseline -0.005 -8"><span class='ocrx_word' id='word_1_61' title='bbox 154 492 263 518; x_wconf 77' lang='lat' dir='ltr'><strong>semper</strong></span> <span class='ocrx_word' id='word_1_62' title='bbox 281 484 371 511; x_wconf 88' lang='lat' dir='ltr'><strong>serius</strong></span> <span class='ocrx_word' id='word_1_63' title='bbox 382 483 460 510; x_wconf 94' lang='lat' dir='ltr'><strong>ocius</strong></span> <span class='ocrx_word' id='word_1_64' title='bbox 474 482 520 514; x_wconf 90' lang='lat' dir='ltr'><strong>sit,</strong></span> <span class='ocrx_word' id='word_1_65' title='bbox 538 487 567 509; x_wconf 93' lang='lat' dir='ltr'><strong>ut</strong></span> <span class='ocrx_word' id='word_1_66' title='bbox 587 490 648 516; x_wconf 75' lang='lat' dir='ltr'><strong>qua:</strong></span> <span class='ocrx_word' id='word_1_67' title='bbox 677 482 749 509; x_wconf 87' lang='lat' dir='ltr'><strong>male</strong></span> <span class='ocrx_word' id='word_1_68' title='bbox 772 481 836 516; x_wconf 87' lang='lat' dir='ltr'><strong>quis</strong></span> <span class='ocrx_word' id='word_1_69' title='bbox 862 480 942 511; x_wconf 86' lang='lat' dir='ltr'><strong>dixit,</strong></span> 
     </span>
    </p>
   </div>
   <div class='ocr_carea' id='block_1_11' title="bbox 154 528 942 564">
    <p class='ocr_par' dir='ltr' id='par_1_11' title="bbox 154 528 942 564">
     <span class='ocr_line' id='line_1_11' title="bbox 154 528 942 564; baseline -0.004 -8"><span class='ocrx_word' id='word_1_70' title='bbox 154 530 337 564; x_wconf 63' lang='lat' dir='ltr'><strong>audianqttte</strong></span> <span class='ocrx_word' id='word_1_71' title='bbox 352 529 428 562; x_wconf 84' lang='lat' dir='ltr'><strong>fecit,</strong></span> <span class='ocrx_word' id='word_1_72' title='bbox 447 529 518 557; x_wconf 87' lang='lat' dir='ltr'><strong>ferat</strong></span> <span class='ocrx_word' id='word_1_73' title='bbox 536 537 543 558; x_wconf 83' lang='lat'>;</span> <span class='ocrx_word' id='word_1_74' title='bbox 563 536 624 563; x_wconf 59' lang='lat' dir='ltr'><strong>quae</strong></span> <span class='ocrx_word' id='word_1_75' title='bbox 649 528 829 555; x_wconf 86' lang='lat' dir='ltr'><strong>seminaverit</strong></span> <span class='ocrx_word' id='word_1_76' title='bbox 848 530 942 557; x_wconf 78' lang='lat' dir='ltr'><strong>ructat,</strong></span> 
     </span>
    </p>
   </div>
   <div class='ocr_carea' id='block_1_12' title="bbox 155 571 942 610">
    <p class='ocr_par' dir='ltr' id='par_1_12' title="bbox 155 571 942 610">
     <span class='ocr_line' id='line_1_12' title="bbox 155 571 942 610; baseline -0.005 -8"><span class='ocrx_word' id='word_1_77' title='bbox 155 584 264 610; x_wconf 86' lang='lat' dir='ltr'><strong>quaque</strong></span> <span class='ocrx_word' id='word_1_78' title='bbox 279 583 407 602; x_wconf 82' lang='lat' dir='ltr'><strong>mensura</strong></span> <span class='ocrx_word' id='word_1_79' title='bbox 432 583 547 602; x_wconf 89' lang='lat' dir='ltr'><strong>mensus</strong></span> <span class='ocrx_word' id='word_1_80' title='bbox 569 574 631 602; x_wconf 89' lang='lat' dir='ltr'><strong>aliis</strong></span> <span class='ocrx_word' id='word_1_81' title='bbox 652 574 745 605; x_wconf 85' lang='lat' dir='ltr'><strong>fuerit,</strong></span> <span class='ocrx_word' id='word_1_82' title='bbox 772 572 869 600; x_wconf 87' lang='lat' dir='ltr'><strong>eadem</strong></span> <span class='ocrx_word' id='word_1_83' title='bbox 889 571 942 606; x_wconf 87' lang='lat' dir='ltr'><strong>ipsi</strong></span> 
     </span>
    </p>
   </div>
   <div class='ocr_carea' id='block_1_13' title="bbox 156 619 940 656">
    <p class='ocr_par' dir='ltr' id='par_1_13' title="bbox 156 619 940 656">
     <span class='ocr_line' id='line_1_13' title="bbox 156 619 940 656; baseline -0.004 -8"><span class='ocrx_word' id='word_1_84' title='bbox 156 622 335 654; x_wconf 82' lang='lat' dir='ltr'><strong>remetiatur;</strong></span> <span class='ocrx_word' id='word_1_85' title='bbox 357 621 477 656; x_wconf 89' lang='lat' dir='ltr'><strong>denique</strong></span> <span class='ocrx_word' id='word_1_86' title='bbox 501 621 547 656; x_wconf 89' lang='lat' dir='ltr'><strong>qui</strong></span> <span class='ocrx_word' id='word_1_87' title='bbox 571 621 691 650; x_wconf 86' lang='lat' dir='ltr'><strong>foveam.</strong></span> <span class='ocrx_word' id='word_1_88' title='bbox 721 619 769 653; x_wconf 89' lang='lat' dir='ltr'><strong>qui</strong></span> <span class='ocrx_word' id='word_1_89' title='bbox 799 619 940 654; x_wconf 78' lang='lat' dir='ltr'><strong>laqueum,</strong></span> 
     </span>
    </p>
   </div>
   <div class='ocr_carea' id='block_1_14' title="bbox 155 659 940 702">
    <p class='ocr_par' dir='ltr' id='par_1_14' title="bbox 155 659 940 702">
     <span class='ocr_line' id='line_1_14' title="bbox 155 659 940 702; baseline -0.003 -8"><span class='ocrx_word' id='word_1_90' title='bbox 155 668 201 702; x_wconf 85' lang='lat' dir='ltr'><strong>qui</strong></span> <span class='ocrx_word' id='word_1_91' title='bbox 216 659 310 695; x_wconf 82' lang='lat' dir='ltr'><strong>dolum</strong></span> <span class='ocrx_word' id='word_1_92' title='bbox 330 667 457 702; x_wconf 87' lang='lat' dir='ltr'><strong>quemvis</strong></span> <span class='ocrx_word' id='word_1_93' title='bbox 475 667 502 694; x_wconf 94' lang='lat' dir='ltr'><strong>in</strong></span> <span class='ocrx_word' id='word_1_94' title='bbox 518 667 647 694; x_wconf 83' lang='lat' dir='ltr'><strong>damnum</strong></span> <span class='ocrx_word' id='word_1_95' title='bbox 657 666 775 693; x_wconf 83' lang='lat' dir='ltr'><strong>alterius</strong></span> <span class='ocrx_word' id='word_1_96' title='bbox 789 665 940 701; x_wconf 81' lang='lat' dir='ltr'><strong>paraverit,</strong></span> 
     </span>
    </p>
   </div>
   <div class='ocr_carea' id='block_1_15' title="bbox 154 711 943 748">
    <p class='ocr_par' dir='ltr' id='par_1_15' title="bbox 154 711 943 748">
     <span class='ocr_line' id='line_1_15' title="bbox 154 711 943 748; baseline -0.003 -8"><span class='ocrx_word' id='word_1_97' title='bbox 154 714 293 740; x_wconf 82' lang='lat' dir='ltr'><strong>similibus</strong></span> <span class='ocrx_word' id='word_1_98' title='bbox 306 713 473 748; x_wconf 84' lang='lat' dir='ltr'><strong>quandoque</strong></span> <span class='ocrx_word' id='word_1_99' title='bbox 487 712 724 740; x_wconf 81' lang='lat' dir='ltr'><strong>circumveniatur</strong></span> <span class='ocrx_word' id='word_1_100' title='bbox 754 711 875 739; x_wconf 85' lang='lat' dir='ltr'><strong>insidiis.</strong></span> <span class='ocrx_word' id='word_1_101' title='bbox 902 711 943 738; x_wconf 85' lang='lat' dir='ltr'><strong>Ad</strong></span> 
     </span>
    </p>
   </div>
   <div class='ocr_carea' id='block_1_16' title="bbox 154 757 943 793">
    <p class='ocr_par' dir='ltr' id='par_1_16' title="bbox 154 757 943 793">
     <span class='ocr_line' id='line_1_16' title="bbox 154 757 943 793; baseline -0.001 -8"><span class='ocrx_word' id='word_1_102' title='bbox 154 767 186 785; x_wconf 80' lang='lat' dir='ltr'><strong>ea</strong></span> <span class='ocrx_word' id='word_1_103' title='bbox 204 759 288 786; x_wconf 72' lang='lat' dir='ltr'><strong>leaena</strong></span> <span class='ocrx_word' id='word_1_104' title='bbox 317 766 384 786; x_wconf 92' lang='lat' dir='ltr'><strong>vero</strong></span> <span class='ocrx_word' id='word_1_105' title='bbox 398 759 480 790; x_wconf 88' lang='lat' dir='ltr'><strong>victa,</strong></span> <span class='ocrx_word' id='word_1_106' title='bbox 495 758 590 790; x_wconf 76' lang='lat' dir='ltr'><strong>Recte,</strong></span> <span class='ocrx_word' id='word_1_107' title='bbox 609 758 708 793; x_wconf 90' lang='lat' dir='ltr'><strong>inquit.</strong></span> <span class='ocrx_word' id='word_1_108' title='bbox 734 765 841 785; x_wconf 87' lang='lat' dir='ltr'><strong>mones.</strong></span> <span class='ocrx_word' id='word_1_109' title='bbox 872 757 943 785; x_wconf 89' lang='lat' dir='ltr'><strong>Tum</strong></span> 
     </span>
    </p>
   </div>
   <div class='ocr_carea' id='block_1_17' title="bbox 155 802 944 837">
    <p class='ocr_par' dir='ltr' id='par_1_17' title="bbox 155 802 944 837">
     <span class='ocr_line' id='line_1_17' title="bbox 155 802 944 837; baseline -0.001 -7"><span class='ocrx_word' id='word_1_110' title='bbox 155 812 229 836; x_wconf 81' lang='lat' dir='ltr'><strong>ursa,</strong></span> <span class='ocrx_word' id='word_1_111' title='bbox 250 804 309 837; x_wconf 86' lang='lat' dir='ltr'><strong>Dic,</strong></span> <span class='ocrx_word' id='word_1_112' title='bbox 324 803 423 830; x_wconf 88' lang='lat' dir='ltr'><strong>amabo</strong></span> <span class='ocrx_word' id='word_1_113' title='bbox 445 808 483 834; x_wconf 86' lang='lat' dir='ltr'><strong>te,</strong></span> <span class='ocrx_word' id='word_1_114' title='bbox 497 807 566 837; x_wconf 89' lang='lat' dir='ltr'><strong>quot</strong></span> <span class='ocrx_word' id='word_1_115' title='bbox 586 811 716 831; x_wconf 86' lang='lat' dir='ltr'><strong>numeras</strong></span> <span class='ocrx_word' id='word_1_116' title='bbox 739 803 803 831; x_wconf 66' lang='lat' dir='ltr'><strong>vitae</strong></span> <span class='ocrx_word' id='word_1_117' title='bbox 831 802 944 830; x_wconf 76' lang='lat' dir='ltr'><strong>annos?</strong></span> 
     </span>
    </p>
   </div>
   <div class='ocr_carea' id='block_1_18' title="bbox 158 843 941 883">
    <p class='ocr_par' dir='ltr' id='par_1_18' title="bbox 158 843 941 883">
     <span class='ocr_line' id='line_1_18' title="bbox 158 843 941 883; baseline 0 -7"><span class='ocrx_word' id='word_1_118' title='bbox 158 850 228 877; x_wconf 86' lang='lat' dir='ltr'><strong>Sane</strong></span> <span class='ocrx_word' id='word_1_119' title='bbox 243 843 356 880; x_wconf 79' lang='lat' dir='ltr'><strong>multos,</strong></span> <span class='ocrx_word' id='word_1_120' title='bbox 380 848 420 875; x_wconf 86' lang='lat' dir='ltr'><strong>ait</strong></span> <span class='ocrx_word' id='word_1_121' title='bbox 448 848 554 881; x_wconf 70' lang='lat' dir='ltr'><strong>leaena;</strong></span> <span class='ocrx_word' id='word_1_122' title='bbox 576 851 604 875; x_wconf 92' lang='lat' dir='ltr'><strong>et</strong></span> <span class='ocrx_word' id='word_1_123' title='bbox 634 855 708 880; x_wconf 87' lang='lat' dir='ltr'><strong>ursa,</strong></span> <span class='ocrx_word' id='word_1_124' title='bbox 733 847 790 876; x_wconf 90' lang='lat' dir='ltr'><strong>lloc</strong></span> <span class='ocrx_word' id='word_1_125' title='bbox 820 855 941 883; x_wconf 88' lang='lat' dir='ltr'><strong>quoque,</strong></span> 
     </span>
    </p>
   </div>
   <div class='ocr_carea' id='block_1_19' title="bbox 993 253 1777 288">
    <p class='ocr_par' dir='ltr' id='par_1_19' title="bbox 993 253 1777 288">
     <span class='ocr_line' id='line_1_19' title="bbox 993 253 1777 288; baseline 0 -8"><span class='ocrx_word' id='word_1_126' title='bbox 993 261 1082 281; x_wconf 77' lang='lat' dir='ltr'><strong>causa:</strong></span> <span class='ocrx_word' id='word_1_127' title='bbox 1098 258 1151 285; x_wconf 79' lang='lat' dir='ltr'><strong>est,</strong></span> <span class='ocrx_word' id='word_1_128' title='bbox 1168 255 1218 286; x_wconf 84' lang='lat' dir='ltr'><strong>ait,</strong></span> <span class='ocrx_word' id='word_1_129' title='bbox 1240 261 1292 282; x_wconf 93' lang='lat' dir='ltr'><strong>cur</strong></span> <span class='ocrx_word' id='word_1_130' title='bbox 1305 253 1409 281; x_wconf 82' lang='lat' dir='ltr'><strong>nullius</strong></span> <span class='ocrx_word' id='word_1_131' title='bbox 1421 254 1519 288; x_wconf 85' lang='lat' dir='ltr'><strong>patris.</strong></span> <span class='ocrx_word' id='word_1_132' title='bbox 1553 254 1657 281; x_wconf 85' lang='lat' dir='ltr'><strong>nullius</strong></span> <span class='ocrx_word' id='word_1_133' title='bbox 1681 255 1777 282; x_wconf 83' lang='lat' dir='ltr'><strong>matris</strong></span> 
     </span>
    </p>
   </div>
   <div class='ocr_carea' id='block_1_20' title="bbox 992 298 1778 333">
    <p class='ocr_par' dir='ltr' id='par_1_20' title="bbox 992 298 1778 333">
     <span class='ocr_line' id='line_1_20' title="bbox 992 298 1778 333; baseline 0.001 -8"><span class='ocrx_word' id='word_1_134' title='bbox 992 305 1026 325; x_wconf 89' lang='lat' dir='ltr'><strong>ex</strong></span> <span class='ocrx_word' id='word_1_135' title='bbox 1042 305 1096 326; x_wconf 87' lang='lat' dir='ltr'><strong>tam</strong></span> <span class='ocrx_word' id='word_1_136' title='bbox 1112 299 1208 325; x_wconf 87' lang='lat' dir='ltr'><strong>multis</strong></span> <span class='ocrx_word' id='word_1_137' title='bbox 1229 305 1299 332; x_wconf 91' lang='lat' dir='ltr'><strong>quos</strong></span> <span class='ocrx_word' id='word_1_138' title='bbox 1315 298 1414 325; x_wconf 83' lang='lat' dir='ltr'><strong>catulis</strong></span> <span class='ocrx_word' id='word_1_139' title='bbox 1441 298 1555 329; x_wconf 78' lang='lat' dir='ltr'><strong>orbasti,</strong></span> <span class='ocrx_word' id='word_1_140' title='bbox 1575 299 1693 333; x_wconf 76' lang='lat' dir='ltr'><strong>eiulatus</strong></span> <span class='ocrx_word' id='word_1_141' title='bbox 1728 307 1778 326; x_wconf 87' lang='lat' dir='ltr'><strong>au-</strong></span> 
     </span>
    </p>
   </div>
   <div class='ocr_carea' id='block_1_21' title="bbox 993 343 1779 379">
    <p class='ocr_par' dir='ltr' id='par_1_21' title="bbox 993 343 1779 379">
     <span class='ocr_line' id='line_1_21' title="bbox 993 343 1779 379; baseline 0 -8"><span class='ocrx_word' id='word_1_142' title='bbox 993 344 1122 371; x_wconf 71' lang='lat' dir='ltr'><strong>diamus?</strong></span> <span class='ocrx_word' id='word_1_143' title='bbox 1141 343 1169 372; x_wconf 90' lang='lat' dir='ltr'><strong>Si</strong></span> <span class='ocrx_word' id='word_1_144' title='bbox 1199 352 1265 379; x_wconf 88' lang='lat' dir='ltr'><strong>ergo</strong></span> <span class='ocrx_word' id='word_1_145' title='bbox 1285 344 1323 371; x_wconf 92' lang='lat' dir='ltr'><strong>illi</strong></span> <span class='ocrx_word' id='word_1_146' title='bbox 1345 344 1418 372; x_wconf 87' lang='lat' dir='ltr'><strong>taciti</strong></span> <span class='ocrx_word' id='word_1_147' title='bbox 1445 344 1554 371; x_wconf 81' lang='lat' dir='ltr'><strong>dolores</strong></span> <span class='ocrx_word' id='word_1_148' title='bbox 1582 352 1647 371; x_wconf 88' lang='lat' dir='ltr'><strong>suos</strong></span> <span class='ocrx_word' id='word_1_149' title='bbox 1676 352 1779 372; x_wconf 88' lang='lat' dir='ltr'><strong>conco-</strong></span> 
     </span>
    </p>
   </div>
   <div class='ocr_carea' id='block_1_22' title="bbox 993 390 1779 425">
    <p class='ocr_par' dir='ltr' id='par_1_22' title="bbox 993 390 1779 425">
     <span class='ocr_line' id='line_1_22' title="bbox 993 390 1779 425; baseline -0.001 -8"><span class='ocrx_word' id='word_1_150' title='bbox 993 396 1093 425; x_wconf 88' lang='lat' dir='ltr'><strong>quuttt,</strong></span> <span class='ocrx_word' id='word_1_151' title='bbox 1110 395 1250 425; x_wconf 85' lang='lat' dir='ltr'><strong>utcunque</strong></span> <span class='ocrx_word' id='word_1_152' title='bbox 1267 391 1392 425; x_wconf 87' lang='lat' dir='ltr'><strong>plerique</strong></span> <span class='ocrx_word' id='word_1_153' title='bbox 1416 398 1470 417; x_wconf 92' lang='lat' dir='ltr'><strong>non</strong></span> <span class='ocrx_word' id='word_1_154' title='bbox 1498 391 1587 417; x_wconf 84' lang='lat' dir='ltr'><strong>meriti</strong></span> <span class='ocrx_word' id='word_1_155' title='bbox 1606 391 1718 425; x_wconf 86' lang='lat' dir='ltr'><strong>paribus</strong></span> <span class='ocrx_word' id='word_1_156' title='bbox 1741 390 1779 417; x_wconf 80' lang='lat' dir='ltr'><strong>fa—</strong></span> 
     </span>
    </p>
   </div>
   <div class='ocr_carea' id='block_1_23' title="bbox 993 435 1779 470">
    <p class='ocr_par' dir='ltr' id='par_1_23' title="bbox 993 435 1779 470">
     <span class='ocr_line' id='line_1_23' title="bbox 993 435 1779 470; baseline -0.003 -7"><span class='ocrx_word' id='word_1_157' title='bbox 993 437 1045 463; x_wconf 89' lang='lat' dir='ltr'><strong>ctis</strong></span> <span class='ocrx_word' id='word_1_158' title='bbox 1064 436 1157 463; x_wconf 81' lang='lat' dir='ltr'><strong>clades</strong></span> <span class='ocrx_word' id='word_1_159' title='bbox 1168 443 1243 469; x_wconf 83' lang='lat' dir='ltr'><strong>suas,</strong></span> <span class='ocrx_word' id='word_1_160' title='bbox 1257 435 1320 462; x_wconf 86' lang='lat' dir='ltr'><strong>vide</strong></span> <span class='ocrx_word' id='word_1_161' title='bbox 1334 443 1368 462; x_wconf 88' lang='lat' dir='ltr'><strong>an</strong></span> <span class='ocrx_word' id='word_1_162' title='bbox 1381 443 1437 462; x_wconf 91' lang='lat' dir='ltr'><strong>non</strong></span> <span class='ocrx_word' id='word_1_163' title='bbox 1452 443 1562 470; x_wconf 73' lang='lat' dir='ltr'><strong>aequum</strong></span> <span class='ocrx_word' id='word_1_164' title='bbox 1579 435 1615 462; x_wconf 85' lang='lat' dir='ltr'><strong>sit</strong></span> <span class='ocrx_word' id='word_1_165' title='bbox 1630 441 1655 463; x_wconf 88' lang='lat' dir='ltr'><strong>te</strong></span> <span class='ocrx_word' id='word_1_166' title='bbox 1674 436 1779 470; x_wconf 85' lang='lat' dir='ltr'><strong>patien-</strong></span> 
     </span>
    </p>
   </div>
   <div class='ocr_carea' id='block_1_24' title="bbox 995 481 1780 517">
    <p class='ocr_par' dir='ltr' id='par_1_24' title="bbox 995 481 1780 517">
     <span class='ocr_line' id='line_1_24' title="bbox 995 481 1780 517; baseline -0.001 -8"><span class='ocrx_word' id='word_1_167' title='bbox 995 483 1056 510; x_wconf 84' lang='lat' dir='ltr'><strong>tius</strong></span> <span class='ocrx_word' id='word_1_168' title='bbox 1068 482 1151 517; x_wconf 87' lang='lat' dir='ltr'><strong>paulo</strong></span> <span class='ocrx_word' id='word_1_169' title='bbox 1168 482 1242 509; x_wconf 88' lang='lat' dir='ltr'><strong>ferre</strong></span> <span class='ocrx_word' id='word_1_170' title='bbox 1252 481 1442 516; x_wconf 81' lang='lat' dir='ltr'><strong>quibusdigua</strong></span> <span class='ocrx_word' id='word_1_171' title='bbox 1472 489 1512 514; x_wconf 88' lang='lat' dir='ltr'><strong>es,</strong></span> <span class='ocrx_word' id='word_1_172' title='bbox 1532 489 1583 509; x_wconf 89' lang='lat' dir='ltr'><strong>nec</strong></span> <span class='ocrx_word' id='word_1_173' title='bbox 1600 482 1681 508; x_wconf 92' lang='lat' dir='ltr'><strong>nimis</strong></span> <span class='ocrx_word' id='word_1_174' title='bbox 1706 482 1780 508; x_wconf 70' lang='lat' dir='ltr'><strong>intli~</strong></span> 
     </span>
    </p>
   </div>
   <div class='ocr_carea' id='block_1_25' title="bbox 993 527 1777 564">
    <p class='ocr_par' dir='ltr' id='par_1_25' title="bbox 993 527 1777 564">
     <span class='ocr_line' id='line_1_25' title="bbox 993 527 1777 564; baseline 0.001 -11"><span class='ocrx_word' id='word_1_175' title='bbox 993 533 1108 564; x_wconf 78' lang='lat' dir='ltr'><strong>gnamer</strong></span> <span class='ocrx_word' id='word_1_176' title='bbox 1123 528 1251 562; x_wconf 75' lang='lat' dir='ltr'><strong>excipere</strong></span> <span class='ocrx_word' id='word_1_177' title='bbox 1270 527 1305 555; x_wconf 84' lang='lat' dir='ltr'><strong>ab</strong></span> <span class='ocrx_word' id='word_1_178' title='bbox 1322 528 1456 562; x_wconf 85' lang='lat' dir='ltr'><strong>exemplis</strong></span> <span class='ocrx_word' id='word_1_179' title='bbox 1477 535 1492 555; x_wconf 90' lang='lat' dir='ltr'><strong>a</strong></span> <span class='ocrx_word' id='word_1_180' title='bbox 1514 532 1540 554; x_wconf 86' lang='lat' dir='ltr'><strong>te</strong></span> <span class='ocrx_word' id='word_1_181' title='bbox 1556 527 1627 554; x_wconf 86' lang='lat' dir='ltr'><strong>datis</strong></span> <span class='ocrx_word' id='word_1_182' title='bbox 1641 528 1669 554; x_wconf 82' lang='lat' dir='ltr'><strong>in</strong></span> <span class='ocrx_word' id='word_1_183' title='bbox 1702 533 1777 555; x_wconf 90' lang='lat' dir='ltr'><strong>tuum</strong></span> 
     </span>
    </p>
   </div>
   <div class='ocr_carea' id='block_1_26' title="bbox 993 573 1778 609">
    <p class='ocr_par' dir='ltr' id='par_1_26' title="bbox 993 573 1778 609">
     <span class='ocr_line' id='line_1_26' title="bbox 993 573 1778 609; baseline -0.001 -8"><span class='ocrx_word' id='word_1_184' title='bbox 993 574 1078 602; x_wconf 82' lang='lat' dir='ltr'><strong>semel</strong></span> <span class='ocrx_word' id='word_1_185' title='bbox 1103 579 1186 608; x_wconf 89' lang='lat' dir='ltr'><strong>caput</strong></span> <span class='ocrx_word' id='word_1_186' title='bbox 1211 573 1340 609; x_wconf 89' lang='lat' dir='ltr'><strong>iujuriam</strong></span> <span class='ocrx_word' id='word_1_187' title='bbox 1359 573 1516 601; x_wconf 76' lang='lat' dir='ltr'><strong>reﬂexum?</strong></span> <span class='ocrx_word' id='word_1_188' title='bbox 1541 573 1624 606; x_wconf 82' lang='lat' dir='ltr'><strong>Quin,</strong></span> <span class='ocrx_word' id='word_1_189' title='bbox 1655 578 1732 608; x_wconf 88' lang='lat' dir='ltr'><strong>puto,</strong></span> <span class='ocrx_word' id='word_1_190' title='bbox 1755 573 1778 600; x_wconf 92' lang='lat' dir='ltr'><strong>si</strong></span> 
     </span>
    </p>
   </div>
   <div class='ocr_carea' id='block_1_27' title="bbox 992 620 1778 654">
    <p class='ocr_par' dir='ltr' id='par_1_27' title="bbox 992 620 1778 654">
     <span class='ocr_line' id='line_1_27' title="bbox 992 620 1778 654; baseline -0.004 -6"><span class='ocrx_word' id='word_1_191' title='bbox 992 627 1090 648; x_wconf 87' lang='lat' dir='ltr'><strong>verum</strong></span> <span class='ocrx_word' id='word_1_192' title='bbox 1107 620 1150 648; x_wconf 90' lang='lat' dir='ltr'><strong>vis</strong></span> <span class='ocrx_word' id='word_1_193' title='bbox 1163 620 1267 652; x_wconf 89' lang='lat' dir='ltr'><strong>dicere,</strong></span> <span class='ocrx_word' id='word_1_194' title='bbox 1281 620 1422 650; x_wconf 87' lang='lat' dir='ltr'><strong>fateberis,</strong></span> <span class='ocrx_word' id='word_1_195' title='bbox 1445 620 1657 654; x_wconf 86' lang='lat' dir='ltr'><strong>haudquaquam</strong></span> <span class='ocrx_word' id='word_1_196' title='bbox 1675 625 1701 647; x_wconf 89' lang='lat' dir='ltr'><strong>te</strong></span> <span class='ocrx_word' id='word_1_197' title='bbox 1724 624 1778 646; x_wconf 89' lang='lat' dir='ltr'><strong>tattt</strong></span> 
     </span>
    </p>
   </div>
   <div class='ocr_carea' id='block_1_28' title="bbox 992 665 1778 699">
    <p class='ocr_par' dir='ltr' id='par_1_28' title="bbox 992 665 1778 699">
     <span class='ocr_line' id='line_1_28' title="bbox 992 665 1778 699; baseline -0.004 -6"><span class='ocrx_word' id='word_1_198' title='bbox 992 666 1101 694; x_wconf 83' lang='lat' dir='ltr'><strong>facilem</strong></span> <span class='ocrx_word' id='word_1_199' title='bbox 1117 666 1147 693; x_wconf 95' lang='lat' dir='ltr'><strong>in</strong></span> <span class='ocrx_word' id='word_1_200' title='bbox 1168 666 1301 693; x_wconf 79' lang='lat' dir='ltr'><strong>vexandts</strong></span> <span class='ocrx_word' id='word_1_201' title='bbox 1326 665 1389 693; x_wconf 88' lang='lat' dir='ltr'><strong>aliis</strong></span> <span class='ocrx_word' id='word_1_202' title='bbox 1415 665 1550 696; x_wconf 86' lang='lat' dir='ltr'><strong>futuram,</strong></span> <span class='ocrx_word' id='word_1_203' title='bbox 1573 665 1595 692; x_wconf 87' lang='lat' dir='ltr'><strong>si</strong></span> <span class='ocrx_word' id='word_1_204' title='bbox 1617 672 1778 699; x_wconf 86' lang='lat' dir='ltr'><strong>persuasum</strong></span> 
     </span>
    </p>
   </div>
   <div class='ocr_carea' id='block_1_29' title="bbox 993 710 1778 746">
    <p class='ocr_par' dir='ltr' id='par_1_29' title="bbox 993 710 1778 746">
     <span class='ocr_line' id='line_1_29' title="bbox 993 710 1778 746; baseline -0.003 -8"><span class='ocrx_word' id='word_1_205' title='bbox 993 711 1138 739; x_wconf 86' lang='lat' dir='ltr'><strong>habuisses</strong></span> <span class='ocrx_word' id='word_1_206' title='bbox 1152 711 1218 739; x_wconf 91' lang='lat' dir='ltr'><strong>hinc</strong></span> <span class='ocrx_word' id='word_1_207' title='bbox 1228 715 1392 738; x_wconf 89' lang='lat' dir='ltr'><strong>eventurum</strong></span> <span class='ocrx_word' id='word_1_208' title='bbox 1407 715 1436 738; x_wconf 92' lang='lat' dir='ltr'><strong>ut</strong></span> <span class='ocrx_word' id='word_1_209' title='bbox 1455 716 1482 738; x_wconf 91' lang='lat' dir='ltr'><strong>tu</strong></span> <span class='ocrx_word' id='word_1_210' title='bbox 1497 719 1607 746; x_wconf 88' lang='lat' dir='ltr'><strong>quoque</strong></span> <span class='ocrx_word' id='word_1_211' title='bbox 1629 710 1778 745; x_wconf 87' lang='lat' dir='ltr'><strong>aliquando</strong></span> 
     </span>
    </p>
   </div>
   <div class='ocr_carea' id='block_1_30' title="bbox 993 755 1779 792">
    <p class='ocr_par' dir='ltr' id='par_1_30' title="bbox 993 755 1779 792">
     <span class='ocr_line' id='line_1_30' title="bbox 993 755 1779 792; baseline -0.003 -8"><span class='ocrx_word' id='word_1_212' title='bbox 993 758 1069 792; x_wconf 88' lang='lat' dir='ltr'><strong>paria</strong></span> <span class='ocrx_word' id='word_1_213' title='bbox 1085 762 1223 791; x_wconf 86' lang='lat' dir='ltr'><strong>paterere.</strong></span> <span class='ocrx_word' id='word_1_214' title='bbox 1241 757 1290 784; x_wconf 85' lang='lat' dir='ltr'><strong>llis</strong></span> <span class='ocrx_word' id='word_1_215' title='bbox 1302 756 1405 784; x_wconf 85' lang='lat' dir='ltr'><strong>auditis</strong></span> <span class='ocrx_word' id='word_1_216' title='bbox 1432 757 1531 787; x_wconf 58' lang='lat' dir='ltr'><strong>leana,</strong></span> <span class='ocrx_word' id='word_1_217' title='bbox 1549 761 1681 791; x_wconf 77' lang='lat' dir='ltr'><strong>reputans</strong></span> <span class='ocrx_word' id='word_1_218' title='bbox 1707 755 1779 790; x_wconf 88' lang='lat' dir='ltr'><strong>apud</strong></span> 
     </span>
    </p>
   </div>
   <div class='ocr_carea' id='block_1_31' title="bbox 993 801 1779 838">
    <p class='ocr_par' dir='ltr' id='par_1_31' title="bbox 993 801 1779 838">
     <span class='ocr_line' id='line_1_31' title="bbox 993 801 1779 838; baseline -0.003 -8"><span class='ocrx_word' id='word_1_219' title='bbox 993 810 1065 834; x_wconf 86' lang='lat' dir='ltr'><strong>sese,</strong></span> <span class='ocrx_word' id='word_1_220' title='bbox 1080 803 1186 838; x_wconf 89' lang='lat' dir='ltr'><strong>proprii</strong></span> <span class='ocrx_word' id='word_1_221' title='bbox 1203 803 1322 838; x_wconf 83' lang='lat' dir='ltr'><strong>seipsatu</strong></span> <span class='ocrx_word' id='word_1_222' title='bbox 1334 803 1376 830; x_wconf 91' lang='lat' dir='ltr'><strong>sui</strong></span> <span class='ocrx_word' id='word_1_223' title='bbox 1388 810 1499 830; x_wconf 87' lang='lat' dir='ltr'><strong>causam</strong></span> <span class='ocrx_word' id='word_1_224' title='bbox 1516 802 1662 830; x_wconf 83' lang='lat' dir='ltr'><strong>infortunii</strong></span> <span class='ocrx_word' id='word_1_225' title='bbox 1682 801 1779 833; x_wconf 80' lang='lat' dir='ltr'><strong>fuisse,</strong></span> 
     </span>
    </p>
   </div>
   <div class='ocr_carea' id='block_1_32' title="bbox 994 843 1783 884">
    <p class='ocr_par' dir='ltr' id='par_1_32' title="bbox 994 843 1783 884">
     <span class='ocr_line' id='line_1_32' title="bbox 994 843 1783 884; baseline -0.006 -6"><span class='ocrx_word' id='word_1_226' title='bbox 994 851 1095 878; x_wconf 88' lang='lat' dir='ltr'><strong>seriam</strong></span> <span class='ocrx_word' id='word_1_227' title='bbox 1109 850 1173 877; x_wconf 66' lang='lat' dir='ltr'><strong>vitae</strong></span> <span class='ocrx_word' id='word_1_228' title='bbox 1185 843 1288 884; x_wconf 87' lang='lat' dir='ltr'><strong>prioris</strong></span> <span class='ocrx_word' id='word_1_229' title='bbox 1307 849 1501 884; x_wconf 66' lang='lat' dir='ltr'><strong>paenitentiam</strong></span> <span class='ocrx_word' id='word_1_230' title='bbox 1528 849 1666 883; x_wconf 83' lang='lat' dir='ltr'><strong>concepit,</strong></span> <span class='ocrx_word' id='word_1_231' title='bbox 1692 852 1783 876; x_wconf 85' lang='lat' dir='ltr'><strong>certa-</strong></span> 
     </span>
    </p>
   </div>
   <div class='ocr_carea' id='block_1_33' title="bbox 155 892 1782 930">
    <p class='ocr_par' dir='ltr' id='par_1_33' title="bbox 155 892 1782 930">
     <span class='ocr_line' id='line_1_33' title="bbox 155 892 1782 930; baseline -0.001 -9"><span class='ocrx_word' id='word_1_232' title='bbox 155 895 210 921; x_wconf 83' lang='lat' dir='ltr'><strong>uisi</strong></span> <span class='ocrx_word' id='word_1_233' title='bbox 225 901 307 928; x_wconf 82' lang='lat' dir='ltr'><strong>grave</strong></span> <span class='ocrx_word' id='word_1_234' title='bbox 319 898 372 925; x_wconf 88' lang='lat' dir='ltr'><strong>est,</strong></span> <span class='ocrx_word' id='word_1_235' title='bbox 389 900 522 925; x_wconf 88' lang='lat' dir='ltr'><strong>ntemora,</strong></span> <span class='ocrx_word' id='word_1_236' title='bbox 541 900 596 927; x_wconf 92' lang='lat' dir='ltr'><strong>quo</strong></span> <span class='ocrx_word' id='word_1_237' title='bbox 620 893 711 920; x_wconf 83' lang='lat' dir='ltr'><strong>victus</strong></span> <span class='ocrx_word' id='word_1_238' title='bbox 738 900 840 929; x_wconf 84' lang='lat' dir='ltr'><strong>genere</strong></span> <span class='ocrx_word' id='word_1_239' title='bbox 866 898 943 921; x_wconf 86' lang='lat' dir='ltr'><strong>tanto</strong></span> <span class='ocrx_word' id='word_1_240' title='bbox 959 895 981 924; x_wconf 85' lang='grc' dir='ltr'><strong>Β</strong></span> <span class='ocrx_word' id='word_1_241' title='bbox 994 903 1048 930; x_wconf 90' lang='lat' dir='ltr'><strong>que</strong></span> <span class='ocrx_word' id='word_1_242' title='bbox 1064 894 1282 926; x_wconf 86' lang='lat' dir='ltr'><strong>emendationis,</strong></span> <span class='ocrx_word' id='word_1_243' title='bbox 1311 893 1445 928; x_wconf 83' lang='lat' dir='ltr'><strong>deinceps</strong></span> <span class='ocrx_word' id='word_1_244' title='bbox 1470 900 1519 921; x_wconf 88' lang='lat' dir='ltr'><strong>esu</strong></span> <span class='ocrx_word' id='word_1_245' title='bbox 1546 893 1670 920; x_wconf 83' lang='lat' dir='ltr'><strong>carnium</strong></span> <span class='ocrx_word' id='word_1_246' title='bbox 1695 892 1782 919; x_wconf 78' lang='lat' dir='ltr'><strong>absti-</strong></span> 
     </span>
    </p>
   </div>
   <div class='ocr_carea' id='block_1_34' title="bbox 159 938 943 975">
    <p class='ocr_par' dir='ltr' id='par_1_34' title="bbox 159 938 943 975">
     <span class='ocr_line' id='line_1_34' title="bbox 159 938 943 975; baseline 0 -7"><span class='ocrx_word' id='word_1_247' title='bbox 159 947 283 975; x_wconf 83' lang='lat' dir='ltr'><strong>tctnpore</strong></span> <span class='ocrx_word' id='word_1_248' title='bbox 303 940 342 966; x_wconf 81' lang='lat' dir='ltr'><strong>sis</strong></span> <span class='ocrx_word' id='word_1_249' title='bbox 355 947 416 972; x_wconf 87' lang='lat' dir='ltr'><strong>usa,</strong></span> <span class='ocrx_word' id='word_1_250' title='bbox 444 938 510 974; x_wconf 90' lang='lat' dir='ltr'><strong>quid</strong></span> <span class='ocrx_word' id='word_1_251' title='bbox 541 943 581 966; x_wconf 92' lang='lat' dir='ltr'><strong>tot</strong></span> <span class='ocrx_word' id='word_1_252' title='bbox 608 938 669 966; x_wconf 87' lang='lat' dir='ltr'><strong>istis</strong></span> <span class='ocrx_word' id='word_1_253' title='bbox 697 939 779 967; x_wconf 84' lang='lat' dir='ltr'><strong>annis</strong></span> <span class='ocrx_word' id='word_1_254' title='bbox 797 939 943 968; x_wconf 87' lang='lat' dir='ltr'><strong>comedere</strong></span> 
     </span>
    </p>
   </div>
   <div class='ocr_carea' id='block_1_35' title="bbox 155 984 945 1020">
    <p class='ocr_par' dir='ltr' id='par_1_35' title="bbox 155 984 945 1020">
     <span class='ocr_line' id='line_1_35' title="bbox 155 984 945 1020; baseline -0.001 -7"><span class='ocrx_word' id='word_1_255' title='bbox 155 986 345 1014; x_wconf 76' lang='lat' dir='ltr'><strong>consueveris.</strong></span> <span class='ocrx_word' id='word_1_256' title='bbox 372 985 478 1020; x_wconf 86' lang='lat' dir='ltr'><strong>Nempe</strong></span> <span class='ocrx_word' id='word_1_257' title='bbox 489 985 573 1017; x_wconf 83' lang='lat' dir='ltr'><strong>nosti,</strong></span> <span class='ocrx_word' id='word_1_258' title='bbox 594 984 634 1012; x_wconf 86' lang='lat' dir='ltr'><strong>ait</strong></span> <span class='ocrx_word' id='word_1_259' title='bbox 658 985 715 1016; x_wconf 84' lang='lat' dir='ltr'><strong>illa.</strong></span> <span class='ocrx_word' id='word_1_260' title='bbox 731 985 806 1013; x_wconf 85' lang='lat' dir='ltr'><strong>vesci</strong></span> <span class='ocrx_word' id='word_1_261' title='bbox 821 993 865 1014; x_wconf 84' lang='lat' dir='ltr'><strong>me</strong></span> <span class='ocrx_word' id='word_1_262' title='bbox 882 993 945 1013; x_wconf 88' lang='lat' dir='ltr'><strong>car-</strong></span> 
     </span>
    </p>
   </div>
   <div class='ocr_carea' id='block_1_36' title="bbox 156 1029 946 1064">
    <p class='ocr_par' dir='ltr' id='par_1_36' title="bbox 156 1029 946 1064">
     <span class='ocr_line' id='line_1_36' title="bbox 156 1029 946 1064; baseline 0 -6"><span class='ocrx_word' id='word_1_263' title='bbox 156 1032 238 1059; x_wconf 86' lang='lat' dir='ltr'><strong>nibus</strong></span> <span class='ocrx_word' id='word_1_264' title='bbox 253 1031 435 1058; x_wconf 87' lang='lat' dir='ltr'><strong>auimantium</strong></span> <span class='ocrx_word' id='word_1_265' title='bbox 450 1030 552 1058; x_wconf 87' lang='lat' dir='ltr'><strong>solere.</strong></span> <span class='ocrx_word' id='word_1_266' title='bbox 582 1029 664 1063; x_wconf 87' lang='lat' dir='ltr'><strong>Sane,</strong></span> <span class='ocrx_word' id='word_1_267' title='bbox 692 1030 730 1058; x_wconf 85' lang='lat' dir='ltr'><strong>ait</strong></span> <span class='ocrx_word' id='word_1_268' title='bbox 747 1038 820 1064; x_wconf 87' lang='lat' dir='ltr'><strong>ursa;</strong></span> <span class='ocrx_word' id='word_1_269' title='bbox 848 1038 946 1058; x_wconf 82' lang='lat' dir='ltr'><strong>rursus</strong></span> 
     </span>
    </p>
   </div>
   <div class='ocr_carea' id='block_1_37' title="bbox 155 1077 946 1113">
    <p class='ocr_par' dir='ltr' id='par_1_37' title="bbox 155 1077 946 1113">
     <span class='ocr_line' id='line_1_37' title="bbox 155 1077 946 1113; baseline 0.001 -9"><span class='ocrx_word' id='word_1_270' title='bbox 155 1078 222 1105; x_wconf 89' lang='lat' dir='ltr'><strong>illud</strong></span> <span class='ocrx_word' id='word_1_271' title='bbox 235 1085 347 1113; x_wconf 64' lang='lat' dir='ltr'><strong>quaero:</strong></span> <span class='ocrx_word' id='word_1_272' title='bbox 362 1077 429 1110; x_wconf 85' lang='lat' dir='ltr'><strong>Quis</strong></span> <span class='ocrx_word' id='word_1_273' title='bbox 443 1077 494 1105; x_wconf 84' lang='lat' dir='ltr'><strong>tibi</strong></span> <span class='ocrx_word' id='word_1_274' title='bbox 507 1084 605 1104; x_wconf 87' lang='lat' dir='ltr'><strong>carnes</strong></span> <span class='ocrx_word' id='word_1_275' title='bbox 615 1077 682 1104; x_wconf 89' lang='lat' dir='ltr'><strong>istas</strong></span> <span class='ocrx_word' id='word_1_276' title='bbox 697 1077 946 1105; x_wconf 77' lang='lat' dir='ltr'><strong>subministrabat?</strong></span> 
     </span>
    </p>
   </div>
   <div class='ocr_carea' id='block_1_38' title="bbox 157 1123 944 1158">
    <p class='ocr_par' dir='ltr' id='par_1_38' title="bbox 157 1123 944 1158">
     <span class='ocr_line' id='line_1_38' title="bbox 157 1123 944 1158; baseline 0.001 -8"><span class='ocrx_word' id='word_1_277' title='bbox 157 1124 296 1156; x_wconf 78' lang='lat' dir='ltr'><strong>Venabar,</strong></span> <span class='ocrx_word' id='word_1_278' title='bbox 310 1123 413 1158; x_wconf 89' lang='lat' dir='ltr'><strong>inquit,</strong></span> <span class='ocrx_word' id='word_1_279' title='bbox 444 1123 570 1158; x_wconf 85' lang='lat' dir='ltr'><strong>quotidie</strong></span> <span class='ocrx_word' id='word_1_280' title='bbox 588 1123 615 1150; x_wconf 91' lang='lat' dir='ltr'><strong>in</strong></span> <span class='ocrx_word' id='word_1_281' title='bbox 631 1127 736 1155; x_wconf 89' lang='lat' dir='ltr'><strong>monte,</strong></span> <span class='ocrx_word' id='word_1_282' title='bbox 757 1127 786 1151; x_wconf 89' lang='lat' dir='ltr'><strong>et</strong></span> <span class='ocrx_word' id='word_1_283' title='bbox 812 1131 882 1158; x_wconf 84' lang='lat' dir='ltr'><strong>quas</strong></span> <span class='ocrx_word' id='word_1_284' title='bbox 896 1124 944 1152; x_wconf 89' lang='lat' dir='ltr'><strong>be-</strong></span> 
     </span>
    </p>
   </div>
   <div class='ocr_carea' id='block_1_39' title="bbox 155 1169 942 1204">
    <p class='ocr_par' dir='ltr' id='par_1_39' title="bbox 155 1169 942 1204">
     <span class='ocr_line' id='line_1_39' title="bbox 155 1169 942 1204; baseline 0.001 -8"><span class='ocrx_word' id='word_1_285' title='bbox 155 1170 223 1196; x_wconf 85' lang='lat' dir='ltr'><strong>stias</strong></span> <span class='ocrx_word' id='word_1_286' title='bbox 251 1169 377 1203; x_wconf 84' lang='lat' dir='ltr'><strong>arripere</strong></span> <span class='ocrx_word' id='word_1_287' title='bbox 409 1174 533 1204; x_wconf 88' lang='lat' dir='ltr'><strong>poteram</strong></span> <span class='ocrx_word' id='word_1_288' title='bbox 565 1169 709 1196; x_wconf 85' lang='lat' dir='ltr'><strong>vorabam.</strong></span> <span class='ocrx_word' id='word_1_289' title='bbox 733 1169 841 1197; x_wconf 83' lang='lat' dir='ltr'><strong>Rursus</strong></span> <span class='ocrx_word' id='word_1_290' title='bbox 865 1177 942 1203; x_wconf 83' lang='lat' dir='ltr'><strong>ursa,</strong></span> 
     </span>
    </p>
   </div>
   <div class='ocr_carea' id='block_1_40' title="bbox 155 1214 940 1249">
    <p class='ocr_par' dir='ltr' id='par_1_40' title="bbox 155 1214 940 1249">
     <span class='ocr_line' id='line_1_40' title="bbox 155 1214 940 1249; baseline 0.003 -9"><span class='ocrx_word' id='word_1_291' title='bbox 155 1214 226 1247; x_wconf 80' lang='lat' dir='ltr'><strong>Quid</strong></span> <span class='ocrx_word' id='word_1_292' title='bbox 242 1214 292 1241; x_wconf 90' lang='lat' dir='ltr'><strong>tibi</strong></span> <span class='ocrx_word' id='word_1_293' title='bbox 304 1214 424 1246; x_wconf 82' lang='lat' dir='ltr'><strong>videtur,</strong></span> <span class='ocrx_word' id='word_1_294' title='bbox 437 1215 547 1248; x_wconf 87' lang='lat' dir='ltr'><strong>inquit;</strong></span> <span class='ocrx_word' id='word_1_295' title='bbox 565 1214 695 1242; x_wconf 85' lang='lat' dir='ltr'><strong>animalia</strong></span> <span class='ocrx_word' id='word_1_296' title='bbox 714 1214 760 1242; x_wconf 85' lang='lat' dir='ltr'><strong>illa</strong></span> <span class='ocrx_word' id='word_1_297' title='bbox 773 1219 828 1242; x_wconf 85' lang='lat' dir='ltr'><strong>tant</strong></span> <span class='ocrx_word' id='word_1_298' title='bbox 844 1217 940 1249; x_wconf 88' lang='lat' dir='ltr'><strong>multa,</strong></span> 
     </span>
    </p>
   </div>
   <div class='ocr_carea' id='block_1_41' title="bbox 155 1259 942 1296">
    <p class='ocr_par' dir='ltr' id='par_1_41' title="bbox 155 1259 942 1296">
     <span class='ocr_line' id='line_1_41' title="bbox 155 1259 942 1296; baseline 0.003 -9"><span class='ocrx_word' id='word_1_299' title='bbox 155 1268 215 1294; x_wconf 79' lang='lat' dir='ltr'><strong>quae</strong></span> <span class='ocrx_word' id='word_1_300' title='bbox 228 1259 343 1292; x_wconf 85' lang='lat' dir='ltr'><strong>vorasti,</strong></span> <span class='ocrx_word' id='word_1_301' title='bbox 359 1260 501 1296; x_wconf 88' lang='lat' dir='ltr'><strong>genitores</strong></span> <span class='ocrx_word' id='word_1_302' title='bbox 518 1267 574 1288; x_wconf 91' lang='lat' dir='ltr'><strong>non</strong></span> <span class='ocrx_word' id='word_1_303' title='bbox 584 1260 764 1288; x_wconf 72' lang='lat' dir='ltr'><strong>habuerunt!</strong></span> <span class='ocrx_word' id='word_1_304' title='bbox 777 1261 942 1289; x_wconf 85' lang='lat' dir='ltr'><strong>Habuerunt</strong></span> 
     </span>
    </p>
   </div>
   <div class='ocr_carea' id='block_1_42' title="bbox 946 1333 980 1340">
    <p class='ocr_par' dir='ltr' id='par_1_42' title="bbox 946 1333 980 1340">
     <span class='ocr_line' id='line_1_42' title="bbox 946 1333 980 1340; baseline 0 0"><span class='ocrx_word' id='word_1_305' title='bbox 946 1333 980 1340; x_wconf 58' lang='grc' dir='ltr'><strong>-α</strong></span> 
     </span>
    </p>
   </div>
   <div class='ocr_carea' id='block_1_43' title="bbox 991 937 1782 974">
    <p class='ocr_par' dir='ltr' id='par_1_43' title="bbox 991 937 1782 974">
     <span class='ocr_line' id='line_1_43' title="bbox 991 937 1782 974; baseline -0.005 -5"><span class='ocrx_word' id='word_1_306' title='bbox 991 941 1064 974; x_wconf 87' lang='lat' dir='ltr'><strong>nuit,</strong></span> <span class='ocrx_word' id='word_1_307' title='bbox 1091 939 1228 968; x_wconf 89' lang='lat' dir='ltr'><strong>fructibus</strong></span> <span class='ocrx_word' id='word_1_308' title='bbox 1260 939 1392 967; x_wconf 88' lang='lat' dir='ltr'><strong>arborum</strong></span> <span class='ocrx_word' id='word_1_309' title='bbox 1425 938 1510 966; x_wconf 87' lang='lat' dir='ltr'><strong>vitam</strong></span> <span class='ocrx_word' id='word_1_310' title='bbox 1550 939 1681 966; x_wconf 89' lang='lat' dir='ltr'><strong>tolerans.</strong></span> <span class='ocrx_word' id='word_1_311' title='bbox 1716 937 1782 965; x_wconf 68' lang='lat' dir='ltr'><strong>Post</strong></span> 
     </span>
    </p>
   </div>
   <div class='ocr_carea' id='block_1_44' title="bbox 992 984 1783 1023">
    <p class='ocr_par' dir='ltr' id='par_1_44' title="bbox 992 984 1783 1023">
     <span class='ocr_line' id='line_1_44' title="bbox 992 984 1783 1023; baseline -0.008 -8"><span class='ocrx_word' id='word_1_312' title='bbox 992 995 1054 1023; x_wconf 64' lang='lat' dir='ltr'><strong>qua;</strong></span> <span class='ocrx_word' id='word_1_313' title='bbox 1065 986 1220 1023; x_wconf 89' lang='lat' dir='ltr'><strong>subjunxit,</strong></span> <span class='ocrx_word' id='word_1_314' title='bbox 1235 985 1401 1020; x_wconf 86' lang='lat' dir='ltr'><strong>compendio</strong></span> <span class='ocrx_word' id='word_1_315' title='bbox 1424 985 1497 1012; x_wconf 87' lang='lat' dir='ltr'><strong>dicta</strong></span> <span class='ocrx_word' id='word_1_316' title='bbox 1522 984 1655 1019; x_wconf 77' lang='lat' dir='ltr'><strong>colligens</strong></span> <span class='ocrx_word' id='word_1_317' title='bbox 1668 991 1783 1019; x_wconf 81' lang='lat' dir='ltr'><strong>gymno-</strong></span> 
     </span>
    </p>
   </div>
   <div class='ocr_carea' id='block_1_45' title="bbox 995 1029 1782 1068">
    <p class='ocr_par' dir='ltr' id='par_1_45' title="bbox 995 1029 1782 1068">
     <span class='ocr_line' id='line_1_45' title="bbox 995 1029 1782 1068; baseline -0.008 -7"><span class='ocrx_word' id='word_1_318' title='bbox 995 1033 1119 1068; x_wconf 83' lang='lat' dir='ltr'><strong>sOphista</strong></span> <span class='ocrx_word' id='word_1_319' title='bbox 1137 1041 1144 1060; x_wconf 93' lang='lat'>:</span> <span class='ocrx_word' id='word_1_320' title='bbox 1162 1032 1209 1060; x_wconf 88' lang='lat' dir='ltr'><strong>Sic</strong></span> <span class='ocrx_word' id='word_1_321' title='bbox 1249 1031 1331 1063; x_wconf 87' lang='lat' dir='ltr'><strong>habe.</strong></span> <span class='ocrx_word' id='word_1_322' title='bbox 1356 1039 1405 1059; x_wconf 90' lang='lat' dir='ltr'><strong>rex</strong></span> <span class='ocrx_word' id='word_1_323' title='bbox 1433 1030 1563 1063; x_wconf 80' lang='lat' dir='ltr'><strong>maxime,</strong></span> <span class='ocrx_word' id='word_1_324' title='bbox 1601 1029 1649 1065; x_wconf 89' lang='lat' dir='ltr'><strong>qui</strong></span> <span class='ocrx_word' id='word_1_325' title='bbox 1685 1029 1782 1056; x_wconf 88' lang='lat' dir='ltr'><strong>dolore</strong></span> 
     </span>
    </p>
   </div>
   <div class='ocr_carea' id='block_1_46' title="bbox 996 1074 1780 1115">
    <p class='ocr_par' dir='ltr' id='par_1_46' title="bbox 996 1074 1780 1115">
     <span class='ocr_line' id='line_1_46' title="bbox 996 1074 1780 1115; baseline -0.005 -8"><span class='ocrx_word' id='word_1_326' title='bbox 996 1080 1128 1115; x_wconf 87' lang='lat' dir='ltr'><strong>pungitur</strong></span> <span class='ocrx_word' id='word_1_327' title='bbox 1143 1077 1249 1113; x_wconf 85' lang='lat' dir='ltr'><strong>accepti</strong></span> <span class='ocrx_word' id='word_1_328' title='bbox 1279 1077 1385 1110; x_wconf 87' lang='lat' dir='ltr'><strong>damni,</strong></span> <span class='ocrx_word' id='word_1_329' title='bbox 1413 1077 1462 1104; x_wconf 91' lang='lat' dir='ltr'><strong>ubi</strong></span> <span class='ocrx_word' id='word_1_330' title='bbox 1491 1075 1574 1104; x_wconf 88' lang='lat' dir='ltr'><strong>simul</strong></span> <span class='ocrx_word' id='word_1_331' title='bbox 1598 1074 1780 1110; x_wconf 75' lang='lat' dir='ltr'><strong>cognoverit.</strong></span> 
     </span>
    </p>
   </div>
   <div class='ocr_carea' id='block_1_47' title="bbox 996 1121 1783 1158">
    <p class='ocr_par' dir='ltr' id='par_1_47' title="bbox 996 1121 1783 1158">
     <span class='ocr_line' id='line_1_47' title="bbox 996 1121 1783 1158; baseline -0.009 -6"><span class='ocrx_word' id='word_1_332' title='bbox 996 1124 1070 1152; x_wconf 86' lang='lat' dir='ltr'><strong>istud</strong></span> <span class='ocrx_word' id='word_1_333' title='bbox 1086 1123 1148 1151; x_wconf 90' lang='lat' dir='ltr'><strong>ideo</strong></span> <span class='ocrx_word' id='word_1_334' title='bbox 1158 1130 1189 1151; x_wconf 87' lang='lat' dir='ltr'><strong>se</strong></span> <span class='ocrx_word' id='word_1_335' title='bbox 1204 1123 1261 1158; x_wconf 89' lang='lat' dir='ltr'><strong>pati</strong></span> <span class='ocrx_word' id='word_1_336' title='bbox 1279 1123 1344 1158; x_wconf 87' lang='lat' dir='ltr'><strong>quia</strong></span> <span class='ocrx_word' id='word_1_337' title='bbox 1356 1122 1487 1150; x_wconf 88' lang='lat' dir='ltr'><strong>similiter</strong></span> <span class='ocrx_word' id='word_1_338' title='bbox 1511 1121 1540 1149; x_wconf 90' lang='lat' dir='ltr'><strong>in</strong></span> <span class='ocrx_word' id='word_1_339' title='bbox 1559 1121 1630 1149; x_wconf 89' lang='lat' dir='ltr'><strong>alios</strong></span> <span class='ocrx_word' id='word_1_340' title='bbox 1648 1127 1783 1155; x_wconf 80' lang='lat' dir='ltr'><strong>peccare-</strong></span> 
     </span>
    </p>
   </div>
   <div class='ocr_carea' id='block_1_48' title="bbox 995 1165 1783 1203">
    <p class='ocr_par' dir='ltr' id='par_1_48' title="bbox 995 1165 1783 1203">
     <span class='ocr_line' id='line_1_48' title="bbox 995 1165 1783 1203; baseline -0.008 -6"><span class='ocrx_word' id='word_1_341' title='bbox 995 1171 1042 1203; x_wconf 89' lang='lat' dir='ltr'><strong>rit,</strong></span> <span class='ocrx_word' id='word_1_342' title='bbox 1054 1174 1083 1197; x_wconf 91' lang='lat' dir='ltr'><strong>et</strong></span> <span class='ocrx_word' id='word_1_343' title='bbox 1096 1169 1198 1197; x_wconf 88' lang='lat' dir='ltr'><strong>malttm</strong></span> <span class='ocrx_word' id='word_1_344' title='bbox 1215 1169 1323 1196; x_wconf 89' lang='lat' dir='ltr'><strong>illatum</strong></span> <span class='ocrx_word' id='word_1_345' title='bbox 1341 1167 1414 1195; x_wconf 89' lang='lat' dir='ltr'><strong>feret</strong></span> <span class='ocrx_word' id='word_1_346' title='bbox 1426 1167 1528 1200; x_wconf 86' lang='lat' dir='ltr'><strong>levius.</strong></span> <span class='ocrx_word' id='word_1_347' title='bbox 1545 1170 1574 1194; x_wconf 85' lang='lat' dir='ltr'><strong>et</strong></span> <span class='ocrx_word' id='word_1_348' title='bbox 1595 1165 1783 1193; x_wconf 87' lang='lat' dir='ltr'><strong>deterrebitur</strong></span> 
     </span>
    </p>
   </div>
   <div class='ocr_carea' id='block_1_49' title="bbox 995 1211 1782 1252">
    <p class='ocr_par' dir='ltr' id='par_1_49' title="bbox 995 1211 1782 1252">
     <span class='ocr_line' id='line_1_49' title="bbox 995 1211 1782 1252; baseline -0.009 -7"><span class='ocrx_word' id='word_1_349' title='bbox 995 1217 1023 1245; x_wconf 91' lang='lat' dir='ltr'><strong>in</strong></span> <span class='ocrx_word' id='word_1_350' title='bbox 1031 1222 1174 1252; x_wconf 90' lang='lat' dir='ltr'><strong>posterum</strong></span> <span class='ocrx_word' id='word_1_351' title='bbox 1187 1216 1221 1244; x_wconf 89' lang='lat' dir='ltr'><strong>ab</strong></span> <span class='ocrx_word' id='word_1_352' title='bbox 1234 1216 1308 1249; x_wconf 82' lang='lat' dir='ltr'><strong>aliis,</strong></span> <span class='ocrx_word' id='word_1_353' title='bbox 1328 1215 1453 1244; x_wconf 85' lang='lat' dir='ltr'><strong>reditura</strong></span> <span class='ocrx_word' id='word_1_354' title='bbox 1468 1214 1497 1242; x_wconf 89' lang='lat' dir='ltr'><strong>in</strong></span> <span class='ocrx_word' id='word_1_355' title='bbox 1504 1218 1644 1242; x_wconf 84' lang='lat' dir='ltr'><strong>auctorem</strong></span> <span class='ocrx_word' id='word_1_356' title='bbox 1655 1211 1782 1248; x_wconf 84' lang='lat' dir='ltr'><strong>quando-</strong></span> 
     </span>
    </p>
   </div>
   <div class='ocr_carea' id='block_1_50' title="bbox 994 1262 1330 1299">
    <p class='ocr_par' dir='ltr' id='par_1_50' title="bbox 994 1262 1330 1299">
     <span class='ocr_line' id='line_1_50' title="bbox 994 1262 1330 1299; baseline -0.003 -8"><span class='ocrx_word' id='word_1_357' title='bbox 994 1271 1049 1297; x_wconf 89' lang='lat' dir='ltr'><strong>que</strong></span> <span class='ocrx_word' id='word_1_358' title='bbox 1061 1263 1172 1299; x_wconf 84' lang='lat' dir='ltr'><strong>injuria,</strong></span> <span class='ocrx_word' id='word_1_359' title='bbox 1182 1262 1330 1291; x_wconf 82' lang='lat' dir='ltr'><strong>violandis.</strong></span> 
     </span>
    </p>
   </div>
   <div class='ocr_carea' id='block_1_51' title="bbox 629 1377 1307 1410">
    <p class='ocr_par' dir='ltr' id='par_1_51' title="bbox 629 1377 1307 1410">
     <span class='ocr_line' id='line_1_51' title="bbox 629 1377 1307 1410; baseline 0.004 -3"><span class='ocrx_word' id='word_1_360' title='bbox 629 1377 895 1409; x_wconf 81' lang='lat' dir='ltr'><strong>DISSERTATIO</strong></span> <span class='ocrx_word' id='word_1_361' title='bbox 925 1378 1185 1410; x_wconf 82' lang='lat' dir='ltr'><strong>PARABOLICA</strong></span> <span class='ocrx_word' id='word_1_362' title='bbox 1218 1379 1307 1410; x_wconf 84' lang='lat' dir='ltr'><strong>XIV.</strong></span> 
     </span>
    </p>
   </div>
   <div class='ocr_carea' id='block_1_52' title="bbox 156 1425 1782 1470">
    <p class='ocr_par' dir='ltr' id='par_1_52' title="bbox 156 1425 1782 1470">
     <span class='ocr_line' id='line_1_52' title="bbox 156 1425 1782 1470; baseline 0.001 -11"><span class='ocrx_word' id='word_1_363' title='bbox 156 1427 267 1458; x_wconf 78' lang='lat' dir='ltr'><strong>Tradit</strong></span> <span class='ocrx_word' id='word_1_364' title='bbox 294 1426 420 1457; x_wconf 83' lang='lat' dir='ltr'><strong>modum</strong></span> <span class='ocrx_word' id='word_1_365' title='bbox 449 1425 649 1457; x_wconf 71' lang='lat' dir='ltr'><strong>discernendi</strong></span> <span class='ocrx_word' id='word_1_366' title='bbox 664 1427 798 1458; x_wconf 75' lang='lat' dir='ltr'><strong>consilia</strong></span> <span class='ocrx_word' id='word_1_367' title='bbox 812 1428 906 1459; x_wconf 81' lang='lat' dir='ltr'><strong>utilia</strong></span> <span class='ocrx_word' id='word_1_368' title='bbox 927 1429 969 1470; x_wconf 14' lang='lat' dir='ltr'><strong>ab?</strong></span> <span class='ocrx_word' id='word_1_369' title='bbox 989 1430 1150 1465; x_wconf 82' lang='lat' dir='ltr'><strong>inanibus,</strong></span> <span class='ocrx_word' id='word_1_370' title='bbox 1167 1430 1274 1470; x_wconf 75' lang='lat' dir='ltr'><strong>qualia</strong></span> <span class='ocrx_word' id='word_1_371' title='bbox 1299 1431 1435 1462; x_wconf 69' lang='lat' dir='ltr'><strong>maxime</strong></span> <span class='ocrx_word' id='word_1_372' title='bbox 1456 1434 1530 1460; x_wconf 77' lang='lat' dir='ltr'><strong>sunt</strong></span> <span class='ocrx_word' id='word_1_373' title='bbox 1554 1430 1589 1461; x_wconf 78' lang='lat' dir='ltr'><strong>id</strong></span> <span class='ocrx_word' id='word_1_374' title='bbox 1616 1430 1782 1461; x_wconf 76' lang='lat' dir='ltr'><strong>suadentia</strong></span> 
     </span>
    </p>
   </div>
   <div class='ocr_carea' id='block_1_53' title="bbox 748 1469 1191 1510">
    <p class='ocr_par' dir='ltr' id='par_1_53' title="bbox 748 1469 1191 1510">
     <span class='ocr_line' id='line_1_53' title="bbox 748 1469 1191 1510; baseline 0.007 -13"><span class='ocrx_word' id='word_1_375' title='bbox 748 1471 871 1498; x_wconf 75' lang='lat' dir='ltr'><strong>tentare</strong></span> <span class='ocrx_word' id='word_1_376' title='bbox 887 1469 970 1508; x_wconf 85' lang='lat' dir='ltr'><strong>quod</strong></span> <span class='ocrx_word' id='word_1_377' title='bbox 984 1470 1053 1509; x_wconf 80' lang='lat' dir='ltr'><strong>ﬁeri</strong></span> <span class='ocrx_word' id='word_1_378' title='bbox 1071 1469 1191 1510; x_wconf 57' lang='lat' dir='ltr'><strong>nequit.</strong></span> 
     </span>
    </p>
   </div>
   <div class='ocr_carea' id='block_1_54' title="bbox 187 1527 1782 1568">
    <p class='ocr_par' dir='ltr' id='par_1_54' title="bbox 187 1527 1782 1568">
     <span class='ocr_line' id='line_1_54' title="bbox 187 1527 1782 1568; baseline 0.003 -14"><span class='ocrx_word' id='word_1_379' title='bbox 187 1527 294 1562; x_wconf 87' lang='lat' dir='ltr'><strong>Optima</strong></span> <span class='ocrx_word' id='word_1_380' title='bbox 308 1532 336 1555; x_wconf 90' lang='lat' dir='ltr'><strong>et</strong></span> <span class='ocrx_word' id='word_1_381' title='bbox 352 1532 378 1556; x_wconf 88' lang='lat' dir='ltr'><strong>te</strong></span> <span class='ocrx_word' id='word_1_382' title='bbox 391 1528 484 1563; x_wconf 86' lang='lat' dir='ltr'><strong>digna,</strong></span> <span class='ocrx_word' id='word_1_383' title='bbox 499 1535 547 1556; x_wconf 86' lang='lat' dir='ltr'><strong>rex</strong></span> <span class='ocrx_word' id='word_1_384' title='bbox 562 1528 611 1561; x_wconf 85' lang='lat' dir='ltr'><strong>ait,</strong></span> <span class='ocrx_word' id='word_1_385' title='bbox 626 1528 761 1564; x_wconf 84' lang='lat' dir='ltr'><strong>nobisque</strong></span> <span class='ocrx_word' id='word_1_386' title='bbox 779 1530 885 1558; x_wconf 87' lang='lat' dir='ltr'><strong>utiliter</strong></span> <span class='ocrx_word' id='word_1_387' title='bbox 899 1538 940 1558; x_wconf 78' lang='lat' dir='ltr'><strong>re-</strong></span> <span class='ocrx_word' id='word_1_388' title='bbox 953 1534 975 1566; x_wconf 77' lang='grc' dir='ltr'>ο</span> <span class='ocrx_word' id='word_1_389' title='bbox 992 1533 1161 1568; x_wconf 87' lang='lat' dir='ltr'><strong>posteriores</strong></span> <span class='ocrx_word' id='word_1_390' title='bbox 1188 1533 1292 1560; x_wconf 82' lang='lat' dir='ltr'><strong>habere</strong></span> <span class='ocrx_word' id='word_1_391' title='bbox 1316 1533 1418 1560; x_wconf 85' lang='lat' dir='ltr'><strong>soleam</strong></span> <span class='ocrx_word' id='word_1_392' title='bbox 1429 1551 1436 1559; x_wconf 94' lang='lat'><strong>.</strong></span> <span class='ocrx_word' id='word_1_393' title='bbox 1461 1532 1551 1566; x_wconf 86' lang='lat' dir='ltr'><strong>Quare</strong></span> <span class='ocrx_word' id='word_1_394' title='bbox 1576 1534 1647 1568; x_wconf 84' lang='lat' dir='ltr'><strong>agite</strong></span> <span class='ocrx_word' id='word_1_395' title='bbox 1661 1552 1668 1563; x_wconf 89' lang='lat'><strong>,</strong></span> <span class='ocrx_word' id='word_1_396' title='bbox 1698 1532 1782 1559; x_wconf 89' lang='lat' dir='ltr'><strong>libere</strong></span> 
     </span>
    </p>
   </div>
   <div class='ocr_carea' id='block_1_55' title="bbox 153 1573 941 1610">
    <p class='ocr_par' dir='ltr' id='par_1_55' title="bbox 153 1573 941 1610">
     <span class='ocr_line' id='line_1_55' title="bbox 153 1573 941 1610; baseline 0.006 -11"><span class='ocrx_word' id='word_1_397' title='bbox 153 1573 265 1600; x_wconf 85' lang='lat' dir='ltr'><strong>colenda</strong></span> <span class='ocrx_word' id='word_1_398' title='bbox 279 1574 440 1608; x_wconf 84' lang='lat' dir='ltr'><strong>disputasti;</strong></span> <span class='ocrx_word' id='word_1_399' title='bbox 456 1582 531 1601; x_wconf 89' lang='lat' dir='ltr'><strong>nunc</strong></span> <span class='ocrx_word' id='word_1_400' title='bbox 545 1574 580 1602; x_wconf 90' lang='lat' dir='ltr'><strong>de</strong></span> <span class='ocrx_word' id='word_1_401' title='bbox 594 1575 762 1603; x_wconf 88' lang='lat' dir='ltr'><strong>consiliariis</strong></span> <span class='ocrx_word' id='word_1_402' title='bbox 777 1583 848 1610; x_wconf 90' lang='lat' dir='ltr'><strong>quos</strong></span> <span class='ocrx_word' id='word_1_403' title='bbox 861 1577 941 1604; x_wconf 80' lang='lat' dir='ltr'><strong>adhi-</strong></span> 
     </span>
    </p>
   </div>
   <div class='ocr_carea' id='block_1_56' title="bbox 154 1618 942 1654">
    <p class='ocr_par' dir='ltr' id='par_1_56' title="bbox 154 1618 942 1654">
     <span class='ocr_line' id='line_1_56' title="bbox 154 1618 942 1654; baseline 0.008 -10"><span class='ocrx_word' id='word_1_404' title='bbox 154 1618 218 1645; x_wconf 90' lang='lat' dir='ltr'><strong>bere</strong></span> <span class='ocrx_word' id='word_1_405' title='bbox 238 1625 316 1652; x_wconf 82' lang='lat' dir='ltr'><strong>reges</strong></span> <span class='ocrx_word' id='word_1_406' title='bbox 332 1619 444 1652; x_wconf 84' lang='lat' dir='ltr'><strong>debent,</strong></span> <span class='ocrx_word' id='word_1_407' title='bbox 468 1620 558 1654; x_wconf 86' lang='lat' dir='ltr'><strong>deque</strong></span> <span class='ocrx_word' id='word_1_408' title='bbox 580 1620 691 1648; x_wconf 84' lang='lat' dir='ltr'><strong>illorum</strong></span> <span class='ocrx_word' id='word_1_409' title='bbox 714 1621 823 1649; x_wconf 74' lang='lat' dir='ltr'><strong>deleatu</strong></span> <span class='ocrx_word' id='word_1_410' title='bbox 840 1627 869 1649; x_wconf 89' lang='lat' dir='ltr'><strong>et</strong></span> <span class='ocrx_word' id='word_1_411' title='bbox 890 1630 942 1650; x_wconf 89' lang='lat' dir='ltr'><strong>usu</strong></span> 
     </span>
    </p>
   </div>
   <div class='ocr_carea' id='block_1_57' title="bbox 153 1662 590 1697">
    <p class='ocr_par' dir='ltr' id='par_1_57' title="bbox 153 1662 590 1697">
     <span class='ocr_line' id='line_1_57' title="bbox 153 1662 590 1697; baseline 0.005 -9"><span class='ocrx_word' id='word_1_412' title='bbox 153 1663 321 1697; x_wconf 82' lang='lat' dir='ltr'><strong>perlibenter</strong></span> <span class='ocrx_word' id='word_1_413' title='bbox 333 1662 437 1697; x_wconf 78' lang='lat' dir='ltr'><strong>aliquid</strong></span> <span class='ocrx_word' id='word_1_414' title='bbox 453 1663 590 1690; x_wconf 88' lang='lat' dir='ltr'><strong>audirem.</strong></span> 
     </span>
    </p>
   </div>
   <div class='ocr_carea' id='block_1_58' title="bbox 187 1708 940 1744">
    <p class='ocr_par' dir='ltr' id='par_1_58' title="bbox 187 1708 940 1744">
     <span class='ocr_line' id='line_1_58' title="bbox 187 1708 940 1744; baseline 0.003 -8"><span class='ocrx_word' id='word_1_415' title='bbox 187 1709 208 1736; x_wconf 92' lang='lat' dir='ltr'><strong>l.</strong></span> <span class='ocrx_word' id='word_1_416' title='bbox 223 1709 292 1736; x_wconf 94' lang='lat' dir='ltr'><strong>Tutu</strong></span> <span class='ocrx_word' id='word_1_417' title='bbox 304 1709 528 1744; x_wconf 83' lang='lat' dir='ltr'><strong>gymttosophista</strong></span> <span class='ocrx_word' id='word_1_418' title='bbox 539 1708 611 1737; x_wconf 89' lang='lat' dir='ltr'><strong>ltanc</strong></span> <span class='ocrx_word' id='word_1_419' title='bbox 624 1713 667 1737; x_wconf 84' lang='lat' dir='ltr'><strong>est</strong></span> <span class='ocrx_word' id='word_1_420' title='bbox 677 1709 798 1737; x_wconf 88' lang='lat' dir='ltr'><strong>fabulam</strong></span> <span class='ocrx_word' id='word_1_421' title='bbox 812 1718 940 1738; x_wconf 84' lang='lat' dir='ltr'><strong>exorsus:</strong></span> 
     </span>
    </p>
   </div>
   <div class='ocr_carea' id='block_1_59' title="bbox 152 1756 943 1792">
    <p class='ocr_par' dir='ltr' id='par_1_59' title="bbox 152 1756 943 1792">
     <span class='ocr_line' id='line_1_59' title="bbox 152 1756 943 1792; baseline 0.003 -8"><span class='ocrx_word' id='word_1_422' title='bbox 152 1757 218 1784; x_wconf 84' lang='lat' dir='ltr'><strong>Erat</strong></span> <span class='ocrx_word' id='word_1_423' title='bbox 234 1764 282 1784; x_wconf 86' lang='lat' dir='ltr'><strong>rex</strong></span> <span class='ocrx_word' id='word_1_424' title='bbox 299 1756 420 1783; x_wconf 93' lang='lat' dir='ltr'><strong>murium</strong></span> <span class='ocrx_word' id='word_1_425' title='bbox 436 1756 603 1792; x_wconf 76' lang='lat' dir='ltr'><strong>Troglodyta</strong></span> <span class='ocrx_word' id='word_1_426' title='bbox 622 1757 744 1790; x_wconf 91' lang='lat' dir='ltr'><strong>nomine,</strong></span> <span class='ocrx_word' id='word_1_427' title='bbox 761 1758 858 1785; x_wconf 90' lang='lat' dir='ltr'><strong>urbem</strong></span> <span class='ocrx_word' id='word_1_428' title='bbox 872 1757 943 1786; x_wconf 83' lang='lat' dir='ltr'><strong>bene</strong></span> 
     </span>
    </p>
   </div>
   <div class='ocr_carea' id='block_1_60' title="bbox 152 1802 943 1840">
    <p class='ocr_par' dir='ltr' id='par_1_60' title="bbox 152 1802 943 1840">
     <span class='ocr_line' id='line_1_60' title="bbox 152 1802 943 1840; baseline 0.005 -12"><span class='ocrx_word' id='word_1_429' title='bbox 152 1802 287 1829; x_wconf 88' lang='lat' dir='ltr'><strong>munitam</strong></span> <span class='ocrx_word' id='word_1_430' title='bbox 298 1802 325 1828; x_wconf 92' lang='lat' dir='ltr'><strong>in</strong></span> <span class='ocrx_word' id='word_1_431' title='bbox 336 1802 445 1829; x_wconf 84' lang='lat' dir='ltr'><strong>deserta</strong></span> <span class='ocrx_word' id='word_1_432' title='bbox 456 1807 483 1829; x_wconf 92' lang='lat' dir='ltr'><strong>et</strong></span> <span class='ocrx_word' id='word_1_433' title='bbox 493 1803 554 1829; x_wconf 83' lang='lat' dir='ltr'><strong>avia</strong></span> <span class='ocrx_word' id='word_1_434' title='bbox 567 1803 677 1838; x_wconf 84' lang='lat' dir='ltr'><strong>regione</strong></span> <span class='ocrx_word' id='word_1_435' title='bbox 689 1811 796 1831; x_wconf 90' lang='lat' dir='ltr'><strong>summa</strong></span> <span class='ocrx_word' id='word_1_436' title='bbox 810 1805 943 1840; x_wconf 86' lang='lat' dir='ltr'><strong>tranquil-</strong></span> 
     </span>
    </p>
   </div>
   <div class='ocr_carea' id='block_1_61' title="bbox 154 1846 943 1884">
    <p class='ocr_par' dir='ltr' id='par_1_61' title="bbox 154 1846 943 1884">
     <span class='ocr_line' id='line_1_61' title="bbox 154 1846 943 1884; baseline 0.005 -11"><span class='ocrx_word' id='word_1_437' title='bbox 154 1847 232 1874; x_wconf 90' lang='lat' dir='ltr'><strong>litate</strong></span> <span class='ocrx_word' id='word_1_438' title='bbox 271 1846 410 1879; x_wconf 86' lang='lat' dir='ltr'><strong>obtinens,</strong></span> <span class='ocrx_word' id='word_1_439' title='bbox 440 1847 658 1882; x_wconf 85' lang='lat' dir='ltr'><strong>imperitansque</strong></span> <span class='ocrx_word' id='word_1_440' title='bbox 692 1848 796 1884; x_wconf 78' lang='lat' dir='ltr'><strong>ingenti</strong></span> <span class='ocrx_word' id='word_1_441' title='bbox 828 1857 943 1878; x_wconf 89' lang='lat' dir='ltr'><strong>numero</strong></span> 
     </span>
    </p>
   </div>
   <div class='ocr_carea' id='block_1_62' title="bbox 154 1892 944 1925">
    <p class='ocr_par' dir='ltr' id='par_1_62' title="bbox 154 1892 944 1925">
     <span class='ocr_line' id='line_1_62' title="bbox 154 1892 944 1925; baseline 0.006 -6"><span class='ocrx_word' id='word_1_442' title='bbox 154 1901 280 1921; x_wconf 90' lang='lat' dir='ltr'><strong>suorum.</strong></span> <span class='ocrx_word' id='word_1_443' title='bbox 298 1892 368 1921; x_wconf 87' lang='lat' dir='ltr'><strong>Tres</strong></span> <span class='ocrx_word' id='word_1_444' title='bbox 384 1893 456 1921; x_wconf 90' lang='lat' dir='ltr'><strong>circa</strong></span> <span class='ocrx_word' id='word_1_445' title='bbox 472 1901 502 1921; x_wconf 86' lang='lat' dir='ltr'><strong>se</strong></span> <span class='ocrx_word' id='word_1_446' title='bbox 519 1894 646 1922; x_wconf 88' lang='lat' dir='ltr'><strong>assiduos</strong></span> <span class='ocrx_word' id='word_1_447' title='bbox 663 1895 783 1923; x_wconf 87' lang='lat' dir='ltr'><strong>habebat</strong></span> <span class='ocrx_word' id='word_1_448' title='bbox 800 1901 944 1925; x_wconf 85' lang='lat' dir='ltr'><strong>senatores</strong></span> 
     </span>
    </p>
   </div>
   <div class='ocr_carea' id='block_1_63' title="bbox 154 1939 943 1975">
    <p class='ocr_par' dir='ltr' id='par_1_63' title="bbox 154 1939 943 1975">
     <span class='ocr_line' id='line_1_63' title="bbox 154 1939 943 1975; baseline 0.006 -9"><span class='ocrx_word' id='word_1_449' title='bbox 154 1940 253 1974; x_wconf 76' lang='lat' dir='ltr'><strong>gentis,</strong></span> <span class='ocrx_word' id='word_1_450' title='bbox 272 1939 375 1974; x_wconf 87' lang='lat' dir='ltr'><strong>quibus</strong></span> <span class='ocrx_word' id='word_1_451' title='bbox 394 1939 536 1968; x_wconf 85' lang='lat' dir='ltr'><strong>deferebat</strong></span> <span class='ocrx_word' id='word_1_452' title='bbox 552 1941 722 1975; x_wconf 90' lang='lat' dir='ltr'><strong>plurimum;</strong></span> <span class='ocrx_word' id='word_1_453' title='bbox 737 1947 766 1970; x_wconf 91' lang='lat' dir='ltr'><strong>et</strong></span> <span class='ocrx_word' id='word_1_454' title='bbox 781 1947 860 1970; x_wconf 90' lang='lat' dir='ltr'><strong>erant</strong></span> <span class='ocrx_word' id='word_1_455' title='bbox 878 1943 943 1971; x_wconf 89' lang='lat' dir='ltr'><strong>lecti</strong></span> 
     </span>
    </p>
   </div>
   <div class='ocr_carea' id='block_1_64' title="bbox 153 1986 943 2021">
    <p class='ocr_par' dir='ltr' id='par_1_64' title="bbox 153 1986 943 2021">
     <span class='ocr_line' id='line_1_64' title="bbox 153 1986 943 2021; baseline 0.005 -8"><span class='ocrx_word' id='word_1_456' title='bbox 153 1993 250 2014; x_wconf 83' lang='lat' dir='ltr'><strong>omnes</strong></span> <span class='ocrx_word' id='word_1_457' title='bbox 262 1986 440 2021; x_wconf 83' lang='lat' dir='ltr'><strong>expertique:</strong></span> <span class='ocrx_word' id='word_1_458' title='bbox 453 1987 500 2014; x_wconf 90' lang='lat' dir='ltr'><strong>sed</strong></span> <span class='ocrx_word' id='word_1_459' title='bbox 512 1988 621 2015; x_wconf 89' lang='lat' dir='ltr'><strong>cunctis</strong></span> <span class='ocrx_word' id='word_1_460' title='bbox 631 1988 782 2016; x_wconf 86' lang='lat' dir='ltr'><strong>antistabat</strong></span> <span class='ocrx_word' id='word_1_461' title='bbox 796 1989 943 2017; x_wconf 87' lang='lat' dir='ltr'><strong>intervallo</strong></span> 
     </span>
    </p>
   </div>
   <div class='ocr_carea' id='block_1_65' title="bbox 153 2030 944 2067">
    <p class='ocr_par' dir='ltr' id='par_1_65' title="bbox 153 2030 944 2067">
     <span class='ocr_line' id='line_1_65' title="bbox 153 2030 944 2067; baseline 0.009 -11"><span class='ocrx_word' id='word_1_462' title='bbox 153 2030 286 2062; x_wconf 86' lang='lat' dir='ltr'><strong>maximo,</strong></span> <span class='ocrx_word' id='word_1_463' title='bbox 303 2031 351 2065; x_wconf 93' lang='lat' dir='ltr'><strong>qui</strong></span> <span class='ocrx_word' id='word_1_464' title='bbox 369 2030 549 2067; x_wconf 84' lang='lat' dir='ltr'><strong>Tyrophagus</strong></span> <span class='ocrx_word' id='word_1_465' title='bbox 566 2032 726 2066; x_wconf 87' lang='lat' dir='ltr'><strong>vocabatur,</strong></span> <span class='ocrx_word' id='word_1_466' title='bbox 745 2034 887 2063; x_wconf 88' lang='lat' dir='ltr'><strong>Crcoboro</strong></span> <span class='ocrx_word' id='word_1_467' title='bbox 916 2040 944 2063; x_wconf 86' lang='lat' dir='ltr'><strong>et</strong></span> 
     </span>
    </p>
   </div>
   <div class='ocr_carea' id='block_1_66' title="bbox 154 2075 942 2116">
    <p class='ocr_par' dir='ltr' id='par_1_66' title="bbox 154 2075 942 2116">
     <span class='ocr_line' id='line_1_66' title="bbox 154 2075 942 2116; baseline 0.008 -13"><span class='ocrx_word' id='word_1_468' title='bbox 154 2075 294 2104; x_wconf 91' lang='lat' dir='ltr'><strong>Linorodo</strong></span> <span class='ocrx_word' id='word_1_469' title='bbox 314 2076 438 2112; x_wconf 86' lang='lat' dir='ltr'><strong>(nomina</strong></span> <span class='ocrx_word' id='word_1_470' title='bbox 453 2076 512 2105; x_wconf 68' lang='lat' dir='ltr'><strong>haec</strong></span> <span class='ocrx_word' id='word_1_471' title='bbox 525 2082 606 2105; x_wconf 90' lang='lat' dir='ltr'><strong>erant</strong></span> <span class='ocrx_word' id='word_1_472' title='bbox 619 2078 703 2106; x_wconf 80' lang='lat' dir='ltr'><strong>duum</strong></span> <span class='ocrx_word' id='word_1_473' title='bbox 719 2079 850 2116; x_wconf 89' lang='lat' dir='ltr'><strong>aliorum)</strong></span> <span class='ocrx_word' id='word_1_474' title='bbox 869 2081 942 2108; x_wconf 88' lang='lat' dir='ltr'><strong>haud</strong></span> 
     </span>
    </p>
   </div>
   <div class='ocr_carea' id='block_1_67' title="bbox 154 2124 942 2160">
    <p class='ocr_par' dir='ltr' id='par_1_67' title="bbox 154 2124 942 2160">
     <span class='ocr_line' id='line_1_67' title="bbox 154 2124 942 2160; baseline 0.006 -10"><span class='ocrx_word' id='word_1_475' title='bbox 154 2124 237 2159; x_wconf 84' lang='lat' dir='ltr'><strong>paulo</strong></span> <span class='ocrx_word' id='word_1_476' title='bbox 255 2124 429 2158; x_wconf 88' lang='lat' dir='ltr'><strong>prudentior.</strong></span> <span class='ocrx_word' id='word_1_477' title='bbox 451 2124 484 2151; x_wconf 86' lang='lat' dir='ltr'><strong>lli</strong></span> <span class='ocrx_word' id='word_1_478' title='bbox 504 2132 601 2153; x_wconf 91' lang='lat' dir='ltr'><strong>omnes</strong></span> <span class='ocrx_word' id='word_1_479' title='bbox 619 2125 738 2160; x_wconf 85' lang='lat' dir='ltr'><strong>quadam</strong></span> <span class='ocrx_word' id='word_1_480' title='bbox 758 2126 802 2154; x_wconf 88' lang='lat' dir='ltr'><strong>die</strong></span> <span class='ocrx_word' id='word_1_481' title='bbox 821 2127 942 2154; x_wconf 87' lang='lat' dir='ltr'><strong>circum-</strong></span> 
     </span>
    </p>
   </div>
   <div class='ocr_carea' id='block_1_68' title="bbox 154 2169 941 2211">
    <p class='ocr_par' dir='ltr' id='par_1_68' title="bbox 154 2169 941 2211">
     <span class='ocr_line' id='line_1_68' title="bbox 154 2169 941 2211; baseline 0.006 -16"><span class='ocrx_word' id='word_1_482' title='bbox 154 2173 259 2196; x_wconf 84' lang='lat' dir='ltr'><strong>stantes</strong></span> <span class='ocrx_word' id='word_1_483' title='bbox 279 2177 381 2204; x_wconf 90' lang='lat' dir='ltr'><strong>regetu,</strong></span> <span class='ocrx_word' id='word_1_484' title='bbox 398 2170 423 2197; x_wconf 88' lang='lat' dir='ltr'><strong>ei</strong></span> <span class='ocrx_word' id='word_1_485' title='bbox 441 2175 469 2197; x_wconf 89' lang='lat' dir='ltr'><strong>et</strong></span> <span class='ocrx_word' id='word_1_486' title='bbox 483 2169 602 2198; x_wconf 88' lang='lat' dir='ltr'><strong>invicem</strong></span> <span class='ocrx_word' id='word_1_487' title='bbox 617 2171 827 2211; x_wconf 77' lang='lat' dir='ltr'><strong>gratulabantur</strong></span> <span class='ocrx_word' id='word_1_488' title='bbox 845 2180 941 2208; x_wconf 89' lang='lat' dir='ltr'><strong>pacem</strong></span> 
     </span>
    </p>
   </div>
   <div class='ocr_carea' id='block_1_69' title="bbox 991 1578 1780 1615">
    <p class='ocr_par' dir='ltr' id='par_1_69' title="bbox 991 1578 1780 1615">
     <span class='ocr_line' id='line_1_69' title="bbox 991 1578 1780 1615; baseline -0.004 -7"><span class='ocrx_word' id='word_1_489' title='bbox 991 1581 1129 1615; x_wconf 76' lang='lat' dir='ltr'><strong>suggerite</strong></span> <span class='ocrx_word' id='word_1_490' title='bbox 1143 1580 1166 1607; x_wconf 87' lang='lat' dir='ltr'><strong>si</strong></span> <span class='ocrx_word' id='word_1_491' title='bbox 1182 1579 1248 1615; x_wconf 91' lang='lat' dir='ltr'><strong>qttid</strong></span> <span class='ocrx_word' id='word_1_492' title='bbox 1263 1578 1478 1607; x_wconf 84' lang='lat' dir='ltr'><strong>occurritvobis</strong></span> <span class='ocrx_word' id='word_1_493' title='bbox 1492 1584 1680 1614; x_wconf 88' lang='lat' dir='ltr'><strong>opportunum</strong></span> <span class='ocrx_word' id='word_1_494' title='bbox 1695 1578 1780 1606; x_wconf 82' lang='lat' dir='ltr'><strong>factu.</strong></span> 
     </span>
    </p>
   </div>
   <div class='ocr_carea' id='block_1_70' title="bbox 991 1624 1780 1659">
    <p class='ocr_par' dir='ltr' id='par_1_70' title="bbox 991 1624 1780 1659">
     <span class='ocr_line' id='line_1_70' title="bbox 991 1624 1780 1659; baseline -0.005 -5"><span class='ocrx_word' id='word_1_495' title='bbox 991 1626 1065 1654; x_wconf 82' lang='lat' dir='ltr'><strong>Faxo</strong></span> <span class='ocrx_word' id='word_1_496' title='bbox 1082 1633 1116 1652; x_wconf 90' lang='lat' dir='ltr'><strong>ne</strong></span> <span class='ocrx_word' id='word_1_497' title='bbox 1129 1633 1172 1652; x_wconf 88' lang='lat' dir='ltr'><strong>tne</strong></span> <span class='ocrx_word' id='word_1_498' title='bbox 1201 1624 1308 1651; x_wconf 91' lang='lat' dir='ltr'><strong>tardum</strong></span> <span class='ocrx_word' id='word_1_499' title='bbox 1324 1624 1351 1651; x_wconf 93' lang='lat' dir='ltr'><strong>in</strong></span> <span class='ocrx_word' id='word_1_500' title='bbox 1369 1624 1554 1657; x_wconf 87' lang='lat' dir='ltr'><strong>admittendo,</strong></span> <span class='ocrx_word' id='word_1_501' title='bbox 1571 1632 1640 1652; x_wconf 86' lang='lat' dir='ltr'><strong>neve</strong></span> <span class='ocrx_word' id='word_1_502' title='bbox 1668 1632 1780 1659; x_wconf 83' lang='lat' dir='ltr'><strong>segnem</strong></span> 
     </span>
    </p>
   </div>
   <div class='ocr_carea' id='block_1_71' title="bbox 992 1670 1780 1705">
    <p class='ocr_par' dir='ltr' id='par_1_71' title="bbox 992 1670 1780 1705">
     <span class='ocr_line' id='line_1_71' title="bbox 992 1670 1780 1705; baseline -0.001 -7"><span class='ocrx_word' id='word_1_503' title='bbox 992 1672 1020 1699; x_wconf 91' lang='lat' dir='ltr'><strong>in</strong></span> <span class='ocrx_word' id='word_1_504' title='bbox 1033 1671 1220 1705; x_wconf 85' lang='lat' dir='ltr'><strong>exsequendo,</strong></span> <span class='ocrx_word' id='word_1_505' title='bbox 1237 1670 1311 1704; x_wconf 87' lang='lat' dir='ltr'><strong>quod</strong></span> <span class='ocrx_word' id='word_1_506' title='bbox 1329 1670 1383 1697; x_wconf 85' lang='lat' dir='ltr'><strong>tale</strong></span> <span class='ocrx_word' id='word_1_507' title='bbox 1400 1670 1603 1704; x_wconf 85' lang='lat' dir='ltr'><strong>proposueritis</strong></span> <span class='ocrx_word' id='word_1_508' title='bbox 1621 1671 1699 1705; x_wconf 87' lang='lat' dir='ltr'><strong>queri</strong></span> <span class='ocrx_word' id='word_1_509' title='bbox 1718 1678 1780 1704; x_wconf 89' lang='lat' dir='ltr'><strong>pos-</strong></span> 
     </span>
    </p>
   </div>
   <div class='ocr_carea' id='block_1_72' title="bbox 992 1715 1782 1751">
    <p class='ocr_par' dir='ltr' id='par_1_72' title="bbox 992 1715 1782 1751">
     <span class='ocr_line' id='line_1_72' title="bbox 992 1715 1782 1751; baseline -0.004 -7"><span class='ocrx_word' id='word_1_510' title='bbox 992 1717 1063 1744; x_wconf 85' lang='lat' dir='ltr'><strong>sitis.</strong></span> <span class='ocrx_word' id='word_1_511' title='bbox 1086 1716 1127 1744; x_wconf 86' lang='lat' dir='ltr'><strong>Ad</strong></span> <span class='ocrx_word' id='word_1_512' title='bbox 1149 1724 1182 1743; x_wconf 90' lang='lat' dir='ltr'><strong>ea</strong></span> <span class='ocrx_word' id='word_1_513' title='bbox 1204 1715 1372 1748; x_wconf 88' lang='lat' dir='ltr'><strong>Creoborus,</strong></span> <span class='ocrx_word' id='word_1_514' title='bbox 1387 1715 1513 1743; x_wconf 88' lang='lat' dir='ltr'><strong>certatim</strong></span> <span class='ocrx_word' id='word_1_515' title='bbox 1537 1716 1678 1751; x_wconf 89' lang='lat' dir='ltr'><strong>adjulante</strong></span> <span class='ocrx_word' id='word_1_516' title='bbox 1697 1715 1782 1743; x_wconf 89' lang='lat' dir='ltr'><strong>Lino-</strong></span> 
     </span>
    </p>
   </div>
   <div class='ocr_carea' id='block_1_73' title="bbox 993 1760 1782 1796">
    <p class='ocr_par' dir='ltr' id='par_1_73' title="bbox 993 1760 1782 1796">
     <span class='ocr_line' id='line_1_73' title="bbox 993 1760 1782 1796; baseline -0.001 -8"><span class='ocrx_word' id='word_1_517' title='bbox 993 1761 1072 1793; x_wconf 91' lang='lat' dir='ltr'><strong>rodo,</strong></span> <span class='ocrx_word' id='word_1_518' title='bbox 1090 1768 1223 1796; x_wconf 88' lang='lat' dir='ltr'><strong>generosa</strong></span> <span class='ocrx_word' id='word_1_519' title='bbox 1243 1761 1295 1788; x_wconf 90' lang='lat' dir='ltr'><strong>ista</strong></span> <span class='ocrx_word' id='word_1_520' title='bbox 1322 1766 1351 1788; x_wconf 92' lang='lat' dir='ltr'><strong>et</strong></span> <span class='ocrx_word' id='word_1_521' title='bbox 1369 1760 1535 1795; x_wconf 76' lang='lat' dir='ltr'><strong>dignissima</strong></span> <span class='ocrx_word' id='word_1_522' title='bbox 1553 1760 1679 1796; x_wconf 90' lang='lat' dir='ltr'><strong>principe</strong></span> <span class='ocrx_word' id='word_1_523' title='bbox 1700 1760 1782 1787; x_wconf 90' lang='lat' dir='ltr'><strong>indu-</strong></span> 
     </span>
    </p>
   </div>
   <div class='ocr_carea' id='block_1_74' title="bbox 993 1805 1780 1840">
    <p class='ocr_par' dir='ltr' id='par_1_74' title="bbox 993 1805 1780 1840">
     <span class='ocr_line' id='line_1_74' title="bbox 993 1805 1780 1840; baseline -0.003 -6"><span class='ocrx_word' id='word_1_524' title='bbox 993 1807 1085 1835; x_wconf 87' lang='lat' dir='ltr'><strong>ctione</strong></span> <span class='ocrx_word' id='word_1_525' title='bbox 1102 1807 1187 1834; x_wconf 92' lang='lat' dir='ltr'><strong>animi</strong></span> <span class='ocrx_word' id='word_1_526' title='bbox 1212 1807 1335 1840; x_wconf 88' lang='lat' dir='ltr'><strong>laudata,</strong></span> <span class='ocrx_word' id='word_1_527' title='bbox 1356 1806 1562 1834; x_wconf 86' lang='lat' dir='ltr'><strong>incalescebant</strong></span> <span class='ocrx_word' id='word_1_528' title='bbox 1577 1806 1606 1833; x_wconf 89' lang='lat' dir='ltr'><strong>in</strong></span> <span class='ocrx_word' id='word_1_529' title='bbox 1627 1805 1780 1838; x_wconf 86' lang='lat' dir='ltr'><strong>suadendo,</strong></span> 
     </span>
    </p>
   </div>
   <div class='ocr_carea' id='block_1_75' title="bbox 993 1851 1782 1888">
    <p class='ocr_par' dir='ltr' id='par_1_75' title="bbox 993 1851 1782 1888">
     <span class='ocr_line' id='line_1_75' title="bbox 993 1851 1782 1888; baseline -0.004 -7"><span class='ocrx_word' id='word_1_530' title='bbox 993 1858 1024 1881; x_wconf 93' lang='lat' dir='ltr'><strong>ut</strong></span> <span class='ocrx_word' id='word_1_531' title='bbox 1037 1853 1263 1881; x_wconf 88' lang='lat' dir='ltr'><strong>conscriberetur</strong></span> <span class='ocrx_word' id='word_1_532' title='bbox 1279 1861 1361 1888; x_wconf 91' lang='lat' dir='ltr'><strong>quam</strong></span> <span class='ocrx_word' id='word_1_533' title='bbox 1379 1852 1627 1880; x_wconf 88' lang='lat' dir='ltr'><strong>numerosissimus</strong></span> <span class='ocrx_word' id='word_1_534' title='bbox 1641 1851 1782 1879; x_wconf 88' lang='lat' dir='ltr'><strong>exercitus</strong></span> 
     </span>
    </p>
   </div>
   <div class='ocr_carea' id='block_1_76' title="bbox 993 1896 1782 1935">
    <p class='ocr_par' dir='ltr' id='par_1_76' title="bbox 993 1896 1782 1935">
     <span class='ocr_line' id='line_1_76' title="bbox 993 1896 1782 1935; baseline -0.005 -8"><span class='ocrx_word' id='word_1_535' title='bbox 993 1904 1087 1935; x_wconf 89' lang='lat' dir='ltr'><strong>posset</strong></span> <span class='ocrx_word' id='word_1_536' title='bbox 1100 1907 1133 1926; x_wconf 84' lang='lat' dir='ltr'><strong>ex</strong></span> <span class='ocrx_word' id='word_1_537' title='bbox 1149 1904 1214 1927; x_wconf 90' lang='lat' dir='ltr'><strong>tunc</strong></span> <span class='ocrx_word' id='word_1_538' title='bbox 1229 1899 1388 1927; x_wconf 83' lang='lat' dir='ltr'><strong>abundante</strong></span> <span class='ocrx_word' id='word_1_539' title='bbox 1402 1899 1549 1934; x_wconf 74' lang='lat' dir='ltr'><strong>iuventute</strong></span> <span class='ocrx_word' id='word_1_540' title='bbox 1564 1897 1654 1933; x_wconf 87' lang='lat' dir='ltr'><strong>gentis</strong></span> <span class='ocrx_word' id='word_1_541' title='bbox 1667 1905 1675 1930; x_wconf 83' lang='lat'><strong>;</strong></span> <span class='ocrx_word' id='word_1_542' title='bbox 1696 1896 1782 1924; x_wconf 83' lang='lat' dir='ltr'><strong>duces</strong></span> 
     </span>
    </p>
   </div>
   <div class='ocr_carea' id='block_1_77' title="bbox 992 1943 1783 1980">
    <p class='ocr_par' dir='ltr' id='par_1_77' title="bbox 992 1943 1783 1980">
     <span class='ocr_line' id='line_1_77' title="bbox 992 1943 1783 1980; baseline -0.005 -7"><span class='ocrx_word' id='word_1_543' title='bbox 992 1945 1058 1973; x_wconf 82' lang='lat' dir='ltr'><strong>inde</strong></span> <span class='ocrx_word' id='word_1_544' title='bbox 1077 1944 1144 1980; x_wconf 87' lang='lat' dir='ltr'><strong>ipsis</strong></span> <span class='ocrx_word' id='word_1_545' title='bbox 1160 1945 1362 1980; x_wconf 73' lang='lat' dir='ltr'><strong>praeponendos</strong></span> <span class='ocrx_word' id='word_1_546' title='bbox 1383 1952 1466 1980; x_wconf 91' lang='lat' dir='ltr'><strong>quam</strong></span> <span class='ocrx_word' id='word_1_547' title='bbox 1487 1943 1739 1979; x_wconf 83' lang='lat' dir='ltr'><strong>experientissimos</strong></span> <span class='ocrx_word' id='word_1_548' title='bbox 1754 1947 1783 1969; x_wconf 82' lang='lat' dir='ltr'><strong>et</strong></span> 
     </span>
    </p>
   </div>
   <div class='ocr_carea' id='block_1_78' title="bbox 993 1988 1782 2024">
    <p class='ocr_par' dir='ltr' id='par_1_78' title="bbox 993 1988 1782 2024">
     <span class='ocr_line' id='line_1_78' title="bbox 993 1988 1782 2024; baseline -0.005 -5"><span class='ocrx_word' id='word_1_549' title='bbox 993 1991 1171 2023; x_wconf 81' lang='lat' dir='ltr'><strong>fortiSsimos,</strong></span> <span class='ocrx_word' id='word_1_550' title='bbox 1186 1994 1245 2018; x_wconf 89' lang='lat' dir='ltr'><strong>tum</strong></span> <span class='ocrx_word' id='word_1_551' title='bbox 1259 1991 1399 2019; x_wconf 83' lang='lat' dir='ltr'><strong>fortunam</strong></span> <span class='ocrx_word' id='word_1_552' title='bbox 1414 1990 1584 2022; x_wconf 89' lang='lat' dir='ltr'><strong>tentandam,</strong></span> <span class='ocrx_word' id='word_1_553' title='bbox 1597 1996 1668 2024; x_wconf 67' lang='lat' dir='ltr'><strong>quae,</strong></span> <span class='ocrx_word' id='word_1_554' title='bbox 1682 1993 1712 2016; x_wconf 90' lang='lat' dir='ltr'><strong>ut</strong></span> <span class='ocrx_word' id='word_1_555' title='bbox 1727 1988 1782 2016; x_wconf 89' lang='lat' dir='ltr'><strong>dici</strong></span> 
     </span>
    </p>
   </div>
   <div class='ocr_carea' id='block_1_79' title="bbox 993 2035 1780 2073">
    <p class='ocr_par' dir='ltr' id='par_1_79' title="bbox 993 2035 1780 2073">
     <span class='ocr_line' id='line_1_79' title="bbox 993 2035 1780 2073; baseline -0.006 -8"><span class='ocrx_word' id='word_1_556' title='bbox 993 2038 1074 2069; x_wconf 88' lang='lat' dir='ltr'><strong>solet.</strong></span> <span class='ocrx_word' id='word_1_557' title='bbox 1089 2037 1223 2065; x_wconf 89' lang='lat' dir='ltr'><strong>audentes</strong></span> <span class='ocrx_word' id='word_1_558' title='bbox 1239 2037 1334 2073; x_wconf 84' lang='lat' dir='ltr'><strong>juvat:</strong></span> <span class='ocrx_word' id='word_1_559' title='bbox 1348 2044 1403 2064; x_wconf 92' lang='lat' dir='ltr'><strong>non</strong></span> <span class='ocrx_word' id='word_1_560' title='bbox 1426 2042 1529 2064; x_wconf 88' lang='lat' dir='ltr'><strong>temere</strong></span> <span class='ocrx_word' id='word_1_561' title='bbox 1543 2035 1631 2064; x_wconf 87' lang='lat' dir='ltr'><strong>videri</strong></span> <span class='ocrx_word' id='word_1_562' title='bbox 1652 2042 1780 2070; x_wconf 78' lang='lat' dir='ltr'><strong>magnum</strong></span> 
     </span>
    </p>
   </div>
   <div class='ocr_carea' id='block_1_80' title="bbox 993 2082 1657 2119">
    <p class='ocr_par' dir='ltr' id='par_1_80' title="bbox 993 2082 1657 2119">
     <span class='ocr_line' id='line_1_80' title="bbox 993 2082 1657 2119; baseline -0.006 -7"><span class='ocrx_word' id='word_1_563' title='bbox 993 2091 1028 2112; x_wconf 89' lang='lat' dir='ltr'><strong>ex</strong></span> <span class='ocrx_word' id='word_1_564' title='bbox 1044 2084 1097 2112; x_wconf 89' lang='lat' dir='ltr'><strong>isto</strong></span> <span class='ocrx_word' id='word_1_565' title='bbox 1111 2089 1212 2111; x_wconf 90' lang='lat' dir='ltr'><strong>conatu</strong></span> <span class='ocrx_word' id='word_1_566' title='bbox 1230 2091 1322 2119; x_wconf 76' lang='lat' dir='ltr'><strong>opera:</strong></span> <span class='ocrx_word' id='word_1_567' title='bbox 1336 2083 1458 2118; x_wconf 85' lang='lat' dir='ltr'><strong>pretium</strong></span> <span class='ocrx_word' id='word_1_568' title='bbox 1477 2082 1657 2117; x_wconf 86' lang='lat' dir='ltr'><strong>sperandum.</strong></span> 
     </span>
    </p>
   </div>
   <div class='ocr_carea' id='block_1_81' title="bbox 1029 2126 1781 2161">
    <p class='ocr_par' dir='ltr' id='par_1_81' title="bbox 1029 2126 1781 2161">
     <span class='ocr_line' id='line_1_81' title="bbox 1029 2126 1781 2161; baseline -0.004 -3"><span class='ocrx_word' id='word_1_569' title='bbox 1029 2129 1063 2158; x_wconf 90' lang='lat' dir='ltr'><strong>Il.</strong></span> <span class='ocrx_word' id='word_1_570' title='bbox 1080 2130 1157 2157; x_wconf 87' lang='lat' dir='ltr'><strong>Talia</strong></span> <span class='ocrx_word' id='word_1_571' title='bbox 1170 2130 1230 2157; x_wconf 90' lang='lat' dir='ltr'><strong>istis</strong></span> <span class='ocrx_word' id='word_1_572' title='bbox 1246 2128 1458 2161; x_wconf 84' lang='lat' dir='ltr'><strong>disserentibus,</strong></span> <span class='ocrx_word' id='word_1_573' title='bbox 1477 2126 1629 2156; x_wconf 78' lang='lat' dir='ltr'><strong>ddrmitare</strong></span> <span class='ocrx_word' id='word_1_574' title='bbox 1645 2132 1693 2155; x_wconf 91' lang='lat' dir='ltr'><strong>aut</strong></span> <span class='ocrx_word' id='word_1_575' title='bbox 1706 2127 1781 2155; x_wconf 90' lang='lat' dir='ltr'><strong>aliud</strong></span> 
     </span>
    </p>
   </div>
   <div class='ocr_carea' id='block_1_82' title="bbox 995 2166 1780 2212">
    <p class='ocr_par' dir='ltr' id='par_1_82' title="bbox 995 2166 1780 2212">
     <span class='ocr_line' id='line_1_82' title="bbox 995 2166 1780 2212; baseline -0.005 -8"><span class='ocrx_word' id='word_1_576' title='bbox 995 2183 1076 2212; x_wconf 85' lang='lat' dir='ltr'><strong>agere</strong></span> <span class='ocrx_word' id='word_1_577' title='bbox 1091 2166 1273 2211; x_wconf 81' lang='lat' dir='ltr'><strong>Tyrophagus</strong></span> <span class='ocrx_word' id='word_1_578' title='bbox 1287 2174 1445 2206; x_wconf 75' lang='lat' dir='ltr'><strong>videbatur,</strong></span> <span class='ocrx_word' id='word_1_579' title='bbox 1461 2174 1616 2202; x_wconf 89' lang='lat' dir='ltr'><strong>admirante</strong></span> <span class='ocrx_word' id='word_1_580' title='bbox 1633 2181 1717 2209; x_wconf 86' lang='lat' dir='ltr'><strong>rege;</strong></span> <span class='ocrx_word' id='word_1_581' title='bbox 1734 2175 1780 2208; x_wconf 91' lang='lat' dir='ltr'><strong>qui</strong></span> 
     </span>
    </p>
   </div>
   <div class='ocr_carea' id='block_1_83' title="bbox 154 2214 949 2256">
    <p class='ocr_par' dir='ltr' id='par_1_83' title="bbox 154 2214 941 2251">
     <span class='ocr_line' id='line_1_83' title="bbox 154 2214 941 2251; baseline 0.006 -10"><span class='ocrx_word' id='word_1_582' title='bbox 154 2219 182 2241; x_wconf 89' lang='lat' dir='ltr'><strong>et</strong></span> <span class='ocrx_word' id='word_1_583' title='bbox 197 2214 407 2249; x_wconf 88' lang='lat' dir='ltr'><strong>prosperitatent</strong></span> <span class='ocrx_word' id='word_1_584' title='bbox 429 2223 534 2249; x_wconf 85' lang='lat' dir='ltr'><strong>rerum,</strong></span> <span class='ocrx_word' id='word_1_585' title='bbox 550 2223 631 2251; x_wconf 90' lang='lat' dir='ltr'><strong>quam</strong></span> <span class='ocrx_word' id='word_1_586' title='bbox 650 2217 730 2244; x_wconf 87' lang='lat' dir='ltr'><strong>unica</strong></span> <span class='ocrx_word' id='word_1_587' title='bbox 747 2218 882 2245; x_wconf 80' lang='lat' dir='ltr'><strong>duntaxat</strong></span> <span class='ocrx_word' id='word_1_588' title='bbox 899 2221 941 2246; x_wconf 90' lang='lat' dir='ltr'><strong>itt-</strong></span> 
     </span>
    </p>
   </div>
   <div class='ocr_carea' id='block_1_84' title="bbox 994 2214 1782 2256">
    <p class='ocr_par' dir='ltr' id='par_1_84' title="bbox 994 2219 1782 2256">
     <span class='ocr_line' id='line_1_84' title="bbox 994 2219 1782 2256; baseline -0.004 -7"><span class='ocrx_word' id='word_1_589' title='bbox 994 2222 1101 2249; x_wconf 87' lang='lat' dir='ltr'><strong>tandem</strong></span> <span class='ocrx_word' id='word_1_590' title='bbox 1116 2226 1178 2256; x_wconf 90' lang='lat' dir='ltr'><strong>post</strong></span> <span class='ocrx_word' id='word_1_591' title='bbox 1190 2221 1303 2256; x_wconf 91' lang='lat' dir='ltr'><strong>longum</strong></span> <span class='ocrx_word' id='word_1_592' title='bbox 1319 2220 1377 2255; x_wconf 85' lang='lat' dir='ltr'><strong>ejus</strong></span> <span class='ocrx_word' id='word_1_593' title='bbox 1388 2220 1538 2251; x_wconf 88' lang='lat' dir='ltr'><strong>silentium,</strong></span> <span class='ocrx_word' id='word_1_594' title='bbox 1551 2219 1636 2246; x_wconf 80' lang='lat' dir='ltr'><strong>Miror</strong></span> <span class='ocrx_word' id='word_1_595' title='bbox 1647 2224 1674 2246; x_wconf 89' lang='lat' dir='ltr'><strong>te</strong></span> <span class='ocrx_word' id='word_1_596' title='bbox 1689 2219 1782 2251; x_wconf 90' lang='lat' dir='ltr'><strong>hodie,</strong></span> 
     </span>
    </p>
   </div>
   <div class='ocr_carea' id='block_1_85' title="bbox 155 2260 941 2300">
    <p class='ocr_par' dir='ltr' id='par_1_85' title="bbox 155 2260 941 2300">
     <span class='ocr_line' id='line_1_85' title="bbox 155 2260 941 2300; baseline 0.005 -13"><span class='ocrx_word' id='word_1_597' title='bbox 155 2260 315 2295; x_wconf 89' lang='lat' dir='ltr'><strong>terpellaret</strong></span> <span class='ocrx_word' id='word_1_598' title='bbox 339 2260 496 2300; x_wconf 88' lang='lat' dir='ltr'><strong>sollicitudo</strong></span> <span class='ocrx_word' id='word_1_599' title='bbox 518 2261 553 2289; x_wconf 84' lang='lat' dir='ltr'><strong>ab</strong></span> <span class='ocrx_word' id='word_1_600' title='bbox 576 2262 734 2290; x_wconf 86' lang='lat' dir='ltr'><strong>incursibus</strong></span> <span class='ocrx_word' id='word_1_601' title='bbox 748 2263 853 2296; x_wconf 75' lang='lat' dir='ltr'><strong>folium,</strong></span> <span class='ocrx_word' id='word_1_602' title='bbox 871 2272 941 2299; x_wconf 92' lang='lat' dir='ltr'><strong>quo-</strong></span> 
     </span>
    </p>
   </div>
   <div class='ocr_carea' id='block_1_86' title="bbox 154 2307 944 2344">
    <p class='ocr_par' dir='ltr' id='par_1_86' title="bbox 154 2307 944 2344">
     <span class='ocr_line' id='line_1_86' title="bbox 154 2307 944 2344; baseline 0.006 -11"><span class='ocrx_word' id='word_1_603' title='bbox 154 2314 217 2333; x_wconf 84' lang='lat' dir='ltr'><strong>rum</strong></span> <span class='ocrx_word' id='word_1_604' title='bbox 227 2311 301 2334; x_wconf 82' lang='lat' dir='ltr'><strong>esset</strong></span> <span class='ocrx_word' id='word_1_605' title='bbox 313 2307 418 2334; x_wconf 92' lang='lat' dir='ltr'><strong>dudum</strong></span> <span class='ocrx_word' id='word_1_606' title='bbox 436 2307 559 2342; x_wconf 87' lang='lat' dir='ltr'><strong>ipsorum</strong></span> <span class='ocrx_word' id='word_1_607' title='bbox 572 2309 667 2344; x_wconf 78' lang='lat' dir='ltr'><strong>generi</strong></span> <span class='ocrx_word' id='word_1_608' title='bbox 682 2314 710 2337; x_wconf 89' lang='lat' dir='ltr'><strong>et</strong></span> <span class='ocrx_word' id='word_1_609' title='bbox 725 2310 871 2338; x_wconf 91' lang='lat' dir='ltr'><strong>multitudo</strong></span> <span class='ocrx_word' id='word_1_610' title='bbox 885 2311 944 2338; x_wconf 88' lang='lat' dir='ltr'><strong>for-</strong></span> 
     </span>
    </p>
   </div>
   <div class='ocr_carea' id='block_1_87' title="bbox 155 2352 943 2390">
    <p class='ocr_par' dir='ltr' id='par_1_87' title="bbox 155 2352 943 2390">
     <span class='ocr_line' id='line_1_87' title="bbox 155 2352 943 2390; baseline 0.005 -10"><span class='ocrx_word' id='word_1_611' title='bbox 155 2352 298 2385; x_wconf 85' lang='lat' dir='ltr'><strong>midolosa,</strong></span> <span class='ocrx_word' id='word_1_612' title='bbox 322 2357 350 2381; x_wconf 88' lang='lat' dir='ltr'><strong>et</strong></span> <span class='ocrx_word' id='word_1_613' title='bbox 372 2354 414 2381; x_wconf 92' lang='lat' dir='ltr'><strong>vis</strong></span> <span class='ocrx_word' id='word_1_614' title='bbox 428 2361 461 2381; x_wconf 86' lang='lat' dir='ltr'><strong>ac</strong></span> <span class='ocrx_word' id='word_1_615' title='bbox 476 2354 627 2382; x_wconf 85' lang='lat' dir='ltr'><strong>crudelitas</strong></span> <span class='ocrx_word' id='word_1_616' title='bbox 644 2355 836 2384; x_wconf 88' lang='lat' dir='ltr'><strong>intolerabilis.</strong></span> <span class='ocrx_word' id='word_1_617' title='bbox 853 2356 943 2390; x_wconf 82' lang='lat' dir='ltr'><strong>Quare</strong></span> 
     </span>
    </p>
   </div>
   <div class='ocr_carea' id='block_1_88' title="bbox 155 2398 943 2435">
    <p class='ocr_par' dir='ltr' id='par_1_88' title="bbox 155 2398 943 2435">
     <span class='ocr_line' id='line_1_88' title="bbox 155 2398 943 2435; baseline 0.006 -10"><span class='ocrx_word' id='word_1_618' title='bbox 155 2398 211 2426; x_wconf 90' lang='lat' dir='ltr'><strong>duo</strong></span> <span class='ocrx_word' id='word_1_619' title='bbox 227 2399 357 2433; x_wconf 87' lang='lat' dir='ltr'><strong>postremi</strong></span> <span class='ocrx_word' id='word_1_620' title='bbox 384 2404 492 2435; x_wconf 87' lang='lat' dir='ltr'><strong>tempus</strong></span> <span class='ocrx_word' id='word_1_621' title='bbox 511 2408 572 2428; x_wconf 89' lang='lat' dir='ltr'><strong>esse</strong></span> <span class='ocrx_word' id='word_1_622' title='bbox 597 2401 719 2433; x_wconf 86' lang='lat' dir='ltr'><strong>aiebant,</strong></span> <span class='ocrx_word' id='word_1_623' title='bbox 745 2402 775 2429; x_wconf 90' lang='lat' dir='ltr'><strong>in</strong></span> <span class='ocrx_word' id='word_1_624' title='bbox 798 2402 853 2430; x_wconf 84' lang='lat' dir='ltr'><strong>hoc</strong></span> <span class='ocrx_word' id='word_1_625' title='bbox 875 2403 943 2430; x_wconf 85' lang='lat' dir='ltr'><strong>ﬂore</strong></span> 
     </span>
    </p>
   </div>
   <div class='ocr_carea' id='block_1_89' title="bbox 155 2445 942 2483">
    <p class='ocr_par' dir='ltr' id='par_1_89' title="bbox 155 2445 942 2483">
     <span class='ocr_line' id='line_1_89' title="bbox 155 2445 942 2483; baseline 0.006 -12"><span class='ocrx_word' id='word_1_626' title='bbox 155 2445 274 2472; x_wconf 64' lang='lat' dir='ltr'><strong>fortunae</strong></span> <span class='ocrx_word' id='word_1_627' title='bbox 297 2445 423 2480; x_wconf 63' lang='lat' dir='ltr'><strong>publicae,</strong></span> <span class='ocrx_word' id='word_1_628' title='bbox 450 2445 613 2480; x_wconf 89' lang='lat' dir='ltr'><strong>dispiciendi</strong></span> <span class='ocrx_word' id='word_1_629' title='bbox 639 2455 704 2474; x_wconf 88' lang='lat' dir='ltr'><strong>num</strong></span> <span class='ocrx_word' id='word_1_630' title='bbox 729 2447 795 2482; x_wconf 83' lang='lat' dir='ltr'><strong>quid</strong></span> <span class='ocrx_word' id='word_1_631' title='bbox 819 2449 942 2483; x_wconf 85' lang='lat' dir='ltr'><strong>expediri</strong></span> 
     </span>
    </p>
   </div>
   <div class='ocr_carea' id='block_1_90' title="bbox 156 2490 943 2528">
    <p class='ocr_par' dir='ltr' id='par_1_90' title="bbox 156 2490 943 2528">
     <span class='ocr_line' id='line_1_90' title="bbox 156 2490 943 2528; baseline 0.008 -12"><span class='ocrx_word' id='word_1_632' title='bbox 156 2490 263 2517; x_wconf 82' lang='lat' dir='ltr'><strong>consilii</strong></span> <span class='ocrx_word' id='word_1_633' title='bbox 280 2495 371 2524; x_wconf 89' lang='lat' dir='ltr'><strong>posset</strong></span> <span class='ocrx_word' id='word_1_634' title='bbox 385 2491 418 2518; x_wconf 86' lang='lat' dir='ltr'><strong>ad</strong></span> <span class='ocrx_word' id='word_1_635' title='bbox 432 2493 516 2519; x_wconf 88' lang='lat' dir='ltr'><strong>semel</strong></span> <span class='ocrx_word' id='word_1_636' title='bbox 533 2491 736 2525; x_wconf 81' lang='lat' dir='ltr'><strong>defungendum</strong></span> <span class='ocrx_word' id='word_1_637' title='bbox 757 2494 836 2521; x_wconf 65' lang='lat' dir='ltr'><strong>tmdio</strong></span> <span class='ocrx_word' id='word_1_638' title='bbox 851 2499 878 2522; x_wconf 90' lang='lat' dir='ltr'><strong>et</strong></span> <span class='ocrx_word' id='word_1_639' title='bbox 896 2502 943 2528; x_wconf 87' lang='lat' dir='ltr'><strong>pe-</strong></span> 
     </span>
    </p>
   </div>
   <div class='ocr_carea' id='block_1_91' title="bbox 156 2537 941 2574">
    <p class='ocr_par' dir='ltr' id='par_1_91' title="bbox 156 2537 941 2574">
     <span class='ocr_line' id='line_1_91' title="bbox 156 2537 941 2574; baseline 0.005 -11"><span class='ocrx_word' id='word_1_640' title='bbox 156 2537 245 2564; x_wconf 90' lang='lat' dir='ltr'><strong>riculo</strong></span> <span class='ocrx_word' id='word_1_641' title='bbox 257 2543 310 2564; x_wconf 84' lang='lat' dir='ltr'><strong>tam</strong></span> <span class='ocrx_word' id='word_1_642' title='bbox 326 2537 463 2565; x_wconf 73' lang='lat' dir='ltr'><strong>diulurtm</strong></span> <span class='ocrx_word' id='word_1_643' title='bbox 479 2542 589 2573; x_wconf 88' lang='lat' dir='ltr'><strong>tamque</strong></span> <span class='ocrx_word' id='word_1_644' title='bbox 602 2538 765 2573; x_wconf 65' lang='lat' dir='ltr'><strong>importunae</strong></span> <span class='ocrx_word' id='word_1_645' title='bbox 778 2540 941 2574; x_wconf 74' lang='lat' dir='ltr'><strong>tyrannidis.</strong></span> 
     </span>
    </p>
   </div>
   <div class='ocr_carea' id='block_1_92' title="bbox 155 2583 942 2619">
    <p class='ocr_par' dir='ltr' id='par_1_92' title="bbox 155 2583 942 2619">
     <span class='ocr_line' id='line_1_92' title="bbox 155 2583 942 2619; baseline 0.003 -10"><span class='ocrx_word' id='word_1_646' title='bbox 155 2583 195 2610; x_wconf 84' lang='lat' dir='ltr'><strong>Ad</strong></span> <span class='ocrx_word' id='word_1_647' title='bbox 212 2590 243 2610; x_wconf 87' lang='lat' dir='ltr'><strong>ea</strong></span> <span class='ocrx_word' id='word_1_648' title='bbox 256 2583 437 2619; x_wconf 81' lang='lat' dir='ltr'><strong>Troglodytes</strong></span> <span class='ocrx_word' id='word_1_649' title='bbox 451 2591 458 2610; x_wconf 91' lang='lat'>:</span> <span class='ocrx_word' id='word_1_650' title='bbox 477 2583 543 2610; x_wconf 77' lang='lat' dir='ltr'><strong>l’ost</strong></span> <span class='ocrx_word' id='word_1_651' title='bbox 559 2585 754 2617; x_wconf 82' lang='lat' dir='ltr'><strong>necessariam,</strong></span> <span class='ocrx_word' id='word_1_652' title='bbox 769 2585 817 2618; x_wconf 88' lang='lat' dir='ltr'><strong>ait,</strong></span> <span class='ocrx_word' id='word_1_653' title='bbox 836 2593 942 2617; x_wconf 83' lang='lat' dir='ltr'><strong>curant,</strong></span> 
     </span>
    </p>
   </div>
   <div class='ocr_carea' id='block_1_93' title="bbox 154 2628 943 2664">
    <p class='ocr_par' dir='ltr' id='par_1_93' title="bbox 154 2628 943 2664">
     <span class='ocr_line' id='line_1_93' title="bbox 154 2628 943 2664; baseline 0.003 -8"><span class='ocrx_word' id='word_1_654' title='bbox 154 2637 186 2656; x_wconf 86' lang='lat' dir='ltr'><strong>ac</strong></span> <span class='ocrx_word' id='word_1_655' title='bbox 200 2629 313 2656; x_wconf 86' lang='lat' dir='ltr'><strong>tutelam</strong></span> <span class='ocrx_word' id='word_1_656' title='bbox 331 2629 384 2656; x_wconf 90' lang='lat' dir='ltr'><strong>mei</strong></span> <span class='ocrx_word' id='word_1_657' title='bbox 399 2628 508 2664; x_wconf 87' lang='lat' dir='ltr'><strong>capitis,</strong></span> <span class='ocrx_word' id='word_1_658' title='bbox 527 2629 571 2656; x_wconf 90' lang='lat' dir='ltr'><strong>cui</strong></span> <span class='ocrx_word' id='word_1_659' title='bbox 586 2629 668 2656; x_wconf 91' lang='lat' dir='ltr'><strong>etiam</strong></span> <span class='ocrx_word' id='word_1_660' title='bbox 695 2638 748 2656; x_wconf 93' lang='lat' dir='ltr'><strong>non</strong></span> <span class='ocrx_word' id='word_1_661' title='bbox 767 2638 827 2658; x_wconf 88' lang='lat' dir='ltr'><strong>mea</strong></span> <span class='ocrx_word' id='word_1_662' title='bbox 849 2639 943 2664; x_wconf 88' lang='lat' dir='ltr'><strong>causa,</strong></span> 
     </span>
    </p>
   </div>
   <div class='ocr_carea' id='block_1_94' title="bbox 155 2674 942 2712">
    <p class='ocr_par' dir='ltr' id='par_1_94' title="bbox 155 2674 942 2712">
     <span class='ocr_line' id='line_1_94' title="bbox 155 2674 942 2712; baseline 0.004 -11"><span class='ocrx_word' id='word_1_663' title='bbox 155 2675 203 2702; x_wconf 80' lang='lat' dir='ltr'><strong>sed</strong></span> <span class='ocrx_word' id='word_1_664' title='bbox 220 2675 375 2703; x_wconf 88' lang='lat' dir='ltr'><strong>comntuuis</strong></span> <span class='ocrx_word' id='word_1_665' title='bbox 388 2674 486 2702; x_wconf 87' lang='lat' dir='ltr'><strong>salutis</strong></span> <span class='ocrx_word' id='word_1_666' title='bbox 501 2680 640 2710; x_wconf 87' lang='lat' dir='ltr'><strong>respectu.</strong></span> <span class='ocrx_word' id='word_1_667' title='bbox 663 2675 789 2708; x_wconf 90' lang='lat' dir='ltr'><strong>consulo,</strong></span> <span class='ocrx_word' id='word_1_668' title='bbox 814 2677 942 2712; x_wconf 86' lang='lat' dir='ltr'><strong>equidem</strong></span> 
     </span>
    </p>
   </div>
   <div class='ocr_carea' id='block_1_95' title="bbox 156 2719 943 2755">
    <p class='ocr_par' dir='ltr' id='par_1_95' title="bbox 156 2719 943 2755">
     <span class='ocr_line' id='line_1_95' title="bbox 156 2719 943 2755; baseline 0.004 -10"><span class='ocrx_word' id='word_1_669' title='bbox 156 2719 223 2746; x_wconf 84' lang='lat' dir='ltr'><strong>nihil</strong></span> <span class='ocrx_word' id='word_1_670' title='bbox 240 2719 329 2747; x_wconf 86' lang='lat' dir='ltr'><strong>habeo</strong></span> <span class='ocrx_word' id='word_1_671' title='bbox 344 2720 486 2755; x_wconf 86' lang='lat' dir='ltr'><strong>antiquius</strong></span> <span class='ocrx_word' id='word_1_672' title='bbox 511 2727 593 2755; x_wconf 89' lang='lat' dir='ltr'><strong>quam</strong></span> <span class='ocrx_word' id='word_1_673' title='bbox 607 2719 796 2754; x_wconf 74' lang='lat' dir='ltr'><strong>subiectorum</strong></span> <span class='ocrx_word' id='word_1_674' title='bbox 814 2729 876 2748; x_wconf 88' lang='lat' dir='ltr'><strong>meo</strong></span> <span class='ocrx_word' id='word_1_675' title='bbox 891 2722 943 2749; x_wconf 89' lang='lat' dir='ltr'><strong>im-</strong></span> 
     </span>
    </p>
   </div>
   <div class='ocr_carea' id='block_1_96' title="bbox 156 2765 943 2802">
    <p class='ocr_par' dir='ltr' id='par_1_96' title="bbox 156 2765 943 2802">
     <span class='ocr_line' id='line_1_96' title="bbox 156 2765 943 2802; baseline 0.005 -12"><span class='ocrx_word' id='word_1_676' title='bbox 156 2765 234 2799; x_wconf 80' lang='lat' dir='ltr'><strong>perio</strong></span> <span class='ocrx_word' id='word_1_677' title='bbox 247 2766 390 2794; x_wconf 76' lang='lat' dir='ltr'><strong>securitati</strong></span> <span class='ocrx_word' id='word_1_678' title='bbox 403 2774 435 2793; x_wconf 91' lang='lat' dir='ltr'><strong>ac</strong></span> <span class='ocrx_word' id='word_1_679' title='bbox 448 2766 602 2794; x_wconf 88' lang='lat' dir='ltr'><strong>rationibus</strong></span> <span class='ocrx_word' id='word_1_680' title='bbox 615 2767 786 2801; x_wconf 81' lang='lat' dir='ltr'><strong>prospicere,</strong></span> <span class='ocrx_word' id='word_1_681' title='bbox 800 2767 868 2794; x_wconf 87' lang='lat' dir='ltr'><strong>adeo</strong></span> <span class='ocrx_word' id='word_1_682' title='bbox 881 2768 943 2802; x_wconf 90' lang='lat' dir='ltr'><strong>qui-</strong></span> 
     </span>
    </p>
   </div>
   <div class='ocr_carea' id='block_1_97' title="bbox 157 2811 944 2848">
    <p class='ocr_par' dir='ltr' id='par_1_97' title="bbox 157 2811 944 2848">
     <span class='ocr_line' id='line_1_97' title="bbox 157 2811 944 2848; baseline 0.003 -9"><span class='ocrx_word' id='word_1_683' title='bbox 157 2811 230 2845; x_wconf 88' lang='lat' dir='ltr'><strong>dem,</strong></span> <span class='ocrx_word' id='word_1_684' title='bbox 246 2817 276 2839; x_wconf 90' lang='lat' dir='ltr'><strong>ut</strong></span> <span class='ocrx_word' id='word_1_685' title='bbox 290 2812 410 2840; x_wconf 85' lang='lat' dir='ltr'><strong>filiorum</strong></span> <span class='ocrx_word' id='word_1_686' title='bbox 425 2818 453 2841; x_wconf 90' lang='lat' dir='ltr'><strong>et</strong></span> <span class='ocrx_word' id='word_1_687' title='bbox 469 2813 741 2848; x_wconf 80' lang='lat' dir='ltr'><strong>consanguineorum</strong></span> <span class='ocrx_word' id='word_1_688' title='bbox 759 2814 833 2848; x_wconf 86' lang='lat' dir='ltr'><strong>ipsos</strong></span> <span class='ocrx_word' id='word_1_689' title='bbox 849 2819 944 2841; x_wconf 87' lang='lat' dir='ltr'><strong>tener-</strong></span> 
     </span>
    </p>
   </div>
   <div class='ocr_carea' id='block_1_98' title="bbox 157 2857 942 2894">
    <p class='ocr_par' dir='ltr' id='par_1_98' title="bbox 157 2857 942 2894">
     <span class='ocr_line' id='line_1_98' title="bbox 157 2857 942 2894; baseline 0.003 -10"><span class='ocrx_word' id='word_1_690' title='bbox 157 2857 242 2885; x_wconf 88' lang='lat' dir='ltr'><strong>rimos</strong></span> <span class='ocrx_word' id='word_1_691' title='bbox 255 2857 371 2886; x_wconf 78' lang='lat' dir='ltr'><strong>affectus</strong></span> <span class='ocrx_word' id='word_1_692' title='bbox 384 2859 518 2886; x_wconf 87' lang='lat' dir='ltr'><strong>charitate</strong></span> <span class='ocrx_word' id='word_1_693' title='bbox 530 2859 623 2894; x_wconf 88' lang='lat' dir='ltr'><strong>populi</strong></span> <span class='ocrx_word' id='word_1_694' title='bbox 639 2868 713 2888; x_wconf 71' lang='lat' dir='ltr'><strong>cut-:2</strong></span> <span class='ocrx_word' id='word_1_695' title='bbox 725 2867 791 2887; x_wconf 79' lang='lat' dir='ltr'><strong>meae</strong></span> <span class='ocrx_word' id='word_1_696' title='bbox 803 2859 942 2887; x_wconf 61' lang='lat' dir='ltr'><strong>commissi</strong></span> 
     </span>
    </p>
   </div>
   <div class='ocr_carea' id='block_1_99' title="bbox 278 2906 619 2938">
    <p class='ocr_par' dir='ltr' id='par_1_99' title="bbox 278 2906 619 2938">
     <span class='ocr_line' id='line_1_99' title="bbox 278 2906 619 2938; baseline 0.009 -3"><span class='ocrx_word' id='word_1_697' title='bbox 278 2906 412 2938; x_wconf 78' lang='lat' dir='ltr'><strong>PATROL.</strong></span> <span class='ocrx_word' id='word_1_698' title='bbox 428 2908 486 2938; x_wconf 81' lang='lat' dir='ltr'><strong>Gn.</strong></span> <span class='ocrx_word' id='word_1_699' title='bbox 506 2908 619 2938; x_wconf 76' lang='lat' dir='ltr'><strong>CXLlll</strong></span> 
     </span>
    </p>
   </div>
   <div class='ocr_carea' id='block_1_100' title="bbox 995 2265 1782 2302">
    <p class='ocr_par' dir='ltr' id='par_1_100' title="bbox 995 2265 1782 2302">
     <span class='ocr_line' id='line_1_100' title="bbox 995 2265 1782 2302; baseline -0.003 -8"><span class='ocrx_word' id='word_1_700' title='bbox 995 2267 1168 2302; x_wconf 79' lang='lat' dir='ltr'><strong>Tyropbage.</strong></span> <span class='ocrx_word' id='word_1_701' title='bbox 1194 2266 1223 2294; x_wconf 92' lang='lat' dir='ltr'><strong>in</strong></span> <span class='ocrx_word' id='word_1_702' title='bbox 1239 2266 1355 2294; x_wconf 87' lang='lat' dir='ltr'><strong>consilio</strong></span> <span class='ocrx_word' id='word_1_703' title='bbox 1371 2270 1464 2293; x_wconf 87' lang='lat' dir='ltr'><strong>tacere</strong></span> <span class='ocrx_word' id='word_1_704' title='bbox 1485 2270 1585 2301; x_wconf 67' lang='lat' dir='ltr'><strong>praeter</strong></span> <span class='ocrx_word' id='word_1_705' title='bbox 1605 2273 1722 2292; x_wconf 86' lang='lat' dir='ltr'><strong>morem.</strong></span> <span class='ocrx_word' id='word_1_706' title='bbox 1740 2265 1782 2292; x_wconf 76' lang='lat' dir='ltr'><strong>An</strong></span> 
     </span>
    </p>
   </div>
   <div class='ocr_carea' id='block_1_101' title="bbox 994 2310 1783 2347">
    <p class='ocr_par' dir='ltr' id='par_1_101' title="bbox 994 2310 1783 2347">
     <span class='ocr_line' id='line_1_101' title="bbox 994 2310 1783 2347; baseline -0.003 -7"><span class='ocrx_word' id='word_1_707' title='bbox 994 2312 1105 2340; x_wconf 83' lang='lat' dir='ltr'><strong>dubitas</strong></span> <span class='ocrx_word' id='word_1_708' title='bbox 1116 2320 1190 2339; x_wconf 88' lang='lat' dir='ltr'><strong>ttunc</strong></span> <span class='ocrx_word' id='word_1_709' title='bbox 1201 2313 1321 2347; x_wconf 89' lang='lat' dir='ltr'><strong>primum</strong></span> <span class='ocrx_word' id='word_1_710' title='bbox 1335 2316 1382 2339; x_wconf 89' lang='lat' dir='ltr'><strong>tua</strong></span> <span class='ocrx_word' id='word_1_711' title='bbox 1395 2310 1460 2339; x_wconf 89' lang='lat' dir='ltr'><strong>huic</strong></span> <span class='ocrx_word' id='word_1_712' title='bbox 1470 2311 1553 2339; x_wconf 67' lang='lat' dir='ltr'><strong>coetui</strong></span> <span class='ocrx_word' id='word_1_713' title='bbox 1564 2318 1644 2339; x_wconf 87' lang='lat' dir='ltr'><strong>sensa</strong></span> <span class='ocrx_word' id='word_1_714' title='bbox 1656 2310 1783 2338; x_wconf 88' lang='lat' dir='ltr'><strong>commit-</strong></span> 
     </span>
    </p>
   </div>
   <div class='ocr_carea' id='block_1_102' title="bbox 994 2356 1782 2393">
    <p class='ocr_par' dir='ltr' id='par_1_102' title="bbox 994 2356 1782 2393">
     <span class='ocr_line' id='line_1_102' title="bbox 994 2356 1782 2393; baseline -0.003 -8"><span class='ocrx_word' id='word_1_715' title='bbox 994 2362 1062 2389; x_wconf 86' lang='lat' dir='ltr'><strong>tere.</strong></span> <span class='ocrx_word' id='word_1_716' title='bbox 1077 2365 1138 2393; x_wconf 66' lang='lat' dir='ltr'><strong>qua:</strong></span> <span class='ocrx_word' id='word_1_717' title='bbox 1155 2362 1208 2384; x_wconf 92' lang='lat' dir='ltr'><strong>tam</strong></span> <span class='ocrx_word' id='word_1_718' title='bbox 1223 2364 1294 2392; x_wconf 74' lang='lat' dir='ltr'><strong>saepe</strong></span> <span class='ocrx_word' id='word_1_719' title='bbox 1314 2357 1499 2391; x_wconf 82' lang='lat' dir='ltr'><strong>suspeximus,</strong></span> <span class='ocrx_word' id='word_1_720' title='bbox 1524 2357 1602 2392; x_wconf 85' lang='lat' dir='ltr'><strong>quasi</strong></span> <span class='ocrx_word' id='word_1_721' title='bbox 1628 2356 1782 2392; x_wconf 84' lang='lat' dir='ltr'><strong>periculum</strong></span> 
     </span>
    </p>
   </div>
   <div class='ocr_carea' id='block_1_103' title="bbox 994 2403 1781 2440">
    <p class='ocr_par' dir='ltr' id='par_1_103' title="bbox 994 2403 1781 2440">
     <span class='ocr_line' id='line_1_103' title="bbox 994 2403 1781 2440; baseline -0.004 -8"><span class='ocrx_word' id='word_1_722' title='bbox 994 2406 1031 2432; x_wconf 88' lang='lat' dir='ltr'><strong>sit</strong></span> <span class='ocrx_word' id='word_1_723' title='bbox 1045 2409 1092 2431; x_wconf 89' lang='lat' dir='ltr'><strong>aut</strong></span> <span class='ocrx_word' id='word_1_724' title='bbox 1106 2412 1141 2431; x_wconf 92' lang='lat' dir='ltr'><strong>ne</strong></span> <span class='ocrx_word' id='word_1_725' title='bbox 1161 2404 1225 2432; x_wconf 89' lang='lat' dir='ltr'><strong>talia</strong></span> <span class='ocrx_word' id='word_1_726' title='bbox 1241 2404 1297 2431; x_wconf 88' lang='lat' dir='ltr'><strong>sint</strong></span> <span class='ocrx_word' id='word_1_727' title='bbox 1307 2412 1368 2439; x_wconf 67' lang='lat' dir='ltr'><strong>quae</strong></span> <span class='ocrx_word' id='word_1_728' title='bbox 1382 2405 1475 2440; x_wconf 88' lang='lat' dir='ltr'><strong>sperni</strong></span> <span class='ocrx_word' id='word_1_729' title='bbox 1493 2408 1606 2438; x_wconf 88' lang='lat' dir='ltr'><strong>queant,</strong></span> <span class='ocrx_word' id='word_1_730' title='bbox 1624 2409 1681 2435; x_wconf 88' lang='lat' dir='ltr'><strong>attt,</strong></span> <span class='ocrx_word' id='word_1_731' title='bbox 1700 2403 1743 2430; x_wconf 88' lang='lat' dir='ltr'><strong>vel</strong></span> <span class='ocrx_word' id='word_1_732' title='bbox 1759 2403 1781 2430; x_wconf 89' lang='lat' dir='ltr'><strong>si</strong></span> 
     </span>
    </p>
   </div>
   <div class='ocr_carea' id='block_1_104' title="bbox 994 2448 1783 2484">
    <p class='ocr_par' dir='ltr' id='par_1_104' title="bbox 994 2448 1783 2484">
     <span class='ocr_line' id='line_1_104' title="bbox 994 2448 1783 2484; baseline -0.001 -8"><span class='ocrx_word' id='word_1_733' title='bbox 994 2449 1060 2484; x_wconf 92' lang='lat' dir='ltr'><strong>quid</strong></span> <span class='ocrx_word' id='word_1_734' title='bbox 1084 2449 1198 2477; x_wconf 84' lang='lat' dir='ltr'><strong>afferres</strong></span> <span class='ocrx_word' id='word_1_735' title='bbox 1220 2449 1294 2484; x_wconf 91' lang='lat' dir='ltr'><strong>quod</strong></span> <span class='ocrx_word' id='word_1_736' title='bbox 1319 2457 1374 2476; x_wconf 93' lang='lat' dir='ltr'><strong>non</strong></span> <span class='ocrx_word' id='word_1_737' title='bbox 1401 2450 1578 2484; x_wconf 85' lang='lat' dir='ltr'><strong>probaretur,</strong></span> <span class='ocrx_word' id='word_1_738' title='bbox 1603 2448 1637 2476; x_wconf 90' lang='lat' dir='ltr'><strong>ad</strong></span> <span class='ocrx_word' id='word_1_739' title='bbox 1661 2448 1783 2476; x_wconf 88' lang='lat' dir='ltr'><strong>dedecus</strong></span> 
     </span>
    </p>
   </div>
   <div class='ocr_carea' id='block_1_105' title="bbox 994 2493 1780 2529">
    <p class='ocr_par' dir='ltr' id='par_1_105' title="bbox 994 2493 1780 2529">
     <span class='ocr_line' id='line_1_105' title="bbox 994 2493 1780 2529; baseline -0.003 -7"><span class='ocrx_word' id='word_1_740' title='bbox 994 2495 1160 2522; x_wconf 89' lang='lat' dir='ltr'><strong>damnumve</strong></span> <span class='ocrx_word' id='word_1_741' title='bbox 1185 2494 1324 2529; x_wconf 89' lang='lat' dir='ltr'><strong>pcrtittere</strong></span> <span class='ocrx_word' id='word_1_742' title='bbox 1349 2493 1377 2521; x_wconf 93' lang='lat' dir='ltr'><strong>id</strong></span> <span class='ocrx_word' id='word_1_743' title='bbox 1395 2499 1471 2521; x_wconf 91' lang='lat' dir='ltr'><strong>tuum</strong></span> <span class='ocrx_word' id='word_1_744' title='bbox 1494 2494 1552 2521; x_wconf 90' lang='lat' dir='ltr'><strong>ullo</strong></span> <span class='ocrx_word' id='word_1_745' title='bbox 1567 2494 1651 2521; x_wconf 87' lang='lat' dir='ltr'><strong>modo</strong></span> <span class='ocrx_word' id='word_1_746' title='bbox 1677 2499 1780 2528; x_wconf 89' lang='lat' dir='ltr'><strong>posset,</strong></span> 
     </span>
    </p>
   </div>
   <div class='ocr_carea' id='block_1_106' title="bbox 994 2539 1783 2575">
    <p class='ocr_par' dir='ltr' id='par_1_106' title="bbox 994 2539 1783 2575">
     <span class='ocr_line' id='line_1_106' title="bbox 994 2539 1783 2575; baseline -0.004 -8"><span class='ocrx_word' id='word_1_747' title='bbox 994 2541 1091 2575; x_wconf 90' lang='lat' dir='ltr'><strong>utique</strong></span> <span class='ocrx_word' id='word_1_748' title='bbox 1113 2548 1176 2567; x_wconf 90' lang='lat' dir='ltr'><strong>cum</strong></span> <span class='ocrx_word' id='word_1_749' title='bbox 1200 2540 1311 2575; x_wconf 88' lang='lat' dir='ltr'><strong>plenum</strong></span> <span class='ocrx_word' id='word_1_750' title='bbox 1336 2544 1365 2567; x_wconf 92' lang='lat' dir='ltr'><strong>et</strong></span> <span class='ocrx_word' id='word_1_751' title='bbox 1386 2540 1502 2567; x_wconf 85' lang='lat' dir='ltr'><strong>liberum</strong></span> <span class='ocrx_word' id='word_1_752' title='bbox 1528 2539 1650 2567; x_wconf 88' lang='lat' dir='ltr'><strong>senatori</strong></span> <span class='ocrx_word' id='word_1_753' title='bbox 1674 2542 1783 2566; x_wconf 89' lang='lat' dir='ltr'><strong>constet</strong></span> 
     </span>
    </p>
   </div>
   <div class='ocr_carea' id='block_1_107' title="bbox 994 2586 1783 2621">
    <p class='ocr_par' dir='ltr' id='par_1_107' title="bbox 994 2586 1783 2621">
     <span class='ocr_line' id='line_1_107' title="bbox 994 2586 1783 2621; baseline -0.003 -8"><span class='ocrx_word' id='word_1_754' title='bbox 994 2586 1106 2621; x_wconf 86' lang='lat' dir='ltr'><strong>quidvis</strong></span> <span class='ocrx_word' id='word_1_755' title='bbox 1122 2587 1195 2621; x_wconf 89' lang='lat' dir='ltr'><strong>quod</strong></span> <span class='ocrx_word' id='word_1_756' title='bbox 1219 2586 1321 2613; x_wconf 65' lang='lat' dir='ltr'><strong>sentiat</strong></span> <span class='ocrx_word' id='word_1_757' title='bbox 1343 2586 1523 2620; x_wconf 87' lang='lat' dir='ltr'><strong>exprontendi</strong></span> <span class='ocrx_word' id='word_1_758' title='bbox 1545 2586 1601 2621; x_wconf 86' lang='lat' dir='ltr'><strong>jus,</strong></span> <span class='ocrx_word' id='word_1_759' title='bbox 1630 2590 1659 2612; x_wconf 93' lang='lat' dir='ltr'><strong>et</strong></span> <span class='ocrx_word' id='word_1_760' title='bbox 1682 2589 1783 2612; x_wconf 59' lang='lat' dir='ltr'><strong>nostra:</strong></span> 
     </span>
    </p>
   </div>
   <div class='ocr_carea' id='block_1_108' title="bbox 994 2631 1781 2666">
    <p class='ocr_par' dir='ltr' id='par_1_108' title="bbox 994 2631 1781 2666">
     <span class='ocr_line' id='line_1_108' title="bbox 994 2631 1781 2666; baseline -0.003 -7"><span class='ocrx_word' id='word_1_761' title='bbox 994 2632 1210 2659; x_wconf 87' lang='lat' dir='ltr'><strong>deliberationes</strong></span> <span class='ocrx_word' id='word_1_762' title='bbox 1226 2631 1445 2666; x_wconf 87' lang='lat' dir='ltr'><strong>impenetrabilis</strong></span> <span class='ocrx_word' id='word_1_763' title='bbox 1468 2631 1563 2659; x_wconf 90' lang='lat' dir='ltr'><strong>arcani</strong></span> <span class='ocrx_word' id='word_1_764' title='bbox 1581 2631 1714 2666; x_wconf 82' lang='lat' dir='ltr'><strong>religione</strong></span> <span class='ocrx_word' id='word_1_765' title='bbox 1738 2638 1781 2657; x_wconf 87' lang='lat' dir='ltr'><strong>se-</strong></span> 
     </span>
    </p>
   </div>
   <div class='ocr_carea' id='block_1_109' title="bbox 995 2677 1783 2714">
    <p class='ocr_par' dir='ltr' id='par_1_109' title="bbox 995 2677 1783 2714">
     <span class='ocr_line' id='line_1_109' title="bbox 995 2677 1783 2714; baseline -0.004 -9"><span class='ocrx_word' id='word_1_766' title='bbox 995 2678 1115 2713; x_wconf 88' lang='lat' dir='ltr'><strong>piantur.</strong></span> <span class='ocrx_word' id='word_1_767' title='bbox 1131 2678 1168 2705; x_wconf 79' lang='lat' dir='ltr'><strong>Ad</strong></span> <span class='ocrx_word' id='word_1_768' title='bbox 1183 2686 1215 2705; x_wconf 88' lang='lat' dir='ltr'><strong>ea</strong></span> <span class='ocrx_word' id='word_1_769' title='bbox 1233 2678 1429 2714; x_wconf 63' lang='lat' dir='ltr'><strong>Tyrophagus:</strong></span> <span class='ocrx_word' id='word_1_770' title='bbox 1443 2678 1540 2706; x_wconf 85' lang='lat' dir='ltr'><strong>Nullus</strong></span> <span class='ocrx_word' id='word_1_771' title='bbox 1554 2677 1615 2705; x_wconf 89' lang='lat' dir='ltr'><strong>talis</strong></span> <span class='ocrx_word' id='word_1_772' title='bbox 1637 2677 1671 2705; x_wconf 83' lang='lat' dir='ltr'><strong>de</strong></span> <span class='ocrx_word' id='word_1_773' title='bbox 1691 2682 1717 2704; x_wconf 90' lang='lat' dir='ltr'><strong>te</strong></span> <span class='ocrx_word' id='word_1_774' title='bbox 1734 2681 1783 2703; x_wconf 85' lang='lat' dir='ltr'><strong>aut</strong></span> 
     </span>
    </p>
   </div>
   <div class='ocr_carea' id='block_1_110' title="bbox 994 2721 1783 2759">
    <p class='ocr_par' dir='ltr' id='par_1_110' title="bbox 994 2721 1783 2759">
     <span class='ocr_line' id='line_1_110' title="bbox 994 2721 1783 2759; baseline -0.003 -8"><span class='ocrx_word' id='word_1_775' title='bbox 994 2723 1029 2751; x_wconf 88' lang='lat' dir='ltr'><strong>de</strong></span> <span class='ocrx_word' id='word_1_776' title='bbox 1045 2724 1113 2751; x_wconf 89' lang='lat' dir='ltr'><strong>ntcis</strong></span> <span class='ocrx_word' id='word_1_777' title='bbox 1129 2723 1206 2751; x_wconf 89' lang='lat' dir='ltr'><strong>ltisce</strong></span> <span class='ocrx_word' id='word_1_778' title='bbox 1223 2724 1335 2759; x_wconf 79' lang='lat' dir='ltr'><strong>collegis</strong></span> <span class='ocrx_word' id='word_1_779' title='bbox 1352 2729 1452 2755; x_wconf 87' lang='lat' dir='ltr'><strong>metus.</strong></span> <span class='ocrx_word' id='word_1_780' title='bbox 1473 2723 1556 2758; x_wconf 86' lang='lat' dir='ltr'><strong>hujus</strong></span> <span class='ocrx_word' id='word_1_781' title='bbox 1568 2723 1634 2754; x_wconf 90' lang='lat' dir='ltr'><strong>mei,</strong></span> <span class='ocrx_word' id='word_1_782' title='bbox 1649 2721 1724 2758; x_wconf 84' lang='lat' dir='ltr'><strong>quod</strong></span> <span class='ocrx_word' id='word_1_783' title='bbox 1740 2730 1783 2749; x_wconf 92' lang='lat' dir='ltr'><strong>re-</strong></span> 
     </span>
    </p>
   </div>
   <div class='ocr_carea' id='block_1_111' title="bbox 994 2768 1783 2806">
    <p class='ocr_par' dir='ltr' id='par_1_111' title="bbox 994 2768 1783 2806">
     <span class='ocr_line' id='line_1_111' title="bbox 994 2768 1783 2806; baseline 0 -12"><span class='ocrx_word' id='word_1_784' title='bbox 994 2768 1154 2804; x_wconf 88' lang='lat' dir='ltr'><strong>prehendis,</strong></span> <span class='ocrx_word' id='word_1_785' title='bbox 1179 2769 1301 2806; x_wconf 63' lang='lat' dir='ltr'><strong>domine,</strong></span> <span class='ocrx_word' id='word_1_786' title='bbox 1325 2769 1427 2796; x_wconf 89' lang='lat' dir='ltr'><strong>silentii</strong></span> <span class='ocrx_word' id='word_1_787' title='bbox 1452 2776 1535 2796; x_wconf 89' lang='lat' dir='ltr'><strong>causa</strong></span> <span class='ocrx_word' id='word_1_788' title='bbox 1557 2773 1610 2801; x_wconf 79' lang='lat' dir='ltr'><strong>est,</strong></span> <span class='ocrx_word' id='word_1_789' title='bbox 1628 2775 1736 2799; x_wconf 90' lang='lat' dir='ltr'><strong>verum,</strong></span> <span class='ocrx_word' id='word_1_790' title='bbox 1752 2772 1783 2795; x_wconf 92' lang='lat' dir='ltr'><strong>ut</strong></span> 
     </span>
    </p>
   </div>
   <div class='ocr_carea' id='block_1_112' title="bbox 993 2814 1781 2849">
    <p class='ocr_par' dir='ltr' id='par_1_112' title="bbox 993 2814 1781 2849">
     <span class='ocr_line' id='line_1_112' title="bbox 993 2814 1781 2849; baseline 0 -9"><span class='ocrx_word' id='word_1_791' title='bbox 993 2814 1082 2841; x_wconf 88' lang='lat' dir='ltr'><strong>fatear</strong></span> <span class='ocrx_word' id='word_1_792' title='bbox 1103 2814 1234 2849; x_wconf 81' lang='lat' dir='ltr'><strong>ingenue,</strong></span> <span class='ocrx_word' id='word_1_793' title='bbox 1254 2822 1330 2842; x_wconf 89' lang='lat' dir='ltr'><strong>mera</strong></span> <span class='ocrx_word' id='word_1_794' title='bbox 1354 2815 1446 2849; x_wconf 91' lang='lat' dir='ltr'><strong>inopia</strong></span> <span class='ocrx_word' id='word_1_795' title='bbox 1462 2814 1622 2847; x_wconf 87' lang='lat' dir='ltr'><strong>verborum,</strong></span> <span class='ocrx_word' id='word_1_796' title='bbox 1648 2819 1677 2842; x_wconf 88' lang='lat' dir='ltr'><strong>et</strong></span> <span class='ocrx_word' id='word_1_797' title='bbox 1701 2814 1781 2848; x_wconf 85' lang='lat' dir='ltr'><strong>quasi</strong></span> 
     </span>
    </p>
   </div>
   <div class='ocr_carea' id='block_1_113' title="bbox 995 2859 1781 2896">
    <p class='ocr_par' dir='ltr' id='par_1_113' title="bbox 995 2859 1781 2896">
     <span class='ocr_line' id='line_1_113' title="bbox 995 2859 1781 2896; baseline -0.001 -10"><span class='ocrx_word' id='word_1_798' title='bbox 995 2860 1118 2894; x_wconf 61' lang='lat' dir='ltr'><strong>qua‘dant</strong></span> <span class='ocrx_word' id='word_1_799' title='bbox 1135 2859 1249 2887; x_wconf 83' lang='lat' dir='ltr'><strong>infantia</strong></span> <span class='ocrx_word' id='word_1_800' title='bbox 1263 2867 1346 2895; x_wconf 85' lang='lat' dir='ltr'><strong>super</strong></span> <span class='ocrx_word' id='word_1_801' title='bbox 1358 2863 1522 2896; x_wconf 81' lang='lat' dir='ltr'><strong>argumento</strong></span> <span class='ocrx_word' id='word_1_802' title='bbox 1540 2859 1682 2895; x_wconf 82' lang='lat' dir='ltr'><strong>inopinato</strong></span> <span class='ocrx_word' id='word_1_803' title='bbox 1699 2863 1781 2894; x_wconf 81' lang='lat' dir='ltr'><strong>atque</strong></span> 
     </span>
    </p>
   </div>
   <div class='ocr_carea' id='block_1_114' title="bbox 1549 2905 1586 2937">
    <p class='ocr_par' dir='ltr' id='par_1_114' title="bbox 1549 2905 1586 2937">
     <span class='ocr_line' id='line_1_114' title="bbox 1549 2905 1586 2937; baseline 0 0"><span class='ocrx_word' id='word_1_804' title='bbox 1549 2905 1586 2937; x_wconf 73' lang='lat' dir='ltr'><strong>lt3</strong></span> 
     </span>
    </p>
   </div>
  </div>
