1913 3068
136 109 206 142 1375

454 115 654 147 ΑΡΡΕΝΒῘΧ.
675 129 709 134 -
732 117 824 147 SPEC
831 118 925 148 [ΜΕΝ

986 118 1157 149 ιΡΙΕΝΤΗΕ
1176 118 1354 149 INDORUM
1374 119 1457 150 VET.

1687 118 1783 151 1356

134 166 286 203 improviso
310 170 378 198 mihi
402 172 541 204 maxime;
560 172 594 200 de
620 181 684 207 quo,
713 174 734 200 si
758 181 868 201 necesse
886 174 922 200 sit
936 177 957 205 Α
973 183 1022 209 per
1036 175 1173 201 somnium
1196 174 1345 209 ingressos,
1360 174 1482 201 abfuisse
1504 180 1571 200 vero
1593 173 1681 201 multo
1696 174 1782 202 lon-

139 215 242 245 diccre,
259 216 325 244 illud
344 225 428 245 unum
441 226 520 245 mens
534 219 664 253 suggerit,
680 227 740 246 esse
757 219 831 246 istud
847 221 920 253 quod

138 260 193 287 mei
209 261 320 296 collegae
340 270 511 297 proposuere
532 263 672 298 negotium
698 264 866 299 hujusmodi,
886 264 921 292 de

139 314 194 340 quo
208 314 260 334 nec
275 307 396 342 cogitare
412 309 530 343 amplius
548 317 599 336 nec
614 310 687 344 loqui
703 318 823 344 unquam
840 318 922 344 oporo

141 355 205 378 teat.
225 351 353 379 Omnium
367 353 468 388 quippe
482 361 572 381 rerum
597 362 658 389 quae
671 355 701 381 in
723 355 922 382 deliberatione

140 404 286 426 versantur
300 401 385 435 prima
397 400 442 427 illa
458 401 593 435 uniccque
605 401 736 435 requisita
750 401 872 429 conditio
881 405 921 428 es‘

141 449 167 470 ut
189 447 293 479 possint
313 446 403 477 eflici;
423 447 561 474 debellare
580 451 670 473 autem
687 455 718 474 ac
736 447 860 474 funditus
875 455 923 474 ex—

140 491 281 526 stinguere
305 498 413 527 gentem
432 493 536 524 felium.
558 498 634 521 extra
653 498 786 526 nostram,
803 493 921 528 quamli-

141 537 187 564 hct
202 542 367 573 satagamus,
393 539 551 566 facultatem
568 547 640 571 esse,
659 540 735 571 satis,
763 544 792 566 ut
811 547 855 566 res
874 547 923 573 per

140 591 170 610 se
187 587 290 611 taceret
306 585 375 619 ipsa,
398 586 497 612 docere
514 593 563 612 nos
582 590 673 618 posset
689 586 822 614 memoria
839 586 925 620 majo-

141 637 212 659 rum,
228 637 298 664 quos
316 631 486 665 potentiores
501 634 528 658 et
544 632 725 666 sapientiores
749 631 839 663 nobis,
854 639 926 657 nun-

143 683 225 708 quam
241 681 331 703 tamcn
355 676 438 704 fando
459 677 615 704 audivimus
637 678 664 704 in
688 677 769 704 talem
784 684 860 711 spem
883 676 927 703 vel

974 222 1034 255 gius
1047 221 1080 247 ab
1092 221 1147 247 ullo
1160 220 1188 246 in
1201 228 1258 247 rem
1275 219 1432 247 istiusmodi
1448 223 1581 254 apparatu
1594 223 1640 246 aut
1653 226 1780 247 conatu

975 266 1142 294 meditando.
1156 266 1257 293 Contra
1271 273 1302 293 ea
1314 273 1376 292 cum
1390 265 1548 292 Creoborus
1562 269 1590 292 et
1603 264 1731 292 Linorod
1738 273 1782 292 us

975 313 1043 339 nihil
1067 312 1216 341 hiscerent.
1237 319 1296 340 rex.
1323 311 1421 338 tacitus
1443 310 1582 337 admirans
1603 310 1780 345 Tyrophagi

975 359 1090 386 solidam
1104 358 1211 386 consilii
1232 358 1297 390 vim,
1314 362 1415 384 coetum
1433 356 1548 383 dimisit.
1564 356 1655 383 Habes
1672 356 1779 383 infor-

975 409 1075 431 matam
1093 404 1146 431 hoc
1168 404 1239 430 facto
1255 403 1355 434 ideam,
1371 402 1492 434 domine,
1509 401 1589 428 olIicii
1605 402 1671 428 boni
1687 403 1782 436 regis

975 449 1003 476 in
1020 449 1202 476 discernenda
1217 448 1437 475 consiliariorum
1453 452 1480 474 et
1497 447 1676 474 consiliorum
1693 455 1780 481 qua-

975 495 1062 521 litate.
1078 495 1143 527 Quae
1157 501 1223 521 sane
1241 493 1371 520 discretio
1384 498 1499 520 eatenus
1511 497 1554 519 est
1570 492 1689 526 principi
1713 500 1777 519 ne-

976 542 1119 573 cessaria,
1147 545 1282 575 quatenus
1307 539 1479 573 experientia
1509 538 1703 570 demonstrat,
1736 545 1778 564 ea

977 586 1100 613 adhibita
1123 585 1334 613 commoditates
1356 585 1501 618 maximas,
1525 583 1653 619 neglecta
1662 584 1777 610 damna

979 632 1100 666 ingentia
1113 631 1195 658 rebus
1212 631 1328 665 publicis
1342 629 1447 658 inferri.

635 779 825 809 DlSSERTA
832 778 900 809 TIO
916 779 1019 808 PARA
1026 778 1169 808 BOLICA
1187 778 1257 808 XV.

380 829 520 868 Castigat
538 830 696 859 curiosum
719 828 910 859 desiderium
925 828 1168 868 longinquarum
1188 831 1217 858 et
1234 825 1393 858 inutilium
1409 834 1524 855 rerum.

178 879 228 908 llic
243 888 291 907 rex
312 880 506 908 Abessalomus
532 881 763 916 gymnosophistae
787 881 844 908 ait:
860 880 926 907 Per-
943 883 962 910 Β
979 888 1087 910 vereor.
1113 880 1161 911 ait,
1188 886 1222 905 ne
1246 878 1341 913 patria:
1365 877 1441 912 prius
1466 875 1639 903 obliviscaris
1662 876 1773 909 lingua:

141 926 201 960 cepi
225 925 314 952 fructu
338 926 422 952 animi
440 933 538 960 magno
565 934 625 960 qua:
651 925 769 952 docuisti
793 925 877 952 multa
899 928 927 951 et

141 971 281 1003 praeclara,
307 971 412 1005 tibique
427 970 494 1005 jam,
521 976 551 997 ιιι
572 976 614 998 cst
629 971 790 1001 verisimile.
810 970 926 998 dicendo

141 1018 223 1048 fesso,
251 1017 382 1044 molestus
407 1024 468 1044 esse
494 1017 628 1048 desinam,
654 1017 700 1043 ubi
727 1024 811 1043 unum
837 1016 928 1043 adhuc

142 1064 265 1096 audiero,
282 1063 347 1098 quid
364 1070 478 1090 censeas
495 1071 525 1090 ac
542 1063 685 1098 przecipius
700 1063 773 1089 circa
789 1063 927 1089 curiosam

143 1109 312 1144 pruriginem
329 1109 511 1143 quorumdam
530 1108 727 1136 lastidicntium
744 1112 848 1143 parata,
859 1116 927 1136 con-

141 1159 272 1182 sentanea
292 1155 359 1190 ipsis
387 1159 415 1182 ct
437 1155 546 1182 abunde
572 1154 744 1186 suflicicntia,
762 1154 926 1181 inhiantiutn

142 1207 208 1226 vero
223 1199 390 1235 longinquis,
406 1200 512 1231 arduis,
533 1199 684 1227 inutilibus.

179 1245 197 1272 Ι.
214 1245 310 1273 Ultimi
335 1254 419 1280 super
441 1254 473 1273 ea
498 1254 526 1273 re
545 1247 680 1273 sermonis
704 1247 926 1282 gymnosophista

144 1292 196 1318 hoc
216 1292 325 1319 initium
343 1292 428 1319 fecit:
444 1292 508 1319 Fuit
527 1292 597 1327 apud
613 1299 664 1319 nos
680 1297 770 1319 asceta
787 1293 928 1327 religionis

142 1342 169 1363 et
182 1338 334 1372 prudentia:
345 1338 458 1374 insignis
471 1338 594 1372 quidam,
606 1339 638 1365 ad
649 1346 730 1373 quem
744 1339 844 1374 hospes
855 1339 927 1366 haud

143 1382 217 1416 paris
230 1383 372 1417 sapientia:
384 1383 535 1414 divertens,
550 1391 616 1410 sane
626 1383 783 1410 humaniter
797 1389 929 1417 exceptus

143 1433 194 1454 est.
212 1427 286 1455 Inter
301 1436 407 1456 cmnam
424 1437 474 1463 pro
491 1429 637 1464 prmbentis
655 1429 827 1463 philosophia
841 1430 930 1463 fruga-

143 1473 209 1505 lcm,
235 1475 315 1508 cujus
340 1479 414 1501 totus
437 1479 584 1508 apparatus
609 1482 688 1506 pane.
715 1474 840 1510 dactylis,
858 1482 928 1509 aqua

143 1519 299 1550 constabat,
309 1519 410 1554 hospes
420 1521 536 1554 gustatis
546 1519 672 1555 dactylis,
685 1519 813 1551 Suavem,
827 1520 927 1554 inquit,

144 1565 180 1591 ita
199 1572 242 1591 me
268 1565 339 1591 Deus
355 1568 437 1596 amet,
450 1564 542 1591 cibum
558 1565 564 1591 l
585 1564 665 1591 taedet
680 1572 724 1591 me
739 1565 796 1599 jam
822 1564 928 1598 patriae,

143 1618 204 1644 qua:
216 1610 283 1637 tales
295 1618 350 1637 non
366 1610 453 1646 gignit
463 1610 585 1643 fructus;
601 1611 666 1638 licet
677 1619 804 1642 uvarum,
817 1610 930 1643 ficuum,

145 1665 246 1684 nucum
263 1665 293 1684 ac
304 1664 449 1691 pomorum
460 1657 549 1685 omnis
562 1657 670 1693 generis
683 1658 758 1685 ferax
771 1657 816 1690 sit,
830 1657 931 1691 quibus

145 1704 256 1732 abunde
271 1711 373 1731 mensa:
389 1704 566 1731 instruuntur
585 1703 657 1738 apud
675 1710 735 1735 nos,
755 1708 846 1730 tamen
863 1703 931 1730 mihi

146 1751 240 1778 videor
255 1758 311 1778 non
327 1758 406 1785 posse
418 1751 474 1786 jam
498 1750 558 1778 siue
580 1750 624 1777 his
636 1749 750 1782 vivere;
768 1756 853 1783 quare
868 1749 931 1775 volo

146 1796 248 1823 referre
275 1796 386 1823 domum
406 1803 500 1823 semen
524 1799 572 1822 aut
593 1794 735 1822 surculum
757 1794 865 1822 arboris
884 1794 933 1820 da-

146 1843 233 1877 ctylns
255 1841 381 1874 ferentis,
395 1849 429 1868 ex
449 1848 502 1876 qua
520 1840 682 1868 viridarium
704 1847 869 1872 conseram;
886 1843 933 1867 aut

146 1893 232 1920 certe,
247 1887 321 1922 quod
334 1887 491 1922 expeditius
505 1886 575 1914 forte
589 1886 683 1919 fuerit,
699 1886 726 1913 in
742 1886 814 1913 hanc
829 1890 932 1913 terram

147 1934 317 1961 domicilium
337 1933 513 1961 transferam.
529 1932 660 1960 Arridens
674 1932 717 1959 his
733 1937 835 1964 asceta,
852 1931 933 1959 Juvat

149 1989 204 2013 me,
225 1980 325 2015 inquit,
341 1979 444 2006 habere
467 1986 518 2007 nos
532 1978 637 2013 aliquid
661 1985 717 2005 non
733 1978 846 2005 insuave
861 1978 911 2005 tibi
925 1986 932 2011 ;

149 2033 252 2060 tamen,
269 2026 291 2054 si
308 2033 351 2053 me
375 2025 444 2053 sinis
459 2026 563 2059 dicere,
586 2033 683 2062 magna
700 2033 765 2060 pars
779 2025 935 2059 tranquilli-

150 2073 214 2100 tatis
228 2074 311 2100 vitam
326 2072 434 2100 beantis
449 2072 475 2099 in
489 2071 610 2100 ﬁnienda
623 2071 764 2100 concessis
775 2079 806 2098 ac
824 2071 935 2106 parabi-

150 2120 223 2147 libus
247 2119 400 2155 cupiditate
413 2119 465 2147 sita
481 2123 544 2146 est:
571 2118 619 2154 qui
644 2119 750 2154 appetit
773 2118 934 2154 longinqua,

150 2167 192 2193 vel
206 2166 347 2202 sequendo
359 2166 496 2200 fatigatur,
509 2164 552 2192 vel
563 2165 681 2192 carendo
692 2164 818 2200 angitur;
833 2169 936 2191 utram-

944 1553 965 1582 C

978 934 1060 961 quam
1076 926 1155 953 istius
1172 925 1322 960 peregrinae
1339 931 1416 950 usum
1435 922 1587 957 paraveris.
1610 921 1704 956 Spissa
1723 928 1773 947 res

978 978 1029 1006 est,
1043 977 1157 1007 experto
1173 972 1265 1001 crede.
1283 979 1334 998 nec
1348 970 1428 997 istius
1440 968 1527 996 aetatis
1543 973 1590 995 aut
1603 967 1773 1001 occupatio-

979 1021 1021 1048 nis
1036 1024 1105 1047 tuaiz
1127 1026 1179 1046 nec
1198 1017 1368 1045 contentioni
1389 1014 1629 1043 aerumnosissimae
1644 1021 1695 1048 par
1722 1020 1772 1039 re-

979 1066 1129 1100 sponderet
1155 1065 1271 1092 fructus.
1297 1062 1430 1096 Quocirca
1457 1065 1607 1088 metuerem
1634 1058 1770 1093 equidem

979 1120 1013 1139 ne
1037 1111 1084 1138 tibi
1099 1110 1223 1138 eveniret
1237 1108 1310 1143 quod
1326 1114 1408 1135 corvo
1429 1106 1517 1133 aiunt.
1537 1105 1572 1138 Is,
1588 1103 1772 1138 conspicatus

979 1157 1125 1192 aliquando
1139 1154 1258 1191 perdicis
1271 1154 1419 1185 incessum,
1433 1155 1530 1186 captus
1542 1149 1620 1186 quasi
1633 1149 1769 1184 praeclara

980 1202 1080 1236 specie,
1098 1201 1194 1228 statuit
1210 1199 1338 1226 omittere
1352 1197 1503 1224 naturalem
1520 1202 1611 1227 suum,
1627 1200 1713 1228 seque
1729 1193 1771 1219 la—

980 1248 1091 1275 boriose
1105 1247 1151 1273 diu
1171 1251 1304 1273 exercens
1319 1244 1347 1271 in
1365 1242 1498 1270 librandis
1514 1239 1652 1276 passibus,
1665 1245 1694 1266 et
1709 1238 1769 1266 cir-

981 1293 1150 1329 cumagendo
1176 1292 1210 1319 ad
1237 1290 1358 1326 singulos
1389 1295 1524 1323 corpore,
1549 1285 1770 1319 alternandaque

981 1340 1164 1376 propensione
1177 1338 1204 1364 in
1216 1337 1287 1364 latus
1301 1341 1458 1370 utrumque,
1472 1334 1546 1361 hunc
1562 1332 1639 1360 stulti
1652 1335 1768 1359 conatus

980 1391 1109 1414 eventum
1134 1384 1241 1416 habuit,
1259 1388 1289 1410 ut
1314 1389 1366 1410 nec
1389 1380 1508 1416 perdicis
1533 1386 1667 1414 gressum,
1683 1384 1766 1412 quem

981 1432 1171 1464 aemulabatur,
1187 1432 1393 1464 assequcretur,
1416 1434 1468 1454 nec
1491 1425 1636 1453 corvinum
1660 1426 1768 1450 teneret

981 1479 1110 1514 amplius,
1139 1476 1345 1510 ludibriumque
1379 1473 1490 1508 utrique
1511 1470 1604 1507 generi
1627 1473 1699 1497 esset
1734 1475 1768 1494 ac

982 1534 1014 1552 ex
1029 1524 1104 1552 omni
1120 1524 1225 1558 ejectus
1242 1526 1327 1553 coetu,
1341 1521 1398 1548 risu
1414 1520 1514 1554 passim
1530 1521 1693 1545 cunctorum
1710 1519 1767 1541 tra-

983 1572 1140 1599 duceretur.
1153 1570 1216 1597 limc
1228 1575 1307 1603 pcena
1318 1571 1359 1594 est
1373 1565 1501 1600 inquietae
1512 1561 1657 1599 pruriginis
1671 1560 1697 1587 in
1710 1566 1767 1586 non

983 1618 1036 1646 sibi
1060 1623 1182 1651 congrua
1204 1611 1411 1649 prosilibuudte.
1439 1608 1624 1637 Meministine
1658 1611 1766 1641 patrem

984 1669 1071 1695 tuum,
1088 1666 1135 1689 aut
1161 1665 1321 1696 patruorum
1348 1657 1479 1691 aliquem,
1502 1655 1545 1682 vel
1561 1653 1644 1680 fando
1670 1652 1698 1679 in
1722 1655 1769 1678 tua

984 1710 1085 1737 tamilia
1100 1707 1166 1735 ferri
1183 1704 1313 1733 audivisti
1329 1704 1363 1731 de
1377 1709 1492 1729 avorum
1506 1699 1633 1735 quopiam
1650 1697 1698 1733 qui
1712 1697 1769 1724 lin-

983 1763 1062 1791 guam
1083 1760 1204 1789 unquam
1217 1750 1390 1779 Chaldaicam
1410 1746 1557 1776 calluerit?
1577 1745 1647 1791 Cum
1668 1744 1768 1778 hospes

984 1804 1120 1836 negasset,
1138 1801 1229 1826 asceta
1244 1796 1395 1830 excipiens,
1413 1794 1509 1829 lgitur,
1526 1790 1644 1822 addidit,
1657 1796 1769 1836 magno-

985 1835 1050 1882 pere
1062 1850 1158 1872 auctor
1173 1844 1221 1871 tibi
1240 1850 1301 1870 sum
1317 1849 1372 1868 non
1390 1838 1554 1874 erumpendi
1571 1841 1648 1864 extra
1662 1835 1769 1862 cancel-

985 1879 1026 1920 ios
1050 1889 1226 1918 familiarium
1248 1887 1455 1921 exemplorum,
1482 1884 1529 1912 sed
1552 1882 1674 1910 coercita
1696 1879 1768 1907 inani

986 1937 1155 1968 curiositate,
1166 1933 1359 1970 acquiescendi
1370 1931 1509 1972 concessis
1523 1937 1538 1956 a
1551 1933 1652 1956 natura
1665 1931 1692 1954 et
1703 1927 1768 1953 edu-

985 1984 1103 2012 cationis
1128 1986 1212 2009 sorte.
1241 1980 1382 2007 llactenus
1403 1975 1629 2013 gymnosophista
1650 1975 1767 2003 locutus,

986 2034 1014 2058 et
1034 2028 1195 2056 adoratione
1210 2025 1408 2054 demississima
1429 2025 1576 2050 veneratus
1598 2027 1702 2055 regem,
1716 2018 1768 2045 Re-

986 2074 1097 2110 spondi,
1115 2073 1238 2105 domine,
1254 2071 1355 2106 inquit,
1373 2073 1404 2097 ut
1420 2067 1498 2104 potui
1514 2074 1565 2102 pro
1582 2064 1769 2110 mediocritate

987 2109 1125 2148 facultatis
1140 2125 1216 2151 meae,
1233 2116 1267 2144 ad
1283 2120 1329 2143 tua
1344 2115 1396 2142 ista
1411 2112 1524 2148 quaesita
1541 2111 1626 2138 multa
1637 2115 1666 2137 et
1679 2109 1768 2135 varia:

989 2167 1017 2194 in
1030 2174 1095 2201 quo,
1111 2171 1212 2198 quaeso,
1227 2163 1250 2190 si
1257 2161 1442 2189 eruditionem
1456 2158 1548 2186 minus
1561 2162 1649 2193 potes,
1664 2163 1716 2190 qua
1729 2163 1770 2181 me

151 2220 204 2247 que
226 2201 380 2239 molestiam
403 2210 583 2244 lucrifecerit,
595 2209 712 2246 quisuis
722 2214 870 2238 contentus
881 2217 935 2238 non
953 2218 974 2245 ι)
989 2211 1151 2240 destitutum
1168 2209 1266 2236 idonea
1280 2211 1308 2235 ut
1324 2205 1415 2233 sentio
1436 2204 1476 2232 sic
1490 2203 1563 2231 ultro
1584 2201 1683 2232 fatear,
1698 2204 1770 2228 certe

152 2259 267 2286 inhiarit
289 2258 398 2286 alienis.

190 2306 221 2332 ll.
240 2305 376 2340 Castigata
393 2303 491 2332 leniter
507 2303 626 2338 hospitis
647 2303 745 2331 levitas
768 2303 939 2339 acquievisse

155 2356 292 2386 pra-cepto
308 2350 425 2386 sapienti
440 2350 596 2383 videbatur,
608 2350 719 2386 quando
733 2350 833 2378 iterum
849 2350 940 2385 erupit

154 2400 181 2425 in
205 2397 403 2434 appetitionem
427 2397 651 2433 intempestivam
677 2397 793 2425 alterius
816 2398 936 2433 generis.

155 2446 326 2480 Allcgaverat
337 2444 407 2471 forte
420 2447 520 2476 asceta,
533 2448 664 2478 provecto
675 2443 701 2470 in
713 2443 788 2470 varia
799 2446 937 2476 sermone,

155 2491 320 2519 sententiam
334 2498 366 2518 ex
381 2489 455 2517 libro
467 2489 627 2522 Chaldaico,
645 2496 727 2523 quam
740 2488 939 2523 interpretatus

155 2537 338 2563 disseruerat.
361 2534 469 2562 Placuit
493 2534 593 2570 hospiti
617 2534 756 2566 eruditio;
778 2538 815 2567 et,
835 2534 940 2562 Amabo

157 2588 193 2614 te,
210 2581 310 2616 inquit,
328 2581 427 2608 iterum
445 2585 549 2615 repete,
571 2580 643 2615 quod
660 2580 794 2612 recitasti,
817 2579 942 2606 testimo-

157 2630 254 2661 nium;
275 2635 319 2655 me
340 2627 458 2655 deiectat
483 2626 535 2654 iste
557 2634 642 2654 sonus
663 2634 718 2653 non
740 2626 941 2653 intellectarum

157 2675 222 2702 licet
238 2681 346 2706 vocum,
369 2681 400 2701 ac
418 2674 536 2701 decerno
558 2672 623 2700 dare
645 2679 757 2707 Operam
772 2672 944 2699 addiscendat

158 2721 202 2747 isti
221 2719 330 2754 linguae,
347 2723 467 2753 petoque
482 2725 516 2745 ne
540 2716 664 2752 graveris
686 2717 770 2752 hujus
790 2717 846 2752 jam
870 2724 944 2744 nunc

159 2765 297 2793 idiomatis
320 2765 458 2794 elementa
473 2764 541 2792 mihi
559 2763 734 2793 tradere.Cui
750 2771 846 2797 senex,
862 2763 945 2791 Atqui

990 2258 1160 2285 voluntatem
1185 2253 1311 2289 parendi,
1334 2257 1363 2279 et
1384 2249 1556 2285 obsequendi
1581 2247 1768 2276 alacritatem,

990 2303 1075 2331 etiam
1101 2303 1172 2329 ultra
1190 2301 1264 2328 vires
1286 2298 1432 2334 prolixam,
1445 2294 1575 2331 amplecti
1598 2298 1625 2321 te
1642 2293 1732 2323 velim,
1746 2296 1771 2318 et

992 2357 1035 2376 me
1048 2350 1074 2376 in
1091 2354 1207 2375 numero
1225 2345 1275 2372 tibi
1289 2343 1556 2373 addictissimorum,
1572 2339 1673 2367 favoris
1690 2339 1770 2366 inter-

992 2395 1058 2422 dum
1071 2394 1111 2421 tui
1131 2392 1199 2428 regii
1213 2391 1399 2425 beneficaque
1414 2388 1510 2424 gratiae
1528 2385 1770 2423 significationibus

992 2447 1147 2475 aspergere.

1029 2485 1083 2513 llas
1108 2483 1265 2519 quindecim
1291 2480 1499 2510 dissertationes
1525 2478 1635 2513 sapiens
1658 2475 1770 2504 medicus

994 2531 1112 2559 Perzoes
1125 2538 1159 2558 ex
1174 2529 1267 2557 Indica
1290 2528 1318 2555 in
1338 2527 1474 2555 Persicam
1492 2524 1616 2560 linguam
1640 2530 1655 2550 a
1671 2529 1699 2549 se
1711 2528 1770 2549 eou-

996 2585 1088 2605 versas
1102 2576 1158 2612 regi
1170 2574 1284 2603 Chosroi
1298 2573 1415 2606 obtulit;
1430 2571 1494 2599 inde
1505 2570 1608 2598 eaedem
1627 2577 1659 2596 ex
1673 2567 1770 2594 Persico

997 2624 1025 2651 in
1040 2623 1186 2650 Arabicum
1202 2620 1341 2648 translatae
1353 2625 1508 2646 sermonem
1520 2620 1602 2649 sunt;
1617 2622 1651 2642 ex
1664 2613 1769 2641 Arabico

997 2678 1063 2698 vero
1079 2669 1209 2697 idiomate
1225 2667 1286 2694 illas
1304 2673 1355 2700 ego
1371 2664 1490 2700 Symeon
1504 2661 1635 2696 magister
1646 2663 1675 2687 et
1689 2658 1769 2693 philo-

997 2717 1101 2752 sophus
1115 2718 1297 2751 cognomento
1313 2711 1391 2744 Seth,
1415 2707 1569 2738 communis
1586 2705 1710 2734 utilitatis
1729 2710 1770 2739 spe

998 2763 1116 2794 illectus,
1128 2761 1221 2789 Graece
1233 2767 1294 2787 sum
1309 2759 1514 2793 interpretatum
1655 2753 1660 2757 “

697 2822 765 2850 Laus
782 2822 834 2849 Deo
859 2822 985 2848 bonorum
1001 2824 1118 2848 omnium
1135 2819 1255 2847 Auctori.
