4132 6300
1303 365 1958 456 TRADITIO
2059 366 2819 459 CATHOLICA

1425 551 1828 618 S/ECULUM
1860 552 2020 616 XIV.
2065 552 2261 618 ΑΝΝΙ
2297 552 2676 617 1313-1330.

1663 907 2467 1061 ELENCHUS
2585 1023 2590 1044 ;

450 1160 976 1232 AUGTORUM
1045 1159 1158 1231 ET
1211 1155 1601 1230 OPEBUM
1661 1156 1814 1238 QUI
1875 1140 1987 1227 IN”
2031 1157 2219 1229 Hoc
2261 1157 2531 1231 τοΜο
2592 1146 2874 1232 CXLIII
2937 1158 3627 1233 CONTINENTUR

1769 1344 2275 1382 -ψ-

1419 1548 1884 1612 ΕΡΗΒᾸΕΜΙΗδ
1963 1549 2655 1616 CHRONOGRAPHUS.

445 1711 716 1773 Editoris
767 1710 1031 1772 Romani
1077 1709 1391 1786 Praefatio.
3305 1711 3438 1775 Col.
3607 1717 3653 1776 9

445 1818 762 1891 Ephrzemii
805 1814 1101 1890 Casuras,
1143 1833 1177 1874 a
1203 1813 1358 1874 Julio
1387 1811 1612 1874 Caesare
1643 1817 1715 1874 ad
1747 1812 2092 1875 Michaelem
2122 1815 2539 1891 Palaeologum.
3569 1822 3642 1882 u

448 1923 918 1982 Patriarcharum
949 1920 1062 1982 ΟΡ.
1100 1919 1432 1996 Catalogus.

3523 1926 3650 1987 349

1069 2075 1561 2141 THEOLEPTUS
1607 2076 2407 2142 PHILADELPHIENSIUM
2445 2078 3028 2142 METROPOLITA.-

448 2214 697 2275 Notitia.
3227 2223 3230 2226 ’
3524 2216 3651 2277 379

447 2318 528 2378 De
571 2321 918 2378 abscondita
963 2319 1304 2392 operatione
1358 2320 1417 2374 in
1473 2314 1706 2376 Christo
1759 2325 1816 2375 et
1869 2317 2137 2392 profectu
2185 2321 2245 2376 in
2301 2321 2424 2377 vita
2471 2321 2818 2394 monastica,
2859 2336 2930 2379 ex
2975 2320 3282 2403 Φιλοκαλιᾳ
3321 2325 3428 2379 τῶν

525 2423 678 2504 ἱερῶν
705 2425 991 2494 νηπτικῶν.
3523 2425 3642 2488 381

444 2527 752 2589 Canticum
795 2532 1268 2603 compunctionis
1295 2547 1365 2590 ex
1395 2533 1771 2590 meditatione
1798 2532 1999 2589 aeterni
2024 2531 2262 2606 judicii.
3524 2531 3650 2593 403

1551 2684 1934 2748 GEORGIUS
1976 2684 2514 2747 PACHYMERES.

441 2816 667 2880 Notitia
718 2833 796 2878 ea:
844 2818 1040 2880 Leone
1080 2817 1306 2881 Allatio
1355 2817 1445 2880 De
1488 2817 1782 2898 Georgiis.
1848 2819 2066 2880 Insunt
2121 2825 2486 2898 argumenta
2546 2818 3058 2882 declamationum
3098 2838 3268 2899 quas,
3333 2838 3434 2882 so-
3485 2863 3497 2872 -

513 2922 863 3002 phistarum
906 2940 1092 3000 more,
1126 2923 1447 2986 exercendi
1475 2924 1708 3003 ingenii
1736 2924 1938 3004 gratia
1966 2925 2298 3003 composuit
2328 2924 2729 3003 Pachymera.
3524 2927 3644 2987 407

441 3029 669 3088 Notitia
711 3029 908 3090 altera
950 3044 1026 3090 ea:
1069 3029 1307 3092 Fabric.
1340 3029 1573 3104 Harles,
1612 3034 1757 3091 tom.
1801 3029 1928 3091 VII.
3047 3104 3052 3109 _
3519 3031 3636 3092 421

441 3133 608 3193 Petri
638 3133 894 3208 Possini,
936 3132 1066 3196 Soc.
1110 3134 1270 3208 Jesu,
1306 3132 1614 3196 Dedicatio
1652 3133 1732 3194 ad
1779 3129 2089 3196 Urbanum
2129 3132 2265 3195 VIII
2297 3151 2601 3195 summum
2640 3133 3019 3212 Pontiﬁcem,
3062 3136 3130 3195 in
3168 3151 3433 3212 persona

525 3236 767 3318 Georgii
809 3240 1224 3318 Pachymerw.
3525 3240 3652 3302 435

442 3343 660 3404 Petrus
705 3345 988 3406 Possinus
1031 3345 1289 3408 Lectori.
2583 3365 2588 3369 ·
3525 3346 3647 3408 43Ἱ

441 3446 674 3524 Georgii
703 3449 1081 3527 Pachymerae
1123 3450 1381 3513 MICHAEL
1414 3452 1806 3514 PALEEOLOGUS
1843 3455 1968 3514 sive
2009 3450 2270 3514 Historia
2301 3469 2502 3514 rerum
2537 3469 2572 3512 θ.
2601 3450 2887 3514 Michaele
2925 3451 3252 3527 Palmologo
3291 3463 3428 3513 ante

520 3559 830 3631 imperium
862 3567 918 3618 et
949 3559 1007 3616 in
1039 3560 1286 3634 imperio
1315 3569 1637 3635 gestarum.
3525 3559 3649 3620 443

440 3661 610 3723 Petri
650 3663 890 3724 Possini
916 3662 995 3724 ad
1022 3664 1350 3725 Historiam
1389 3681 1593 3725 rerum
1623 3664 1934 3727 Michaelis
1965 3663 2292 3744 Palwologi
2323 3664 2802 3727 Observationes.
3515 3663 3642 3725 993

437 3765 760 3846 Appendix
787 3768 867 3830 ad
895 3769 1062 3830 Petri
1090 3769 1328 3831 Possini
1355 3769 1818 3832 observationes.
1851 3804 1933 3815 —
1970 3770 2291 3850 Specimen
2318 3768 2650 3850 Sapientiae
2684 3769 2977 3832 Indorum
3009 3773 3296 3831 veteran.
3464 3769 3618 3828 ΗΠ
