4154 6304
426 294 488 349 ﬂ
1620 290 1991 344 EPHREMII
2027 290 2596 353 CHRONOGRAPHI
3748 300 3816 354 12

424 418 759 479 varietates
785 416 918 494 ipse
949 413 1305 474 exscribens
1334 411 1627 472 effecerit.
1662 414 1949 475 Profecto
1980 434 2122 476 cum
2152 416 2373 477 folium
2406 420 2843 481 tantummodo
2876 421 3148 499 primum
3180 441 3219 483 a
3261 422 3474 483 codice
3513 422 3696 493 absit,
3748 423 3815 482 in

419 536 546 596 quo
568 533 797 577 nomen
818 512 1091 574 auctoris
1120 530 1251 572 esse
1275 510 1701 583 debuit,valde
1731 512 2012 590 suspicor
2043 520 2183 593 post
2212 514 2428 576 Allatii
2457 523 2707 578 aetatem
2732 519 2795 577 id
2825 518 3155 592 excidisse,
3186 539 3330 580 cum
3360 520 3557 581 codex
3587 521 3699 580 Pio
3733 522 3813 581 VI

422 620 729 691 regnante
760 611 939 689 cujus
969 627 1133 669 nunc
1162 615 1496 670 stemmata
1528 609 1707 686 gerit,
1740 628 1777 669 a
1805 609 2166 690 bibliopego
2199 620 2565 693 compactus
2594 616 2731 675 fuit.
2768 619 2846 676 Et
2885 635 3035 677 sane
3086 617 3241 677 mihi
3286 622 3565 689 narrant,
3617 616 3818 677 multa

423 708 789 788 hujusmodi
821 708 1053 768 damna
1081 706 1159 765 ab
1191 724 1523 783 operarum
1556 706 1804 766 inscitia
1833 709 2149 768 Vaticanis
2179 710 2521 784 codicibus,
2555 713 2901 789 praesertim
2935 715 3189 792 Graecis,
3222 716 3543 774 accidisse.
3578 713 3699 774 Sed
3739 714 3817 772 de

424 807 635 867 codice
666 806 989 866 hactenus.
1024 805 1163 865 Jam
1196 820 1337 861 cum
1371 820 1573 879 neque
1603 803 1891 875 Allatius,
1928 811 1997 864 ut
2026 805 2176 879 dixi,
2224 825 2427 886 neque
2476 808 2584 867 alii
2633 810 2879 881 eruditi,
2927 811 3273 889 quidquam
3331 811 3408 871 de
3459 808 3817 889 Ephrasmio

422 902 905 980 chronographo
936 919 1191 960 narrare
1222 901 1586 970 videantur;
1624 899 1777 958 mihi
1807 900 2060 977 quidem
2092 902 2169 961 de
2198 903 2329 963 viro
2371 903 2490 964 hoc
2520 907 2827 982 quaerenti
2856 909 3231 967 occurrabat
3258 907 3652 985 Ephraemius
3682 905 3813 966 ille,

427 1019 613 1079 quem
633 1000 905 1085 {oannes
927 1001 1041 1059 XII
1074 996 1433 1076 patriarcha
1461 997 2210 1077 Constantinopolitanus,
2245 1006 2390 1061 ante
2420 1019 2663 1061 sacram
2684 1021 2862 1062 suam
2892 1003 3284 1081 dignitatem,
3318 1004 3614 1081 legitimis
3647 1022 3810 1080 nup-

424 1098 525 1158 tiis
556 1097 811 1174 genuit;
848 1097 924 1155 de
953 1113 1078 1172 quo
1110 1094 1476 1153 nominatim
1512 1093 1870 1172 Ephreemio
1899 1094 2092 1155 verba
2122 1095 2270 1155 facit
2304 1097 2718 1176 Pachymeres
2757 1100 2821 1158 in
2868 1100 3150 1177 praedicti
3200 1100 3573 1179 patriarchae
3592 1100 3813 1159 notitia

423 1199 469 1252 t.
505 1194 577 1267 II,
612 1193 720 1252 lib.
756 1209 836 1266 1v,
862 1192 1011 1252 dum
1044 1189 1150 1259 ait,
1185 1189 1513 1267 episcopos
1544 1189 1705 1249 inter
1729 1195 1986 1251 caeteras
2001 1191 2466 1253 criminationes
2489 1195 2915 1272 patriarcham
2931 1196 3614 1274 reprehendisse,quod
3642 1197 3811 1257 bona

421 1290 699 1350 ecclesiae
731 1287 1093 1367 Ephrzemio
1123 1287 1251 1347 ﬁlio
1278 1304 1390 1345 suo
1420 1286 1841 1363 dispensanda
1872 1288 2402 1366 relinqueret,non
2435 1291 2775 1352 constituto
2805 1299 2993 1370 prout
3020 1293 3189 1371 leges
3210 1292 3519 1371 jubebant
3558 1311 3812 1353 oecono-

422 1405 549 1448 mo.
584 1392 830 1464 Reapse
860 1391 922 1445 et
953 1392 1165 1444 noster
1203 1384 1726 1461 chronographus
1779 1384 1842 1443 in
1901 1385 2401 1462 patriarcharum
2444 1388 2734 1466 catalogo
2786 1396 3093 1450 memorat
3144 1390 3493 1450 masculum
3550 1390 3812 1451 Joannis

420 1485 527 1543 XII
558 1483 781 1559 filium,
815 1482 921 1541 sed
954 1482 1030 1541 de
1060 1481 1280 1560 seipso
1310 1480 1477 1540 haud
1514 1480 1740 1540 diserte
1770 1481 1940 1558 loqui
1971 1482 2304 1559 signiﬁcat.
2339 1487 2413 1544 Et
2449 1488 2657 1544 tamen
2691 1490 2842 1545 aetas
2872 1487 3154 1564 apprime
3177 1486 3506 1563 congruit:
3534 1504 3810 1564 namque

418 1579 521 1640 hic
548 1582 777 1642 Joanes
806 1577 1303 1658 patriarchatum
1338 1577 1593 1636 retinuit
1623 1596 1818 1654 usque
1842 1577 1921 1636 ad
1950 1579 2179 1639 Christi
2208 1598 2443 1640 annum
2486 1581 2667 1653 1304;
2704 1588 2916 1642 noster
2946 1589 3155 1643 autem
3187 1583 3579 1661 Ephraamius
3621 1583 3807 1643 chro-

416 1678 600 1738 nicon
617 1696 797 1737 suum
821 1694 986 1736 anno
1003 1676 1154 1735 1313
1167 1674 1508 1736 concludit.
1522 1675 1553 1735 J
1561 1693 1660 1734 am
1673 1692 1789 1751 ego
1804 1675 2004 1734 fontes
2016 1674 2426 1753 Ephraamicas
2440 1677 2867 1756 chronologiaa
2883 1680 3182 1758 comperi,
3202 1683 3509 1740 Zonaram
3553 1680 3804 1758 quidem

416 1793 614 1854 usque
629 1775 707 1835 ad
722 1774 929 1835 Alexii
944 1777 968 1833 Ι
984 1773 1531 1833 Comneniobitum
1560 1790 1574 1843 ;
1609 1772 1895 1831 Nicetam
1914 1772 2286 1834 Choniatam
2310 1794 2508 1853 usque
2529 1777 2609 1835 ad
2631 1776 3008 1837 Balduinum
3024 1781 3045 1839 l
3059 1824 3071 1852 ,
3087 1778 3569 1857 imperatorem;
3580 1779 3805 1838 deinde

414 1890 565 1933 vero
594 1873 933 1950 Georgium
965 1871 1417 1949 Acropolitam.
1453 1871 1583 1946 Age
1614 1888 1759 1929 vero
1793 1869 1961 1946 quod
1988 1869 2383 1947 Ephraemius
2412 1872 2740 1934 historiam
2790 1876 3038 1952 poetico
3088 1880 3289 1935 metro
3337 1875 3798 1952 conscripserit,

414 1987 598 2028 nemo
632 1986 1013 2046 magnopere
1042 1969 1381 2039 irascatur;
1416 1966 1618 2044 primo
1652 1965 1800 2044 quia
1826 1982 2078 2025 carmen
2106 1967 2444 2028 iambicum
2474 1970 2851 2031 narrationis
2907 1971 3337 2049 perspicuitati
3390 1971 3799 2051 peridoneum

408 2070 526 2143 est,
561 2070 622 2125 et
654 2065 1020 2123 memoriam
1054 2061 1393 2139 legentium
1426 2060 1711 2139 apprime
1732 2060 1952 2139 juvat;
1988 2063 2213 2124 deinde
2243 2067 2392 2143 quia
2440 2067 2679 2128 Pisidas
2736 2069 2950 2141 etiam,
2975 2069 3421 2129 Constantinus
3460 2070 3798 2145 Manasses,

410 2168 600 2240 atque
633 2164 881 2221 Tzetzes
910 2162 1167 2239 impune
1198 2178 1341 2218 suas
1370 2158 1665 2218 historias
1694 2158 1976 2218 versibus
2006 2168 2531 2240 composuerunt;
2566 2165 2673 2241 qui
2722 2165 2920 2226 nihilo
2972 2165 3176 2225 minus
3217 2174 3527 2235 auctores,
3578 2166 3800 2243 praeci-

406 2277 653 2338 pueque
683 2262 951 2332 'l‘zetzes,
990 2274 1217 2332 magno
1251 2255 1388 2314 usui
1410 2254 1579 2333 apud
1610 2254 1887 2314 eruditos
1918 2262 2084 2315 sunt.
2120 2260 2327 2335 Atque
2357 2276 2471 2337 ego
2500 2261 2839 2339 Ephraemii
2861 2262 3114 2339 quidem
3148 2263 3508 2332 Historiam,
3547 2267 3803 2341 propter

407 2374 586 2417 suam
617 2356 908 2417 eximiam
942 2354 1274 2414 utilitatem
1309 2352 1388 2413 ad
1415 2353 1699 2412 Latinam
1726 2353 2264 2427 consuetudinem,
2296 2356 2500 2416 soluta
2533 2364 2743 2417 tamen
2775 2358 3080 2434 oratione,
3116 2359 3444 2418 transtuli:
3477 2359 3587 2418 etsi
3637 2359 3802 2417 enim

408 2455 559 2515 olim
590 2454 900 2533 poeticam
932 2470 1057 2512 non
1088 2450 1362 2529 neglexi,
1394 2469 1558 2511 nunc
1588 2457 1798 2511 tamen
1828 2451 2303 2529 pangendorum
2331 2471 2625 2515 versuum
2659 2455 2800 2533 plus
2830 2455 3045 2516 decem
3078 2456 3354 2517 millibus
3395 2457 3594 2516 otium
3647 2456 3803 2516 mihi

409 2552 826 2631 voluntasque
855 2549 1074 2611 defuit.

785 3002 2090 3174 ΕΦΡΑΙΜΙΟΥ
2215 2994 3440 3179 ΧΡΟΝΙΚΟΥ

1654 3322 2569 3453 ΚΑΙΣΑΡΕΣ.

627 3824 1865 3992 EPHB/EMII
2032 3823 3588 3994 CHRONOLOGI

1684 4135 2523 4260 CzZESARES.

2849 4577 3101 4648 mm

931 4686 1139 4744 CAIUS
1185 4684 1399 4740 ANNIS
1440 4683 1531 4738 IV.

2725 4683 2932 4739 ΓΑΙΟΣ
2975 4683 3114 4739 ΕΤΗ
3155 4683 3226 4738 A'.

2332 4805 2463 4859 Εἶτα
2494 4805 2725 4881 κατὲσχὲ
2755 4806 2818 4860 τὸ
2847 4806 3045 4879 κράτος
3071 4810 3180 4862 τῶν
3212 4804 3495 4882 Αὐσόνων,

2332 4894 2489 4955 Γαὶος
2522 4892 2841 4968 Ἐπίκουρος
2942 4894 3113 4949 Σατὰν
3142 4895 3367 4966 τρόπον,

2334 4981 2491 5055 Ὑπὲρ
2526 4981 2682 5059 φύσιν
2716 4981 2960 5056 βρότειον
2990 4982 3148 5038 αὐτὸν
3178 4986 3475 5059 σεμνύνων,

2330 5071 2397 5126 Ἦ
2424 5070 2512 5124 καὶ
2545 5075 2814 5145 θεουργῶν
2848 5072 2881 5140 ἡ
2914 5073 3280 5134 κατπάτυστος
3306 5075 3459 5150 φύσις

2259 5163 2288 5211 5
2332 5159 2497 5233 Ἀνὴρ
2532 5158 2791 5233 ἀσελγὴς,
2827 5160 3091 5237 ἀποφρὰς,
3129 5162 3439 5239 μιοιιςερὸνος⁸

2330 5248 2443 5324 Ἐφ’
2474 5248 2534 5301 οὗ
2567 5248 2834 5324 Στέφανος
2862 5254 3342 5326 πρωτομαρτῦρων
3372 5250 3531 5316 κλέος

409 4814 629 4869 Deinde
651 4813 1047 4868 Romanorum
1080 4807 1392 4878 imperium
1418 4806 1607 4860 tenuit

406 4905 602 4973 Caius,
633 4903 750 4956 vita
776 4900 1067 4972 Epicurus
1092 4896 1179 4951 vel
1214 4895 1410 4968 potius
1441 4895 1642 4962 Satan,

404 5008 585 5062 supra
613 4990 936 5045 humanam
962 4989 1232 5041 naturam
1264 4982 1547 5039 extollens
1580 4987 1766 5038 semet

402 5081 778 5150 divinumque
810 5078 1108 5144 affectans,
1140 5072 1467 5128 vilissimus
1511 5071 1794 5139 mortalis,

402 5168 759 5240 impudicus,
793 5166 1097 5230 scelestus,
1130 5158 1549 5231 sanguinarius
1584 5176 1597 5214 :

400 5259 510 5313 sub
542 5274 656 5329 quo
691 5257 881 5329 prima
910 5253 1244 5325 Stephanus
1274 5250 1457 5322 gloria
1488 5253 1812 5321 martyrum

470 5438 551 5506 (4)
581 5437 755 5514 Deest
802 5437 858 5490 in
910 5430 1415 5514 codice-primum
1448 5430 1674 5514 folium,
1712 5428 2040 5514 quod-Julii
2151 5426 2827 5514 minns‘qpipq-uaginta,
2855 5432 2920 5483 ut
2949 5429 3295 5514 paginarum
3350 5432 3497 5514 ra‘tio
3544 5436 3786 5514 demon-

402 5498 665 5575 Caésaris,
698 5507 961 5579 Augusti,
1010 5512 1067 5561 et
1121 5501 1340 5579 Tiberii
1398 5500 1666 5555 notitiam
1728 5498 2039 5579 continuit.
2149 5502 2317 5579 strat.
2350 5498 2528 5566 Nihil,
2550 5498 2747 5579 tamen
2778 5498 3143 5572 incognitum
3172 5501 3233 5557 in
3265 5502 3375 5560 hac
3407 5502 3619 5564 lacuna
3644 5508 3784 5564 ami-

400 5568 817 5637 Desiderantur
843 5568 1025 5649 igitur
1054 5591 1124 5633 ex
1148 5572 1417 5630 universo
1445 5588 1614 5643 opere
1643 5587 1847 5630 versus
1867 5571 2042 5644 paulo
2145 5568 2296 5625 sisse
2328 5585 2433 5625 nos
2462 5574 2624 5642 puto.
