4154 6304
407 373 476 427 15
1605 366 1980 423 ΕΡΗΒΕΜΠ
2014 366 2047 421 ε

1605 366 1980 423 ΕΡΗΒΕΜῙΙ
2014 364 2591 423 CHRONOGRAPHI

405 496 524 551 Sub
558 513 623 551 eo
656 496 895 567 quidam
926 495 1138 568 reperit
1166 512 1376 551 aurum
1405 494 1751 565 plurimum,

405 586 669 656 amplum
705 601 914 657 nempe
945 586 1286 641 thesaurum
1318 583 1485 638 humi
1517 583 1817 647 obrutum,

408 685 583 740 quem
616 672 688 725 ad
720 672 1033 726 arbitrium
1065 671 1306 726 Caesaris
1338 670 1617 725 elfossum
1649 666 1869 723 retulit.

410 758 513 814 Hic
545 764 739 814 autem
772 764 829 814 et
858 760 1109 814 retinere
1137 760 1292 815 hunc
1312 758 1499 829 jussit
1528 758 1848 828 eodemque
1874 754 1976 809 uti.

414 851 675 919 Cumque
706 848 802 903 ille
834 848 1116 918 majorem
1144 847 1366 919 privato
1398 863 1515 901 rem
1550 862 1677 901 esse
1709 845 1945 912 diceret,

414 936 499 991 'l‘u
529 953 684 1007 vero,
715 937 911 1008 inquit
939 936 1143 1005 Nerva,
1174 936 1410 991 inventa
1441 950 1502 989 re
1532 933 1621 989 vel
1653 933 1927 989 abutitor.

841 1050 1216 1107 TRAJANUS
1267 1055 1384 1105 AN.
1424 1048 1622 1105 XVIII.

419 1158 524 1213 Ubi
556 1158 871 1230 imperium
900 1159 1084 1214 Nerva
1113 1174 1248 1213 cum
1279 1158 1396 1212 vita
1424 1155 1756 1227 dereliquit,

414 1247 723 1317 Trajanus,
756 1247 934 1318 hujus
963 1247 1271 1316 adoptione
1301 1246 1481 1311 filius,

419 1339 816 1391 Romanorum
843 1340 1139 1407 sceptrum
1172 1335 1496 1405 occupavit,

418 1424 678 1479 victoriis
706 1424 793 1478 vir
823 1424 1118 1494 rebusque
1146 1423 1329 1495 gestis
1362 1421 1636 1492 inclytus.

420 1512 475 1569 Is
504 1518 701 1568 tamen
733 1512 861 1583 pios
893 1511 1261 1582 aliquantum
1295 1518 1635 1582 persecutus
1665 1510 1755 1564 est
1783 1524 1795 1562 :

416 1618 530 1672 quo
560 1606 823 1671 tempore
855 1601 1145 1656 contritus
1173 1599 1493 1654 bestiarum
1522 1598 1798 1653 dentibus

419 1688 613 1760 Theop
643 1688 824 1743 horus
855 1687 1116 1759 lgnatius
1142 1688 1200 1741 in
1235 1688 1374 1741 urbe
1406 1686 1590 1742 Roma
1618 1685 1729 1739 fuit
1760 1698 1775 1739 :

417 1782 593 1847 atque
623 1775 722 1831 alii
754 1777 991 1847 insuper
1014 1773 1253 1846 plurimi
1284 1774 1463 1829 vitam
1498 1778 1784 1842 martyres

422 1864 636 1919 Christi
668 1880 847 1919 causa
876 1864 1150 1918 certando
1179 1867 1671 1918 consummarunt
1701 1879 1715 1917 :

422 1969 672 2024 quorum
703 1952 993 2007 intellecto
1026 1952 1316 2024 Trajanus
1350 1952 1610 2007 interitu.

424 2042 657 2112 negavit
685 2041 895 2110 dignos
926 2041 1108 2094 fuisse
1138 2039 1279 2094 talia
1306 2039 1446 2111 pati,

423 2144 489 2184 eo
521 2130 677 2199 quod
708 2128 1007 2183 Christum
1040 2127 1207 2183 unice
1235 2127 1417 2182 Deum
1450 2126 1726 2197 colerent,

426 2223 483 2274 et
510 2234 581 2273 ne
611 2217 925 2272 Christiani
957 2221 1306 2272 verterentur
1336 2217 1539 2271 vetuit.

430 2307 589 2361 Idem
621 2322 754 2360 cum
782 2306 1047 2375 praefecto
1079 2300 1341 2376 gladium
1374 2306 1647 2374 traderet,

433 2394 651 2449 dixisse
681 2394 864 2449 fertur
898 2410 910 2447 :
951 2397 1116 2447 Hunc
1147 2410 1309 2464 cape,
1342 2394 1548 2463 amice,
1582 2409 1778 2448 manu.

431 2487 489 2538 et
516 2481 566 2537 si
596 2481 831 2551 quidem
862 2479 1277 2552 rempublicam
1314 2481 1459 2537 bene
1489 2496 1744 2552 gessero,

430 2587 535 2641 pro
567 2585 697 2625 mea
722 2568 911 2625 salute
940 2569 1049 2624 hoc
1078 2568 1186 2624 tibi
1218 2570 1501 2624 utendum
1531 2574 1620 2625 est
1646 2587 1659 2637 ;

430 2659 523 2714 sin
554 2657 705 2713 male
734 2659 1112 2728 imperavero,
1145 2656 1255 2711 hoc
1282 2673 1374 2712 me
1403 2656 1720 2712 confodito.

871 2770 1279 2827 HADRIANUS
1318 2770 1434 2827 AN.
1474 2773 1627 2827 XXI.

432 2880 567 2936 Post
594 2878 753 2933 hunc
781 2877 901 2932 vita
931 2877 1274 2932 defunctum
1307 2876 1365 2932 in
1398 2876 1666 2947 imperio,

431 2967 614 3023 [Elius
647 2966 973 3022 Hadrianus
1003 2965 1249 3021 bellator
1280 2965 1497 3020 nobilis

432 3057 597 3128 regni
628 3069 934 3110 successor
963 3053 1303 3125 designatus
1330 3053 1440 3108 fuit
1473 3070 1485 3107 :

431 3145 522 3201 vir
550 3146 756 3200 doctus
786 3159 852 3199 ac
883 3143 1229 3215 magniﬁcus
1260 3158 1705 3214 usquequaque,

434 3235 532 3306 qui
563 3234 739 3289 etiam
769 3234 953 3288 vetuit
985 3234 1055 3287 de
1082 3232 1431 3288 Christianis
1462 3249 1664 3304 poenas
1694 3232 1870 3289 sumi.

438 3323 584 3378 Huic
616 3322 931 3393 aliquando
962 3320 1249 3391 equitanti
1280 3320 1340 3376 in
1371 3322 1462 3377 via

438 3428 639 3484 preces
670 3409 878 3465 mulier
905 3408 1172 3479 quaedam
1204 3408 1463 3463 efﬂictim
1495 3410 1706 3464 obtulit
1739 3426 1752 3463 :

438 3501 490 3555 is
516 3503 708 3554 autem
740 3495 970 3568 negavit
998 3500 1263 3552 orantem
1295 3514 1356 3552 se
1388 3513 1557 3568 posse
1588 3497 1808 3553 audire.

436 3588 585 3644 Tum
616 3587 737 3655 illa,
769 3588 849 3641 Ne
880 3602 1083 3655 regnes
1114 3586 1311 3655 igitur,
1339 3586 1637 3657 respondit
1666 3602 1680 3640 :

437 3693 619 3749 quare
649 3677 700 3731 is
727 3691 1038 3731 conversus
1072 3674 1297 3728 feminae
1321 3675 1425 3745 jus
1457 3675 1726 3731 reddidit.

434 3767 595 3822 ldem
626 3766 685 3820 in
719 3762 1025 3820 Palaestina
1054 3763 1256 3817 urbem
1293 3763 1525 3832 struxit,

434 3855 533 3909 ubi
564 3854 698 3909 Sion
731 3851 997 3907 funditus
1028 3866 1229 3905 eversa
1260 3851 1469 3919 fuerat,

433 3957 676 4013 eamque
707 3938 1020 4012 appellavit
1049 3938 1432 4010 Capitolinam
1462 3939 1693 3995 /Eliam.

432 4030 743 4102 Templum
774 4044 1007 4100 quoque
1038 4028 1307 4082 excitavit
1336 4028 1607 4083 Saturnio
1637 4027 1787 4095 Jovi,

431 4121 531 4175 ubi
562 4119 698 4175 olim
732 4117 1006 4172 Solomon
1038 4132 1213 4171 suum
1246 4116 1608 4173 condiderat.

428 4212 564 4275 Quas
595 4224 687 4264 res
718 4205 1106 4261 intolerabilis
1134 4205 1389 4259 Judaicaz
1419 4207 1580 4277 genti
1614 4205 1725 4260 fuit
1755 4221 1768 4260 :

429 4314 610 4371 quare
641 4299 837 4352 coacto
868 4297 1227 4349 armatorum
1260 4309 1527 4361 numero,

426 4392 757 4443 Romanum
789 4382 1207 4454 aggrediuntur
1238 4382 1574 4452 praesidium
1602 4380 1734 4453 loci,

429 4476 812 4547 ejusdemque
836 4472 1133 4543 ingentem
1163 4474 1412 4540 stragem
1446 4471 1648 4525 edunt.

431 4566 593 4630 Quod
625 4562 725 4619 ubi
755 4566 943 4615 Caesar
973 4558 1150 4624 novit,
1184 4559 1470 4630 conjurati
1497 4560 1784 4615 exercitus

430 4655 804 4711 Hebraeorum
839 4648 1071 4720 penitus
1097 4648 1347 4703 succidit
1376 4649 1529 4703 vires
1563 4664 1575 4703 :

424 4744 707 4800 nimirum
740 4740 791 4795 is
822 4738 1144 4809 quingenta
1174 4740 1231 4791 et
1262 4737 1552 4808 octoginta

422 4833 733 4889 hominum
760 4825 945 4882 millia
971 4824 1128 4879 letho
1160 4825 1342 4879 dedit.

423 4920 608 4990 Pagos
638 4915 814 4975 etiam
845 4911 1034 4983 gentis
1065 4910 1354 4967 subvertit
1386 4910 1547 4968 mille

422 5024 554 5062 cum
587 5001 1012 5077 quinquaginta
1037 4998 1271 5054 arcibus
1302 4999 1617 5057 nobilibus.

422 5096 597 5151 Porro
628 5091 865 5163 quidam
897 5089 968 5143 ab
995 5104 1060 5143 eo
1093 5087 1218 5143 neci
1251 5088 1545 5158 addictus,

421 5185 595 5240 thure
619 5183 676 5235 in
707 5180 903 5252 ignem
937 5176 1197 5245 conjecto
1229 5180 1479 5231 testatus
1505 5181 1614 5245 est,

419 5292 483 5332 se
515 5273 749 5346 quidem
779 5269 1181 5323 immerentem
1216 5266 1286 5320 ad
1315 5276 1558 5322 mortem
1591 5268 1745 5341 adigi
1773 5289 1787 5339 ;

416 5360 726 5434 imprecari
757 5361 953 5413 autem
986 5353 1276 5409 Hadriano
1308 5371 1379 5409 ne
1409 5371 1542 5410 cum
1573 5356 1727 5412 volet

420 5452 590 5516 mori,
620 5447 737 5504 voti
768 5446 860 5502 sui
891 5459 1130 5515 compos
1158 5442 1258 5497 ﬁat
1292 5459 1305 5498 :

421 5540 577 5613 quod
606 5552 804 5593 revera
828 5533 1115 5591 Hadriano
1140 5530 1331 5587 evenit
1361 5530 1421 5587 in
1449 5531 1579 5589 vita:
1612 5532 1881 5605 termino,

2074 498 2128 564 Α

2334 490 2447 566 Ἐφ’
2478 490 2538 543 οὗ
2560 510 2643 553 τις
2668 492 2742 564 (2)
2774 490 3048 564 ἀμύθητον
3079 493 3198 570 εὗρε
3227 496 3453 573 χρυσίον

2330 579 2609 653 Θησαυρὸν
2643 576 2807 653 ἀϐρὸν
2843 580 3417 659 ἐγκατακεχωσμένον,

2122 680 2125 683 ’
2222 669 2295 723 60
2332 669 2425 720 "Ov
2460 666 2791 741 ἐκκαλύψας,
2822 672 3083 745 κράτορος
3124 672 3265 745 μένει
3297 674 3495 747 κρίσιν.

2088 1850 2138 1916 Β

2101 3200 2145 3268 C

2096 4561 2144 4626 D

2330 756 2390 812 Ὁ
2419 753 2463 808 δ’
2490 756 2554 809 αὗ
2583 763 2888 831 κεχρῆσθαι
2922 759 3113 831 μηνύει
3141 761 3229 816 καί
3262 764 3532 839 κατέχειν·

2332 842 2486 899 Ἀλλ’
2520 844 2652 919 ὑπὲρ
2683 844 2840 900 αὐτὸν
2874 849 3089 921 εὑρεθὲν
3120 849 3309 925 φάσκει
3339 853 3549 926 πέλειν,

2332 931 2403 987 Ἠ
2436 928 2480 984 δ’
2511 931 2594 1002 ὃς,
2628 934 3025 1009 Κατακέχρησο
3054 942 3171 999 τοῖς
3205 939 3555 1014 εὑρημένοις.

2635 1048 2993 1106 ΤΡΑΙΔΝΟΣ
3036 1054 3145 1109 ET.
3200 1055 3305 1109 ΗΓ.

2334 1150 2547 1207 Τούτου
2581 1151 2839 1216 λιπόντος
2873 1155 2964 1209 σὺν
2998 1159 3305 1232 κραταρχίᾳ
3339 1158 3477 1232 βίον,

2227 1240 2297 1293 65
2335 1240 2602 1313 Τραϊανός
2633 1262 2715 1304 τις
2747 1249 2873 1305 παῖς
2904 1246 3057 1307 θετὸς
3096 1248 3293 1301 τούτου
3324 1248 3518 1326 στέφος

2336 1328 2439 1382 Καὶ
2472 1335 2717 1405 σκῆπερα
2745 1330 3053 1410 παρείληφε
3072 1336 3139 1388 τά
3165 1340 3273 1390 τῶν
3307 1336 3585 1394 Αὐσόνων·

2335 1414 2477 1489 Εύρὺ
2508 1416 2669 1479 κλέος
2696 1419 2843 1491 σχὼν
2878 1419 2929 1474 ἐν
2962 1420 3129 1483 νίκαις
3159 1424 3250 1477 καὶ
3279 1426 3586 1497 πρακτέοις·

2336 1502 2399 1557 Εἰ
2430 1503 2519 1559 καὶ
2551 1501 2762 1561 διώκων
2799 1503 3031 1570 εὐσεϐεῖς
3060 1510 3125 1578 ἧν
3164 1514 3422 1587 μετρίως,

2340 1593 2467 1645 Καθ’
2494 1592 2551 1647 ὃν
2576 1597 2775 1667 χρόνον
2812 1592 3057 1671 βέϐρωτο
3087 1599 3292 1675 θηρίων
3321 1603 3539 1676 γνάθοις

2232 1680 2303 1733 70
2339 1680 2399 1736 Ὁ
2425 1676 2684 1757 θεοφόρος
2719 1683 2981 1757 Ἰγνάτιος
3011 1685 3062 1740 έν
3093 1686 3304 1762 Ῥώμῃ,

2340 1766 2543 1822 ’Ἄλλοι
2574 1790 2631 1824 τε
2659 1770 2910 1827 πλεῖστοι
2945 1780 3291 1850 μαρτυρικῶς
3319 1778 3410 1831 τὸν
3447 1779 3565 1854 βίον

2336 1857 2579 1930 ,Χριστοῦ
2610 1862 2773 1933 χάριν
2802 1862 3002 1931 ἤνυσαν
3030 1864 3417 1937 ἠγωνισμένοι·

2342 1945 2561 2000 Τούτων
2597 1948 2837 2019 μαθόντα
2863 1950 2954 2004 τὸν
2985 1956 3282 2026 κρατοῦντα
3308 1954 3402 2009 τὸν
3439 1956 3627 2032 φόνον.

2344 2033 2432 2095 Ὠς
2462 2033 2527 2087 ού
2558 2042 2801 2111 πονηρᾶς
2830 2037 3007 2099 αἰτίας
3038 2041 3266 2115 πάσχειν
3292 2040 3423 2096 τάδε

2237 2121 2308 2175 75
2347 2122 2443 2183 Οἷς
2474 2120 2531 2175 δὲ
2559 2123 2791 2195 Χριστὸν
2825 2121 3069 2181 σέϐουσιν
3098 2128 3172 2190 ὡς
3199 2128 3326 2184 Θεὸν
3363 2131 3547 2202 μόνον,

2348 2210 2441 2277 Μὴ
2476 2205 2584 2263 δεῖν
2616 2209 2871 2281 κολάζειν
2900 2215 3139 2268 θεσπίσαι
3171 2218 3615 2291 Χριστωνύμους.

2345 2297 2548 2352 Τοῦτόν
2577 2300 2629 2373 γ’
2660 2299 2885 2375 ἐπάρχῳ
2914 2302 3230 2378 χειρίσαντα
3255 2308 3318 2361 τὸ
3350 2306 3527 2382 ξίφος,

2346 2382 2531 2456 Δέδεξο
2561 2388 2715 2443 τουτὶ
2746 2396 2862 2444 ταῖν
2898 2398 3107 2465 χεροῖν,
3138 2398 3328 2449 τοῦτον
3357 2396 3544 2473 φάναι,

2348 2471 2452 2527 Κᾶν
2488 2476 2583 2547 μὶν
2610 2474 2793 2539 καλῶς
2818 2476 2861 2531 ὦ
2893 2475 3091 2535 διέπων
3123 2481 3189 2536 τά
3217 2487 3312 2537 τοῦ
3343 2471 3597 2558 κράτους,

2242 2564 2312 2617 80
2348 2563 2505 2634 Ὑπὲρ
2535 2565 2584 2637 γ’
2615 2564 2849 2637 ἐμαυτοῦ
2877 2565 3018 2638 τῷδε
3046 2572 3336 2645 χρηστέον.
3362 2571 3505 2648 φίλε·

2351 2651 2413 2707 Εἰ
2446 2650 2494 2705 δ’
2524 2649 2589 2706 αὖ
2620 2673 2683 2727 γε
2710 2658 2909 2727 κακῶς,
2939 2658 3055 2710 κατ’
3087 2656 3321 2730 ἐμαυτοῦ
3352 2656 3597 2737 καρδίας.

2668 2772 3013 2828 ΑΔΡΙΑΝΟΣ
3054 2774 3165 2829 ΕΤ.
3206 2776 3317 2831 ΚΑ¹

2346 2871 2547 2927 Τούτου
2579 2870 2637 2929 δὲ
2670 2875 2789 2949 βίον
2817 2877 2908 2930 καὶ
2938 2878 3133 2950 κράτος
3176 2877 3528 2953 λελοιπότος,

2346 2958 2629 3035 Ἀδριανὸς
2657 2960 2853 3025 Αἴλιος
2882 2963 3129 3036 ἀριστεὺς
3162 2965 3327 3041 μέγας

2351 3046 2623 3123 Διάδοχος
2655 3047 2894 3106 δέδεικτο
2923 3058 3025 3121 τῆς
3060 3054 3387 3129 μοναρχίας·

2250 3139 2320 3192 85
2357 3138 2650 3210 Ἑρμαϊκός
2667 3159 2726 3194 τε
2753 3139 2839 3193 καὶ
2875 3139 3233 3220 μεγαλόφρων
3266 3143 3441 3216 ὅλοις,

2358 3226 2452 3294 Μὴ
2486 3224 2594 3281 δεῖν
2625 3224 2874 3297 κολάζειν
2905 3230 3158 3293 θεσπίσας
3181 3233 3620 3307 Χριστωνύμους·

2356 3314 2558 3369 Τούτου
2592 3312 2637 3369 δ’
2664 3316 2989 3380 ἱππεύοντός
3018 3321 3144 3376 ποτ’
3174 3319 3225 3375 έν
3256 3320 3522 3399 λεωφόρῳ

2357 3401 2560 3459 Ἐδεῖτο
2592 3407 2728 3478 γυνή
2762 3404 3008 3481 λιπαρῶς
3037 3408 3341 3483 ἐγκειμένη·

2356 3492 2417 3549 Ὀ
2450 3488 2519 3561 δ’,
2550 3493 2626 3549 Οὐ
2657 3493 2938 3568 σχολάζω,
2970 3494 3091 3568 τῇδ’
3120 3495 3406 3574 ἐγκειμμνῃ
3440 3496 3606 3573 Λέγει·

2250 3584 2320 3639 90
2358 3580 2484 3652 Καὶ,
2516 3578 2673 3651 Μηδὲ
2702 3581 2975 3654 βασίλευε,
3008 3586 3143 3658 πρὸς
3173 3584 3316 3640 τόνδ’
3349 3587 3573 3664 ἀντέφη,

2355 3671 2418 3727 Ὁ
2448 3668 2505 3723 δὲ
2536 3672 2785 3746 στραφεὶς
2813 3672 3114 3747 προσέσχεν
3146 3673 3313 3743 αὐτῆς
3335 3678 3404 3748 τῇ
3440 3673 3587 3749 δίκῃ·

2357 3759 2526 3819 Οὗτος
2556 3758 2770 3827 πολίζει
2802 3760 2938 3833 πρὸς
2972 3760 3308 3836 Παλαιστὶνῃ
3340 3759 3497 3818 πόδιν

2355 3849 2532 3904 Ὅπου
2565 3848 2705 3902 Σιὼν
2741 3844 2923 3920 ἵδρυτο
2944 3850 3381 3923 κατεσκαμμένη,

2357 3935 2734 3991 Καπιτωλίναν
2766 3935 2994 4001 καλέσας
3020 3936 3171 4009 τήνδ’
3200 3939 3419 3996 Αἰλίαν·

2248 4028 2319 4082 95
2358 4025 2459 4082 Καὶ
2486 4026 2613 4080 ναὸν
2646 4025 2935 4102 ἆντήγειρε
2966 4029 3048 4081 Διὶ
3078 4032 3157 4099 τῷ
3190 4028 3422 4101 Κρόνου,

2353 4112 2429 4170 Οῦ
2458 4114 2582 4189 πρὶν
2617 4111 2887 4185 Σολομὼν
2912 4113 3003 4168 τὸν
3036 4115 3160 4168 ναὸν
3191 4116 3377 4185 τεύξας
3410 4115 3551 4191 ἔχει·

2352 4207 2510 4256 Τοῦτ’
2539 4202 2638 4255 οὺκ
2665 4201 2879 4255 ἀνεκτὸν
2906 4202 2973 4270 ἦν
3008 4200 3281 4257 Ἰουδαίων
3314 4203 3494 4281 φύλῳ·

2355 4288 2805 4364 Συσπειραθέντες
2833 4294 3124 4363 τοιγαροῦν
3158 4290 3522 4365 ὡπλισμένοι,

2351 4380 2563 4435 Ἐπίασι
2596 4377 2785 4455 φύλαξι
2818 4379 3112 4450 Ῥωμαίοις
3140 4378 3337 4451 τόπου,

2212 4471 2312 4527 100
2349 4467 2451 4525 Καὶ
2481 4471 2627 4542 σφῶν
2661 4486 2722 4540 γε
2750 4464 3040 4529 πλείστους
3071 4462 3293 4541 ἔδρασαν
3327 4463 3479 4543 ἔργον
3514 4469 3701 4547 φόνου·

2349 4559 2417 4613 "0
2444 4556 2602 4630 γνοὺς
2632 4557 2659 4609 ὁ
2689 4558 2924 4629 κρατῶν,
2952 4561 3204 4631 στρατιᾶς
3238 4556 3550 4633 ὁμαιχμίας

2343 4643 2547 4719 *Αρδην
2579 4639 2847 4719 Ἑϐραίων
2879 4642 3139 4717 έκθερίζει
3168 4646 3230 4699 τὸ
3261 4646 3471 4722 στίφος·

2344 4734 2520 4790 Ὁκτὼ
2554 4732 2648 4805 μὶν
2675 4729 2883 4807 ἀνδρῶν
2914 4730 3005 4786 καὶ
3035 4734 3369 4803 πεντήκοντα
3396 4734 3562 4790 πάλιν

2346 4822 2695 4895 Ποσουμένας
2728 4820 2857 4883 δοὺς
2891 4818 3158 4894 μυριάδας
3186 4822 3417 4895 θανάτῳ,

2206 4913 2309 4967 105
2346 4912 2550 4983 Κώμας
2580 4910 2921 4981 κατασκάψας
2954 4907 3011 4964 δὲ
3038 4909 3247 4964 τούτων
3279 4910 3491 4985 χιλίας,

2345 5000 2590 5074 Φρούρια
2618 5000 2953 5067 πεντήκοντα
2982 4996 3422 5071 τεθρυλλημένα.

2346 5086 2521 5151 Οὗτός
2548 5088 2669 5142 ποτ’
2695 5084 2888 5158 ἀνδρὸς
2915 5085 2982 5154 ἦν
3014 5086 3335 5160 κατακρίνας
3371 5087 3560 5161 μόρον·

2344 5176 2449 5233 Καὶ
2477 5177 2568 5231 τὸν
2600 5170 2842 5230 λαϐόντα
2872 5179 2978 5249 πῦρ
3010 5176 3287 5247 θυμιῶντα
3318 5175 3521 5252 λέγειν,

2344 5265 2483 5339 Ἐγὼ
2518 5266 2612 5337 μὲν
2642 5261 2793 5318 οὐδὲν
2827 5260 3027 5317 ἀδικῶν
3060 5264 3278 5335 θνήσκω
3313 5265 3421 5340 βίᾳ,

2205 5358 2307 5412 110
2345 5351 2622 5428 Ἀδριανὸν
2656 5350 2713 5406 δὲ
2739 5353 2828 5406 καὶ
2858 5355 3130 5415 ποθοῦντα
3156 5354 3401 5408 τεθνάναι

2346 5444 2440 5512 Μὴ
2470 5445 2566 5496 τοῦ
2594 5444 2711 5496 κατ’
2743 5442 2914 5515 εὐχὴν
2946 5439 3181 5515 εῧχομαι
3209 5446 3400 5516 τυχεῖν
3425 5440 3637 5506 τέλους·

2342 5532 2410 5589 '0
2439 5530 2529 5585 καὶ
2558 5534 2743 5595 παθεῖν
2780 5530 2832 5584 οἱ
2862 5524 3055 5598 συνέϐη
3087 5530 3222 5605 πρὸς
3252 5535 3331 5603 τῷ
3351 5529 3522 5601 τέλει,

488 5668 565 5743 (2)
598 5666 818 5738 Nempe
847 5662 1099 5720 Herodes
1130 5662 1379 5732 Atticus,
1413 5666 1477 5720 ut
1506 5664 1705 5719 narrat
1727 5661 1788 5717 in
1823 5660 1970 5717 Vitis
2000 5659 2409 5719 Philostratus.

3725 381 3795 435 16
