4154 6304
317 403 384 463 17
964 401 968 403 Α
1834 404 1957 460 CB:

964 401 968 403 Α
1834 403 2206 460 CESABBS.

490 523 655 599 Νόσῳ
684 524 925 600 χρονίως
959 522 1133 600 ὑδέρῳ
1160 527 1503 600 τετηγμένῳ.

499 612 646 669 Κάπί
676 613 893 689 Θρᾴκης
926 611 973 668 δ’
1002 613 1067 669 αὖ
1102 612 1362 691 Ὀδρυσοῦ
1391 617 1524 689 πρὸς
1554 616 1766 692 χωρίῳ.

336 704 459 778 ’115
498 702 715 774 Ἄλλην
747 702 966 773 πολίζει
995 706 1094 774 τὴν
1128 705 1426 779 ὁμώνυμον
1458 705 1638 762 ¹πόλιν.

544 811 962 867 ΑΝΤΩΝΙΝΟΣ
993 812 1073 882 (3)
1102 814 1145 869 0
1174 814 1293 868 ΚΑΙ
1324 814 1484 870 ΠΙοΣ
1518 815 1624 871 ET.
1658 815 1733 871 K'.

494 894 609 951 Εἶτ’
636 897 962 959 ’Δντωνῖνος
994 893 1237 967 Εὐσεϐὴς
1265 900 1624 973 κεκλημένος,

496 981 791 1045 Βέλτιστος
818 986 954 1058 ἀνὴρ
988 985 1184 1058 εὐαγής
1215 1007 1274 1041 τε
1303 987 1429 1049 τοὺς
1458 989 1710 1063 τρόπους,

499 1073 717 1127 Πάντων
748 1077 926 1145 τιμῶν
965 1075 1204 1145 μάλιστα
1232 1076 1358 1137 τοὺς
1390 1079 1827 1151 Χριστωνύμους,

496 1161 801 1234 Χειρίζεται
832 1160 1103 1217 κάλλιστα
1134 1166 1233 1232 τὴν
1262 1166 1593 1241 κραταρχίαν
1627 1186 1638 1197 ·

358 1248 459 1302 120
494 1249 682 1310 Ὅστις
713 1268 778 1322 γε
809 1248 993 1323 μάχης
1019 1248 1109 1303 καὶ
1146 1249 1261 1325 βίας
1293 1250 1644 1325 ἐγκειμένων,

498 1335 751 1408 Ἐπείπερ
786 1334 939 1391 οὐδὲν
973 1339 1218 1411 εὐπορῶν
1249 1340 1315 1407 ἦν
1345 1341 1674 1414 χρημάτων,

492 1425 584 1486 Εἷς
614 1426 816 1500 ἀγορὰν
847 1424 1125 1500 προῦθηκε
1152 1433 1271 1491 τοῖς
1302 1429 1603 1503 ᾑρημένοις

496 1512 674 1568 Πάντα
701 1514 768 1568 τὰ
796 1511 1026 1588 λαμπρᾶ
1053 1516 1145 1569 καὶ
1173 1516 1424 1595 τιμαλφῆ
1456 1523 1553 1573 τοῦ
1582 1520 1813 1593 κράτους
1840 1539 1853 1551 ·

499 1601 620 1675 Ἀφ’
648 1599 721 1655 ὧν
754 1602 949 1657 ἱκανῶν
979 1602 1287 1677 εὐπορήσας
1319 1606 1622 1680 χρημάτων

358 1688 466 1744 125
499 1687 598 1743 Καὶ
635 1695 978 1764 στρατιωτῶν
1011 1691 1224 1761 ἡλικὼς
1253 1693 1511 1756 πλείστας
1542 1693 1685 1761 ἴλας,

494 1777 699 1850 Μάχην
730 1784 990 1853 κατορθοῖ
1017 1781 1106 1833 καὶ
1141 1781 1305 1855 βαθὺν
1335 1786 1572 1837 πλοῦτον
1605 1783 1749 1861 φέρει
1781 1804 1794 1816 ·

489 1864 587 1919 Καὶ
618 1863 782 1920 πάλιν
815 1862 1053 1922 ἀπέλαϐε
1080 1868 1146 1923 τὰ
1174 1870 1547 1946 πεπραγμένα,

492 1953 852 2027 Δὶρουμένοις
885 1952 1012 2019 δοὺς
1037 1959 1136 2025 τήν
1166 1960 1337 2029 τιμὴν
1370 1958 1726 2031 ὠνουμένοις.

623 2060 916 2115 ΜΔΡΚΟΣ
955 2064 1361 2122 ANTONINO}:
1403 2067 1504 2122 ET.
1548 2069 1638 2135 1ζ’.

492 2147 596 2201 Καὶ
626 2146 790 2202 πάλιν
822 2146 995 2211 ἄλλος
1023 2152 1345 2216 Ἀντωνῖνός
1372 2174 1455 2216 τις
1489 2157 1708 2230 Μάρκος

356 2235 457 2289 130
496 2236 722 2309 Πρώτου
754 2238 906 2302 θετὸς
932 2244 1082 2311 παῖς,
1115 2241 1416 2321 φιλόσοφος
1443 2243 1569 2306 τοὺς
1600 2242 1822 2319 λόγους,

493 2325 734 2397 Τρόπους
767 2347 826 2381 τε
856 2329 1121 2401 χρηστὸς,
1155 2330 1385 2402 εὐμενὴς
1415 2333 1846 2407 Χριστωνύμοις.

500 2408 836 2485 Παραλαϐὼν
868 2414 1016 2469 ἴθυνε
1043 2418 1141 2485 τὴν
1172 2419 1501 2493 κραταρχίαν
1537 2440 1548 2451 ·

502 2497 618 2573 Ἐφ’
647 2497 709 2553 οὗ
741 2498 945 2576 φάλαγξ
975 2502 1208 2572 κέκλητο
1242 2504 1670 2581 Κεραυνοϐόλος,

499 2586 655 2647 Ἤτις
688 2586 910 2659 μερίδος
940 2588 1071 2645 οὐσα
1100 2597 1204 2647 τῶν
1234 2595 1637 2671 Χριστωνύμων

360 2672 462 2728 135
498 2678 680 2747 Καιρῷ
707 2676 895 2751 μάχης
925 2677 1120 2752 ηὔξατο
1149 2683 1360 2756 Χριστῷ
1392 2687 1657 2761 Δεσπότῃ,

496 2760 646 2835 Δίψει
680 2771 931 2840 στρατιᾶς
955 2766 1374 2843 κινδυνευούσης
1397 2773 1541 2844 τότε,

498 2850 844 2908 ’Δντιπάλων
875 2876 932 2910 τε
964 2853 1257 2933 Βαρϐάρων
1289 2860 1521 2926 έπιθέσει

495 2940 597 2996 Καὶ
629 2938 912 3028 δυσμενεῖς
944 2945 1040 3017 μὶν
1068 2952 1148 3019 τῷ
1175 2955 1419 3024 κεραυνῷ
1458 2951 1782 3028 συμφλέγει,

502 3023 763 3104 Ὅμόρων
796 3028 844 3085 δ’
877 3030 964 3086 ἐπὶ
998 3023 1305 3110 στράτευμα
1330 3023 1615 3104 πλουσίως
1645 3023 1746 3097 ὕει.

361 3115 466 3171 140
500 3115 836 3193 Ἑρμογένης
864 3121 912 3174 τ’
940 3118 1153 3194 ἤκμαζε
1180 3132 1280 3194 τῆς
1310 3127 1513 3201 τέχνης
1542 3126 1680 3204 ἴδρις
1713 3148 1727 3163 ο

501 3204 639 3293 Θυάς
666 3210 712 3260 τ’
736 3204 952 3271 ἐναθλεῖ
985 3211 1270 3287 μαρτύρων
1303 3219 1548 3290 Χριστοῦ
1580 3218 1738 3293 χάριν

504 3291 761 3369 Σμύρνης
787 3296 815 3350 ὁ
836 3295 1199 3373 Πολύκαρπος
1228 3303 1319 3356 καὶ
1348 3291 1655 3366 Ἰουστῖνος.

844 3405 1171 3462 ΚΟΜΟΔΟΣ
1204 3409 1314 3465 E'I‘.
1348 3411 1453 3466 IB’.

510 3486 760 3560 Κόμοδος
791 3490 901 3545 εἶτα
934 3496 1127 3567 μιαρὸς
1161 3496 1543 3573 φαυλεργάτης

513 3581 701 3639 Κακῶς
732 3576 1088 3656 ἐπεισέφρησε
1122 3588 1189 3657 τῇ
1220 3588 1524 3662 κραταρχίᾳ
1547 3608 1560 3621 ο

371 3664 473 3720 145
656 3666 718 3720 οὗ
748 3665 982 3741 Κλήμης
1013 3670 1078 3739 ἦν
1107 3676 1467 3747 Στρωματεὺς
1494 3679 1658 3755 σοφὸς
1687 3679 1871 3755 μέγας,

513 3754 616 3809 Καὶ
647 3756 965 3830 Πάνταινος,
997 3761 1232 3835 κήρυκες
1266 3762 1439 3836 ὀρθῶν
1471 3754 1774 3840 δογμάτωνέ

692 3863 1049 3924 ΗΕΡΤΙΝΛΞ
1079 3871 1194 3924 ΚΑΙ
1221 3870 1617 3931 ΙΟΥΛΙΑΝΟΣ.

518 3949 650 4005 Μεθ’
678 3950 739 4006 ὃν
766 3959 1067 4030 κραταρχεῖ
1090 3957 1344 4032 Περτίναξ
1376 3961 1405 4014 ὁ
1432 3961 1719 4037 τριγέρων,

520 4037 620 4093 Καὶ
652 4038 932 4116 σφάττεται
966 4039 1031 4112 δὴ
1064 4046 1199 4118 πρὸς
1236 4047 1420 4119 μέσοις
1450 4051 1789 4127 ἀνακτόροις.

521 4127 619 4181 Καὶ
648 4134 894 4203 σκῆπτρα
924 4131 1228 4211 παρείληφε
1255 4136 1321 4190 τὰ
1348 4141 1455 4192 τῶν
1488 4139 1751 4195 Αὐσόνων

381 4215 485 4269 150
521 4214 815 4279 Ἰουλιανὸς
845 4216 1022 4283 Δίδιος
1057 4221 1264 4297 βραχὺν
1298 4227 1518 4301 χρόνον.

857 4330 1172 4386 ΣΕΒΗΡΟΣ
1205 4332 1313 4389 ET.
1352 4335 1458 4390 IH'.

525 4413 622 4467 Καὶ
655 4408 898 4491 Σεϐἧρος
924 4418 1210 4493 κράτιστος
1233 4421 1442 4497 ἐχθρῶν
1470 4422 1521 4478 έν
1558 4425 1761 4499 μάχαις

526 4499 771 4577 Σφοδρὸς
799 4504 1080 4575 κολαστὴς
1103 4506 1334 4565 εὐσεϐῶν
1365 4517 1769 4588 Χριστωνύμων
1806 4537 1818 4550 ·

524 4588 639 4666 Ἐφ’
667 4591 729 4644 οὗ
758 4590 850 4646 σὺν
875 4593 1069 4659 ἄλλοις
1097 4597 1187 4652 καὶ
1217 4601 1394 4672 πατὴρ
1427 4602 1731 4676 Ὠριγένους

526 4676 844 4752 Φιλωνίδης
867 4685 945 4757 (4)
975 4684 1163 4757 εὕρατο
1200 4688 1483 4764 μαρτύρων
1518 4690 1729 4767 στέφος.

585 4790 992 4849 ANTONINO!
1026 4794 1504 4855 ΚΑΡΑΚΑΛΛΟΣ
1537 4800 1647 4855 ET.
1682 4800 1749 4857 Z'.

386 4875 491 4931 155
527 4876 736 4932 Τούτου
768 4879 1039 4949 θανόντος,
1065 4882 1420 4955 Καράκαλλος
1446 4884 1751 4957 τούπίκλην

526 4964 843 5029 Ἀντωνῖνος
873 4965 1068 5042 εἴληφε
1095 4972 1193 5040 τὴν
1231 4973 1531 5047 μοναρχίαν
1567 4992 1579 5005 ·

524 5052 766 5129 Αἷσχρός
790 5075 875 5117 τις
906 5057 1043 5131 ἇνήρ
1072 5060 1159 5112 καὶ
1192 5057 1359 5114 πλέον
1391 5062 1698 5139 μιαιφόνος.

590 5160 939 5218 ΜΑΚΡΙΝΟΣ
971 5169 1089 5219 ΚΑΙ
1120 5167 1397 5222 ΑΡΒιτοΣ
1428 5170 1505 5239 (5)
1540 5170 1651 5226 ET.
1685 5170 1754 5227 A'.

528 5248 631 5305 Καὶ
662 5250 936 5324 Μακρῖνος
970 5253 1264 5327 βράχιστον
1294 5253 1453 5329 ἄρξας
1472 5258 1564 5310 τὸν
1599 5259 1794 5332 χρόνον
1829 5278 1843 5292 ·

527 5336 662 5394 Εἶτα
690 5342 1092 5414 κατωρχήσατο
1117 5347 1216 5410 τῆς
1244 5344 1575 5418 κραταρχίας

387 5424 496 5481 460
533 5425 737 5496 Κλῆσιν
765 5423 1040 5501 Ἀρϐιτος,
1077 5428 1500 5506 Σαρδανάπαλος
1529 5435 1692 5506 θέσιν,

426 5608 504 5681 (3)
532 5608 670 5667 Cod.
703 5609 801 5667 hic
850 5608 1160 5672 Ἀντώνιος.
1194 5611 1306 5669 Sed
1356 5612 1416 5669 in
1455 5615 1618 5672 textu
1648 5612 1991 5671 Ἀντωνῖνος·

427 5681 504 5751 (4)
533 5681 616 5739 Ita
644 5683 776 5739 cod.

1993 526 2047 594 Α
2078 541 2211 581 cum
2242 525 2399 582 lento
2428 527 2707 598 hydropis
2734 527 2937 582 morbo
2966 526 3065 582 diu
3098 527 3306 583 tabuit.

2075 614 2128 669 Is
2158 614 2333 669 etiam
2360 616 2418 669 in
2442 615 2679 670 Thracia
2711 630 2888 687 prope
2922 620 3181 671 castrum
3213 616 3537 689 Odryssum

2072 703 2142 758 de
2173 720 2279 759 suo
2306 704 2520 759 dictam
2553 704 2786 759 nomine
2815 720 3021 760 novam
3056 705 3255 760 urbem
3288 708 3568 762 condidit.

2424 807 2839 865 ANTONINUS
2882 808 3044 865 PIUS
3082 810 3197 864 AN.
3240 810 3361 864 ΧΧ.

2070 895 2285 951 Deinde
2309 897 2641 951 Antoninus
2673 903 3055 967 cognomento
3087 898 3247 967 Pius,

2067 984 2154 1038 vir
2181 984 2443 1055 optimus
2474 985 2809 1055 sanctisque
2832 986 3116 1057 moribus,

2068 1072 2167 1142 qui
2200 1072 2557 1129 Christianos
2590 1091 2823 1129 summo
2855 1075 2913 1128 in
2949 1076 3134 1145 pretio
3162 1075 3389 1141 habnit,

2070 1160 2223 1215 felici
2254 1178 2396 1217 sane
2428 1164 2545 1217 fato
2577 1164 2647 1217 ad
2678 1164 2995 1234 imperium
3026 1165 3207 1219 venit.

2068 1255 2123 1311 Is
2153 1255 2454 1321 premente
2484 1252 2620 1307 belli
2654 1252 3021 1321 necessitate,

2068 1342 2206 1413 quia
2236 1339 2381 1396 nihil
2413 1342 2469 1394 in
2502 1342 2703 1395 aerario
2739 1342 2995 1412 pecuniae
3027 1346 3171 1409 erat,

2065 1430 2123 1484 in
2157 1430 2279 1485 foro
2309 1429 2575 1501 exposuit
2604 1428 2966 1484 licitantibus

2066 1518 2321 1590 pretiosa
2347 1517 2709 1588 principatus
2739 1524 3082 1574 ornamenta
3111 1519 3309 1573 omnia
3342 1539 3355 1576 :

2065 1607 2219 1662 unde
2249 1605 2519 1678 pecunia,
2551 1610 2836 1676 quantum
2868 1610 2959 1661 sat
2988 1611 3133 1674 erat,
3167 1611 3355 1679 capta,

2066 1694 2511 1765 conscriptaque
2543 1693 2801 1750 militum
2830 1694 3053 1765 ingenti
3086 1712 3287 1760 manu,

2063 1783 2366 1839 victoriam
2398 1798 2512 1837 non
2546 1783 2670 1837 sine
2702 1784 2866 1837 lauta
2897 1785 3090 1854 praeda
3117 1784 3318 1840 retulit
3349 1802 3363 1841 :

1985 1881 2033 1947 Β
2067 1871 2446 1942 quamobrem
2478 1886 2568 1927 res
2597 1871 2927 1927 divenditas
2955 1872 3335 1943 recuperavit,

2063 1960 2289 2016 civibus
2320 1960 2417 2031 qui
2449 1965 2715 2015 emerant
2743 1976 2987 2030 repensa
3017 1962 3221 2031 pretio.

2344 2064 2624 2119 MARCUS
2663 2065 3075 2122 ANTONINUS
3114 2063 3232 2120 AN.
3275 2064 3413 2120 XVI.

2064 2154 2433 2224 Rursumque
2466 2153 2615 2209 alius
2644 2155 2976 2208 Antoninus
3006 2159 3256 2222 Marcus,

2064 2242 2275 2313 prioris
2307 2242 2619 2313 adoptione
2650 2240 2827 2310 filius,
2859 2242 3121 2297 doctrina
3151 2241 3560 2314 philosophus,

2068 2331 2331 2385 moribus
2361 2332 2653 2400 egregius,
2685 2330 3035 2386 Christianis
3065 2330 3389 2398 benivolus,

2068 2416 2401 2488 reipublicae
2429 2416 2890 2486 gubernaculum
2925 2418 3097 2488 cmpit
3129 2434 3343 2489 regere.

2067 2505 2187 2560 Sub
2218 2521 2283 2559 eo
2314 2503 2460 2573 legio
2491 2504 2647 2558 dicta
2678 2504 3080 2571 Fulminatrix,

2067 2594 2137 2648 de
2168 2592 2627 2647 Christianorum
2661 2591 2966 2647 hominum
3000 2593 3248 2649 conflata
3276 2610 3541 2662 numero,

2068 2685 2401 2754 pugnatura
2430 2680 2655 2735 Christo
2687 2680 2930 2736 Domino
2960 2680 3331 2752 supplicavit,

2067 2769 2344 2840 quoniam
2376 2772 2432 2823 et
2462 2768 2557 2823 siti
2590 2768 2881 2823 exercitus
2912 2770 3233 2837 laborabat,

2068 2861 2125 2914 et
2154 2857 2543 2913 Barbarorum
2574 2856 2837 2912 hostium
2868 2856 3129 2913 instabat
3150 2857 3407 2928 impetus
3440 2876 3453 2915 :

2069 2946 2382 3014 statimque
2405 2946 2601 3001 hostes
2632 2945 2979 3001 fulminibus
3009 2946 3422 3017 deﬂagrarunt,

2071 3034 2369 3089 Romanus
2399 3034 2685 3089 exercitus
2713 3034 2899 3089 imbre
2930 3035 3165 3105 copioso
3196 3035 3443 3091 maduit.

2068 3126 2229 3178 Tunc
2256 3123 2498 3178 ﬂorebat
2528 3127 2903 3192 Hermogenes
2934 3124 3141 3178 doctus
3171 3123 3385 3178 rhetor.

1992 3237 2036 3306 C
2071 3210 2406 3283 Christique
2436 3227 2615 3266 causa
2644 3228 2748 3281 par
2777 3216 3099 3283 martyrum
3133 3211 3451 3267 decertavit

2075 3299 2424 3372 Polycarpus
2452 3302 2712 3370 Smyrnae
2740 3300 3050 3370 episcopus
3081 3306 3137 3355 et
3164 3300 3450 3355 Justinus.

2534 3404 2922 3461 COMMODUS
2972 3408 3090 3460 AN.
3123 3406 3249 3462 XII.

2078 3497 2293 3553 Deinde
2315 3496 2664 3551 Commodus
2695 3495 2983 3563 impurus,
3018 3494 3321 3561 scelestus,

2077 3587 2217 3643 lmvo
2247 3586 2441 3641 omine
2470 3584 2730 3655 adrepsit
2759 3583 2829 3638 ad
2858 3582 3188 3654 imperium.

2077 3676 2195 3732 Sub
2219 3691 2284 3730 eo
2314 3674 2581 3729 Clemens
2605 3676 2964 3727 Stromatum
2997 3678 3199 3728 auctor
3227 3672 3485 3744 sapiens,

2080 3768 2529 3832 Pantaenusque,
2563 3760 2867 3815 orthodoxi
2895 3762 3066 3816 ambo
3092 3762 3516 3833 praedicatores.

2463 3867 2814 3922 PERTINAX
2855 3866 2941 3922 ET
2978 3866 3340 3922 JULIANUS.

2082 3964 2211 4017 Mox
2242 3956 2547 4030 imperavit
2575 3955 2865 4021 Pertinax,
2899 3955 3243 4026 grandaevus
3272 3968 3469 4023 senex,

2084 4049 2185 4119 qui
2211 4049 2271 4102 in
2301 4046 2435 4102 aula
2464 4043 2664 4115 palatii
2692 4043 3033 4099 interiectus
3064 4049 3171 4098 est.

2083 4140 2506 4207 Sceptrumque
2534 4131 2780 4202 arripuit
2808 4130 3054 4185 Romani
3087 4131 3315 4202 imperii

2085 4224 2245 4283 brevi
2272 4220 2589 4280 admodum
2620 4224 2881 4291 tempore
2903 4219 3173 4275 Julianus
3202 4219 3428 4277 Didius.

2538 4325 2852 4381 SEVERUS
2893 4328 3007 4379 AN.
3048 4324 3256 4380 XVIII.

2089 4422 2233 4477 Hinc
2259 4420 2503 4474 Severus
2533 4415 2794 4470 hostium
2826 4414 2885 4468 in
2919 4413 3132 4484 praeliis
3163 4414 3437 4479 domitor,

2090 4511 2253 4566 dirus
2283 4508 2511 4579 piorum
2544 4503 3007 4558 Christianorum
3040 4506 3375 4573 persecutor
3407 4519 3420 4556 :

2010 4599 2053 4663 D
2088 4600 2196 4656 sub
2227 4613 2340 4669 quo
2371 4610 2502 4651 cum
2534 4591 2666 4649 aliis
2696 4594 2859 4661 pater
2886 4605 3116 4659 quoque
3147 4590 3410 4659 Origenis

2090 4686 2375 4744 Leonidas
2407 4681 2666 4752 martyrii
2690 4693 2965 4733 coronam
2997 4677 3217 4733 retulit.

2302 4784 2714 4846 ANTONINUS
2766 4783 3179 4840 CARACALLA
3218 4788 3333 4841 ΔΝ.
3377 4785 3495 4841 VII.

2092 4882 2279 4950 Hujus
2301 4874 2569 4933 exstincti
2603 4873 3001 4929 monarchiam
3029 4874 3252 4945 excepit

2090 4967 2420 5026 Antoninus
2450 4963 2793 5035 cognomine
2822 4961 3133 5027 Caracalla,

2094 5059 2280 5114 fmdus
2303 5055 2477 5109 homo
2507 5057 2563 5108 et
2594 5051 2845 5106 maxime
2877 5051 3311 5120 sanguinarius.

2370 5157 2735 5218 MACRINUS
2771 5157 2863 5211 ET
2901 5155 3157 5211 AVITUS
3195 5156 3310 5210 AN.
3355 5156 3448 5210 IV.

2096 5253 2243 5308 Tum
2276 5254 2332 5305 et
2358 5249 2651 5304 Macrinus
2680 5244 3022 5299 brevissime
3050 5243 3375 5314 imperavit.

2098 5340 2317 5398 Deinde
2348 5338 2407 5392 in
2438 5336 2685 5407 imperio
2715 5331 3105 5389 debacchatus
3137 5338 3223 5385 est

2100 5428 2336 5485 nomine
2368 5427 2587 5493 Avitus,
2621 5421 2964 5494 cognomine
2995 5417 3451 5488 Sardanapalus,

2171 5607 2251 5681 (5)
2282 5608 2367 5663 Ita
2396 5606 2523 5661 cod.

3648 406 3715 461 18
