4132 6300
301 462 364 516 21
1823 455 2179 511 CESARES.
3623 458 3694 513 22

468 583 957 642 ΒΑΔΛΕΡΙΑΝΟΣ
992 583 1107 638 ΚΑΙ
1138 582 1489 637 ΓΑΛΗΙΝΟΣ
1521 584 1640 658 ετ.
1672 579 1776 635 IE’.
1970 580 2023 647 Α

1970 580 2023 647 Α
2210 579 2666 639 VALERIANUS
2702 582 2793 638 ET
2835 582 3223 640 GALLIENUS
3262 583 3377 639 AN.
3418 584 3534 640 XV.

485 684 822 756 ΔῖμιΛιανοῦ
852 680 909 737 δὲ
940 682 1231 760 σφαγέντος
1258 679 1490 750 ἀθλίως,
2055 678 2117 735 PC

2055 678 2186 735 Post
2214 678 2591 734 Emilianum
2626 681 2837 736 misere
2869 681 3238 737 interfectum

483 770 848 846 Βαλλεριανὸ,
880 765 1291 845 παραλαμϐάνει
1319 771 1539 843 κράτος,
2051 783 2115 822 su

1414 772 1539 838 ιτος,
2051 768 2306 839 suscepit
2336 768 2647 838 imperium
2682 770 3046 836 Valerianus,

479 858 659 934 Βαρὺς
691 857 929 929 διώκτης
962 854 1192 912 εὐσεϐῶν
1227 855 1628 929 Χριστωνύμων
1660 872 1675 889 °
2050 870 2111 926 gr

2050 856 2242 926 gravis
2275 858 2501 927 piorum
2533 862 2864 929 persecutor
2884 858 3351 916 Christianorum
3389 876 3400 912 :
3490 906 3532 953 .

334 951 442 1005 210
479 951 670 1009 ’Όστις
700 947 933 1021 ἆγεννως
963 940 1272 1020 Βαρϐάροις
1304 945 1530 1018 Πέρσαις
1565 945 1718 1017 μάχῃ

1700 966 1718 1015 3
2051 946 2148 1014 qui
2180 945 2445 1001 barbaris
2478 964 2510 1001 a
2540 946 2733 1001 Persis
2764 947 2822 1000 in
2857 945 3054 1017 praelio
3080 947 3332 1019 turpiter

478 1034 678 1106 Αλοὺς,
709 1041 834 1107 παρ’
864 1034 1047 1095 αὐτοῖς
1082 1034 1171 1087 τὸν
1206 1030 1322 1107 βίον
1359 1033 1729 1105 καταστρέφει.
2050 1050 2110 1087 ca

1464 1033 1729 1105 αστρέφει.
2050 1038 2279 1103 captus,
2310 1036 2462 1105 apud
2488 1036 2647 1106 ipsos
2678 1035 2857 1091 vitam
2890 1036 3096 1091 ﬁnivit.

476 1123 592 1181 Καὶ
625 1126 751 1184 παῖς
779 1121 1028 1196 παρῆλθε
1060 1119 1332 1189 Γαληῖνος
1367 1119 1441 1181 είς
1472 1120 1685 1179 κοάτος.
2050 1121 2108 1177 Ol

2050 1121 2312 1177 Obtinuit
2343 1128 2537 1179 autem
2571 1124 2883 1194 imperium
2913 1125 3214 1181 Gallienus
3243 1125 3419 1188 ﬁlius,

478 1214 655 1285 Δεξιὸς
696 1213 853 1285 ἀνὴρ,
886 1211 1207 1288 φιλότιμος,
1239 1209 1471 1285 χαρίεις,
2046 1212 2110 1265 vi:

1441 1230 1471 1277 :,
2046 1212 2134 1265 vir
2162 1211 2379 1276 dexter,
2413 1211 2671 1267 liberalis
2701 1216 2757 1267 et
2786 1212 3073 1279 amabilis,

478 1300 731 1363 Πολλοὺς
764 1300 996 1363 ἀνατλὰς
1026 1297 1311 1360 κινδύνους
1342 1296 1391 1352 ἓν
1423 1302 1539 1359 ταῖς
1577 1296 1798 1371 μάχαις.
2047 1316 2110 1370 qt

1626 1296 1798 1371 ίχαις.
2047 1300 2148 1370 qui
2180 1300 2435 1372 pericula
2466 1300 2523 1355 in
2556 1300 2750 1372 praelis
2782 1301 2967 1356 multa
2997 1301 3258 1373 pertulit.

752 1418 1096 1474 KAAI‘AIOZ‘.
1141 1418 1245 1472 ET.
1276 1419 1333 1472 A’
1362 1416 1494 1488 (ιο).

2567 1417 2923 1475 CLAUDIUS
2954 1419 3072 1474 AN.
3105 1418 3144 1473 Ι.

326 1525 440 1580 215
477 1524 612 1586 Μεθ’
641 1524 698 1577 ’ὸν
732 1522 1009 1584 Κλαύδιος
1041 1522 1310 1598 ἀρῥεποῦς
1341 1519 1494 1589 δίκης
1522 1518 1714 1597 φύλαξ.

2042 1524 2189 1580 Exin
2219 1524 2498 1580 Claudius
2522 1526 2630 1581 fuit
2652 1526 2898 1595 justitiaa
2931 1526 3137 1581 ﬁrmus
3169 1530 3389 1591 custos,

472 1610 698 1687 Κράτωρ
739 1612 936 1687 ἀγαθὸς
965 1610 1055 1665 καὶ
1091 1610 1349 1684 μαχητὴς
1380 1605 1654 1683 γεννάδας,
2045 1630 2104 1685 pr

1586 1628 1654 1674 ις,
2045 1614 2316 1685 princeps
2345 1614 2531 1669 bonus
2562 1618 2619 1669 et
2647 1613 2894 1669 bellator
2920 1619 3218 1684 strenuus,

470 1701 696 1761 Πάππος
824 1701 1080 1775 μεγίστου
1206 1699 1471 1772 κράτορος
1598 1694 1937 1749 Κωνσταντί-
2043 1718 2101 1757 m

1598 1694 1937 1749 Κωνσταντί-
2043 1692 2277 1757 maximi
2311 1703 2591 1774 principis
2621 1703 2985 1759 Constantini
3020 1720 3182 1759 avus.

1587 1788 1697 1857 [νου
1733 1786 1862 1856 (11).

776 1886 1215 1943 ΑΥΡΗΛΙΛΝΟΣ
1248 1886 1357 1940 ET.
1389 1888 1447 1951 ζ’.
1965 1937 2009 1951 ﬁ

1965 1937 2009 1951 _
2482 1888 2938 1944 AURELIANUS
2974 1890 3091 1943 AN.
3137 1889 3227 1944 Vl.

471 1974 683 2031 Τούτου
709 1937 1210 2044 τεῖε-υζξςέᾷξέᾷξεν
1236 1937 1560 2045 ᾇατατρνχίᾳ,
1965 1937 2011 2002 Β
2041 1979 2103 2033 Ρ(

1965 1937 2011 2002 Β
2041 1979 2354 2049 Postquam
2389 1977 2483 2033 hic
2520 1978 2580 2032 in
2615 1994 2877 2049 purpura
2904 1978 3084 2032 vitam
3117 1976 3349 2043 clausit,

470 2062 664 2138 Αὖρηλ
677 2062 817 2125 ιανὸς
850 2061 1119 2137 δυσμενὴς
1151 2060 1565 2130 Χριστωνύμοις
2039 2070 2102 2121 Αι

2039 2067 2387 2122 Aurelianus
2415 2066 2883 2122 Christianorum
2915 2066 3045 2121 odio
3077 2065 3340 2120 imbutus

319 2153 432 2206 220
468 2152 544 2205 Τὰ
570 2158 818 2225 σκῆπτρα
837 2149 1146 2226 παρείληφε
1172 2154 1271 2217 τῆς
1300 2146 1597 2220 αὐταρχίας
1630 2164 1643 2177 ⁸

2040 2154 2258 2210 summi
2288 2155 2517 2225 imperii
2547 2163 2842 2225 sceptrum
2875 2159 3103 2226 gestare
3135 2155 3329 2226 coepit.

465 2241 670 2295 Τούτου
698 2243 1018 2315 κρατοῦντος
1047 2237 1263 2294 Παῦλον
1295 2234 1609 2307 Σαμοσατέα
2036 2243 2097 2298 Ε(

1567 2254 1609 2286 La
2036 2243 2114 2298 Eo
2144 2248 2425 2314 regnante
2452 2242 2699 2298 Paulum
2732 2244 3199 2298 Samosatensem

466 2334 659 2391 Κακῶς
690 2332 990 2406 φρονοῦντα
1015 2325 1263 2397 Ηατὲρων
1292 2326 1432 2385 Θεῖος
1458 2323 1642 2397 στίφος
2035 2348 2098 2401 pr

2035 2348 2211 2401 prava
2242 2333 2591 2387 sentientem
2620 2332 2852 2386 Patrum
2885 2332 3117 2386 divinus
3148 2332 3361 2386 chorus

461 2419 760 2487 Ἐπάρατον
791 2416 972 2485 τίθησι
1003 2414 1093 2468 καὶ
1127 2410 1448 2488 βδελυκτέον
1483 2429 1496 2442 ·
2033 2420 2093 2474 ed

2033 2419 2213 2474 edixit
2242 2435 2369 2474 esse
2403 2416 2778 2475 maledictum
2810 2424 2866 2474 et
2895 2419 3313 2474 exsecrabilem
3345 2436 3357 2474 :

457 2506 571 2573 Τῆς
605 2502 651 2559 δ’
680 2505 974 2578 Ἀντιόχου
1004 2499 1264 2574 καθέδρας
1297 2496 1680 2572 δεδραγμένον,
2031 2524 2089 2577 ρι

2031 2508 2131 2577 qui
2163 2523 2295 2561 cum
2325 2508 2746 2562 Antiochenam
2773 2509 3086 2562 invasisset
3113 2508 3446 2566 cathedram

310 2596 418 2650 225
460 2595 566 2649 Καὶ
595 2591 759 2663 τήνδε
792 2593 883 2667 βίᾳ
912 2591 1160 2666 κατέχειν
1191 2589 1495 2665 ᾑρημένον,

1480 2631 1495 2656 ,
2031 2597 2415 2666 eamdemque
2437 2595 2719 2650 niteretur
2748 2595 2801 2648 vi
2834 2596 3104 2664 retinere,

451 2681 701 2745 Πεισθεὶς
728 2682 755 2735 ὁ
784 2685 995 2755 κρατῶν
1030 2673 1261 2733 εὐσεϐῶν
1294 2675 1516 2749 ἐντυχίᾳ
2030 2685 2083 2755 pi

2030 2685 2255 2755 piorum
2288 2684 2573 2755 legatione
2604 2688 2904 2755 permotus
2931 2685 3248 2755 imperator

452 2778 696 2848 Γραφαῖς
725 2772 937 2844 ἀτίμως
970 2768 1239 2840 ἐξελαύνει
1267 2772 1362 2822 τοῦ
1394 2766 1608 2840 Θρόνου.
2030 2789 2084 2827 m

2030 2772 2228 2828 missis
2256 2772 2468 2827 litteris
2498 2774 2636 2827 sede
2664 2774 2912 2843 turpiter
2941 2789 3076 2828 eum
3108 2772 3294 2843 ejecit.

851 2889 1117 2943 ΠΡΟΒΟΣ
1145 2886 1254 2941 ΕΤ.
1292 2886 1351 2952 ζ’.

2557 2887 2837 2943 PROBUS
2876 2888 2993 2942 AN.
3040 2890 3125 2943 VI.

451 2976 669 3052 Βραχὺν
702 2976 901 3052 χρόνον
926 2977 1166 3045 Τάκητος
1200 2974 1334 3047 ἀνὴρ
1367 2968 1693 3048 πρεσϐύτης.
2027 2977 2083 3031 Β]

1654 2995 1693 3036 ς.
2027 2976 2190 3032 Brevi
2220 2976 2483 3048 regnavit
2512 2977 2771 3041 Tacitus,
2803 2977 2891 3031 vir
2921 2977 3286 3046 grandaevus.

454 3066 585 3120 Εἶτα
615 3061 825 3139 Πρόϐος
856 3067 966 3136 (12)
998 3085 1080 3126 τις
1112 3062 1269 3138 φίλος
1304 3064 1471 3136 ἑρμοῦ
1501 3061 1590 3115 καὶ
1625 3061 1811 3135 μάχης
2026 3070 2086 3120 De

1769 3081 1811 3129 ις
2026 3065 2162 3121 Dein
2197 3064 2421 3131 Florus,
2455 3070 2513 3120 et
2543 3082 2677 3119 mox
2706 3065 2925 3120 Probus
2958 3065 3115 3119 domi
3148 3065 3401 3136 bellique

296 3156 411 3211 230
452 3148 797 3226 Παραλαϐὼν
826 3150 971 3215 ἴθυνε
998 3153 1096 3220 τὴν
1123 3149 1481 3224 κραταρχίαν,

2024 3154 2234 3221 bonus,
2269 3170 2389 3208 rem
2422 3154 2595 3225 coepit
2626 3153 2924 3226 publicam
2954 3153 3301 3224 gubernare.

450 3248 652 3317 Πρᾶος,
687 3237 1100 3316 μεγαλόψυχος,
1128 3240 1360 3312 εὐμενὴς
1390 3236 1604 3312 κράτωρ
1640 3255 1654 3269 ⁸
1946 3293 1984 3317 η
2026 3248 2081 3297 Μ

2026 3242 2181 3297 Mitis
2212 3242 2307 3297 hic
2338 3247 2462 3297 erat
2494 3244 2785 3313 princeps,
2818 3241 3256 3314 magnanimus,
3288 3241 3620 3306 benevolus,

447 3293 526 3384 Ού
552 3336 671 3392 ταῖς
687 3293 817 3384 I«1.19
847 3293 1058 3403 ἐχιθρῒῦν
1083 3324 1512 3401 ἐμϐραδύνοντος
1547 3326 1769 3400 μάχαις,
1944 3293 1985 3359 C
2025 3346 2079 3400 qu

1614 3345 1769 3400 εχαις,
1944 3293 1985 3359 C
2025 3331 2125 3400 qui
2155 3333 2295 3385 dum
2329 3293 2625 3386 diutu‘rnis
2655 3293 3031 3385 distineretur
3057 3303 3246 3401 bellis,

448 3422 694 3493 Στρατοῦ
725 3415 782 3472 δὲ
816 3419 1038 3492 βρωτῶν
1068 3414 1472 3476 κινδυνεύοντος
1499 3414 1705 3484 σπάνει,
2024 3436 2080 3490 pe

2024 3419 2389 3490 periclitante
2420 3419 2673 3474 exercitu
2702 3424 3137 3474 commeatuum
3170 3419 3436 3491 penuria,

442 3508 565 3563 Ἐπ’
592 3506 750 3561 αὐτὸν
783 3504 1106 3560 ἐκλείποντα
1137 3505 1287 3577 λιμῷ
1318 3506 1504 3559 σιτίων
2014 3510 2074 3579 ja

2014 3510 2259 3579 jamque
2288 3508 2696 3562 deﬁcientibus
2728 3508 2801 3562 ob
2834 3508 3046 3562 famem
3079 3508 3322 3573 viribus,

285 3597 401 3652 235
440 3589 695 3668 ’Ὀμϐρον
724 3594 857 3665 σίτῳ
888 3593 1194 3665 σύμμικτον
1224 3588 1499 3667 ὀμϐρῆσαι
1534 3591 1701 3667 λόγος

2021 3598 2208 3652 imber
2238 3597 2582 3652 commistus
2613 3597 2804 3652 tritico
2838 3598 3124 3653 decidisse
3156 3597 3371 3652 dicitur

441 3685 545 3737 Τὸν
580 3683 772 3756 ὑψόθεν
806 3681 1077 3757 βλύσαντα
1107 3686 1184 3753 τῷ
1217 3680 1337 3754 λαῷ
1372 3681 1557 3754 μάννα,
2021 3704 2073 3741 cc

2021 3685 2252 3741 caeleste
2283 3702 2500 3741 manna
2530 3686 2897 3741 multitudini
2928 3687 3258 3751 aﬂ‘undens,

443 3778 615 3850 ᾮπερ
644 3777 931 3847 τραφεῖσαν
959 3770 1206 3845 στρατιὰν
1240 3770 1536 3845 ὲνισχύσαι.
2017 3793 2075 3845 (ῃ

2017 3792 2127 3845 quo
2160 3777 2364 3845 pastus
2394 3774 2544 3830 vires
2576 3775 2855 3846 pristinas
2877 3776 3094 3846 recepit
3125 3775 3309 3830 miles.

252 3891 497 3945 ΚΑΡΟΣ
603 3887 718 3942 ΚΑΙ
809 3885 1301 4012 NOI‘METPIQ'NOE
1407 3891 1525 3940 ΚΑΙ
1612 3888 1884 3941 KAPINO!

2069 3888 2323 3957 CARUS,
2362 3888 2848 3958 NUMERIANUS,
2893 3891 2979 3945 ET
3018 3890 3320 3946 CARINUS
3360 3890 3478 3945 AN.
3524 3892 3591 3947 ιι.

442 4048 577 4101 Μεθ’
608 4046 666 4100 ὃν
700 4044 879 4120 Κάρος
908 4065 988 4106 τις
1014 4041 1264 4119 γεννάδας
1298 4043 1388 4097 σὺν
1419 4043 1581 4098 υἱέσιν

2085 4049 2265 4103 Carus
2297 4048 2527 4113 deinde,
2558 4048 2644 4102 vir
2673 4051 2970 4114 strenuus,
3005 4065 3135 4104 cum
3171 4050 3295 4105 suis
3336 4049 3538 4106 liberis

440 4136 604 4205 ’Ἃναξ
634 4132 856 4209 ἐδείχθη
888 4130 1219 4208 παραλαϐὼν
1248 4134 1311 4188 τὸ
1331 4135 1526 4204 κράτος
1563 4152 1574 4163 ·
2012 4152 2070 4191 re

1571 4152 1574 4162 ’
2012 4136 2235 4207 regium
2269 4152 2474 4190 nomen
2508 4152 2641 4189 cum
2674 4136 2935 4207 potentia
2964 4139 3203 4207 excepit.

278 4227 397 4282 240
439 4224 810 4296 Νουμεριανὸς
841 4221 1084 4298 ἐκδαρεὶς
1116 4222 1279 4276 ἀσκοῦ
1313 4219 1490 4291 δίκην,

2012 4224 2368 4282 Numeriano
2400 4224 2632 4295 quidem
2669 4226 2822 4297 apud
2855 4226 3053 4281 hostes
3086 4227 3335 4297 captivo.

436 4313 683 4389 Δηφθεὶς
714 4313 840 4385 παρ’
872 4311 1082 4385 ἐχθρῶν
1116 4309 1476 4385 αῗχμάλωτος
1510 4312 1583 4371 ὡς
1617 4308 1782 4385 λόγος
1816 4331 1829 4343 ·
2011 4314 2068 4368 Cl

1510 4312 1583 4371 ὡς
1617 4308 1782 4385 λόγος
1816 4331 1829 4343 θ
2011 4314 2172 4368 Cutis
2203 4314 2461 4369 detracta
2491 4314 2724 4379 dicitur,
2758 4316 2907 4370 utris
2938 4316 3137 4371 instar.

437 4402 541 4459 Καὶ
575 4405 806 4476 Χαρῖνος
838 4398 1142 4473 α’ίσχιστος,
1175 4399 1389 4469 ἀπηνής
1422 4398 1559 4469 Λίαν,
2009 4406 2069 4455 Ca

2009 4401 2254 4457 Carinus
2280 4402 2661 4472 turpissimus
2693 4408 2748 4459 et
2779 4402 3032 4458 crudelis
3063 4406 3398 4461 admodum.

430 4491 841 4565 Χριστωνύμων
866 4486 1111 4563 ὄλεθρος,
1142 4486 1270 4564 ἔσχε
1298 4489 1360 4543 τὸ
1390 4488 1585 4561 κράτος
1619 4509 1631 4522 ·
2008 4490 2062 4546 Cl

2008 4490 2593 4563 Christianorumque
2624 4494 2824 4563 pestis,
2856 4493 3167 4565 imperium
3203 4496 3409 4549 tenuit.

437 4581 557 4658 Ἐφ’
580 4580 643 4633 οὗ
671 4577 946 4640 λελοιπὼς
973 4574 1202 4652 Περσίδα
1232 4578 1420 4647 Μάνης
1446 4576 1612 4638 τάλας
1936 4651 1971 4658 -
2009 4580 2069 4635 δι

1936 4651 1971 4658 _
2009 4580 2129 4635 Sub
2160 4597 2225 4635 eo
2260 4581 2457 4637 Manes
2489 4580 2866 4636 calamitosus
2899 4582 3104 4637 relicta
3134 4582 3368 4639 Perside

272 4673 390 4729 245
432 4651 750 4741 Ῥᾧμαίδος
778 4665 1004 4739 κλίμασι
1029 4651 1454 4741 παρεισεφθάρη,

1934 4651 1981 4715 D
2014 4670 2086 4724 ad
2120 4669 2409 4725 Romanas
2440 4673 2627 4725 terras
2658 4670 2915 4739 adrepsit
2940 4686 3227 4725 venenum
3256 4689 3529 4729 evomens

436 4758 649 4819 Κακίας
682 4755 760 4810 ῗὸν
789 4754 989 4828 ἒξεμῶν
1021 4750 1397 4830 ψυχοφθὸρον,
2011 4758 2068 4812 in

2011 4758 2407 4829 improbitatis
2437 4775 2576 4822 suae,
2610 4757 2921 4814 animabus
2950 4759 3454 4827 exitiosissimum,

432 4848 560 4923 Ἆρ’
587 4846 649 4899 οὗ
684 4842 973 4920 βδελυκτὸν
1001 4840 1240 4915 τοῦνομα
1270 4842 1615 4918 Μανιχαίων,
2009 4847 2064 4901 Ε]

2009 4847 2089 4901 Ex
2118 4846 2225 4902 hoc
2255 4845 2706 4901 Manichaeorum
2738 4845 2905 4901 ﬂuxit
2935 4847 3150 4903 infame
3183 4865 3415 4905 nomen.

700 4962 1210 5017 AIOKAHTIANOE
1243 4962 1348 5017 ET.
1383 4961 1457 5029 K',

2411 4960 2932 5017 DIOCLETIANUS
2969 4962 3086 5017 AN.
3129 4961 3239 5018 XX.

434 5052 595 5109 Μετὰ
628 5047 684 5104 δὲ
706 5050 909 5103 τούτων
942 5051 975 5117 ἡ
1013 5047 1235 5124 μεγίστη
1272 5047 1457 5120 μανίαν
2008 5050 2066 5104 Hi

2008 5050 2111 5105 His
2141 5048 2465 5117 exstinctis,
2498 5049 2689 5105 furere
2719 5051 2776 5104 in
2808 5050 3101 5107 Christum
3133 5053 3307 5123 cmpit

427 5141 556 5206 Τήν
585 5136 721 5191 κατὰ
747 5137 988 5209 Χριστοῦ
1021 5133 1147 5197 δυὰς
1174 5138 1208 5205 ἡ
1238 5135 1523 5209 τρισαθλία
2008 5155 2059 5209 gl

2008 5138 2243 5209 gemina
2273 5137 2608 5193 mortalium
2636 5138 2882 5210 Erynnis
2914 5142 3087 5209 atque
3116 5140 3390 5212 maxime,

262 5235 380 5289 250
426 5230 658 5303 Βρονῶν
693 5224 899 5298 ἐριννυς
929 5224 1245 5297 αἱμοχαρής
1275 5221 1471 5296 καρδία

2008 5226 2332 5281 tristimum
2364 5226 2694 5283 animorum
2729 5230 2785 5282 et
2808 5227 3286 5284 cruentissimum

300 5393 430 5463 (10)
464 5388 621 5463 λξαὶο
650 5386 941 5463 in_codice
976 5385 1067 5455 ια’,
1097 5386 1383 5463 αῃάθςιηιί
1437 5456 1447 5463 _
1674 5459 1698 5463 _
1852 5458 1888 5463 η
2006 5390 2200 5463 tamen
2217 5385 2890 5463 consequenteslaudes
2925 5388 3093 5463 Probo
3125 5395 3475 5463 congruunt,
3496 5395 3643 5449 teste

300 5455 432 5532 (11')
489 5458 815 5532 Eumenius
864 5472 1072 5532 pancg.
1117 5455 1450 5532 Cantantini
1500 5472 1625 5532 cap.
1670 5459 1704 5508 2
1760 5474 1772 5509 :
1825 5458 1899 5532 Ab
2006 5458 2180 5532 etiam
2216 5455 2455 5532 Zonara'.
2490 5459 2557 5512 Et
2586 5457 2820 5532 quidem
2847 5460 3050 5514 Probus
3081 5455 3356 5515 scribitur
3385 5455 3636 5518 in'codi-

234 5528 333 5593 illo
366 5528 533 5591 enim
564 5532 693 5586 dzvo
741 5528 973 5583 Claudio
1020 5533 1205 5584 manat
1236 5530 1296 5582 in
1331 5534 1386 5582 te
1433 5528 1588 5582 avita
1617 5530 1899 5597 cognatio,
2009 5529 2091 5583 cis
2123 5528 2522 5594 lemmatibus,
2573 5547 2687 5583 non
2738 5531 2926 5584 Florus
2978 5535 3078 5584 aut
3132 5533 3448 5587 Plat-ianus.
3503 5536 3636 5588 Exi-

232 5608 333 5682 qui
365 5601 622 5682 Roman_i
652 5601 874 5682 imperii
901 5600 1132 5654 solutam
1161 5603 1214 5655 et
1244 5600 1518 5668 perditam
1548 5600 1899 5669 dssciplinam
2008 5600 2181 5682 stimo
2200 5600 2606 5682 “igitur‘unu‘m
2638 5616 2866 5682 versum
2898 5602 3201 5682 excidisse,
3228 5604 3285 5657 in
3317 5620 3432 5673 quo
3463 5622 3495 5657 a
3516 5608 3637 5659 Flo-

236 5671 853 5752 primeg:_re[or1_nayit.
980 5742 990 5751 ‘
1119 5742 1133 5752 .
1183 5741 1195 5752 _
1226 5741 1236 5752 _
1447 5741 1505 5752 _'
1584 5741 1593 5750 ι
1878 5743 1891 5752 .
2006 5673 2165 5724 riano
2196 5671 2369 5725 ﬁebat
2397 5672 2644 5725 tansitus
2674 5671 2744 5725 ad
2777 5674 3036 5725 Probum.

312 5749 439 5819 (12)
475 5740 619 5800 Cod.
656 5740 914 5813 Φλῶρος,
946 5742 1071 5796 sine
1103 5741 1277 5796 dubio
1308 5757 1412 5812 pro
1440 5741 1895 5807 Florianus;sed
