  <div class='ocr_page' id='page_1' title='image "/cluster/home/n/w/nwhite01/storage/ocr_20150623/143/mdp.39015078384784/019.png"; bbox 0 0 4132 6300; ppageno 0'>
   <div class='ocr_carea' id='block_1_1' title="bbox 415 368 3812 436">
    <p class='ocr_par' dir='ltr' id='par_1_1' title="bbox 415 368 3812 436">
     <span class='ocr_line' id='line_1_1' title="bbox 415 368 3812 436; baseline -0.007 7"><span class='ocrx_word' id='word_1_1' title='bbox 415 368 488 423; x_wconf 84' lang='grc'>23</span> <span class='ocrx_word' id='word_1_2' title='bbox 1620 378 1989 434; x_wconf 72' lang='lat' dir='ltr'>armum</span> <span class='ocrx_word' id='word_1_3' title='bbox 2025 372 2601 430; x_wconf 79' lang='lat' dir='ltr'>CHRONOGBAPHI</span> <span class='ocrx_word' id='word_1_4' title='bbox 3740 378 3812 436; x_wconf 68' lang='lat'>2;,</span> 
     </span>
    </p>
   </div>
   <div class='ocr_carea' id='block_1_2' title="bbox 419 495 1753 569">
    <p class='ocr_par' dir='ltr' id='par_1_2' title="bbox 419 495 1753 569">
     <span class='ocr_line' id='line_1_2' title="bbox 419 495 1753 569; baseline 0.007 -19"><span class='ocrx_word' id='word_1_5' title='bbox 419 510 545 566; x_wconf 85' lang='lat' dir='ltr'>par,</span> <span class='ocrx_word' id='word_1_6' title='bbox 582 495 975 553; x_wconf 80' lang='lat' dir='ltr'>Diocletianus</span> <span class='ocrx_word' id='word_1_7' title='bbox 1009 498 1231 557; x_wconf 81' lang='lat' dir='ltr'>scilicet</span> <span class='ocrx_word' id='word_1_8' title='bbox 1258 506 1314 557; x_wconf 90' lang='lat' dir='ltr'>et</span> <span class='ocrx_word' id='word_1_9' title='bbox 1341 502 1753 569; x_wconf 79' lang='lat' dir='ltr'>Maximianus,</span> 
     </span>
    </p>
   </div>
   <div class='ocr_carea' id='block_1_3' title="bbox 418 585 1520 657">
    <p class='ocr_par' dir='ltr' id='par_1_3' title="bbox 418 585 1520 657">
     <span class='ocr_line' id='line_1_3' title="bbox 418 585 1520 657; baseline 0.01 -21"><span class='ocrx_word' id='word_1_10' title='bbox 418 586 651 639; x_wconf 83' lang='lat' dir='ltr'>utentes</span> <span class='ocrx_word' id='word_1_11' title='bbox 682 585 841 656; x_wconf 88' lang='lat' dir='ltr'>regia</span> <span class='ocrx_word' id='word_1_12' title='bbox 871 590 1155 657; x_wconf 90' lang='lat' dir='ltr'>potestate</span> <span class='ocrx_word' id='word_1_13' title='bbox 1185 590 1520 647; x_wconf 83' lang='lat' dir='ltr'>crudeliter.</span> 
     </span>
    </p>
   </div>
   <div class='ocr_carea' id='block_1_4' title="bbox 419 671 1913 751">
    <p class='ocr_par' dir='ltr' id='par_1_4' title="bbox 419 671 1913 751">
     <span class='ocr_line' id='line_1_4' title="bbox 419 671 1913 751; baseline 0.005 -26"><span class='ocrx_word' id='word_1_14' title='bbox 419 671 489 726; x_wconf 90' lang='lat' dir='ltr'>Et</span> <span class='ocrx_word' id='word_1_15' title='bbox 520 672 677 741; x_wconf 90' lang='lat' dir='ltr'>prior</span> <span class='ocrx_word' id='word_1_16' title='bbox 706 674 944 743; x_wconf 88' lang='lat' dir='ltr'>quidem</span> <span class='ocrx_word' id='word_1_17' title='bbox 976 676 1244 733; x_wconf 84' lang='lat' dir='ltr'>obscuris</span> <span class='ocrx_word' id='word_1_18' title='bbox 1275 679 1336 733; x_wconf 90' lang='lat' dir='ltr'>in</span> <span class='ocrx_word' id='word_1_19' title='bbox 1368 679 1659 735; x_wconf 82' lang='lat' dir='ltr'>Dalmatia</span> <span class='ocrx_word' id='word_1_20' title='bbox 1680 679 1913 751; x_wconf 87' lang='lat' dir='ltr'>genitus</span> 
     </span>
    </p>
   </div>
   <div class='ocr_carea' id='block_1_5' title="bbox 424 761 1737 838">
    <p class='ocr_par' dir='ltr' id='par_1_5' title="bbox 424 761 1737 838">
     <span class='ocr_line' id='line_1_5' title="bbox 424 761 1737 838; baseline 0.006 -23"><span class='ocrx_word' id='word_1_21' title='bbox 424 761 787 832; x_wconf 85' lang='lat' dir='ltr'>parentibus,</span> <span class='ocrx_word' id='word_1_22' title='bbox 819 762 1015 817; x_wconf 88' lang='lat' dir='ltr'>servili</span> <span class='ocrx_word' id='word_1_23' title='bbox 1042 764 1223 835; x_wconf 90' lang='lat' dir='ltr'>stirpe</span> <span class='ocrx_word' id='word_1_24' title='bbox 1255 771 1311 821; x_wconf 91' lang='lat' dir='ltr'>et</span> <span class='ocrx_word' id='word_1_25' title='bbox 1341 768 1737 838; x_wconf 88' lang='lat' dir='ltr'>conspuenda,</span> 
     </span>
    </p>
   </div>
   <div class='ocr_carea' id='block_1_6' title="bbox 427 850 1713 927">
    <p class='ocr_par' dir='ltr' id='par_1_6' title="bbox 427 850 1713 927">
     <span class='ocr_line' id='line_1_6' title="bbox 427 850 1713 927; baseline 0.009 -24"><span class='ocrx_word' id='word_1_26' title='bbox 427 864 637 921; x_wconf 61' lang='lat' dir='ltr'>arcam</span> <span class='ocrx_word' id='word_1_27' title='bbox 668 850 770 905; x_wconf 91' lang='lat' dir='ltr'>Dei</span> <span class='ocrx_word' id='word_1_28' title='bbox 803 852 1039 909; x_wconf 89' lang='lat' dir='ltr'>decreto</span> <span class='ocrx_word' id='word_1_29' title='bbox 1071 854 1383 927; x_wconf 88' lang='lat' dir='ltr'>imperium</span> <span class='ocrx_word' id='word_1_30' title='bbox 1419 858 1713 927; x_wconf 77' lang='lat' dir='ltr'>obtinuit;</span> 
     </span>
    </p>
   </div>
   <div class='ocr_carea' id='block_1_7' title="bbox 430 938 1741 1015">
    <p class='ocr_par' dir='ltr' id='par_1_7' title="bbox 430 938 1741 1015">
     <span class='ocr_line' id='line_1_7' title="bbox 430 938 1741 1015; baseline 0.007 -22"><span class='ocrx_word' id='word_1_31' title='bbox 430 938 599 1008; x_wconf 89' lang='lat' dir='ltr'>cujus</span> <span class='ocrx_word' id='word_1_32' title='bbox 631 940 839 994; x_wconf 92' lang='lat' dir='ltr'>deinde</span> <span class='ocrx_word' id='word_1_33' title='bbox 870 943 1209 1015; x_wconf 83' lang='lat' dir='ltr'>participem</span> <span class='ocrx_word' id='word_1_34' title='bbox 1236 946 1573 1002; x_wconf 81' lang='lat' dir='ltr'>Herculium</span> <span class='ocrx_word' id='word_1_35' title='bbox 1607 948 1741 1002; x_wconf 82' lang='lat' dir='ltr'>fecit</span> 
     </span>
    </p>
   </div>
   <div class='ocr_carea' id='block_1_8' title="bbox 430 1025 1809 1091">
    <p class='ocr_par' dir='ltr' id='par_1_8' title="bbox 430 1025 1809 1091">
     <span class='ocr_line' id='line_1_8' title="bbox 430 1025 1809 1091; baseline 0.004 -9"><span class='ocrx_word' id='word_1_36' title='bbox 430 1025 847 1083; x_wconf 86' lang='lat' dir='ltr'>Maximianum</span> <span class='ocrx_word' id='word_1_37' title='bbox 880 1029 1344 1089; x_wconf 88' lang='lat' dir='ltr'>Christianorum</span> <span class='ocrx_word' id='word_1_38' title='bbox 1380 1035 1556 1091; x_wconf 81' lang='lat' dir='ltr'>exitio</span> <span class='ocrx_word' id='word_1_39' title='bbox 1588 1039 1809 1091; x_wconf 84' lang='lat' dir='ltr'>natum.</span> 
     </span>
    </p>
   </div>
   <div class='ocr_carea' id='block_1_9' title="bbox 431 1114 1683 1194">
    <p class='ocr_par' dir='ltr' id='par_1_9' title="bbox 431 1114 1683 1194">
     <span class='ocr_line' id='line_1_9' title="bbox 431 1114 1683 1194; baseline 0.009 -27"><span class='ocrx_word' id='word_1_40' title='bbox 431 1114 580 1185; x_wconf 89' lang='lat' dir='ltr'>Ergo</span> <span class='ocrx_word' id='word_1_41' title='bbox 611 1114 671 1169; x_wconf 91' lang='lat' dir='ltr'>hi</span> <span class='ocrx_word' id='word_1_42' title='bbox 701 1115 816 1171; x_wconf 90' lang='lat' dir='ltr'>duo</span> <span class='ocrx_word' id='word_1_43' title='bbox 850 1118 919 1171; x_wconf 90' lang='lat' dir='ltr'>ad</span> <span class='ocrx_word' id='word_1_44' title='bbox 944 1120 1258 1189; x_wconf 88' lang='lat' dir='ltr'>perniciem</span> <span class='ocrx_word' id='word_1_45' title='bbox 1287 1123 1683 1194; x_wconf 83' lang='lat' dir='ltr'>conspirantes</span> 
     </span>
    </p>
   </div>
   <div class='ocr_carea' id='block_1_10' title="bbox 435 1202 1805 1282">
    <p class='ocr_par' dir='ltr' id='par_1_10' title="bbox 435 1202 1805 1282">
     <span class='ocr_line' id='line_1_10' title="bbox 435 1202 1805 1282; baseline 0.007 -25"><span class='ocrx_word' id='word_1_46' title='bbox 435 1202 927 1277; x_wconf 86' lang='lat' dir='ltr'>Christianorum,</span> <span class='ocrx_word' id='word_1_47' title='bbox 952 1208 1040 1262; x_wconf 89' lang='lat' dir='ltr'>vel</span> <span class='ocrx_word' id='word_1_48' title='bbox 1074 1208 1271 1278; x_wconf 85' lang='lat' dir='ltr'>potius</span> <span class='ocrx_word' id='word_1_49' title='bbox 1297 1210 1545 1282; x_wconf 87' lang='lat' dir='ltr'>propriae</span> <span class='ocrx_word' id='word_1_50' title='bbox 1577 1210 1805 1278; x_wconf 66' lang='lat' dir='ltr'>animae,</span> 
     </span>
    </p>
   </div>
   <div class='ocr_carea' id='block_1_11' title="bbox 436 1291 1840 1369">
    <p class='ocr_par' dir='ltr' id='par_1_11' title="bbox 436 1291 1840 1369">
     <span class='ocr_line' id='line_1_11' title="bbox 436 1291 1840 1369; baseline 0.007 -24"><span class='ocrx_word' id='word_1_51' title='bbox 436 1291 905 1360; x_wconf 86' lang='lat' dir='ltr'>persecutionem</span> <span class='ocrx_word' id='word_1_52' title='bbox 937 1303 1381 1353; x_wconf 89' lang='lat' dir='ltr'>commoverunt</span> <span class='ocrx_word' id='word_1_53' title='bbox 1412 1298 1795 1369; x_wconf 85' lang='lat' dir='ltr'>asperrimam</span> <span class='ocrx_word' id='word_1_54' title='bbox 1827 1316 1840 1365; x_wconf 92' lang='lat'><strong>;</strong></span> 
     </span>
    </p>
   </div>
   <div class='ocr_carea' id='block_1_12' title="bbox 434 1378 1915 1457">
    <p class='ocr_par' dir='ltr' id='par_1_12' title="bbox 434 1378 1915 1457">
     <span class='ocr_line' id='line_1_12' title="bbox 434 1378 1915 1457; baseline 0.007 -25"><span class='ocrx_word' id='word_1_55' title='bbox 434 1378 859 1450; x_wconf 88' lang='lat' dir='ltr'>turmatimque</span> <span class='ocrx_word' id='word_1_56' title='bbox 890 1398 992 1452; x_wconf 90' lang='lat' dir='ltr'>per</span> <span class='ocrx_word' id='word_1_57' title='bbox 1022 1384 1267 1455; x_wconf 89' lang='lat' dir='ltr'>populos</span> <span class='ocrx_word' id='word_1_58' title='bbox 1297 1386 1915 1457; x_wconf 87' lang='lat' dir='ltr'>ingentemnumerum</span> 
     </span>
    </p>
   </div>
   <div class='ocr_carea' id='block_1_13' title="bbox 442 1469 1783 1538">
    <p class='ocr_par' dir='ltr' id='par_1_13' title="bbox 442 1469 1783 1538">
     <span class='ocr_line' id='line_1_13' title="bbox 442 1469 1783 1538; baseline 0.007 -19"><span class='ocrx_word' id='word_1_59' title='bbox 442 1469 763 1538; x_wconf 82' lang='lat' dir='ltr'>martyrum</span> <span class='ocrx_word' id='word_1_60' title='bbox 798 1470 1113 1528; x_wconf 73' lang='lat' dir='ltr'>effecerunt</span> <span class='ocrx_word' id='word_1_61' title='bbox 1137 1474 1486 1530; x_wconf 79' lang='lat' dir='ltr'>certantium</span> <span class='ocrx_word' id='word_1_62' title='bbox 1516 1474 1741 1531; x_wconf 81' lang='lat' dir='ltr'>fortiter</span> <span class='ocrx_word' id='word_1_63' title='bbox 1770 1492 1783 1528; x_wconf 90' lang='lat'>:</span> 
     </span>
    </p>
   </div>
   <div class='ocr_carea' id='block_1_14' title="bbox 438 1555 1829 1635">
    <p class='ocr_par' dir='ltr' id='par_1_14' title="bbox 438 1555 1829 1635">
     <span class='ocr_line' id='line_1_14' title="bbox 438 1555 1829 1635; baseline 0.008 -27"><span class='ocrx_word' id='word_1_64' title='bbox 438 1555 801 1612; x_wconf 89' lang='lat' dir='ltr'>voluntarias</span> <span class='ocrx_word' id='word_1_65' title='bbox 833 1575 1042 1631; x_wconf 88' lang='lat' dir='ltr'>nempe</span> <span class='ocrx_word' id='word_1_66' title='bbox 1071 1562 1340 1619; x_wconf 85' lang='lat' dir='ltr'>victimas</span> <span class='ocrx_word' id='word_1_67' title='bbox 1370 1569 1428 1619; x_wconf 86' lang='lat' dir='ltr'>et</span> <span class='ocrx_word' id='word_1_68' title='bbox 1458 1564 1829 1635; x_wconf 85' lang='lat' dir='ltr'>purissimas,</span> 
     </span>
    </p>
   </div>
   <div class='ocr_carea' id='block_1_15' title="bbox 444 1642 1714 1722">
    <p class='ocr_par' dir='ltr' id='par_1_15' title="bbox 444 1642 1714 1722">
     <span class='ocr_line' id='line_1_15' title="bbox 444 1642 1714 1722; baseline 0.006 -23"><span class='ocrx_word' id='word_1_69' title='bbox 444 1642 669 1699; x_wconf 84' lang='lat' dir='ltr'>animas</span> <span class='ocrx_word' id='word_1_70' title='bbox 701 1660 1125 1721; x_wconf 84' lang='lat' dir='ltr'>usquequaque</span> <span class='ocrx_word' id='word_1_71' title='bbox 1148 1655 1416 1722; x_wconf 81' lang='lat' dir='ltr'>acceptas</span> <span class='ocrx_word' id='word_1_72' title='bbox 1448 1652 1714 1707; x_wconf 90' lang='lat' dir='ltr'>Domino.</span> 
     </span>
    </p>
   </div>
   <div class='ocr_carea' id='block_1_16' title="bbox 443 1732 1820 1811">
    <p class='ocr_par' dir='ltr' id='par_1_16' title="bbox 443 1732 1820 1811">
     <span class='ocr_line' id='line_1_16' title="bbox 443 1732 1820 1811; baseline 0.007 -26"><span class='ocrx_word' id='word_1_73' title='bbox 443 1732 620 1788; x_wconf 89' lang='lat' dir='ltr'>Porro</span> <span class='ocrx_word' id='word_1_74' title='bbox 651 1737 895 1804; x_wconf 89' lang='lat' dir='ltr'>uterque</span> <span class='ocrx_word' id='word_1_75' title='bbox 925 1743 1196 1807; x_wconf 88' lang='lat' dir='ltr'>regnator</span> <span class='ocrx_word' id='word_1_76' title='bbox 1222 1756 1504 1809; x_wconf 83' lang='lat' dir='ltr'>generum</span> <span class='ocrx_word' id='word_1_77' title='bbox 1536 1739 1647 1795; x_wconf 89' lang='lat' dir='ltr'>sibi</span> <span class='ocrx_word' id='word_1_78' title='bbox 1680 1739 1820 1811; x_wconf 85' lang='lat' dir='ltr'>legit</span> 
     </span>
    </p>
   </div>
   <div class='ocr_carea' id='block_1_17' title="bbox 445 1821 1764 1892">
    <p class='ocr_par' dir='ltr' id='par_1_17' title="bbox 445 1821 1764 1892">
     <span class='ocr_line' id='line_1_17' title="bbox 445 1821 1764 1892; baseline 0.004 -15"><span class='ocrx_word' id='word_1_79' title='bbox 445 1821 537 1877; x_wconf 92' lang='lat' dir='ltr'>cui</span> <span class='ocrx_word' id='word_1_80' title='bbox 570 1823 866 1892; x_wconf 88' lang='lat' dir='ltr'>propriam</span> <span class='ocrx_word' id='word_1_81' title='bbox 898 1824 1200 1882; x_wconf 88' lang='lat' dir='ltr'>collocavit</span> <span class='ocrx_word' id='word_1_82' title='bbox 1230 1828 1501 1884; x_wconf 83' lang='lat' dir='ltr'>dilectam</span> <span class='ocrx_word' id='word_1_83' title='bbox 1535 1827 1714 1883; x_wconf 88' lang='lat' dir='ltr'>ﬁliam</span> <span class='ocrx_word' id='word_1_84' title='bbox 1752 1844 1764 1882; x_wconf 92' lang='lat'>:</span> 
     </span>
    </p>
   </div>
   <div class='ocr_carea' id='block_1_18' title="bbox 448 1908 1869 1972">
    <p class='ocr_par' dir='ltr' id='par_1_18' title="bbox 448 1908 1869 1972">
     <span class='ocr_line' id='line_1_18' title="bbox 448 1908 1869 1972; baseline 0.006 -8"><span class='ocrx_word' id='word_1_85' title='bbox 448 1908 838 1965; x_wconf 86' lang='lat' dir='ltr'>Maximianus</span> <span class='ocrx_word' id='word_1_86' title='bbox 869 1912 1122 1969; x_wconf 90' lang='lat' dir='ltr'>nobilem</span> <span class='ocrx_word' id='word_1_87' title='bbox 1155 1915 1561 1972; x_wconf 88' lang='lat' dir='ltr'>Constantium</span> <span class='ocrx_word' id='word_1_88' title='bbox 1593 1916 1869 1972; x_wconf 91' lang='lat' dir='ltr'>Cblorum</span> 
     </span>
    </p>
   </div>
   <div class='ocr_carea' id='block_1_19' title="bbox 449 1997 1638 2075">
    <p class='ocr_par' dir='ltr' id='par_1_19' title="bbox 449 1997 1638 2075">
     <span class='ocr_line' id='line_1_19' title="bbox 449 1997 1638 2075; baseline 0.009 -25"><span class='ocrx_word' id='word_1_89' title='bbox 449 1997 547 2067; x_wconf 87' lang='lat' dir='ltr'>qui</span> <span class='ocrx_word' id='word_1_90' title='bbox 580 1999 815 2052; x_wconf 86' lang='lat' dir='ltr'>maximi</span> <span class='ocrx_word' id='word_1_91' title='bbox 847 2003 1209 2058; x_wconf 87' lang='lat' dir='ltr'>Constantini</span> <span class='ocrx_word' id='word_1_92' title='bbox 1240 2021 1453 2075; x_wconf 88' lang='lat' dir='ltr'>parens</span> <span class='ocrx_word' id='word_1_93' title='bbox 1482 2006 1594 2061; x_wconf 90' lang='lat' dir='ltr'>fuit</span> <span class='ocrx_word' id='word_1_94' title='bbox 1624 2026 1638 2074; x_wconf 87' lang='lat'><strong>;</strong></span> 
     </span>
    </p>
   </div>
   <div class='ocr_carea' id='block_1_20' title="bbox 448 2084 1508 2162">
    <p class='ocr_par' dir='ltr' id='par_1_20' title="bbox 448 2084 1508 2162">
     <span class='ocr_line' id='line_1_20' title="bbox 448 2084 1508 2162; baseline 0.007 -20"><span class='ocrx_word' id='word_1_95' title='bbox 448 2084 846 2143; x_wconf 86' lang='lat' dir='ltr'>Diocletianus</span> <span class='ocrx_word' id='word_1_96' title='bbox 875 2093 1071 2145; x_wconf 87' lang='lat' dir='ltr'>autem</span> <span class='ocrx_word' id='word_1_97' title='bbox 1104 2091 1508 2162; x_wconf 86' lang='lat' dir='ltr'>Maximinum,</span> 
     </span>
    </p>
   </div>
   <div class='ocr_carea' id='block_1_21' title="bbox 452 2174 1481 2248">
    <p class='ocr_par' dir='ltr' id='par_1_21' title="bbox 452 2174 1481 2248">
     <span class='ocr_line' id='line_1_21' title="bbox 452 2174 1481 2248; baseline 0.009 -19"><span class='ocrx_word' id='word_1_98' title='bbox 452 2174 545 2229; x_wconf 92' lang='lat' dir='ltr'>cui</span> <span class='ocrx_word' id='word_1_99' title='bbox 577 2174 804 2230; x_wconf 91' lang='lat' dir='ltr'>Galerio</span> <span class='ocrx_word' id='word_1_100' title='bbox 837 2192 1069 2248; x_wconf 89' lang='lat' dir='ltr'>quoque</span> <span class='ocrx_word' id='word_1_101' title='bbox 1099 2196 1308 2235; x_wconf 89' lang='lat' dir='ltr'>nomen</span> <span class='ocrx_word' id='word_1_102' title='bbox 1338 2187 1481 2238; x_wconf 88' lang='lat' dir='ltr'>erat.</span> 
     </span>
    </p>
   </div>
   <div class='ocr_carea' id='block_1_22' title="bbox 453 2263 1723 2339">
    <p class='ocr_par' dir='ltr' id='par_1_22' title="bbox 453 2263 1723 2339">
     <span class='ocr_line' id='line_1_22' title="bbox 453 2263 1723 2339; baseline 0.007 -23"><span class='ocrx_word' id='word_1_103' title='bbox 453 2263 640 2333; x_wconf 81' lang='lat' dir='ltr'>Atque</span> <span class='ocrx_word' id='word_1_104' title='bbox 670 2263 761 2317; x_wconf 86' lang='lat' dir='ltr'>his</span> <span class='ocrx_word' id='word_1_105' title='bbox 790 2266 1048 2321; x_wconf 73' lang='lat' dir='ltr'>Caesarea</span> <span class='ocrx_word' id='word_1_106' title='bbox 1077 2267 1336 2339; x_wconf 82' lang='lat' dir='ltr'>dignitas</span> <span class='ocrx_word' id='word_1_107' title='bbox 1362 2275 1449 2325; x_wconf 89' lang='lat' dir='ltr'>est</span> <span class='ocrx_word' id='word_1_108' title='bbox 1479 2271 1723 2327; x_wconf 88' lang='lat' dir='ltr'>tributa.</span> 
     </span>
    </p>
   </div>
   <div class='ocr_carea' id='block_1_23' title="bbox 451 2351 1946 2433">
    <p class='ocr_par' dir='ltr' id='par_1_23' title="bbox 451 2351 1946 2433">
     <span class='ocr_line' id='line_1_23' title="bbox 451 2351 1946 2433; baseline 0.006 -27"><span class='ocrx_word' id='word_1_109' title='bbox 451 2351 581 2407; x_wconf 87' lang='lat' dir='ltr'>Jam</span> <span class='ocrx_word' id='word_1_110' title='bbox 614 2368 748 2407; x_wconf 92' lang='lat' dir='ltr'>cum</span> <span class='ocrx_word' id='word_1_111' title='bbox 779 2352 1171 2411; x_wconf 84' lang='lat' dir='ltr'>Christianam</span> <span class='ocrx_word' id='word_1_112' title='bbox 1204 2358 1575 2429; x_wconf 85' lang='lat' dir='ltr'>exstinguere</span> <span class='ocrx_word' id='word_1_113' title='bbox 1605 2360 1946 2433; x_wconf 89' lang='lat' dir='ltr'>religionem</span> 
     </span>
    </p>
   </div>
   <div class='ocr_carea' id='block_1_24' title="bbox 453 2441 1765 2516">
    <p class='ocr_par' dir='ltr' id='par_1_24' title="bbox 453 2441 1765 2516">
     <span class='ocr_line' id='line_1_24' title="bbox 453 2441 1765 2516; baseline 0.009 -23"><span class='ocrx_word' id='word_1_114' title='bbox 453 2441 687 2512; x_wconf 83' lang='lat' dir='ltr'>tyranni</span> <span class='ocrx_word' id='word_1_115' title='bbox 717 2443 831 2497; x_wconf 93' lang='lat' dir='ltr'>duo</span> <span class='ocrx_word' id='word_1_116' title='bbox 865 2460 979 2498; x_wconf 90' lang='lat' dir='ltr'>non</span> <span class='ocrx_word' id='word_1_117' title='bbox 1009 2450 1268 2516; x_wconf 88' lang='lat' dir='ltr'>possent,</span> <span class='ocrx_word' id='word_1_118' title='bbox 1298 2455 1576 2503; x_wconf 80' lang='lat' dir='ltr'>conantes</span> <span class='ocrx_word' id='word_1_119' title='bbox 1608 2448 1765 2516; x_wconf 88' lang='lat' dir='ltr'>licet,</span> 
     </span>
    </p>
   </div>
   <div class='ocr_carea' id='block_1_25' title="bbox 456 2530 1657 2606">
    <p class='ocr_par' dir='ltr' id='par_1_25' title="bbox 456 2530 1657 2606">
     <span class='ocr_line' id='line_1_25' title="bbox 456 2530 1657 2606; baseline 0.006 -21"><span class='ocrx_word' id='word_1_120' title='bbox 456 2530 872 2586; x_wconf 89' lang='lat' dir='ltr'>abdicaverunt</span> <span class='ocrx_word' id='word_1_121' title='bbox 905 2531 1055 2588; x_wconf 91' lang='lat' dir='ltr'>ultro</span> <span class='ocrx_word' id='word_1_122' title='bbox 1089 2534 1433 2606; x_wconf 90' lang='lat' dir='ltr'>dignitatem</span> <span class='ocrx_word' id='word_1_123' title='bbox 1465 2554 1657 2603; x_wconf 90' lang='lat' dir='ltr'>suam,</span> 
     </span>
    </p>
   </div>
   <div class='ocr_carea' id='block_1_26' title="bbox 457 2617 1713 2694">
    <p class='ocr_par' dir='ltr' id='par_1_26' title="bbox 457 2617 1713 2694">
     <span class='ocr_line' id='line_1_26' title="bbox 457 2617 1713 2694; baseline 0.007 -22"><span class='ocrx_word' id='word_1_124' title='bbox 457 2617 902 2689; x_wconf 66' lang='lat' dir='ltr'>Caesaribusque</span> <span class='ocrx_word' id='word_1_125' title='bbox 935 2620 1246 2693; x_wconf 89' lang='lat' dir='ltr'>imperium</span> <span class='ocrx_word' id='word_1_126' title='bbox 1281 2625 1675 2694; x_wconf 83' lang='lat' dir='ltr'>permiserunt</span> <span class='ocrx_word' id='word_1_127' title='bbox 1700 2645 1713 2694; x_wconf 89' lang='lat'><strong>;</strong></span> 
     </span>
    </p>
   </div>
   <div class='ocr_carea' id='block_1_27' title="bbox 457 2705 1715 2785">
    <p class='ocr_par' dir='ltr' id='par_1_27' title="bbox 457 2705 1715 2785">
     <span class='ocr_line' id='line_1_27' title="bbox 457 2705 1715 2785; baseline 0.01 -26"><span class='ocrx_word' id='word_1_128' title='bbox 457 2705 541 2761; x_wconf 89' lang='lat' dir='ltr'>ita</span> <span class='ocrx_word' id='word_1_129' title='bbox 572 2712 633 2761; x_wconf 91' lang='lat' dir='ltr'>ut</span> <span class='ocrx_word' id='word_1_130' title='bbox 663 2706 925 2764; x_wconf 88' lang='lat' dir='ltr'>Galerius</span> <span class='ocrx_word' id='word_1_131' title='bbox 958 2709 1193 2781; x_wconf 91' lang='lat' dir='ltr'>quidem</span> <span class='ocrx_word' id='word_1_132' title='bbox 1225 2711 1280 2767; x_wconf 89' lang='lat' dir='ltr'>in</span> <span class='ocrx_word' id='word_1_133' title='bbox 1314 2717 1433 2769; x_wconf 89' lang='lat' dir='ltr'>toto</span> <span class='ocrx_word' id='word_1_134' title='bbox 1460 2714 1715 2785; x_wconf 88' lang='lat' dir='ltr'>Oriente,</span> 
     </span>
    </p>
   </div>
   <div class='ocr_carea' id='block_1_28' title="bbox 460 2794 1845 2875">
    <p class='ocr_par' dir='ltr' id='par_1_28' title="bbox 460 2794 1845 2875">
     <span class='ocr_line' id='line_1_28' title="bbox 460 2794 1845 2875; baseline 0.006 -25"><span class='ocrx_word' id='word_1_135' title='bbox 460 2794 841 2851; x_wconf 89' lang='lat' dir='ltr'>Constantius</span> <span class='ocrx_word' id='word_1_136' title='bbox 874 2796 933 2852; x_wconf 91' lang='lat' dir='ltr'>in</span> <span class='ocrx_word' id='word_1_137' title='bbox 967 2799 1227 2856; x_wconf 89' lang='lat' dir='ltr'>occiduis</span> <span class='ocrx_word' id='word_1_138' title='bbox 1259 2808 1529 2874; x_wconf 87' lang='lat' dir='ltr'>regnaret</span> <span class='ocrx_word' id='word_1_139' title='bbox 1560 2804 1845 2875; x_wconf 89' lang='lat' dir='ltr'>partibus.</span> 
     </span>
    </p>
   </div>
   <div class='ocr_carea' id='block_1_29' title="bbox 463 2882 1578 2961">
    <p class='ocr_par' dir='ltr' id='par_1_29' title="bbox 463 2882 1578 2961">
     <span class='ocr_line' id='line_1_29' title="bbox 463 2882 1578 2961; baseline 0.008 -25"><span class='ocrx_word' id='word_1_140' title='bbox 463 2882 599 2938; x_wconf 86' lang='lat' dir='ltr'>Erat</span> <span class='ocrx_word' id='word_1_141' title='bbox 628 2883 804 2939; x_wconf 88' lang='lat' dir='ltr'>etiam</span> <span class='ocrx_word' id='word_1_142' title='bbox 837 2886 1045 2942; x_wconf 90' lang='lat' dir='ltr'>tertius</span> <span class='ocrx_word' id='word_1_143' title='bbox 1076 2888 1267 2943; x_wconf 73' lang='lat' dir='ltr'>Romae</span> <span class='ocrx_word' id='word_1_144' title='bbox 1293 2893 1578 2961; x_wconf 84' lang='lat' dir='ltr'>tyrannus</span> 
     </span>
    </p>
   </div>
   <div class='ocr_carea' id='block_1_30' title="bbox 462 2970 1568 3036">
    <p class='ocr_par' dir='ltr' id='par_1_30' title="bbox 462 2970 1568 3036">
     <span class='ocr_line' id='line_1_30' title="bbox 462 2970 1568 3036; baseline 0.011 -12"><span class='ocrx_word' id='word_1_145' title='bbox 462 2970 716 3026; x_wconf 84' lang='lat' dir='ltr'>Herculii</span> <span class='ocrx_word' id='word_1_146' title='bbox 747 2972 905 3028; x_wconf 87' lang='lat' dir='ltr'>ﬁlius</span> <span class='ocrx_word' id='word_1_147' title='bbox 934 2977 1258 3032; x_wconf 86' lang='lat' dir='ltr'>Maxentius</span> <span class='ocrx_word' id='word_1_148' title='bbox 1291 2978 1568 3036; x_wconf 87' lang='lat' dir='ltr'>furiosus.</span> 
     </span>
    </p>
   </div>
   <div class='ocr_carea' id='block_1_31' title="bbox 463 3063 1846 3139">
    <p class='ocr_par' dir='ltr' id='par_1_31' title="bbox 463 3063 1846 3139">
     <span class='ocr_line' id='line_1_31' title="bbox 463 3063 1846 3139; baseline 0.007 -25"><span class='ocrx_word' id='word_1_149' title='bbox 463 3063 879 3117; x_wconf 85' lang='lat' dir='ltr'>Verumtamen</span> <span class='ocrx_word' id='word_1_150' title='bbox 911 3064 1287 3121; x_wconf 85' lang='lat' dir='ltr'>Constantius</span> <span class='ocrx_word' id='word_1_151' title='bbox 1316 3068 1547 3123; x_wconf 85' lang='lat' dir='ltr'>cunctis</span> <span class='ocrx_word' id='word_1_152' title='bbox 1579 3067 1846 3139; x_wconf 90' lang='lat' dir='ltr'>placidus</span> 
     </span>
    </p>
   </div>
   <div class='ocr_carea' id='block_1_32' title="bbox 467 3147 1583 3225">
    <p class='ocr_par' dir='ltr' id='par_1_32' title="bbox 467 3147 1583 3225">
     <span class='ocr_line' id='line_1_32' title="bbox 467 3147 1583 3225; baseline 0.007 -23"><span class='ocrx_word' id='word_1_153' title='bbox 467 3147 827 3204; x_wconf 88' lang='lat' dir='ltr'>Christianos</span> <span class='ocrx_word' id='word_1_154' title='bbox 851 3151 1133 3221; x_wconf 87' lang='lat' dir='ltr'>diligebat</span> <span class='ocrx_word' id='word_1_155' title='bbox 1163 3153 1541 3225; x_wconf 86' lang='lat' dir='ltr'>singulariter</span> <span class='ocrx_word' id='word_1_156' title='bbox 1570 3172 1583 3210; x_wconf 92' lang='lat'>:</span> 
     </span>
    </p>
   </div>
   <div class='ocr_carea' id='block_1_33' title="bbox 466 3236 1633 3314">
    <p class='ocr_par' dir='ltr' id='par_1_33' title="bbox 466 3236 1633 3314">
     <span class='ocr_line' id='line_1_33' title="bbox 466 3236 1633 3314; baseline 0.008 -23"><span class='ocrx_word' id='word_1_157' title='bbox 466 3242 524 3292; x_wconf 89' lang='lat' dir='ltr'>at</span> <span class='ocrx_word' id='word_1_158' title='bbox 550 3236 905 3294; x_wconf 82' lang='lat' dir='ltr'>Maximinus</span> <span class='ocrx_word' id='word_1_159' title='bbox 938 3241 1325 3311; x_wconf 89' lang='lat' dir='ltr'>permolestus</span> <span class='ocrx_word' id='word_1_160' title='bbox 1358 3244 1633 3314; x_wconf 90' lang='lat' dir='ltr'>subditis,</span> 
     </span>
    </p>
   </div>
   <div class='ocr_carea' id='block_1_34' title="bbox 468 3326 1672 3404">
    <p class='ocr_par' dir='ltr' id='par_1_34' title="bbox 468 3326 1672 3404">
     <span class='ocr_line' id='line_1_34' title="bbox 468 3326 1672 3404; baseline 0.007 -24"><span class='ocrx_word' id='word_1_161' title='bbox 468 3326 846 3395; x_wconf 90' lang='lat' dir='ltr'>mulierosus,</span> <span class='ocrx_word' id='word_1_162' title='bbox 881 3330 1168 3400; x_wconf 72' lang='lat' dir='ltr'>mmchus,</span> <span class='ocrx_word' id='word_1_163' title='bbox 1200 3332 1384 3403; x_wconf 86' lang='lat' dir='ltr'>pestis</span> <span class='ocrx_word' id='word_1_164' title='bbox 1416 3333 1672 3404; x_wconf 91' lang='lat' dir='ltr'>publica,</span> 
     </span>
    </p>
   </div>
   <div class='ocr_carea' id='block_1_35' title="bbox 2091 501 2145 567">
    <p class='ocr_par' dir='ltr' id='par_1_35' title="bbox 2091 501 2145 567">
     <span class='ocr_line' id='line_1_35' title="bbox 2091 501 2145 567; baseline 0 0"><span class='ocrx_word' id='word_1_165' title='bbox 2091 501 2145 567; x_wconf 81' lang='grc' dir='ltr'><strong>Α</strong></span> 
     </span>
    </p>
   </div>
   <div class='ocr_carea' id='block_1_36' title="bbox 2111 1871 2159 1935">
    <p class='ocr_par' dir='ltr' id='par_1_36' title="bbox 2111 1871 2159 1935">
     <span class='ocr_line' id='line_1_36' title="bbox 2111 1871 2159 1935; baseline 0 0"><span class='ocrx_word' id='word_1_166' title='bbox 2111 1871 2159 1935; x_wconf 92' lang='grc' dir='ltr'><strong>Β</strong></span> 
     </span>
    </p>
   </div>
   <div class='ocr_carea' id='block_1_37' title="bbox 2348 493 3208 568">
    <p class='ocr_par' dir='ltr' id='par_1_37' title="bbox 2348 493 3208 568">
     <span class='ocr_line' id='line_1_37' title="bbox 2348 493 3208 568; baseline 0.001 -17"><span class='ocrx_word' id='word_1_167' title='bbox 2348 493 2683 567; x_wconf 79' lang='grc' dir='ltr'>Μαξιμιανὸς</span> <span class='ocrx_word' id='word_1_168' title='bbox 2712 496 3103 567; x_wconf 79' lang='grc' dir='ltr'>Διοκλητιανός</span> <span class='ocrx_word' id='word_1_169' title='bbox 3129 518 3208 568; x_wconf 91' lang='grc' dir='ltr'>τε,</span> 
     </span>
    </p>
   </div>
   <div class='ocr_carea' id='block_1_38' title="bbox 2348 585 3574 664">
    <p class='ocr_par' dir='ltr' id='par_1_38' title="bbox 2348 585 3574 664">
     <span class='ocr_line' id='line_1_38' title="bbox 2348 585 3574 664; baseline 0.006 -26"><span class='ocrx_word' id='word_1_170' title='bbox 2348 586 2530 657; x_wconf 80' lang='grc' dir='ltr'>Ὠμῶς</span> <span class='ocrx_word' id='word_1_171' title='bbox 2561 585 2827 659; x_wconf 80' lang='grc' dir='ltr'>κατῆρξαν</span> <span class='ocrx_word' id='word_1_172' title='bbox 2859 590 2954 640; x_wconf 76' lang='grc' dir='ltr'>τοῦ</span> <span class='ocrx_word' id='word_1_173' title='bbox 2992 586 3271 661; x_wconf 85' lang='grc' dir='ltr'>βασιλείου</span> <span class='ocrx_word' id='word_1_174' title='bbox 3298 589 3526 664; x_wconf 77' lang='grc' dir='ltr'>κράτους</span> <span class='ocrx_word' id='word_1_175' title='bbox 3561 606 3574 622; x_wconf 83' lang='grc'><strong><em>⁸</em></strong></span> 
     </span>
    </p>
   </div>
   <div class='ocr_carea' id='block_1_39' title="bbox 2344 672 3530 751">
    <p class='ocr_par' dir='ltr' id='par_1_39' title="bbox 2344 672 3530 751">
     <span class='ocr_line' id='line_1_39' title="bbox 2344 672 3530 751; baseline 0.003 -22"><span class='ocrx_word' id='word_1_176' title='bbox 2344 674 2443 734; x_wconf 72' lang='grc' dir='ltr'>’Ὀς</span> <span class='ocrx_word' id='word_1_177' title='bbox 2472 673 2717 746; x_wconf 86' lang='grc' dir='ltr'>πατέρων</span> <span class='ocrx_word' id='word_1_178' title='bbox 2752 673 2852 749; x_wconf 82' lang='grc' dir='ltr'>φὺς</span> <span class='ocrx_word' id='word_1_179' title='bbox 2886 672 3150 748; x_wconf 78' lang='grc' dir='ltr'>δυσ-γενῶν</span> <span class='ocrx_word' id='word_1_180' title='bbox 3185 677 3530 751; x_wconf 84' lang='grc' dir='ltr'>Δαλματόθεν</span> 
     </span>
    </p>
   </div>
   <div class='ocr_carea' id='block_1_40' title="bbox 2348 760 3408 841">
    <p class='ocr_par' dir='ltr' id='par_1_40' title="bbox 2348 760 3408 841">
     <span class='ocr_line' id='line_1_40' title="bbox 2348 760 3408 841; baseline 0.006 -26"><span class='ocrx_word' id='word_1_181' title='bbox 2348 762 2599 833; x_wconf 83' lang='grc' dir='ltr'>Ἀσημος</span> <span class='ocrx_word' id='word_1_182' title='bbox 2631 761 2665 830; x_wconf 76' lang='grc' dir='ltr'>ἣ</span> <span class='ocrx_word' id='word_1_183' title='bbox 2696 760 2987 837; x_wconf 83' lang='grc' dir='ltr'>τρίδουλος</span> <span class='ocrx_word' id='word_1_184' title='bbox 3015 760 3408 841; x_wconf 80' lang='grc' dir='ltr'>ἐϐδελυγμένος</span> 
     </span>
    </p>
   </div>
   <div class='ocr_carea' id='block_1_41' title="bbox 2206 849 3495 929">
    <p class='ocr_par' dir='ltr' id='par_1_41' title="bbox 2206 849 3495 929">
     <span class='ocr_line' id='line_1_41' title="bbox 2206 849 3495 929; baseline 0.002 -23"><span class='ocrx_word' id='word_1_185' title='bbox 2206 851 2313 906; x_wconf 89' lang='grc'>255</span> <span class='ocrx_word' id='word_1_186' title='bbox 2350 854 2482 904; x_wconf 74' lang='grc' dir='ltr'>Θεοῦ</span> <span class='ocrx_word' id='word_1_187' title='bbox 2512 849 2791 924; x_wconf 88' lang='grc' dir='ltr'>κριμάτων</span> <span class='ocrx_word' id='word_1_188' title='bbox 2822 854 3081 927; x_wconf 81' lang='grc' dir='ltr'>τυγχάνει</span> <span class='ocrx_word' id='word_1_189' title='bbox 3111 856 3447 929; x_wconf 86' lang='grc' dir='ltr'>κραταρχίας</span> <span class='ocrx_word' id='word_1_190' title='bbox 3484 876 3495 887; x_wconf 94' lang='grc'><strong>·</strong></span> 
     </span>
    </p>
   </div>
   <div class='ocr_carea' id='block_1_42' title="bbox 2348 939 3519 1017">
    <p class='ocr_par' dir='ltr' id='par_1_42' title="bbox 2348 939 3519 1017">
     <span class='ocr_line' id='line_1_42' title="bbox 2348 939 3519 1017; baseline 0.005 -23"><span class='ocrx_word' id='word_1_191' title='bbox 2348 940 2453 1000; x_wconf 89' lang='grc' dir='ltr'>Ἧς</span> <span class='ocrx_word' id='word_1_192' title='bbox 2486 942 2859 1013; x_wconf 83' lang='grc' dir='ltr'>συμμεριστὴν</span> <span class='ocrx_word' id='word_1_193' title='bbox 2891 942 3216 1016; x_wconf 72' lang='grc' dir='ltr'>Ἐρκούλιον</span> <span class='ocrx_word' id='word_1_194' title='bbox 3252 939 3519 1017; x_wconf 79' lang='grc' dir='ltr'>λαμϐάνει</span> 
     </span>
    </p>
   </div>
   <div class='ocr_carea' id='block_1_43' title="bbox 2357 1023 3268 1105">
    <p class='ocr_par' dir='ltr' id='par_1_43' title="bbox 2357 1023 3268 1105">
     <span class='ocr_line' id='line_1_43' title="bbox 2357 1023 3268 1105; baseline 0.003 -22"><span class='ocrx_word' id='word_1_195' title='bbox 2357 1026 2692 1100; x_wconf 81' lang='grc' dir='ltr'>Μαξιμιανὸν</span> <span class='ocrx_word' id='word_1_196' title='bbox 2719 1023 2948 1083; x_wconf 75' lang='grc' dir='ltr'>εὐσεϐῶν</span> <span class='ocrx_word' id='word_1_197' title='bbox 2984 1030 3268 1105; x_wconf 85' lang='grc' dir='ltr'>ἆναιρέτην</span> 
     </span>
    </p>
   </div>
   <div class='ocr_carea' id='block_1_44' title="bbox 2356 1114 3454 1190">
    <p class='ocr_par' dir='ltr' id='par_1_44' title="bbox 2356 1114 3454 1190">
     <span class='ocr_line' id='line_1_44' title="bbox 2356 1114 3454 1190; baseline 0.006 -22"><span class='ocrx_word' id='word_1_198' title='bbox 2356 1114 2475 1169; x_wconf 79' lang='grc' dir='ltr'>Ἐπὶ</span> <span class='ocrx_word' id='word_1_199' title='bbox 2507 1120 2657 1186; x_wconf 76' lang='grc' dir='ltr'>κακῴ</span> <span class='ocrx_word' id='word_1_200' title='bbox 2686 1120 2813 1190; x_wconf 78' lang='grc' dir='ltr'>γοῦν</span> <span class='ocrx_word' id='word_1_201' title='bbox 2842 1115 2984 1171; x_wconf 81' lang='grc' dir='ltr'>τώδε</span> <span class='ocrx_word' id='word_1_202' title='bbox 3015 1121 3454 1189; x_wconf 80' lang='grc' dir='ltr'>συμπιπνευκότε</span> 
     </span>
    </p>
   </div>
   <div class='ocr_carea' id='block_1_45' title="bbox 2355 1201 3565 1282">
    <p class='ocr_par' dir='ltr' id='par_1_45' title="bbox 2355 1201 3565 1282">
     <span class='ocr_line' id='line_1_45' title="bbox 2355 1201 3565 1282; baseline 0.003 -23"><span class='ocrx_word' id='word_1_203' title='bbox 2355 1204 2589 1273; x_wconf 79' lang='grc' dir='ltr'>Χριστοῦ</span> <span class='ocrx_word' id='word_1_204' title='bbox 2623 1201 2846 1277; x_wconf 85' lang='grc' dir='ltr'>μερίδος</span> <span class='ocrx_word' id='word_1_205' title='bbox 2877 1205 2911 1273; x_wconf 71' lang='grc' dir='ltr'>ἢ</span> <span class='ocrx_word' id='word_1_206' title='bbox 2945 1204 3112 1260; x_wconf 89' lang='grc' dir='ltr'>πλέον</span> <span class='ocrx_word' id='word_1_207' title='bbox 3147 1210 3292 1282; x_wconf 82' lang='grc' dir='ltr'>σφῶν</span> <span class='ocrx_word' id='word_1_208' title='bbox 3321 1205 3565 1282; x_wconf 83' lang='grc' dir='ltr'>καρδίας,</span> 
     </span>
    </p>
   </div>
   <div class='ocr_carea' id='block_1_46' title="bbox 2213 1291 3310 1367">
    <p class='ocr_par' dir='ltr' id='par_1_46' title="bbox 2213 1291 3310 1367">
     <span class='ocr_line' id='line_1_46' title="bbox 2213 1291 3310 1367; baseline -0.001 -19"><span class='ocrx_word' id='word_1_209' title='bbox 2213 1294 2317 1348; x_wconf 85' lang='grc'>260</span> <span class='ocrx_word' id='word_1_210' title='bbox 2356 1292 2608 1365; x_wconf 87' lang='grc' dir='ltr'>Διωγμὸν</span> <span class='ocrx_word' id='word_1_211' title='bbox 2643 1291 2913 1365; x_wconf 83' lang='grc' dir='ltr'>ἀφόρητον</span> <span class='ocrx_word' id='word_1_212' title='bbox 2949 1292 3310 1367; x_wconf 73' lang='grc' dir='ltr'>ἆξηγειρέτην,</span> 
     </span>
    </p>
   </div>
   <div class='ocr_carea' id='block_1_47' title="bbox 2359 1376 3364 1456">
    <p class='ocr_par' dir='ltr' id='par_1_47' title="bbox 2359 1376 3364 1456">
     <span class='ocr_line' id='line_1_47' title="bbox 2359 1376 3364 1456; baseline 0.003 -21"><span class='ocrx_word' id='word_1_213' title='bbox 2359 1379 2461 1435; x_wconf 90' lang='grc' dir='ltr'>Καὶ</span> <span class='ocrx_word' id='word_1_214' title='bbox 2491 1380 2627 1433; x_wconf 84' lang='grc' dir='ltr'>κατᾶ</span> <span class='ocrx_word' id='word_1_215' title='bbox 2659 1376 2874 1452; x_wconf 79' lang='grc' dir='ltr'>δήμους</span> <span class='ocrx_word' id='word_1_216' title='bbox 2905 1379 3011 1435; x_wconf 71' lang='grc' dir='ltr'>εἴτε</span> <span class='ocrx_word' id='word_1_217' title='bbox 3040 1381 3364 1456; x_wconf 73' lang='grc' dir='ltr'>χιλιοστύας</span> 
     </span>
    </p>
   </div>
   <div class='ocr_carea' id='block_1_48' title="bbox 2358 1465 3407 1545">
    <p class='ocr_par' dir='ltr' id='par_1_48' title="bbox 2358 1465 3407 1545">
     <span class='ocr_line' id='line_1_48' title="bbox 2358 1465 3407 1545; baseline 0.002 -22"><span class='ocrx_word' id='word_1_218' title='bbox 2358 1465 2649 1541; x_wconf 84' lang='grc' dir='ltr'>Μάρτυρας</span> <span class='ocrx_word' id='word_1_219' title='bbox 2682 1468 2959 1544; x_wconf 83' lang='grc' dir='ltr'>ἀπέφηναν</span> <span class='ocrx_word' id='word_1_220' title='bbox 2985 1470 3407 1545; x_wconf 78' lang='grc' dir='ltr'>ἠγωνισμένους,</span> 
     </span>
    </p>
   </div>
   <div class='ocr_carea' id='block_1_49' title="bbox 2363 1556 3331 1633">
    <p class='ocr_par' dir='ltr' id='par_1_49' title="bbox 2363 1556 3331 1633">
     <span class='ocr_line' id='line_1_49' title="bbox 2363 1556 3331 1633; baseline 0.002 -22"><span class='ocrx_word' id='word_1_221' title='bbox 2363 1556 2654 1628; x_wconf 84' lang='grc' dir='ltr'>Αὐθαίρετα</span> <span class='ocrx_word' id='word_1_222' title='bbox 2686 1556 2896 1629; x_wconf 82' lang='grc' dir='ltr'>θύματα</span> <span class='ocrx_word' id='word_1_223' title='bbox 2927 1560 3331 1633; x_wconf 89' lang='grc' dir='ltr'>καθηγνισμένα</span> 
     </span>
    </p>
   </div>
   <div class='ocr_carea' id='block_1_50' title="bbox 2360 1643 3411 1722">
    <p class='ocr_par' dir='ltr' id='par_1_50' title="bbox 2360 1643 3411 1722">
     <span class='ocr_line' id='line_1_50' title="bbox 2360 1643 3411 1722; baseline 0.004 -23"><span class='ocrx_word' id='word_1_224' title='bbox 2360 1644 2647 1717; x_wconf 77' lang='grc' dir='ltr'>Ἕμψυχα,</span> <span class='ocrx_word' id='word_1_225' title='bbox 2681 1643 2989 1718; x_wconf 78' lang='grc' dir='ltr'>παντέλεια,</span> <span class='ocrx_word' id='word_1_226' title='bbox 3022 1643 3180 1701; x_wconf 84' lang='grc' dir='ltr'>δεκτὰ</span> <span class='ocrx_word' id='word_1_227' title='bbox 3211 1646 3411 1722; x_wconf 86' lang='grc' dir='ltr'>Κυρίῳ.</span> 
     </span>
    </p>
   </div>
   <div class='ocr_carea' id='block_1_51' title="bbox 2221 1727 3507 1811">
    <p class='ocr_par' dir='ltr' id='par_1_51' title="bbox 2221 1727 3507 1811">
     <span class='ocr_line' id='line_1_51' title="bbox 2221 1727 3507 1811; baseline 0.003 -24"><span class='ocrx_word' id='word_1_228' title='bbox 2221 1734 2327 1789; x_wconf 78' lang='grc'>265</span> <span class='ocrx_word' id='word_1_229' title='bbox 2365 1727 2649 1805; x_wconf 79' lang='grc' dir='ltr'>Γαμϐροὺς</span> <span class='ocrx_word' id='word_1_230' title='bbox 2683 1729 2809 1792; x_wconf 82' lang='grc' dir='ltr'>δυὰς</span> <span class='ocrx_word' id='word_1_231' title='bbox 2841 1730 3064 1809; x_wconf 80' lang='grc' dir='ltr'>εἷ’ληφεν</span> <span class='ocrx_word' id='word_1_232' title='bbox 3099 1734 3507 1811; x_wconf 81' lang='grc' dir='ltr'>αὐτοκρατόρων</span> 
     </span>
    </p>
   </div>
   <div class='ocr_carea' id='block_1_52' title="bbox 2362 1820 3462 1902">
    <p class='ocr_par' dir='ltr' id='par_1_52' title="bbox 2362 1820 3462 1902">
     <span class='ocr_line' id='line_1_52' title="bbox 2362 1820 3462 1902; baseline 0.008 -29"><span class='ocrx_word' id='word_1_233' title='bbox 2362 1820 2458 1883; x_wconf 84' lang='grc' dir='ltr'>Εἷς</span> <span class='ocrx_word' id='word_1_234' title='bbox 2490 1822 2582 1883; x_wconf 73' lang='grc' dir='ltr'>τὰς</span> <span class='ocrx_word' id='word_1_235' title='bbox 2615 1822 2815 1876; x_wconf 71' lang='grc' dir='ltr'>ἑαυτῶν</span> <span class='ocrx_word' id='word_1_236' title='bbox 2838 1821 3099 1898; x_wconf 79' lang='grc' dir='ltr'>φιλτάτας</span> <span class='ocrx_word' id='word_1_237' title='bbox 3125 1824 3417 1902; x_wconf 76' lang='grc' dir='ltr'>θυγατέρας</span> <span class='ocrx_word' id='word_1_238' title='bbox 3449 1846 3462 1860; x_wconf 89' lang='grc'>·</span> 
     </span>
    </p>
   </div>
   <div class='ocr_carea' id='block_1_53' title="bbox 2365 1908 3721 1991">
    <p class='ocr_par' dir='ltr' id='par_1_53' title="bbox 2365 1908 3721 1991">
     <span class='ocr_line' id='line_1_53' title="bbox 2365 1908 3721 1991; baseline 0.007 -29"><span class='ocrx_word' id='word_1_239' title='bbox 2365 1910 2420 1962; x_wconf 78' lang='lat'>&#39;0</span> <span class='ocrx_word' id='word_1_240' title='bbox 2457 1910 2550 1981; x_wconf 72' lang='grc' dir='ltr'>μὲν</span> <span class='ocrx_word' id='word_1_241' title='bbox 2583 1908 2809 1982; x_wconf 88' lang='grc' dir='ltr'>Χλωρὸν</span> <span class='ocrx_word' id='word_1_242' title='bbox 2839 1912 3163 1967; x_wconf 85' lang='grc' dir='ltr'>Κώνσταντα</span> <span class='ocrx_word' id='word_1_243' title='bbox 3194 1914 3447 1991; x_wconf 86' lang='grc' dir='ltr'>λαμπρὸν</span> <span class='ocrx_word' id='word_1_244' title='bbox 3473 1920 3552 1986; x_wconf 84' lang='grc' dir='ltr'>τῷ</span> <span class='ocrx_word' id='word_1_245' title='bbox 3579 1917 3721 1991; x_wconf 71' lang='grc' dir='ltr'>γένει</span> 
     </span>
    </p>
   </div>
   <div class='ocr_carea' id='block_1_54' title="bbox 2364 1995 3567 2075">
    <p class='ocr_par' dir='ltr' id='par_1_54' title="bbox 2364 1995 3567 2075">
     <span class='ocr_line' id='line_1_54' title="bbox 2364 1995 3567 2075; baseline 0.007 -24"><span class='ocrx_word' id='word_1_246' title='bbox 2364 1995 2475 2053; x_wconf 76' lang='grc' dir='ltr'>Τοῖ’)</span> <span class='ocrx_word' id='word_1_247' title='bbox 2500 1998 2874 2072; x_wconf 86' lang='grc' dir='ltr'>παμμεγίστου</span> <span class='ocrx_word' id='word_1_248' title='bbox 2903 2001 3107 2075; x_wconf 87' lang='grc' dir='ltr'>πατέρα</span> <span class='ocrx_word' id='word_1_249' title='bbox 3145 2003 3567 2065; x_wconf 83' lang='grc' dir='ltr'>Κωνσταντίνου.</span> 
     </span>
    </p>
   </div>
   <div class='ocr_carea' id='block_1_55' title="bbox 2367 2084 3356 2161">
    <p class='ocr_par' dir='ltr' id='par_1_55' title="bbox 2367 2084 3356 2161">
     <span class='ocr_line' id='line_1_55' title="bbox 2367 2084 3356 2161; baseline 0.006 -22"><span class='ocrx_word' id='word_1_250' title='bbox 2367 2087 2425 2139; x_wconf 75' lang='grc' dir='ltr'><strong>Ὀ</strong></span> <span class='ocrx_word' id='word_1_251' title='bbox 2455 2084 2848 2153; x_wconf 87' lang='grc' dir='ltr'>Διοκλητιανὸς</span> <span class='ocrx_word' id='word_1_252' title='bbox 2879 2084 2925 2140; x_wconf 84' lang='grc' dir='ltr'>δ’</span> <span class='ocrx_word' id='word_1_253' title='bbox 2956 2089 3019 2141; x_wconf 78' lang='grc' dir='ltr'>αὖ</span> <span class='ocrx_word' id='word_1_254' title='bbox 3050 2089 3356 2161; x_wconf 82' lang='grc' dir='ltr'>Μαξιμῖνον</span> 
     </span>
    </p>
   </div>
   <div class='ocr_carea' id='block_1_56' title="bbox 2228 2172 3486 2250">
    <p class='ocr_par' dir='ltr' id='par_1_56' title="bbox 2228 2172 3486 2250">
     <span class='ocr_line' id='line_1_56' title="bbox 2228 2172 3486 2250; baseline 0.004 -22"><span class='ocrx_word' id='word_1_255' title='bbox 2228 2176 2335 2229; x_wconf 83' lang='grc'>270</span> <span class='ocrx_word' id='word_1_256' title='bbox 2371 2175 2469 2234; x_wconf 89' lang='grc' dir='ltr'>Ὃς</span> <span class='ocrx_word' id='word_1_257' title='bbox 2496 2175 2585 2227; x_wconf 76' lang='grc' dir='ltr'>καὶ</span> <span class='ocrx_word' id='word_1_258' title='bbox 2617 2172 2876 2248; x_wconf 89' lang='grc' dir='ltr'>Γαλέριος</span> <span class='ocrx_word' id='word_1_259' title='bbox 2905 2176 2970 2243; x_wconf 84' lang='grc' dir='ltr'>ἦν</span> <span class='ocrx_word' id='word_1_260' title='bbox 3005 2175 3439 2250; x_wconf 79' lang='grc' dir='ltr'>ἐπικεκλημένος</span> <span class='ocrx_word' id='word_1_261' title='bbox 3473 2199 3486 2211; x_wconf 86' lang='grc'><strong>·</strong></span> 
     </span>
    </p>
   </div>
   <div class='ocr_carea' id='block_1_57' title="bbox 2373 2259 3445 2341">
    <p class='ocr_par' dir='ltr' id='par_1_57' title="bbox 2373 2259 3445 2341">
     <span class='ocr_line' id='line_1_57' title="bbox 2373 2259 3445 2341; baseline 0.005 -25"><span class='ocrx_word' id='word_1_262' title='bbox 2373 2262 2473 2316; x_wconf 83' lang='grc' dir='ltr'>Καὶ</span> <span class='ocrx_word' id='word_1_263' title='bbox 2503 2259 2695 2317; x_wconf 76' lang='grc' dir='ltr'>τούσδε</span> <span class='ocrx_word' id='word_1_264' title='bbox 2723 2267 2858 2336; x_wconf 86' lang='grc' dir='ltr'>τιμᾷ</span> <span class='ocrx_word' id='word_1_265' title='bbox 2884 2263 2955 2337; x_wconf 70' lang='grc' dir='ltr'>τῇ</span> <span class='ocrx_word' id='word_1_266' title='bbox 2986 2265 3259 2341; x_wconf 88' lang='grc' dir='ltr'>Καίσαρος</span> <span class='ocrx_word' id='word_1_267' title='bbox 3292 2267 3411 2339; x_wconf 81' lang='grc' dir='ltr'>ἀξίᾳ</span> <span class='ocrx_word' id='word_1_268' title='bbox 3433 2287 3445 2299; x_wconf 86' lang='grc'><strong>·</strong></span> 
     </span>
    </p>
   </div>
   <div class='ocr_carea' id='block_1_58' title="bbox 2374 2349 3521 2423">
    <p class='ocr_par' dir='ltr' id='par_1_58' title="bbox 2374 2349 3521 2423">
     <span class='ocr_line' id='line_1_58' title="bbox 2374 2349 3521 2423; baseline 0.005 -20"><span class='ocrx_word' id='word_1_269' title='bbox 2374 2350 2524 2404; x_wconf 83' lang='grc' dir='ltr'>Ἐπεὶ</span> <span class='ocrx_word' id='word_1_270' title='bbox 2558 2349 2615 2404; x_wconf 74' lang='grc' dir='ltr'>δὲ</span> <span class='ocrx_word' id='word_1_271' title='bbox 2642 2351 3027 2423; x_wconf 84' lang='grc' dir='ltr'>Χριστώνυμον</span> <span class='ocrx_word' id='word_1_272' title='bbox 3059 2353 3157 2407; x_wconf 86' lang='grc' dir='ltr'>οὐκ</span> <span class='ocrx_word' id='word_1_273' title='bbox 3182 2355 3306 2423; x_wconf 73' lang='grc' dir='ltr'>ἐνῆν</span> <span class='ocrx_word' id='word_1_274' title='bbox 3339 2352 3521 2411; x_wconf 74' lang='grc' dir='ltr'>σϐέσαι</span> 
     </span>
    </p>
   </div>
   <div class='ocr_carea' id='block_1_59' title="bbox 2376 2437 3567 2518">
    <p class='ocr_par' dir='ltr' id='par_1_59' title="bbox 2376 2437 3567 2518">
     <span class='ocr_line' id='line_1_59' title="bbox 2376 2437 3567 2518; baseline 0.008 -27"><span class='ocrx_word' id='word_1_275' title='bbox 2376 2437 2571 2495; x_wconf 82' lang='grc' dir='ltr'>Ηολλὰ</span> <span class='ocrx_word' id='word_1_276' title='bbox 2598 2443 2835 2512; x_wconf 78' lang='grc' dir='ltr'>καμοῦσι</span> <span class='ocrx_word' id='word_1_277' title='bbox 2865 2438 3047 2495; x_wconf 80' lang='grc' dir='ltr'>τοῖσδε</span> <span class='ocrx_word' id='word_1_278' title='bbox 3074 2441 3356 2518; x_wconf 85' lang='grc' dir='ltr'>τυράννοις</span> <span class='ocrx_word' id='word_1_279' title='bbox 3390 2440 3567 2514; x_wconf 73' lang='grc' dir='ltr'>σέϐας,</span> 
     </span>
    </p>
   </div>
   <div class='ocr_carea' id='block_1_60' title="bbox 2378 2527 3474 2607">
    <p class='ocr_par' dir='ltr' id='par_1_60' title="bbox 2378 2527 3474 2607">
     <span class='ocr_line' id='line_1_60' title="bbox 2378 2527 3474 2607; baseline 0.005 -25"><span class='ocrx_word' id='word_1_280' title='bbox 2378 2527 2623 2590; x_wconf 84' lang='grc' dir='ltr'>Ἐκόντες</span> <span class='ocrx_word' id='word_1_281' title='bbox 2655 2528 2913 2591; x_wconf 77' lang='grc' dir='ltr'>ἀπέθεντο</span> <span class='ocrx_word' id='word_1_282' title='bbox 2943 2531 3044 2599; x_wconf 83' lang='grc' dir='ltr'>τὴν</span> <span class='ocrx_word' id='word_1_283' title='bbox 3076 2532 3474 2607; x_wconf 85' lang='grc' dir='ltr'>σκηπτουχίαν,</span> 
     </span>
    </p>
   </div>
   <div class='ocr_carea' id='block_1_61' title="bbox 2236 2614 3592 2696">
    <p class='ocr_par' dir='ltr' id='par_1_61' title="bbox 2236 2614 3592 2696">
     <span class='ocr_line' id='line_1_61' title="bbox 2236 2614 3592 2696; baseline 0.004 -25"><span class='ocrx_word' id='word_1_284' title='bbox 2236 2618 2343 2671; x_wconf 71' lang='grc'>275</span> <span class='ocrx_word' id='word_1_285' title='bbox 2382 2615 2635 2691; x_wconf 81' lang='grc' dir='ltr'>Καίσαρσι</span> <span class='ocrx_word' id='word_1_286' title='bbox 2661 2614 2839 2681; x_wconf 81' lang='grc' dir='ltr'>δόντες</span> <span class='ocrx_word' id='word_1_287' title='bbox 2869 2615 3067 2673; x_wconf 82' lang='grc' dir='ltr'>διέπειν</span> <span class='ocrx_word' id='word_1_288' title='bbox 3099 2620 3166 2673; x_wconf 80' lang='grc' dir='ltr'>τὰ</span> <span class='ocrx_word' id='word_1_289' title='bbox 3188 2625 3283 2675; x_wconf 77' lang='grc' dir='ltr'>τοῦ</span> <span class='ocrx_word' id='word_1_290' title='bbox 3314 2625 3543 2696; x_wconf 84' lang='grc' dir='ltr'>κράτους</span> <span class='ocrx_word' id='word_1_291' title='bbox 3579 2642 3592 2656; x_wconf 72' lang='grc'><strong><em>⁸</em></strong></span> 
     </span>
    </p>
   </div>
   <div class='ocr_carea' id='block_1_62' title="bbox 2380 2703 3398 2781">
    <p class='ocr_par' dir='ltr' id='par_1_62' title="bbox 2380 2703 3398 2781">
     <span class='ocr_line' id='line_1_62' title="bbox 2380 2703 3398 2781; baseline 0.008 -25"><span class='ocrx_word' id='word_1_292' title='bbox 2380 2703 2589 2777; x_wconf 71' lang='grc' dir='ltr'>Ἀρχὴν</span> <span class='ocrx_word' id='word_1_293' title='bbox 2624 2703 2796 2777; x_wconf 77' lang='grc' dir='ltr'>Γαλιρ</span> <span class='ocrx_word' id='word_1_294' title='bbox 2808 2703 2868 2777; x_wconf 89' lang='grc' dir='ltr'>ίῳ</span> <span class='ocrx_word' id='word_1_295' title='bbox 2897 2707 2991 2778; x_wconf 72' lang='grc' dir='ltr'>μὲν</span> <span class='ocrx_word' id='word_1_296' title='bbox 3018 2708 3231 2778; x_wconf 84' lang='grc' dir='ltr'>ἀπάσης</span> <span class='ocrx_word' id='word_1_297' title='bbox 3261 2712 3398 2781; x_wconf 77' lang='lat' dir='ltr'>&quot;Eoo,</span> 
     </span>
    </p>
   </div>
   <div class='ocr_carea' id='block_1_63' title="bbox 2377 2792 3705 2875">
    <p class='ocr_par' dir='ltr' id='par_1_63' title="bbox 2377 2792 3705 2875">
     <span class='ocr_line' id='line_1_63' title="bbox 2377 2792 3705 2875; baseline 0.008 -32"><span class='ocrx_word' id='word_1_298' title='bbox 2377 2794 2462 2861; x_wconf 80' lang='grc' dir='ltr'>Τῷ</span> <span class='ocrx_word' id='word_1_299' title='bbox 2494 2792 2797 2846; x_wconf 83' lang='grc' dir='ltr'>Κώνσταντι</span> <span class='ocrx_word' id='word_1_300' title='bbox 2832 2795 2941 2867; x_wconf 91' lang='grc'>(13)</span> <span class='ocrx_word' id='word_1_301' title='bbox 2975 2793 3031 2848; x_wconf 77' lang='grc' dir='ltr'>δὲ</span> <span class='ocrx_word' id='word_1_302' title='bbox 3065 2795 3367 2870; x_wconf 74' lang='grc' dir='ltr'>βασιλεύειν</span> <span class='ocrx_word' id='word_1_303' title='bbox 3394 2798 3656 2875; x_wconf 85' lang='grc' dir='ltr'>Ἑσπέρας</span> <span class='ocrx_word' id='word_1_304' title='bbox 3692 2817 3705 2831; x_wconf 78' lang='grc'><strong>⁸</strong></span> 
     </span>
    </p>
   </div>
   <div class='ocr_carea' id='block_1_64' title="bbox 2378 2879 3598 2960">
    <p class='ocr_par' dir='ltr' id='par_1_64' title="bbox 2378 2879 3598 2960">
     <span class='ocr_line' id='line_1_64' title="bbox 2378 2879 3598 2960; baseline 0.006 -26"><span class='ocrx_word' id='word_1_305' title='bbox 2378 2884 2478 2935; x_wconf 77' lang='grc' dir='ltr'>Ἠν</span> <span class='ocrx_word' id='word_1_306' title='bbox 2506 2879 2595 2933; x_wconf 81' lang='grc' dir='ltr'>καὶ</span> <span class='ocrx_word' id='word_1_307' title='bbox 2627 2879 2808 2954; x_wconf 85' lang='grc' dir='ltr'>τρίτος</span> <span class='ocrx_word' id='word_1_308' title='bbox 2836 2882 3099 2955; x_wconf 75' lang='grc' dir='ltr'>τύραννος</span> <span class='ocrx_word' id='word_1_309' title='bbox 3132 2883 3182 2938; x_wconf 79' lang='grc' dir='ltr'>ἒν</span> <span class='ocrx_word' id='word_1_310' title='bbox 3214 2886 3399 2960; x_wconf 79' lang='grc' dir='ltr'>Ῥώμῃ</span> <span class='ocrx_word' id='word_1_311' title='bbox 3432 2886 3598 2943; x_wconf 69' lang='grc' dir='ltr'>πάλιν</span> 
     </span>
    </p>
   </div>
   <div class='ocr_carea' id='block_1_65' title="bbox 2381 2966 3569 3046">
    <p class='ocr_par' dir='ltr' id='par_1_65' title="bbox 2381 2966 3569 3046">
     <span class='ocr_line' id='line_1_65' title="bbox 2381 2966 3569 3046; baseline 0.002 -22"><span class='ocrx_word' id='word_1_312' title='bbox 2381 2966 2705 3041; x_wconf 84' lang='grc' dir='ltr'>Ἑρκουλίου</span> <span class='ocrx_word' id='word_1_313' title='bbox 2737 2975 2864 3032; x_wconf 83' lang='grc' dir='ltr'>παῖς</span> <span class='ocrx_word' id='word_1_314' title='bbox 2895 2971 3190 3040; x_wconf 80' lang='grc' dir='ltr'>Μαξέντιος</span> <span class='ocrx_word' id='word_1_315' title='bbox 3224 2974 3492 3046; x_wconf 89' lang='grc' dir='ltr'>μαινόλης</span> <span class='ocrx_word' id='word_1_316' title='bbox 3524 2996 3569 3026; x_wconf 78' lang='grc' dir='ltr'>ο.</span> 
     </span>
    </p>
   </div>
   <div class='ocr_carea' id='block_1_66' title="bbox 2242 3053 3703 3135">
    <p class='ocr_par' dir='ltr' id='par_1_66' title="bbox 2242 3053 3703 3135">
     <span class='ocr_line' id='line_1_66' title="bbox 2242 3053 3703 3135; baseline 0.005 -23"><span class='ocrx_word' id='word_1_317' title='bbox 2242 3059 2348 3112; x_wconf 88' lang='grc'>280</span> <span class='ocrx_word' id='word_1_318' title='bbox 2388 3053 2559 3112; x_wconf 79' lang='grc' dir='ltr'>Ἀλλὰ</span> <span class='ocrx_word' id='word_1_319' title='bbox 2591 3058 2846 3120; x_wconf 87' lang='grc' dir='ltr'>Κώνστας</span> <span class='ocrx_word' id='word_1_320' title='bbox 2888 3060 2981 3131; x_wconf 80' lang='grc' dir='ltr'>μὲν</span> <span class='ocrx_word' id='word_1_321' title='bbox 3016 3060 3245 3133; x_wconf 82' lang='grc' dir='ltr'>εὐμενὴς</span> <span class='ocrx_word' id='word_1_322' title='bbox 3277 3061 3345 3131; x_wconf 75' lang='grc' dir='ltr'>ἦν</span> <span class='ocrx_word' id='word_1_323' title='bbox 3374 3068 3491 3126; x_wconf 83' lang='grc' dir='ltr'>τοῖς</span> <span class='ocrx_word' id='word_1_324' title='bbox 3520 3062 3703 3135; x_wconf 76' lang='grc' dir='ltr'>ὅλοις,</span> 
     </span>
    </p>
   </div>
   <div class='ocr_carea' id='block_1_67' title="bbox 2387 3141 3664 3223">
    <p class='ocr_par' dir='ltr' id='par_1_67' title="bbox 2387 3141 3664 3223">
     <span class='ocr_line' id='line_1_67' title="bbox 2387 3141 3664 3223; baseline 0.005 -22"><span class='ocrx_word' id='word_1_325' title='bbox 2387 3146 2810 3219; x_wconf 83' lang='grc' dir='ltr'>Χριστωνύμους</span> <span class='ocrx_word' id='word_1_326' title='bbox 2843 3141 3060 3223; x_wconf 77' lang='grc' dir='ltr'>ἔστεργε</span> <span class='ocrx_word' id='word_1_327' title='bbox 3089 3153 3196 3203; x_wconf 83' lang='grc' dir='ltr'>τῶν</span> <span class='ocrx_word' id='word_1_328' title='bbox 3230 3148 3415 3206; x_wconf 78' lang='grc' dir='ltr'>ἄλλων</span> <span class='ocrx_word' id='word_1_329' title='bbox 3447 3149 3615 3207; x_wconf 84' lang='grc' dir='ltr'>πλέον</span> <span class='ocrx_word' id='word_1_330' title='bbox 3650 3174 3664 3187; x_wconf 77' lang='grc' dir='ltr'><strong><em>ο</em></strong></span> 
     </span>
    </p>
   </div>
   <div class='ocr_carea' id='block_1_68' title="bbox 2390 3232 3399 3311">
    <p class='ocr_par' dir='ltr' id='par_1_68' title="bbox 2390 3232 3399 3311">
     <span class='ocr_line' id='line_1_68' title="bbox 2390 3232 3399 3311; baseline 0.002 -22"><span class='ocrx_word' id='word_1_331' title='bbox 2390 3235 2692 3306; x_wconf 83' lang='grc' dir='ltr'>Μαξιμῖνος</span> <span class='ocrx_word' id='word_1_332' title='bbox 2721 3232 2778 3289; x_wconf 76' lang='grc' dir='ltr'>δὶ</span> <span class='ocrx_word' id='word_1_333' title='bbox 2810 3232 3078 3311; x_wconf 71' lang='grc' dir='ltr'>δυσχερὴς</span> <span class='ocrx_word' id='word_1_334' title='bbox 3112 3237 3399 3309; x_wconf 75' lang='grc' dir='ltr'>ὑπηκόοις,</span> 
     </span>
    </p>
   </div>
   <div class='ocr_carea' id='block_1_69' title="bbox 2393 3324 3543 3401">
    <p class='ocr_par' dir='ltr' id='par_1_69' title="bbox 2393 3324 3543 3401">
     <span class='ocr_line' id='line_1_69' title="bbox 2393 3324 3543 3401; baseline 0.007 -26"><span class='ocrx_word' id='word_1_335' title='bbox 2393 3324 2828 3395; x_wconf 82' lang='grc' dir='ltr'>Γυναικομανὴς,</span> <span class='ocrx_word' id='word_1_336' title='bbox 2867 3326 3146 3399; x_wconf 86' lang='grc' dir='ltr'>μοιχικὸς,</span> <span class='ocrx_word' id='word_1_337' title='bbox 3177 3328 3334 3396; x_wconf 88' lang='grc' dir='ltr'>κοινή</span> <span class='ocrx_word' id='word_1_338' title='bbox 3370 3326 3543 3401; x_wconf 78' lang='grc' dir='ltr'>λύμη,</span> 
     </span>
    </p>
   </div>
   <div class='ocr_carea' id='block_1_70' title="bbox 469 3414 1543 3489">
    <p class='ocr_par' dir='ltr' id='par_1_70' title="bbox 469 3414 1543 3489">
     <span class='ocr_line' id='line_1_70' title="bbox 469 3414 1543 3489; baseline 0.007 -21"><span class='ocrx_word' id='word_1_339' title='bbox 469 3414 821 3471; x_wconf 81' lang='lat' dir='ltr'>Christianis</span> <span class='ocrx_word' id='word_1_340' title='bbox 853 3421 1047 3472; x_wconf 89' lang='lat' dir='ltr'>autem</span> <span class='ocrx_word' id='word_1_341' title='bbox 1080 3418 1543 3489; x_wconf 86' lang='lat' dir='ltr'>infensissimus,</span> 
     </span>
    </p>
   </div>
   <div class='ocr_carea' id='block_1_71' title="bbox 472 3504 1873 3574">
    <p class='ocr_par' dir='ltr' id='par_1_71' title="bbox 472 3504 1873 3574">
     <span class='ocr_line' id='line_1_71' title="bbox 472 3504 1873 3574; baseline 0.007 -18"><span class='ocrx_word' id='word_1_342' title='bbox 472 3504 758 3574; x_wconf 89' lang='lat' dir='ltr'>ipsorum,</span> <span class='ocrx_word' id='word_1_343' title='bbox 790 3504 901 3560; x_wconf 91' lang='lat' dir='ltr'>heu</span> <span class='ocrx_word' id='word_1_344' title='bbox 930 3504 942 3559; x_wconf 82' lang='lat' dir='ltr'>l</span> <span class='ocrx_word' id='word_1_345' title='bbox 977 3508 1309 3563; x_wconf 88' lang='lat' dir='ltr'>decreverat</span> <span class='ocrx_word' id='word_1_346' title='bbox 1338 3511 1553 3565; x_wconf 78' lang='lat' dir='ltr'>caedem</span> <span class='ocrx_word' id='word_1_347' title='bbox 1585 3512 1873 3566; x_wconf 90' lang='lat' dir='ltr'>omnium.</span> 
     </span>
    </p>
   </div>
   <div class='ocr_carea' id='block_1_72' title="bbox 476 3592 1513 3666">
    <p class='ocr_par' dir='ltr' id='par_1_72' title="bbox 476 3592 1513 3666">
     <span class='ocr_line' id='line_1_72' title="bbox 476 3592 1513 3666; baseline 0.004 -19"><span class='ocrx_word' id='word_1_348' title='bbox 476 3592 579 3647; x_wconf 89' lang='lat' dir='ltr'>Hic</span> <span class='ocrx_word' id='word_1_349' title='bbox 610 3593 669 3647; x_wconf 91' lang='lat' dir='ltr'>in</span> <span class='ocrx_word' id='word_1_350' title='bbox 699 3594 929 3666; x_wconf 89' lang='lat' dir='ltr'>imperii</span> <span class='ocrx_word' id='word_1_351' title='bbox 961 3601 1181 3666; x_wconf 86' lang='lat' dir='ltr'>partem</span> <span class='ocrx_word' id='word_1_352' title='bbox 1216 3598 1513 3653; x_wconf 86' lang='lat' dir='ltr'>advocavit</span> 
     </span>
    </p>
   </div>
   <div class='ocr_carea' id='block_1_73' title="bbox 478 3681 1679 3754">
    <p class='ocr_par' dir='ltr' id='par_1_73' title="bbox 478 3681 1679 3754">
     <span class='ocr_line' id='line_1_73' title="bbox 478 3681 1679 3754; baseline 0.005 -19"><span class='ocrx_word' id='word_1_353' title='bbox 478 3681 801 3736; x_wconf 86' lang='lat' dir='ltr'>Constantii</span> <span class='ocrx_word' id='word_1_354' title='bbox 833 3682 1050 3738; x_wconf 83' lang='lat' dir='ltr'>fcedum</span> <span class='ocrx_word' id='word_1_355' title='bbox 1081 3700 1359 3754; x_wconf 88' lang='lat' dir='ltr'>generum</span> <span class='ocrx_word' id='word_1_356' title='bbox 1394 3686 1679 3741; x_wconf 89' lang='lat' dir='ltr'>Licinium</span> 
     </span>
    </p>
   </div>
   <div class='ocr_carea' id='block_1_74' title="bbox 483 3769 1714 3843">
    <p class='ocr_par' dir='ltr' id='par_1_74' title="bbox 483 3769 1714 3843">
     <span class='ocr_line' id='line_1_74' title="bbox 483 3769 1714 3843; baseline 0.004 -19"><span class='ocrx_word' id='word_1_357' title='bbox 483 3769 705 3824; x_wconf 88' lang='lat' dir='ltr'>malum</span> <span class='ocrx_word' id='word_1_358' title='bbox 740 3775 1067 3826; x_wconf 90' lang='lat' dir='ltr'>monstrum</span> <span class='ocrx_word' id='word_1_359' title='bbox 1100 3777 1157 3827; x_wconf 88' lang='lat' dir='ltr'>et</span> <span class='ocrx_word' id='word_1_360' title='bbox 1190 3773 1418 3843; x_wconf 89' lang='lat' dir='ltr'>piorum</span> <span class='ocrx_word' id='word_1_361' title='bbox 1451 3774 1714 3829; x_wconf 86' lang='lat' dir='ltr'>exitium.</span> 
     </span>
    </p>
   </div>
   <div class='ocr_carea' id='block_1_75' title="bbox 484 3858 1803 3933">
    <p class='ocr_par' dir='ltr' id='par_1_75' title="bbox 484 3858 1803 3933">
     <span class='ocr_line' id='line_1_75' title="bbox 484 3858 1803 3933; baseline 0.005 -20"><span class='ocrx_word' id='word_1_362' title='bbox 484 3858 599 3915; x_wconf 85' lang='lat' dir='ltr'>Hos</span> <span class='ocrx_word' id='word_1_363' title='bbox 629 3858 955 3914; x_wconf 86' lang='lat' dir='ltr'>Maxentius</span> <span class='ocrx_word' id='word_1_364' title='bbox 988 3861 1334 3932; x_wconf 76' lang='lat' dir='ltr'>adaequabat</span> <span class='ocrx_word' id='word_1_365' title='bbox 1364 3863 1488 3918; x_wconf 89' lang='lat' dir='ltr'>suis</span> <span class='ocrx_word' id='word_1_366' title='bbox 1521 3864 1803 3933; x_wconf 88' lang='lat' dir='ltr'>moribus,</span> 
     </span>
    </p>
   </div>
   <div class='ocr_carea' id='block_1_76' title="bbox 479 3946 1831 4013">
    <p class='ocr_par' dir='ltr' id='par_1_76' title="bbox 479 3946 1831 4013">
     <span class='ocr_line' id='line_1_76' title="bbox 479 3946 1831 4013; baseline 0.001 -9"><span class='ocrx_word' id='word_1_367' title='bbox 479 3946 947 4004; x_wconf 88' lang='lat' dir='ltr'>Christianorum</span> <span class='ocrx_word' id='word_1_368' title='bbox 978 3948 1185 4013; x_wconf 87' lang='lat' dir='ltr'>hostis,</span> <span class='ocrx_word' id='word_1_369' title='bbox 1216 3955 1273 4005; x_wconf 91' lang='lat' dir='ltr'>et</span> <span class='ocrx_word' id='word_1_370' title='bbox 1301 3968 1488 4006; x_wconf 80' lang='lat' dir='ltr'>saevus</span> <span class='ocrx_word' id='word_1_371' title='bbox 1520 3952 1831 4007; x_wconf 87' lang='lat' dir='ltr'>homicida.</span> 
     </span>
    </p>
   </div>
   <div class='ocr_carea' id='block_1_77' title="bbox 481 4035 1882 4110">
    <p class='ocr_par' dir='ltr' id='par_1_77' title="bbox 481 4035 1882 4110">
     <span class='ocr_line' id='line_1_77' title="bbox 481 4035 1882 4110; baseline 0.004 -21"><span class='ocrx_word' id='word_1_372' title='bbox 481 4035 623 4089; x_wconf 86' lang='lat' dir='ltr'>Hem</span> <span class='ocrx_word' id='word_1_373' title='bbox 656 4037 1070 4091; x_wconf 85' lang='lat' dir='ltr'>exsecrandam</span> <span class='ocrx_word' id='word_1_374' title='bbox 1104 4038 1367 4108; x_wconf 91' lang='lat' dir='ltr'>triadcm,</span> <span class='ocrx_word' id='word_1_375' title='bbox 1402 4039 1631 4110; x_wconf 89' lang='lat' dir='ltr'>pietatis</span> <span class='ocrx_word' id='word_1_376' title='bbox 1662 4039 1882 4095; x_wconf 89' lang='lat' dir='ltr'>labem!</span> 
     </span>
    </p>
   </div>
   <div class='ocr_carea' id='block_1_78' title="bbox 481 4126 1763 4197">
    <p class='ocr_par' dir='ltr' id='par_1_78' title="bbox 481 4126 1763 4197">
     <span class='ocr_line' id='line_1_78' title="bbox 481 4126 1763 4197; baseline 0.004 -18"><span class='ocrx_word' id='word_1_377' title='bbox 481 4140 657 4194; x_wconf 89' lang='lat' dir='ltr'>quam</span> <span class='ocrx_word' id='word_1_378' title='bbox 692 4132 959 4180; x_wconf 86' lang='lat' dir='ltr'>assecuta</span> <span class='ocrx_word' id='word_1_379' title='bbox 988 4130 1075 4181; x_wconf 91' lang='lat' dir='ltr'>est</span> <span class='ocrx_word' id='word_1_380' title='bbox 1098 4126 1435 4197; x_wconf 89' lang='lat' dir='ltr'>justissima</span> <span class='ocrx_word' id='word_1_381' title='bbox 1468 4127 1610 4184; x_wconf 90' lang='lat' dir='ltr'>ultio</span> <span class='ocrx_word' id='word_1_382' title='bbox 1640 4128 1763 4185; x_wconf 92' lang='lat' dir='ltr'>Dei.</span> 
     </span>
    </p>
   </div>
   <div class='ocr_carea' id='block_1_79' title="bbox 814 4242 1781 4300">
    <p class='ocr_par' dir='ltr' id='par_1_79' title="bbox 814 4242 1781 4300">
     <span class='ocr_line' id='line_1_79' title="bbox 814 4242 1781 4300; baseline -0.001 -2"><span class='ocrx_word' id='word_1_383' title='bbox 814 4242 1366 4298; x_wconf 82' lang='lat' dir='ltr'>CONSTANTINUS</span> <span class='ocrx_word' id='word_1_384' title='bbox 1407 4248 1447 4295; x_wconf 85' lang='lat' dir='ltr'><strong>A</strong></span> <span class='ocrx_word' id='word_1_385' title='bbox 1460 4243 1524 4298; x_wconf 88' lang='grc' dir='ltr'><strong>Ν.</strong></span> <span class='ocrx_word' id='word_1_386' title='bbox 1567 4243 1781 4300; x_wconf 84' lang='lat' dir='ltr'><strong>XXXII.</strong></span> 
     </span>
    </p>
   </div>
   <div class='ocr_carea' id='block_1_80' title="bbox 480 4340 3380 4438">
    <p class='ocr_par' dir='ltr' id='par_1_80' title="bbox 480 4340 3380 4438">
     <span class='ocr_line' id='line_1_80' title="bbox 480 4340 3380 4438; baseline 0.003 -44"><span class='ocrx_word' id='word_1_387' title='bbox 480 4340 630 4410; x_wconf 89' lang='lat' dir='ltr'>Ergo</span> <span class='ocrx_word' id='word_1_388' title='bbox 663 4340 1043 4394; x_wconf 87' lang='lat' dir='ltr'>Constantius</span> <span class='ocrx_word' id='word_1_389' title='bbox 1074 4344 1321 4395; x_wconf 88' lang='lat' dir='ltr'>mortem</span> <span class='ocrx_word' id='word_1_390' title='bbox 1359 4356 1492 4395; x_wconf 89' lang='lat' dir='ltr'>cum</span> <span class='ocrx_word' id='word_1_391' title='bbox 1522 4342 1641 4396; x_wconf 89' lang='lat' dir='ltr'>vita</span> <span class='ocrx_word' id='word_1_392' title='bbox 1673 4346 1908 4397; x_wconf 89' lang='lat' dir='ltr'>mutans</span> <span class='ocrx_word' id='word_1_393' title='bbox 2074 4414 2080 4418; x_wconf 12' lang='grc' dir='ltr'><strong>ἡ</strong></span> <span class='ocrx_word' id='word_1_394' title='bbox 2403 4340 2460 4438; x_wconf 55' lang='lat'>:9</span> <span class='ocrx_word' id='word_1_395' title='bbox 2488 4340 2667 4438; x_wconf 55' lang='grc' dir='ltr'>τοίνξν</span> <span class='ocrx_word' id='word_1_396' title='bbox 2702 4340 2951 4433; x_wconf 48' lang='grc' dir='ltr'>Κὶδνστας</span> <span class='ocrx_word' id='word_1_397' title='bbox 2980 4340 3380 4438; x_wconf 26' lang='grc' dir='ltr'>’ξφΙγόνῳκΚωνν</span> 
     </span>
    </p>
   </div>
   <div class='ocr_carea' id='block_1_81' title="bbox 481 4417 2113 4498">
    <p class='ocr_par' dir='ltr' id='par_1_81' title="bbox 481 4427 1650 4498">
     <span class='ocr_line' id='line_1_81' title="bbox 481 4427 1650 4498; baseline 0.003 -16"><span class='ocrx_word' id='word_1_398' title='bbox 481 4428 791 4498; x_wconf 91' lang='lat' dir='ltr'>imperium</span> <span class='ocrx_word' id='word_1_399' title='bbox 826 4427 944 4482; x_wconf 80' lang='lat' dir='ltr'>{ilio</span> <span class='ocrx_word' id='word_1_400' title='bbox 977 4428 1359 4484; x_wconf 83' lang='lat' dir='ltr'>Constantino</span> <span class='ocrx_word' id='word_1_401' title='bbox 1392 4429 1650 4498; x_wconf 88' lang='lat' dir='ltr'>tradidit,</span> 
     </span>
    </p>
   </div>
   <div class='ocr_carea' id='block_1_82' title="bbox 1871 4417 3503 4498">
    <p class='ocr_par' dir='ltr' id='par_1_82' title="bbox 2403 4417 3503 4496">
     <span class='ocr_line' id='line_1_82' title="bbox 2403 4417 3503 4496; baseline 0.005 -24"><span class='ocrx_word' id='word_1_402' title='bbox 2403 4419 2523 4473; x_wconf 90' lang='grc' dir='ltr'>Βίον</span> <span class='ocrx_word' id='word_1_403' title='bbox 2556 4417 2821 4474; x_wconf 79' lang='grc' dir='ltr'>τελευτῶν</span> <span class='ocrx_word' id='word_1_404' title='bbox 2851 4418 3166 4475; x_wconf 76' lang='grc' dir='ltr'>καταλείπει</span> <span class='ocrx_word' id='word_1_405' title='bbox 3195 4420 3256 4475; x_wconf 85' lang='grc' dir='ltr'>τὸ</span> <span class='ocrx_word' id='word_1_406' title='bbox 3286 4420 3503 4496; x_wconf 78' lang='grc' dir='ltr'>κράτος,</span> 
     </span>
    </p>
   </div>
   <div class='ocr_carea' id='block_1_83' title="bbox 482 4506 2114 4606">
    <p class='ocr_par' dir='ltr' id='par_1_83' title="bbox 482 4517 1939 4592">
     <span class='ocr_line' id='line_1_83' title="bbox 482 4517 1939 4592; baseline 0.003 -21"><span class='ocrx_word' id='word_1_407' title='bbox 482 4532 656 4587; x_wconf 89' lang='lat' dir='ltr'>quem</span> <span class='ocrx_word' id='word_1_408' title='bbox 691 4532 755 4572; x_wconf 86' lang='lat' dir='ltr'>ex</span> <span class='ocrx_word' id='word_1_409' title='bbox 789 4517 979 4587; x_wconf 90' lang='lat' dir='ltr'>priore</span> <span class='ocrx_word' id='word_1_410' title='bbox 1008 4524 1341 4587; x_wconf 88' lang='lat' dir='ltr'>susceperat</span> <span class='ocrx_word' id='word_1_411' title='bbox 1372 4518 1599 4573; x_wconf 69' lang='lat' dir='ltr'>Helenae</span> <span class='ocrx_word' id='word_1_412' title='bbox 1631 4519 1939 4592; x_wconf 87' lang='lat' dir='ltr'>conjugio;</span> 
     </span>
    </p>
   </div>
   <div class='ocr_carea' id='block_1_84' title="bbox 2017 4506 3649 4606">
    <p class='ocr_par' dir='ltr' id='par_1_84' title="bbox 2147 4506 3649 4606">
     <span class='ocr_line' id='line_1_84' title="bbox 2147 4506 3649 4606; baseline 0.002 -42"><span class='ocrx_word' id='word_1_413' title='bbox 2147 4571 2196 4606; x_wconf 63' lang='grc' dir='ltr'>Π</span> <span class='ocrx_word' id='word_1_414' title='bbox 2259 4511 2364 4565; x_wconf 87' lang='grc'>295</span> <span class='ocrx_word' id='word_1_415' title='bbox 2399 4510 2494 4565; x_wconf 71' lang='lat' dir='ltr'>&quot;Ov</span> <span class='ocrx_word' id='word_1_416' title='bbox 2528 4507 2578 4579; x_wconf 80' lang='grc' dir='ltr'>ἐξ</span> <span class='ocrx_word' id='word_1_417' title='bbox 2608 4508 2832 4578; x_wconf 77' lang='grc' dir='ltr'>Ἑλένης</span> <span class='ocrx_word' id='word_1_418' title='bbox 2861 4506 2989 4584; x_wconf 75' lang='grc' dir='ltr'>ἔσχε</span> <span class='ocrx_word' id='word_1_419' title='bbox 3014 4513 3122 4565; x_wconf 79' lang='grc' dir='ltr'>τῶν</span> <span class='ocrx_word' id='word_1_420' title='bbox 3154 4510 3380 4586; x_wconf 85' lang='grc' dir='ltr'>πρόσθεν</span> <span class='ocrx_word' id='word_1_421' title='bbox 3411 4514 3604 4587; x_wconf 82' lang='grc' dir='ltr'>γάμων</span> <span class='ocrx_word' id='word_1_422' title='bbox 3638 4531 3649 4544; x_wconf 92' lang='grc'><strong>·</strong></span> 
     </span>
    </p>
   </div>
   <div class='ocr_carea' id='block_1_85' title="bbox 484 4571 2116 4688">
    <p class='ocr_par' dir='ltr' id='par_1_85' title="bbox 484 4571 1939 4678">
     <span class='ocr_line' id='line_1_85' title="bbox 498 4571 1939 4592; baseline 0.001 -5"><span class='ocrx_word' id='word_1_423' title='bbox 498 4571 515 4587; x_wconf 82' lang='lat'>.</span> <span class='ocrx_word' id='word_1_424' title='bbox 706 4571 709 4572; x_wconf 79' lang='lat'>7</span> <span class='ocrx_word' id='word_1_425' title='bbox 789 4571 806 4587; x_wconf 69' lang='grc' dir='ltr'>ι</span> <span class='ocrx_word' id='word_1_426' title='bbox 893 4571 902 4572; x_wconf 84' lang='lat'>7</span> <span class='ocrx_word' id='word_1_427' title='bbox 1020 4571 1027 4572; x_wconf 85' lang='lat'>7</span> <span class='ocrx_word' id='word_1_428' title='bbox 1184 4571 1197 4587; x_wconf 84' lang='lat'>.</span> <span class='ocrx_word' id='word_1_429' title='bbox 1490 4571 1498 4572; x_wconf 84' lang='lat'>7</span> <span class='ocrx_word' id='word_1_430' title='bbox 1564 4571 1591 4573; x_wconf 67' lang='lat'><em>~7</em></span> <span class='ocrx_word' id='word_1_431' title='bbox 1638 4571 1939 4592; x_wconf 51' lang='grc' dir='ltr'>-τηυνπο-νι</span> 
     </span>
     <span class='ocr_line' id='line_1_86' title="bbox 484 4604 1863 4678; baseline 0.003 -18"><span class='ocrx_word' id='word_1_432' title='bbox 484 4606 582 4675; x_wconf 93' lang='lat' dir='ltr'>qui</span> <span class='ocrx_word' id='word_1_433' title='bbox 610 4605 902 4675; x_wconf 91' lang='lat' dir='ltr'>quomodo</span> <span class='ocrx_word' id='word_1_434' title='bbox 935 4604 1267 4677; x_wconf 70' lang='lat' dir='ltr'>reipublicae</span> <span class='ocrx_word' id='word_1_435' title='bbox 1302 4605 1599 4678; x_wconf 78' lang='lat' dir='ltr'>navigium</span> <span class='ocrx_word' id='word_1_436' title='bbox 1630 4610 1863 4677; x_wconf 85' lang='lat' dir='ltr'>rexerit,</span> 
     </span>
    </p>
   </div>
   <div class='ocr_carea' id='block_1_86' title="bbox 1811 4571 3443 4688">
    <p class='ocr_par' dir='ltr' id='par_1_86' title="bbox 1811 4571 3443 4677">
     <span class='ocr_line' id='line_1_87' title="bbox 1811 4571 3443 4677; baseline -0.009 -12"><span class='ocrx_word' id='word_1_437' title='bbox 1811 4571 1863 4677; x_wconf 54' lang='grc' dir='ltr'>ἶ,</span> <span class='ocrx_word' id='word_1_438' title='bbox 1925 4571 1939 4588; x_wconf 79' lang='grc'><strong>⁷</strong></span> <span class='ocrx_word' id='word_1_439' title='bbox 2147 4571 2196 4633; x_wconf 84' lang='lat' dir='ltr'><strong>D</strong></span> <span class='ocrx_word' id='word_1_440' title='bbox 2404 4596 2479 4654; x_wconf 74' lang='grc' dir='ltr'>Οὐ</span> <span class='ocrx_word' id='word_1_441' title='bbox 2511 4596 2670 4671; x_wconf 86' lang='grc' dir='ltr'>χάριν</span> <span class='ocrx_word' id='word_1_442' title='bbox 2699 4597 2865 4652; x_wconf 80' lang='grc' dir='ltr'>εἰπεῖν</span> <span class='ocrx_word' id='word_1_443' title='bbox 2900 4598 2961 4652; x_wconf 92' lang='grc' dir='ltr'>οὐ</span> <span class='ocrx_word' id='word_1_444' title='bbox 2990 4599 3269 4676; x_wconf 85' lang='grc' dir='ltr'>περίεργον</span> <span class='ocrx_word' id='word_1_445' title='bbox 3300 4600 3443 4676; x_wconf 80' lang='grc' dir='ltr'>τάχα</span> 
     </span>
    </p>
   </div>
   <div class='ocr_carea' id='block_1_87' title="bbox 486 4684 2118 4769">
    <p class='ocr_par' dir='ltr' id='par_1_87' title="bbox 486 4693 2118 4769">
     <span class='ocr_line' id='line_1_88' title="bbox 486 4693 2118 4769; baseline 0.004 -22"><span class='ocrx_word' id='word_1_446' title='bbox 486 4694 829 4765; x_wconf 85' lang='lat' dir='ltr'>primusque</span> <span class='ocrx_word' id='word_1_447' title='bbox 861 4694 932 4749; x_wconf 80' lang='lat' dir='ltr'>ad</span> <span class='ocrx_word' id='word_1_448' title='bbox 966 4693 1264 4750; x_wconf 90' lang='lat' dir='ltr'>Christum</span> <span class='ocrx_word' id='word_1_449' title='bbox 1293 4696 1610 4751; x_wconf 88' lang='lat' dir='ltr'>Dominum</span> <span class='ocrx_word' id='word_1_450' title='bbox 1662 4715 1760 4752; x_wconf 86' lang='lat' dir='ltr'>rex</span> <span class='ocrx_word' id='word_1_451' title='bbox 1789 4701 2118 4769; x_wconf 90' lang='lat' dir='ltr'>accesserit,</span> 
     </span>
    </p>
   </div>
   <div class='ocr_carea' id='block_1_88' title="bbox 1866 4684 3498 4769">
    <p class='ocr_par' dir='ltr' id='par_1_88' title="bbox 1866 4684 3498 4769">
     <span class='ocr_line' id='line_1_89' title="bbox 1866 4684 3498 4769; baseline -0.002 -23"><span class='ocrx_word' id='word_1_452' title='bbox 1866 4701 2119 4769; x_wconf 61' lang='lat' dir='ltr'>gesserit,</span> <span class='ocrx_word' id='word_1_453' title='bbox 2404 4684 2638 4741; x_wconf 83' lang='grc' dir='ltr'>Κλύουσι</span> <span class='ocrx_word' id='word_1_454' title='bbox 2669 4687 2999 4763; x_wconf 69' lang='grc' dir='ltr'>προσγένοιτ’</span> <span class='ocrx_word' id='word_1_455' title='bbox 3030 4686 3089 4743; x_wconf 83' lang='grc' dir='ltr'>ἂν</span> <span class='ocrx_word' id='word_1_456' title='bbox 3124 4684 3498 4759; x_wconf 64' lang='grc' dir='ltr'>εὐεπηϐόλως,</span> 
     </span>
    </p>
   </div>
   <div class='ocr_carea' id='block_1_89' title="bbox 483 4775 2115 4856">
    <p class='ocr_par' dir='ltr' id='par_1_89' title="bbox 483 4782 1807 4856">
     <span class='ocr_line' id='line_1_90' title="bbox 483 4782 1807 4856; baseline 0.003 -19"><span class='ocrx_word' id='word_1_457' title='bbox 483 4784 673 4838; x_wconf 92' lang='lat' dir='ltr'>dicere</span> <span class='ocrx_word' id='word_1_458' title='bbox 705 4800 817 4836; x_wconf 90' lang='lat' dir='ltr'>non</span> <span class='ocrx_word' id='word_1_459' title='bbox 853 4782 981 4847; x_wconf 86' lang='lat' dir='ltr'>erit,</span> <span class='ocrx_word' id='word_1_460' title='bbox 1014 4787 1079 4836; x_wconf 92' lang='lat' dir='ltr'>ut</span> <span class='ocrx_word' id='word_1_461' title='bbox 1108 4799 1257 4851; x_wconf 90' lang='lat' dir='ltr'>reor,</span> <span class='ocrx_word' id='word_1_462' title='bbox 1292 4800 1807 4856; x_wconf 88' lang='lat' dir='ltr'>supervacaneum,</span> 
     </span>
    </p>
   </div>
   <div class='ocr_carea' id='block_1_90' title="bbox 1869 4775 3501 4856">
    <p class='ocr_par' dir='ltr' id='par_1_90' title="bbox 2404 4775 3501 4854">
     <span class='ocr_line' id='line_1_91' title="bbox 2404 4775 3501 4854; baseline 0 -22"><span class='ocrx_word' id='word_1_463' title='bbox 2404 4779 2594 4838; x_wconf 74' lang='grc' dir='ltr'>’Όπως</span> <span class='ocrx_word' id='word_1_464' title='bbox 2623 4797 2682 4830; x_wconf 91' lang='grc' dir='ltr'>τε</span> <span class='ocrx_word' id='word_1_465' title='bbox 2712 4775 2943 4831; x_wconf 79' lang='grc' dir='ltr'>διίθυνεν</span> <span class='ocrx_word' id='word_1_466' title='bbox 2977 4777 3155 4852; x_wconf 80' lang='grc' dir='ltr'>ἀρχῆς</span> <span class='ocrx_word' id='word_1_467' title='bbox 3184 4780 3246 4831; x_wconf 91' lang='grc' dir='ltr'>τὸ</span> <span class='ocrx_word' id='word_1_468' title='bbox 3280 4778 3501 4854; x_wconf 78' lang='grc' dir='ltr'>σκάφος,</span> 
     </span>
    </p>
   </div>
   <div class='ocr_carea' id='block_1_91' title="bbox 486 4862 2118 4942">
    <p class='ocr_par' dir='ltr' id='par_1_91' title="bbox 486 4870 1821 4942">
     <span class='ocr_line' id='line_1_92' title="bbox 486 4870 1821 4942; baseline 0.002 -15"><span class='ocrx_word' id='word_1_469' title='bbox 486 4875 660 4942; x_wconf 90' lang='lat' dir='ltr'>atque</span> <span class='ocrx_word' id='word_1_470' title='bbox 691 4870 979 4926; x_wconf 90' lang='lat' dir='ltr'>audituris</span> <span class='ocrx_word' id='word_1_471' title='bbox 1012 4871 1328 4926; x_wconf 87' lang='lat' dir='ltr'>absurdum</span> <span class='ocrx_word' id='word_1_472' title='bbox 1361 4890 1475 4927; x_wconf 90' lang='lat' dir='ltr'>non</span> <span class='ocrx_word' id='word_1_473' title='bbox 1507 4875 1821 4930; x_wconf 88' lang='lat' dir='ltr'>videbitur.</span> 
     </span>
    </p>
   </div>
   <div class='ocr_carea' id='block_1_92' title="bbox 2065 4862 3697 4942">
    <p class='ocr_par' dir='ltr' id='par_1_92' title="bbox 2404 4862 3697 4941">
     <span class='ocr_line' id='line_1_93' title="bbox 2404 4862 3697 4941; baseline 0.002 -22"><span class='ocrx_word' id='word_1_474' title='bbox 2404 4867 2501 4919; x_wconf 79' lang='grc' dir='ltr'>Καὶ</span> <span class='ocrx_word' id='word_1_475' title='bbox 2533 4862 2899 4941; x_wconf 77' lang='grc' dir='ltr'>προσδραμεῖν</span> <span class='ocrx_word' id='word_1_476' title='bbox 2938 4867 3140 4941; x_wconf 79' lang='grc' dir='ltr'>ὑπῆρξε</span> <span class='ocrx_word' id='word_1_477' title='bbox 3168 4868 3384 4940; x_wconf 77' lang='grc' dir='ltr'>Χριστῷ</span> <span class='ocrx_word' id='word_1_478' title='bbox 3406 4866 3650 4941; x_wconf 78' lang='grc' dir='ltr'>Δεσπότῃ</span> <span class='ocrx_word' id='word_1_479' title='bbox 3686 4888 3697 4899; x_wconf 93' lang='grc'>·</span> 
     </span>
    </p>
   </div>
   <div class='ocr_carea' id='block_1_93' title="bbox 488 4953 2120 5032">
    <p class='ocr_par' dir='ltr' id='par_1_93' title="bbox 488 4959 1811 5032">
     <span class='ocr_line' id='line_1_94' title="bbox 488 4959 1811 5032; baseline 0.004 -19"><span class='ocrx_word' id='word_1_480' title='bbox 488 4960 671 5029; x_wconf 84' lang='lat' dir='ltr'>Igitur</span> <span class='ocrx_word' id='word_1_481' title='bbox 702 4959 793 5013; x_wconf 90' lang='lat' dir='ltr'>hic</span> <span class='ocrx_word' id='word_1_482' title='bbox 816 4959 1244 5029; x_wconf 89' lang='lat' dir='ltr'>rempublicam</span> <span class='ocrx_word' id='word_1_483' title='bbox 1277 4977 1309 5015; x_wconf 91' lang='lat' dir='ltr'>a</span> <span class='ocrx_word' id='word_1_484' title='bbox 1340 4967 1506 5032; x_wconf 88' lang='lat' dir='ltr'>patre</span> <span class='ocrx_word' id='word_1_485' title='bbox 1535 4964 1811 5018; x_wconf 86' lang='lat' dir='ltr'>traditam</span> 
     </span>
    </p>
   </div>
   <div class='ocr_carea' id='block_1_94' title="bbox 1928 4953 3560 5032">
    <p class='ocr_par' dir='ltr' id='par_1_94' title="bbox 2264 4953 3560 5030">
     <span class='ocr_line' id='line_1_95' title="bbox 2264 4953 3560 5030; baseline -0.001 -21"><span class='ocrx_word' id='word_1_486' title='bbox 2264 4958 2368 5011; x_wconf 87' lang='lat'>300</span> <span class='ocrx_word' id='word_1_487' title='bbox 2404 4956 2608 5029; x_wconf 78' lang='grc' dir='ltr'>Ἀρχὴν</span> <span class='ocrx_word' id='word_1_488' title='bbox 2643 4955 2737 5027; x_wconf 76' lang='grc' dir='ltr'>μὲν</span> <span class='ocrx_word' id='word_1_489' title='bbox 2766 4955 2921 5015; x_wconf 76' lang='grc' dir='ltr'>οὗτος</span> <span class='ocrx_word' id='word_1_490' title='bbox 2950 4957 3210 5028; x_wconf 83' lang='grc' dir='ltr'>πατρόθεν</span> <span class='ocrx_word' id='word_1_491' title='bbox 3245 4953 3560 5030; x_wconf 84' lang='grc' dir='ltr'>δεδεγμένος</span> 
     </span>
    </p>
   </div>
   <div class='ocr_carea' id='block_1_95' title="bbox 490 5039 2122 5146">
    <p class='ocr_par' dir='ltr' id='par_1_95' title="bbox 490 5047 1750 5118">
     <span class='ocr_line' id='line_1_96' title="bbox 490 5047 1750 5118; baseline 0.004 -17"><span class='ocrx_word' id='word_1_492' title='bbox 490 5047 760 5118; x_wconf 67' lang='lat' dir='ltr'>praeclare</span> <span class='ocrx_word' id='word_1_493' title='bbox 789 5047 1157 5118; x_wconf 90' lang='lat' dir='ltr'>gubernabat</span> <span class='ocrx_word' id='word_1_494' title='bbox 1188 5049 1367 5104; x_wconf 84' lang='lat' dir='ltr'>armis</span> <span class='ocrx_word' id='word_1_495' title='bbox 1399 5054 1455 5104; x_wconf 87' lang='lat' dir='ltr'>et</span> <span class='ocrx_word' id='word_1_496' title='bbox 1486 5051 1750 5118; x_wconf 88' lang='lat' dir='ltr'>consilio,</span> 
     </span>
    </p>
   </div>
   <div class='ocr_carea' id='block_1_96' title="bbox 1804 5039 3436 5146">
    <p class='ocr_par' dir='ltr' id='par_1_96' title="bbox 2404 5039 3436 5146">
     <span class='ocr_line' id='line_1_97' title="bbox 2406 5039 3436 5118; baseline -0.001 -21"><span class='ocrx_word' id='word_1_497' title='bbox 2406 5049 2586 5098; x_wconf 85' lang='grc' dir='ltr'>Διεῖπε</span> <span class='ocrx_word' id='word_1_498' title='bbox 2615 5042 2799 5106; x_wconf 80' lang='grc' dir='ltr'>καλῶς</span> <span class='ocrx_word' id='word_1_499' title='bbox 2833 5039 3033 5098; x_wconf 70' lang='grc' dir='ltr'>συνέσει</span> <span class='ocrx_word' id='word_1_500' title='bbox 3066 5043 3436 5118; x_wconf 82' lang='grc' dir='ltr'>στρατηγίαις,</span> 
     </span>
     <span class='ocr_line' id='line_1_98' title="bbox 2404 5128 3400 5146; baseline 0 0"><span class='ocrx_word' id='word_1_501' title='bbox 2404 5135 2466 5146; x_wconf 60' lang='grc' dir='ltr'>η,</span> <span class='ocrx_word' id='word_1_502' title='bbox 2596 5133 2610 5146; x_wconf 77' lang='lat'>.</span> <span class='ocrx_word' id='word_1_503' title='bbox 2690 5134 2704 5146; x_wconf 60' lang='grc' dir='ltr'><strong>ς</strong></span> <span class='ocrx_word' id='word_1_504' title='bbox 2773 5132 2785 5146; x_wconf 89' lang='grc'><strong><em>,</em></strong></span> <span class='ocrx_word' id='word_1_505' title='bbox 3000 5130 3026 5146; x_wconf 72' lang='grc' dir='ltr'>τ</span> <span class='ocrx_word' id='word_1_506' title='bbox 3198 5136 3224 5146; x_wconf 83' lang='grc'>..</span> <span class='ocrx_word' id='word_1_507' title='bbox 3304 5130 3345 5146; x_wconf 60' lang='grc' dir='ltr'><strong>κ.</strong></span> <span class='ocrx_word' id='word_1_508' title='bbox 3377 5128 3400 5146; x_wconf 73' lang='grc' dir='ltr'>,ι</span> 
     </span>
    </p>
   </div>
   <div class='ocr_carea' id='block_1_97' title="bbox 489 5130 2121 5211">
    <p class='ocr_par' dir='ltr' id='par_1_97' title="bbox 489 5134 1929 5211">
     <span class='ocr_line' id='line_1_99' title="bbox 489 5134 1929 5211; baseline 0.003 -21"><span class='ocrx_word' id='word_1_509' title='bbox 489 5137 748 5190; x_wconf 88' lang='lat' dir='ltr'>nondum</span> <span class='ocrx_word' id='word_1_510' title='bbox 782 5134 1065 5202; x_wconf 84' lang='lat' dir='ltr'>initiatus,</span> <span class='ocrx_word' id='word_1_511' title='bbox 1101 5139 1200 5192; x_wconf 91' lang='lat' dir='ltr'>sed</span> <span class='ocrx_word' id='word_1_512' title='bbox 1236 5142 1427 5190; x_wconf 75' lang='lat' dir='ltr'>tamen</span> <span class='ocrx_word' id='word_1_513' title='bbox 1463 5145 1616 5193; x_wconf 83' lang='lat' dir='ltr'>recte</span> <span class='ocrx_word' id='word_1_514' title='bbox 1648 5142 1929 5211; x_wconf 88' lang='lat' dir='ltr'>sentiens,</span> 
     </span>
    </p>
   </div>
   <div class='ocr_carea' id='block_1_98' title="bbox 1908 5130 3540 5211">
    <p class='ocr_par' dir='ltr' id='par_1_98' title="bbox 1915 5130 3540 5211">
     <span class='ocr_line' id='line_1_100' title="bbox 1915 5130 3540 5211; baseline 0.001 -26"><span class='ocrx_word' id='word_1_515' title='bbox 1915 5182 1929 5211; x_wconf 64' lang='lat'>,</span> <span class='ocrx_word' id='word_1_516' title='bbox 2404 5135 2521 5188; x_wconf 87' lang='grc' dir='ltr'>Ἔτι</span> <span class='ocrx_word' id='word_1_517' title='bbox 2557 5133 2649 5204; x_wconf 73' lang='grc' dir='ltr'>μὲν</span> <span class='ocrx_word' id='word_1_518' title='bbox 2680 5132 2944 5203; x_wconf 77' lang='grc' dir='ltr'>ἀμύητος,</span> <span class='ocrx_word' id='word_1_519' title='bbox 2975 5130 3029 5185; x_wconf 81' lang='grc' dir='ltr'>εὖ</span> <span class='ocrx_word' id='word_1_520' title='bbox 3061 5136 3265 5208; x_wconf 81' lang='grc' dir='ltr'>φρενῶν</span> <span class='ocrx_word' id='word_1_521' title='bbox 3300 5130 3345 5186; x_wconf 82' lang='grc' dir='ltr'>δ’</span> <span class='ocrx_word' id='word_1_522' title='bbox 3376 5130 3540 5207; x_wconf 81' lang='grc' dir='ltr'>ἔχων,</span> 
     </span>
    </p>
   </div>
   <div class='ocr_carea' id='block_1_99' title="bbox 488 5218 2120 5297">
    <p class='ocr_par' dir='ltr' id='par_1_99' title="bbox 488 5225 1765 5296">
     <span class='ocr_line' id='line_1_101' title="bbox 488 5225 1765 5296; baseline 0.004 -18"><span class='ocrx_word' id='word_1_523' title='bbox 488 5225 639 5294; x_wconf 90' lang='lat' dir='ltr'>quod</span> <span class='ocrx_word' id='word_1_524' title='bbox 674 5240 739 5278; x_wconf 83' lang='lat' dir='ltr'>ex</span> <span class='ocrx_word' id='word_1_525' title='bbox 768 5225 1017 5295; x_wconf 73' lang='lat' dir='ltr'>ipsemet</span> <span class='ocrx_word' id='word_1_526' title='bbox 1046 5226 1189 5280; x_wconf 88' lang='lat' dir='ltr'>satis</span> <span class='ocrx_word' id='word_1_527' title='bbox 1220 5226 1504 5296; x_wconf 81' lang='lat' dir='ltr'>conjicere</span> <span class='ocrx_word' id='word_1_528' title='bbox 1536 5228 1765 5295; x_wconf 88' lang='lat' dir='ltr'>licebat,</span> 
     </span>
    </p>
   </div>
   <div class='ocr_carea' id='block_1_100' title="bbox 1848 5218 3480 5297">
    <p class='ocr_par' dir='ltr' id='par_1_100' title="bbox 2403 5218 3480 5297">
     <span class='ocr_line' id='line_1_102' title="bbox 2403 5218 3480 5297; baseline 0 -22"><span class='ocrx_word' id='word_1_529' title='bbox 2403 5223 2492 5282; x_wconf 79' lang='grc' dir='ltr'>Ὡς</span> <span class='ocrx_word' id='word_1_530' title='bbox 2524 5222 2573 5291; x_wconf 82' lang='grc' dir='ltr'>ἐξ</span> <span class='ocrx_word' id='word_1_531' title='bbox 2597 5223 2761 5275; x_wconf 72' lang='grc' dir='ltr'>αὐτοῦ</span> <span class='ocrx_word' id='word_1_532' title='bbox 2789 5218 2855 5289; x_wconf 75' lang='grc' dir='ltr'>δὴ</span> <span class='ocrx_word' id='word_1_533' title='bbox 2888 5220 3307 5297; x_wconf 84' lang='grc' dir='ltr'>συλλογίσασθαι</span> <span class='ocrx_word' id='word_1_534' title='bbox 3341 5218 3480 5289; x_wconf 84' lang='grc' dir='ltr'>δέον,</span> 
     </span>
    </p>
   </div>
   <div class='ocr_carea' id='block_1_101' title="bbox 488 5315 1685 5384">
    <p class='ocr_par' dir='ltr' id='par_1_101' title="bbox 488 5315 1685 5384">
     <span class='ocr_line' id='line_1_103' title="bbox 488 5315 1685 5384; baseline 0.002 -16"><span class='ocrx_word' id='word_1_535' title='bbox 488 5318 660 5384; x_wconf 86' lang='lat' dir='ltr'>atque</span> <span class='ocrx_word' id='word_1_536' title='bbox 694 5318 756 5367; x_wconf 89' lang='lat' dir='ltr'>ut</span> <span class='ocrx_word' id='word_1_537' title='bbox 785 5329 980 5368; x_wconf 87' lang='lat' dir='ltr'>rerum</span> <span class='ocrx_word' id='word_1_538' title='bbox 1013 5315 1200 5368; x_wconf 84' lang='lat' dir='ltr'>exitus</span> <span class='ocrx_word' id='word_1_539' title='bbox 1231 5315 1440 5369; x_wconf 87' lang='lat' dir='ltr'>deinde</span> <span class='ocrx_word' id='word_1_540' title='bbox 1469 5316 1685 5371; x_wconf 88' lang='lat' dir='ltr'>docuit.</span> 
     </span>
    </p>
   </div>
   <div class='ocr_carea' id='block_1_102' title="bbox 485 5403 1755 5473">
    <p class='ocr_par' dir='ltr' id='par_1_102' title="bbox 485 5403 1755 5473">
     <span class='ocr_line' id='line_1_104' title="bbox 485 5403 1755 5473; baseline 0.001 -17"><span class='ocrx_word' id='word_1_541' title='bbox 485 5403 615 5457; x_wconf 85' lang='lat' dir='ltr'>Jam</span> <span class='ocrx_word' id='word_1_542' title='bbox 648 5418 779 5456; x_wconf 88' lang='lat' dir='ltr'>cum</span> <span class='ocrx_word' id='word_1_543' title='bbox 812 5403 1190 5473; x_wconf 86' lang='lat' dir='ltr'>imperatores</span> <span class='ocrx_word' id='word_1_544' title='bbox 1221 5407 1338 5458; x_wconf 90' lang='lat' dir='ltr'>tres</span> <span class='ocrx_word' id='word_1_545' title='bbox 1369 5408 1508 5458; x_wconf 92' lang='lat' dir='ltr'>tunc</span> <span class='ocrx_word' id='word_1_546' title='bbox 1539 5410 1755 5471; x_wconf 86' lang='lat' dir='ltr'>essent,</span> 
     </span>
    </p>
   </div>
   <div class='ocr_carea' id='block_1_103' title="bbox 2394 3409 3535 3489">
    <p class='ocr_par' dir='ltr' id='par_1_103' title="bbox 2394 3409 3535 3489">
     <span class='ocr_line' id='line_1_105' title="bbox 2394 3409 3535 3489; baseline 0.005 -25"><span class='ocrx_word' id='word_1_547' title='bbox 2394 3410 2814 3485; x_wconf 80' lang='grc' dir='ltr'>Χριστωνύμοιι·</span> <span class='ocrx_word' id='word_1_548' title='bbox 2846 3409 2903 3465; x_wconf 73' lang='grc' dir='ltr'>δὲ</span> <span class='ocrx_word' id='word_1_549' title='bbox 2933 3410 3355 3489; x_wconf 87' lang='grc' dir='ltr'>δυσχερέστατος</span> <span class='ocrx_word' id='word_1_550' title='bbox 3387 3414 3535 3488; x_wconf 86' lang='grc' dir='ltr'>λίαν,</span> 
     </span>
    </p>
   </div>
   <div class='ocr_carea' id='block_1_104' title="bbox 2251 3496 3495 3578">
    <p class='ocr_par' dir='ltr' id='par_1_104' title="bbox 2251 3496 3495 3578">
     <span class='ocr_line' id='line_1_106' title="bbox 2251 3496 3495 3578; baseline 0.004 -25"><span class='ocrx_word' id='word_1_551' title='bbox 2251 3500 2358 3555; x_wconf 88' lang='grc'>285</span> <span class='ocrx_word' id='word_1_552' title='bbox 2396 3496 2769 3573; x_wconf 78' lang='grc' dir='ltr'>Πάνωλεθρίαν</span> <span class='ocrx_word' id='word_1_553' title='bbox 2802 3498 2973 3555; x_wconf 80' lang='grc' dir='ltr'>τῶνδε</span> <span class='ocrx_word' id='word_1_554' title='bbox 3004 3506 3099 3578; x_wconf 82' lang='grc' dir='ltr'>φεῦ</span> <span class='ocrx_word' id='word_1_555' title='bbox 3129 3504 3455 3577; x_wconf 85' lang='grc' dir='ltr'>κατακρίνας</span> <span class='ocrx_word' id='word_1_556' title='bbox 3483 3523 3495 3535; x_wconf 84' lang='lat'><strong><em>°</em></strong></span> 
     </span>
    </p>
   </div>
   <div class='ocr_carea' id='block_1_105' title="bbox 2397 3586 3674 3666">
    <p class='ocr_par' dir='ltr' id='par_1_105' title="bbox 2397 3586 3674 3666">
     <span class='ocr_line' id='line_1_107' title="bbox 2397 3586 3674 3666; baseline 0.007 -27"><span class='ocrx_word' id='word_1_557' title='bbox 2397 3586 2661 3640; x_wconf 86' lang='grc' dir='ltr'>Κοινωνὸν</span> <span class='ocrx_word' id='word_1_558' title='bbox 2694 3587 2849 3649; x_wconf 81' lang='grc' dir='ltr'>οὗτος</span> <span class='ocrx_word' id='word_1_559' title='bbox 2880 3592 2975 3642; x_wconf 81' lang='grc' dir='ltr'>τοῦ</span> <span class='ocrx_word' id='word_1_560' title='bbox 3000 3592 3229 3663; x_wconf 89' lang='grc' dir='ltr'>κράτους</span> <span class='ocrx_word' id='word_1_561' title='bbox 3257 3588 3674 3666; x_wconf 75' lang='grc' dir='ltr'>προσλαμϐάνει</span> 
     </span>
    </p>
   </div>
   <div class='ocr_carea' id='block_1_106' title="bbox 2398 3675 3682 3759">
    <p class='ocr_par' dir='ltr' id='par_1_106' title="bbox 2398 3675 3682 3759">
     <span class='ocr_line' id='line_1_108' title="bbox 2398 3675 3682 3759; baseline 0.009 -32"><span class='ocrx_word' id='word_1_562' title='bbox 2398 3675 2634 3729; x_wconf 86' lang='grc' dir='ltr'>Λικίνιον</span> <span class='ocrx_word' id='word_1_563' title='bbox 2667 3676 3013 3741; x_wconf 74' lang='grc' dir='ltr'>Κώνπαντος</span> <span class='ocrx_word' id='word_1_564' title='bbox 3043 3680 3155 3752; x_wconf 78' lang='grc'>(14)</span> <span class='ocrx_word' id='word_1_565' title='bbox 3185 3679 3412 3755; x_wconf 83' lang='grc' dir='ltr'>αἰσχρὸν</span> <span class='ocrx_word' id='word_1_566' title='bbox 3444 3682 3682 3759; x_wconf 81' lang='grc' dir='ltr'>νυμφίον</span> 
     </span>
    </p>
   </div>
   <div class='ocr_carea' id='block_1_107' title="bbox 2401 3764 3668 3844">
    <p class='ocr_par' dir='ltr' id='par_1_107' title="bbox 2401 3764 3668 3844">
     <span class='ocr_line' id='line_1_109' title="bbox 2401 3764 3668 3844; baseline 0.006 -27"><span class='ocrx_word' id='word_1_567' title='bbox 2401 3764 2569 3818; x_wconf 84' lang='grc' dir='ltr'>Κακόν</span> <span class='ocrx_word' id='word_1_568' title='bbox 2597 3785 2648 3818; x_wconf 91' lang='grc' dir='ltr'>τι</span> <span class='ocrx_word' id='word_1_569' title='bbox 2677 3766 2987 3840; x_wconf 84' lang='grc' dir='ltr'>τερμέρειον</span> <span class='ocrx_word' id='word_1_570' title='bbox 3019 3769 3129 3840; x_wconf 88' lang='grc'>(15)</span> <span class='ocrx_word' id='word_1_571' title='bbox 3156 3764 3387 3823; x_wconf 77' lang='grc' dir='ltr'>εὐσεϐῶν</span> <span class='ocrx_word' id='word_1_572' title='bbox 3420 3771 3621 3844; x_wconf 79' lang='grc' dir='ltr'>φθόρον</span> <span class='ocrx_word' id='word_1_573' title='bbox 3654 3790 3668 3805; x_wconf 78' lang='grc' dir='ltr'><strong><em>ο</em></strong></span> 
     </span>
    </p>
   </div>
   <div class='ocr_carea' id='block_1_108' title="bbox 2400 3854 3588 3933">
    <p class='ocr_par' dir='ltr' id='par_1_108' title="bbox 2400 3854 3588 3933">
     <span class='ocr_line' id='line_1_110' title="bbox 2400 3854 3588 3933; baseline 0.004 -24"><span class='ocrx_word' id='word_1_574' title='bbox 2400 3855 2500 3909; x_wconf 78' lang='grc' dir='ltr'>Καὶ</span> <span class='ocrx_word' id='word_1_575' title='bbox 2530 3854 2823 3926; x_wconf 78' lang='grc' dir='ltr'>Μαξέντιος</span> <span class='ocrx_word' id='word_1_576' title='bbox 2853 3856 2918 3923; x_wconf 78' lang='grc' dir='ltr'>ἦν</span> <span class='ocrx_word' id='word_1_577' title='bbox 2948 3854 3063 3918; x_wconf 66' lang='grc' dir='ltr'>ἴσος</span> <span class='ocrx_word' id='word_1_578' title='bbox 3089 3857 3303 3920; x_wconf 83' lang='grc' dir='ltr'>τούτοις</span> <span class='ocrx_word' id='word_1_579' title='bbox 3330 3857 3588 3933; x_wconf 80' lang='grc' dir='ltr'>τρόπους,</span> 
     </span>
    </p>
   </div>
   <div class='ocr_carea' id='block_1_109' title="bbox 2257 3943 3594 4022">
    <p class='ocr_par' dir='ltr' id='par_1_109' title="bbox 2257 3943 3594 4022">
     <span class='ocr_line' id='line_1_111' title="bbox 2257 3943 3594 4022; baseline 0.006 -26"><span class='ocrx_word' id='word_1_580' title='bbox 2257 3944 2362 3997; x_wconf 87' lang='grc'>290</span> <span class='ocrx_word' id='word_1_581' title='bbox 2398 3943 2499 3997; x_wconf 76' lang='grc' dir='ltr'>Καὶ</span> <span class='ocrx_word' id='word_1_582' title='bbox 2535 3945 2913 4018; x_wconf 89' lang='grc' dir='ltr'>χριστομάχος</span> <span class='ocrx_word' id='word_1_583' title='bbox 2942 3945 3033 4000; x_wconf 88' lang='grc' dir='ltr'>καὶ</span> <span class='ocrx_word' id='word_1_584' title='bbox 3064 3945 3350 4022; x_wconf 80' lang='grc' dir='ltr'>μιαιφόνος</span> <span class='ocrx_word' id='word_1_585' title='bbox 3381 3945 3547 4003; x_wconf 87' lang='grc' dir='ltr'>πλέον</span> <span class='ocrx_word' id='word_1_586' title='bbox 3582 3966 3594 3979; x_wconf 82' lang='grc'><strong><em>⁸</em></strong></span> 
     </span>
    </p>
   </div>
   <div class='ocr_carea' id='block_1_110' title="bbox 2402 4029 3386 4108">
    <p class='ocr_par' dir='ltr' id='par_1_110' title="bbox 2402 4029 3386 4108">
     <span class='ocr_line' id='line_1_112' title="bbox 2402 4029 3386 4108; baseline 0.003 -21"><span class='ocrx_word' id='word_1_587' title='bbox 2402 4032 2569 4104; x_wconf 83' lang='grc' dir='ltr'>Τριὰς</span> <span class='ocrx_word' id='word_1_588' title='bbox 2598 4032 2805 4107; x_wconf 74' lang='grc' dir='ltr'>ἐναγὴς,</span> <span class='ocrx_word' id='word_1_589' title='bbox 2839 4029 3069 4086; x_wconf 79' lang='grc' dir='ltr'>εὐσεϐῶν</span> <span class='ocrx_word' id='word_1_590' title='bbox 3098 4034 3386 4108; x_wconf 85' lang='grc' dir='ltr'>ἀναιρέτις,</span> 
     </span>
    </p>
   </div>
   <div class='ocr_carea' id='block_1_111' title="bbox 2400 4118 3472 4195">
    <p class='ocr_par' dir='ltr' id='par_1_111' title="bbox 2400 4118 3472 4195">
     <span class='ocr_line' id='line_1_113' title="bbox 2400 4118 3472 4195; baseline 0.004 -20"><span class='ocrx_word' id='word_1_591' title='bbox 2400 4122 2603 4195; x_wconf 74' lang='grc' dir='ltr'>’Ήνπερ</span> <span class='ocrx_word' id='word_1_592' title='bbox 2634 4120 2898 4192; x_wconf 82' lang='grc' dir='ltr'>μετῆλθεν</span> <span class='ocrx_word' id='word_1_593' title='bbox 2929 4118 3148 4185; x_wconf 79' lang='grc' dir='ltr'>ἐνδίκως</span> <span class='ocrx_word' id='word_1_594' title='bbox 3179 4124 3295 4185; x_wconf 90' lang='grc' dir='ltr'>θεία</span> <span class='ocrx_word' id='word_1_595' title='bbox 3326 4120 3472 4194; x_wconf 82' lang='grc' dir='ltr'>δίκη.</span> 
     </span>
    </p>
   </div>
   <div class='ocr_carea' id='block_1_112' title="bbox 2630 4236 3454 4293">
    <p class='ocr_par' dir='ltr' id='par_1_112' title="bbox 2630 4236 3454 4293">
     <span class='ocr_line' id='line_1_114' title="bbox 2630 4236 3454 4293; baseline 0.005 -4"><span class='ocrx_word' id='word_1_596' title='bbox 2630 4236 3171 4291; x_wconf 85' lang='grc' dir='ltr'>ΚΩΝΣΤΑΝΤΙΝΟΣ</span> <span class='ocrx_word' id='word_1_597' title='bbox 3198 4238 3306 4292; x_wconf 89' lang='lat' dir='ltr'>ET.</span> <span class='ocrx_word' id='word_1_598' title='bbox 3332 4239 3454 4293; x_wconf 80' lang='lat' dir='ltr'>AB&#39;.</span> 
     </span>
    </p>
   </div>
   <div class='ocr_carea' id='block_1_113' title="bbox 2404 4330 3641 4409">
    <p class='ocr_par' dir='ltr' id='par_1_113' title="bbox 2404 4330 3641 4409">
     <span class='ocr_line' id='line_1_115' title="bbox 2404 4330 3641 4409; baseline 0.003 -24"><span class='ocrx_word' id='word_1_599' title='bbox 2404 4332 2459 4385; x_wconf 90' lang='grc' dir='ltr'>Ὁ</span> <span class='ocrx_word' id='word_1_600' title='bbox 2488 4333 2667 4385; x_wconf 88' lang='grc' dir='ltr'>τοίνυν</span> <span class='ocrx_word' id='word_1_601' title='bbox 2702 4332 2951 4393; x_wconf 85' lang='grc' dir='ltr'>Κώνστας</span> <span class='ocrx_word' id='word_1_602' title='bbox 2980 4330 3060 4403; x_wconf 77' lang='grc' dir='ltr'>τῷ</span> <span class='ocrx_word' id='word_1_603' title='bbox 3086 4331 3227 4405; x_wconf 88' lang='grc' dir='ltr'>γόνῳ</span> <span class='ocrx_word' id='word_1_604' title='bbox 3258 4334 3641 4409; x_wconf 83' lang='grc' dir='ltr'>Κωνσταντίνῳ</span> 
     </span>
    </p>
   </div>
   <div class='ocr_carea' id='block_1_114' title="bbox 2402 5306 3577 5384">
    <p class='ocr_par' dir='ltr' id='par_1_114' title="bbox 2402 5306 3577 5384">
     <span class='ocr_line' id='line_1_116' title="bbox 2402 5306 3577 5384; baseline 0.002 -22"><span class='ocrx_word' id='word_1_605' title='bbox 2402 5315 2487 5372; x_wconf 77' lang='grc' dir='ltr'>Ὡς</span> <span class='ocrx_word' id='word_1_606' title='bbox 2516 5309 2732 5384; x_wconf 79' lang='grc' dir='ltr'>ὕστερον</span> <span class='ocrx_word' id='word_1_607' title='bbox 2767 5306 2978 5383; x_wconf 81' lang='grc' dir='ltr'>δέδειχε</span> <span class='ocrx_word' id='word_1_608' title='bbox 3006 5308 3333 5384; x_wconf 88' lang='grc' dir='ltr'>πραγμάτων</span> <span class='ocrx_word' id='word_1_609' title='bbox 3366 5311 3532 5383; x_wconf 83' lang='grc' dir='ltr'>πέρας</span> <span class='ocrx_word' id='word_1_610' title='bbox 3563 5325 3577 5342; x_wconf 89' lang='grc'><strong>·</strong></span> 
     </span>
    </p>
   </div>
   <div class='ocr_carea' id='block_1_115' title="bbox 2264 5396 3556 5475">
    <p class='ocr_par' dir='ltr' id='par_1_115' title="bbox 2264 5396 3556 5475">
     <span class='ocr_line' id='line_1_117' title="bbox 2264 5396 3556 5475; baseline -0.002 -21"><span class='ocrx_word' id='word_1_611' title='bbox 2264 5401 2369 5454; x_wconf 89' lang='grc'>305</span> <span class='ocrx_word' id='word_1_612' title='bbox 2405 5401 2582 5471; x_wconf 77' lang='grc' dir='ltr'>Τριῶν</span> <span class='ocrx_word' id='word_1_613' title='bbox 2618 5396 2662 5452; x_wconf 72' lang='lat'>3&#39;</span> <span class='ocrx_word' id='word_1_614' title='bbox 2696 5398 2938 5452; x_wconf 84' lang='grc' dir='ltr'>ὑπόντων</span> <span class='ocrx_word' id='word_1_615' title='bbox 2974 5398 3388 5475; x_wconf 81' lang='grc' dir='ltr'>αὐτοκρατόρων</span> <span class='ocrx_word' id='word_1_616' title='bbox 3414 5398 3556 5469; x_wconf 82' lang='grc' dir='ltr'>τότε,</span> 
     </span>
    </p>
   </div>
   <div class='ocr_carea' id='block_1_116' title="bbox 558 5524 2939 5596">
    <p class='ocr_par' dir='ltr' id='par_1_116' title="bbox 558 5524 2939 5596">
     <span class='ocr_line' id='line_1_118' title="bbox 558 5524 2939 5596; baseline -0.001 -16"><span class='ocrx_word' id='word_1_617' title='bbox 558 5529 670 5596; x_wconf 85' lang='grc'>(13)</span> <span class='ocrx_word' id='word_1_618' title='bbox 716 5528 798 5580; x_wconf 89' lang='lat' dir='ltr'>Ita</span> <span class='ocrx_word' id='word_1_619' title='bbox 847 5528 972 5581; x_wconf 88' lang='lat' dir='ltr'>cod.</span> <span class='ocrx_word' id='word_1_620' title='bbox 1034 5530 1103 5580; x_wconf 75' lang='lat' dir='ltr'>At</span> <span class='ocrx_word' id='word_1_621' title='bbox 1156 5528 1375 5582; x_wconf 88' lang='lat' dir='ltr'>Latinis</span> <span class='ocrx_word' id='word_1_622' title='bbox 1423 5534 1511 5582; x_wconf 88' lang='lat' dir='ltr'>est</span> <span class='ocrx_word' id='word_1_623' title='bbox 1575 5530 1950 5595; x_wconf 74' lang='lat' dir='ltr'>Constantius,</span> <span class='ocrx_word' id='word_1_624' title='bbox 2004 5546 2118 5584; x_wconf 91' lang='lat' dir='ltr'>non</span> <span class='ocrx_word' id='word_1_625' title='bbox 2228 5529 2375 5585; x_wconf 84' lang='lat' dir='ltr'>erat.</span> <span class='ocrx_word' id='word_1_626' title='bbox 2407 5541 2584 5595; x_wconf 88' lang='lat' dir='ltr'>gener</span> <span class='ocrx_word' id='word_1_627' title='bbox 2616 5524 2939 5579; x_wconf 76' lang='lat' dir='ltr'>Constantii.</span> 
     </span>
    </p>
   </div>
   <div class='ocr_carea' id='block_1_117' title="bbox 489 5596 2121 5667">
    <p class='ocr_par' dir='ltr' id='par_1_117' title="bbox 489 5597 765 5653">
     <span class='ocr_line' id='line_1_119' title="bbox 489 5597 765 5653; baseline -0.004 -2"><span class='ocrx_word' id='word_1_628' title='bbox 489 5597 765 5653; x_wconf 77' lang='lat' dir='ltr'>Constans.</span> 
     </span>
    </p>
   </div>
   <div class='ocr_carea' id='block_1_118' title="bbox 1053 5596 2685 5667">
    <p class='ocr_par' dir='ltr' id='par_1_118' title="bbox 2299 5596 2685 5667">
     <span class='ocr_line' id='line_1_120' title="bbox 2299 5596 2685 5667; baseline 0.005 -19"><span class='ocrx_word' id='word_1_629' title='bbox 2299 5598 2410 5667; x_wconf 87' lang='grc'>(15)</span> <span class='ocrx_word' id='word_1_630' title='bbox 2443 5598 2529 5651; x_wconf 86' lang='lat' dir='ltr'>Ita</span> <span class='ocrx_word' id='word_1_631' title='bbox 2559 5596 2685 5650; x_wconf 89' lang='lat' dir='ltr'>cod.</span> 
     </span>
    </p>
   </div>
   <div class='ocr_carea' id='block_1_119' title="bbox 554 5667 2121 5742">
    <p class='ocr_par' dir='ltr' id='par_1_119' title="bbox 554 5667 2121 5742">
     <span class='ocr_line' id='line_1_121' title="bbox 554 5667 2121 5742; baseline 0.003 -20"><span class='ocrx_word' id='word_1_632' title='bbox 554 5670 667 5740; x_wconf 84' lang='grc'>(14)</span> <span class='ocrx_word' id='word_1_633' title='bbox 698 5669 783 5723; x_wconf 87' lang='lat' dir='ltr'>Ita</span> <span class='ocrx_word' id='word_1_634' title='bbox 813 5669 939 5724; x_wconf 91' lang='lat' dir='ltr'>cod.</span> <span class='ocrx_word' id='word_1_635' title='bbox 974 5667 1150 5739; x_wconf 86' lang='lat' dir='ltr'>Atqui</span> <span class='ocrx_word' id='word_1_636' title='bbox 1183 5668 1439 5724; x_wconf 89' lang='lat' dir='ltr'>Licinius</span> <span class='ocrx_word' id='word_1_637' title='bbox 1485 5668 1819 5728; x_wconf 67' lang='lat' dir='ltr'>Constantia/3</span> <span class='ocrx_word' id='word_1_638' title='bbox 1866 5688 2121 5742; x_wconf 82' lang='lat' dir='ltr'>sponsus</span> 
     </span>
    </p>
   </div>
  </div>
