4132 6300
341 461 410 512 27
1542 460 1913 516 EPHRBMII
1951 459 2519 516 CHRONOGRAPHI

342 582 854 656 immortalemque
883 601 949 640 ac
980 584 1189 641 miram
1219 585 1399 641 vitam
1429 585 1695 657 adipisci.

345 672 663 743 Postquam
691 690 824 729 eum
856 689 1102 729 somnus
1130 674 1463 746 dereliquit,
1498 672 1698 731 statim

346 766 615 817 sanctum
645 762 987 818 Silvestrum
1021 764 1341 818 admodum
1375 768 1702 819 reverenter

347 849 589 905 advocat
616 874 629 917 ;
664 854 836 921 atque
865 851 965 905 ubi
996 851 1324 906 venientem
1357 852 1664 922 conspicit,

346 953 469 993 rem
499 936 583 992 illi
615 943 888 994 cunctam
919 939 1124 1010 pandit
1152 939 1565 996 lubentissime
1599 956 1611 993 :

347 1026 627 1081 Silvester
658 1042 851 1098 regem
884 1028 992 1082 visi
1023 1028 1307 1083 rationem
1336 1028 1560 1083 edocet.

346 1118 462 1171 Cur
490 1115 667 1170 verba
695 1114 901 1187 longas
934 1116 1144 1171 ducam
1172 1131 1276 1187 per
1307 1116 1588 1185 ambages
1619 1115 1645 1169 ‘2

349 1202 689 1274 religiosum
724 1204 970 1275 principi
1004 1203 1347 1269 mysterium
1380 1204 1649 1274 explicat,

348 1291 761 1363 initiatumque
790 1296 846 1347 et
877 1292 1207 1347 credentem
1241 1292 1533 1363 baptismo
1566 1290 1761 1363 tingit,

351 1384 407 1436 et
438 1384 639 1435 sancto
670 1380 864 1435 educit
890 1380 1118 1435 lavacro
1147 1380 1524 1436 incolumem.

351 1467 435 1522 Ad
465 1467 681 1522 Christi
709 1472 901 1538 partes
932 1468 1179 1523 accessit
1207 1468 1383 1523 etiam
1417 1468 1631 1523 Helena

354 1555 620 1611 Silvestri
651 1556 839 1613 verbis
872 1558 1075 1613 edocta
1104 1558 1357 1627 pastoris
1388 1556 1648 1613 maximi.

354 1646 487 1713 Ipsa
511 1644 783 1716 deinceps
808 1645 1041 1701 Sionem
1068 1646 1168 1701 Dei
1200 1647 1405 1701 urbem

354 1730 572 1799 invisit,
604 1749 831 1789 sacrum
862 1733 1088 1805 lignum
1120 1734 1418 1805 vestigans
1448 1733 1657 1803 crucis,

352 1819 550 1890 ibique
580 1826 644 1876 ut
674 1822 895 1892 templa
924 1823 1196 1877 conderet
1225 1821 1621 1879 sanctissima.

356 1906 577 1979 Religio
608 1913 806 1964 nostra
837 1911 1017 1965 crevit
1045 1927 1112 1965 ex
1142 1910 1250 1966 hoc
1282 1915 1542 1983 tempore

354 1995 679 2067 ampliﬁce;
713 2004 888 2068 atque
918 2000 989 2054 ad
1022 1999 1181 2054 orbis
1214 2000 1477 2069 pervenit
1502 1999 1647 2053 lines

356 2084 753 2155 apostolorum
787 2087 1043 2142 salubris
1073 2088 1407 2158 praedicatio
1442 2104 1454 2141 :

354 2172 601 2244 risitque
629 2191 727 2230 ver
759 2175 1139 2247 tranquillum
1172 2176 1543 2232 orthodoxiaa.

355 2262 519 2317 Tunc
551 2262 768 2335 templa
799 2266 1018 2334 passim
1051 2269 1289 2337 patuere
1318 2264 1703 2331 Christicolis,

353 2356 528 2423 atque
561 2354 753 2410 omnis
784 2371 886 2410 ara
916 2354 1046 2411 falsi
1078 2355 1269 2410 cultus
1296 2354 1550 2410 concidit

351 2439 568 2496 Christi
591 2443 803 2499 virtute
834 2444 1065 2499 Domini
1098 2453 1155 2499 et
1184 2442 1449 2498 omnium
1480 2441 1676 2513 Regis,

350 2527 615 2599 Itemque
645 2530 1011 2587 Constantini
1043 2532 1220 2604 legati
1251 2532 1403 2601 ejus.

353 2615 456 2671 Hic
486 2618 603 2673 late
634 2618 978 2690 imperitans
1010 2621 1286 2691 gentibus
1318 2618 1666 2683 innumeris,

354 2705 597 2774 prolatis
626 2707 799 2763 etiam
836 2708 1043 2779 priscis
1073 2709 1303 2779 imperii
1336 2707 1554 2762 ﬁnibus

353 2792 543 2850 crucis
574 2797 749 2867 atque
768 2797 1065 2869 Evangelii
1094 2796 1351 2868 potentia
1382 2796 1646 2867 adjutus,

352 2881 761 2955 homonymam
795 2900 1025 2955 quoque
1053 2884 1314 2940 condidit
1345 2884 1455 2939 sibi
1485 2883 1710 2952 urbem,

351 2971 599 3027 ocellum
630 2973 811 3029 totius
834 2973 1039 3028 mundi
1070 2972 1639 3045 splendidissimum.

352 3059 573 3132 Regum
609 3061 703 3117 hic
734 3062 964 3133 piorum
995 3067 1158 3134 pater
1186 3066 1276 3116 est
1307 3060 1655 3131 appellatus,

352 3152 410 3203 et
440 3148 910 3206 christicolarum
942 3150 1234 3206 Caesarum
1267 3154 1624 3205 antecessor.

350 3237 511 3293 Idem
539 3238 947 3310 episcoporum
979 3240 1228 3309 primam
1262 3237 1470 3293 indixit
1495 3236 1807 3307 synodum,

354 3326 703 3397 quibuscum
737 3328 1005 3399 spurium
1040 3328 1160 3381 Arii
1191 3328 1404 3399 dogma
1433 3323 1703 3397 perculit.

387 3450 881 3507 CONSTANTIUS
923 3452 1155 3507 MAGNI
1192 3449 1668 3508 CONSTANTINI
1712 3448 1942 3505 FILIUS

985 3524 1101 3578 AN.
1144 3522 1341 3577 XXIV.

351 3628 668 3695 Postquam
700 3627 749 3681 is
780 3631 1054 3683 terrestre
1084 3627 1340 3682 deseruit
1370 3626 1703 3696 imperium,

353 3730 574 3786 proque
605 3714 712 3771 hoc
744 3732 1060 3787 supernam
1091 3716 1334 3785 gloriam
1367 3716 1616 3786 adeptus
1648 3717 1755 3779 est,

355 3802 752 3875 coelorumque
784 3806 946 3876 regni
978 3805 1120 3859 adiit
1150 3804 1540 3859 hereditatem
1566 3823 1579 3871 ;

356 3892 477 3947 nati
512 3907 580 3947 ex
607 3908 673 3947 eo
705 3892 871 3947 liberi
904 3898 1129 3947 tantam
1156 3891 1388 3963 imperii
1421 3890 1634 3946 molem

353 3984 666 4049 Constans,
697 3982 1099 4049 Constantius,
1131 3986 1305 4052 atque
1333 3977 1776 4049 Constantinus,

351 4068 507 4124 inter
534 4086 596 4125 se
625 4070 823 4140 partiti
850 4075 991 4125 sunt
1020 4070 1315 4125 haeredum
1349 4069 1487 4123 ritu.

351 4157 421 4212 Et
447 4160 738 4215 Constans
769 4159 1004 4229 quidem
1039 4174 1173 4213 cum
1205 4156 1586 4213 Constantino
1618 4154 1792 4211 fratre

353 4249 541 4301 terras
571 4248 845 4302 occiduas
875 4248 986 4301 sibi
1010 4249 1292 4317 regendas
1324 4249 1589 4311 sumunt,

356 4333 596 4389 Romam
627 4334 839 4405 ipsam,
874 4334 1147 4401 Africam,
1182 4333 1548 4404 Italiamque,

355 4425 412 4476 et
441 4422 727 4492 quidquid
760 4422 965 4477 mundi
998 4438 1185 4492 usque
1215 4421 1286 4476 ad
1319 4436 1602 4475 oceanum
1634 4423 1811 4490 patet.

356 4507 561 4564 Oriens
592 4510 933 4565 Constantio
966 4510 1211 4581 contigit
1243 4509 1570 4576 universus,

356 4601 748 4669 praetereaque
776 4598 1040 4667 Thracia,
1075 4599 1338 4668 ﬁnesque
1367 4595 1741 4664 Macedonici,

357 4700 491 4740 cum
524 4689 667 4743 urbe
696 4705 729 4743 a
756 4692 914 4758 patre
945 4688 1180 4743 condita
1209 4694 1263 4741 et
1294 4686 1455 4758 regni
1486 4685 1639 4740 sede.

356 4774 457 4831 Hic
487 4775 601 4832 sibi
630 4776 915 4832 creditum
946 4776 1165 4846 optime
1193 4774 1506 4847 imperium
1538 4789 1745 4845 gerens

356 4863 572 4920 multos
604 4881 821 4935 agonas
852 4864 1092 4936 pertulit
1121 4881 1186 4918 ac
1217 4863 1581 4929 discrimina,

354 4957 631 5025 perpetuo
666 4952 926 5008 militans
957 4953 1274 5023 hostesque
1306 4952 1482 5007 armis
1514 4965 1872 5023 persequens

353 5044 570 5099 Deinde
601 5044 807 5099 occisis
838 5045 895 5097 in
927 5044 1235 5099 Occidente
1267 5044 1569 5109 fratribus,

351 5133 735 5189 Constantino
767 5131 907 5203 quia
937 5134 1174 5188 fratrem
1209 5133 1390 5188 armis
1422 5132 1815 5200 lacessiverat,

354 5221 665 5277 Constante
703 5221 855 5277 dolis
886 5221 1204 5293 Magnentii
1238 5220 1480 5287 irretito,

352 5310 509 5364 orbis
541 5309 793 5366 universi
826 5311 1207 5366 Constantius
1237 5315 1533 5381 sceptrum
1564 5309 1773 5365 tenuit.

352 5397 501 5453 Nam
530 5398 928 5470 Magnentium
961 5398 1191 5469 quidem
1221 5398 1354 5455 belli
1378 5400 1513 5470 jure
1544 5398 1786 5455 sustulit
1813 5415 1827 5466 ;

355 5492 414 5541 at
443 5487 854 5542 Vetranionem
887 5488 988 5558 qui
1019 5494 1225 5559 printer
1258 5489 1343 5543 las
1371 5506 1433 5544 se
1462 5493 1739 5561 gesserat,

359 5574 688 5646 perculsum
723 5580 876 5631 metu
909 5576 1213 5632 subditum
1248 5577 1357 5633 sibi
1390 5578 1540 5634 fecit.

426 5754 538 5828 (16)
570 5759 654 5813 Ita
684 5757 811 5811 cod.

2007 585 2063 650 Α
2126 584 2233 639 365
2270 587 2423 649 Ζωῆς
2452 584 2728 657 ἀκηράτου
2758 604 2815 637 τε
2845 586 3033 657 τυχεῖν
3063 582 3149 635 καὶ
3185 583 3357 651 ξένης.

2270 671 2419 728 Ἑπεὶ
2452 670 2498 725 δ’
2526 672 2720 741 ἀνῆκεν
2753 671 2918 733 ὕπνος
2949 672 3131 741 αὐτὸν,
3163 669 3357 724 αὐτίκα

2267 761 2375 816 Τὸν
2406 761 2549 835 ἱερὸν
2584 760 2919 836 Σίλοεστρον
2953 754 3200 819 εὐλαϐῶς
3227 758 3357 830 ἄγαν

2268 845 2692 915 Μετακαλεῖται,
2722 848 2811 902 καὶ
2843 844 3215 922 προσελθόντα
3249 843 3458 919 βλέπει,

2272 937 2369 989 Καὶ
2401 937 2574 989 πάντα
2600 934 2844 1006 διέξεισιν
2879 934 3025 1006 αὺτῷ
3049 932 3399 1009 προφρόνως

2128 1028 2234 1083 370
2270 1028 2326 1080 ’0
2353 1024 2402 1080 δ’
2432 1026 2496 1080 αὖ
2528 1026 2713 1100 ἐπάγει
2742 1030 2850 1081 τῶν
2884 1024 3179 1090 Θεαθέντων
3213 1022 3389 1077 λύσιν·

2269 1115 2377 1170 Καὶ
2403 1115 2456 1169 τί
2491 1137 2558 1188 με
2588 1113 2670 1170 δεῖ
2697 1116 2970 1191 γράφοντα
3005 1114 3183 1188 μακρά
3212 1111 3544 1185 συμπλέκειν
3576 1130 3591 1181 ;

2269 1203 2566 1258 Έκτίθεταί
2598 1205 2652 1257 οἳ
2683 1205 2775 1257 τὸν
2802 1203 2965 1279 λόγον
2996 1203 3319 1275 μυστηρίου.

2270 1294 2412 1349 Μυεῖ
2438 1313 2496 1347 τε
2529 1291 2773 1367 βαπτίζει
2804 1312 2861 1346 τε
2892 1290 3248 1345 πιστεύσαντά
3275 1310 3357 1362 γε,

2274 1382 2517 1455 Λουτροῦ
2538 1382 2584 1435 τ’
2612 1382 2765 1449 ἀσινῆ
2796 1384 2894 1435 τοῦ
2923 1383 3197 1453 παναγοῦς
3230 1378 3431 1452 ἀνάγει’

2128 1471 2235 1526 375
2274 1475 2562 1543 Προσῆλθε
2585 1473 2805 1543 Χριστῷ
2834 1468 2921 1522 καὶ
2958 1466 3174 1543 βασιλὶς
3201 1464 3394 1535 Ἑλένη

2271 1556 2656 1621 Διδασκαλίαις
2685 1558 3067 1632 ποιμενάρχου
3096 1550 3449 1629 Σιλϐέστρου·

2270 1648 2399 1709 Μεθ’
2431 1644 2492 1701 οὗ
2527 1649 2668 1701 Σιὼν
2700 1642 2895 1719 εϐλεψε
2923 1647 3022 1713 τὴν
3056 1648 3189 1700 Θεοῦ
3219 1642 3385 1698 πόλιν

2269 1734 2365 1799 Εἷς
2398 1737 2695 1812 φανέρωσιν
2726 1738 3015 1809 σταυρικοῦ
3048 1735 3196 1797 θείου
3226 1731 3413 1804 ξύλου,

2268 1828 2430 1880 Ναῶν
2462 1825 2511 1877 τ’
2539 1822 2876 1896 ἀναδόμησιν
2910 1823 3296 1896 εὐαγεστάτων.

2012 1941 2061 2006 Β
2126 1916 2231 1971 380
2270 1912 2555 1969 Κάντεῦθεν
2589 1914 2737 1976 ἀνθεῖ
2762 1914 2829 1966 τὰ
2857 1912 2976 1976 καθ’
3005 1914 3153 1983 ἡμᾶς
3186 1909 3260 1971 εἷς
3293 1909 3447 2006 μέγα·

2268 2002 2588 2056 Ἐκτείνεται
2621 2000 2679 2054 δὲ
2707 2001 2795 2054 καὶ
2831 2002 2994 2075 μέχρι
3020 2006 3119 2073 γῆς
3146 1996 3429 2073 τερμάτων

2269 2092 2550 2163 Σωτῆριον
2584 2091 2839 2164 κήρυγμα
2867 2092 2975 2143 τῶν
3010 2085 3353 2143 ἀποστόλων·

2268 2175 2405 2246 Γελᾷ
2435 2175 2480 2230 δ’
2512 2172 2603 2249 ἔαρ
2634 2177 2842 2250 ἥσυχον
2872 2173 3208 2250 ὀρθοδοξίας’

2269 2265 2604 2340 Ἀνοίγνυται
2636 2270 2739 2326 πᾶς
2768 2264 2857 2319 καὶ
2887 2264 3023 2325 νεὼς
3053 2262 3486 2337 Χριστωνύμοις,

2126 2356 2232 2411 385
2270 2353 2467 2425 Βωμὸς
2499 2355 2544 2407 τ’
2566 2352 2922 2428 ἀνετέτραπτο
2949 2356 3053 2413 πᾶς
3088 2352 3178 2405 σὺν
3210 2354 3278 2423 τῇ
3309 2348 3489 2422 πλάνῃ

2266 2445 2500 2516 Χριστοῦ
2535 2438 2758 2514 δυνάμει
2791 2441 3159 2502 παντάνακτος
3190 2436 3459 2493 Δεσπότου

2260 2532 2684 2605 Ὑποστρατήγῳ
2718 2527 2933 2604 βασιλεῖ
2970 2526 3380 2598 Κωνσταντίνῳ,

2267 2621 2362 2679 Ὃς
2394 2618 2552 2692 ἄρξας
2584 2616 2747 2672 ἐθνῶν
2780 2616 3029 2672 ἀπλέτων
3055 2614 3341 2690 ἐθναρχίας

2272 2704 2647 2781 Σχοινίσματά
2675 2726 2734 2760 τε
2762 2704 3037 2767 πλατύνας
3064 2701 3405 2779 κληρουχίας

2128 2796 2234 2851 390
2276 2798 2524 2869 ΣταυρῸῦ
2555 2815 2614 2848 τε
2641 2793 2824 2867 κράτει
2854 2790 3264 2863 παντοδυνάμου
3297 2789 3484 2866 λόγου,

2270 2882 2439 2937 Πάλιν
2474 2880 2688 2950 πολίζει
2718 2883 2817 2950 τήν
2848 2882 3143 2953 ὁμώνυμον
3177 2877 3362 2948 πόλιν,

2274 2969 2592 3045 Ὀφθαλμὸν
2626 2967 2924 3044 αἰγλήεντα
2950 2974 3049 3037 τῆς
3077 2970 3222 3023 οἶκον
3235 2968 3419 3039 μένης·

2275 3060 2461 3134 Πατὴρ
2494 3059 2736 3112 ἀνάκτων
2764 3052 2997 3112 εὐσεϐῶν
3026 3054 3369 3129 κεκλημένος

2269 3147 2369 3201 Καὶ
2395 3144 2808 3222 χριστολατρῶν
2839 3146 3118 3221 κρατόρων
3153 3142 3483 3218 ἀρχηγέτης’

2127 3238 2235 3292 395
2272 3237 2505 3306 Ηρώτης
2537 3236 2758 3309 ὀριστής
2789 3236 3176 3309 ποιμενάρχων
3210 3229 3463 3299 συνόδου,

2016 3296 2059 3364 C
2274 3296 2405 3388 Μέθν
2435 3296 2509 3378 ῶν
2541 3296 2788 3378 καθεῖλεν
2818 3296 3036 3397 Ἀρείου
3065 3296 3246 3396 δόγμα
3273 3296 3455 3385 νόθονξ

2097 3449 2597 3505 ΚΩΝΣΤΑΝΤΙΟΣ
2659 3448 2701 3503 Ο
2770 3446 2924 3503 ΥΙΟΣ
2983 3446 3117 3502 ΤΟΥ
3184 3447 3513 3502 ΜΕΓΑΛΟΥ
3567 3448 3739 3501 ΚΩΝ-

2561 3518 2965 3575 ΣΤΑΝΤΙΝΟΥ
3014 3519 3115 3573 ΕΤ.
3162 3518 3277 3571 ΚΔ’.

2271 3626 2474 3679 Τούτου
2507 3623 2763 3687 λιπόντος
2790 3625 2889 3691 τὴν
2922 3624 3068 3677 κάτω
3104 3621 3403 3696 μοναρχίαν

2273 3713 2533 3789 Οὐράνιον
2560 3710 2713 3784 δόξαν
2739 3710 2795 3766 δὲ
2819 3710 3275 3787 κληρωσαμένου,

2273 3802 2369 3856 Καὶ
2404 3798 2679 3870 βασιλείας
2714 3799 2950 3874 οὐρανῶν
2980 3796 3349 3873 κληρουχίαν,

2130 3893 2234 3947 400
2273 3892 2339 3949 O't
2369 3888 2557 3953 παῖδες
2589 3890 2754 3944 αὐτοῦ
2777 3889 2875 3957 τήν
2910 3886 3046 3957 ὅλην
3076 3884 3413 3960 κραταρχίαν

2271 3980 2533 4035 Κώνστασ
2558 3998 2639 4045 τε,
2666 3976 3032 4037 Κωνστάντιος
3060 3975 3149 4029 καὶ
3180 3976 3609 4041 Κωνσταντῖνος,

2270 4066 2467 4128 Αὐτοῖς
2500 4063 2704 4119 διεῖλόν
2734 4085 2907 4142 σφισιν
2942 4063 3016 4123 εἷς
3044 4061 3413 4137 κληρουχίαν·

2270 4156 2527 4215 Κώνστας
2563 4155 2656 4226 μὶν
2688 4153 2799 4224 ἅμα
2829 4150 3072 4226 συγγόνῳ
3100 4150 3480 4221 Κωνσταντίνῳ

2275 4245 2545 4318 Λαχόντες
2575 4244 2760 4317 ἄρχειν
2791 4244 2898 4294 τῶν
2931 4239 3047 4292 καθ’
3070 4237 3327 4313 Ἑσπέραν
3358 4237 3537 4293 τόπων

2129 4337 2234 4392 405
2269 4334 2453 4401 Αὐτῆς
2483 4352 2541 4385 τε
2564 4331 2810 4401 Ῥώμης,
2844 4329 3126 4405 Ἀφρικῆς,
3160 4326 3417 4398 Ἰταλίας,

2270 4421 2367 4476 Καὶ
2397 4422 2591 4494 μέχρις
2620 4417 2793 4472 αὐτῶν
2823 4416 3058 4470 ὠκεανοῦ
3087 4435 3177 4489 τερ
3189 4416 3393 4489 μάτων·

2271 4505 2496 4579 {Idea}?
2524 4507 2664 4561 Ἑώα
2693 4510 2771 4578 τῷ
2802 4505 3161 4577 Κωνσταντίῳ
3194 4506 3394 4579 λάχος,

2269 4598 2413 4673 Πρὸς
2442 4593 2623 4651 τοῖσδε
2652 4595 2885 4668 Θρᾴκης,
2918 4590 3256 4654 Μακεδονίας
3289 4593 3430 4668 ὅροι,

2020 4666 2065 4730 D
2274 4666 2375 4742 Σύν
2407 4690 2475 4760 τῇ
2507 4666 2733 4758 πατρῴα
2760 4683 2850 4738 καὶ
2888 4680 3130 4756 βασιλίδι
3160 4666 3339 4737 πόλει)

2131 4779 2234 4834 410
2271 4777 2371 4837 Ὃς
2404 4772 2600 4829 διέπων
2634 4774 2824 4848 ἄριστα
2850 4773 2949 4840 τὴν
2977 4770 3318 4845 κληρουχίαν

2270 4862 2521 4927 Πολλοὺς
2548 4862 2759 4936 ἀγῶνας
2788 4859 2983 4929 ἀνέτλη
3016 4859 3103 4913 καὶ
3134 4857 3433 4930 κινδύνους,

2271 4952 2383 5011 Ἀεὶ
2416 4954 2792 5027 στραταρχῶν,
2824 4950 2940 5004 κατ’
2971 4946 3179 5023 ἐχθρῶν
3209 4951 3369 5001 κινῶν
3402 4945 3551 5022 δόρυ’

2273 5042 2402 5096 Εἶτα
2432 5040 2735 5118 σφαγέντων
2769 5037 3042 5113 συγγόνων
3075 5035 3127 5092 ἐν
3156 5036 3405 5111 Ἑσπέρα,

2271 5133 2383 5187 Τοῦ
2417 5130 2510 5201 μὲν
2544 5132 2821 5189 κινοῦντος
2849 5127 2968 5190 καθ’
3000 5123 3302 5199 ὁμαίμονος
3332 5123 3480 5202 ξίφη,

2129 5222 2234 5277 415
2266 5223 2371 5274 Τοῦ
2402 5219 2750 5279 Κώνπαντος
2784 5215 2841 5270 δὲ
2870 5215 3008 5289 πρὸς
3036 5213 3373 5287 Μαγνεντίου
3406 5210 3580 5284 δόλῳ,

2272 5309 2455 5376 Πάσης
2484 5308 2743 5380 κατῆρξεν
2772 5303 3031 5377 Ἑσπέρας
3062 5301 3151 5356 καὶ
3181 5309 3279 5371 τῆς
3310 5304 3445 5358 Ἕω·

2272 5393 2599 5470 Μαγνέντιον
2633 5394 2724 5466 μὲν
2759 5390 2966 5447 ἀνελὼν
3003 5393 3189 5465 μάχης
3217 5392 3396 5462 νόμῳ,

2178 5550 2185 5559 ι
2275 5483 2379 5541 Τὸν
2415 5482 2458 5536 δ’
2492 5483 2555 5536 αὗ
2588 5482 2929 5555 Βρετανίωνα
2958 5482 3065 5552 (16)
3092 5480 3182 5533 τὸν
3214 5479 3546 5555 κακεργάτην

2272 5574 2539 5642 ἰ’πήκοον
2574 5572 2681 5635 θεὶς
2710 5566 3122 5632 κατασεισθέντα
3152 5564 3329 5645 φόϐῳ.
