4154 6304
328 415 398 470 29

366 541 469 596 420
507 542 764 611 Υπῆρχεν
794 538 951 599 οὗτος
982 537 1213 612 εὐχερὴς
1248 538 1340 609 μὲν
1371 536 1463 591 τὸν
1504 534 1728 611 τρόπον,

509 626 609 681 Καὶ
641 625 866 698 πάμπαν
906 624 1211 699 εὐρίπιστος
1243 626 1445 697 ἀνέμου
1474 622 1659 696 πέδον,

511 715 798 783 Πειθήνιός
827 734 885 768 τε
913 718 1031 775 τοῖς
1063 712 1486 787 ἀρειομανίταις,

506 800 699 856 ’Ένδον
738 800 794 855 δὲ
823 802 915 855 τὸν
939 806 1062 855 νοῦν
1097 802 1172 864 εἷς
1201 798 1357 863 σέϐας
1390 801 1717 876 ἐρρωμένος*

516 891 749 965 Κράτωρ
782 889 1025 962 ἀριστεύς
1059 890 1144 942 καὶ
1180 891 1435 963 μαχητὴς
1468 886 1742 962 γεννάδας,

280 1041 286 1049 ,
370 981 475 1035 425
511 975 691 1048 ἸΙδῦς,
727 979 1033 1052 προσηνὴς,
1063 977 1294 1049 εὐμενὴς
1333 979 1621 1047 ὑπηκόοις.

509 1068 638 1141 Περί
670 1086 727 1119 τε
754 1065 853 1133 τήν
889 1064 1097 1118 δίαιταν
1130 1065 1391 1141 ἐγκρατὴς
1422 1063 1549 1138 ἄγαν

514 1154 614 1211 Καὶ
648 1154 1003 1231 σωφρονικὸς,
1034 1154 1123 1207 καὶ
1156 1156 1339 1207 παθῶν
1372 1153 1741 1226 αὐτοκράτωρ,

512 1242 610 1296 Καὶ
641 1243 736 1303 τὰς
763 1242 966 1317 κρίσεις
995 1244 1061 1309 ἦν
1091 1240 1329 1319 ἐκφέρων
1359 1243 1493 1295 κατὰ
1523 1240 1747 1312 νόμους,

518 1331 874 1399 Δικαιοσύνης
905 1328 953 1383 δ’
981 1328 1238 1402 οὐδαμῶς
1270 1329 1638 1403 ὑπεκτρέχων,

374 1421 479 1476 430
516 1420 976 1494 Ἀρχαιρεσιάζων
1008 1438 1065 1473 τε
1094 1419 1331 1492 καθάπερ
1364 1416 1506 1486 δέον,

509 1506 610 1566 Τὰς
644 1505 793 1575 ἀξίας
822 1526 879 1559 τε
905 1507 1222 1579 προσνέμων
1250 1511 1366 1567 τοῖς
1400 1504 1568 1575 ἀξίοις

512 1596 614 1649 Καὶ
649 1595 822 1648 πάντα
852 1598 1023 1648 ποιῶν
1059 1594 1150 1648 σὺν
1182 1594 1332 1669 λόγῳ
1363 1596 1429 1648 τὰ
1455 1598 1551 1648 τοῦ
1581 1593 1829 1668 κράτους·

514 1681 585 1735 Οὐ
615 1684 959 1757 συναριθμῶν
992 1680 1187 1737 οὐδένα
1204 1683 1476 1757 γερουσίᾳ,

516 1774 612 1832 ’Ός
643 1772 707 1825 οὐ
740 1772 970 1844 μετέσχε
998 1776 1107 1825 τῶν
1142 1776 1320 1848 σοφῶν
1355 1768 1759 1842 παιδευμάτων,

376 1859 481 1914 435
516 1860 605 1929 Μή
631 1856 674 1912 δ’
710 1860 773 1912 αὖ
807 1860 977 1933 λέγειν
1009 1858 1220 1928 ἤσκητο
1253 1861 1339 1912 καὶ
1366 1858 1548 1919 καλῶς
1576 1860 1800 1934 γράφειν

515 1946 911 2021 Καταλογάδην
944 1946 1051 2003 εἶ’τε
1083 1949 1276 2023 ῥυθμῷ
1304 1950 1394 2003 καὶ
1430 1949 1634 2022 μέτρῳ,

522 2033 858 2097 Παιδεύσιως
890 2034 1171 2109 ἔμπειρος,
1204 2038 1375 2111 ἑρμοῦ
1404 2039 1451 2091 τ’
1482 2036 1547 2090 αὖ
1582 2035 1760 2113 φίλος·

516 2126 734 2179 Ἃνακτι
759 2122 889 2195 τῶδ’
921 2123 1219 2186 Ἰουλιανὸς
1253 2124 1522 2197 μαινόλης

518 2211 795 2285 Ἐπιφυεὶς
824 2212 1031 2287 ἥρπασε
1062 2215 1160 2281 τὴν
1200 2212 1555 2288 κραταρχίανο

384 2300 485 2354 440
520 2298 628 2353 Κάλ
660 2298 819 2354 τοῦδε
854 2306 1031 2375 μακρᾷ
1058 2303 1336 2376 συσχεθεὶς
1380 2302 1589 2374 ἀγωνίᾳ

526 2388 621 2439 Καὶ
652 2384 863 2441 διακαεῖ
890 2388 1107 2463 πυρετῷ
1134 2385 1464 2464 ιρθισιϐρότῳ

531 2476 615 2527 Ἐν
644 2474 843 2546 Μόψου
871 2478 1095 2545 κρήναις
1124 2477 1215 2529 τὸν
1246 2477 1359 2551 βίον
1401 2473 1765 2551 καταστρέφει,

530 2560 711 2629 Χολήν
748 2560 1004 2634 μέλαιναν
1037 2563 1297 2625 ἐκπτύσας
1327 2565 1377 2635 ἓξ
1407 2564 1663 2641 ἐγκάτων·

365 2702 727 2758 ΙΟΥΑΙΑΝΟΣ
752 2704 795 2759 Ο
825 2704 1267 2832 ΗΑὲἒὲἰζΤξέξιΓ
1418 2709 1474 2765 B'
1519 2712 1589 2763 ιι).
1608 2707 1859 2764 ETEPOI
1892 2707 1972 2762 ΔΕ

521 2891 649 2943 Εἶτα
673 2891 917 2962 καθαρῶς
948 2888 1313 2945 ἀναδείκνυται
1345 2893 1562 2966 κράτωρ

386 2978 487 3031 445
525 2974 816 3037 Ἰουλιανὸς
841 2978 1223 3053 χριστομάχος
1259 2978 1552 3052 μαινόλης,

519 3066 704 3127 Ὀστις
736 3066 970 3129 ἀποστάς
996 3068 1267 3122 Δεσπότου
1300 3069 1622 3137 σεσωκότος,

522 3154 615 3207 Καὶ
648 3157 977 3227 Χριστιανῶν
1006 3155 1235 3217 πίστεως
1269 3156 1545 3228 σωτηρίου

519 3242 596 3313 Τῇ
626 3239 919 3313 δαιμόνων,
952 3247 1049 3319 φεῦ
1078 3246 1089 3299 ί
1124 3241 1300 3316 ἀπάτῃ
1328 3241 1656 3317 προπρῤὐῃ,

520 3332 592 3383 Τὰ
621 3332 967 3404 Χριστιαπῶν
996 3329 1257 3407 φαυλίσας
1286 3331 1343 3384 ἐκ
1381 3328 1620 3404 καρδίας

382 3420 486 3475 450
523 3419 618 3472 Καὶ
650 3415 786 3472 κατὰ
818 3417 1053 3492 Χριστοῦ
1085 3418 1475 3494 παρατάττεται
1506 3419 1694 3490 τάλας,

521 3507 624 3563 Καὶ
653 3504 812 3561 τοῦδε
841 3506 1034 3572 κλῆσιν
1067 3505 1313 3562 ἐκποδὼν
1346 3507 1527 3571 θέσθαι
1554 3507 1718 3571 θέλει·

520 3595 617 3649 Καὶ
650 3596 840 3649 λοιπὸν
875 3594 1012 3657 οἵαις
1041 3594 1307 3671 ἐξέτριψεν
1336 3596 1537 3659 αἰκίαις

519 3685 620 3739 Καὶ
651 3681 1042 3753 παντοδαπαῖς,
1072 3685 1353 3747 ποικίλαις
1380 3685 1669 3759 τιμωρίαις

519 3772 984 3834 Ἀντιστατοῦντας
1018 3768 1250 3836 εὐσεϐῶς
1279 3772 1719 3849 Χριστωνύμους,

377 3860 481 3915 455
518 3860 616 3913 Καὶ
644 3858 806 3915 τῶνδ’
837 3859 1001 3931 ὅσου;
1034 3858 1195 3930 ἔδειξε
1230 3863 1501 3935 μάρτυρας
1530 3860 1693 3915 πάλιν

522 3945 754 4020 Αἵματος
785 3947 916 4024 ἄχρι
947 3953 1219 4023 καρτερῶς
1248 3946 1660 4021 ἡνδρισμένους,

520 4035 631 4092 Οὐκ
660 4033 798 4090 ἔστιν
833 4036 1002 4090 εἰπεῖν
1027 4036 1341 4111 χρωμένοις
1372 4036 1697 4108 συμμετρίᾳ·

521 4120 667 4179 Κατὰ
697 4122 752 4179 δί
786 4127 1001 4197 Περσῶν
1034 4123 1415 4200 ἐκστρατεύσας
1449 4119 1743 4200 Βαρϐάρων

523 4211 669 4267 Μετὰ
698 4218 949 4286 στρατιᾶς
984 4213 1177 4287 μυρίας
1210 4210 1520 4287 ῥωμαλέας.

379 4301 484 4356 460
524 4302 614 4354 Καὶ
654 4302 727 4372 μή
763 4298 966 4364 διαθεὶς
996 4300 1068 4361 ὡς
1103 4298 1211 4354 δέοι
1242 4300 1307 4355 τά
1328 4304 1424 4369 τῆς
1452 4302 1660 4375 μάχης,

520 4388 722 4444 Ἐκεῖσε
749 4390 1100 4463 κατέστρεψεν
1130 4387 1336 4453 ἀθλίως
1376 4389 1512 4464 βίον,

517 4475 751 4547 Ηληθεὶς
783 4477 929 4551 παρά
954 4498 1051 4531 του
1074 4477 1282 4551 καιρίαν
1312 4477 1363 4532 έν
1393 4481 1460 4551 τῇ
1493 4476 1668 4554 μάχῃ,

515 4563 624 4620 Εἶτ’
654 4565 905 4621 Αὐσόνων
930 4567 963 4633 ἢ
1000 4560 1295 4639 Βαρϐάρων
1321 4566 1652 4635 ἀντιπάλων,

510 4658 580 4708 ’Ἡ
608 4656 793 4728 χειρὸς
824 4650 999 4723 ἄλλης
1030 4656 1357 4717 πανσθενοῦς
1389 4654 1697 4730 οὐρανόθεν,

370 4742 483 4797 465
518 4741 703 4795 Ἦνίκα
734 4740 888 4819 φασὶν
922 4740 1146 4814 α’ίματνς
1180 4742 1513 4817 καταρῥύτου

517 4828 758 4903 Πλευρᾶς
788 4830 1036 4904 νυγείσης
1067 4830 1215 4905 χειρὶ
1246 4828 1714 4905 προσδεδεγμένου

514 4916 607 4979 Εἰς
642 4918 770 4993 ἀέρα
792 4919 1007 4992 χέοντα,
1038 4919 1185 4974 ταῦτ’
1218 4916 1505 4993 ἐπιλέγειν,

514 5007 819 5081 Ναζωραῖε,
847 5005 1147 5075 πλῆσθητι’
1180 5011 1276 5079 φεῦ
1306 5014 1404 5077 τῆς
1436 5006 1626 5079 μανίας
1652 5011 1661 5063 l

514 5131 843 5187 ΙΟΒΙΑΝΟΣ
876 5132 1116 5187 ΜΗΝΑΣ
1153 5132 1234 5187 H'.
1265 5132 1336 5187 Ol
1370 5136 1457 5188 ΔΕ
1486 5132 1598 5188 ΕΤ.
1638 5133 1718 5186 Αὀ

504 5316 714 5372 Τούτου
745 5318 1232 5390 καταστρέψαντος,
1260 5317 1332 5376 ὡς
1364 5313 1518 5387 έφην,
1554 5316 1668 5390 βίον

361 5407 471 5461 470
511 5406 638 5458 Δυσὶ
667 5407 1098 5480 τυραννήσαντος
1130 5397 1336 5464 ἀσεϐῶς
1372 5403 1617 5477 χρόνοις,

511 5496 697 5571 Ψήφῳ
727 5498 978 5568 στρατιᾶς
1008 5492 1318 5566 προκρίτων
1352 5491 1634 5565 γερουσίας

517 5577 778 5642 Ἰοϐιανὸς
802 5580 1102 5655 χιλίαρχος
1134 5575 1206 5632 ὥν
1237 5576 1379 5645 τότε,

515 5669 679 5742 Ἀνὴρ
712 5670 911 5745 ἀγαθὸς
945 5662 1169 5735 εὐσεϐὴς
1201 5670 1434 5741 Χριστοῦ
1466 5665 1653 5741 λάτρις

1847 404 2205 465 CBSARES.

1996 533 2051 598 Α
2082 528 2216 583 Erat
2243 522 2621 581 Constantius
2651 524 2857 593 suapte
2886 521 3105 594 ingenii
3138 519 3304 593 levis,

2002 1897 2050 1963 B

2082 630 2322 687 prorsus
2351 611 2640 667 versatilis
2672 627 2774 666 ceu
2803 610 2994 682 pulvis
3024 616 3192 665 vento
3224 610 3522 681 expositus

2083 719 2259 775 seque
2290 704 2361 757 ab
2391 702 2503 757 Arii
2534 700 2815 756 studiosis
2848 702 3078 755 sinebat
3108 700 3266 766 duci,

2082 806 2422 863 quanquam
2453 790 2577 860 ipse
2608 789 2871 843 animum
2902 788 3289 843 orthodoxum
3329 792 3578 859 gereret.

2082 881 2351 951 princeps
2382 879 2670 949 egregius,
2706 883 2981 933 strenuus
3011 876 3278 931 bellator.

2083 968 2357 1033 blandus,
2391 966 2665 1029 affabilis,
2697 966 3011 1021 benevolus
3041 982 3176 1038 erga
3207 966 3496 1024 subditos.

2084 1057 2237 1111 Idem
2270 1055 2381 1110 cibi
2414 1062 2705 1125 potusque
2734 1055 3330 1125 temperantissimus,

2084 1146 2409 1211 continens,
2441 1146 2624 1199 animi
2659 1145 3045 1215 cupiditatum
3078 1144 3375 1212 dominus,

2084 1236 2272 1291 dicere
2293 1237 2395 1305 jus
2425 1251 2494 1290 ex
2525 1234 2718 1305 legum
2748 1251 2953 1289 norma
2980 1234 3211 1301 solitus,

2086 1340 2269 1395 neque
2301 1342 2333 1379 a
2357 1324 2592 1395 justitia
2619 1323 2803 1379 latum
2835 1340 3092 1395 unguem
3126 1324 3471 1391 discedens;

2084 1421 2210 1468 tum
2241 1419 2297 1468 et
2328 1414 2707 1483 magistratus
2740 1428 2844 1482 pro
2873 1413 3098 1467 meritis
3128 1413 3371 1483 eligens,

2082 1504 2277 1574 dignis
2307 1504 2647 1559 hominibus
2679 1502 2993 1573 dignitates
3026 1502 3303 1574 largiens,

2083 1598 2292 1648 cuncta
2321 1594 2559 1647 demum
2592 1592 2649 1646 in
2682 1592 2925 1663 imperio
2958 1594 3253 1663 sapienter
3278 1608 3509 1663 gerens.

2080 1683 2279 1754 Neque
2309 1684 2367 1737 in
2400 1687 2665 1737 senatum
2694 1683 3029 1754 quempiam
3063 1698 3325 1753 unquam
3350 1680 3513 1753 legit,

2083 1772 2194 1828 nisi
2227 1772 2411 1828 doctis
2441 1772 2733 1827 imbutum
2768 1771 3117 1843 disciplinis,

2082 1864 2137 1915 et
2165 1860 2263 1929 qui
2294 1864 2449 1915 recto
2471 1861 2660 1915 dicere
2692 1860 2951 1927 beneque
2982 1860 3234 1913 scribere

2082 1965 2183 2004 seu
2219 1965 2391 2020 prosa
2420 1950 2682 2005 oratione
2714 1952 2908 2020 posset
2938 1965 3040 2003 seu
3075 1948 3304 2020 rythmo
3337 1949 3394 2001 et
3425 1948 3647 2012 metro;

2080 2038 2335 2092 nutritus
2367 2038 2491 2109 ipse
2520 2038 2728 2092 litteris
2758 2052 3178 2107 musarumque
3209 2036 3505 2092 alumnus.

2080 2130 2248 2181 Hunc
2278 2131 2481 2181 contra
2511 2141 2703 2198 regem
2735 2126 3129 2199 lymphaticus
3160 2125 3430 2181 Julianus

2082 2230 2463 2286 consurgens,
2488 2213 2792 2269 latrocinio
2824 2214 3137 2284 imperium
3171 2213 3384 2283 rapuit.

2083 2302 2226 2357 Hine
2257 2303 2440 2358 animi
2471 2317 2718 2358 mmrore
2749 2303 3025 2357 diuturno
3057 2306 3264 2373 captus

2083 2390 2458 2444 Constantius
2490 2407 2554 2443 ac
2586 2390 2819 2444 lethalis
2845 2392 3049 2445 ardore
3082 2390 3282 2452 febris,

2084 2478 2155 2531 ad
2188 2477 2373 2547 Mopsi
2403 2479 2593 2531 fontes
2621 2480 2748 2531 vitae
2780 2480 3037 2547 spatium
3070 2477 3302 2544 clausit,

2085 2571 2269 2621 atram
2304 2568 2585 2637 rejectans
2614 2565 2791 2621 bilem
2824 2568 2893 2621 de
2922 2566 3265 2621 visceribus.

2084 2710 2420 2767 JULIANUS
2460 2710 2828 2765 APOSTATA
2867 2709 2983 2763 AN.
3030 2710 3099 2772 II,
3140 2707 3345 2764 MENS.
3389 2705 3459 2761 VI
3492 2723 3505 2773 ;
3558 2704 3717 2771 VEL,

2476 2781 2569 2835 UT
2608 2780 2750 2833 ALII
2789 2780 3030 2847 AIUNT,
3072 2780 3185 2833 AN.
3232 2780 3329 2833 ιιι.

2086 2896 2228 2952 Exin
2257 2896 2481 2966 absque
2510 2892 2719 2949 aemulo
2748 2894 3065 2965 imperator
3092 2899 3181 2949 est
3202 2892 3437 2948 habitus

2085 2984 2548 3040 christomachus
2578 2983 2849 3037 Julianus
2880 2986 2937 3037 et
2965 2983 3258 3050 furiosus;

2085 3072 2185 3144 qui
2217 3089 2249 3127 a
2281 3072 2431 3143 Rege
2460 3071 2757 3126 Servatore
2791 3087 2896 3125 suo
2928 3070 3161 3137 defecit,

2083 3160 2666 3231 Christianorumque
2700 3160 2869 3214 ﬁdem
2901 3159 3216 3214 salutarem

2009 3246 2053 3312 C
2087 3265 2219 3303 cum
2250 3249 2596 3316 daemonum,
2625 3248 2775 3303 heu!
2811 3248 3114 3303 fraudibus
3147 3243 3547 3309 commutavit,

2085 3353 2434 3407 sacrumque
2464 3338 2677 3406 dogma
2706 3337 3083 3405 contemptim
3118 3336 3287 3389 corde
3317 3335 3557 3403 respuit.

2083 3426 2233 3479 Tum
2265 3430 2466 3480 contra
2495 3424 2793 3479 Christum
2826 3424 3043 3479 bellum
3078 3424 3171 3478 hic
3198 3422 3378 3479 miser
3399 3422 3589 3477 movet

2083 3512 2379 3583 hujusque
2410 3528 2620 3567 nomen
2651 3512 3034 3567 exterminare
3066 3510 3293 3566 nititur.

2083 3601 2329 3655 Proinde
2361 3606 2502 3671 quot
2531 3601 2887 3655 cruciatibus
2919 3605 3174 3671 quotque
3206 3598 3414 3670 poenis,

2084 3706 2333 3761 quarum
2368 3691 2623 3745 diversas
2655 3692 2871 3746 formas
2904 3691 2993 3745 vix
3024 3689 3131 3746 fari
3162 3688 3316 3758 licet,

2082 3778 2560 3835 Christicolarum
2594 3778 2877 3833 attriverit
2902 3779 3293 3833 constantiam
3325 3776 3503 3847 piam,

2082 3871 2405 3938 martyrum
2437 3871 2726 3936 quantum
2762 3882 3072 3921 numerum
3105 3864 3378 3929 effecerit,

2082 3954 2183 4024 qui
2214 3971 2399 4025 usque
2428 3955 2499 4008 ad
2532 3954 2879 4024 sanguinem
2915 3954 3273 4019 restiterunt,

2084 4043 2345 4098 studioso
2379 4042 2525 4095 mihi
2557 4041 2855 4097 brevitatis
2890 4059 3002 4096 non
3036 4042 3171 4095 licet
3202 4041 3412 4095 dicere.

2084 4130 2302 4186 Deinde
2329 4135 2534 4184 Persas
2567 4130 2850 4184 Barbaros
2880 4128 3031 4185 bello
3063 4132 3365 4200 appetens,

2079 4218 2262 4289 copiis
2288 4217 2614 4272 instructus
2642 4217 2966 4273 innumeris
2998 4216 3360 4285 fortissimis,

2080 4322 2137 4361 re
2170 4305 2552 4361 nihilominus
2582 4305 2792 4362 bellica
2816 4306 2963 4361 male
2994 4311 3181 4377 gesta,

2079 4395 2279 4449 amisit
2306 4394 2425 4450 illic
2455 4396 2635 4451 vitam
2666 4394 2995 4461 infeliciter,

2078 4480 2299 4538 incerto
2330 4485 2565 4537 auctore
2596 4482 2845 4553 graviter
2876 4483 2933 4537 in
2964 4480 3161 4553 praslio
3190 4480 3361 4547 ictus,

2000 4591 2047 4655 D
2078 4586 2183 4625 seu
2214 4571 2326 4625 fuit
2355 4569 2452 4625 ille
2482 4574 2776 4625 Romanus
2806 4586 2907 4624 seu
2941 4570 3125 4624 hostis
3159 4569 3466 4637 Barbarus,

2080 4674 2182 4713 seu
2213 4658 2463 4713 caelestis
2492 4658 2690 4728 aliqua
2717 4656 2961 4711 validior
2997 4673 3224 4711 manus.

2079 4750 2238 4801 Tunc
2266 4746 2564 4801 Julianum
2597 4746 2761 4799 aiunt
2792 4748 3128 4800 manantem
3160 4745 3509 4817 sanguinem

2080 4835 2330 4891 suffosso
2360 4848 2393 4885 ιλ
2420 4832 2598 4887 latere
2630 4849 2803 4887 manu
2837 4849 2973 4888 cava
3004 4838 3307 4905 exceptum

2081 4922 2362 4994 dispersis
2394 4937 2495 4993 per
2521 4936 2711 4976 aerem
2744 4920 2835 4977 his
2862 4921 3055 4977 verbis
3086 4922 3303 4977 additis
3338 4940 3352 4977 :

2079 5010 2394 5077 Nazarene,
2424 5010 2584 5064 sitim
2619 5011 2802 5080 exple.
2833 5011 2995 5079 (Hem
3028 5012 3323 5065 vesaniam
3351 5011 3389 5080 !)

2078 5134 2426 5192 JOVIANUS
2484 5134 2693 5189 MENS.
2935 5133 3090 5257 SIEU,
3138 5134 3228 5189 UT
3276 5133 3417 5188 ALH
3476 5132 3716 5197 AIUNT,

2079 5320 2338 5383 Juliano,
2372 5319 2526 5373 sicut
2552 5318 2692 5385 dixi,
2724 5318 2843 5371 vita
2873 5317 3071 5371 orbato

2083 5412 2215 5478 post
2247 5407 2587 5461 sceleratam
2620 5404 2837 5459 biennii
2871 5404 3264 5475 tyrannidem,

2080 5496 2353 5565 suffragio
2383 5493 2753 5563 optimatium
2787 5492 3098 5546 castrensis
3131 5490 3357 5543 consilii

2076 5582 2355 5636 Jovianus
2386 5596 2485 5649 per
2508 5580 2563 5634 id
2597 5587 2831 5649 tempus
2862 5578 3136 5631 tribunus
3171 5576 3447 5646 militum,

2077 5670 2165 5723 vir
2194 5670 2384 5723 bonus
2415 5673 2588 5737 atque
2616 5666 2827 5721 Christi
2859 5664 2991 5734 pius
3022 5662 3278 5717 famulus
