4154 6304
418 346 485 404 31
1632 352 2002 408 ΕΡΗΒΕΜΙῙ
2036 352 2058 407 (

1632 352 2002 408 ΕΡΗΒΕΜΙῙ
2036 350 2596 410 CHRONOGRAPHI

417 469 492 527 ad
523 470 757 543 imperii
787 471 1137 545 dignitatem
1167 472 1281 530 fuit
1310 473 1647 541 subvectus,

415 558 781 631 Ceteroquin
814 559 941 631 ipse
973 578 1224 633 regnum
1255 562 1591 633 respuebat,

412 647 629 705 Christi
662 664 723 704 se
751 649 1047 705 famulum
1079 666 1208 706 esse
1241 651 1465 718 dicens,

416 741 591 807 atque
619 736 870 794 ethnicis
904 738 1193 794 militibus
1224 739 1652 810 imperaturum
1686 755 1921 809 negans.

417 826 486 880 Hi
519 841 651 882 vero
681 841 817 881 cum
848 826 1229 882 Christicolas
1261 844 1323 882 se
1354 827 1797 895 inclamassent,

414 918 558 971 tunc
590 914 904 987 imperium
935 915 1216 972 Jovianus
1242 915 1461 987 recepit
1490 917 1778 987 protinus.

416 1003 484 1058 Et
513 1019 654 1075 pace
686 1019 821 1057 mox
854 1004 1185 1074 composita
1216 1020 1350 1059 cum
1384 1005 1559 1060 Persa
1586 1020 1743 1076 rege,

416 1094 594 1162 atque
623 1090 994 1148 Antiochiam
1026 1093 1263 1149 reducto
1296 1092 1574 1162 exercitu,

416 1177 648 1234 exsules
681 1178 904 1235 dudum
933 1181 1227 1252 principes
1257 1187 1523 1252 pastores

414 1268 487 1323 ad
519 1283 660 1322 suos
690 1282 900 1340 greges
930 1269 1118 1324 edicto
1150 1271 1459 1336 revocavit,

422 1370 571 1426 quos
600 1355 752 1411 inter
780 1355 1171 1412 Athanasium
1202 1357 1465 1412 divinum
1497 1355 1826 1429 praesulem,

420 1443 765 1514 cunctisque
796 1445 1062 1501 exhibuit
1091 1446 1440 1501 Christianis

417 1546 518 1587 ver
546 1530 931 1604 tranquillum
959 1536 1014 1589 et
1039 1533 1397 1591 orthodoxiae
1426 1533 1647 1591 lumen.

419 1620 528 1674 Hic
557 1619 895 1675 Galatarum
925 1623 1214 1694 Ancyram
1245 1622 1499 1691 delatus,

418 1707 500 1765 ibi
530 1708 850 1780 improviso
878 1709 1040 1765 obitu
1074 1710 1291 1766 excessi
1303 1715 1320 1764 ι
1351 1711 1543 1779 terris,

417 1797 773 1863 recentibus,
808 1802 874 1853 ut
902 1798 1057 1854 fama
1086 1802 1194 1865 est,
1220 1798 1437 1855 voratis
1467 1799 1685 1871 fungis.

416 1883 572 1940 haud
605 1883 921 1957 plusquam
951 1891 1079 1942 octo
1112 1888 1415 1943 mensibus
1444 1904 1621 1960 regno
1652 1889 1884 1945 fruitus.

418 1973 643 2029 Pietate
672 1973 745 2040 is,
775 1980 841 2030 ut
869 1974 1009 2046 dixi,
1041 1974 1153 2032 fuit
1180 1976 1458 2048 inclytus,

418 2062 630 2129 bonus,
666 2065 1045 2137 tranquillus,
1078 2066 1396 2123 benevolus
1425 2083 1562 2139 erga
1590 2066 1881 2137 subditos,

419 2155 769 2224 staturaque
799 2154 1058 2225 corporis
1088 2171 1329 2227 procera
1357 2155 1561 2213 lucens
1585 2174 1600 2226 ;

421 2239 638 2297 litteris
670 2241 845 2297 etiam
870 2243 1243 2299 mediocriter
1270 2244 1539 2300 eruditus
1562 2262 1577 2313 ;

420 2326 540 2382 vini
571 2332 768 2384 tamen
800 2333 974 2403 atque
1007 2332 1223 2387 amoris
1254 2330 1544 2388 illecebris
1574 2331 1879 2389 obnoxius.

421 2414 613 2485 Hujus
640 2417 887 2473 cadaver
908 2419 1064 2489 apud
1097 2419 1440 2491 Byzantium
1472 2420 1675 2476 urbem

423 2503 483 2558 in
516 2509 717 2562 sancto
747 2506 1161 2577 Apostolorum
1194 2508 1410 2581 templo
1441 2513 1531 2564 est
1559 2510 1881 2566 conditum.

792 2620 1378 2680 VALENTINIANUS
1416 2626 1533 2680 AN.
1575 2625 1654 2679 XI
1677 2641 1691 2691 ;

705 2708 886 2779 sxvs,
929 2710 1025 2768 UT
1062 2711 1213 2768 ALII
1265 2710 1513 2785 AIUNT,
1552 2712 1671 2769 AN.
1711 2712 1777 2769 Χ.

419 2813 562 2870 Post‘
588 2813 744 2869 hunc
776 2814 993 2871 insedit
1022 2816 1238 2888 regiam
1271 2819 1618 2891 dignitatem

419 2900 671 2959 Justitia
703 2902 883 2959 simul
915 2902 1354 2977 clementiaeque
1378 2906 1675 2977 exemplar

424 2989 877 3047 Valentinianus
904 2992 1373 3049 Christianorum
1407 2995 1612 3065 decus,

422 3078 513 3135 vir
542 3082 818 3149 stremus,
848 3079 1150 3138 animosus
1186 3098 1250 3138 ac
1282 3081 1582 3152 robustus,

419 3166 647 3239 generis
677 3182 745 3222 ex
771 3169 1074 3224 Pannonia
1103 3169 1341 3238 stirpem
1372 3169 1644 3239 trahens;

416 3253 689 3326 princeps
719 3256 909 3311 bonus
940 3260 997 3311 et
1026 3258 1305 3328 providus
1335 3273 1473 3331 erga
1502 3259 1792 3329 subditos,

416 3341 514 3414 qui
544 3343 881 3414 peregrinas
912 3345 1211 3415 quondam
1240 3346 1301 3403 in
1330 3347 1618 3418 regiones,

416 3434 615 3501 utpote
640 3431 1003 3488 Christianus
1034 3433 1333 3504 Deumque
1364 3436 1660 3491 Christum
1690 3435 1906 3508 colens,

419 3517 491 3574 ab
522 3523 788 3591 apostata
815 3520 1051 3579 Juliano
1082 3522 1290 3595 pulsus
1322 3524 1549 3596 fuerat;

420 3624 576 3663 nunc
605 3609 787 3664 redux
816 3612 888 3665 ad
920 3612 1256 3679 exercitum,
1292 3614 1567 3669 tribunus
1598 3620 1740 3670 erat.

420 3694 478 3749 Is
505 3694 605 3749 ubi
631 3712 970 3767 supremam
1000 3698 1346 3770 dignitatem
1378 3696 1542 3772 adiit,

421 3782 653 3854 imperii
682 3785 908 3841 socium
940 3787 1176 3842 fratrem
1206 3790 1412 3845 ascivit
1439 3807 1636 3861 suum,

420 3885 816 3927 aerumnosum
849 3871 1176 3947 Valentem,
1206 3876 1325 3930 Arii
1356 3877 1663 3947 asseclam,

420 3957 515 4014 cui
546 3962 740 4030 partes
770 3959 1025 4019 Orientis
1051 3965 1337 4035 regendas
1363 3966 1645 4022 tradidit:

418 4046 546 4117 ipse
574 4063 709 4101 vero
738 4048 1010 4105 Occiduis
1040 4051 1132 4122 pie
1161 4054 1408 4124 praefuit,

422 4133 524 4189 ubi
554 4133 812 4206 trophaea
840 4137 1060 4194 nobilia
1089 4139 1158 4195 de
1186 4141 1510 4197 barbaricis

421 4222 693 4294 gentibus
722 4226 900 4282 victor
927 4231 1134 4283 statuit
1161 4245 1269 4299 ope
1298 4231 1584 4287 Numinis.

424 4315 528 4372 Hic
557 4318 756 4374 omnia
785 4319 923 4375 boni
955 4336 1302 4391 expromens
1333 4321 1615 4394 principis

417 4407 779 4479 justitimque
799 4426 1004 4466 amore
1036 4412 1357 4483 praesertim
1391 4413 1667 4484 ﬂagrans,

422 4496 873 4555 orthodoxorum
903 4500 1242 4572 dogmatum
1274 4501 1561 4570 defensor,

423 4585 749 4655 spatiosum
780 4588 906 4644 vitae
938 4590 1300 4645 curriculum
1332 4606 1610 4646 emensus
1640 4593 1750 4657 est,

425 4677 483 4729 et
511 4691 688 4731 cursu
718 4677 847 4732 vitai
878 4682 934 4733 et
963 4679 1210 4735 termino
1240 4679 1448 4735 beatus
1477 4680 1660 4748 visus,

425 4764 669 4835 expletis
700 4769 953 4837 quatuor
981 4782 1159 4838 supra
1187 4769 1460 4840 octogina
1486 4768 1656 4825 annis

426 4867 661 4908 summo
691 4853 748 4908 in
783 4855 976 4911 favore
1010 4855 1279 4911 Numinis
1310 4858 1737 4927 beatitateque;

428 4956 495 4996 ex
525 4957 638 5013 quo
669 4943 984 5016 imperium
1013 4947 1350 5015 susceperat
1379 4945 1550 5002 annis
1582 4944 1877 5003 undecim.

428 5029 530 5085 Hic
560 5033 701 5086 dum
730 5032 789 5087 in
822 5032 1005 5088 Gallis
1036 5034 1293 5104 degeret,
1327 5039 1575 5089 mortem
1603 5036 1770 5101 obiit,

422 5112 704 5175 Gratiano
734 5120 854 5177 ﬁlio
886 5122 1198 5193 imperium
1232 5121 1571 5193 relinquens

426 5206 549 5262 viro
580 5214 868 5263 rectorum
899 5208 1235 5279 dogmatum
1264 5208 1578 5264 defensori.

796 5322 1079 5379 VALENS
1119 5322 1236 5380 AN.
1280 5323 1380 5389 ΙΙΙ,
1421 5324 1552 5380 SEU
1591 5323 1688 5380 IV.

424 5427 676 5484 Orientis
705 5428 940 5485 interim
969 5435 1238 5502 regnator
1265 5428 1481 5486 Valens

424 5517 771 5574 Arianorum
803 5517 1037 5574 deditus
1069 5517 1337 5588 vesania,

2084 475 2139 543 Α
2346 474 2445 539 Εἰς
2479 472 2757 551 βασιλείας
2786 476 2851 530 τὸ
2879 474 3074 549 κράτος
3098 474 3421 551 προεκρίθη·

2210 562 2316 618 475
2351 562 2408 615 Ὃ
2435 558 2480 616 δ’
2502 564 2566 631 ἦν
2600 562 2826 631 ἀπειθὴς
2857 563 2993 633 πρὸς
3026 562 3087 616 τὸ
3120 559 3359 633 δέξασθαι
3389 558 3609 637 κράτος.

2350 655 2590 726 Χριστοῦ
2624 652 2716 723 μὲν
2744 650 2902 706 αὐτὸν
2934 651 3148 720 οἰκέτην
3182 652 3314 705 εἶναι
3344 647 3542 726 λέγων,

2350 739 2449 793 Καὶ
2486 740 2561 812 μὴ
2589 743 2914 814 κραταρχεῖν
2943 734 3168 802 ἀσεϐοῦς
3199 742 3427 814 στρατοῦ
3450 736 3646 802 θέλειν

2351 827 2575 884 Τούτων
2608 826 2665 882 δὲ
2692 830 2921 900 Χριστὸν
2953 828 3364 902 ἀνακραξάντων
3397 822 3594 897 σέϐειν,

2347 914 2523 980 Εὐθὺς
2555 917 2855 985 ἀνεζώσατο
2880 917 2978 985 τὴν
3008 915 3367 989 κραταρχίαν·

2206 1007 2311 1061 480
2349 1004 2444 1059 Καὶ
2478 1004 2755 1060 σπένδεται
2787 1002 2843 1058 δὲ
2871 1008 2951 1076 τῷ
2979 1007 3266 1078 κρατοῦντι
3298 999 3580 1076 Περσίδοςο

2346 1092 2449 1151 Καὶ
2477 1092 2569 1147 σὺν
2604 1097 2825 1168 στρατιᾷ
2851 1094 2950 1161 τὴν
2982 1092 3269 1167 Ἀντιόχου
3302 1090 3501 1169 φθάσας

2346 1179 2488 1243 Τοὺς
2518 1180 2642 1255 πρὶν
2677 1178 2917 1257 φυγάδας
2944 1178 3241 1254 άρχιθύτας
3272 1180 3536 1250 ποιμένας

2340 1268 2439 1331 Εἲς
2470 1273 2617 1343 σφῶν
2652 1267 2958 1344 ἐπανήγαγε
2986 1266 3406 1341 ποιμεναρχίας,

2342 1363 2472 1422 Μεθ’
2493 1358 2569 1413 ὧν
2602 1358 2909 1414 Ἀθανάσιον
2942 1352 3123 1412 ἔνθεον
3158 1355 3350 1427 θύτην,

2200 1448 2306 1504 485
2344 1445 2441 1502 Καὶ
2471 1452 2630 1500 πᾶσιν
2664 1441 2951 1521 έϐράϐευσε
2980 1449 3096 1506 τοῖς
3124 1442 3536 1519 Χριστωνύμοις

2338 1536 2472 1610 Ἔαρ
2492 1533 2730 1609 γαληνὸν
2765 1531 3076 1609 ὀρθοδοξίας
3106 1532 3259 1611 φάος.

2337 1622 2435 1684 Εἷς
2462 1624 2733 1698 Ἀγκυραν
2766 1621 2823 1677 δὲ
2851 1622 3137 1695 πεφθακὼς
3169 1618 3434 1681 Γαλατίας

2342 1711 2490 1767 Ἐκεῖ
2516 1714 2742 1780 τελευτᾷ
2773 1708 2973 1785 διάγων
3005 1707 3256 1780 ἐξαπίνης

2080 1832 2132 1900 Β
2337 1797 2536 1874 Φαγών
2564 1799 2810 1872 μύκητας
2838 1797 3135 1876 ἀρτιφυεῖς,
3166 1796 3238 1858 ὡς
3269 1794 3457 1872 λόγος,

2200 1890 2305 1945 490
2341 1889 2519 1945 Ὀκτώ
2548 1887 2839 1962 κατασχὼν
2876 1893 3049 1960 μῆνας
3080 1886 3260 1960 ἀρχὴν
3290 1885 3381 1938 καὶ
3418 1884 3636 1957 μόνους·

2338 1978 2610 2051 Ὑπῆρχεν
2644 1975 2803 2037 οὗτος
2831 1969 3057 2042 εὐσεϐὴς
3091 1975 3208 2047 μὲν,
3240 1974 3314 2035 ὡς
3342 1967 3493 2047 ἕθφν,

2340 2065 2589 2137 Χρηστὸς
2620 2063 2862 2138 γαληνὸς
2893 2062 3126 2134 εὐμενὴς
3158 2059 3447 2131 ὑπηκόοις,

2339 2150 2681 2226 Ἀναδρομήν
2714 2153 2968 2225 σώματος
3001 2149 3213 2224 εὐμήκη
3247 2149 3469 2227 efﬁgiati,"

2343 2240 2442 2295 Καὶ
2474 2241 2814 2316 γραμμάτων
2848 2237 2907 2294 δὶ
2937 2239 3169 2313 μετρίως
3199 2237 3542 2314 γεγευμένος·

2202 2320 2309 2387 495
2347 2335 2591 2400 ’Ήττητο
2618 2327 2664 2384 δ’
2695 2326 2849 2383 οἴνου
2871 2329 2961 2382 σὺν
2999 2324 3420 2403 έρωτοληψίαις·

2343 2417 2445 2475 Καὶ
2473 2414 2623 2473 τοῦδ’
2654 2418 2681 2472 ὁ
2710 2418 2897 2492 νεκρὸς
2926 2415 2981 2472 έν
3012 2413 3172 2471 πόλει
3203 2410 3488 2483 Βυζαντίδι

2344 2507 2432 2563 Ἐν
2464 2507 2649 2581 εύαγεῖ
2666 2507 2899 2560 τέθαπτο
2928 2503 3181 2577 κηρύκων
3217 2500 3395 2576 δόμῳ.

2269 2621 2870 2680 ΟΥΑΑΕΝΩΙΝΙΔΝΟΣ
2914 2621 3027 2677 ET.
3072 2621 3178 2676 IA'.
3219 2620 3292 2675 ΟΙ
3331 2619 3435 2674 ΔΕ.
3478 2622 3580 2675 ΕΤ.
3623 2616 3701 2672 Γ.

2341 2817 2473 2873 Ε’ίτα
2500 2815 2778 2892 παρῆλθεν
2807 2814 2884 2876 εἷς
2920 2814 3190 2890 βασίλειον
3222 2814 3418 2888 κράτος

2342 2905 2720 2974 Δικαιοσύνης,
2752 2905 3065 2977 πραότητος
3098 2900 3161 2957 αὖ
3191 2901 3360 2962 τύπος

2199 2998 2306 3052 500
2343 2992 2782 3057 Ούαλεντινιανδς
2810 2986 3043 3047 εὐσεϐῶν
3076 2989 3261 3060 κλέος,

2343 3080 2603 3140 Γεννάδας
2636 3083 2793 3155 ἀνὴρ,
2827 3082 3103 3151 εύσθενής,
3136 3076 3443 3155 ῥωμαλέος,

2082 3182 2127 3253 c
2343 3174 2439 3230 Ἐκ
2466 3170 2737 3232 Πανονίας
2768 3170 3007 3245 ἀρχῆθεν
3039 3168 3391 3242 ὡρμημένος,

2342 3262 2572 3336 Κράτωρ
2602 3259 2819 3335 ἀγαθὸς,
2849 3255 3104 3331 κηδεμὼν
3140 3257 3418 3327 ὑπηκόων,

2343 3349 2438 3411 Εἷς
2468 3345 2791 3416 ἀλλοδαπὴν
2824 3344 3117 3419 ἑξορισθείς
3145 3366 3249 3399 που
3284 3344 3456 3419 χθόνα

2193 3441 2302 3496 505
2342 3438 2431 3499 Ὠς
2461 3436 2776 3510 Χριστιανὸς
2803 3435 2894 3490 καὶ
2926 3436 3055 3490 Θεὸν
3086 3435 3316 3509 Χριστὸν
3350 3428 3519 3488 σέϐων

2338 3526 2642 3583 Ἰουλιανοῦ
2673 3526 2807 3600 πρὸς
2833 3519 3155 3598 Παραϐάτου
3185 3521 3373 3578 πάλαι·

2340 3615 2454 3674 Εἶτ’
2484 3613 2809 3684 ἀνακληθεὶς
2841 3633 2953 3687 χρη
2966 3614 3175 3685 μανίζει
3205 3605 3519 3687 τρεϐοὖνος.

2339 3703 2427 3765 Ὠς
2459 3702 2550 3756 οὗν
2584 3702 2886 3770 ἀνεζώσατο
2914 3702 3014 3769 τὴν
3044 3696 3402 3775 κραταρχίαν,

2335 3790 2606 3845 Κοινωνὸν
2639 3789 2821 3864 ἀρχῆς
2847 3788 3107 3864 σὺγγονον
3131 3781 3541 3862 προσλαμϐάνει

2192 3882 2299 3939 510
2334 3879 2554 3938 Ἀθλιον
2590 3878 2868 3937 Οὐάλεντα
2902 3877 3108 3951 μύστην
3143 3876 3378 3952 Ἀρείου’

2332 3968 2431 4023 Καὶ
2466 3972 2664 4043 μοῖραν
2697 3966 2843 4038 αὐτῷ
2875 3963 3147 4040 παραδοὺς
3168 3966 3266 4033 τὴν
3289 3966 3387 4032 τῆς
3409 3966 3548 4037 Ἕω,

2332 4057 2504 4120 Αὐτὸς
2534 4060 2806 4130 κατῆρχεν
2838 4048 3069 4115 εὐσεϐῶς
3100 4059 3197 4121 τῆς
3226 4054 3515 4130 Ἑσπέραςς

2337 4150 2613 4223 Ηεριφανῆ
2646 4143 2881 4220 τρόπαια
2908 4142 3043 4197 κατὰ
3075 4136 3367 4217 Βαρϐάρων

2338 4237 2437 4292 Καὶ
2468 4236 2620 4298 νίκας
2644 4235 2793 4295 ἱστὰς
2822 4237 2891 4306 τῇ
2916 4236 3053 4287 Θεοῦ
3083 4232 3397 4306 συμμαχίᾳ*

2194 4330 2302 4384 515
2340 4326 2437 4381 Καὶ
2460 4324 2629 4379 πάντα
2653 4326 2824 4377 ποιῶν
2854 4323 2938 4382 οἷς
2964 4320 3276 4393 σεμνύνεται
3307 4319 3544 4396 κράτωρ,

2342 4410 2700 4480 Δικαιοσύνης
2730 4409 2784 4472 ἒς
2812 4410 2880 4464 τὰ
2912 4408 3145 4483 μάλιστα
3175 4408 3358 4487 φίλος,

2092 4528 2138 4592 D
2345 4500 2444 4592 Fui
2476 4497 2766 4592 δογμάτων
2785 4494 3451 4592 ’πρόμαχος-ὀρθοδοξίας,

2347 4588 2629 4658 Πολυετής
2662 4608 2744 4649 τις
2774 4586 3060 4661 ἀναφανεὶς
3089 4585 3141 4642 ἐν
3174 4586 3301 4663 βίῳ,

2346 4676 2444 4732 Καὶ
2478 4675 2804 4752 μακαριστὸς
2826 4679 2928 4751 ,τοῦ
2963 4673 3081 4750 βίου
3108 4674 3196 4729 καὶ
3226 4680 3322 4730 τοῦ
3350 4672 3564 4746 τέλους,

2206 4768 2312 4824 520
2348 4764 2511 4827 Βιοὺς
2544 4761 2880 4839 ὀγδοήκοντα
2906 4770 3007 4833 τῆς
3041 4768 3183 4833 ζωῆς
3210 4764 3445 4839 χρόνους

2349 4855 2490 4931 Πρὸς
2518 4854 2762 4928 τέτρασιν
2790 4852 2854 4907 αὗ
2883 4854 3075 4917 ὲνθέως
3097 4851 3452 4926 εύδαιμόνως,

2349 4944 2463 5020 Ἀφ’
2494 4943 2567 4997 ὧν
2598 4944 2855 5018 κατῆρξεν
2885 4939 3071 4996 ἕνδεκα
3094 4943 3452 5016 κραταρχίαςσ

2350 5032 2523 5093 Οὗτος
2549 5035 2775 5102 τελευτᾷ
2804 5029 3001 5105 διάγων
3035 5029 3087 5084 ἒν
3117 5028 3400 5097 Γαλλίαις,

2348 5120 2460 5192 Υἱῷ
2491 5116 2769 5181 λελοιπὼς
2798 5118 3075 5194 Γρατιανῷ
3094 5118 3157 5173 τὸ
3186 5117 3405 5195 κράτος,

2205 5212 2312 5266 525
2351 5206 2534 5284 Ἀνδρὶ
2564 5208 2844 5284 προμάχῳ
2876 5204 3159 5283 δογμάτων
3189 5205 3555 5284 ὀρθοφρόνων,

2351 5324 2628 5383 ΟΥΑΑΙΙΣ
2667 5324 2780 5380 ET.
2822 5321 2895 5380 1".
2926 5323 3039 5396 (17)
3081 5324 3151 5381 Ol
3191 5326 3273 5378 ΔΕ
3312 5324 3414 5379 ΕΤ.
3458 5322 3529 5378 Δ’.

2346 5432 2407 5488 '0
2440 5428 2488 5485 δ’
2514 5426 2579 5483 αὖ
2608 5427 2830 5499 Οὐάλης
2864 5427 3164 5504 βασιλεύων
3194 5435 3296 5500 τῆς
3321 5434 3431 5485 ‘Em

2352 5519 2458 5575 Καὶ
2486 5517 2854 5591 καθυπαχθεῖς
2887 5519 3174 5594 ’Λρειανῶν
3212 5519 3395 5592 μανίᾳ,

492 5645 607 5717 (17)
636 5643 901 5715 Intelligo
930 5648 1050 5702 tres
1078 5645 1166 5702 vel
1199 5650 1452 5718 quatuor
1482 5663 1669 5704 annos
1700 5652 1841 5720 post
1860 5647 2253 5708 Valentiniani
2284 5646 2479 5705 fratris
2508 5646 2754 5705 obitum.
