4154 6304
370 301 442 354 35
1577 304 1947 358 ΕΡΗΒΕΜΙΙ
1985 305 2010 357 (

2116 304 2556 362 tONOGRAPI-II
3687 309 3756 363 36

368 429 425 480 et
453 426 524 481 de
554 428 783 497 patrata
807 425 1049 481 victoria
1079 426 1378 480 certiorem
1410 424 1566 493 facit,

2035 427 2089 493 Α
2294 426 2467 487 Αὐτὸς
2501 429 2718 502 βασιλεῖ
2750 428 2944 501 μηνύει
2973 430 3039 483 τὰ
3067 435 3167 498 τῆς
3196 427 3376 500 νίκης,

366 530 661 569 summam
693 515 1014 571 Gothorum
1045 513 1382 584 signiﬁcans
1414 513 1799 570 occidionem.

2294 515 2389 569 Καὶ
2419 516 2509 569 τὸν
2547 521 2766 580 Σκυθῶν
2800 516 3030 592 ὄλεθρον
3062 518 3173 589 ἅμα
3203 516 3294 571 καὶ
3326 517 3513 591 φόνον·

366 601 709 657 Gratianum
742 620 912 674 porro
946 608 1009 657 ut
1040 604 1202 657 daret
1232 602 1481 657 victoriae
1515 602 1844 673 praemium,

1808 620 1844 669 ι,
2292 606 2449 660 ’Όθεν
2487 606 2739 679 βασιλεὺς
2770 605 2847 668 εἷς
2877 602 3117 678 ἀμοιϐὴν
3147 612 3246 675 τῆς
3275 606 3448 675 νίκης,

365 688 581 762 alioqui
612 691 668 745 id
693 691 817 761 jam
849 691 1190 747 existimans
1222 692 1497 763 prodesse
1527 690 1794 762 imperio,

2292 689 2519 753 ’Ἀλλως
2542 714 2601 747 τε
2631 692 2814 764 κρίνας
2844 692 3135 768 ἐμπρέπειν
3164 694 3489 770 κραταρχίᾳ,

364 777 775 848 imperatorem
807 786 963 835 creat
991 780 1387 835 Theodosium

2149 779 2255 835 590
2296 783 2486 855 Στέφει
2518 780 2801 836 Θεοδόσιον
2833 783 2907 843 εἷς
2945 782 3172 857 βασιλέα

363 868 543 922 totius
574 867 834 936 orientis,
866 872 923 924 et
950 869 1297 924 Macedoniae
1330 884 1396 923 ac
1426 867 1680 925 Thracias
1706 883 1718 921 :

1713 883 1718 920 :
2289 869 2474 939 Πᾶσης
2502 871 2693 942 Ἑῲας,
2728 868 3092 938 Μακεδονίας,
3124 872 3353 946 Θρᾴκης.

364 954 589 1010 occidui
627 957 827 1010 mundi
860 957 1032 1012 terris
1064 958 1306 1012 serVatis
1338 957 1469 1012 sibi.

2287 959 2448 1029 Αύτῷ
2478 956 2524 1011 δ’
2554 958 2940 1032 ἀπεκλήρωσεν
2974 960 3233 1033 Ἐσπέρας
3263 958 3482 1020 τόπους.

365 1042 502 1098 Post
527 1043 648 1099 haec
679 1044 735 1099 in
773 1044 978 1101 Galliis
1006 1046 1222 1116 degens
1257 1044 1607 1100 interficitur

2286 1046 2374 1101 Ἐν
2407 1045 2669 1108 Γαλλίαις
2701 1046 2795 1101 οῦν
2831 1044 3029 1122 διάγων
3064 1047 3296 1122 ἀνῃρέθη

362 1147 396 1185 a
424 1132 569 1187 duce
599 1133 877 1204 quodam,
909 1135 1145 1189 nomine
1176 1132 1592 1205 Andragathio,

2286 1133 2413 1186 Ὑπὸ
2445 1139 2747 1208 στρατηγοῦ
2777 1133 2973 1203 κλῆσιν
3006 1133 3396 1210 Ἀνδραγαθίου

365 1220 465 1290 qui
494 1219 626 1275 dolo
659 1223 731 1276 ad
760 1223 974 1278 caedem
1006 1223 1133 1292 ejus
1166 1226 1468 1293 grassatus
1502 1226 1608 1286 est,

2142 1222 2249 1277 595
2284 1219 2441 1291 Δόλῳ
2472 1222 2903 1295 κάταπράξαντος
2924 1223 3099 1276 αὐτοῦ
3128 1222 3216 1277 τὸν
3252 1218 3435 1300 φόνον·

363 1314 679 1380 postquam
712 1328 812 1365 sex
831 1311 1003 1367 annis
1034 1311 1261 1366 circiter
1292 1314 1670 1382 regnaverat;

2281 1310 2376 1377 Ἓξ
2407 1329 2511 1362 που
2544 1309 2831 1382 κατασχὼν
2864 1311 2960 1377 τὴν
2998 1309 3269 1384 βασιλείαν
3304 1310 3555 1384 χρόνους.

361 1397 551 1453 bonus
582 1398 919 1470 imperator,
955 1400 1206 1471 piusque
1237 1399 1445 1454 Christi
1480 1397 1757 1453 famulus.

2282 1397 2505 1472 Κράτωρ
2536 1397 2737 1471 ἀγαθὸς
2770 1393 2996 1466 εὐσεϐὴς
3021 1401 3252 1473 Χριστοῦ
3284 1396 3495 1473 λάτρις.

596 1514 1183 1570 VALENTINIANUS
1221 1514 1479 1569 JUNIOR
1520 1513 1758 1568 ROM/E.

2239 1514 2860 1569 ΟΥΑΛΕΝΤΙΝΙΑΝΟΣ
2904 1518 3085 1570 ΝΕΟΣ
3126 1515 3218 1570 ΕΝ
3258 1515 3455 1582 ΡΩΜῌ
3481 1516 3614 1587 (18).

354 1620 629 1675 Gratiano
660 1621 943 1677 exstincto
971 1625 1166 1692 partes
1196 1620 1495 1691 hesperias
1528 1622 1771 1674 cunctas

2279 1615 2483 1671 Τούτου
2515 1619 2787 1686 θανόντος,
2818 1618 2974 1691 ἧρξεν
3004 1618 3265 1692 Ἑσπέρας
3296 1617 3433 1689 ὅΛης

356 1706 797 1765 Valentinianus
821 1708 1024 1778 junior
1053 1709 1231 1763 frater
1263 1708 1429 1776 rexit,

2281 1703 2727 1767 Οὖαλεντινιανὸς
2760 1706 3021 1779 σύγγονος
3054 1707 3190 1778 νέος,

354 1795 455 1865 qui
487 1796 720 1867 quidem
754 1796 959 1851 matris
992 1798 1269 1867 deceptus
1302 1795 1681 1851 suasionibus

2024 1790 2070 1853 B
2133 1794 2240 1848 600
2280 1794 2464 1853 Ὀστις
2495 1812 2554 1867 γε
2589 1794 2795 1867 μητρὸς
2830 1795 3091 1869 ὑπαχθεὶς
3125 1790 3484 1867 συμϐουλίαις

355 1884 603 1939 Justinaa
636 1884 757 1939 Arii
787 1885 1066 1956 dogmata
1093 1883 1397 1954 amplexus
1426 1887 1514 1939 est
1540 1900 1550 1936 :

2281 1878 2575 1948 Ἰουστίνης
2609 1878 2851 1935 έδέδεκτο
2879 1879 3102 1955 δόγματ’
3136 1880 3351 1956 Ἀρείου

356 1976 531 2044 atque
567 1972 701 2026 hinc
730 1973 959 2043 piorum
997 1973 1228 2027 turbam
1255 1987 1451 2026 amare
1481 1970 1675 2025 desiit.

2277 1970 2565 2031 Κάντεῦθεν
2597 1968 2909 2043 ἀπέστεργεν
2945 1964 3181 2023 εὐσεϐῶν
3215 1970 3417 2046 στῖφος·

356 2060 504 2114 Tum
536 2060 852 2116 rebellante
882 2061 1137 2131 quodam
1171 2061 1317 2114 duce
1342 2060 1614 2127 Maximo,

2276 2056 2373 2110 Καί
2403 2077 2547 2117 τινος
2578 2055 2723 2126 αύτῷ
2755 2056 3009 2129 Μαξίμου
3042 2058 3406 2133 πρατηγὲτου

354 2150 557 2218 etjam
589 2148 833 2204 victoria
863 2152 1065 2204 contra
1099 2164 1159 2204 se
1191 2149 1398 2219 potito,

2274 2140 2620 2218 Ἐπιφυέντος
2649 2142 2737 2196 καὶ
2767 2145 3084 2212 νικήσαντος
3119 2144 3296 2219 μάχῃ,

351 2234 561 2306 legatis
591 2236 791 2291 missis
821 2237 890 2291 ad
925 2236 1177 2291 Orientis
1208 2236 1532 2306 principem

2131 2232 2237 2285 605
2278 2225 2531 2303 Πρέσϐεις
2559 2232 2863 2306 πεπομφὼς
2890 2232 3027 2304 πρὸς
3055 2234 3372 2307 κρατάρχην
3400 2239 3499 2302 τῆς
3527 2236 3640 2290 Ἕω

351 2323 634 2395 inclytum
661 2324 1053 2380 Theodosium
1086 2324 1384 2395 suppetias
1417 2322 1579 2394 petit.

2272 2319 2532 2392 Λαμπρὸν
2566 2316 2849 2373 Θεοδόσιον
2880 2320 3014 2373 αἰτεῖ
3047 2322 3392 2396 συμμάχους.

355 2412 458 2468 Ille
488 2413 785 2483 respondit
815 2430 876 2468 se
908 2412 1107 2467 mirari
1142 2412 1383 2467 minime

2269 2408 2330 2463 Ὁ
2370 2404 2415 2459 δ’
2448 2405 2511 2460 αὖ
2542 2404 2768 2477 ἐδήλου,
2806 2410 2879 2479 μὴ
2913 2410 3224 2481 τεθηπέναι,
3258 2410 3449 2484 κέγων,

352 2500 401 2555 si
433 2517 635 2557 servus
665 2501 953 2558 Maximus
984 2502 1222 2556 domino
1253 2500 1522 2571 superior
1552 2500 1747 2568 fuerit,

2273 2495 2337 2551 Et
2368 2492 2563 2557 δοῦλος
2593 2494 2665 2547 ὢν
2698 2495 2945 2567 Μάξιμος
2981 2497 3133 2572 ὥφθη
3170 2495 3431 2551 δεσπότου

350 2588 662 2659 ipsumque
694 2606 880 2661 nuper
909 2590 1031 2645 acie
1063 2589 1496 2661 proﬂigaverit;

2272 2583 2584 2657 Ὑπέρτερός
2612 2603 2669 2637 τε
2697 2584 2787 2636 καὶ
2814 2586 3042 2653 νικητὴς
3073 2584 3123 2638 ἐν
3162 2586 3386 2657 μάχαις,

351 2678 628 2747 quoniam
659 2682 747 2749 tu,
777 2678 1086 2733 Dominum
1119 2682 1309 2744 tuum,
1338 2677 1546 2744 Caesar,

2127 2672 2232 2725 610
2272 2674 2378 2723 Σοῦ
2406 2668 2670 2739 δεσπότην
2703 2672 2793 2723 σὸν
2827 2672 3177 2739 ἠθετηκότος,
3205 2672 3431 2746 κράτορ,

348 2769 788 2821 exauctoratum
821 2764 1057 2821 famulis
1086 2779 1496 2831 connumeras,

2268 2759 2364 2811 Καὶ
2393 2756 2549 2812 τόνδε
2579 2756 2800 2821 δούλοις
2830 2761 3433 2834 συγκατηριθμηκότος,

352 2853 453 2925 qui
485 2855 723 2925 quidem
757 2853 909 2907 Patri
944 2852 1156 2908 similis
1186 2852 1520 2908 substantia
1549 2856 1657 2905 est.

2270 2845 2605 2923 Σύμμορφον
2634 2845 2761 2901 ὄντα
2783 2847 2862 2918 τῷ
2893 2847 3062 2921 Πατρὶ
3093 2848 3209 2901 κατ’
3240 2847 3448 2904 οὐσίαν.

344 2945 619 2997 Attamen
651 2941 905 3012 sumptis
933 2941 1115 2996 armis
1143 2941 1461 3009 imperator

2263 2936 2455 3007 ’Ὀμως
2487 2933 2807 3007 στρατεύσας
2836 2935 2972 2989 κατά
3001 2934 3252 3007 Μαξίμου
3286 2938 3500 3012 κράτωρ

354 3029 672 3085 Maximum
699 3030 896 3102 pralio
926 3033 1270 3099 superatum
1295 3028 1504 3083 occidit
1537 3043 1551 3081 ε

2266 3021 2478 3080 Ἀτεῖλε
2508 3027 2694 3077 τοῦτον
2728 3025 3134 3097 κατακρατήσας
3167 3026 3335 3099 μάχῃ·

343 3121 473 3172 tum
505 3118 683 3173 etiam
717 3116 1109 3186 Andragathio
1141 3120 1315 3186 caput
1346 3114 1607 3183 abstulit,

2008 3137 2050 3204 Ο
2127 3112 2234 3167 615
2271 3113 2366 3164 Καὶ
2398 3112 2498 3179 τὴν
2531 3111 2772 3186 κεφαλὴν
2808 3109 2854 3164 δ’
2885 3111 3266 3186 Ἀνδραγαθίου
3295 3113 3500 3185 τέμνει,

352 3221 555 3275 poenas
586 3206 658 3260 ab
690 3221 755 3260 eo
787 3210 1052 3275 repetens
1083 3204 1255 3258 caedis
1286 3203 1478 3274 regizs.

2018 3198 2050 3204 ﬁ
2266 3198 2563 3273 Ἐκπράξας
2593 3198 2749 3253 αὐτὸν
2784 3198 3004 3262 εὐθύνας
3032 3201 3126 3261 τὰς
3155 3205 3251 3254 τοῦ
3282 3202 3467 3276 φόνου.

338 3293 442 3349 His
470 3294 650 3365 gestis
682 3294 918 3349 domum
954 3292 1263 3347 revertitur
1294 3291 1629 3363 imperator.

2258 3289 2442 3343 Ταῦτα
2472 3284 2671 3350 διαθεὶς
2702 3287 2953 3360 βασιΛεὺς
2992 3290 3334 3367 ὑποστρέφει·

339 3382 448 3436 Sed
481 3397 612 3437 ecce
643 3398 847 3436 rursus
880 3380 1290 3436 Valentiniano
1314 3379 1519 3450 juveni

1502 3379 1519 3432 i
2259 3372 2694 3446 Οὐαλεντινιανῷ
2721 3372 2765 3429 δ’
2796 3374 2861 3429 αὖ
2892 3378 3140 3450 νεωτέρῳ

337 3468 565 3524 aulicus
595 3469 683 3523 vir
708 3468 1003 3540 Eugenius
1035 3468 1404 3523 adversarios
1435 3466 1659 3524 oritur:

2258 3465 2515 3538 Ἀντῆρεν
2550 3464 2809 3538 Εὑγένιος
2839 3467 2915 3527 εἷς
2946 3471 3053 3519 τὼν
3086 3465 3136 3519 έν
3167 3465 3332 3521 τέλει’

339 3573 457 3628 qua
482 3570 542 3612 re
574 3562 891 3628 comperta,
928 3562 1086 3612 metu
1118 3559 1420 3627 correptus
1448 3555 1638 3610 Caesar

2116 3554 2221 3607 620
2261 3552 2358 3605 Καὶ
2388 3551 2546 3625 γνοὺς
2578 3553 2639 3605 τὸ
2671 3550 2869 3627 δρᾶμα,
2902 3555 3181 3628 συσχεθεὶς
3215 3553 3339 3624 ἅναξ
3372 3551 3523 3631 φόϐῳ

334 3645 461 3716 ipse
494 3644 606 3700 sibi
638 3644 847 3715 laqueo
880 3646 1057 3700 vitam
1090 3644 1424 3715 interrupit.

2258 3640 2477 3695 Ἑαυτὸν
2514 3639 2766 3714 ἐξήγαγεν
2800 3640 3008 3716 ἀγχόνῃ
3043 3641 3181 3716 βίου.

368 3759 809 3815 THEODOSIUS
870 3759 1166 3815 MAGNUS
1226 3759 1343 3813 AN.
1382 3758 1558 3826 XVII,
1599 3758 1738 3813 VEL
1786 3759 1936 3813 XVI.

2126 3756 2517 3811 ΘΕΟΔΟΣΙΟΣ
2561 3756 2604 3812 0
2642 3758 2870 3811 MErAs
2913 3758 3021 3812 ET.
3066 3759 3158 3827 12',
3200 3760 3270 3814 οι
3308 3765 3392 3816 AE
3430 3762 3535 3817 ET.
3577 3761 3665 3823 Iq'.

331 3866 401 3919 At
431 3864 797 3920 Theodosius
832 3870 1131 3920 Ausonum
1165 3865 1483 3937 imperator

2261 3858 2437 3918 Ἀλλὰ
2465 3859 2751 3924 Θεοδόσιος
2776 3861 3188 3939 αὐσονοκράτωρ

329 3952 655 4025 Eugenium
690 3967 922 4024 quoque
954 3953 1140 4024 captis
1172 3953 1353 4009 armis
1386 3966 1747 4024 persequens

1654 3966 1747 4006 ans
2258 3951 2704 4024 Ἐπιστρατεύσας
2734 3953 2823 4005 καὶ
2860 3950 3025 4006 πάλιν
3055 3953 3294 4027 Εὐγενίῳ

329 4040 528 4112 praelio
559 4040 851 4097 devictum
881 4042 997 4097 vita
1029 4042 1264 4113 spoliat,

2258 4038 2460 4093 Κτείνει
2488 4060 2547 4093 τε
2575 4044 2765 4094 τοῦτον
2798 4038 3081 4110 ἐκνικήσας
3108 4040 3157 4095 ἐν
3194 4046 3348 4117 μάχῃ

330 4144 626 4200 regnoque
658 4145 765 4184 suo
798 4134 991 4199 partes
1026 4129 1323 4200 hesperias
1355 4128 1539 4183 addit.

2114 4129 2221 4182 625
2258 4127 2364 4181 Καὶ
2400 4125 2671 4200 βασιλεύει
2707 4127 2796 4180 καὶ
2831 4132 3007 4200 μερῶν
3034 4135 3135 4197 τῆς
3164 4131 3439 4205 Ἐσπέραςο

330 4218 657 4288 Antequam
689 4222 884 4272 tamen
918 4217 1039 4272 haec
1069 4216 1341 4288 praeclare
1373 4220 1616 4287 gereret,

2256 4215 2390 4268 Ιῐοὶν
2491 4213 2537 4268 δ’
2565 4213 2787 4289 ὑπάρξαι
2816 4212 2945 4269 τάδε
2968 4219 3435 4292 κατορθωμάτων,

331 4304 745 4361 Thessalonica
777 4306 835 4360 in
871 4307 1013 4360 urbe
1043 4307 1232 4361 Caesar
1263 4320 1525 4369 versans,

2253 4304 2409 4375 Ἀναξ
2442 4301 2662 4364 ἐπιστὰς
2695 4302 3054 4377 Θεσσαλονίκῃ
3079 4302 3236 4359 πόλει

335 4397 460 4450 orto
491 4410 593 4465 per
622 4392 903 4466 populum
936 4398 1098 4449 motu
1134 4394 1432 4461 seditioso,

2256 4392 2444 4462 Δήμου
2477 4392 2858 4453 στασιάσαντος
2886 4390 2935 4464 ἐξ
2968 4392 3204 4463 ἀταξίας,

333 4482 777 4539 contumeliosis
809 4483 1021 4538 civium
1052 4482 1222 4538 dictis
1254 4482 1379 4553 ipse
1412 4480 1663 4550 laeditur,

1651 4525 1663 4550 ν
2001 4497 2049 4559 D
2252 4473 2547 4553 Ὑϐρίζεται
2574 4479 2667 4551 μὲν
2697 4479 2853 4541 οὗτος
2886 4480 3069 4542 ἀστοῖς
3101 4478 3291 4553 ἀνέδην

332 4575 509 4642 atque
539 4571 598 4625 in
628 4570 885 4626 tumultu
918 4571 1160 4626 caeditur
1191 4571 1517 4643 praefectus.

2115 4569 2220 4623 630
2259 4566 2549 4621 Φονεύεται
2582 4565 2628 4621 δ’
2659 4567 2906 4644 ὕπαρχος
2938 4567 2989 4623 ἐν
3020 4574 3089 4634 τῇ
3120 4570 3402 4646 συγχύσει·

329 4659 459 4713 Hac
484 4658 802 4731 imperator
830 4658 986 4714 haud
1019 4660 1312 4714 moderate
1346 4659 1536 4713 ferens

2254 4660 2411 4710 Ταῦτ’
2441 4655 2539 4711 οὐκ
2567 4655 2796 4731 ἐνεγκὼν
2832 4658 2859 4711 ὁ
2889 4658 3201 4736 κρατάρχης
3230 4661 3450 4737 ἡμέρως

331 4751 592 4802 armatos
618 4751 821 4801 contra
852 4746 1136 4818 populum
1171 4745 1418 4801 immisit
1450 4744 1683 4815 milites,

2256 4744 2556 4819 Στράτεύμ³
2584 4746 2759 4822 ἀφῆκε
2785 4750 2863 4817 τῷ
2890 4745 2998 4818 λεῷ
3028 4748 3347 4825 ξιφηφόρον,

329 4835 428 4907 qui
461 4834 617 4891 hunc
647 4834 963 4890 crudeliter
982 4834 1191 4904 gladiis
1220 4835 1623 4903 conciderunt,

2256 4833 2357 4889 Καὶ
2386 4830 2539 4887 τόνδε
2569 4833 2892 4910 κατέσφαξαν
2928 4833 3160 4910 ἀφειδῶς
3190 4834 3351 4913 ξ’ίφει,

328 4923 413 4977 ita
442 4928 509 4978 ut
538 4923 597 4977 in
627 4926 791 4978 tanto
817 4926 1164 4993 congregato
1193 4937 1437 4976 numero

2253 4922 2339 4983 Ὡς
2371 4920 2430 4976 ἐκ
2456 4922 2716 4977 τοσούτου
2751 4922 3115 4997 μυριαρῖθμου
3146 4925 3228 4978 στί

329 5011 668 5083 quindecim
700 5010 883 5066 millia
914 5010 1218 5065 hominum
1255 5009 1550 5079 perierint.

2111 5012 2217 5067 635
2258 5010 2397 5084 Πρὸς
2428 5012 2587 5065 πέντε
2616 5016 2790 5075 θανεῖν
2821 5009 3145 5085 χιλιοστύας
3177 5010 3323 5070 δέκα.

328 5100 438 5155 Sed
468 5100 779 5157 Mediolani
813 5099 1161 5154 Ambrosius
1191 5098 1509 5170 episcopus

2256 5095 2407 5154 Ἀλλ’
2441 5094 2774 5173 Ἀμϐρόσιος
2804 5096 3160 5156 Μεδιολάνων
3194 5100 3360 5172 θύτης

327 5188 613 5245 Caesarem
646 5189 969 5243 admonens
996 5187 1146 5241 tanti
1182 5188 1483 5242 commissi
1518 5185 1775 5256 sceleris,

2250 5184 2409 5243 Τόνδ⁹
2441 5188 2751 5259 ἀναμνήσας
2780 5192 2876 5242 τοῦ
2905 5190 3287 5265 πεπραγμένου
3323 5190 3543 5262 μύσους,

327 5278 399 5332 ad
432 5277 832 5347 paenitentiam
865 5275 1000 5331 facti
1028 5276 1186 5329 ﬂexit
1215 5275 1477 5330 animum
1515 5291 1528 5329 :

2251 5276 2483 5350 ’Ήγαγεν
2511 5275 2670 5329 αὐτὸν
2704 5275 2781 5338 εἷς
2812 5274 3161 5347 συναῖσθησιν
3191 5278 3415 5342 πάθους·

328 5370 453 5421 tum
488 5363 834 5436 lacrymanti
859 5363 940 5419 rei
972 5366 1313 5434 perpetrata:
1340 5378 1517 5418 causa

2249 5363 2357 5418 Καὶ
2386 5362 2671 5438 πρόσφορα
2699 5361 2949 5438 κῖρνησιν
2980 5365 3126 5437 αὑτῷ
3155 5366 3451 5445 φαρμάκων

400 5508 512 5582 (t8)
535 5509 743 5582 Annos
774 5506 939 5582 regni
972 5510 1099 5582 tum
1131 5504 1393 5561 Gratiani
1424 5510 1550 5582 tum
1573 5503 1966 5582 Valentiniani
2074 5502 2418 5582 Gratianum
2476 5505 2811 5582 regnavisse
2868 5512 3001 5580 post
3046 5512 3273 5580 patrem
3313 5510 3484 5569 annis
3513 5510 3568 5582 9,
3599 5513 3715 5568 Va-

325 5575 581 5655 junio'ris
608 5575 1272 5651 omittitchronologus;
1308 5579 1712 5638 verumtamen
1744 5576 1965 5635 scimus
2074 5575 2464 5633 lentinianum
2499 5577 2590 5631 l7.
