4154 6304
292 256 363 309 37

324 381 433 435 640
472 377 904 453 Δακρυῤῥοοῦντι
936 381 1041 431 τῶν
1074 377 1466 451 πεπραγμένων
1502 376 1684 449 χάριν.

470 468 641 524 Οὗτος
674 464 934 540 βασιλεὺς
967 462 1195 534 εὐσεϐής
1225 464 1321 533 ὢν,
1362 466 1672 540 ἀρθόφρων,

480 556 740 627 Σύστημα
772 554 963 609 σεπτὸν
997 555 1317 628 ἀρχυθυτῶν
1350 552 1539 613 ἁλίσας

474 644 612 719 Πρὸς
641 649 757 704 τοῖς
790 644 974 697 ἑκατὸν
1005 643 1095 697 καὶ
1126 646 1462 712 πεντήκοντα
1490 639 1653 695 πάλιν

471 733 946 805 Ηνευματομάχου
974 732 1108 785 κατὰ
1135 728 1493 799 Μακεδονίου,

325 823 432 876 645
475 821 697 892 Πνεῦμα
724 820 787 874 τὸ
820 825 960 882 θεῖον
996 819 1057 874 ού
1090 816 1339 881 σέϐοντος
1370 821 1445 881 ὡς
1477 820 1650 889 θέμις,

475 906 845 981 Συνεκρότησε
878 904 1099 960 σύνοδον
1132 910 1229 976 τὴν
1265 906 1513 981 δευτέραν
1550 925 1561 936 ·

468 997 537 1051 ’Ἡ
564 996 799 1069 συμφυὲς
830 994 893 1048 τὸ
917 999 1136 1067 Πνεῦμα
1166 995 1333 1068 Πατρὶ
1364 995 1453 1049 καὶ
1486 995 1651 1067 Λόγῳ

476 1083 694 1157 Ἀριστα
721 1084 1039 1155 τρανώσασα
1070 1083 1355 1155 σύνθρονον
1391 1084 1437 1145 θ’
1468 1084 1599 1154 ἅμα,

480 1168 680 1226 Βάλλει
712 1169 1044 1226 Μακεδόνιον
1074 1170 1227 1245 ἀραῖς
1261 1170 1485 1234 ἐνδίκως

335 1260 442 1313 650
476 1263 582 1327 Τῆς
614 1257 907 1327 καθολικῆς
936 1258 1214 1331 ἐκτεμοῦσ’
1244 1258 1567 1328 Ἐκκλησίας
1601 1279 1613 1291 ·

475 1346 571 1399 Kal
601 1347 981 1421 ποιμενάρχην
1017 1344 1245 1401 δεικνύει
1279 1346 1608 1415 Βυζαντίδος

474 1436 761 1508 Νεκτάριον
798 1434 1087 1507 λάμποντα
1120 1435 1224 1508 βίῳ
1253 1437 1341 1490 καὶ
1377 1436 1553 1509 Λόγῳ,

473 1524 857 1595 Χριστώνυμον
891 1525 986 1595 μέν
1018 1523 1263 1596 ἀμύητον
1298 1522 1345 1577 δ’
1374 1524 1560 1596 εἰσέτι,

469 1613 561 1668 ’Ὸν
591 1612 703 1683 ἅμα
736 1612 1053 1686 βαπτίζουσι
1088 1614 1306 1687 χρίουσι
1340 1613 1503 1683 θύτην
1530 1632 1543 1644 ⁸

332 1702 437 1755 655
474 1702 586 1756 Τοῦ
618 1700 921 1773 Γρηγορίου
949 1702 1037 1755 καὶ
1069 1703 1274 1775 Πατρὸς
1308 1703 1571 1775 θεηγόρου

466 1788 814 1862 Δύθαιρέτως
843 1809 902 1863 γε
924 1790 1012 1842 τὸν
1048 1791 1237 1862 Θρόνον
1272 1788 1603 1850 λελοιπότος
1636 1810 1648 1823 ·

464 1878 633 1937 Οὗτος
664 1876 889 1947 τελευτᾷ
924 1875 1177 1949 βασιλεύς
1211 1879 1329 1931 καθ’
1358 1879 1616 1952 Ἑσπέραν

466 1965 614 2025 Υἱοῖς
650 1964 869 2036 μερίσας
901 1970 1020 2026 τοῖς
1055 1963 1172 2018 δυσί
1203 1964 1534 2040 κραταρχίαν

468 2053 714 2125 Ὀνωρίῳ
750 2054 842 2123 μὲν
877 2051 1003 2113 δοὺς
1032 2052 1325 2127 κατάρχειν
1354 2054 1635 2126 Ἑσπέρας,

325 2140 432 2195 660
470 2137 736 2212 Ἀρκαδίῳ
768 2137 813 2193 δ’
846 2141 909 2195 αὖ
938 2144 1045 2194 τῶν
1081 2146 1259 2216 μερῶν
1287 2146 1393 2195 τῶν
1417 2140 1513 2207 τῆς
1545 2145 1679 2210 Ἕω,

468 2223 878 2290 Βεϐασιλευκὼς
903 2230 1037 2283 ἔπτὰ
1064 2230 1155 2283 καὶ
1189 2227 1317 2283 δέκα
1342 2229 1575 2303 χρόνους

464 2318 604 2384 Πρὸς
633 2318 791 2372 πέντε
826 2319 989 2389 μησὶν
1025 2316 1284 2388 εὐσεϐῶς,
1320 2317 1654 2392 εὐδαιμόνως
1689 2338 1702 2353 ·

463 2406 632 2480 Ἀνὴρ
664 2407 861 2478 ἀγαθὸς
888 2407 976 2460 καὶ
1008 2408 1225 2481 κράτωρ
1256 2408 1571 2484 νικηφόρος,

462 2496 542 2567 Τῇ
575 2492 622 2547 δ’
653 2490 893 2565 εὐσεϐείᾳ
920 2493 1133 2567 μᾶλλον
1166 2496 1500 2569 ὡραϊσμένος
1534 2517 1546 2529 ·

319 2584 424 2638 665
462 2582 562 2638 Καὶ
590 2583 729 2637 κίον’
761 2584 919 2644 οὗτος
953 2581 1004 2637 ἐν
1030 2584 1165 2645 Βοὸς
1193 2582 1376 2659 τεύχει
1403 2585 1559 2657 τόπῳ
1594 2587 1703 2658 (19)
1730 2606 1743 2622 ο

460 2669 835 2745 Ἀνδρείκελον
869 2672 1103 2749 φέροντα
1130 2676 1227 2726 τοῦ
1259 2670 1609 2746 δειμαμένου.

802 2787 1135 2843 ΑΡΚΑΔΙΟΣ
1167 2788 1279 2844 ΕΤ.
1312 2788 1413 2847 ΙΔ’.

462 2887 749 2965 ’Λρκάδιος
775 2895 901 2967 γοῦν
930 2888 1263 2966 παραλαϐὼν
1294 2894 1357 2948 τὸ
1387 2894 1585 2969 κράτος

460 2984 668 3035 Διεῖπεν
700 2980 829 3035 αὐτὸ
858 2979 1215 3053 πλημμελῶς
1244 2982 1333 3036 καὶ
1366 2981 1622 3057 ῥᾳθύμως
1656 3000 1669 3015 ·

458 3070 651 3137 Νωθής
679 3068 803 3144 γὰρ,
835 3067 1167 3142 εὐρίπιστος,
1201 3066 1273 3123 ὢν
1300 3069 1602 3142 ἀνειμένος,

310 3159 423 3213 670
462 3156 563 3213 Καὶ
591 3160 661 3229 τῇ
692 3157 901 3231 γυναικὶ
931 3158 1106 3211 πάντα
1132 3157 1652 3231 προσπεπεισμένος,

458 3245 757 3321 Τρικυμίας
788 3241 994 3313 ἔπλησε
1018 3246 1117 3313 τὴν
1152 3244 1502 3316 Ἐκκλησίαν,

463 3332 624 3405 Αύτῷ
655 3330 713 3387 δὲ
748 3334 982 3406 μέμψεις
1012 3332 1371 3406 προύξένησεν
1397 3332 1640 3398 ἐνδίκους
1676 3356 1689 3370 ·

465 3420 763 3495 Νεκταρίου
793 3421 896 3495 γὰρ
929 3421 1364 3495 έκμετρήσαντος
1389 3422 1528 3498 βίον,

477 3509 696 3585 ’Δχθεὶς
726 3510 753 3563 ὁ
786 3514 1020 3584 χρυσοῦς
1050 3510 1102 3564 ἂν
1135 3509 1323 3584 λόγοις
1353 3510 1609 3583 Ἰωάννης

333 3601 445 3656 675
482 3599 568 3669 Ἐξ
600 3597 888 3672 Ἀντιόχου
918 3598 1054 3673 πρὸς
1084 3598 1246 3653 πόλιν
1284 3598 1557 3674 βασιλίδα,

471 3685 686 3756 Ταύτης
715 3688 1016 3761 καθωράϊσε
1043 3688 1133 3741 τὸν
1167 3688 1361 3759 σεμνὸν
1390 3688 1577 3764 θρόνον
1607 3708 1622 3722 ’

477 3772 631 3832 Ἀλλ’
660 3777 694 3843 ἡ
731 3776 946 3849 βασιλὶς
973 3772 1174 3837 ἀδίκως
1209 3773 1442 3846 Εὐδοξία

472 3866 790 3935 Μυσήσασα,
824 3866 953 3937 φεῦὲ
989 3863 1171 3927 ἐνθέου
1200 3863 1500 3939 παρρησίας

470 3953 571 4007 Τὸν
602 3956 707 4007 τῶν
740 3956 933 4027 ψυχῶν
964 3951 1125 4020 ἥλιον
1151 3950 1295 4024 ἄξιον
1331 3952 1521 4026 Θρόνου

325 4042 434 4099 680
470 4040 688 4111 Τίθησιν
717 4039 985 4115 ἐξόριστον
1022 4040 1073 4095 έν
1100 4044 1218 4103 τοῖς
1246 4040 1520 4113 Κομάνοις
1554 4061 1569 4078 ο

470 4129 844 4198 ’Δντικαθιστᾷ
875 4126 920 4182 δ’
952 4128 1234 4203 Ἀρσάκιον
1267 4124 1571 4203 πρεσϐύτην
1604 4150 1616 4164 ο

470 4216 637 4278 Οὗτος
673 4216 923 4291 βασιλεὺς
949 4215 999 4271 ἐν
1033 4215 1213 4290 Θρᾴκῃ
1244 4218 1411 4285 κτίζει
1441 4216 1625 4289 πόλιν,

466 4305 562 4360 Ἦν
595 4301 889 4378 Α’ρκαδίου
921 4302 1115 4366 πάντες
1150 4299 1335 4373 ᾅδουσι
1368 4304 1551 4365 πόλιν.

465 4390 563 4445 Καὶ
594 4390 728 4445 κίον’
758 4392 1034 4466 ἀνήγειρεν
1058 4391 1109 4445 έν
1142 4390 1433 4468 ξηρολόφῳ

321 4481 430 4536 685
467 4480 688 4551 Στήλην
720 4478 831 4534 ἅνω
862 4482 1093 4557 φέροντα
1120 4484 1217 4535 τοῦ
1252 4478 1604 4555 δειμαμένου.

464 4570 598 4639 Ἕτη
636 4566 693 4622 δὲ
716 4568 852 4641 πρὸς
884 4567 1131 4644 τέσσαρσι
1162 4568 1421 4644 κατάρξας
1452 4567 1597 4644 δέκα,

463 4662 553 4710 Ὧν
583 4652 809 4727 εὐσεϐής
839 4677 946 4726 τις,
977 4654 1287 4730 ὀρθοδοξίας
1321 4656 1501 4736 φίλος,

463 4744 683 4808 Ἄλλως
718 4743 775 4800 δὲ
802 4746 1001 4822 κοῦφος
1037 4745 1313 4821 εὐάγωγος
1341 4748 1433 4802 τὸν
1460 4750 1686 4824 τρόπον,

465 4835 711 4905 Νοσήσας
745 4832 955 4905 ἐξέλιπε
983 4835 1075 4889 τὸν
1108 4835 1339 4912 φθαρτὸν
1380 4835 1518 4909 βίον.

605 4951 993 5007 ΘΕΟΔΟΣΙΟΣ
1032 4952 1075 5008 Ο
1109 4954 1287 5008 ΝΕΟΣ
1329 4954 1438 5008 ΕΤ.
1473 4954 1603 5009 MB'.

302 5056 425 5113 690
465 5055 561 5109 Καὶ
595 5061 722 5118 παῖς
753 5052 1042 5118 Θεοδόσιος
1068 5058 1226 5132 ἄρχει
1253 5062 1348 5111 τοῦ
1378 5059 1608 5132 κράτους

462 5142 658 5218 Πραῦς,
689 5146 993 5217 προσηνὴς,
1029 5141 1278 5217 εὐσεϐὴς,
1312 5148 1552 5222 χρηστὸς
1582 5150 1838 5224 τρόπους,

459 5232 777 5309 Ἐγκύκλιον
805 5230 1083 5287 παίδευσιν
1118 5236 1172 5288 εὗ
1203 5234 1536 5308 ἠσκημένος,

457 5322 807 5395 Μαθημάτων
841 5320 983 5398 ἴδρις
1014 5343 1071 5376 τε
1100 5330 1201 5393 τῆς
1232 5325 1577 5399 τετρακτύος,

456 5411 553 5466 Kal
582 5410 892 5479 πλαστικῆς
921 5412 985 5465 αὗ
1016 5412 1107 5465 καὶ
1137 5420 1403 5491 γραφικῆς
1429 5414 1709 5489 τεχνίτης,

1954 4444 2007 4508 D

1817 246 2182 302 CBSAREB.

1964 376 2019 440 Α
2048 370 2323 425 idoneum
2351 371 2533 442 culpa:
2563 372 2672 427 rite
2704 372 3023 427 remedium
3057 374 3323 430 contulit.

2047 458 2159 511 Rex
2188 458 2283 512 hic
2315 474 2418 528 pro
2445 475 2552 514 sua
2579 459 2789 531 pietate
2820 465 2877 514 et
2908 460 3249 516 orthodoxia

2046 544 2361 614 presulum
2393 548 2783 602 venerandum
2815 554 3028 603 emtum
3056 565 3441 622 congregans,

2046 637 2277 690 centum
2310 635 2575 691 videlicet
2604 641 2659 691 et
2689 636 3119 708 quinquaginta
3150 638 3408 707 Patrum,

2045 723 2323 777 adversus
2356 723 2756 779 Macedonium
2788 726 2889 795 qui
2922 726 3187 781 divinum

2044 809 2325 879 Spiritum
2358 811 2553 868 debito
2585 813 2804 868 honore
2836 830 2951 868 non
2984 816 3227 882 colebat,

2045 898 2360 953 secundam
2393 901 2796 955 celebrandam
2828 902 3051 956 curavit
3075 904 3361 973 synodum
3398 921 3411 959 :

2045 1001 2169 1055 quae
2198 986 2348 1042 Patri
2378 1004 2443 1043 ac
2476 988 2656 1044 Verbo
2685 990 2963 1060 Spiritum
2993 991 3279 1047 definiens

2046 1073 2263 1131 honore
2295 1093 2511 1147 parem,
2545 1083 2755 1133 natura
2784 1080 2985 1135 eadem
3021 1081 3351 1149 praeditum,

2045 1163 2272 1217 devovit
2301 1167 2699 1221 Macedonium
2724 1168 2905 1236 justis
2940 1168 3086 1223 diris

2046 1254 2223 1321 atque
2253 1268 2387 1308 eum
2420 1254 2705 1309 catholica
2737 1256 2961 1326 pepulit
2991 1256 3265 1313 Ecclesia.

2045 1338 2303 1410 Byzantii
2335 1358 2467 1397 vero
2498 1343 2805 1413 prmsulem
2831 1344 3049 1415 delegit

2045 1426 2378 1483 Nectarium
2412 1429 2613 1502 lingua
2644 1435 2700 1485 et
2732 1432 2994 1488 moribus
3025 1432 3338 1501 eluentem,

2045 1514 2446 1572 Christicolam
2478 1519 2738 1588 quidem,
2772 1520 2873 1575 sed
2907 1521 3167 1575 nondum
3198 1522 3495 1581 initiatum
3530 1541 3545 1581 :

2046 1602 2339 1674 baptizant
2367 1622 2502 1678 ergo
2534 1608 2707 1663 simul
2743 1614 3097 1680 sacrantque
3126 1611 3463 1683 episcopum
3490 1635 3504 1681 ;

2046 1693 2324 1762 quoniam
2354 1696 2669 1769 Gregorius
2700 1702 2875 1754 Pater
2904 1698 3215 1770 theologus

2046 1780 2157 1837 hac
2176 1789 2362 1840 semet
2382 1789 2518 1842 sede
2539 1792 2749 1858 sponte
2777 1788 3145 1858 deposuerat.

2046 1868 2163 1924 Rex
2183 1872 2277 1927 hic
2309 1873 2593 1945 hesperiis
2618 1876 2866 1932 moritur
2894 1877 2954 1932 in
2986 1879 3181 1945 terris,

2044 1959 2275 2016 duobus
2296 1964 2553 2033 partiens
2586 1964 2789 2021 liberis
2819 1966 3135 2038 imperium
3165 1986 3177 2035 ;

2042 2045 2291 2105 Honorio
2324 2053 2560 2122 quidem
2594 2059 2786 2125 partes
2812 2056 3086 2111 occiduas
3109 2056 3390 2114 tribuens.

2041 2135 2260 2191 Orienti
2283 2140 2595 2196 Arcadium
2628 2142 2935 2197 dominum
2966 2144 3288 2214 prmﬁciens
3313 2165 3327 2213 ;

2038 2229 2350 2296 postquam
2373 2234 2714 2300 regnaverat
2744 2231 2915 2285 annis
2948 2233 3363 2302 septemdecim

2038 2326 2170 2366 cum
2204 2314 2461 2385 quinque
2495 2318 2798 2372 mensibus
2824 2319 3069 2373 feliciter
3090 2325 3147 2374 et
3167 2321 3259 2390 pie
3294 2336 3307 2375 :

2037 2398 2124 2452 vir
2152 2417 2290 2455 sane
2320 2403 2590 2473 egregius
2620 2409 2675 2457 et
2707 2406 2977 2476 princeps
3008 2409 3372 2479 victoriosus,

2036 2488 2139 2543 sed
2170 2489 2382 2559 pietate
2412 2496 2608 2547 tamen
2642 2493 2829 2548 multo
2862 2494 3217 2552 rutilantior.

2039 2578 2095 2631 Is
2122 2580 2180 2632 et
2208 2578 2545 2635 columnam
2576 2581 2774 2652 posuit
2798 2581 2858 2637 in
2890 2582 3058 2638 Bovis
3088 2583 3235 2651 loco,

2034 2669 2363 2734 gestantem
2395 2668 2554 2738 regis
2584 2673 2839 2725 statuam
2874 2672 3130 2727 auctoris
3161 2673 3274 2729 sui.

2506 2782 2862 2840 ARCADIUS
2902 2785 3021 2840 AN.
3063 2786 3205 2843 XIV.

2034 2888 2313 2944 Arcadius
2338 2887 2515 2960 igitur
2544 2888 2726 2945 haares
2756 2890 2988 2963 imperii
3020 2892 3209 2951 factus

2032 2977 2183 3033 male
2207 2976 2356 3033 illud
2389 2978 2562 3050 coepit
2586 2993 2783 3050 gerere
2812 2984 2869 3034 et
2898 2983 3257 3039 socorditer:

1952 3087 1995 3155 ρ
2034 3065 2209 3122 hebes
2240 3066 2418 3137 enim,
2448 3067 2739 3124 versatilis
2770 3072 2825 3124 et
2856 3069 3159 3143 remissus,

2043 3158 2101 3210 et
2131 3161 2342 3210 cuncta
2373 3158 2567 3211 uxoris
2595 3157 2795 3212 sinsns
2823 3157 2881 3213 in
2916 3158 3180 3227 arbitrio,

2036 3244 2344 3300 turbarum
2378 3244 2661 3300 ﬂuctibus
2692 3246 2886 3301 obruit
2919 3248 3259 3316 Ecclesiam,

2038 3332 2269 3405 sibique
2294 3334 2520 3404 justam
2554 3334 2777 3405 peperit
2807 3334 3132 3394 infamiam.

2036 3420 2303 3494 Namque
2333 3423 2433 3478 ubi
2455 3423 2759 3479 Nectarius
2788 3423 3033 3496 explevit
3052 3426 3177 3481 vita:
3209 3444 3471 3500 cursum,

2039 3527 2217 3567 aurea
2244 3511 2445 3582 lingua
2476 3514 2751 3584 prasditus
2779 3514 3036 3569 Joannes

2038 3599 2345 3655 Antiochia
2372 3602 2681 3657 deducitur
2710 3604 2779 3658 ad
2816 3603 3019 3659 urbem
3044 3604 3286 3676 regiam,

2041 3692 2104 3743 ut
2134 3688 2311 3759 hujus
2343 3706 2568 3745 sacram
2600 3689 2823 3745 scilicet
2853 3698 3018 3747 ornet
3047 3694 3267 3752 sedem.

2037 3777 2146 3832 Sed
2178 3777 2334 3832 enim
2366 3781 2617 3848 angusta
2647 3783 2851 3833 contra
2880 3779 2967 3834 fas
2996 3780 3255 3837 Eudoxia

2041 3882 2261 3931 sacros,
2288 3864 2402 3921 heu
2428 3863 2439 3919 ι
2477 3881 2683 3937 perosa
2713 3865 2930 3922 liberos
2964 3883 3285 3939 sermones,

2040 3952 2219 4009 solem
2252 3953 2605 4024 animarum,
2639 3954 2795 4009 sedis
2832 3956 3095 4025 apprime
3122 3957 3391 4028 dignum,

2039 4042 2302 4098 exsulem
2335 4042 2501 4114 pellit
2531 4058 2718 4113 usque
2757 4042 2827 4097 ad
2862 4043 3063 4099 urbem
3086 4046 3341 4102 Comana
3363 4092 3380 4118 ,

2037 4131 2269 4202 ipsique
2299 4130 2599 4187 Arsacium
2630 4138 2769 4187 natu
2795 4132 2918 4202 jam
2949 4133 3230 4204 grandem
3263 4136 3505 4195 sufﬁcit.

2040 4218 2158 4275 Rex
2187 4219 2281 4275 hic
2311 4219 2368 4273 in
2394 4220 2638 4276 Thracia
2667 4220 2929 4275 condidit
2962 4221 3165 4277 urbem
3197 4223 3381 4290 illam,

2038 4323 2215 4377 quam
2245 4309 2671 4379 Arcadiopolim
2701 4308 2873 4380 vulgo
2903 4314 3167 4366 vocatam
3196 4312 3511 4371 cernimus.

2038 4397 2193 4453 Idem
2216 4397 2546 4454 columnam
2578 4398 2774 4466 posuit
2805 4398 2864 4453 in
2895 4399 3247 4471 Xerolopho,

2038 4487 2356 4544 conditoris
2386 4488 2477 4543 sui
2510 4486 2679 4558 signo
2712 4487 3103 4559 superposito.

2036 4576 2320 4649 Regnavit
2351 4580 2545 4632 autem
2578 4576 2778 4631 decem
2810 4592 2939 4631 cum
2974 4581 3230 4647 quatuor
3259 4580 3469 4652 annis;

2033 4663 2120 4718 vir
2149 4680 2288 4719 sane
2318 4663 2451 4735 pius
2485 4668 2658 4733 atque
2680 4662 3036 4719 orthodoxia:
3068 4668 3275 4735 tenax;

2034 4752 2175 4807 levis
2206 4751 2422 4821 alioqui
2456 4750 2695 4821 ingenii,
2728 4751 2925 4807 varius
2956 4769 3023 4808 ac
3052 4755 3352 4811 mutabilis
3380 4774 3393 4821 ;

2034 4839 2354 4911 implicitus
2380 4840 2439 4895 in
2473 4839 2742 4894 morbum
2775 4840 2891 4895 vita
2925 4842 3159 4898 mortali
3190 4845 3385 4899 cessit.

2294 4953 2739 5010 THEODOSIUS
2777 4954 3037 5010 JUNIOR
3074 4957 3195 5015 AN.
3236 4958 3404 5015 XLII.

2033 5062 2255 5133 Excipit
2284 5061 2592 5132 imperium
2625 5059 2779 5115 ﬁlius
2798 5060 3181 5129 Theodosius,

2034 5151 2195 5206 mitis
2226 5149 2498 5215 alIabilis,
2530 5148 2660 5217 pius
2692 5149 3139 5221 commodisque
3169 5153 3456 5224 moribus,

2033 5239 2324 5313 encyclica
2341 5236 2605 5293 doctrina
2626 5239 2779 5291 recte
2800 5236 3105 5305 exercitus,

2033 5325 2481 5397 disciplinarum
2513 5326 2766 5393 quatuor
2796 5324 2941 5376 bene
2970 5324 3181 5387 sciens,

2033 5414 2307 5485 plastices
2340 5412 2578 5481 insuper
2609 5415 2777 5481 atque
2804 5410 3043 5481 picturae
3074 5426 3312 5481 gnarus.

344 5537 439 5610 (19
459 5536 644 5596 Locus
676 5538 962 5596 nimirum
995 5537 1155 5594 urbis
1182 5539 1509 5612 Byzantina;
1539 5541 1730 5600 dictus
1752 5542 1874 5598 Bos.
1901 5541 2108 5599 Zonar.
2139 5535 2288 5605 XIV,
2321 5536 2372 5589 4.
