  <div class='ocr_page' id='page_1' title='image "/cluster/home/n/w/nwhite01/storage/ocr_20150623/143/mdp.39015078384784/028.png"; bbox 0 0 4154 6304; ppageno 0'>
   <div class='ocr_carea' id='block_1_1' title="bbox 0 5464 25 6115">
    <p class='ocr_par' dir='ltr' id='par_1_1' title="bbox 0 5464 25 5805">
     <span class='ocr_line' id='line_1_1' title="bbox 0 5464 25 5805; baseline 0 -146"><span class='ocrx_word' id='word_1_1' title='bbox 0 5464 25 5799; x_wconf 62' lang='grc' dir='ltr'>ξ</span> 
     </span>
    </p>
   </div>
   <div class='ocr_carea' id='block_1_2' title="bbox 0 5286 27 5459">
    <p class='ocr_par' dir='ltr' id='par_1_2' title="bbox 0 5416 27 5459">
     <span class='ocr_line' id='line_1_2' title="bbox 0 5416 27 5459; baseline 0 -36"><span class='ocrx_word' id='word_1_2' title='bbox 0 5416 27 5459; x_wconf 43' lang='grc' dir='ltr'>ἒ,</span> 
     </span>
    </p>
   </div>
   <div class='ocr_carea' id='block_1_3' title="bbox 118 5376 159 6115">
    <p class='ocr_par' dir='ltr' id='par_1_3' title="bbox 118 5758 149 5967">
     <span class='ocr_line' id='line_1_3' title="bbox 118 5758 149 5967; baseline 0 -14"><span class='ocrx_word' id='word_1_3' title='bbox 118 5758 147 5967; x_wconf 75' lang='grc' dir='ltr'>Ξ</span> 
     </span>
    </p>
   </div>
   <div class='ocr_carea' id='block_1_4' title="bbox 284 329 2189 411">
    <p class='ocr_par' dir='ltr' id='par_1_4' title="bbox 284 329 2189 411">
     <span class='ocr_line' id='line_1_4' title="bbox 284 329 2189 411; baseline -0.005 0"><span class='ocrx_word' id='word_1_4' title='bbox 284 354 350 411; x_wconf 76' lang='grc' dir='ltr'>ιι</span> <span class='ocrx_word' id='word_1_5' title='bbox 837 329 843 335; x_wconf 82' lang='grc'><em>’</em></span> <span class='ocrx_word' id='word_1_6' title='bbox 1837 346 2189 403; x_wconf 61' lang='lat' dir='ltr'>cassam.</span> 
     </span>
    </p>
   </div>
   <div class='ocr_carea' id='block_1_5' title="bbox 458 470 1478 552">
    <p class='ocr_par' dir='ltr' id='par_1_5' title="bbox 458 470 1478 552">
     <span class='ocr_line' id='line_1_5' title="bbox 458 470 1478 552; baseline -0.007 -19"><span class='ocrx_word' id='word_1_7' title='bbox 458 476 725 551; x_wconf 67' lang='grc' dir='ltr'>Ἃρπαγὶν</span> <span class='ocrx_word' id='word_1_8' title='bbox 758 476 910 552; x_wconf 79' lang='grc' dir='ltr'>ἄφνω</span> <span class='ocrx_word' id='word_1_9' title='bbox 940 470 1158 529; x_wconf 67' lang='grc' dir='ltr'>παιδίον</span> <span class='ocrx_word' id='word_1_10' title='bbox 1191 474 1327 548; x_wconf 87' lang='grc' dir='ltr'>πρὸς</span> <span class='ocrx_word' id='word_1_11' title='bbox 1347 472 1478 544; x_wconf 86' lang='grc' dir='ltr'>ἀέρα</span> 
     </span>
    </p>
   </div>
   <div class='ocr_carea' id='block_1_6' title="bbox 315 554 1761 637">
    <p class='ocr_par' dir='ltr' id='par_1_6' title="bbox 315 554 1761 637">
     <span class='ocr_line' id='line_1_6' title="bbox 315 554 1761 637; baseline -0.007 -16"><span class='ocrx_word' id='word_1_12' title='bbox 315 569 423 623; x_wconf 87' lang='grc'>755</span> <span class='ocrx_word' id='word_1_13' title='bbox 460 566 685 620; x_wconf 87' lang='grc' dir='ltr'>Πάντων</span> <span class='ocrx_word' id='word_1_14' title='bbox 722 563 1036 637; x_wconf 79' lang='grc' dir='ltr'>βλεπόντων</span> <span class='ocrx_word' id='word_1_15' title='bbox 1060 563 1144 617; x_wconf 77' lang='grc' dir='ltr'>καὶ</span> <span class='ocrx_word' id='word_1_16' title='bbox 1180 560 1301 616; x_wconf 67' lang='grc' dir='ltr'>λίαν</span> <span class='ocrx_word' id='word_1_17' title='bbox 1337 554 1761 632; x_wconf 73' lang='grc' dir='ltr'>θαμϐουμένων,</span> 
     </span>
    </p>
   </div>
   <div class='ocr_carea' id='block_1_7' title="bbox 463 646 1571 726">
    <p class='ocr_par' dir='ltr' id='par_1_7' title="bbox 463 646 1571 726">
     <span class='ocr_line' id='line_1_7' title="bbox 463 646 1571 726; baseline -0.009 -15"><span class='ocrx_word' id='word_1_18' title='bbox 463 656 599 712; x_wconf 83' lang='grc' dir='ltr'>Μεθ’</span> <span class='ocrx_word' id='word_1_19' title='bbox 622 654 812 721; x_wconf 73' lang='grc' dir='ltr'>ἱκανὴν</span> <span class='ocrx_word' id='word_1_20' title='bbox 846 650 986 726; x_wconf 83' lang='grc' dir='ltr'>ὣραν</span> <span class='ocrx_word' id='word_1_21' title='bbox 1020 650 1077 706; x_wconf 72' lang='grc' dir='ltr'>δὲ</span> <span class='ocrx_word' id='word_1_22' title='bbox 1105 651 1371 723; x_wconf 74' lang='grc' dir='ltr'>καταχθὲν</span> <span class='ocrx_word' id='word_1_23' title='bbox 1404 646 1571 703; x_wconf 86' lang='grc' dir='ltr'>πάλιν</span> 
     </span>
    </p>
   </div>
   <div class='ocr_carea' id='block_1_8' title="bbox 464 738 1499 819">
    <p class='ocr_par' dir='ltr' id='par_1_8' title="bbox 464 738 1499 819">
     <span class='ocr_line' id='line_1_8' title="bbox 464 738 1499 819; baseline -0.009 -20"><span class='ocrx_word' id='word_1_24' title='bbox 464 744 609 819; x_wconf 80' lang='grc' dir='ltr'>Ἔφη</span> <span class='ocrx_word' id='word_1_25' title='bbox 641 740 918 813; x_wconf 80' lang='grc' dir='ltr'>μυηθῆναί</span> <span class='ocrx_word' id='word_1_26' title='bbox 947 761 1007 814; x_wconf 86' lang='grc' dir='ltr'>γε</span> <span class='ocrx_word' id='word_1_27' title='bbox 1042 741 1117 811; x_wconf 81' lang='grc' dir='ltr'>μὴ</span> <span class='ocrx_word' id='word_1_28' title='bbox 1147 738 1499 813; x_wconf 71' lang='grc' dir='ltr'>προστιθέναι</span> 
     </span>
    </p>
   </div>
   <div class='ocr_carea' id='block_1_9' title="bbox 464 823 1725 904">
    <p class='ocr_par' dir='ltr' id='par_1_9' title="bbox 464 823 1725 904">
     <span class='ocr_line' id='line_1_9' title="bbox 464 823 1725 904; baseline -0.006 -18"><span class='ocrx_word' id='word_1_29' title='bbox 464 831 540 888; x_wconf 88' lang='grc' dir='ltr'>Τὸ</span> <span class='ocrx_word' id='word_1_30' title='bbox 569 828 896 904; x_wconf 86' lang='grc' dir='ltr'>όταυρωθεὶς</span> <span class='ocrx_word' id='word_1_31' title='bbox 926 828 1062 902; x_wconf 79' lang='grc' dir='ltr'>πρὸς</span> <span class='ocrx_word' id='word_1_32' title='bbox 1096 828 1246 901; x_wconf 77' lang='grc' dir='ltr'>ῥῆμα</span> <span class='ocrx_word' id='word_1_33' title='bbox 1276 824 1343 881; x_wconf 82' lang='grc' dir='ltr'>δι’</span> <span class='ocrx_word' id='word_1_34' title='bbox 1371 828 1517 897; x_wconf 77' lang='grc' dir='ltr'>ἡμᾶς</span> <span class='ocrx_word' id='word_1_35' title='bbox 1548 823 1725 898; x_wconf 90' lang='grc' dir='ltr'>λέγων</span> 
     </span>
    </p>
   </div>
   <div class='ocr_carea' id='block_1_10' title="bbox 466 911 1492 993">
    <p class='ocr_par' dir='ltr' id='par_1_10' title="bbox 466 911 1492 993">
     <span class='ocr_line' id='line_1_10' title="bbox 466 911 1492 993; baseline -0.01 -18"><span class='ocrx_word' id='word_1_36' title='bbox 466 918 563 993; x_wconf 71' lang='grc' dir='ltr'>Τῷ</span> <span class='ocrx_word' id='word_1_37' title='bbox 588 916 851 992; x_wconf 84' lang='grc' dir='ltr'>τρισαγίῳ</span> <span class='ocrx_word' id='word_1_38' title='bbox 880 917 970 970; x_wconf 86' lang='grc' dir='ltr'>καὶ</span> <span class='ocrx_word' id='word_1_39' title='bbox 1005 911 1287 986; x_wconf 78' lang='grc' dir='ltr'>σεϐασμίῳ</span> <span class='ocrx_word' id='word_1_40' title='bbox 1318 914 1492 986; x_wconf 74' lang='grc' dir='ltr'>’ὑμνῳ-</span> 
     </span>
    </p>
   </div>
   <div class='ocr_carea' id='block_1_11' title="bbox 321 999 1708 1077">
    <p class='ocr_par' dir='ltr' id='par_1_11' title="bbox 321 999 1708 1077">
     <span class='ocr_line' id='line_1_11' title="bbox 321 999 1708 1077; baseline -0.007 -15"><span class='ocrx_word' id='word_1_41' title='bbox 321 1010 429 1064; x_wconf 87' lang='lat'>760</span> <span class='ocrx_word' id='word_1_42' title='bbox 465 1006 670 1061; x_wconf 76' lang='grc' dir='ltr'>Τούτου</span> <span class='ocrx_word' id='word_1_43' title='bbox 704 1004 1067 1077; x_wconf 76' lang='grc' dir='ltr'>μεταστάντος</span> <span class='ocrx_word' id='word_1_44' title='bbox 1101 1000 1158 1057; x_wconf 75' lang='grc' dir='ltr'>δὲ</span> <span class='ocrx_word' id='word_1_45' title='bbox 1188 1003 1325 1076; x_wconf 85' lang='grc' dir='ltr'>πρὸς</span> <span class='ocrx_word' id='word_1_46' title='bbox 1357 999 1533 1062; x_wconf 81' lang='grc' dir='ltr'>θείους</span> <span class='ocrx_word' id='word_1_47' title='bbox 1562 999 1708 1066; x_wconf 83' lang='grc' dir='ltr'>νόας,</span> 
     </span>
    </p>
   </div>
   <div class='ocr_carea' id='block_1_12' title="bbox 467 1089 1560 1167">
    <p class='ocr_par' dir='ltr' id='par_1_12' title="bbox 467 1089 1560 1167">
     <span class='ocr_line' id='line_1_12' title="bbox 467 1089 1560 1167; baseline -0.007 -18"><span class='ocrx_word' id='word_1_48' title='bbox 467 1091 764 1167; x_wconf 83' lang='grc' dir='ltr'>ΙΙροεόρίαν</span> <span class='ocrx_word' id='word_1_49' title='bbox 799 1090 994 1167; x_wconf 75' lang='grc' dir='ltr'>εἷ’ληφε</span> <span class='ocrx_word' id='word_1_50' title='bbox 1021 1098 1123 1159; x_wconf 83' lang='grc' dir='ltr'>τῆς</span> <span class='ocrx_word' id='word_1_51' title='bbox 1156 1089 1560 1144; x_wconf 82' lang='grc' dir='ltr'>Κωνσταντίνου</span> 
     </span>
    </p>
   </div>
   <div class='ocr_carea' id='block_1_13' title="bbox 470 1176 1508 1257">
    <p class='ocr_par' dir='ltr' id='par_1_13' title="bbox 470 1176 1508 1257">
     <span class='ocr_line' id='line_1_13' title="bbox 470 1176 1508 1257; baseline -0.007 -21"><span class='ocrx_word' id='word_1_52' title='bbox 470 1177 839 1257; x_wconf 73' lang='grc' dir='ltr'>Πρεσϐύτερός</span> <span class='ocrx_word' id='word_1_53' title='bbox 871 1201 952 1242; x_wconf 90' lang='grc' dir='ltr'>τις</span> <span class='ocrx_word' id='word_1_54' title='bbox 985 1176 1294 1239; x_wconf 78' lang='grc' dir='ltr'>Φλαϐιανὸς</span> <span class='ocrx_word' id='word_1_55' title='bbox 1325 1177 1508 1246; x_wconf 79' lang='grc' dir='ltr'>ἀξίως,</span> 
     </span>
    </p>
   </div>
   <div class='ocr_carea' id='block_1_14' title="bbox 470 1263 1676 1343">
    <p class='ocr_par' dir='ltr' id='par_1_14' title="bbox 470 1263 1676 1343">
     <span class='ocr_line' id='line_1_14' title="bbox 470 1263 1676 1343; baseline -0.007 -18"><span class='ocrx_word' id='word_1_56' title='bbox 470 1270 769 1343; x_wconf 78' lang='grc' dir='ltr'>Πρόμαχος</span> <span class='ocrx_word' id='word_1_57' title='bbox 802 1267 977 1339; x_wconf 80' lang='grc' dir='ltr'>ὀρθῶν</span> <span class='ocrx_word' id='word_1_58' title='bbox 1009 1265 1294 1341; x_wconf 80' lang='grc' dir='ltr'>δογμάτων</span> <span class='ocrx_word' id='word_1_59' title='bbox 1328 1263 1676 1333; x_wconf 81' lang='grc' dir='ltr'>Ἐκκλησίας·</span> 
     </span>
    </p>
   </div>
   <div class='ocr_carea' id='block_1_15' title="bbox 468 1352 1528 1433">
    <p class='ocr_par' dir='ltr' id='par_1_15' title="bbox 468 1352 1528 1433">
     <span class='ocr_line' id='line_1_15' title="bbox 468 1352 1528 1433; baseline -0.008 -20"><span class='ocrx_word' id='word_1_60' title='bbox 468 1358 647 1433; x_wconf 76' lang='grc' dir='ltr'>Οὗπερ</span> <span class='ocrx_word' id='word_1_61' title='bbox 672 1356 924 1420; x_wconf 83' lang='grc' dir='ltr'>θανόντος</span> <span class='ocrx_word' id='word_1_62' title='bbox 956 1354 1195 1410; x_wconf 86' lang='grc' dir='ltr'>λακτίσει</span> <span class='ocrx_word' id='word_1_63' title='bbox 1227 1352 1528 1427; x_wconf 87' lang='grc' dir='ltr'>Διοσκόρου</span> 
     </span>
    </p>
   </div>
   <div class='ocr_carea' id='block_1_16' title="bbox 322 1437 1543 1519">
    <p class='ocr_par' dir='ltr' id='par_1_16' title="bbox 322 1437 1543 1519">
     <span class='ocr_line' id='line_1_16' title="bbox 322 1437 1543 1519; baseline -0.008 -16"><span class='ocrx_word' id='word_1_64' title='bbox 322 1450 433 1503; x_wconf 78' lang='grc'>765</span> <span class='ocrx_word' id='word_1_65' title='bbox 472 1448 556 1500; x_wconf 90' lang='grc' dir='ltr'>Ἐν</span> <span class='ocrx_word' id='word_1_66' title='bbox 591 1445 857 1519; x_wconf 74' lang='grc' dir='ltr'>λῃστρικῇ</span> <span class='ocrx_word' id='word_1_67' title='bbox 887 1465 945 1499; x_wconf 88' lang='grc' dir='ltr'>τε</span> <span class='ocrx_word' id='word_1_68' title='bbox 972 1443 1063 1498; x_wconf 84' lang='grc' dir='ltr'>καὶ</span> <span class='ocrx_word' id='word_1_69' title='bbox 1100 1445 1299 1518; x_wconf 75' lang='grc' dir='ltr'>φονικῇ</span> <span class='ocrx_word' id='word_1_70' title='bbox 1332 1437 1543 1511; x_wconf 78' lang='grc' dir='ltr'>συνόδῳ</span> 
     </span>
    </p>
   </div>
   <div class='ocr_carea' id='block_1_17' title="bbox 470 1528 1436 1603">
    <p class='ocr_par' dir='ltr' id='par_1_17' title="bbox 470 1528 1436 1603">
     <span class='ocr_line' id='line_1_17' title="bbox 470 1528 1436 1603; baseline -0.007 -13"><span class='ocrx_word' id='word_1_71' title='bbox 470 1534 646 1603; x_wconf 86' lang='grc' dir='ltr'>Θύτης</span> <span class='ocrx_word' id='word_1_72' title='bbox 674 1533 992 1594; x_wconf 86' lang='grc' dir='ltr'>Ἀνατόλιος</span> <span class='ocrx_word' id='word_1_73' title='bbox 1020 1528 1436 1603; x_wconf 73' lang='grc' dir='ltr'>Ἀλεξανδρείας</span> 
     </span>
    </p>
   </div>
   <div class='ocr_carea' id='block_1_18' title="bbox 469 1616 1393 1700">
    <p class='ocr_par' dir='ltr' id='par_1_18' title="bbox 469 1616 1393 1700">
     <span class='ocr_line' id='line_1_18' title="bbox 469 1616 1393 1700; baseline -0.006 -23"><span class='ocrx_word' id='word_1_74' title='bbox 469 1621 681 1700; x_wconf 83' lang='grc' dir='ltr'>Εἷληφε</span> <span class='ocrx_word' id='word_1_75' title='bbox 703 1624 875 1677; x_wconf 87' lang='grc' dir='ltr'>θῶκον</span> <span class='ocrx_word' id='word_1_76' title='bbox 911 1621 1052 1696; x_wconf 74' lang='grc' dir='ltr'>ἱερὸν</span> <span class='ocrx_word' id='word_1_77' title='bbox 1090 1616 1393 1695; x_wconf 81' lang='grc' dir='ltr'>βασιλίδος.</span> 
     </span>
    </p>
   </div>
   <div class='ocr_carea' id='block_1_19' title="bbox 472 1708 1405 1782">
    <p class='ocr_par' dir='ltr' id='par_1_19' title="bbox 472 1708 1405 1782">
     <span class='ocr_line' id='line_1_19' title="bbox 472 1708 1405 1782; baseline -0.003 -19"><span class='ocrx_word' id='word_1_78' title='bbox 472 1712 641 1772; x_wconf 79' lang='grc' dir='ltr'>Οὗτος</span> <span class='ocrx_word' id='word_1_79' title='bbox 673 1709 958 1770; x_wconf 84' lang='grc' dir='ltr'>Θεοδόσιος</span> <span class='ocrx_word' id='word_1_80' title='bbox 990 1708 1405 1782; x_wconf 81' lang='grc' dir='ltr'>αὐσονοκράτωρ</span> 
     </span>
    </p>
   </div>
   <div class='ocr_carea' id='block_1_20' title="bbox 473 1791 1543 1873">
    <p class='ocr_par' dir='ltr' id='par_1_20' title="bbox 473 1791 1543 1873">
     <span class='ocr_line' id='line_1_20' title="bbox 473 1791 1543 1873; baseline -0.008 -20"><span class='ocrx_word' id='word_1_81' title='bbox 473 1800 569 1853; x_wconf 81' lang='grc' dir='ltr'>Καὶ</span> <span class='ocrx_word' id='word_1_82' title='bbox 603 1804 792 1873; x_wconf 88' lang='grc' dir='ltr'>τεῖχος</span> <span class='ocrx_word' id='word_1_83' title='bbox 825 1798 1073 1873; x_wconf 77' lang='grc' dir='ltr'>ἀνήγειρε</span> <span class='ocrx_word' id='word_1_84' title='bbox 1102 1800 1359 1871; x_wconf 86' lang='grc' dir='ltr'>χερσαῖον</span> <span class='ocrx_word' id='word_1_85' title='bbox 1384 1791 1543 1847; x_wconf 85' lang='grc' dir='ltr'>πόλει</span> 
     </span>
    </p>
   </div>
   <div class='ocr_carea' id='block_1_21' title="bbox 327 1876 1796 1960">
    <p class='ocr_par' dir='ltr' id='par_1_21' title="bbox 327 1876 1796 1960">
     <span class='ocr_line' id='line_1_21' title="bbox 327 1876 1796 1960; baseline -0.007 -18"><span class='ocrx_word' id='word_1_86' title='bbox 327 1890 433 1943; x_wconf 87' lang='lat'>770</span> <span class='ocrx_word' id='word_1_87' title='bbox 472 1889 566 1941; x_wconf 87' lang='grc' dir='ltr'>Ἐκ</span> <span class='ocrx_word' id='word_1_88' title='bbox 592 1888 698 1941; x_wconf 86' lang='grc' dir='ltr'>τῶν</span> <span class='ocrx_word' id='word_1_89' title='bbox 726 1885 1057 1960; x_wconf 88' lang='grc' dir='ltr'>Βλαχερνῶν</span> <span class='ocrx_word' id='word_1_90' title='bbox 1100 1884 1174 1945; x_wconf 78' lang='grc' dir='ltr'>εἰς</span> <span class='ocrx_word' id='word_1_91' title='bbox 1203 1881 1380 1945; x_wconf 74' lang='grc' dir='ltr'>πύλας</span> <span class='ocrx_word' id='word_1_92' title='bbox 1408 1880 1503 1942; x_wconf 76' lang='grc' dir='ltr'>τὰς</span> <span class='ocrx_word' id='word_1_93' title='bbox 1534 1876 1796 1952; x_wconf 78' lang='grc' dir='ltr'>Χρυσέας,</span> 
     </span>
    </p>
   </div>
   <div class='ocr_carea' id='block_1_22' title="bbox 469 1966 1629 2049">
    <p class='ocr_par' dir='ltr' id='par_1_22' title="bbox 469 1966 1629 2049">
     <span class='ocr_line' id='line_1_22' title="bbox 469 1966 1629 2049; baseline -0.01 -18"><span class='ocrx_word' id='word_1_94' title='bbox 469 1975 707 2049; x_wconf 72' lang='grc' dir='ltr'>Τοὸργον</span> <span class='ocrx_word' id='word_1_95' title='bbox 735 1973 967 2048; x_wconf 81' lang='grc' dir='ltr'>περάνας</span> <span class='ocrx_word' id='word_1_96' title='bbox 1001 1971 1052 2027; x_wconf 74' lang='grc' dir='ltr'>έν</span> <span class='ocrx_word' id='word_1_97' title='bbox 1087 1969 1205 2025; x_wconf 83' lang='grc' dir='ltr'>δυσὶ</span> <span class='ocrx_word' id='word_1_98' title='bbox 1240 1970 1377 2043; x_wconf 83' lang='grc' dir='ltr'>μησὶ</span> <span class='ocrx_word' id='word_1_99' title='bbox 1415 1966 1629 2040; x_wconf 89' lang='grc' dir='ltr'>μόνοις,</span> 
     </span>
    </p>
   </div>
   <div class='ocr_carea' id='block_1_23' title="bbox 475 2054 1676 2137">
    <p class='ocr_par' dir='ltr' id='par_1_23' title="bbox 475 2054 1676 2137">
     <span class='ocr_line' id='line_1_23' title="bbox 475 2054 1676 2137; baseline -0.008 -20"><span class='ocrx_word' id='word_1_100' title='bbox 475 2059 695 2135; x_wconf 76' lang='grc' dir='ltr'>Σπουδῇ</span> <span class='ocrx_word' id='word_1_101' title='bbox 720 2064 767 2137; x_wconf 91' lang='grc' dir='ltr'>γ’</span> <span class='ocrx_word' id='word_1_102' title='bbox 800 2060 1043 2135; x_wconf 76' lang='grc' dir='ltr'>ἐπάρχου</span> <span class='ocrx_word' id='word_1_103' title='bbox 1074 2059 1163 2115; x_wconf 79' lang='grc' dir='ltr'>καὶ</span> <span class='ocrx_word' id='word_1_104' title='bbox 1195 2056 1448 2132; x_wconf 77' lang='grc' dir='ltr'>συνεργίᾳ</span> <span class='ocrx_word' id='word_1_105' title='bbox 1478 2054 1676 2127; x_wconf 85' lang='grc' dir='ltr'>Κύρου·</span> 
     </span>
    </p>
   </div>
   <div class='ocr_carea' id='block_1_24' title="bbox 474 2145 1666 2224">
    <p class='ocr_par' dir='ltr' id='par_1_24' title="bbox 474 2145 1666 2224">
     <span class='ocr_line' id='line_1_24' title="bbox 474 2145 1666 2224; baseline -0.009 -17"><span class='ocrx_word' id='word_1_106' title='bbox 474 2151 779 2224; x_wconf 83' lang='grc' dir='ltr'>’Δγαμένου</span> <span class='ocrx_word' id='word_1_107' title='bbox 810 2146 988 2221; x_wconf 75' lang='grc' dir='ltr'>δήμου</span> <span class='ocrx_word' id='word_1_108' title='bbox 1020 2146 1077 2202; x_wconf 74' lang='grc' dir='ltr'>δὲ</span> <span class='ocrx_word' id='word_1_109' title='bbox 1107 2150 1278 2221; x_wconf 73' lang='grc' dir='ltr'>Κῦρον</span> <span class='ocrx_word' id='word_1_110' title='bbox 1310 2149 1409 2200; x_wconf 76' lang='grc' dir='ltr'>τοῦ</span> <span class='ocrx_word' id='word_1_111' title='bbox 1438 2145 1666 2217; x_wconf 89' lang='grc' dir='ltr'>τάχους,</span> 
     </span>
    </p>
   </div>
   <div class='ocr_carea' id='block_1_25' title="bbox 475 2231 1580 2309">
    <p class='ocr_par' dir='ltr' id='par_1_25' title="bbox 475 2231 1580 2309">
     <span class='ocr_line' id='line_1_25' title="bbox 475 2231 1529 2291; baseline -0.005 0"><span class='ocrx_word' id='word_1_112' title='bbox 475 2244 515 2291; x_wconf 81' lang='grc' dir='ltr'><strong>Κ</strong></span> <span class='ocrx_word' id='word_1_113' title='bbox 557 2239 569 2255; x_wconf 67' lang='grc'>⁸</span> <span class='ocrx_word' id='word_1_114' title='bbox 677 2241 699 2251; x_wconf 81' lang='grc'>“’</span> <span class='ocrx_word' id='word_1_115' title='bbox 743 2238 754 2257; x_wconf 89' lang='grc'>’</span> <span class='ocrx_word' id='word_1_116' title='bbox 786 2236 818 2291; x_wconf 79' lang='grc' dir='ltr'>ὰ</span> <span class='ocrx_word' id='word_1_117' title='bbox 969 2236 979 2253; x_wconf 87' lang='grc'><em>’</em></span> <span class='ocrx_word' id='word_1_118' title='bbox 1396 2232 1417 2267; x_wconf 58' lang='grc' dir='ltr'><em>λ</em></span> <span class='ocrx_word' id='word_1_119' title='bbox 1510 2231 1529 2271; x_wconf 51' lang='grc' dir='ltr'>’ν</span> 
     </span>
     <span class='ocr_line' id='line_1_26' title="bbox 520 2232 1580 2309; baseline -0.007 -18"><span class='ocrx_word' id='word_1_120' title='bbox 520 2259 572 2291; x_wconf 86' lang='grc' dir='ltr'>αι</span> <span class='ocrx_word' id='word_1_121' title='bbox 607 2259 736 2291; x_wconf 90' lang='grc' dir='ltr'>ταυτ</span> <span class='ocrx_word' id='word_1_122' title='bbox 822 2237 1163 2309; x_wconf 79' lang='grc' dir='ltr'>νακραξαντει</span> <span class='ocrx_word' id='word_1_123' title='bbox 1194 2234 1246 2289; x_wconf 81' lang='grc' dir='ltr'>ἐν</span> <span class='ocrx_word' id='word_1_124' title='bbox 1278 2232 1580 2309; x_wconf 69' lang='grc' dir='ltr'>παρρησιᾳ,</span> 
     </span>
    </p>
   </div>
   <div class='ocr_carea' id='block_1_26' title="bbox 330 2317 1719 2396">
    <p class='ocr_par' dir='ltr' id='par_1_26' title="bbox 330 2317 1719 2396">
     <span class='ocr_line' id='line_1_27' title="bbox 330 2317 1719 2396; baseline -0.006 -15"><span class='ocrx_word' id='word_1_125' title='bbox 330 2329 438 2382; x_wconf 81' lang='grc'>775</span> <span class='ocrx_word' id='word_1_126' title='bbox 474 2330 884 2386; x_wconf 73' lang='grc' dir='ltr'>Κωνσταντῖνος</span> <span class='ocrx_word' id='word_1_127' title='bbox 920 2327 1013 2396; x_wconf 75' lang='grc' dir='ltr'>μὶν</span> <span class='ocrx_word' id='word_1_128' title='bbox 1047 2322 1223 2377; x_wconf 76' lang='grc' dir='ltr'>ἔκτισε</span> <span class='ocrx_word' id='word_1_129' title='bbox 1250 2321 1377 2396; x_wconf 87' lang='grc' dir='ltr'>πρὶν</span> <span class='ocrx_word' id='word_1_130' title='bbox 1405 2322 1504 2389; x_wconf 81' lang='grc' dir='ltr'>τὴν</span> <span class='ocrx_word' id='word_1_131' title='bbox 1536 2317 1719 2390; x_wconf 89' lang='grc' dir='ltr'>πόλιν,</span> 
     </span>
    </p>
   </div>
   <div class='ocr_carea' id='block_1_27' title="bbox 479 2410 1470 2485">
    <p class='ocr_par' dir='ltr' id='par_1_27' title="bbox 479 2410 1470 2485">
     <span class='ocr_line' id='line_1_28' title="bbox 479 2410 1470 2485; baseline -0.006 -17"><span class='ocrx_word' id='word_1_132' title='bbox 479 2415 720 2468; x_wconf 78' lang='grc' dir='ltr'>’Δνανεοῖ</span> <span class='ocrx_word' id='word_1_133' title='bbox 748 2415 921 2485; x_wconf 70' lang='grc' dir='ltr'>Κῦρος</span> <span class='ocrx_word' id='word_1_134' title='bbox 954 2410 1013 2465; x_wconf 66' lang='grc' dir='ltr'>δὲ</span> <span class='ocrx_word' id='word_1_135' title='bbox 1043 2415 1162 2478; x_wconf 70' lang='grc' dir='ltr'>νῦν,</span> <span class='ocrx_word' id='word_1_136' title='bbox 1191 2411 1470 2484; x_wconf 77' lang='grc' dir='ltr'>προθυμίᾳ</span> 
     </span>
    </p>
   </div>
   <div class='ocr_carea' id='block_1_28' title="bbox 480 2495 1595 2577">
    <p class='ocr_par' dir='ltr' id='par_1_28' title="bbox 480 2495 1595 2577">
     <span class='ocr_line' id='line_1_29' title="bbox 480 2495 1595 2577; baseline -0.004 -21"><span class='ocrx_word' id='word_1_137' title='bbox 480 2498 660 2573; x_wconf 78' lang='grc' dir='ltr'>Ταύτῃ</span> <span class='ocrx_word' id='word_1_138' title='bbox 695 2498 982 2577; x_wconf 73' lang='grc' dir='ltr'>φθονηθεὶς</span> <span class='ocrx_word' id='word_1_139' title='bbox 1013 2497 1248 2553; x_wconf 82' lang='grc' dir='ltr'>ἐκπεσὼν</span> <span class='ocrx_word' id='word_1_140' title='bbox 1276 2504 1401 2566; x_wconf 82' lang='grc' dir='ltr'>τῆνς</span> <span class='ocrx_word' id='word_1_141' title='bbox 1424 2495 1595 2567; x_wconf 78' lang='grc' dir='ltr'>ἀξίας,</span> 
     </span>
    </p>
   </div>
   <div class='ocr_carea' id='block_1_29' title="bbox 477 2581 1663 2661">
    <p class='ocr_par' dir='ltr' id='par_1_29' title="bbox 477 2581 1663 2661">
     <span class='ocr_line' id='line_1_30' title="bbox 477 2581 1663 2661; baseline -0.004 -19"><span class='ocrx_word' id='word_1_142' title='bbox 477 2586 808 2657; x_wconf 77' lang='grc' dir='ltr'>Ἐκκλησίας</span> <span class='ocrx_word' id='word_1_143' title='bbox 836 2584 1097 2661; x_wconf 86' lang='grc' dir='ltr'>πρόεδρος</span> <span class='ocrx_word' id='word_1_144' title='bbox 1128 2581 1280 2661; x_wconf 76' lang='grc' dir='ltr'>ὤφθη</span> <span class='ocrx_word' id='word_1_145' title='bbox 1319 2585 1663 2660; x_wconf 84' lang='grc' dir='ltr'>Σμυρναίων’</span> 
     </span>
    </p>
   </div>
   <div class='ocr_carea' id='block_1_30' title="bbox 472 2672 1613 2751">
    <p class='ocr_par' dir='ltr' id='par_1_30' title="bbox 472 2672 1613 2751">
     <span class='ocr_line' id='line_1_31' title="bbox 472 2672 1613 2751; baseline -0.004 -21"><span class='ocrx_word' id='word_1_146' title='bbox 472 2677 569 2731; x_wconf 82' lang='grc' dir='ltr'>Καὶ</span> <span class='ocrx_word' id='word_1_147' title='bbox 604 2674 945 2750; x_wconf 80' lang='grc' dir='ltr'>Πουλχερίαν</span> <span class='ocrx_word' id='word_1_148' title='bbox 977 2675 1139 2736; x_wconf 80' lang='grc' dir='ltr'>οὗτος</span> <span class='ocrx_word' id='word_1_149' title='bbox 1172 2672 1408 2751; x_wconf 79' lang='grc' dir='ltr'>ἀδελφὴν</span> <span class='ocrx_word' id='word_1_150' title='bbox 1449 2673 1613 2747; x_wconf 82' lang='grc' dir='ltr'>φίλην</span> 
     </span>
    </p>
   </div>
   <div class='ocr_carea' id='block_1_31' title="bbox 328 2758 1560 2839">
    <p class='ocr_par' dir='ltr' id='par_1_31' title="bbox 328 2758 1560 2839">
     <span class='ocr_line' id='line_1_32' title="bbox 328 2758 1560 2839; baseline -0.003 -20"><span class='ocrx_word' id='word_1_151' title='bbox 328 2765 435 2821; x_wconf 84' lang='grc'>780</span> <span class='ocrx_word' id='word_1_152' title='bbox 471 2768 591 2818; x_wconf 89' lang='grc' dir='ltr'>Τῶν</span> <span class='ocrx_word' id='word_1_153' title='bbox 630 2761 921 2839; x_wconf 79' lang='grc' dir='ltr'>βασιλείων</span> <span class='ocrx_word' id='word_1_154' title='bbox 947 2758 1191 2818; x_wconf 73' lang='grc' dir='ltr'>ἐκϐαλὼν</span> <span class='ocrx_word' id='word_1_155' title='bbox 1223 2763 1297 2826; x_wconf 85' lang='grc' dir='ltr'>ὡς</span> <span class='ocrx_word' id='word_1_156' title='bbox 1327 2761 1425 2817; x_wconf 78' lang='grc' dir='ltr'>οὐκ</span> <span class='ocrx_word' id='word_1_157' title='bbox 1455 2758 1560 2816; x_wconf 76' lang='grc' dir='ltr'>ἔδει</span> 
     </span>
    </p>
   </div>
   <div class='ocr_carea' id='block_1_32' title="bbox 471 2849 1580 2926">
    <p class='ocr_par' dir='ltr' id='par_1_32' title="bbox 471 2849 1580 2926">
     <span class='ocr_line' id='line_1_33' title="bbox 471 2849 1580 2926; baseline -0.005 -18"><span class='ocrx_word' id='word_1_158' title='bbox 471 2853 603 2913; x_wconf 86' lang='grc' dir='ltr'>Ταῖς</span> <span class='ocrx_word' id='word_1_159' title='bbox 635 2851 935 2923; x_wconf 73' lang='grc' dir='ltr'>ύποθήκαις</span> <span class='ocrx_word' id='word_1_160' title='bbox 970 2850 1236 2926; x_wconf 81' lang='grc' dir='ltr'>βασκάνου</span> <span class='ocrx_word' id='word_1_161' title='bbox 1267 2849 1580 2926; x_wconf 86' lang='grc' dir='ltr'>Χρυσαφίου</span> 
     </span>
    </p>
   </div>
   <div class='ocr_carea' id='block_1_33' title="bbox 469 2938 1577 3015">
    <p class='ocr_par' dir='ltr' id='par_1_33' title="bbox 469 2938 1577 3015">
     <span class='ocr_line' id='line_1_34' title="bbox 469 2938 1577 3015; baseline -0.005 -18"><span class='ocrx_word' id='word_1_162' title='bbox 469 2942 560 2997; x_wconf 84' lang='grc' dir='ltr'>Ἐν</span> <span class='ocrx_word' id='word_1_163' title='bbox 597 2938 820 3015; x_wconf 76' lang='grc' dir='ltr'>ἑβδόμῳ</span> <span class='ocrx_word' id='word_1_164' title='bbox 846 2939 1059 3010; x_wconf 78' lang='grc' dir='ltr'>τίθησιν</span> <span class='ocrx_word' id='word_1_165' title='bbox 1094 2938 1577 3014; x_wconf 70' lang='grc' dir='ltr'>ἐγκεκλεισμένην,</span> 
     </span>
    </p>
   </div>
   <div class='ocr_carea' id='block_1_34' title="bbox 470 3025 1718 3101">
    <p class='ocr_par' dir='ltr' id='par_1_34' title="bbox 470 3025 1718 3101">
     <span class='ocr_line' id='line_1_35' title="bbox 470 3025 1718 3101; baseline -0.003 -19"><span class='ocrx_word' id='word_1_166' title='bbox 470 3025 770 3101; x_wconf 81' lang='grc' dir='ltr'>Φροντίδος</span> <span class='ocrx_word' id='word_1_167' title='bbox 798 3027 962 3097; x_wconf 78' lang='grc' dir='ltr'>αὐτὴν</span> <span class='ocrx_word' id='word_1_168' title='bbox 993 3028 1336 3089; x_wconf 73' lang='grc' dir='ltr'>καταπαύσας</span> <span class='ocrx_word' id='word_1_169' title='bbox 1357 3026 1718 3101; x_wconf 59' lang='grc' dir='ltr'>πραγμάτων</span> 
     </span>
    </p>
   </div>
   <div class='ocr_carea' id='block_1_35' title="bbox 468 3113 1650 3192">
    <p class='ocr_par' dir='ltr' id='par_1_35' title="bbox 468 3113 1650 3192">
     <span class='ocr_line' id='line_1_36' title="bbox 468 3113 1650 3192; baseline -0.004 -21"><span class='ocrx_word' id='word_1_170' title='bbox 468 3116 646 3178; x_wconf 82' lang='grc' dir='ltr'>Μόλις</span> <span class='ocrx_word' id='word_1_171' title='bbox 681 3113 739 3171; x_wconf 73' lang='grc' dir='ltr'>δὲ</span> <span class='ocrx_word' id='word_1_172' title='bbox 767 3116 937 3177; x_wconf 87' lang='grc' dir='ltr'>συνεὶς</span> <span class='ocrx_word' id='word_1_173' title='bbox 964 3118 1054 3169; x_wconf 84' lang='grc' dir='ltr'>τὸν</span> <span class='ocrx_word' id='word_1_174' title='bbox 1088 3114 1282 3192; x_wconf 81' lang='grc' dir='ltr'>φθόνον</span> <span class='ocrx_word' id='word_1_175' title='bbox 1316 3114 1650 3191; x_wconf 78' lang='grc' dir='ltr'>Χρυσαφίου,</span> 
     </span>
    </p>
   </div>
   <div class='ocr_carea' id='block_1_36' title="bbox 328 3198 1516 3277">
    <p class='ocr_par' dir='ltr' id='par_1_36' title="bbox 328 3198 1516 3277">
     <span class='ocr_line' id='line_1_37' title="bbox 328 3198 1516 3277; baseline -0.004 -16"><span class='ocrx_word' id='word_1_176' title='bbox 328 3207 435 3261; x_wconf 88' lang='grc'>785</span> <span class='ocrx_word' id='word_1_177' title='bbox 470 3205 645 3261; x_wconf 84' lang='grc' dir='ltr'>Αὐτὸν</span> <span class='ocrx_word' id='word_1_178' title='bbox 682 3205 774 3277; x_wconf 71' lang='grc' dir='ltr'>μὲν</span> <span class='ocrx_word' id='word_1_179' title='bbox 806 3203 1076 3277; x_wconf 74' lang='grc' dir='ltr'>ἐξόριστον</span> <span class='ocrx_word' id='word_1_180' title='bbox 1111 3202 1336 3263; x_wconf 82' lang='grc' dir='ltr'>ἐνδίκως</span> <span class='ocrx_word' id='word_1_181' title='bbox 1367 3198 1516 3276; x_wconf 75' lang='grc' dir='ltr'>ἔδρα,</span> 
     </span>
    </p>
   </div>
   <div class='ocr_carea' id='block_1_37' title="bbox 473 3286 1691 3367">
    <p class='ocr_par' dir='ltr' id='par_1_37' title="bbox 473 3286 1691 3367">
     <span class='ocr_line' id='line_1_38' title="bbox 473 3286 1691 3367; baseline -0.004 -17"><span class='ocrx_word' id='word_1_182' title='bbox 473 3294 589 3361; x_wconf 77' lang='grc' dir='ltr'>Τὴν</span> <span class='ocrx_word' id='word_1_183' title='bbox 622 3292 885 3367; x_wconf 84' lang='grc' dir='ltr'>σύγγονον</span> <span class='ocrx_word' id='word_1_184' title='bbox 911 3290 967 3346; x_wconf 77' lang='grc' dir='ltr'>δὶ</span> <span class='ocrx_word' id='word_1_185' title='bbox 996 3286 1326 3365; x_wconf 74' lang='grc' dir='ltr'>προσλαϐὼν</span> <span class='ocrx_word' id='word_1_186' title='bbox 1357 3289 1509 3353; x_wconf 74' lang='grc' dir='ltr'>αὖθις</span> <span class='ocrx_word' id='word_1_187' title='bbox 1541 3292 1691 3362; x_wconf 89' lang='grc' dir='ltr'>νέμει</span> 
     </span>
    </p>
   </div>
   <div class='ocr_carea' id='block_1_38' title="bbox 474 3377 1700 3455">
    <p class='ocr_par' dir='ltr' id='par_1_38' title="bbox 474 3377 1700 3455">
     <span class='ocr_line' id='line_1_39' title="bbox 474 3377 1700 3455; baseline 0 -21"><span class='ocrx_word' id='word_1_188' title='bbox 474 3378 753 3455; x_wconf 81' lang='grc' dir='ltr'>Φροντίδα</span> <span class='ocrx_word' id='word_1_189' title='bbox 780 3385 977 3435; x_wconf 81' lang='grc' dir='ltr'>κοινῶν</span> <span class='ocrx_word' id='word_1_190' title='bbox 1006 3377 1139 3454; x_wconf 81' lang='grc' dir='ltr'>τῇδε</span> <span class='ocrx_word' id='word_1_191' title='bbox 1163 3381 1499 3454; x_wconf 78' lang='grc' dir='ltr'>πραγμάτων</span> <span class='ocrx_word' id='word_1_192' title='bbox 1534 3377 1700 3434; x_wconf 77' lang='grc' dir='ltr'>ὁλων³</span> 
     </span>
    </p>
   </div>
   <div class='ocr_carea' id='block_1_39' title="bbox 470 3467 1451 3542">
    <p class='ocr_par' dir='ltr' id='par_1_39' title="bbox 470 3467 1451 3542">
     <span class='ocr_line' id='line_1_40' title="bbox 470 3467 1451 3542; baseline -0.003 -16"><span class='ocrx_word' id='word_1_193' title='bbox 470 3470 643 3531; x_wconf 76' lang='grc' dir='ltr'>Οὗτος</span> <span class='ocrx_word' id='word_1_194' title='bbox 678 3471 910 3538; x_wconf 81' lang='grc' dir='ltr'>νοσήσας</span> <span class='ocrx_word' id='word_1_195' title='bbox 943 3467 1155 3542; x_wconf 76' lang='grc' dir='ltr'>ἐξέλιπε</span> <span class='ocrx_word' id='word_1_196' title='bbox 1181 3470 1272 3522; x_wconf 87' lang='grc' dir='ltr'>τὸν</span> <span class='ocrx_word' id='word_1_197' title='bbox 1313 3468 1451 3542; x_wconf 80' lang='grc' dir='ltr'>βίον.</span> 
     </span>
    </p>
   </div>
   <div class='ocr_carea' id='block_1_40' title="bbox 472 3556 1718 3632">
    <p class='ocr_par' dir='ltr' id='par_1_40' title="bbox 472 3556 1718 3632">
     <span class='ocr_line' id='line_1_41' title="bbox 472 3556 1718 3632; baseline -0.002 -20"><span class='ocrx_word' id='word_1_198' title='bbox 472 3561 568 3621; x_wconf 78' lang='grc' dir='ltr'>’Ὡς</span> <span class='ocrx_word' id='word_1_199' title='bbox 592 3578 743 3631; x_wconf 80' lang='grc' dir='ltr'>φασι,</span> <span class='ocrx_word' id='word_1_200' title='bbox 780 3556 930 3632; x_wconf 77' lang='grc' dir='ltr'>βιοὺς</span> <span class='ocrx_word' id='word_1_201' title='bbox 960 3558 1293 3626; x_wconf 76' lang='grc' dir='ltr'>πεντήκοντά</span> <span class='ocrx_word' id='word_1_202' title='bbox 1330 3578 1435 3611; x_wconf 94' lang='grc' dir='ltr'>που</span> <span class='ocrx_word' id='word_1_203' title='bbox 1467 3557 1718 3632; x_wconf 72' lang='grc' dir='ltr'>χρόνους,</span> 
     </span>
    </p>
   </div>
   <div class='ocr_carea' id='block_1_41' title="bbox 332 3642 1869 3721">
    <p class='ocr_par' dir='ltr' id='par_1_41' title="bbox 332 3642 1869 3721">
     <span class='ocr_line' id='line_1_42' title="bbox 332 3642 1869 3721; baseline -0.003 -19"><span class='ocrx_word' id='word_1_204' title='bbox 332 3649 441 3703; x_wconf 84' lang='lat'>790</span> <span class='ocrx_word' id='word_1_205' title='bbox 480 3648 607 3710; x_wconf 83' lang='grc' dir='ltr'>Καθ’</span> <span class='ocrx_word' id='word_1_206' title='bbox 639 3645 730 3708; x_wconf 73' lang='grc' dir='ltr'>οὓς</span> <span class='ocrx_word' id='word_1_207' title='bbox 762 3642 957 3721; x_wconf 79' lang='grc' dir='ltr'>σχεδὸν</span> <span class='ocrx_word' id='word_1_208' title='bbox 982 3651 1228 3719; x_wconf 78' lang='grc' dir='ltr'>κατῆρχε</span> <span class='ocrx_word' id='word_1_209' title='bbox 1256 3644 1385 3707; x_wconf 74' lang='grc' dir='ltr'>τοὺς</span> <span class='ocrx_word' id='word_1_210' title='bbox 1418 3646 1653 3720; x_wconf 89' lang='grc' dir='ltr'>χρόνους</span> <span class='ocrx_word' id='word_1_211' title='bbox 1684 3643 1869 3705; x_wconf 84' lang='grc' dir='ltr'>ὅλους.</span> 
     </span>
    </p>
   </div>
   <div class='ocr_carea' id='block_1_42' title="bbox 746 3760 1503 3827">
    <p class='ocr_par' dir='ltr' id='par_1_42' title="bbox 746 3760 1503 3827">
     <span class='ocr_line' id='line_1_43' title="bbox 746 3760 1503 3827; baseline -0.004 -11"><span class='ocrx_word' id='word_1_212' title='bbox 746 3760 1163 3816; x_wconf 83' lang='grc' dir='ltr'>ΜΑΡΚΙΑΝΟΣ</span> <span class='ocrx_word' id='word_1_213' title='bbox 1206 3764 1299 3813; x_wconf 88' lang='lat' dir='ltr'>ET.</span> <span class='ocrx_word' id='word_1_214' title='bbox 1347 3760 1385 3827; x_wconf 70' lang='grc' dir='ltr'>ς</span> <span class='ocrx_word' id='word_1_215' title='bbox 1430 3760 1503 3821; x_wconf 73' lang='grc' dir='ltr'>ς’.</span> 
     </span>
    </p>
   </div>
   <div class='ocr_carea' id='block_1_43' title="bbox 482 3850 1728 3931">
    <p class='ocr_par' dir='ltr' id='par_1_43' title="bbox 482 3850 1728 3931">
     <span class='ocr_line' id='line_1_44' title="bbox 482 3850 1728 3931; baseline -0.003 -20"><span class='ocrx_word' id='word_1_216' title='bbox 482 3863 742 3931; x_wconf 75' lang='grc' dir='ltr'>Σκῆπτρα</span> <span class='ocrx_word' id='word_1_217' title='bbox 776 3850 1082 3928; x_wconf 74' lang='grc' dir='ltr'>μεταϐαίνει</span> <span class='ocrx_word' id='word_1_218' title='bbox 1118 3852 1174 3909; x_wconf 83' lang='grc' dir='ltr'>δέ</span> <span class='ocrx_word' id='word_1_219' title='bbox 1205 3856 1341 3926; x_wconf 88' lang='grc' dir='ltr'>πρὸς</span> <span class='ocrx_word' id='word_1_220' title='bbox 1385 3852 1728 3928; x_wconf 84' lang='grc' dir='ltr'>Πουλχερίαν</span> 
     </span>
    </p>
   </div>
   <div class='ocr_carea' id='block_1_44' title="bbox 482 3941 1782 4020">
    <p class='ocr_par' dir='ltr' id='par_1_44' title="bbox 482 3941 1782 4020">
     <span class='ocr_line' id='line_1_45' title="bbox 482 3941 1782 4020; baseline -0.005 -20"><span class='ocrx_word' id='word_1_221' title='bbox 482 3946 716 4020; x_wconf 89' lang='grc' dir='ltr'>Τρόποις</span> <span class='ocrx_word' id='word_1_222' title='bbox 749 3945 972 4017; x_wconf 74' lang='grc' dir='ltr'>ἀγαθοῖς</span> <span class='ocrx_word' id='word_1_223' title='bbox 1002 3944 1089 3997; x_wconf 81' lang='grc' dir='ltr'>καὶ</span> <span class='ocrx_word' id='word_1_224' title='bbox 1123 3947 1346 4016; x_wconf 84' lang='grc' dir='ltr'>σεμνοῖς</span> <span class='ocrx_word' id='word_1_225' title='bbox 1379 3941 1782 4015; x_wconf 71' lang='grc' dir='ltr'>κοσμουμένην,</span> 
     </span>
    </p>
   </div>
   <div class='ocr_carea' id='block_1_45' title="bbox 479 4027 1587 4106">
    <p class='ocr_par' dir='ltr' id='par_1_45' title="bbox 479 4027 1587 4106">
     <span class='ocr_line' id='line_1_46' title="bbox 479 4027 1587 4106; baseline -0.003 -17"><span class='ocrx_word' id='word_1_226' title='bbox 479 4037 555 4106; x_wconf 71' lang='grc' dir='ltr'>Τῇ</span> <span class='ocrx_word' id='word_1_227' title='bbox 586 4031 631 4089; x_wconf 88' lang='grc' dir='ltr'>δ’</span> <span class='ocrx_word' id='word_1_228' title='bbox 656 4027 902 4104; x_wconf 74' lang='grc' dir='ltr'>εὐσεϐείᾳ</span> <span class='ocrx_word' id='word_1_229' title='bbox 928 4030 1191 4106; x_wconf 88' lang='grc' dir='ltr'>παρθενία</span> <span class='ocrx_word' id='word_1_230' title='bbox 1220 4034 1264 4084; x_wconf 78' lang='grc' dir='ltr'>τ’</span> <span class='ocrx_word' id='word_1_231' title='bbox 1300 4028 1365 4085; x_wconf 76' lang='grc' dir='ltr'>αὗ</span> <span class='ocrx_word' id='word_1_232' title='bbox 1395 4028 1587 4086; x_wconf 86' lang='grc' dir='ltr'>πλέον.</span> 
     </span>
    </p>
   </div>
   <div class='ocr_carea' id='block_1_46' title="bbox 479 4119 1788 4196">
    <p class='ocr_par' dir='ltr' id='par_1_46' title="bbox 479 4119 1788 4196">
     <span class='ocr_line' id='line_1_47' title="bbox 479 4119 1788 4196; baseline -0.004 -17"><span class='ocrx_word' id='word_1_233' title='bbox 479 4124 547 4179; x_wconf 83' lang='grc' dir='ltr'>Ἢ</span> <span class='ocrx_word' id='word_1_234' title='bbox 580 4122 882 4195; x_wconf 78' lang='grc' dir='ltr'>Μαρκιανὸν</span> <span class='ocrx_word' id='word_1_235' title='bbox 916 4119 1083 4196; x_wconf 78' lang='grc' dir='ltr'>ἄνδρα</span> <span class='ocrx_word' id='word_1_236' title='bbox 1111 4120 1352 4195; x_wconf 87' lang='grc' dir='ltr'>χρηστὸν</span> <span class='ocrx_word' id='word_1_237' title='bbox 1376 4120 1505 4183; x_wconf 82' lang='grc' dir='ltr'>τοὺς</span> <span class='ocrx_word' id='word_1_238' title='bbox 1532 4121 1788 4194; x_wconf 86' lang='grc' dir='ltr'>τρόπους,</span> 
     </span>
    </p>
   </div>
   <div class='ocr_carea' id='block_1_47' title="bbox 338 4203 1730 4285">
    <p class='ocr_par' dir='ltr' id='par_1_47' title="bbox 338 4203 1730 4285">
     <span class='ocr_line' id='line_1_48' title="bbox 338 4203 1730 4285; baseline -0.002 -19"><span class='ocrx_word' id='word_1_239' title='bbox 338 4214 449 4269; x_wconf 80' lang='lat'>795</span> <span class='ocrx_word' id='word_1_240' title='bbox 488 4212 716 4284; x_wconf 82' lang='grc' dir='ltr'>Σεμνὸν,</span> <span class='ocrx_word' id='word_1_241' title='bbox 747 4210 1000 4285; x_wconf 81' lang='grc' dir='ltr'>γεραρὸν,</span> <span class='ocrx_word' id='word_1_242' title='bbox 1030 4208 1284 4285; x_wconf 80' lang='grc' dir='ltr'>σώφρονα</span> <span class='ocrx_word' id='word_1_243' title='bbox 1304 4211 1390 4265; x_wconf 80' lang='grc' dir='ltr'>καὶ</span> <span class='ocrx_word' id='word_1_244' title='bbox 1424 4203 1730 4285; x_wconf 77' lang='grc' dir='ltr'>πρεσϐύτην</span> 
     </span>
    </p>
   </div>
   <div class='ocr_carea' id='block_1_48' title="bbox 484 4300 1634 4372">
    <p class='ocr_par' dir='ltr' id='par_1_48' title="bbox 484 4300 1634 4372">
     <span class='ocr_line' id='line_1_49' title="bbox 484 4300 1634 4372; baseline -0.003 -18"><span class='ocrx_word' id='word_1_245' title='bbox 484 4300 577 4355; x_wconf 83' lang='grc' dir='ltr'>Ἐκ</span> <span class='ocrx_word' id='word_1_246' title='bbox 606 4302 948 4372; x_wconf 88' lang='grc' dir='ltr'>στρατιωτῶν</span> <span class='ocrx_word' id='word_1_247' title='bbox 984 4302 1371 4372; x_wconf 82' lang='grc' dir='ltr'>προσκαλεῖται</span> <span class='ocrx_word' id='word_1_248' title='bbox 1401 4300 1634 4372; x_wconf 82' lang='grc' dir='ltr'>ταχέως,</span> 
     </span>
    </p>
   </div>
   <div class='ocr_carea' id='block_1_49' title="bbox 481 4383 1773 4460">
    <p class='ocr_par' dir='ltr' id='par_1_49' title="bbox 481 4383 1773 4460">
     <span class='ocr_line' id='line_1_50' title="bbox 481 4383 1773 4460; baseline -0.002 -20"><span class='ocrx_word' id='word_1_249' title='bbox 481 4386 578 4441; x_wconf 81' lang='grc' dir='ltr'>Καὶ</span> <span class='ocrx_word' id='word_1_250' title='bbox 607 4384 747 4458; x_wconf 81' lang='grc' dir='ltr'>τῷδε</span> <span class='ocrx_word' id='word_1_251' title='bbox 777 4383 942 4455; x_wconf 84' lang='grc' dir='ltr'>δηλοῖ</span> <span class='ocrx_word' id='word_1_252' title='bbox 972 4389 1069 4439; x_wconf 77' lang='grc' dir='ltr'>τοῦ</span> <span class='ocrx_word' id='word_1_253' title='bbox 1098 4386 1411 4460; x_wconf 79' lang='grc' dir='ltr'>κρατάρχου</span> <span class='ocrx_word' id='word_1_254' title='bbox 1455 4386 1547 4440; x_wconf 84' lang='grc' dir='ltr'>τὸν</span> <span class='ocrx_word' id='word_1_255' title='bbox 1584 4385 1773 4460; x_wconf 81' lang='grc' dir='ltr'>μόρον·</span> 
     </span>
    </p>
   </div>
   <div class='ocr_carea' id='block_1_50' title="bbox 481 4471 1697 4552">
    <p class='ocr_par' dir='ltr' id='par_1_50' title="bbox 481 4471 1697 4552">
     <span class='ocr_line' id='line_1_51' title="bbox 481 4471 1697 4552; baseline -0.002 -22"><span class='ocrx_word' id='word_1_256' title='bbox 481 4475 580 4530; x_wconf 85' lang='grc' dir='ltr'>Καὶ</span> <span class='ocrx_word' id='word_1_257' title='bbox 611 4494 793 4552; x_wconf 87' lang='grc' dir='ltr'>φησιν·</span> <span class='ocrx_word' id='word_1_258' title='bbox 830 4471 901 4530; x_wconf 73' lang='grc' dir='ltr'>Εἴ</span> <span class='ocrx_word' id='word_1_259' title='bbox 927 4494 1020 4546; x_wconf 90' lang='grc' dir='ltr'>μοι</span> <span class='ocrx_word' id='word_1_260' title='bbox 1051 4472 1231 4528; x_wconf 86' lang='grc' dir='ltr'>πίστιν</span> <span class='ocrx_word' id='word_1_261' title='bbox 1261 4473 1475 4551; x_wconf 81' lang='grc' dir='ltr'>ἀσφαλῆ</span> <span class='ocrx_word' id='word_1_262' title='bbox 1508 4473 1697 4547; x_wconf 88' lang='grc' dir='ltr'>νέμοις</span> 
     </span>
    </p>
   </div>
   <div class='ocr_carea' id='block_1_51' title="bbox 484 4560 1415 4638">
    <p class='ocr_par' dir='ltr' id='par_1_51' title="bbox 484 4560 1415 4638">
     <span class='ocr_line' id='line_1_52' title="bbox 484 4560 1415 4638; baseline 0 -21"><span class='ocrx_word' id='word_1_263' title='bbox 484 4565 570 4624; x_wconf 75' lang='grc' dir='ltr'>Ὠς</span> <span class='ocrx_word' id='word_1_264' title='bbox 600 4561 887 4636; x_wconf 87' lang='grc' dir='ltr'>παρθενίας</span> <span class='ocrx_word' id='word_1_265' title='bbox 919 4565 1017 4635; x_wconf 84' lang='grc' dir='ltr'>τῇς</span> <span class='ocrx_word' id='word_1_266' title='bbox 1048 4560 1186 4634; x_wconf 81' lang='grc' dir='ltr'>ἐμῇς</span> <span class='ocrx_word' id='word_1_267' title='bbox 1219 4560 1415 4638; x_wconf 81' lang='grc' dir='ltr'>φύλαξ,</span> 
     </span>
    </p>
   </div>
   <div class='ocr_carea' id='block_1_52' title="bbox 334 4650 1534 4727">
    <p class='ocr_par' dir='ltr' id='par_1_52' title="bbox 334 4650 1534 4727">
     <span class='ocr_line' id='line_1_53' title="bbox 334 4650 1534 4727; baseline -0.003 -20"><span class='ocrx_word' id='word_1_268' title='bbox 334 4654 446 4709; x_wconf 89' lang='grc'>800</span> <span class='ocrx_word' id='word_1_269' title='bbox 481 4654 685 4726; x_wconf 75' lang='grc' dir='ltr'>’Πνπερ</span> <span class='ocrx_word' id='word_1_270' title='bbox 717 4651 1024 4725; x_wconf 85' lang='grc' dir='ltr'>καθιέρωσα</span> <span class='ocrx_word' id='word_1_271' title='bbox 1053 4652 1271 4725; x_wconf 85' lang='grc' dir='ltr'>Χριστῷ</span> <span class='ocrx_word' id='word_1_272' title='bbox 1297 4650 1534 4727; x_wconf 76' lang='grc' dir='ltr'>νυμφίῳ,</span> 
     </span>
    </p>
   </div>
   <div class='ocr_carea' id='block_1_53' title="bbox 483 4737 1495 4814">
    <p class='ocr_par' dir='ltr' id='par_1_53' title="bbox 483 4737 1495 4814">
     <span class='ocr_line' id='line_1_54' title="bbox 483 4737 1495 4814; baseline -0.002 -21"><span class='ocrx_word' id='word_1_273' title='bbox 483 4738 670 4813; x_wconf 77' lang='grc' dir='ltr'>Στέψω</span> <span class='ocrx_word' id='word_1_274' title='bbox 702 4738 928 4814; x_wconf 84' lang='grc' dir='ltr'>βασιλέα</span> <span class='ocrx_word' id='word_1_275' title='bbox 954 4759 1012 4793; x_wconf 93' lang='grc' dir='ltr'>σε</span> <span class='ocrx_word' id='word_1_276' title='bbox 1038 4743 1139 4812; x_wconf 80' lang='grc' dir='ltr'>τῇς</span> <span class='ocrx_word' id='word_1_277' title='bbox 1167 4737 1495 4811; x_wconf 73' lang='grc' dir='ltr'>Ῥωμαῖδος,</span> 
     </span>
    </p>
   </div>
   <div class='ocr_carea' id='block_1_54' title="bbox 483 4823 1676 4902">
    <p class='ocr_par' dir='ltr' id='par_1_54' title="bbox 483 4823 1676 4902">
     <span class='ocr_line' id='line_1_55' title="bbox 483 4823 1676 4902; baseline -0.003 -19"><span class='ocrx_word' id='word_1_278' title='bbox 483 4830 594 4885; x_wconf 76' lang='grc' dir='ltr'>Τοῦ</span> <span class='ocrx_word' id='word_1_279' title='bbox 626 4825 672 4882; x_wconf 81' lang='grc' dir='ltr'>δ’</span> <span class='ocrx_word' id='word_1_280' title='bbox 705 4824 769 4882; x_wconf 79' lang='grc' dir='ltr'>αὖ</span> <span class='ocrx_word' id='word_1_281' title='bbox 801 4827 1223 4890; x_wconf 88' lang='grc' dir='ltr'>κατανεύσαντος</span> <span class='ocrx_word' id='word_1_282' title='bbox 1253 4826 1507 4902; x_wconf 76' lang='grc' dir='ltr'>ἀσφαλῶς</span> <span class='ocrx_word' id='word_1_283' title='bbox 1534 4823 1676 4895; x_wconf 77' lang='grc' dir='ltr'>τόδε,</span> 
     </span>
    </p>
   </div>
   <div class='ocr_carea' id='block_1_55' title="bbox 484 4913 1487 4990">
    <p class='ocr_par' dir='ltr' id='par_1_55' title="bbox 484 4913 1487 4990">
     <span class='ocr_line' id='line_1_56' title="bbox 484 4913 1487 4990; baseline -0.004 -19"><span class='ocrx_word' id='word_1_284' title='bbox 484 4914 884 4972; x_wconf 83' lang='grc' dir='ltr'>Μετακαλεῖται</span> <span class='ocrx_word' id='word_1_285' title='bbox 918 4913 1130 4989; x_wconf 84' lang='grc' dir='ltr'>βασιλὶς</span> <span class='ocrx_word' id='word_1_286' title='bbox 1162 4914 1487 4990; x_wconf 83' lang='grc' dir='ltr'>ἀρχιθύτην,</span> 
     </span>
    </p>
   </div>
   <div class='ocr_carea' id='block_1_56' title="bbox 484 5001 1767 5079">
    <p class='ocr_par' dir='ltr' id='par_1_56' title="bbox 484 5001 1767 5079">
     <span class='ocr_line' id='line_1_57' title="bbox 484 5001 1767 5079; baseline -0.004 -19"><span class='ocrx_word' id='word_1_287' title='bbox 484 5005 625 5065; x_wconf 83' lang='grc' dir='ltr'>Τοὺς</span> <span class='ocrx_word' id='word_1_288' title='bbox 653 5003 703 5057; x_wconf 82' lang='grc' dir='ltr'>έν</span> <span class='ocrx_word' id='word_1_289' title='bbox 734 5003 903 5075; x_wconf 88' lang='grc' dir='ltr'>τέλει,</span> <span class='ocrx_word' id='word_1_290' title='bbox 936 5002 1267 5078; x_wconf 87' lang='grc' dir='ltr'>σύγκλητον,</span> <span class='ocrx_word' id='word_1_291' title='bbox 1301 5001 1441 5057; x_wconf 86' lang='grc' dir='ltr'>ἄλλο</span> <span class='ocrx_word' id='word_1_292' title='bbox 1471 5023 1529 5056; x_wconf 90' lang='grc' dir='ltr'>τε</span> <span class='ocrx_word' id='word_1_293' title='bbox 1560 5001 1767 5079; x_wconf 85' lang='grc' dir='ltr'>στίφος,</span> 
     </span>
    </p>
   </div>
   <div class='ocr_carea' id='block_1_57' title="bbox 340 5089 1645 5167">
    <p class='ocr_par' dir='ltr' id='par_1_57' title="bbox 340 5089 1645 5167">
     <span class='ocr_line' id='line_1_58' title="bbox 340 5089 1645 5167; baseline -0.004 -18"><span class='ocrx_word' id='word_1_294' title='bbox 340 5095 451 5149; x_wconf 86' lang='grc'>805</span> <span class='ocrx_word' id='word_1_295' title='bbox 488 5092 587 5145; x_wconf 78' lang='grc' dir='ltr'>Καὶ</span> <span class='ocrx_word' id='word_1_296' title='bbox 618 5093 925 5166; x_wconf 81' lang='grc' dir='ltr'>Μαρκιανὸν</span> <span class='ocrx_word' id='word_1_297' title='bbox 958 5097 1164 5147; x_wconf 88' lang='grc' dir='ltr'>ταινιοῖ</span> <span class='ocrx_word' id='word_1_298' title='bbox 1193 5090 1424 5167; x_wconf 89' lang='grc' dir='ltr'>κράτους</span> <span class='ocrx_word' id='word_1_299' title='bbox 1447 5089 1645 5167; x_wconf 84' lang='grc' dir='ltr'>στέφει,</span> 
     </span>
    </p>
   </div>
   <div class='ocr_carea' id='block_1_58' title="bbox 487 5176 1616 5253">
    <p class='ocr_par' dir='ltr' id='par_1_58' title="bbox 487 5176 1616 5253">
     <span class='ocr_line' id='line_1_59' title="bbox 487 5176 1616 5253; baseline -0.003 -18"><span class='ocrx_word' id='word_1_300' title='bbox 487 5180 587 5235; x_wconf 80' lang='grc' dir='ltr'>Καὶ</span> <span class='ocrx_word' id='word_1_301' title='bbox 616 5181 867 5253; x_wconf 83' lang='grc' dir='ltr'>κράτομα</span> <span class='ocrx_word' id='word_1_302' title='bbox 896 5178 1131 5235; x_wconf 84' lang='grc' dir='ltr'>δείκνσσι</span> <span class='ocrx_word' id='word_1_303' title='bbox 1162 5185 1263 5249; x_wconf 73' lang='grc' dir='ltr'>τῆς</span> <span class='ocrx_word' id='word_1_304' title='bbox 1293 5176 1616 5252; x_wconf 66' lang='grc' dir='ltr'>⁸Ρωμαῖδος,</span> 
     </span>
    </p>
   </div>
   <div class='ocr_carea' id='block_1_59' title="bbox 485 5265 1664 5345">
    <p class='ocr_par' dir='ltr' id='par_1_59' title="bbox 485 5265 1664 5345">
     <span class='ocr_line' id='line_1_60' title="bbox 485 5265 1664 5345; baseline -0.004 -20"><span class='ocrx_word' id='word_1_305' title='bbox 485 5270 579 5340; x_wconf 82' lang='grc' dir='ltr'>Τῷ</span> <span class='ocrx_word' id='word_1_306' title='bbox 610 5265 655 5322; x_wconf 87' lang='grc' dir='ltr'>δ’</span> <span class='ocrx_word' id='word_1_307' title='bbox 684 5267 1031 5343; x_wconf 77' lang='grc' dir='ltr'>αἰχμαλώτῳ</span> <span class='ocrx_word' id='word_1_308' title='bbox 1060 5266 1463 5345; x_wconf 76' lang='grc' dir='ltr'>χρηματίσαντι</span> <span class='ocrx_word' id='word_1_309' title='bbox 1496 5265 1664 5322; x_wconf 86' lang='grc' dir='ltr'>πάλαι</span> 
     </span>
    </p>
   </div>
   <div class='ocr_carea' id='block_1_60' title="bbox 487 5353 1695 5433">
    <p class='ocr_par' dir='ltr' id='par_1_60' title="bbox 487 5353 1695 5433">
     <span class='ocr_line' id='line_1_61' title="bbox 487 5353 1695 5433; baseline -0.002 -22"><span class='ocrx_word' id='word_1_310' title='bbox 487 5356 683 5430; x_wconf 82' lang='grc' dir='ltr'>Θέρους</span> <span class='ocrx_word' id='word_1_311' title='bbox 716 5356 971 5411; x_wconf 78' lang='grc' dir='ltr'>ὑπνοῦντι</span> <span class='ocrx_word' id='word_1_312' title='bbox 1002 5358 1137 5432; x_wconf 89' lang='grc' dir='ltr'>πρὸς</span> <span class='ocrx_word' id='word_1_313' title='bbox 1170 5354 1348 5433; x_wconf 86' lang='grc' dir='ltr'>φλόγα</span> <span class='ocrx_word' id='word_1_314' title='bbox 1375 5357 1474 5425; x_wconf 82' lang='grc' dir='ltr'>τήν</span> <span class='ocrx_word' id='word_1_315' title='bbox 1506 5353 1695 5425; x_wconf 80' lang='grc' dir='ltr'>ἡλίου,</span> 
     </span>
    </p>
   </div>
   <div class='ocr_carea' id='block_1_61' title="bbox 489 5438 1740 5519">
    <p class='ocr_par' dir='ltr' id='par_1_61' title="bbox 489 5438 1740 5519">
     <span class='ocr_line' id='line_1_62' title="bbox 489 5438 1740 5519; baseline 0 -22"><span class='ocrx_word' id='word_1_316' title='bbox 489 5442 594 5498; x_wconf 74' lang='grc' dir='ltr'>Σὺν</span> <span class='ocrx_word' id='word_1_317' title='bbox 624 5443 1009 5519; x_wconf 84' lang='grc' dir='ltr'>αἰχμαλώτοις</span> <span class='ocrx_word' id='word_1_318' title='bbox 1041 5441 1290 5500; x_wconf 88' lang='grc' dir='ltr'>πλείοσιν</span> <span class='ocrx_word' id='word_1_319' title='bbox 1324 5438 1512 5516; x_wconf 78' lang='grc' dir='ltr'>ἕρκους</span> <span class='ocrx_word' id='word_1_320' title='bbox 1557 5443 1740 5517; x_wconf 87' lang='grc' dir='ltr'>μέσον,</span> 
     </span>
    </p>
   </div>
   <div class='ocr_carea' id='block_1_62' title="bbox 346 5530 1443 5609">
    <p class='ocr_par' dir='ltr' id='par_1_62' title="bbox 346 5530 1443 5609">
     <span class='ocr_line' id='line_1_63' title="bbox 346 5530 1443 5609; baseline -0.003 -19"><span class='ocrx_word' id='word_1_321' title='bbox 346 5533 451 5590; x_wconf 78' lang='grc'>810</span> <span class='ocrx_word' id='word_1_322' title='bbox 487 5531 891 5609; x_wconf 76' lang='grc' dir='ltr'>Ἐπιγαταπτάς</span> <span class='ocrx_word' id='word_1_323' title='bbox 925 5533 1076 5595; x_wconf 85' lang='grc' dir='ltr'>ἀετὸς</span> <span class='ocrx_word' id='word_1_324' title='bbox 1110 5533 1261 5587; x_wconf 73' lang='grc' dir='ltr'>σκιὰν</span> <span class='ocrx_word' id='word_1_325' title='bbox 1296 5530 1443 5609; x_wconf 83' lang='grc' dir='ltr'>ἔδρα·</span> 
     </span>
    </p>
   </div>
   <div class='ocr_carea' id='block_1_63' title="bbox 478 5618 1758 5697">
    <p class='ocr_par' dir='ltr' id='par_1_63' title="bbox 478 5618 1758 5697">
     <span class='ocr_line' id='line_1_64' title="bbox 478 5618 1758 5697; baseline -0.004 -18"><span class='ocrx_word' id='word_1_326' title='bbox 478 5622 546 5679; x_wconf 82' lang='grc' dir='ltr'>Ὀ</span> <span class='ocrx_word' id='word_1_327' title='bbox 574 5620 734 5696; x_wconf 71' lang='grc' dir='ltr'>γνοὺς</span> <span class='ocrx_word' id='word_1_328' title='bbox 775 5620 1048 5697; x_wconf 80' lang='grc' dir='ltr'>ἐθνάρχης</span> <span class='ocrx_word' id='word_1_329' title='bbox 1077 5618 1221 5676; x_wconf 78' lang='grc' dir='ltr'>τόνδ’</span> <span class='ocrx_word' id='word_1_330' title='bbox 1242 5622 1281 5676; x_wconf 80' lang='grc' dir='ltr'>’ὁ</span> <span class='ocrx_word' id='word_1_331' title='bbox 1310 5620 1541 5677; x_wconf 84' lang='grc' dir='ltr'>κατένων</span> <span class='ocrx_word' id='word_1_332' title='bbox 1572 5618 1758 5683; x_wconf 82' lang='grc' dir='ltr'>πέδαις</span> 
     </span>
    </p>
   </div>
   <div class='ocr_carea' id='block_1_64' title="bbox 643 5742 1386 5807">
    <p class='ocr_par' dir='ltr' id='par_1_64' title="bbox 643 5742 1386 5807">
     <span class='ocr_line' id='line_1_65' title="bbox 643 5742 1386 5807; baseline -0.001 -3"><span class='ocrx_word' id='word_1_333' title='bbox 643 5746 916 5807; x_wconf 66' lang='lat' dir='ltr'>Pas-non.</span> <span class='ocrx_word' id='word_1_334' title='bbox 966 5742 1074 5805; x_wconf 81' lang='lat' dir='ltr'>Gn.</span> <span class='ocrx_word' id='word_1_335' title='bbox 1125 5742 1386 5805; x_wconf 88' lang='lat' dir='ltr'>CXLIII.</span> 
     </span>
    </p>
   </div>
   <div class='ocr_carea' id='block_1_65' title="bbox 1958 468 3050 541">
    <p class='ocr_par' dir='ltr' id='par_1_65' title="bbox 1958 468 3050 541">
     <span class='ocr_line' id='line_1_66' title="bbox 1958 468 3050 541; baseline -0.005 -15"><span class='ocrx_word' id='word_1_336' title='bbox 1958 474 2014 538; x_wconf 73' lang='grc' dir='ltr'><strong>Α</strong></span> <span class='ocrx_word' id='word_1_337' title='bbox 2044 470 2324 541; x_wconf 90' lang='lat' dir='ltr'>abreptus</span> <span class='ocrx_word' id='word_1_338' title='bbox 2354 469 2550 525; x_wconf 89' lang='lat' dir='ltr'>subito</span> <span class='ocrx_word' id='word_1_339' title='bbox 2574 485 2719 541; x_wconf 91' lang='lat' dir='ltr'>puer</span> <span class='ocrx_word' id='word_1_340' title='bbox 2746 468 2807 522; x_wconf 90' lang='lat' dir='ltr'>in</span> <span class='ocrx_word' id='word_1_341' title='bbox 2839 481 3050 535; x_wconf 91' lang='lat' dir='ltr'>aerem,</span> 
     </span>
    </p>
   </div>
   <div class='ocr_carea' id='block_1_66' title="bbox 2045 547 3523 629">
    <p class='ocr_par' dir='ltr' id='par_1_66' title="bbox 2045 547 3523 629">
     <span class='ocr_line' id='line_1_67' title="bbox 2045 547 3523 629; baseline -0.008 -16"><span class='ocrx_word' id='word_1_342' title='bbox 2045 558 2273 613; x_wconf 89' lang='lat' dir='ltr'>cunctis</span> <span class='ocrx_word' id='word_1_343' title='bbox 2292 558 2713 629; x_wconf 78' lang='lat' dir='ltr'>aspicientibus</span> <span class='ocrx_word' id='word_1_344' title='bbox 2741 554 2963 627; x_wconf 81' lang='lat' dir='ltr'>ingenti</span> <span class='ocrx_word' id='word_1_345' title='bbox 2995 556 3232 623; x_wconf 80' lang='lat' dir='ltr'>stupore</span> <span class='ocrx_word' id='word_1_346' title='bbox 3263 547 3523 620; x_wconf 81' lang='lat' dir='ltr'>percitis,</span> 
     </span>
    </p>
   </div>
   <div class='ocr_carea' id='block_1_67' title="bbox 2042 640 3343 717">
    <p class='ocr_par' dir='ltr' id='par_1_67' title="bbox 2042 640 3343 717">
     <span class='ocr_line' id='line_1_68' title="bbox 2042 640 3343 717; baseline -0.005 -16"><span class='ocrx_word' id='word_1_347' title='bbox 2042 652 2177 717; x_wconf 91' lang='lat' dir='ltr'>post</span> <span class='ocrx_word' id='word_1_348' title='bbox 2205 646 2574 701; x_wconf 80' lang='lat' dir='ltr'>intervallum</span> <span class='ocrx_word' id='word_1_349' title='bbox 2606 645 2905 700; x_wconf 88' lang='lat' dir='ltr'>modicum</span> <span class='ocrx_word' id='word_1_350' title='bbox 2939 642 3127 697; x_wconf 89' lang='lat' dir='ltr'>denuo</span> <span class='ocrx_word' id='word_1_351' title='bbox 3160 640 3343 696; x_wconf 82' lang='lat' dir='ltr'>redux</span> 
     </span>
    </p>
   </div>
   <div class='ocr_carea' id='block_1_68' title="bbox 2041 732 2983 790">
    <p class='ocr_par' dir='ltr' id='par_1_68' title="bbox 2041 732 2983 790">
     <span class='ocr_line' id='line_1_69' title="bbox 2041 732 2983 790; baseline -0.004 0"><span class='ocrx_word' id='word_1_352' title='bbox 2041 735 2186 790; x_wconf 80' lang='lat' dir='ltr'>dixit</span> <span class='ocrx_word' id='word_1_353' title='bbox 2213 735 2498 790; x_wconf 88' lang='lat' dir='ltr'>divinitus</span> <span class='ocrx_word' id='word_1_354' title='bbox 2522 734 2633 789; x_wconf 82' lang='lat' dir='ltr'>sibi</span> <span class='ocrx_word' id='word_1_355' title='bbox 2667 732 2983 789; x_wconf 86' lang='lat' dir='ltr'>revelatum</span> 
     </span>
    </p>
   </div>
   <div class='ocr_carea' id='block_1_69' title="bbox 2043 822 2913 891">
    <p class='ocr_par' dir='ltr' id='par_1_69' title="bbox 2043 822 2913 891">
     <span class='ocr_line' id='line_1_70' title="bbox 2043 822 2913 891; baseline -0.003 -15"><span class='ocrx_word' id='word_1_356' title='bbox 2043 839 2115 877; x_wconf 91' lang='lat' dir='ltr'>ne</span> <span class='ocrx_word' id='word_1_357' title='bbox 2144 822 2445 891; x_wconf 72' lang='lat' dir='ltr'>cruci/iam</span> <span class='ocrx_word' id='word_1_358' title='bbox 2466 839 2569 885; x_wconf 79' lang='lat' dir='ltr'>vox</span> <span class='ocrx_word' id='word_1_359' title='bbox 2599 822 2913 876; x_wconf 79' lang='lat' dir='ltr'>adderetur</span> 
     </span>
    </p>
   </div>
   <div class='ocr_carea' id='block_1_70' title="bbox 2040 908 3103 982">
    <p class='ocr_par' dir='ltr' id='par_1_70' title="bbox 2040 908 3103 982">
     <span class='ocr_line' id='line_1_71' title="bbox 2040 908 3103 982; baseline -0.004 -17"><span class='ocrx_word' id='word_1_360' title='bbox 2040 912 2163 966; x_wconf 91' lang='lat' dir='ltr'>voci</span> <span class='ocrx_word' id='word_1_361' title='bbox 2192 927 2291 982; x_wconf 81' lang='lat' dir='ltr'>pro</span> <span class='ocrx_word' id='word_1_362' title='bbox 2319 912 2474 967; x_wconf 73' lang='lat' dir='ltr'>nobis</span> <span class='ocrx_word' id='word_1_363' title='bbox 2504 911 2743 979; x_wconf 89' lang='lat' dir='ltr'>trisagio</span> <span class='ocrx_word' id='word_1_364' title='bbox 2773 909 2832 963; x_wconf 89' lang='lat' dir='ltr'>in</span> <span class='ocrx_word' id='word_1_365' title='bbox 2866 908 3103 979; x_wconf 89' lang='lat' dir='ltr'>hymno.</span> 
     </span>
    </p>
   </div>
   <div class='ocr_carea' id='block_1_71' title="bbox 2042 994 3219 1069">
    <p class='ocr_par' dir='ltr' id='par_1_71' title="bbox 2042 994 3219 1069">
     <span class='ocr_line' id='line_1_72' title="bbox 2042 994 3219 1069; baseline -0.005 -16"><span class='ocrx_word' id='word_1_366' title='bbox 2042 998 2239 1053; x_wconf 89' lang='lat' dir='ltr'>Proclo</span> <span class='ocrx_word' id='word_1_367' title='bbox 2270 1000 2341 1053; x_wconf 91' lang='lat' dir='ltr'>ad</span> <span class='ocrx_word' id='word_1_368' title='bbox 2370 1014 2655 1069; x_wconf 90' lang='lat' dir='ltr'>supernos</span> <span class='ocrx_word' id='word_1_369' title='bbox 2686 996 2949 1053; x_wconf 88' lang='lat' dir='ltr'>evolante</span> <span class='ocrx_word' id='word_1_370' title='bbox 2979 994 3219 1065; x_wconf 81' lang='lat' dir='ltr'>spiritus</span> 
     </span>
    </p>
   </div>
   <div class='ocr_carea' id='block_1_72' title="bbox 2042 1084 3030 1159">
    <p class='ocr_par' dir='ltr' id='par_1_72' title="bbox 2042 1084 3030 1159">
     <span class='ocr_line' id='line_1_73' title="bbox 2042 1084 3030 1159; baseline -0.005 -18"><span class='ocrx_word' id='word_1_371' title='bbox 2042 1087 2439 1159; x_wconf 82' lang='lat' dir='ltr'>episcopatum</span> <span class='ocrx_word' id='word_1_372' title='bbox 2473 1087 2636 1141; x_wconf 88' lang='lat' dir='ltr'>urbis</span> <span class='ocrx_word' id='word_1_373' title='bbox 2666 1084 3030 1140; x_wconf 81' lang='lat' dir='ltr'>Constantini</span> 
     </span>
    </p>
   </div>
   <div class='ocr_carea' id='block_1_73' title="bbox 2045 1172 3176 1231">
    <p class='ocr_par' dir='ltr' id='par_1_73' title="bbox 2045 1172 3176 1231">
     <span class='ocr_line' id='line_1_74' title="bbox 2045 1172 3176 1231; baseline -0.004 0"><span class='ocrx_word' id='word_1_374' title='bbox 2045 1175 2251 1231; x_wconf 91' lang='lat' dir='ltr'>merito</span> <span class='ocrx_word' id='word_1_375' title='bbox 2273 1176 2523 1231; x_wconf 88' lang='lat' dir='ltr'>obtinuit</span> <span class='ocrx_word' id='word_1_376' title='bbox 2554 1175 2639 1229; x_wconf 87' lang='lat' dir='ltr'>vir</span> <span class='ocrx_word' id='word_1_377' title='bbox 2669 1190 2844 1230; x_wconf 86' lang='lat' dir='ltr'>senex</span> <span class='ocrx_word' id='word_1_378' title='bbox 2870 1172 3176 1229; x_wconf 86' lang='lat' dir='ltr'>Flavianus</span> 
     </span>
    </p>
   </div>
   <div class='ocr_carea' id='block_1_74' title="bbox 2043 1261 3325 1335">
    <p class='ocr_par' dir='ltr' id='par_1_74' title="bbox 2043 1261 3325 1335">
     <span class='ocr_line' id='line_1_75' title="bbox 2043 1261 3325 1335; baseline -0.003 -16"><span class='ocrx_word' id='word_1_379' title='bbox 2043 1281 2321 1319; x_wconf 89' lang='lat' dir='ltr'>sanorum</span> <span class='ocrx_word' id='word_1_380' title='bbox 2356 1263 2617 1319; x_wconf 64' lang='lat' dir='ltr'>Ecclesiae</span> <span class='ocrx_word' id='word_1_381' title='bbox 2645 1264 2985 1335; x_wconf 88' lang='lat' dir='ltr'>dogmatum</span> <span class='ocrx_word' id='word_1_382' title='bbox 3009 1261 3280 1316; x_wconf 86' lang='lat' dir='ltr'>defensor</span> <span class='ocrx_word' id='word_1_383' title='bbox 3310 1276 3325 1314; x_wconf 87' lang='lat'><strong>:</strong></span> 
     </span>
    </p>
   </div>
   <div class='ocr_carea' id='block_1_75' title="bbox 2044 1350 3212 1425">
    <p class='ocr_par' dir='ltr' id='par_1_75' title="bbox 2044 1350 3212 1425">
     <span class='ocr_line' id='line_1_76' title="bbox 2044 1350 3212 1425; baseline -0.003 -17"><span class='ocrx_word' id='word_1_384' title='bbox 2044 1368 2218 1425; x_wconf 87' lang='lat' dir='ltr'>quem</span> <span class='ocrx_word' id='word_1_385' title='bbox 2252 1353 2349 1406; x_wconf 91' lang='lat' dir='ltr'>ubi</span> <span class='ocrx_word' id='word_1_386' title='bbox 2383 1352 2595 1407; x_wconf 91' lang='lat' dir='ltr'>occidit</span> <span class='ocrx_word' id='word_1_387' title='bbox 2616 1351 2875 1407; x_wconf 82' lang='lat' dir='ltr'>calcibus</span> <span class='ocrx_word' id='word_1_388' title='bbox 2899 1350 3212 1405; x_wconf 87' lang='lat' dir='ltr'>Dioscorus</span> 
     </span>
    </p>
   </div>
   <div class='ocr_carea' id='block_1_76' title="bbox 2042 1440 3005 1511">
    <p class='ocr_par' dir='ltr' id='par_1_76' title="bbox 2042 1440 3005 1511">
     <span class='ocr_line' id='line_1_77' title="bbox 2042 1440 3005 1511; baseline -0.002 -15"><span class='ocrx_word' id='word_1_389' title='bbox 2042 1440 2371 1497; x_wconf 80' lang='lat' dir='ltr'>latrocinali</span> <span class='ocrx_word' id='word_1_390' title='bbox 2405 1441 2463 1496; x_wconf 91' lang='lat' dir='ltr'>in</span> <span class='ocrx_word' id='word_1_391' title='bbox 2497 1442 2719 1511; x_wconf 81' lang='lat' dir='ltr'>synodo</span> <span class='ocrx_word' id='word_1_392' title='bbox 2743 1443 3005 1505; x_wconf 89' lang='lat' dir='ltr'>cruenta,</span> 
     </span>
    </p>
   </div>
   <div class='ocr_carea' id='block_1_77' title="bbox 2043 1529 2990 1601">
    <p class='ocr_par' dir='ltr' id='par_1_77' title="bbox 2043 1529 2990 1601">
     <span class='ocr_line' id='line_1_78' title="bbox 2043 1529 2990 1601; baseline -0.001 -17"><span class='ocrx_word' id='word_1_393' title='bbox 2043 1529 2403 1585; x_wconf 68' lang='lat' dir='ltr'>Alexandriae</span> <span class='ocrx_word' id='word_1_394' title='bbox 2437 1530 2649 1601; x_wconf 65' lang='lat' dir='ltr'>praesul</span> <span class='ocrx_word' id='word_1_395' title='bbox 2682 1529 2990 1585; x_wconf 83' lang='lat' dir='ltr'>Anatolius</span> 
     </span>
    </p>
   </div>
   <div class='ocr_carea' id='block_1_78' title="bbox 2042 1618 3254 1690">
    <p class='ocr_par' dir='ltr' id='par_1_78' title="bbox 2042 1618 3254 1690">
     <span class='ocr_line' id='line_1_79' title="bbox 2042 1618 3254 1690; baseline -0.003 -15"><span class='ocrx_word' id='word_1_396' title='bbox 2042 1633 2269 1675; x_wconf 88' lang='lat' dir='ltr'>sacram</span> <span class='ocrx_word' id='word_1_397' title='bbox 2302 1618 2465 1674; x_wconf 89' lang='lat' dir='ltr'>urbis</span> <span class='ocrx_word' id='word_1_398' title='bbox 2495 1618 2664 1690; x_wconf 82' lang='lat' dir='ltr'>regiae</span> <span class='ocrx_word' id='word_1_399' title='bbox 2700 1620 2901 1673; x_wconf 89' lang='lat' dir='ltr'>sedem</span> <span class='ocrx_word' id='word_1_400' title='bbox 2932 1618 3254 1689; x_wconf 86' lang='lat' dir='ltr'>occupavit.</span> 
     </span>
    </p>
   </div>
   <div class='ocr_carea' id='block_1_79' title="bbox 2043 1706 3091 1778">
    <p class='ocr_par' dir='ltr' id='par_1_79' title="bbox 2043 1706 3091 1778">
     <span class='ocr_line' id='line_1_80' title="bbox 2043 1706 3091 1778; baseline 0 -18"><span class='ocrx_word' id='word_1_401' title='bbox 2043 1711 2216 1761; x_wconf 88' lang='lat' dir='ltr'>Porro</span> <span class='ocrx_word' id='word_1_402' title='bbox 2248 1707 2567 1778; x_wconf 84' lang='lat' dir='ltr'>imperator</span> <span class='ocrx_word' id='word_1_403' title='bbox 2593 1706 2702 1761; x_wconf 88' lang='lat' dir='ltr'>iste</span> <span class='ocrx_word' id='word_1_404' title='bbox 2732 1706 3091 1762; x_wconf 87' lang='lat' dir='ltr'>Theodosius</span> 
     </span>
    </p>
   </div>
   <div class='ocr_carea' id='block_1_80' title="bbox 2042 1794 3134 1865">
    <p class='ocr_par' dir='ltr' id='par_1_80' title="bbox 2042 1794 3134 1865">
     <span class='ocr_line' id='line_1_81' title="bbox 2042 1794 3134 1865; baseline 0.001 -17"><span class='ocrx_word' id='word_1_405' title='bbox 2042 1796 2313 1849; x_wconf 84' lang='lat' dir='ltr'>terrestre</span> <span class='ocrx_word' id='word_1_406' title='bbox 2344 1810 2572 1865; x_wconf 90' lang='lat' dir='ltr'>quoque</span> <span class='ocrx_word' id='word_1_407' title='bbox 2605 1811 2840 1849; x_wconf 89' lang='lat' dir='ltr'>murum</span> <span class='ocrx_word' id='word_1_408' title='bbox 2864 1794 3134 1850; x_wconf 85' lang='lat' dir='ltr'>excitavit</span> 
     </span>
    </p>
   </div>
   <div class='ocr_carea' id='block_1_81' title="bbox 1964 1852 3295 1954">
    <p class='ocr_par' dir='ltr' id='par_1_81' title="bbox 1964 1852 3295 1954">
     <span class='ocr_line' id='line_1_82' title="bbox 1964 1852 3295 1954; baseline 0.002 -18"><span class='ocrx_word' id='word_1_409' title='bbox 1964 1852 2011 1917; x_wconf 80' lang='grc' dir='ltr'><strong>Β</strong></span> <span class='ocrx_word' id='word_1_410' title='bbox 2045 1883 2205 1937; x_wconf 87' lang='lat' dir='ltr'>urbis</span> <span class='ocrx_word' id='word_1_411' title='bbox 2237 1900 2269 1937; x_wconf 90' lang='lat' dir='ltr'>a</span> <span class='ocrx_word' id='word_1_412' title='bbox 2298 1852 2630 1939; x_wconf 68' lang='lat' dir='ltr'>Blachernis</span> <span class='ocrx_word' id='word_1_413' title='bbox 2660 1884 2730 1937; x_wconf 78' lang='lat' dir='ltr'>ad</span> <span class='ocrx_word' id='word_1_414' title='bbox 2767 1888 2993 1954; x_wconf 86' lang='lat' dir='ltr'>portam</span> <span class='ocrx_word' id='word_1_415' title='bbox 3024 1886 3295 1950; x_wconf 81' lang='lat' dir='ltr'>Auream,</span> 
     </span>
    </p>
   </div>
   <div class='ocr_carea' id='block_1_82' title="bbox 2044 1970 3226 2043">
    <p class='ocr_par' dir='ltr' id='par_1_82' title="bbox 2044 1970 3226 2043">
     <span class='ocr_line' id='line_1_83' title="bbox 2044 1970 3226 2043; baseline 0.002 -19"><span class='ocrx_word' id='word_1_416' title='bbox 2044 1986 2190 2041; x_wconf 92' lang='lat' dir='ltr'>opus</span> <span class='ocrx_word' id='word_1_417' title='bbox 2220 1970 2276 2025; x_wconf 90' lang='lat' dir='ltr'>id</span> <span class='ocrx_word' id='word_1_418' title='bbox 2311 1986 2541 2026; x_wconf 90' lang='lat' dir='ltr'>menses</span> <span class='ocrx_word' id='word_1_419' title='bbox 2573 1971 2727 2025; x_wconf 90' lang='lat' dir='ltr'>intra</span> <span class='ocrx_word' id='word_1_420' title='bbox 2758 1971 2906 2025; x_wconf 91' lang='lat' dir='ltr'>duos</span> <span class='ocrx_word' id='word_1_421' title='bbox 2938 1987 3226 2043; x_wconf 80' lang='lat' dir='ltr'>peragens</span> 
     </span>
    </p>
   </div>
   <div class='ocr_carea' id='block_1_83' title="bbox 2042 2057 3135 2130">
    <p class='ocr_par' dir='ltr' id='par_1_83' title="bbox 2042 2057 3135 2130">
     <span class='ocr_line' id='line_1_84' title="bbox 2042 2057 3135 2130; baseline 0 -16"><span class='ocrx_word' id='word_1_422' title='bbox 2042 2057 2350 2114; x_wconf 83' lang='lat' dir='ltr'>sedulitate</span> <span class='ocrx_word' id='word_1_423' title='bbox 2376 2062 2431 2114; x_wconf 86' lang='lat' dir='ltr'>et</span> <span class='ocrx_word' id='word_1_424' title='bbox 2457 2059 2651 2114; x_wconf 91' lang='lat' dir='ltr'>studio</span> <span class='ocrx_word' id='word_1_425' title='bbox 2685 2059 2941 2129; x_wconf 67' lang='lat' dir='ltr'>praefecti</span> <span class='ocrx_word' id='word_1_426' title='bbox 2973 2060 3135 2130; x_wconf 83' lang='lat' dir='ltr'>Cyri;</span> 
     </span>
    </p>
   </div>
   <div class='ocr_carea' id='block_1_84' title="bbox 2041 2145 3211 2218">
    <p class='ocr_par' dir='ltr' id='par_1_84' title="bbox 2041 2145 3211 2218">
     <span class='ocr_line' id='line_1_85' title="bbox 2041 2145 3211 2218; baseline 0.002 -18"><span class='ocrx_word' id='word_1_427' title='bbox 2041 2147 2209 2216; x_wconf 86' lang='lat' dir='ltr'>cujus</span> <span class='ocrx_word' id='word_1_428' title='bbox 2241 2146 2537 2203; x_wconf 90' lang='lat' dir='ltr'>demirans</span> <span class='ocrx_word' id='word_1_429' title='bbox 2569 2145 2924 2202; x_wconf 88' lang='lat' dir='ltr'>celeritatem</span> <span class='ocrx_word' id='word_1_430' title='bbox 2959 2147 3211 2218; x_wconf 91' lang='lat' dir='ltr'>populus</span> 
     </span>
    </p>
   </div>
   <div class='ocr_carea' id='block_1_85' title="bbox 2042 2235 3291 2304">
    <p class='ocr_par' dir='ltr' id='par_1_85' title="bbox 2042 2235 3291 2304">
     <span class='ocr_line' id='line_1_86' title="bbox 2042 2235 3291 2304; baseline 0.001 -15"><span class='ocrx_word' id='word_1_431' title='bbox 2042 2239 2211 2304; x_wconf 88' lang='lat' dir='ltr'>atque</span> <span class='ocrx_word' id='word_1_432' title='bbox 2242 2235 2335 2291; x_wconf 90' lang='lat' dir='ltr'>his</span> <span class='ocrx_word' id='word_1_433' title='bbox 2365 2236 2641 2291; x_wconf 85' lang='lat' dir='ltr'>audacter</span> <span class='ocrx_word' id='word_1_434' title='bbox 2671 2235 2866 2290; x_wconf 89' lang='lat' dir='ltr'>verbis</span> <span class='ocrx_word' id='word_1_435' title='bbox 2899 2235 3291 2303; x_wconf 84' lang='lat' dir='ltr'>succlamans,</span> 
     </span>
    </p>
   </div>
   <div class='ocr_carea' id='block_1_86' title="bbox 2040 2324 3344 2395">
    <p class='ocr_par' dir='ltr' id='par_1_86' title="bbox 2040 2324 3344 2395">
     <span class='ocr_line' id='line_1_87' title="bbox 2040 2324 3344 2395; baseline -0.001 -15"><span class='ocrx_word' id='word_1_436' title='bbox 2040 2324 2458 2380; x_wconf 88' lang='lat' dir='ltr'>Constantinus</span> <span class='ocrx_word' id='word_1_437' title='bbox 2493 2325 2695 2380; x_wconf 90' lang='lat' dir='ltr'>urbem</span> <span class='ocrx_word' id='word_1_438' title='bbox 2728 2326 3027 2395; x_wconf 88' lang='lat' dir='ltr'>quondam</span> <span class='ocrx_word' id='word_1_439' title='bbox 3061 2326 3344 2390; x_wconf 91' lang='lat' dir='ltr'>condidit,</span> 
     </span>
    </p>
   </div>
   <div class='ocr_carea' id='block_1_87' title="bbox 2041 2412 3399 2485">
    <p class='ocr_par' dir='ltr' id='par_1_87' title="bbox 2041 2412 3399 2485">
     <span class='ocr_line' id='line_1_88' title="bbox 2041 2412 3399 2485; baseline 0.004 -20"><span class='ocrx_word' id='word_1_440' title='bbox 2041 2412 2221 2481; x_wconf 83' lang='lat' dir='ltr'>Cyrus</span> <span class='ocrx_word' id='word_1_441' title='bbox 2252 2428 2405 2466; x_wconf 89' lang='lat' dir='ltr'>nunc</span> <span class='ocrx_word' id='word_1_442' title='bbox 2436 2417 2712 2479; x_wconf 89' lang='lat' dir='ltr'>renovat;</span> <span class='ocrx_word' id='word_1_443' title='bbox 2738 2413 2919 2482; x_wconf 90' lang='lat' dir='ltr'>hujus</span> <span class='ocrx_word' id='word_1_444' title='bbox 2951 2430 3129 2469; x_wconf 88' lang='lat' dir='ltr'>causa</span> <span class='ocrx_word' id='word_1_445' title='bbox 3153 2414 3399 2485; x_wconf 86' lang='lat' dir='ltr'>plausus</span> 
     </span>
    </p>
   </div>
   <div class='ocr_carea' id='block_1_88' title="bbox 2038 2500 3161 2572">
    <p class='ocr_par' dir='ltr' id='par_1_88' title="bbox 2038 2500 3161 2572">
     <span class='ocr_line' id='line_1_89' title="bbox 2038 2500 3161 2572; baseline 0.003 -19"><span class='ocrx_word' id='word_1_446' title='bbox 2038 2505 2278 2556; x_wconf 87' lang='lat' dir='ltr'>vocatus</span> <span class='ocrx_word' id='word_1_447' title='bbox 2304 2500 2362 2555; x_wconf 88' lang='lat' dir='ltr'>in</span> <span class='ocrx_word' id='word_1_448' title='bbox 2395 2500 2675 2555; x_wconf 89' lang='lat' dir='ltr'>invidiam</span> <span class='ocrx_word' id='word_1_449' title='bbox 2701 2502 2884 2572; x_wconf 89' lang='lat' dir='ltr'>gradu</span> <span class='ocrx_word' id='word_1_450' title='bbox 2928 2502 3161 2569; x_wconf 87' lang='lat' dir='ltr'>excidit,</span> 
     </span>
    </p>
   </div>
   <div class='ocr_carea' id='block_1_89' title="bbox 2039 2589 3367 2661">
    <p class='ocr_par' dir='ltr' id='par_1_89' title="bbox 2039 2589 3367 2661">
     <span class='ocr_line' id='line_1_90' title="bbox 2039 2589 3367 2661; baseline 0.002 -19"><span class='ocrx_word' id='word_1_451' title='bbox 2039 2592 2297 2661; x_wconf 63' lang='lat' dir='ltr'>Smyrna!</span> <span class='ocrx_word' id='word_1_452' title='bbox 2325 2605 2487 2660; x_wconf 70' lang='lat' dir='ltr'>teque</span> <span class='ocrx_word' id='word_1_453' title='bbox 2518 2589 2729 2660; x_wconf 67' lang='lat' dir='ltr'>praesul</span> <span class='ocrx_word' id='word_1_454' title='bbox 2758 2590 2929 2645; x_wconf 86' lang='lat' dir='ltr'>datus</span> <span class='ocrx_word' id='word_1_455' title='bbox 2960 2594 3048 2645; x_wconf 90' lang='lat' dir='ltr'>est</span> <span class='ocrx_word' id='word_1_456' title='bbox 3079 2590 3367 2646; x_wconf 64' lang='lat' dir='ltr'>Ecclesiae.</span> 
     </span>
    </p>
   </div>
   <div class='ocr_carea' id='block_1_90' title="bbox 2041 2676 3273 2733">
    <p class='ocr_par' dir='ltr' id='par_1_90' title="bbox 2041 2676 3273 2733">
     <span class='ocr_line' id='line_1_91' title="bbox 2041 2676 3273 2733; baseline 0.002 -2"><span class='ocrx_word' id='word_1_457' title='bbox 2041 2677 2199 2732; x_wconf 89' lang='lat' dir='ltr'>Idem</span> <span class='ocrx_word' id='word_1_458' title='bbox 2220 2676 2583 2731; x_wconf 87' lang='lat' dir='ltr'>Theodosius</span> <span class='ocrx_word' id='word_1_459' title='bbox 2614 2677 2983 2732; x_wconf 87' lang='lat' dir='ltr'>Pulcheriam</span> <span class='ocrx_word' id='word_1_460' title='bbox 3017 2694 3273 2733; x_wconf 88' lang='lat' dir='ltr'>sororem</span> 
     </span>
    </p>
   </div>
   <div class='ocr_carea' id='block_1_91' title="bbox 2042 2764 3103 2836">
    <p class='ocr_par' dir='ltr' id='par_1_91' title="bbox 2042 2764 3103 2836">
     <span class='ocr_line' id='line_1_92' title="bbox 2042 2764 3103 2836; baseline 0.003 -18"><span class='ocrx_word' id='word_1_461' title='bbox 2042 2764 2219 2836; x_wconf 82' lang='lat' dir='ltr'>regali</span> <span class='ocrx_word' id='word_1_462' title='bbox 2252 2764 2483 2835; x_wconf 80' lang='lat' dir='ltr'>pulsam</span> <span class='ocrx_word' id='word_1_463' title='bbox 2516 2768 2718 2819; x_wconf 88' lang='lat' dir='ltr'>contra</span> <span class='ocrx_word' id='word_1_464' title='bbox 2749 2765 2837 2819; x_wconf 90' lang='lat' dir='ltr'>fas</span> <span class='ocrx_word' id='word_1_465' title='bbox 2868 2764 3103 2836; x_wconf 87' lang='lat' dir='ltr'>palatio,</span> 
     </span>
    </p>
   </div>
   <div class='ocr_carea' id='block_1_92' title="bbox 2042 2851 3120 2924">
    <p class='ocr_par' dir='ltr' id='par_1_92' title="bbox 2042 2851 3120 2924">
     <span class='ocr_line' id='line_1_93' title="bbox 2042 2851 3120 2924; baseline -0.001 -16"><span class='ocrx_word' id='word_1_466' title='bbox 2042 2851 2278 2908; x_wconf 88' lang='lat' dir='ltr'>consilis</span> <span class='ocrx_word' id='word_1_467' title='bbox 2310 2852 2529 2907; x_wconf 88' lang='lat' dir='ltr'>scilicet</span> <span class='ocrx_word' id='word_1_468' title='bbox 2555 2852 2730 2907; x_wconf 82' lang='lat' dir='ltr'>invidi</span> <span class='ocrx_word' id='word_1_469' title='bbox 2754 2853 3120 2924; x_wconf 87' lang='lat' dir='ltr'>Chrysaphii,</span> 
     </span>
    </p>
   </div>
   <div class='ocr_carea' id='block_1_93' title="bbox 2034 2940 3181 3011">
    <p class='ocr_par' dir='ltr' id='par_1_93' title="bbox 2034 2940 3181 3011">
     <span class='ocr_line' id='line_1_94' title="bbox 2034 2940 3181 3011; baseline 0.002 -15"><span class='ocrx_word' id='word_1_470' title='bbox 2034 2940 2216 3011; x_wconf 89' lang='lat' dir='ltr'>jussit</span> <span class='ocrx_word' id='word_1_471' title='bbox 2237 2946 2301 2996; x_wconf 91' lang='lat' dir='ltr'>ut</span> <span class='ocrx_word' id='word_1_472' title='bbox 2332 2942 2532 2996; x_wconf 88' lang='lat' dir='ltr'>clausa</span> <span class='ocrx_word' id='word_1_473' title='bbox 2561 2942 2775 2996; x_wconf 89' lang='lat' dir='ltr'>viveret</span> <span class='ocrx_word' id='word_1_474' title='bbox 2797 2942 2853 2996; x_wconf 90' lang='lat' dir='ltr'>in</span> <span class='ocrx_word' id='word_1_475' title='bbox 2886 2941 3181 2998; x_wconf 84' lang='lat' dir='ltr'>Hebdomo</span> 
     </span>
    </p>
   </div>
   <div class='ocr_carea' id='block_1_94' title="bbox 2041 3029 3179 3101">
    <p class='ocr_par' dir='ltr' id='par_1_94' title="bbox 2041 3029 3179 3101">
     <span class='ocr_line' id='line_1_95' title="bbox 2041 3029 3179 3101; baseline -0.001 -17"><span class='ocrx_word' id='word_1_476' title='bbox 2041 3030 2200 3084; x_wconf 88' lang='lat' dir='ltr'>omni</span> <span class='ocrx_word' id='word_1_477' title='bbox 2232 3029 2564 3101; x_wconf 86' lang='lat' dir='ltr'>reipublicae</span> <span class='ocrx_word' id='word_1_478' title='bbox 2596 3030 2825 3101; x_wconf 90' lang='lat' dir='ltr'>negotio</span> <span class='ocrx_word' id='word_1_479' title='bbox 2858 3030 3179 3087; x_wconf 88' lang='lat' dir='ltr'>abstinens.</span> 
     </span>
    </p>
   </div>
   <div class='ocr_carea' id='block_1_95' title="bbox 2040 3118 3323 3191">
    <p class='ocr_par' dir='ltr' id='par_1_95' title="bbox 2040 3118 3323 3191">
     <span class='ocr_line' id='line_1_96' title="bbox 2040 3118 3323 3191; baseline 0.002 -20"><span class='ocrx_word' id='word_1_480' title='bbox 2040 3118 2145 3172; x_wconf 83' lang='lat' dir='ltr'>Vix</span> <span class='ocrx_word' id='word_1_481' title='bbox 2172 3118 2406 3173; x_wconf 84' lang='lat' dir='ltr'>demum</span> <span class='ocrx_word' id='word_1_482' title='bbox 2440 3119 2659 3173; x_wconf 88' lang='lat' dir='ltr'>invidia</span> <span class='ocrx_word' id='word_1_483' title='bbox 2689 3119 2921 3190; x_wconf 88' lang='lat' dir='ltr'>cognita</span> <span class='ocrx_word' id='word_1_484' title='bbox 2950 3120 3323 3191; x_wconf 83' lang='lat' dir='ltr'>Chrysaphii,</span> 
     </span>
    </p>
   </div>
   <div class='ocr_carea' id='block_1_96' title="bbox 1966 3200 3330 3277">
    <p class='ocr_par' dir='ltr' id='par_1_96' title="bbox 1966 3200 3330 3277">
     <span class='ocr_line' id='line_1_97' title="bbox 1966 3200 3330 3277; baseline 0.004 -18"><span class='ocrx_word' id='word_1_485' title='bbox 1966 3200 2009 3267; x_wconf 88' lang='lat' dir='ltr'>C</span> <span class='ocrx_word' id='word_1_486' title='bbox 2048 3206 2202 3261; x_wconf 89' lang='lat' dir='ltr'>hunc</span> <span class='ocrx_word' id='word_1_487' title='bbox 2227 3207 2461 3277; x_wconf 88' lang='lat' dir='ltr'>quidem</span> <span class='ocrx_word' id='word_1_488' title='bbox 2494 3207 2702 3261; x_wconf 88' lang='lat' dir='ltr'>merito</span> <span class='ocrx_word' id='word_1_489' title='bbox 2739 3207 2911 3263; x_wconf 85' lang='lat' dir='ltr'>trusit</span> <span class='ocrx_word' id='word_1_490' title='bbox 2940 3208 2998 3263; x_wconf 90' lang='lat' dir='ltr'>in</span> <span class='ocrx_word' id='word_1_491' title='bbox 3029 3208 3330 3276; x_wconf 84' lang='lat' dir='ltr'>exsilium;</span> 
     </span>
    </p>
   </div>
   <div class='ocr_carea' id='block_1_97' title="bbox 2037 3296 3006 3365">
    <p class='ocr_par' dir='ltr' id='par_1_97' title="bbox 2037 3296 3006 3365">
     <span class='ocr_line' id='line_1_98' title="bbox 2037 3296 3006 3365; baseline 0.001 -16"><span class='ocrx_word' id='word_1_492' title='bbox 2037 3310 2326 3365; x_wconf 81' lang='lat' dir='ltr'>germanas</span> <span class='ocrx_word' id='word_1_493' title='bbox 2348 3310 2479 3350; x_wconf 91' lang='lat' dir='ltr'>vero</span> <span class='ocrx_word' id='word_1_494' title='bbox 2512 3298 2784 3349; x_wconf 65' lang='lat' dir='ltr'>revocata:</span> <span class='ocrx_word' id='word_1_495' title='bbox 2815 3296 3006 3350; x_wconf 93' lang='lat' dir='ltr'>denuo</span> 
     </span>
    </p>
   </div>
   <div class='ocr_carea' id='block_1_98' title="bbox 2040 3383 3152 3453">
    <p class='ocr_par' dir='ltr' id='par_1_98' title="bbox 2040 3383 3152 3453">
     <span class='ocr_line' id='line_1_99' title="bbox 2040 3383 3152 3453; baseline 0.001 -16"><span class='ocrx_word' id='word_1_496' title='bbox 2040 3398 2335 3437; x_wconf 90' lang='lat' dir='ltr'>summam</span> <span class='ocrx_word' id='word_1_497' title='bbox 2367 3385 2510 3453; x_wconf 88' lang='lat' dir='ltr'>reip.</span> <span class='ocrx_word' id='word_1_498' title='bbox 2544 3383 2859 3453; x_wconf 87' lang='lat' dir='ltr'>regendam</span> <span class='ocrx_word' id='word_1_499' title='bbox 2894 3384 3152 3438; x_wconf 89' lang='lat' dir='ltr'>tradidit.</span> 
     </span>
    </p>
   </div>
   <div class='ocr_carea' id='block_1_99' title="bbox 2042 3470 3230 3542">
    <p class='ocr_par' dir='ltr' id='par_1_99' title="bbox 2042 3470 3230 3542">
     <span class='ocr_line' id='line_1_100' title="bbox 2042 3470 3230 3542; baseline 0 -14"><span class='ocrx_word' id='word_1_500' title='bbox 2042 3474 2174 3541; x_wconf 87' lang='lat' dir='ltr'>Ipse</span> <span class='ocrx_word' id='word_1_501' title='bbox 2203 3477 2518 3541; x_wconf 89' lang='lat' dir='ltr'>occupatus</span> <span class='ocrx_word' id='word_1_502' title='bbox 2547 3471 2749 3527; x_wconf 89' lang='lat' dir='ltr'>morbo</span> <span class='ocrx_word' id='word_1_503' title='bbox 2780 3470 2957 3527; x_wconf 90' lang='lat' dir='ltr'>vitam</span> <span class='ocrx_word' id='word_1_504' title='bbox 2991 3471 3230 3542; x_wconf 90' lang='lat' dir='ltr'>clausit,</span> 
     </span>
    </p>
   </div>
   <div class='ocr_carea' id='block_1_100' title="bbox 2043 3558 3240 3631">
    <p class='ocr_par' dir='ltr' id='par_1_100' title="bbox 2043 3558 3240 3631">
     <span class='ocr_line' id='line_1_101' title="bbox 2043 3558 3240 3631; baseline 0.001 -17"><span class='ocrx_word' id='word_1_505' title='bbox 2043 3575 2250 3627; x_wconf 90' lang='lat' dir='ltr'>annos,</span> <span class='ocrx_word' id='word_1_506' title='bbox 2283 3567 2344 3612; x_wconf 89' lang='lat' dir='ltr'>ut</span> <span class='ocrx_word' id='word_1_507' title='bbox 2372 3558 2559 3625; x_wconf 88' lang='lat' dir='ltr'>aiunt,</span> <span class='ocrx_word' id='word_1_508' title='bbox 2590 3564 2764 3613; x_wconf 89' lang='lat' dir='ltr'>natus</span> <span class='ocrx_word' id='word_1_509' title='bbox 2794 3559 3240 3631; x_wconf 84' lang='lat' dir='ltr'>quinquaginta,</span> 
     </span>
    </p>
   </div>
   <div class='ocr_carea' id='block_1_101' title="bbox 2044 3646 3235 3720">
    <p class='ocr_par' dir='ltr' id='par_1_101' title="bbox 2044 3646 3235 3720">
     <span class='ocr_line' id='line_1_102' title="bbox 2044 3646 3235 3720; baseline 0.003 -19"><span class='ocrx_word' id='word_1_510' title='bbox 2044 3663 2191 3718; x_wconf 90' lang='lat' dir='ltr'>quos</span> <span class='ocrx_word' id='word_1_511' title='bbox 2223 3662 2427 3701; x_wconf 91' lang='lat' dir='ltr'>omnes</span> <span class='ocrx_word' id='word_1_512' title='bbox 2450 3646 2629 3702; x_wconf 84' lang='lat' dir='ltr'>ferme</span> <span class='ocrx_word' id='word_1_513' title='bbox 2657 3647 2845 3719; x_wconf 82' lang='lat' dir='ltr'>exegit</span> <span class='ocrx_word' id='word_1_514' title='bbox 2875 3648 2934 3703; x_wconf 89' lang='lat' dir='ltr'>in</span> <span class='ocrx_word' id='word_1_515' title='bbox 2967 3649 3235 3720; x_wconf 91' lang='lat' dir='ltr'>imperio.</span> 
     </span>
    </p>
   </div>
   <div class='ocr_carea' id='block_1_102' title="bbox 2326 3761 3392 3819">
    <p class='ocr_par' dir='ltr' id='par_1_102' title="bbox 2326 3761 3392 3819">
     <span class='ocr_line' id='line_1_103' title="bbox 2326 3761 3392 3819; baseline 0.003 -5"><span class='ocrx_word' id='word_1_516' title='bbox 2326 3761 2737 3816; x_wconf 83' lang='lat' dir='ltr'>MARCIANUS</span> <span class='ocrx_word' id='word_1_517' title='bbox 2777 3762 2890 3817; x_wconf 85' lang='lat' dir='ltr'>AN.</span> <span class='ocrx_word' id='word_1_518' title='bbox 2934 3763 3006 3818; x_wconf 83' lang='lat' dir='ltr'>VI</span> <span class='ocrx_word' id='word_1_519' title='bbox 3048 3764 3255 3819; x_wconf 87' lang='lat' dir='ltr'>MENS.</span> <span class='ocrx_word' id='word_1_520' title='bbox 3299 3764 3392 3818; x_wconf 84' lang='lat' dir='ltr'>VI.</span> 
     </span>
    </p>
   </div>
   <div class='ocr_carea' id='block_1_103' title="bbox 2046 3858 3327 3927">
    <p class='ocr_par' dir='ltr' id='par_1_103' title="bbox 2046 3858 3327 3927">
     <span class='ocr_line' id='line_1_104' title="bbox 2046 3858 3327 3927; baseline 0 -13"><span class='ocrx_word' id='word_1_521' title='bbox 2046 3858 2278 3914; x_wconf 86' lang='lat' dir='ltr'>Devenit</span> <span class='ocrx_word' id='word_1_522' title='bbox 2306 3862 2501 3913; x_wconf 90' lang='lat' dir='ltr'>autem</span> <span class='ocrx_word' id='word_1_523' title='bbox 2535 3862 2828 3927; x_wconf 89' lang='lat' dir='ltr'>sceptrum</span> <span class='ocrx_word' id='word_1_524' title='bbox 2858 3859 2927 3913; x_wconf 91' lang='lat' dir='ltr'>ad</span> <span class='ocrx_word' id='word_1_525' title='bbox 2961 3858 3327 3914; x_wconf 87' lang='lat' dir='ltr'>Pulcheriam</span> 
     </span>
    </p>
   </div>
   <div class='ocr_carea' id='block_1_104' title="bbox 2047 3945 3261 4019">
    <p class='ocr_par' dir='ltr' id='par_1_104' title="bbox 2047 3945 3261 4019">
     <span class='ocr_line' id='line_1_105' title="bbox 2047 3945 3261 4019; baseline 0 -17"><span class='ocrx_word' id='word_1_526' title='bbox 2047 3948 2309 4002; x_wconf 87' lang='lat' dir='ltr'>moribus</span> <span class='ocrx_word' id='word_1_527' title='bbox 2339 3946 2583 4017; x_wconf 87' lang='lat' dir='ltr'>egregiis</span> <span class='ocrx_word' id='word_1_528' title='bbox 2614 3945 2911 4017; x_wconf 80' lang='lat' dir='ltr'>inclytam,</span> <span class='ocrx_word' id='word_1_529' title='bbox 2939 3948 3038 4001; x_wconf 91' lang='lat' dir='ltr'>sed</span> <span class='ocrx_word' id='word_1_530' title='bbox 3072 3947 3261 4019; x_wconf 86' lang='lat' dir='ltr'>magis</span> 
     </span>
    </p>
   </div>
   <div class='ocr_carea' id='block_1_105' title="bbox 2047 4034 3173 4107">
    <p class='ocr_par' dir='ltr' id='par_1_105' title="bbox 2047 4034 3173 4107">
     <span class='ocr_line' id='line_1_106' title="bbox 2047 4034 3173 4107; baseline 0.002 -18"><span class='ocrx_word' id='word_1_531' title='bbox 2047 4036 2259 4107; x_wconf 87' lang='lat' dir='ltr'>pietate</span> <span class='ocrx_word' id='word_1_532' title='bbox 2289 4034 2349 4088; x_wconf 91' lang='lat' dir='ltr'>in</span> <span class='ocrx_word' id='word_1_533' title='bbox 2379 4034 2562 4089; x_wconf 89' lang='lat' dir='ltr'>Deum</span> <span class='ocrx_word' id='word_1_534' title='bbox 2588 4038 2761 4103; x_wconf 88' lang='lat' dir='ltr'>atque</span> <span class='ocrx_word' id='word_1_535' title='bbox 2791 4034 3130 4105; x_wconf 85' lang='lat' dir='ltr'>virginitate</span> <span class='ocrx_word' id='word_1_536' title='bbox 3160 4054 3173 4091; x_wconf 92' lang='lat'><strong>:</strong></span> 
     </span>
    </p>
   </div>
   <div class='ocr_carea' id='block_1_106' title="bbox 2048 4124 3292 4195">
    <p class='ocr_par' dir='ltr' id='par_1_106' title="bbox 2048 4124 3292 4195">
     <span class='ocr_line' id='line_1_107' title="bbox 2048 4124 3292 4195; baseline 0.002 -16"><span class='ocrx_word' id='word_1_537' title='bbox 2048 4140 2174 4195; x_wconf 75' lang='lat' dir='ltr'>quae</span> <span class='ocrx_word' id='word_1_538' title='bbox 2203 4124 2563 4179; x_wconf 83' lang='lat' dir='ltr'>Marcianum</span> <span class='ocrx_word' id='word_1_539' title='bbox 2596 4124 2742 4179; x_wconf 90' lang='lat' dir='ltr'>bene</span> <span class='ocrx_word' id='word_1_540' title='bbox 2774 4129 3067 4180; x_wconf 87' lang='lat' dir='ltr'>moratum</span> <span class='ocrx_word' id='word_1_541' title='bbox 3098 4126 3292 4181; x_wconf 88' lang='lat' dir='ltr'>virum</span> 
     </span>
    </p>
   </div>
   <div class='ocr_carea' id='block_1_107' title="bbox 2049 4211 3239 4285">
    <p class='ocr_par' dir='ltr' id='par_1_107' title="bbox 2049 4211 3239 4285">
     <span class='ocr_line' id='line_1_108' title="bbox 2049 4211 3239 4285; baseline 0.002 -18"><span class='ocrx_word' id='word_1_542' title='bbox 2049 4212 2351 4285; x_wconf 89' lang='lat' dir='ltr'>pudicum,</span> <span class='ocrx_word' id='word_1_543' title='bbox 2381 4211 2791 4279; x_wconf 88' lang='lat' dir='ltr'>venerabilem,</span> <span class='ocrx_word' id='word_1_544' title='bbox 2815 4214 3015 4283; x_wconf 85' lang='lat' dir='ltr'>etjam</span> <span class='ocrx_word' id='word_1_545' title='bbox 3039 4230 3239 4269; x_wconf 88' lang='lat' dir='ltr'>senem</span> 
     </span>
    </p>
   </div>
   <div class='ocr_carea' id='block_1_108' title="bbox 2046 4299 3104 4356">
    <p class='ocr_par' dir='ltr' id='par_1_108' title="bbox 2046 4299 3104 4356">
     <span class='ocr_line' id='line_1_109' title="bbox 2046 4299 3104 4356; baseline 0 0"><span class='ocrx_word' id='word_1_546' title='bbox 2046 4317 2078 4356; x_wconf 82' lang='grc' dir='ltr'><strong>θ</strong></span> <span class='ocrx_word' id='word_1_547' title='bbox 2108 4300 2313 4356; x_wconf 88' lang='lat' dir='ltr'>castris</span> <span class='ocrx_word' id='word_1_548' title='bbox 2344 4299 2688 4355; x_wconf 84' lang='lat' dir='ltr'>festinanter</span> <span class='ocrx_word' id='word_1_549' title='bbox 2719 4301 2789 4355; x_wconf 89' lang='lat' dir='ltr'>ad</span> <span class='ocrx_word' id='word_1_550' title='bbox 2825 4318 2888 4356; x_wconf 90' lang='lat' dir='ltr'>se</span> <span class='ocrx_word' id='word_1_551' title='bbox 2917 4309 3104 4356; x_wconf 89' lang='lat' dir='ltr'>vocat.</span> 
     </span>
    </p>
   </div>
   <div class='ocr_carea' id='block_1_109' title="bbox 2048 4388 3209 4444">
    <p class='ocr_par' dir='ltr' id='par_1_109' title="bbox 2048 4388 3209 4444">
     <span class='ocr_line' id='line_1_110' title="bbox 2048 4388 3209 4444; baseline 0.001 -1"><span class='ocrx_word' id='word_1_552' title='bbox 2048 4392 2105 4443; x_wconf 91' lang='lat' dir='ltr'>et</span> <span class='ocrx_word' id='word_1_553' title='bbox 2134 4390 2203 4443; x_wconf 92' lang='lat' dir='ltr'>de</span> <span class='ocrx_word' id='word_1_554' title='bbox 2233 4388 2477 4443; x_wconf 71' lang='lat' dir='ltr'>Caesaris</span> <span class='ocrx_word' id='word_1_555' title='bbox 2522 4388 2683 4442; x_wconf 90' lang='lat' dir='ltr'>obitu</span> <span class='ocrx_word' id='word_1_556' title='bbox 2710 4388 3017 4443; x_wconf 89' lang='lat' dir='ltr'>certiorem</span> <span class='ocrx_word' id='word_1_557' title='bbox 3050 4390 3209 4444; x_wconf 82' lang='lat' dir='ltr'>facit.</span> 
     </span>
    </p>
   </div>
   <div class='ocr_carea' id='block_1_110' title="bbox 2049 4475 3475 4549">
    <p class='ocr_par' dir='ltr' id='par_1_110' title="bbox 2049 4475 3475 4549">
     <span class='ocr_line' id='line_1_111' title="bbox 2049 4475 3475 4549; baseline 0 -18"><span class='ocrx_word' id='word_1_558' title='bbox 2049 4477 2200 4531; x_wconf 90' lang='lat' dir='ltr'>Tum</span> <span class='ocrx_word' id='word_1_559' title='bbox 2231 4475 2313 4531; x_wconf 86' lang='lat' dir='ltr'>ait</span> <span class='ocrx_word' id='word_1_560' title='bbox 2344 4492 2356 4531; x_wconf 92' lang='lat'>:</span> <span class='ocrx_word' id='word_1_561' title='bbox 2389 4475 2446 4529; x_wconf 86' lang='lat' dir='ltr'>Si</span> <span class='ocrx_word' id='word_1_562' title='bbox 2478 4475 2713 4546; x_wconf 90' lang='lat' dir='ltr'>quidem</span> <span class='ocrx_word' id='word_1_563' title='bbox 2746 4476 2891 4530; x_wconf 89' lang='lat' dir='ltr'>mihi</span> <span class='ocrx_word' id='word_1_564' title='bbox 2922 4480 3175 4549; x_wconf 90' lang='lat' dir='ltr'>spondes</span> <span class='ocrx_word' id='word_1_565' title='bbox 3210 4477 3475 4543; x_wconf 82' lang='lat' dir='ltr'>ﬁrmiter,</span> 
     </span>
    </p>
   </div>
   <div class='ocr_carea' id='block_1_111' title="bbox 1971 4552 3118 4632">
    <p class='ocr_par' dir='ltr' id='par_1_111' title="bbox 1971 4552 3118 4632">
     <span class='ocr_line' id='line_1_112' title="bbox 1971 4552 3118 4632; baseline 0.002 -15"><span class='ocrx_word' id='word_1_566' title='bbox 1971 4552 2019 4617; x_wconf 89' lang='lat' dir='ltr'><strong>D</strong></span> <span class='ocrx_word' id='word_1_567' title='bbox 2051 4570 2107 4620; x_wconf 91' lang='lat' dir='ltr'>te</span> <span class='ocrx_word' id='word_1_568' title='bbox 2139 4564 2426 4619; x_wconf 88' lang='lat' dir='ltr'>castitatis</span> <span class='ocrx_word' id='word_1_569' title='bbox 2459 4579 2598 4617; x_wconf 66' lang='lat' dir='ltr'>mea:</span> <span class='ocrx_word' id='word_1_570' title='bbox 2639 4564 2941 4618; x_wconf 88' lang='lat' dir='ltr'>custodem</span> <span class='ocrx_word' id='word_1_571' title='bbox 2977 4565 3118 4632; x_wconf 89' lang='lat' dir='ltr'>fore,</span> 
     </span>
    </p>
   </div>
   <div class='ocr_carea' id='block_1_112' title="bbox 2051 4650 3263 4723">
    <p class='ocr_par' dir='ltr' id='par_1_112' title="bbox 2051 4650 3263 4723">
     <span class='ocr_line' id='line_1_113' title="bbox 2051 4650 3263 4723; baseline 0 -16"><span class='ocrx_word' id='word_1_572' title='bbox 2051 4668 2228 4723; x_wconf 90' lang='lat' dir='ltr'>quam</span> <span class='ocrx_word' id='word_1_573' title='bbox 2260 4666 2365 4722; x_wconf 89' lang='lat' dir='ltr'>ego</span> <span class='ocrx_word' id='word_1_574' title='bbox 2392 4650 2622 4705; x_wconf 87' lang='lat' dir='ltr'>Christo</span> <span class='ocrx_word' id='word_1_575' title='bbox 2647 4650 2877 4720; x_wconf 89' lang='lat' dir='ltr'>jambiu</span> <span class='ocrx_word' id='word_1_576' title='bbox 2912 4653 3263 4721; x_wconf 88' lang='lat' dir='ltr'>consecravi,</span> 
     </span>
    </p>
   </div>
   <div class='ocr_carea' id='block_1_113' title="bbox 2055 4737 3232 4807">
    <p class='ocr_par' dir='ltr' id='par_1_113' title="bbox 2055 4737 3232 4807">
     <span class='ocr_line' id='line_1_114' title="bbox 2055 4737 3232 4807; baseline 0.003 -12"><span class='ocrx_word' id='word_1_577' title='bbox 2055 4738 2298 4795; x_wconf 79' lang='lat' dir='ltr'>Romani</span> <span class='ocrx_word' id='word_1_578' title='bbox 2332 4737 2559 4807; x_wconf 90' lang='lat' dir='ltr'>imperii</span> <span class='ocrx_word' id='word_1_579' title='bbox 2590 4738 2895 4793; x_wconf 90' lang='lat' dir='ltr'>dominum</span> <span class='ocrx_word' id='word_1_580' title='bbox 2926 4744 2981 4795; x_wconf 89' lang='lat' dir='ltr'>te</span> <span class='ocrx_word' id='word_1_581' title='bbox 3004 4741 3232 4797; x_wconf 87' lang='lat' dir='ltr'>faciam.</span> 
     </span>
    </p>
   </div>
   <div class='ocr_carea' id='block_1_114' title="bbox 2057 4825 3522 4902">
    <p class='ocr_par' dir='ltr' id='par_1_114' title="bbox 2057 4825 3522 4902">
     <span class='ocr_line' id='line_1_115' title="bbox 2057 4825 3522 4902; baseline 0.003 -21"><span class='ocrx_word' id='word_1_582' title='bbox 2057 4828 2165 4892; x_wconf 90' lang='lat' dir='ltr'>Qui</span> <span class='ocrx_word' id='word_1_583' title='bbox 2193 4830 2504 4898; x_wconf 86' lang='lat' dir='ltr'>postquam</span> <span class='ocrx_word' id='word_1_584' title='bbox 2536 4825 2767 4880; x_wconf 85' lang='lat' dir='ltr'>ﬁrmam</span> <span class='ocrx_word' id='word_1_585' title='bbox 2800 4827 2937 4897; x_wconf 90' lang='lat' dir='ltr'>ejus</span> <span class='ocrx_word' id='word_1_586' title='bbox 2967 4829 3051 4885; x_wconf 89' lang='lat' dir='ltr'>rei</span> <span class='ocrx_word' id='word_1_587' title='bbox 3082 4830 3253 4887; x_wconf 84' lang='lat' dir='ltr'>ﬁdem</span> <span class='ocrx_word' id='word_1_588' title='bbox 3288 4830 3522 4902; x_wconf 89' lang='lat' dir='ltr'>obtulit,</span> 
     </span>
    </p>
   </div>
   <div class='ocr_carea' id='block_1_115' title="bbox 2057 4914 3297 4991">
    <p class='ocr_par' dir='ltr' id='par_1_115' title="bbox 2057 4914 3297 4991">
     <span class='ocr_line' id='line_1_116' title="bbox 2057 4914 3297 4991; baseline 0.002 -19"><span class='ocrx_word' id='word_1_589' title='bbox 2057 4918 2258 4988; x_wconf 89' lang='lat' dir='ltr'>regina</span> <span class='ocrx_word' id='word_1_590' title='bbox 2289 4914 2557 4987; x_wconf 89' lang='lat' dir='ltr'>protinus</span> <span class='ocrx_word' id='word_1_591' title='bbox 2586 4921 2753 4970; x_wconf 89' lang='lat' dir='ltr'>vocat</span> <span class='ocrx_word' id='word_1_592' title='bbox 2782 4918 3297 4991; x_wconf 68' lang='lat' dir='ltr'>archypraesulem,</span> 
     </span>
    </p>
   </div>
   <div class='ocr_carea' id='block_1_116' title="bbox 2060 5006 3371 5077">
    <p class='ocr_par' dir='ltr' id='par_1_116' title="bbox 2060 5006 3371 5077">
     <span class='ocr_line' id='line_1_117' title="bbox 2060 5006 3371 5077; baseline 0.004 -17"><span class='ocrx_word' id='word_1_593' title='bbox 2060 5006 2461 5076; x_wconf 84' lang='lat' dir='ltr'>magistratus,</span> <span class='ocrx_word' id='word_1_594' title='bbox 2495 5008 2783 5074; x_wconf 82' lang='lat' dir='ltr'>senatum,</span> <span class='ocrx_word' id='word_1_595' title='bbox 2818 5006 3112 5077; x_wconf 89' lang='lat' dir='ltr'>aliamque</span> <span class='ocrx_word' id='word_1_596' title='bbox 3141 5010 3371 5065; x_wconf 85' lang='lat' dir='ltr'>turbam</span> 
     </span>
    </p>
   </div>
   <div class='ocr_carea' id='block_1_117' title="bbox 2059 5092 3350 5164">
    <p class='ocr_par' dir='ltr' id='par_1_117' title="bbox 2059 5092 3350 5164">
     <span class='ocr_line' id='line_1_118' title="bbox 2059 5092 3350 5164; baseline 0.002 -15"><span class='ocrx_word' id='word_1_597' title='bbox 2059 5093 2534 5161; x_wconf 86' lang='lat' dir='ltr'>Marcianumque</span> <span class='ocrx_word' id='word_1_598' title='bbox 2564 5092 2799 5148; x_wconf 88' lang='lat' dir='ltr'>redimit</span> <span class='ocrx_word' id='word_1_599' title='bbox 2828 5094 2987 5164; x_wconf 92' lang='lat' dir='ltr'>regni</span> <span class='ocrx_word' id='word_1_600' title='bbox 3019 5100 3350 5164; x_wconf 89' lang='lat' dir='ltr'>stemmate,</span> 
     </span>
    </p>
   </div>
   <div class='ocr_carea' id='block_1_118' title="bbox 2063 5181 3189 5251">
    <p class='ocr_par' dir='ltr' id='par_1_118' title="bbox 2063 5181 3189 5251">
     <span class='ocr_line' id='line_1_119' title="bbox 2063 5181 3189 5251; baseline 0.003 -14"><span class='ocrx_word' id='word_1_601' title='bbox 2063 5186 2121 5237; x_wconf 90' lang='lat' dir='ltr'>et</span> <span class='ocrx_word' id='word_1_602' title='bbox 2141 5185 2537 5236; x_wconf 85' lang='lat' dir='ltr'>Romanorum</span> <span class='ocrx_word' id='word_1_603' title='bbox 2570 5181 2984 5251; x_wconf 89' lang='lat' dir='ltr'>imperatorem</span> <span class='ocrx_word' id='word_1_604' title='bbox 3015 5194 3189 5240; x_wconf 88' lang='lat' dir='ltr'>creat.</span> 
     </span>
    </p>
   </div>
   <div class='ocr_carea' id='block_1_119' title="bbox 2065 5269 3079 5340">
    <p class='ocr_par' dir='ltr' id='par_1_119' title="bbox 2065 5269 3079 5340">
     <span class='ocr_line' id='line_1_120' title="bbox 2065 5269 3079 5340; baseline 0.002 -15"><span class='ocrx_word' id='word_1_605' title='bbox 2065 5270 2213 5325; x_wconf 88' lang='lat' dir='ltr'>Huic</span> <span class='ocrx_word' id='word_1_606' title='bbox 2246 5270 2381 5324; x_wconf 90' lang='lat' dir='ltr'>olim</span> <span class='ocrx_word' id='word_1_607' title='bbox 2417 5269 2643 5340; x_wconf 88' lang='lat' dir='ltr'>captivo</span> <span class='ocrx_word' id='word_1_608' title='bbox 2676 5286 2741 5323; x_wconf 88' lang='lat' dir='ltr'>ac</span> <span class='ocrx_word' id='word_1_609' title='bbox 2763 5270 3079 5328; x_wconf 90' lang='lat' dir='ltr'>dormienti</span> 
     </span>
    </p>
   </div>
   <div class='ocr_carea' id='block_1_120' title="bbox 2068 5357 3283 5430">
    <p class='ocr_par' dir='ltr' id='par_1_120' title="bbox 2068 5357 3283 5430">
     <span class='ocr_line' id='line_1_121' title="bbox 2068 5357 3283 5430; baseline 0.002 -17"><span class='ocrx_word' id='word_1_610' title='bbox 2068 5375 2201 5413; x_wconf 91' lang='lat' dir='ltr'>cum</span> <span class='ocrx_word' id='word_1_611' title='bbox 2236 5358 2365 5413; x_wconf 86' lang='lat' dir='ltr'>aliis</span> <span class='ocrx_word' id='word_1_612' title='bbox 2397 5357 2754 5428; x_wconf 84' lang='lat' dir='ltr'>concaptivis</span> <span class='ocrx_word' id='word_1_613' title='bbox 2786 5357 2844 5412; x_wconf 91' lang='lat' dir='ltr'>in</span> <span class='ocrx_word' id='word_1_614' title='bbox 2873 5364 3038 5430; x_wconf 88' lang='lat' dir='ltr'>septo</span> <span class='ocrx_word' id='word_1_615' title='bbox 3070 5360 3283 5429; x_wconf 90' lang='lat' dir='ltr'>medio,</span> 
     </span>
    </p>
   </div>
   <div class='ocr_carea' id='block_1_121' title="bbox 2072 5444 3096 5515">
    <p class='ocr_par' dir='ltr' id='par_1_121' title="bbox 2072 5444 3096 5515">
     <span class='ocr_line' id='line_1_122' title="bbox 2072 5444 3096 5515; baseline 0 -13"><span class='ocrx_word' id='word_1_616' title='bbox 2072 5446 2298 5502; x_wconf 70' lang='lat' dir='ltr'>aestivas</span> <span class='ocrx_word' id='word_1_617' title='bbox 2330 5444 2452 5501; x_wconf 91' lang='lat' dir='ltr'>sole</span> <span class='ocrx_word' id='word_1_618' title='bbox 2477 5445 2774 5515; x_wconf 89' lang='lat' dir='ltr'>jaculante</span> <span class='ocrx_word' id='word_1_619' title='bbox 2808 5447 3096 5512; x_wconf 88' lang='lat' dir='ltr'>ﬂammas,</span> 
     </span>
    </p>
   </div>
   <div class='ocr_carea' id='block_1_122' title="bbox 2076 5533 3196 5605">
    <p class='ocr_par' dir='ltr' id='par_1_122' title="bbox 2076 5533 3196 5605">
     <span class='ocr_line' id='line_1_123' title="bbox 2076 5533 3196 5605; baseline 0.002 -16"><span class='ocrx_word' id='word_1_620' title='bbox 2076 5534 2355 5590; x_wconf 90' lang='lat' dir='ltr'>advolans</span> <span class='ocrx_word' id='word_1_621' title='bbox 2387 5533 2584 5605; x_wconf 89' lang='lat' dir='ltr'>aquila</span> <span class='ocrx_word' id='word_1_622' title='bbox 2614 5535 2883 5590; x_wconf 90' lang='lat' dir='ltr'>umbram</span> <span class='ocrx_word' id='word_1_623' title='bbox 2918 5535 3196 5605; x_wconf 65' lang='lat' dir='ltr'>praebuit:</span> 
     </span>
    </p>
   </div>
   <div class='ocr_carea' id='block_1_123' title="bbox 2079 5621 3505 5700">
    <p class='ocr_par' dir='ltr' id='par_1_123' title="bbox 2079 5621 3505 5700">
     <span class='ocr_line' id='line_1_124' title="bbox 2079 5621 3505 5700; baseline 0.005 -22"><span class='ocrx_word' id='word_1_624' title='bbox 2079 5623 2233 5694; x_wconf 89' lang='lat' dir='ltr'>quod</span> <span class='ocrx_word' id='word_1_625' title='bbox 2266 5636 2399 5677; x_wconf 92' lang='lat' dir='ltr'>cum</span> <span class='ocrx_word' id='word_1_626' title='bbox 2433 5621 2706 5678; x_wconf 87' lang='lat' dir='ltr'>rescisset</span> <span class='ocrx_word' id='word_1_627' title='bbox 2729 5622 3003 5678; x_wconf 91' lang='lat' dir='ltr'>dominus</span> <span class='ocrx_word' id='word_1_628' title='bbox 3033 5622 3213 5692; x_wconf 87' lang='lat' dir='ltr'>hujus</span> <span class='ocrx_word' id='word_1_629' title='bbox 3243 5624 3505 5700; x_wconf 87' lang='lat' dir='ltr'>regulus,</span> 
     </span>
    </p>
   </div>
   <div class='ocr_carea' id='block_1_124' title="bbox 3358 5745 3398 5800">
    <p class='ocr_par' dir='ltr' id='par_1_124' title="bbox 3358 5745 3398 5800">
     <span class='ocr_line' id='line_1_125' title="bbox 3358 5745 3398 5800; baseline 0 0"><span class='ocrx_word' id='word_1_630' title='bbox 3358 5745 3398 5800; x_wconf 83' lang='lat'><strong><em>2</em></strong></span> 
     </span>
    </p>
   </div>
   <div class='ocr_carea' id='block_1_125' title="bbox 3608 332 3678 387">
    <p class='ocr_par' dir='ltr' id='par_1_125' title="bbox 3608 332 3678 387">
     <span class='ocr_line' id='line_1_126' title="bbox 3608 332 3678 387; baseline 0 0"><span class='ocrx_word' id='word_1_631' title='bbox 3608 332 3678 387; x_wconf 67' lang='grc'>42</span> 
     </span>
    </p>
   </div>
  </div>
