4154 6304
488 401 553 455 43
1694 398 2058 453 ΕΡΗῑὶλΕΜΠ
2103 398 2128 450 ε

1694 398 2058 453 ΕΡΗῑὶιΕΜΠ
2103 398 2437 457 CHRONOC'
2449 403 2668 455 RAPHI

477 524 750 578 eumdem
783 522 1029 578 liberum
1059 523 1287 577 remisit
1318 522 1373 576 in
1406 522 1655 593 patriam

478 612 603 667 Duo
636 628 866 683 quoque
890 614 1097 667 fratres
1130 612 1284 667 idem
1319 611 1652 682 prodigium

480 701 785 772 perspicue
812 702 1081 755 viderunt
1108 701 1164 754 in
1202 699 1383 770 Lycia:
1421 697 1736 769 provincia,

481 790 659 860 hique
693 790 978 845 Marciano
1010 789 1323 860 praedixere
1349 787 1683 858 imperium.

484 880 579 934 Sic
609 879 718 933 iste
740 878 965 949 accepit
993 878 1188 932 omina
1220 878 1513 948 potentiae.

482 967 791 1022 Pulcheria
818 984 950 1022 vero
984 966 1272 1038 publicam
1308 981 1428 1020 rem
1462 979 1691 1035 gerens,

483 1060 541 1111 et
570 1072 701 1111 cum
735 1054 1024 1110 Marciano
1059 1054 1219 1126 regni
1253 1070 1423 1108 curas
1455 1052 1737 1122 partiens,

485 1146 701 1200 mirum
733 1146 790 1198 in
816 1144 1154 1199 Blachernis
1186 1148 1359 1213 atque
1390 1139 1845 1211 incomparabile

479 1241 702 1311 Virgini
730 1241 899 1296 Matri
928 1240 1213 1311 templum
1242 1238 1531 1293 excitavit.

481 1331 744 1400 Cumque
776 1330 967 1384 Romae
999 1330 1208 1383 veteris
1240 1344 1388 1397 papa
1418 1330 1571 1381 esset
1604 1327 1714 1380 Leo

481 1435 642 1475 novae
674 1422 866 1473 autem
895 1416 1105 1488 praesul
1137 1415 1461 1484 Anatolius,

483 1508 635 1578 quod
662 1508 972 1562 Dioscorus
1003 1510 1303 1576 patrarant
1333 1510 1507 1574 atque
1540 1502 1823 1572 Eutyches

482 1601 682 1651 contra
716 1610 991 1665 magnum
1032 1594 1367 1648 Flavianum
1400 1608 1571 1663 grave
1605 1592 1829 1646 facinus

484 1702 555 1740 ne
587 1686 826 1756 impune
857 1685 1020 1750 foret,
1050 1683 1367 1752 imperator
1396 1686 1484 1736 est
1514 1686 1767 1750 rogatus.

481 1775 731 1842 Jamque
764 1772 1052 1843 synodum
1085 1770 1348 1825 contrahi
1372 1771 1610 1839 jussum
1645 1768 1836 1823 fuerat

485 1862 763 1917 Marciani
796 1861 982 1915 edicto
1015 1876 1078 1914 ac
1111 1859 1443 1913 Pulcheriee.

483 1949 1000 2022 philochristorum
1035 1963 1231 2017 regum
1258 1947 1487 2018 piorum
1501 1987 1513 1998 .

483 2040 631 2110 Ergo
663 2039 722 2093 in
757 2038 898 2092 urbe
930 2036 1291 2091 Chalcedone
1321 2036 1605 2089 divinitus

481 2127 734 2197 theologi
769 2127 964 2181 Patres
987 2128 1380 2179 convenerunt

480 2216 737 2272 sexcenti
772 2232 901 2269 cum
936 2214 1177 2285 triginta
1197 2212 1547 2283 congregati.

479 2306 583 2359 His
616 2308 860 2375 praeerat
890 2308 1081 2357 Romae
1113 2302 1359 2356 senioris
1389 2302 1497 2355 Leo

481 2409 757 2463 novaque
785 2391 1087 2446 Anatolius
1119 2391 1252 2445 dius
1282 2389 1587 2460 episcopus

482 2487 538 2536 et
562 2480 862 2537 Juvenalis
895 2480 1086 2535 Sionis
1122 2484 1369 2533 sanctae:

481 2570 662 2641 hique
695 2570 1053 2624 damnarunt
1087 2566 1289 2621 merito
1317 2566 1662 2620 Dioscorum

484 2676 615 2714 cum
642 2658 949 2729 Eutychete
971 2660 1171 2712 contra
1200 2671 1373 2710 suum
1393 2669 1599 2707 nomen
1633 2651 1868 2719 misero,

482 2748 582 2820 qui
614 2762 981 2817 nequaquam
1016 2746 1161 2799 duas
1186 2741 1397 2797 Christi
1429 2747 1690 2808 naturas,

481 2836 581 2891 sed
616 2849 791 2888 unam
822 2832 999 2902 impie
1032 2831 1286 2900 falsoque
1315 2830 1709 2885 afﬁrmabant.

481 2933 629 2987 Tum
663 2931 800 3002 quia
831 2929 1122 2985 contraria
1152 2928 1521 2998 impudenter
1555 2926 1726 2980 factio

480 3019 949 3074 calumniabatur
972 3022 1185 3071 temere
1218 3016 1568 3071 orthodoxos

480 3109 648 3179 quasi
680 3107 927 3162 Nestorii
959 3106 1094 3160 vitio
1125 3106 1477 3169 laborantes,

482 3197 621 3251 dum
657 3196 807 3250 hanc
841 3196 910 3249 de
942 3194 1172 3250 Christo
1206 3192 1558 3248 sententiam
1590 3194 1876 3261 gererent,

485 3285 637 3356 quod
668 3284 812 3337 duas
846 3288 1085 3338 naturas
1118 3282 1400 3352 perfectas
1431 3280 1789 3347 inconfusas,

486 3373 595 3427 sub
627 3388 744 3426 una
766 3371 1001 3440 junctas
1041 3376 1233 3425 tamen
1268 3386 1514 3441 persona
1543 3369 1851 3435 habuerit;

488 3460 562 3513 ab
594 3459 930 3515 orthodoxis
956 3458 1356 3528 hrereticisque
1380 3456 1555 3511 simul

492 3547 704 3618 duplex
733 3547 983 3601 confessi
1015 3546 1277 3617 protinus
1310 3544 1731 3611 conscribitur;

489 3637 714 3707 hasque
740 3635 933 3707 sigillo
966 3636 1143 3705 probe
1170 3634 1562 3688 communitas

487 3725 547 3778 in
582 3742 716 3779 arca
746 3724 1026 3778 claudunt
1057 3740 1356 3777 sacrarum
1390 3722 1770 3792 reliquiarum

489 3813 690 3881 puellae
725 3812 996 3883 martyris
1022 3812 1201 3865 beata:
1234 3812 1589 3883 Euphemim.

487 3911 626 3965 Post
657 3910 895 3965 tertiam
928 3910 1081 3963 diem
1116 3909 1385 3979 precibus
1418 3910 1670 3979 peractis

489 3999 715 4053 cunctis
747 3998 1075 4068 sepulcrum
1111 4003 1313 4067 patens
1346 3993 1937 4063 circumsistentibus,

492 4088 761 4142 adstante
794 4087 966 4142 etiam
999 4103 1131 4141 cum
1165 4086 1435 4140 Patribus
1467 4090 1709 4149 Caesare,

488 4176 543 4245 (ο
576 4177 1012 4240 admirandum,
1042 4175 1265 4229 Christe
1288 4175 1387 4243 mi,
1416 4174 1744 4244 prodigium
1770 4174 1809 4243 l)

489 4265 892 4319 hmreticorum
926 4264 1164 4333 quidem
1198 4263 1440 4317 scelesto
1452 4280 1511 4315 ru
1524 4279 1577 4315 m
1602 4262 1747 4317 liber

486 4352 759 4420 martyris
792 4353 1081 4422 projectus
1114 4353 1181 4405 ad
1219 4351 1392 4421 pedes
1422 4350 1611 4404 fuerat
1643 4368 1657 4417 ;

486 4447 544 4495 at
564 4441 893 4495 orthodoxae
930 4440 1060 4494 ﬁdei
1093 4438 1355 4493 libellum

485 4529 615 4585 diva
646 4528 769 4584 suis
804 4529 1080 4584 manibus
1116 4527 1357 4581 firmiter
1383 4528 1651 4590 tenebat;

485 4617 666 4687 idque
701 4618 968 4688 regnanti
1004 4633 1067 4671 ac
1102 4614 1447 4686 patriarcha:
1475 4615 1685 4669 obtulit

486 4706 686 4760 dextra
717 4707 787 4760 ad
815 4722 912 4760 eos
935 4709 1229 4776 protensa.
1265 4704 1431 4772 (Proh
1468 4702 1815 4757 miraculum
1844 4703 1882 4771 ί)

486 4807 624 4859 Post
655 4803 772 4857 haec
805 4803 1007 4873 regina
1037 4801 1328 4855 derelictis
1359 4801 1529 4855 terris
1580 4844 1583 4847 ν

488 4893 654 4947 sedes
678 4892 746 4947 ad
780 4891 1043 4946 ccclestes
1076 4888 1308 4944 transiit
1338 4889 1665 4954 Pulcheria,

492 4997 622 5051 quae
654 4981 799 5035 bene
831 4978 1270 5047 orthodoxaque
1292 4993 1421 5031 cum
1455 4978 1665 5047 pietate

496 5070 731 5137 vixerat,
764 5082 981 5139 sponso
1008 5065 1229 5136 optimo
1263 5065 1633 5120 subserviens

491 5158 718 5213 Christo
751 5157 808 5211 in
834 5154 1178 5210 castimonia
1209 5154 1496 5225 rectisque
1522 5154 1795 5225 operibus

492 5246 857 5317 splendidam
890 5242 1242 5312 virginitatis
1270 5241 1429 5296 alens
1462 5241 1813 5312 lampadem.

488 5336 631 5389 Dein
663 5332 996 5387 Marcianus
1029 5345 1258 5400 quoque
1287 5337 1531 5384 mortem
1563 5330 1705 5385 obiit

489 5438 663 5477 senex
687 5423 810 5490 jam
846 5419 1214 5491 grandaevus,
1250 5435 1347 5474 rex
1379 5418 1667 5487 amabilis,

489 5511 644 5566 bona
674 5525 862 5577 mens,
897 5506 1055 5561 mitis
1088 5506 1324 5561 animus
1355 5511 1409 5561 et
1430 5507 1755 5576 jucundus.

488 5599 595 5655 llic
619 5596 879 5668 auspicio
909 5594 1104 5650 divino
1136 5595 1208 5649 ad
1241 5594 1554 5665 imperium
1585 5598 1844 5667 venerat,

493 5703 680 5761 eoque
710 5703 810 5744 sex
841 5685 1022 5741 ferme
1046 5684 1217 5740 annis
1238 5684 1562 5756 perfruitus
1591 5688 1700 5754 est,

2143 522 2193 587 A

2402 524 2635 599 Ἀφῆκεν
2670 525 2827 579 αὐτὸν
2854 527 2988 600 πρὸς
3020 523 3235 600 πατρίδ’
3270 526 3507 583 ἀπιέναι.

2402 613 2561 666 Τοῦτ’
2590 613 2722 666 αὐτὸ
2752 612 2913 667 πάλιν
2945 614 3032 667 καὶ
3064 612 3189 675 δυάς
3213 636 3295 676 τις
3328 614 3595 688 συγγόνων

2401 700 2623 756 Κατεῖδε
2656 707 2836 779 σαφῶς
2869 702 2919 757 ἐν
2946 704 3136 775 θέματι
3170 703 3395 772 Λυκίας,

2258 790 2365 844 815
2401 794 2470 844 ’Ἥ
2497 790 2585 843 καὶ
2616 798 2844 865 προεῖπε
2873 790 3014 864 τῷδε
3042 794 3140 860 τήν
3175 791 3531 867 κραταρχῖαν.

2398 876 2554 933 Οὕτω
2586 882 2973 954 προαφώριστο
3003 880 3145 952 τῷδε
3174 882 3235 935 τὸ
3266 880 3480 953 κράτος.

2404 965 2719 1042 Πουλχερία
2750 966 2807 1023 δὲ
2837 971 3189 1045 φροντίζουσα
3210 968 3567 1043 πραγμάτων,

2405 1056 2502 1108 Καὶ
2532 1054 2955 1132 συνδιαφέρουσα
2983 1059 3081 1125 τὴν
3113 1058 3468 1132 κραταρχίαν,

2404 1143 2510 1199 Τὸν
2543 1142 2594 1198 ἐν
2628 1144 2963 1220 Βλαχέρναις
2992 1144 3375 1218 ἀπαράμιλλον
3410 1144 3553 1215 ξένον

2261 1234 2367 1287 820
2405 1233 2551 1287 Νεὼν
2582 1234 2766 1299 ἀνιστᾶ
2796 1237 3237 1310 Μητροπαρθένῳ
3266 1236 3434 1309 Κόρῃο

2404 1316 2776 1396 Πρεσϐυτέρας
2808 1323 3031 1395 Ῥώμης
3067 1322 3123 1377 δὲ
3152 1324 3381 1387 Λέοντος
3410 1324 3559 1378 πάπα

2404 1413 2501 1464 Καὶ
2534 1431 2666 1479 ποις·
2696 1416 2922 1487 ενάρχου
2953 1409 2998 1465 δ’
3026 1411 3331 1468 Ανατολίου
3361 1412 3480 1473 νέας

2405 1498 2485 1555 Τά
2512 1521 2581 1575 πρ
2596 1502 2618 1553 ὸ
2652 1500 2952 1573 Διοσκόρου
2978 1521 3035 1554 τε
3064 1504 3160 1553 τοῦ
3191 1502 3236 1553 τ’
3268 1499 3539 1575 Εὐτυχέος

2406 1588 2716 1663 Πραχθέντα
2748 1587 2931 1650 δεινῶς
2962 1584 3270 1643 Φλαϐιανὸν
3304 1587 3377 1649 εἷς
3410 1590 3571 1663 μέγαν

2265 1686 2372 1739 825
2410 1685 2497 1751 Μὴ
2530 1685 2907 1760 παραδραμεῖν
2940 1683 3123 1740 ἄνακτ’
3143 1686 3555 1758 ἐξαιτουμένων,

2404 1770 2542 1843 Ἤδη
2569 1776 2810 1847 γενέσθαι
2845 1772 3065 1836 σύνοδος
3095 1775 3317 1829 τέτακτό
3348 1796 3409 1848 γε

2407 1862 2723 1933 Μαρκιανοῢ
2754 1860 2986 1935 δόγματι
3017 1862 3107 1915 καὶ
3141 1860 3483 1936 Πουλχερίας

2408 1953 2528 2005 Τῶν
2560 1947 2933 2024 φιλοχρίστων
2970 1945 3199 2005 εὐσεϐῶν
3234 1949 3524 2024 βασιλέων.

2408 2037 2688 2106 Συνῆλθον
2718 2038 2911 2092 οὐκοῦν
2932 2038 2981 2092 ἐν
3006 2036 3317 2105 Χαλκηδόνι
3348 2036 3506 2093 πόλει

2262 2127 2367 2180 830
2404 2126 2703 2197 Ἑξακόσιοι
2744 2127 2975 2201 Πατέρες
3009 2126 3259 2202 Οεηγόροι

2408 2214 2547 2287 Πρὸς
2578 2215 2868 2285 τριάκοντα
2895 2216 3246 2288 συναχθέντες
3280 2215 3493 2284 ἐνθέως,

2404 2307 2494 2355 Ὠν
2527 2303 2670 2377 ἦρχε
2702 2304 2920 2375 Ῥώμης
2950 2310 3050 2372 τῆς
3077 2302 3405 2379 παλαιτέρας
3440 2308 3611 2373 Λέων,

2407 2391 2543 2453 Νέας
2573 2393 2618 2444 τ’
2648 2391 2970 2455 Ἀνατόλιος
3000 2388 3178 2454 ἔνθεος
3209 2391 3398 2460 θύτης,

2404 2480 2501 2533 Καὶ
2532 2475 2889 2541 Ἰουϐενάλιος
2922 2480 3063 2533 Σιὼν
3091 2479 3262 2553 ἁγίας·

2262 2569 2367 2622 835
2403 2565 2469 2624 O'i
2503 2565 2568 2635 δὴ
2601 2566 2853 2630 καθεῖλον
2884 2568 3175 2639 Διόσκςρον
3198 2565 3418 2629 ἐνδίκως

2407 2655 2509 2708 Σὺν
2544 2656 2780 2729 Εὐτυχεῖ
2810 2676 2869 2709 τε
2902 2653 3159 2728 δυστυχεῖ
3185 2654 3483 2726 τρισαθλίῳ

2406 2745 2523 2800 Ἑπὶ
2559 2746 2794 2818 Χριστοῦ
2826 2742 3081 2818 λέγοντας
3114 2742 3174 2797 οὐ
3206 2742 3403 2807 διπλᾶς
3428 2743 3635 2817 φύσεις,

2401 2831 2539 2889 Μίαν
2574 2833 2630 2886 οὶ
2664 2831 2873 2904 μᾶλλον
2905 2830 3195 2898 δυσσεϐῶς,
3224 2832 3593 2909 κακοφρόνωςο

2404 2921 2550 2976 Ἐπεὶ
2575 2919 2620 2974 δ’
2643 2918 2874 2981 ἀναιδῶς
2909 2920 3231 2974 ὑπεναντίων
3268 2921 3453 2998 στίφος

2261 3020 2367 3074 840
2406 3017 2766 3094 Ὀρθόφρονας
2796 3018 2861 3085 ἦν
2892 3012 3250 3072 ἒνδιαϐἀλλον
3289 3017 3484 3089 μάτην,

2403 3108 2490 3168 Ὡς
2520 3107 2812 3181 Νεστορίου
2843 3106 2939 3173 τήν
2976 3104 3155 3177 λύμην
3192 3103 3563 3179 δεδεγμένους,

2407 3197 2497 3253 Ἐν
2530 3199 2611 3266 τῷ
2640 3199 2853 3270 φρονεῖν
2877 3215 2933 3248 τε
2961 3193 3049 3247 καὶ
3078 3192 3249 3269 λέγειν
3284 3194 3514 3268 Χριστὸν
3548 3194 3725 3270 φέρειν

2408 3284 2612 3345 Διπλάς
2643 3281 2853 3345 τελείας
2876 3282 2969 3343 τὰς
2996 3282 3177 3359 φύσεις
3211 3281 3535 3357 ἀσογχότως

2408 3370 2717 3443 Ἦνωμένας
2749 3371 2813 3423 αὖ
2845 3370 2896 3425 ἐν
2930 3375 3027 3442 μιᾷ
3049 3372 3097 3443 γ’
3130 3371 3437 3428 ὑποστάσει.

2268 3463 2372 3517 845
2412 3460 2554 3534 Πρὸς
2592 3456 2918 3533 όρθοδόξων,
2951 3455 3245 3526 δυσσεὸῶν,
3270 3460 3432 3531 τόμοι
3465 3457 3560 3514 δύο

2409 3548 2741 3625 Γεγράφαται
2771 3547 2836 3615 δῆ
2868 3547 2957 3601 σὺν
2993 3546 3093 3620 ὅλῃ
3123 3548 3423 3621 προθυμίᾳ,

2412 3637 2507 3690 Καὶ
2536 3634 2729 3690 τούσδε
2756 3635 2938 3697 καλῶς
2968 3635 3371 3709 σφραγίσαντες,
3407 3638 3481 3697 ὡς
3514 3634 3654 3708 δέον,

2411 3726 2494 3779 Ἐν
2531 3724 2757 3798 λάρνακι
2783 3722 3025 3778 κλείουσι
3058 3728 3263 3778 σεπτῶν
3298 3722 3568 3797 λειψάνων

2411 3812 2697 3886 Εὐφημίας
2733 3814 3002 3887 μάρτυρος
3034 3808 3223 3874 ὀλϐίας
3252 3813 3439 3887 κόρης·

2265 3913 2368 3966 850
2408 3911 2538 3967 Εἶτα
2569 3913 2680 3983 μετ’
2714 3911 2875 3987 εὐχὰς
2908 3913 3113 3987 ἡμέραν
3141 3933 3198 3967 τε
3221 3914 3318 3981 τὴν
3351 3911 3537 3987 τρίτην

2412 4001 2628 4067 Πάντων
2662 4001 2941 4073 παρόντων
2977 4002 3321 4073 ἀνεῳγμένου
3350 4004 3545 4078 τάφου,

2412 4088 2509 4143 Καὶ
2540 4093 2635 4143 τοῦ
2667 4093 2992 4161 κρατοῦντος
3022 4090 3400 4162 συμπαρόντος
3438 4089 3702 4163 Πατράσιν

2412 4178 2498 4248 (Ὤ
2532 4177 2866 4249 θαυμασίων,
2890 4178 3085 4249 Χριστὲ
3115 4198 3240 4247 μου,
3262 4179 3599 4251 τεραστίων),

2407 4269 2530 4338 Τῶγ
2562 4259 2834 4318 δυσσεϐῶν
2870 4264 2962 4335 μὲν
2998 4265 3279 4338 αἱρετικῶν
3312 4285 3417 4318 που
3446 4266 3615 4337 τόμος

2268 4355 2375 4408 855
2413 4352 2500 4407 Ἐν
2531 4356 2646 4411 τοῖς
2679 4351 2805 4405 ποσὶ
2837 4355 3110 4425 μάρτυρος
3139 4353 3205 4419 ἦν
3237 4351 3580 4426 ἐρριμμένος·

2410 4439 2511 4493 Τὸν
2547 4436 2592 4492 δ’
2627 4439 2689 4492 αὖ
2718 4460 2777 4513 γε
2808 4437 2999 4493 λοιπὸν
3033 4436 3465 4514 ὀρθοδοξοόντων
3498 4441 3692 4514 μέρους

2412 4532 2641 4601 Κατεῖχε
2673 4528 2860 4603 χερσὶν
2896 4525 3149 4603 ἀσφαλῶς
3182 4533 3299 4589 ταῖς
3331 4526 3514 4599 ἰδίαις,

2413 4615 2509 4671 Καὶ
2535 4620 2614 4687 τῷ
2643 4620 2924 4690 κρατοῦντι
2955 4617 3043 4669 καὶ
3074 4616 3387 4692 πατριάρχῃ
3420 4618 3568 4689 νέμει

2406 4706 2519 4772 Τὴν
2550 4703 2720 4774 δεξιὰν
2740 4705 2954 4759 τείνασα
2994 4706 3128 4775 πρὸς
3160 4712 3313 4781 σφᾶς.
3347 4708 3435 4780 (Ὢ
3463 4708 3619 4780 τέρας
3644 4708 3682 4779 ί)

2265 4804 2370 4857 860
2406 4803 2554 4857 Μετά
2576 4800 2631 4856 δὲ
2654 4806 2821 4857 ταῦτα
2856 4802 3071 4877 βασιλὶς
3099 4802 3413 4879 Πουλχερία

2412 4894 2579 4960 ΓῆΟεν
2616 4893 2839 4963 μετέστη
2872 4894 3006 4965 πρὸς
3043 4893 3211 4964 μονάς
3241 4892 3567 4967 οὐρανίουως

2409 4981 2625 5047 Ζήσασα
2654 4979 2835 5041 καλῶς
2870 4976 3103 5043 εὐσεϐῶς
3135 4980 3481 5054 ὀροοφρόνως

2410 5069 2638 5141 Χριστὸν
2674 5068 3044 5142 θεραπεύσασα
3071 5068 3237 5123 καλὸν
3269 5070 3498 5145 νυμφίον

2411 5157 2498 5213 Ἐν
2532 5157 2790 5229 παρθενίᾳ
2817 5157 2905 5212 καὶ
2936 5154 3118 5210 καλῶν
3153 5156 3445 5225 εὑποιίαις,

2268 5248 2375 5300 805
2413 5246 2511 5302 Κτὶ
2541 5243 2705 5313 τῆσδε
2738 5243 2964 5322 φαιδρὰν
2999 5244 3242 5317 ἀνάψασα
3275 5244 3552 5319 Λαμπάδα.

2413 5334 2543 5389 Εἶτα
2570 5332 2795 5403 τελευτᾷ
2818 5335 3134 5409 Μαρκιανὸς
3162 5335 3255 5389 τὸν
3290 5336 3405 5409 βίον

2413 5423 2588 5492 Ζήσας
2620 5421 2707 5477 ἐπὶ
2743 5425 3007 5494 μήκιστον
3041 5421 3166 5493 ἄναξ
3201 5422 3436 5497 χαρίεις,

2415 5512 2647 5583 Γνώμην
2681 5510 2904 5586 ἀγαθὸς,
2940 5510 3152 5587 ἱλαρὸς,
3182 5516 3354 5585 πρᾶος
3386 5512 3559 5589 φύσει*

2415 5599 2587 5661 Οὗτος
2618 5596 3022 5675 θεοπρόϐλητος
3053 5600 3341 5675 ἰμπρέπων
3375 5600 3576 5676 κράτει.

2274 5690 2380 5744 870
2418 5687 2511 5759 "EE
2542 5709 2647 5744 που
2677 5688 2965 5765 κατασχὼν
2996 5690 3093 5759 τήν
3125 5687 3414 5747 Βασιλείαν
3444 5691 3705 5766 χρόνους.

3800 401 3869 454 44
