4132 6300
214 383 269 437 45
1734 380 2096 435 ΟΕεΔΒΕΞ.

354 505 450 564 "Oc
480 501 852 577 γνωματεόων
888 503 962 575 μὴ
993 506 1154 557 κινεῖν
1183 500 1410 575 βασιλέα

356 593 585 668 Ἔφασκε
616 588 731 645 δεῖο
762 591 907 646 ὅπλα
935 612 991 645 τε
1020 592 1117 645 καὶ
1142 592 1326 665 μάχην
1356 588 1503 651 ὅλως

356 683 452 739 "Av
482 680 517 754 ᾖ
552 678 777 734 δυνατὸν
812 678 1018 755 ἤρεμον
1055 682 1203 753 βιοῦν
1237 679 1374 753 βίον.

240 802 395 852 ΛΕΘΝ
434 799 478 853 ι)
517 799 750 852 ΜΕΓΑΣ
794 796 962 853 ΙΙΤΟΙ
1014 799 1057 852 Ο
1095 796 1487 852 ΜΑΚΕΛΛΗΣ
1529 794 1639 850 ET.
1681 794 1786 850 Iﬂ'.

358 981 567 1038 Τούτου
600 980 855 1044 θανόντος
886 981 975 1035 καὶ
1012 979 1368 1053 μεταστάντος
1404 978 1544 1052 βίου,

242 1073 329 1127 875
363 1070 527 1131 Εὐθὺς
558 1068 835 1144 παρῆλθεν
869 1069 944 1130 εἷς
980 1067 1256 1143 βασίλειον
1280 1066 1477 1142 κράτος

365 1157 568 1228 Κλῆσιν
603 1160 751 1213 Λὲων
783 1179 867 1219 τις
897 1158 986 1211 καὶ
1020 1156 1315 1225 Μακέλλης
1346 1155 1671 1227 τούπίκλην,

364 1249 529 1319 Ἀνὴρ
560 1245 757 1321 ἀγαθὸς
787 1246 991 1320 ἀρετῶν
1018 1244 1421 1317 πεπλησμένος,

361 1335 611 1391 Μάλιστα
640 1332 913 1412 φιλοίκτῳ
947 1331 1004 1388 δὲ
1029 1334 1497 1408 κατηυγασμὲνος,

362 1426 588 1499 Κράτωρ
622 1422 871 1497 ἀριστεὺς
903 1423 992 1476 καὶ
1025 1423 1281 1496 μαχητὴς
1315 1418 1593 1495 γεννάδας,

234 1516 324 1571 880
358 1515 603 1588 Ἐχθρῶν
629 1511 845 1566 κλονῶν
879 1510 1159 1588 φάλαγγας
1191 1510 1370 1584 ὥσπερ
1400 1531 1482 1571 τις
1512 1508 1671 1565 λέων.

358 1603 549 1676 Σειρᾶν
582 1599 774 1676 γένους
808 1598 1009 1663 ἄνωθεν
1040 1597 1216 1653 ἕλκων
1251 1598 1309 1653 ἐκ
1339 1598 1551 1673 Θρᾴκης

359 1692 433 1745 Ἦ
463 1689 553 1743 καὶ
585 1694 795 1756 Δακῶν,
832 1688 903 1749 ὥς
933 1688 1058 1763 φασί
1086 1708 1247 1758 τινες,
1282 1687 1340 1741 ἐκ
1362 1687 1568 1762 γένους,

359 1779 517 1848 ’Υπὲρ
528 1797 705 1852 μαχος
737 1778 1023 1851 κράτιστος
1059 1774 1393 1849 όρθοδοξίας,

364 1866 465 1920 Καὶ
499 1863 739 1938 δαψιλής
768 1886 849 1926 τις
879 1863 1098 1939 ἀπόρων
1133 1864 1464 1939 χορηγὲτης·

241 1956 337 2011 885
372 1953 577 2011 Εἴωθεν
614 1954 772 2013 οὗτος
805 1952 1173 2026 γνωματεόειν
1206 1952 1294 2005 καὶ
1325 1950 1527 2025 λέγειν,

368 2044 462 2104 Ὠς
493 2040 656 2110 ἥλιος
684 2042 888 2116 πέφυκε
917 2040 1221 2115 Θερμαίνειν
1256 2037 1408 2100 ὅλοις

369 2134 465 2191 Οἷς
491 2127 551 2183 ἃν
584 2129 765 2206 ἐπαφῇ
791 2130 887 2189 τὰς
920 2131 1133 2202 φαεινὰς
1165 2129 1406 2195 ἀκτῖνας,

373 2220 483 2275 Τὸν
516 2218 677 2272 αὐτὸν
711 2218 864 2289 οἶμαι
898 2214 1007 2271 δεῖν
1045 2216 1269 2290 βασιλέα
1292 2217 1492 2289 τρόπον

371 2308 472 2367 Οἷς
501 2304 562 2359 ἂν
596 2300 939 2378 ἐπιϐλέψειεν
971 2305 1271 2379 ἀνθρώπων
1301 2305 1511 2379 γὲνους,

240 2397 335 2450 890
373 2399 524 2473 Σφᾶς
556 2394 739 2464 ἀξιοῦν
774 2392 958 2449 οἷ’κτου
987 2414 1045 2448 τε
1075 2390 1432 2469 φιλοδωρίας.

373 2484 491 2558 Πρὸ
519 2487 617 2537 τοῦ
648 2487 940 2557 κατασχεῖν
965 2480 1122 2543 οὗτος
1154 2481 1334 2556 ἀρχὴν
1361 2480 1448 2534 καὶ
1475 2480 1671 2553 κράτος

369 2574 610 2645 “Astraei
646 2568 808 2642 δεινῷ
838 2574 942 2623 τῶν
983 2571 1116 2643 μέγα
1149 2566 1452 2641 δυναμένων

374 2666 415 2713 ⁸]
436 2659 699 2733 πόσχεσιν
732 2656 933 2713 δέδωκε
961 2657 1066 2712 τῶν
1100 2656 1307 2712 παίδων
1336 2654 1429 2711 ἕνα

378 2750 480 2810 Εἷς
512 2748 836 2823 καισαρικήν
866 2745 1018 2816 ἀξίαν
1050 2741 1405 2822 προϐιϐάσαι·

245 2838 341 2892 895
376 2836 531 2890 Ἐπεὶ
568 2833 614 2889 δ’
644 2828 938 2905 ἐπιϐέϐηκε
968 2840 1065 2903 τῆς
1096 2832 1394 2907 αὖταρχίας

374 2926 596 2997 Ἀσπαρ
630 2923 825 2996 ἀπῄτει
857 2925 956 2992 τὴν
989 2923 1147 2997 χάριν
1186 2922 1319 2995 μετᾶ
1362 2921 1497 2995 βίας·

379 3013 484 3066 Καὶ
513 3008 853 3088 ποριρυρίδος
879 3008 1031 3065 τοῦδ’
1063 3008 1288 3071 ἀναιδῶς
1312 3011 1581 3082 ἡμμένος,

381 3098 781 3175 Ψευδηγορεῖν,
814 3097 1060 3176 ἔφασκεν,
1095 3099 1155 3152 οὐ
1188 3099 1389 3173 χρεὼν,
1421 3096 1565 3167 ἅναξ,

376 3189 487 3245 Τὸν
514 3186 683 3257 τήνδε
712 3184 969 3263 λαμπράν
994 3184 1281 3263 πορφυρίδ’
1314 3184 1639 3258 ἐνημμένον.

235 3277 340 3333 900
378 3275 544 3332 Ἀλλ’
577 3273 703 3331 οὐδὲ
730 3274 894 3329 πάλιν
931 3269 1264 3343 ἐκϐιάζεσθαι
1295 3271 1413 3327 δέον

379 3369 482 3426 ’Ὡς
513 3384 637 3419 τινα
667 3361 887 3433 δοῦλον,
916 3363 1209 3436 ἀντεπῆγεν
1244 3364 1270 3416 ὁ
1299 3363 1535 3437 κράτωρ,

377 3454 493 3510 Τὸν
527 3453 767 3526 ἀρχικήν
801 3455 1065 3528 φοροῦντα
1095 3451 1352 3525 λαμπράν
1384 3447 1663 3524 χλαμύδα·

378 3540 558 3602 Οὕτος
592 3542 819 3612 συνῴκει
850 3543 1061 3615 γαμετῇ
1091 3543 1158 3611 τῇ
1192 3540 1398 3613 Βηρίνῃ

378 3632 457 3687 σΗ
491 3628 587 3683 δύο
615 3629 787 3684 τίκτει
822 3628 1038 3703 βασιλεῖ
1069 3629 1382 3702 Θυγατὲρας,

230 3721 346 3775 905
385 3720 500 3787 Τὴν
535 3715 845 3792 Ἀριάδνην,
878 3714 1124 3791 δευτέραν
1154 3716 1425 3772 Αεοντίαν·

384 3813 489 3861 Ὧν
519 3804 779 3880 Ἀριάδνη
813 3807 1018 3875 Ζήνωνι
1050 3803 1312 3878 συνεζύγη

387 3891 578 3970 Ἀνδρὶ
611 3892 845 3949 δυσειδεῖ
876 3894 966 3948 καὶ
993 3894 1227 3965 κακίστῳ
1256 3892 1381 3955 τοὺς
1413 3896 1666 3967 τρόπους,

389 3982 650 4038 ’Ἑλκοντι
684 3983 862 4054 σειρὰν
894 3986 989 4036 τοῦ
1020 3984 1208 4055 γίνους
1239 3980 1290 4051 ἐξ
1322 3981 1595 4056 Ἰσαόρων,

389 4071 708 4147 Μαρκιανὸς
738 4068 783 4125 δ’
816 4068 910 4146 ἕγη
922 4091 988 4142 με
1013 4071 1112 4138 τήν
1137 4069 1389 4124 Λεοντίαν

230 4163 349 4217 910
392 4160 688 4231 Ἀνθεμίου
720 4164 846 4220 παῖς
886 4158 1565 4232 βασιλεύσαντοςῬώμης.

393 4247 610 4305 Τούτου
642 4246 1049 4321 βασιλεύοντος,
1083 4246 1134 4301 ἐν
1170 4244 1410 4323 βασιλίδι

397 4338 644 4411 Πυρκαϊά
670 4357 755 4398 τις
786 4331 981 4404 συνέϐη
1018 4335 1283 4413 φρικαλὲα

398 4426 495 4479 Ἐκ
521 4432 619 4495 τῆς
652 4425 790 4499 πρὸς
822 4422 1015 4497 ἄρκτον
1046 4422 1293 4500 ἁλμυρᾶς
1323 4423 1399 4487 εἷς
1424 4425 1669 4499 θατὲραν,

396 4514 576 4585 Πυρὸς
611 4511 979 4582 διαζώσαντος
1009 4512 1059 4567 ἐν
1098 4512 1245 4585 μέσῳ
1276 4512 1462 4578 πόλιν,

238 4603 358 4658 915
403 4602 509 4656 Καὶ
540 4601 955 4676 πυρπολοῦντος
986 4599 1151 4670 τῆσδε
1180 4600 1435 4677 λαμπρὰς
1467 4600 1665 4671 οῗκίας,

400 4689 591 4745 Τᾶλλα
620 4711 678 4745 τε
708 4689 883 4744 πάντα
911 4688 1000 4744 καὶ
1033 4684 1360 4763 σεϐασμίους
1393 4687 1595 4761 δόμους

402 4778 531 4834 Ἐπὶ
561 4778 853 4853 τετρακτὺν
886 4781 1110 4853 ἡμερῶν
1144 4777 1427 4834 ἀνενδότω·

403 4866 486 4939 Τῇ
520 4864 566 4921 δ’
598 4866 895 4943 Ἀντιόχου
922 4868 1011 4922 καὶ
1041 4865 1273 4945 σφοδρὸς
1306 4874 1409 4942 γῆς
1437 4888 1520 4929 τις
1548 4864 1742 4926 κλόνος

405 4951 634 5027 Συμῦἀς
664 4956 1068 5030 κατηρείπωσεν
1102 4956 1267 5025 αὐτὴν
1302 4955 1566 5031 ἐσχάτως·

233 5046 359 5101 920
407 5045 574 5113 ’Ύσθη
608 5042 809 5105 σποδὸς
840 5042 897 5100 δὲ
930 5044 1079 5117 μάλα
1108 5043 1295 5113 πολλή
1428 5044 1587 5099 πόλει

407 5131 507 5192 Εἷς
542 5132 809 5207 ἓμψῦχων
841 5134 1080 5188 κάκωσιν
1114 5133 1189 5195 εἰς
1221 5137 1442 5207 καρπῶν
1473 5132 1672 5209 φθίσιν·

405 5223 510 5275 Ἐκ
535 5219 686 5276 τοῦδ’
716 5223 744 5275 ὁ
774 5226 987 5294 κρατῶν
1024 5224 1303 5297 συσχεθεὶς
1339 5222 1541 5296 ἀγωνίᾳ

406 5308 581 5364 Πόλιν
615 5309 920 5382 λελοιπὼς,
944 5309 995 5364 ἐν
1032 5309 1325 5385 βασιλείοίς
1366 5308 1558 5382 δόμοις

413 5394 552 5454 Οῦσι
584 5399 691 5470 πρὸ
721 5402 947 5472 τειχῶν,
981 5397 1238 5475 ἀσφαλῶς
1267 5401 1331 5465 ἦν
1364 5394 1583 5472 διάγων.

254 5488 383 5542 925
431 5486 548 5561 Ἐφ’
573 5486 742 5562 οὗπερ
773 5486 933 5556 ἐσθὴς
956 5484 1381 5561 Μητρανάνδρου
1413 5483 1685 5558 Παρθένου

425 5575 524 5630 Ἐκ
549 5580 648 5643 τῆς
685 5578 833 5631 Σιών
863 5596 922 5629 τε
951 5575 1043 5630 καὶ
1073 5574 1444 5646 Παλαιστίνης
1466 5575 1640 5629 τόπου

432 5666 577 5738 Πρὸς
601 5667 702 5735 τὴν
741 5662 1134 5740 βασιλεύουσαν
1170 5663 1394 5738 ἀχθεῖσα
1422 5662 1584 5717 πόλιν

1849 504 1903 569 Α
1932 501 2121 573 Hujus
2150 510 2416 561 sententa
2446 507 2575 577 fuit,
2610 513 2674 563 ut
2703 524 2801 563 rex
2831 522 3136 577 nunquam

1938 593 2249 648 commotis
2283 594 2465 650 armis
2495 594 2715 652 bellum
2746 595 3079 665 lacesseret,

1937 681 1985 734 si
2017 682 2250 752 quidem
2284 688 2482 755 posset
2511 684 2687 740 vitam
2722 686 2984 757 quietam
3014 688 3239 757 degere.

2059 805 2195 861 LEO
2227 808 2517 863 MAGNUS
2556 809 3049 935 (ἶ.ΒὲΝὲκῆβῇΤο
3091 806 3453 863 MACELLES

1940 982 2230 1037 Marciano
2261 983 2439 1038 vitam
2475 984 2800 1054 deserente,
2834 993 2894 1039 ut
2928 984 3206 1052 diximus,

1942 1071 2141 1126 statim
2174 1073 2433 1142 pervenit
2462 1073 2533 1127 ad
2567 1078 2915 1143 potestatem
2953 1073 3192 1144 regiam,

1944 1159 2176 1214 nomine
2205 1164 2314 1215 Leo
2347 1160 2609 1230 quidam,
2640 1161 2980 1231 cognomine
3009 1159 3298 1228 Macelles,

1942 1249 2029 1304 vir
2060 1250 2248 1305 bonus
2279 1256 2336 1304 et
2365 1250 2679 1305 virtutibus
2713 1251 3072 1315 redundans,

1946 1336 2350 1393 misericordia
2378 1342 2573 1393 tamen
2606 1339 2897 1410 praecipue
2928 1343 3189 1406 ornatus,

1946 1427 2220 1497 princeps
2245 1427 2514 1497 egregius
2549 1432 2606 1482 et
2635 1426 2880 1482 bellator
2908 1437 3203 1493 strenuus,

1945 1513 2207 1569 hostium
2242 1520 2501 1570 catervas
2533 1516 2804 1586 quatiens
2840 1532 3041 1587 reapse
3074 1521 3138 1571 ut
3168 1515 3276 1570 leo.

1945 1602 2047 1657 Hic
2079 1602 2359 1658 oriundus
2391 1620 2420 1659 e
2450 1605 2695 1659 Thracia
2726 1604 2854 1669 fuit,

1947 1690 2037 1744 vel
2068 1691 2378 1759 Dacorum,
2414 1697 2477 1747 ut
2507 1694 2748 1763 quidam
2780 1692 3029 1759 malunt,
3064 1708 3293 1763 genere,

1951 1779 2311 1835 fortissimus
2345 1782 2614 1836 defensor
2642 1781 3022 1846 orthodoxize,

1870 1860 1918 1925 Β
1949 1868 2148 1937 egenis
2174 1867 2375 1939 largus
2407 1868 2807 1923 subsidiorum
2843 1868 3139 1938 praebitor.

1954 1955 2139 2024 Hujus
2173 1956 2231 2009 in
2266 1972 2363 2010 ore
2395 1972 2544 2026 saepe
2576 1957 2868 2011 sententia
2899 1960 3025 2011 erat
3050 1950 3069 2012 ἐ

1954 2043 2040 2098 sol
2076 2043 2158 2098 uti
2192 2042 2336 2099 solet
2364 2060 2568 2099 omnes
2599 2044 2912 2099 calefacere

1956 2132 2172 2202 quibus
2222 2134 2478 2187 ostendit
2517 2132 2895 2203 splendidum
2933 2133 3132 2187 lumen
3164 2149 3341 2189 suum
3379 2148 3392 2187 :

1955 2220 2038 2275 sic
2070 2236 2130 2275 se
2161 2220 2454 2290 arbitrari,
2488 2236 2683 2291 regem
2720 2224 2988 2292 oportere

1958 2324 2338 2379 quoscunque
2372 2309 2638 2364 homines
2670 2310 2883 2364 intuitu
2919 2310 3277 2377 lustraverit,

1957 2411 2055 2451 eos
2089 2396 2401 2451 clementia
2431 2397 2488 2450 in
2523 2398 2694 2452 donis
2726 2398 3036 2469 impertiri.

1957 2483 2061 2539 Hic
2092 2484 2252 2555 prius
2281 2500 2459 2554 quam
2492 2485 2681 2539 adiret
2713 2485 3055 2555 imperium,

1957 2572 2165 2642 Aspari
2196 2571 2411 2628 illustri
2445 2572 2715 2644 optimati
2758 2572 2987 2628 homini

1959 2676 2143 2715 unum
2173 2677 2235 2716 se
2266 2662 2620 2731 promiserat
2651 2678 2718 2716 ex
2748 2662 2876 2731 ejus
2917 2660 3117 2717 liberis

1961 2748 2031 2802 ad
2064 2749 2410 2818 dignitatem
2438 2750 2682 2804 Caesaris
2714 2754 3142 2819 promoturum.

1958 2839 2085 2890 Mox
2110 2852 2241 2890 cum
2271 2835 2584 2907 imperium
2621 2836 2984 2891 obtinuisset
3017 2837 3152 2903 Leo,

1962 2924 2020 2977 id
2052 2924 2397 2979 beneﬁcium
2421 2926 2607 2994 Aspar
2639 2925 2687 2978 vi
2726 2925 2993 2996 exigebat
3025 2941 3038 2978 :

1962 3012 2101 3083 quin
2134 3012 2506 3082 impudenter
2539 3029 2861 3083 purpuram
2896 3013 3020 3083 ejus
3050 3016 3322 3084 tangens,

1962 3100 2127 3155 Haud
2160 3100 2264 3155 tibi
2291 3100 2448 3166 licet,
2479 3101 2693 3171 inquit,
2727 3117 2845 3170 rex,
2881 3102 3054 3156 ﬁdem
3099 3101 3322 3172 fallere,

1885 3214 1927 3281 Ο
1964 3205 2096 3244 cum
2123 3189 2218 3281 sis.
2243 3189 2363 3281 hac
2384 3188 2688 3281 splendida
2719 3206 2975 3281 purpura
2998 3190 3267 3281 vestitus.

1960 3276 2135 3348 Atqui
2168 3276 2429 3331 vicissim
2456 3277 2617 3332 nefas
2655 3282 2764 3343 est,
2798 3283 2861 3332 ut
2892 3278 3110 3334 famulo

1961 3366 2078 3421 vim
2113 3364 2257 3418 mihi
2290 3364 2510 3434 inferri,
2538 3366 2841 3435 respondit
2876 3367 3216 3437 imperator,

1964 3454 2064 3525 qui
2097 3453 2403 3524 principali
2433 3453 2737 3525 chlamyde
2770 3454 3100 3525 praefulgeo.

1966 3542 2110 3598 Huic
2139 3546 2262 3596 erat
2281 3543 2489 3612 juncta
2518 3542 2740 3613 nuptiis
2768 3543 3001 3614 Verina,

1968 3646 2093 3701 quae
2126 3630 2270 3683 duas
2303 3630 2420 3699 regi
2457 3629 2604 3685 ﬁlias
2635 3631 2805 3686 enixa
2832 3636 2921 3686 est
2955 3649 2966 3685 :

1969 3734 2182 3774 nomen
2213 3717 2313 3770 uni
2338 3718 2609 3785 Ariadna,
2644 3720 2928 3775 Leontina
2959 3722 3145 3775 alteri.

1969 3807 2047 3861 Ex
2078 3804 2169 3860 his
2198 3804 2446 3859 Ariadna
2471 3805 2679 3873 juncta
2709 3807 2926 3862 Zenoni
2963 3808 3074 3862 fuit

1971 3896 2121 3951 fuada
2150 3894 2270 3949 viro
2304 3893 2448 3948 facie
2479 3897 2536 3948 et
2580 3896 2844 3951 moribus
2875 3897 3171 3967 pessimis,

1975 3983 2073 4054 qui
2099 3983 2305 4038 seriem
2341 3998 2408 4036 ex
2439 3982 2660 4037 Isauris
2693 3983 2945 4039 ducebat
2972 3986 3221 4056 generis.

1975 4071 2275 4127 Leontiam
2306 4071 2638 4125 Marcianus
2672 4071 2895 4143 accepit
2926 4074 3235 4145 conjugem

1979 4161 2136 4216 filius
2171 4158 2469 4213 Anthemii
2502 4160 2602 4230 qui
2636 4160 2833 4215 Romae
2868 4163 3166 4233 regnabat.

1980 4246 2167 4301 Leone
2198 4243 2542 4301 dominante
2570 4247 2908 4303 incendium
2944 4250 3240 4319 quoddam

1982 4334 2125 4389 urbe
2156 4334 2212 4387 in
2245 4331 2426 4405 regali
2460 4335 2704 4407 contigit
2736 4337 3072 4393 horrificum

1986 4441 2019 4477 a
2050 4421 2266 4477 boreali
2299 4422 2445 4478 mari
2478 4439 2663 4494 usque
2695 4426 2765 4479 ad
2798 4424 3045 4481 alterum

1987 4510 2241 4565 ﬂammis
2274 4511 2473 4565 urbem
2508 4511 2763 4566 mediam
2796 4512 3345 4584 complectentibus,

1990 4598 2445 4671 splendidasque
2477 4599 2653 4668 hujus
2687 4600 2891 4655 domos
2924 4600 3350 4671 populantibus
3383 4614 3395 4653 :

1989 4694 2162 4760 atque
2193 4688 2346 4742 inter
2377 4692 2600 4755 caetera,
2636 4705 2832 4744 sacras
2865 4690 3041 4745 etiam
3071 4691 3224 4746 aedes

1988 4776 2414 4848 quatriduanus
2445 4775 2599 4847 ignis
2631 4776 2960 4833 inclemens
2992 4779 3211 4834 hausit.

1993 4863 2359 4921 Antiochiam
2390 4879 2521 4919 vero
2554 4867 2717 4920 terrea
2750 4871 2943 4923 motus
2973 4869 3213 4939 quidam

1993 4954 2304 5009 vehemens
2336 4969 2612 5024 supremo
2645 4958 2960 5026 prostravit
2989 4958 3162 5013 exitio
3200 4972 3213 5010 :

1996 5044 2337 5113 multusque
2368 5042 2519 5113 pluit
2551 5045 2671 5115 regi
2705 5044 2763 5100 in
2799 5046 2939 5100 urbe
2964 5046 3179 5117 pulvis,

1998 5132 2284 5187 molestus
2317 5132 2714 5188 animantibus
2744 5137 2800 5188 et
2830 5136 3036 5189 noxius
3069 5133 3356 5205 frugibus.

2002 5221 2104 5275 His
2136 5219 2307 5274 malis
2337 5220 2594 5291 graviter
2624 5223 2831 5278 anxius
2860 5224 3175 5295 imperator

2004 5309 2149 5363 urbe
2178 5308 2399 5377 relicta,
2434 5311 2503 5364 ad
2533 5311 2937 5368 suburbanum
2973 5313 3262 5385 palatium

2007 5397 2180 5454 saluti
2213 5414 2330 5452 suae
2363 5398 2673 5455 consulens
2705 5402 2899 5457 sedem
2933 5401 3255 5457 transtulit.

2006 5487 2125 5541 Sub
2147 5501 2213 5541 eo
2242 5486 2421 5542 vestis
2454 5487 2712 5561 Deiparae
2744 5490 3003 5561 Virginis

2010 5591 2077 5630 ex
2108 5574 2251 5629 urbe
2280 5573 2455 5629 Sicne
2480 5593 2544 5630 ac
2590 5578 2881 5634 Palestina
2911 5585 3064 5634 terra

2015 5663 2084 5719 ad
2119 5661 2341 5733 regiam
2373 5662 2564 5721 delata
2596 5666 2963 5739 metropolim

3509 383 3578 436 46
