4132 6300
510 375 578 428 47
1710 367 2078 421 ΕΡΗΒΕΜῙΙ
2120 365 2142 418 (

1710 367 2078 421 ΕΡΗΒΕΜῙΙ
2120 362 2688 419 CHBONOGRAPHI

505 500 656 571 apud
689 498 1044 554 Blachernas
1071 497 1130 552 in
1160 496 1377 567 templo
1407 495 1518 550 fuit
1548 490 1820 564 reposita,

508 589 661 660 quod
693 587 818 659 ipse
850 603 947 641 rex
977 586 1232 656 Deipam
1264 585 1630 651 excitaverat,

506 680 780 747 argenteo
813 675 1185 746 pretiosoque
1231 673 1431 729 clausa
1462 673 1519 725 in
1550 668 1741 725 loculo
1776 683 1790 723 :

507 780 688 835 quare
716 768 774 818 et
802 763 859 817 id
892 763 1177 833 templum
1212 762 1386 832 cmpit
1416 757 1698 831 appellari

507 868 641 907 arca
670 850 1028 906 honorabilis
1060 850 1316 921 Virginis
1343 847 1785 903 laudatissima.

507 942 696 995 Leone
725 940 1064 994 dominante
1096 940 1213 993 dux
1243 938 1532 1009 egregius,

505 1033 627 1083 arte
661 1026 972 1097 strategica
1003 1027 1263 1097 optimus
1300 1024 1617 1089 Rusticius,

504 1116 656 1171 bello
688 1115 1031 1187 praepositus
1062 1114 1321 1169 victoriis
1351 1112 1581 1167 claruit.

506 1208 578 1257 At
607 1203 715 1258 hoc
747 1203 1055 1273 exstincto,
1086 1200 1478 1273 imperatricis
1510 1198 1670 1253 fratri

506 1307 803 1346 armorum
837 1290 1151 1360 imperium
1185 1288 1463 1344 Basilisco
1496 1287 1772 1352 traditur,

505 1380 606 1450 qui
638 1384 1034 1449 transportato
1068 1378 1123 1431 in
1160 1377 1412 1431 Africam
1446 1376 1723 1440 exercitu,

505 1483 638 1522 cum
670 1472 822 1521 esset
853 1466 963 1521 loci
996 1465 1271 1520 dominus
1301 1464 1660 1529 Gizerichus,

506 1571 895 1609 aerumnosam
928 1554 986 1608 in
1020 1554 1219 1625 praalio
1251 1553 1458 1623 accipit
1489 1552 1738 1619 cladem,

504 1646 923 1715 copiarumque
949 1644 1149 1698 amisit
1182 1646 1406 1714 partem
1441 1641 1784 1695 maximam.

503 1735 635 1789 Jam
669 1732 768 1787 ubi
794 1732 911 1786 vita
937 1731 1270 1786 Anatolium
1303 1729 1593 1799 destituit,

506 1820 1085 1890 Constantinopoleos
1117 1820 1329 1890 praesul
1362 1818 1639 1889 deligitur

507 1914 797 1965 rectorum
830 1909 1167 1977 dogmatum
1201 1909 1408 1961 vindex
1439 1905 1773 1961 Gennadius
1806 1920 1819 1958 :

508 2004 638 2069 post
668 2014 843 2069 quem
878 1998 1216 2051 defunctum
1251 1996 1310 2049 in
1342 1995 1495 2049 sedis
1528 1995 1761 2063 honore,

508 2088 805 2159 pessimus
838 2087 1029 2142 locum
1061 2090 1307 2157 occupat
1338 2084 1603 2139 Aeacius.

510 2176 848 2247 Imperatori
880 2174 1113 2229 interim
1148 2191 1327 2245 nepos
1359 2174 1621 2228 nascitur

507 2281 576 2320 ex
604 2264 868 2318 Ariadna;
900 2268 955 2317 et
982 2263 1227 2317 Zenonis
1256 2262 1548 2332 conjugio.

508 2352 600 2407 cui
634 2368 845 2407 nomen
879 2350 1052 2406 Leoni
1086 2350 1236 2416 fecit,
1271 2364 1602 2420 coronaque

506 2445 672 2495 aetate
698 2439 907 2510 puerili
939 2444 1113 2511 caput
1144 2440 1343 2494 cinxit.

502 2530 607 2584 Hic
640 2529 773 2599 pius
804 2529 1007 2583 morbo
1039 2527 1356 2598 imperator
1387 2527 1497 2581 Leo

503 2621 807 2688 correptus
832 2617 1007 2671 vitam
1042 2616 1348 2671 mortalem
1382 2614 1658 2680 deseruit,

508 2706 731 2760 haerede
763 2709 1095 2776 potentatus
1128 2709 1335 2775 nepote
1369 2703 1543 2758 dicto.

502 2793 687 2848 Annis
718 2792 841 2862 ipse
872 2791 1197 2847 octodecim
1230 2791 1543 2862 imperium
1578 2794 1819 2859 rexerat,

502 2880 775 2952 princeps
810 2881 1123 2948 humanus,
1159 2879 1411 2934 subditis
1442 2877 1765 2945 benivolus,

499 2968 792 3036 afﬂabilis,
834 2968 1121 3040 placidus,
1155 2967 1371 3033 suavis,
1404 2970 1461 3021 et
1490 2965 1779 3022 amabilis.

990 3098 1117 3154 Ι,Εο
1147 3100 1405 3154 JUNIOR
1442 3098 1560 3156 AN.
1603 3102 1649 3153 Ι.

496 3206 702 3263 Junior
732 3206 1039 3278 imperium
1072 3208 1420 3260 consecutus
1449 3206 1557 3260 Leo

496 3295 749 3350 infantili
782 3294 954 3366 plane
984 3298 1151 3349 aetate
1174 3298 1467 3365 sceptrum
1502 3293 1706 3349 tenuit.

496 3385 604 3439 Sed
639 3400 774 3439 mox
801 3384 893 3438 vix
926 3400 1039 3439 uno
1070 3382 1328 3439 revoluto
1360 3399 1511 3438 anno

494 3472 743 3529 excessit
773 3473 945 3528 terris
979 3472 1199 3527 lumine
1225 3488 1423 3527 cassus
1456 3471 1605 3525 vitae.

904 3605 1087 3660 ZENO
1126 3603 1339 3659 SIMUL
1376 3604 1490 3659 AN.
1534 3604 1710 3659 XVII.

489 3711 637 3765 Zeno
670 3714 795 3765 erat
827 3711 1089 3775 Isaurus,
1122 3714 1188 3764 ut
1218 3709 1333 3763 dixi
1368 3725 1616 3779 genere;

498 3798 860 3852 foedissimus
892 3797 1155 3853 mortalis
1186 3801 1243 3851 et
1276 3801 1470 3851 mente
1498 3800 1556 3851 et
1585 3812 1841 3866 corpore,

493 3886 773 3949 cinaedus,
804 3885 1015 3955 turpis,
1050 3884 1287 3939 malitiae
1318 3885 1551 3950 cinnus,

492 3978 549 4029 et
579 3974 964 4029 nefandorum
1002 3990 1242 4044 operum
1279 3978 1559 4045 patrator,

489 4062 717 4117 furialis
749 4062 1053 4117 hominum
1081 4062 1258 4133 pestis
1290 4062 1666 4133 optimatium
1695 4077 1709 4129 ;

488 4151 645 4206 haud
680 4152 839 4223 regio
872 4167 1032 4207 more
1064 4151 1489 4222 rempublicam
1524 4166 1754 4221 regens,

486 4242 585 4295 sed
618 4241 919 4311 tyrannice
951 4246 1161 4295 cuncta
1191 4240 1590 4305 inﬂammans,
1626 4240 1940 4305 subruens,

485 4344 693 4400 resque
722 4329 1091 4384 subditorum
1124 4346 1224 4398 pro
1256 4328 1479 4382 viribus
1514 4328 1920 4397 pessumdans,

485 4418 760 4487 dogmate
792 4434 1030 4489 pravus,
1066 4416 1504 4487 monophysites
1534 4414 1731 4469 miser.

481 4505 645 4561 Hunc
677 4523 811 4561 cum
842 4507 1062 4562 videret
1094 4521 1519 4576 usquequaque
1551 4505 1844 4571 timidum,

480 4595 699 4650 Verinaa
731 4594 1051 4650 Basiliscus
1081 4610 1397 4665 germanus
1429 4596 1624 4662 frater,

479 4684 659 4738 armis
690 4685 1047 4754 aggreditur,
1080 4683 1289 4738 Verina
1321 4684 1536 4737 lerente
1566 4698 1756 4754 Opem.

478 4775 667 4841 Atque
699 4771 864 4826 illum
898 4772 965 4827 ad
1002 4772 1184 4843 patria
1207 4788 1374 4826 suam
1410 4771 1646 4842 pulsum
1679 4769 1897 4839 trudit;

478 4859 689 4913 deinde
721 4859 835 4913 sibi
868 4859 1138 4914 diadema
1171 4876 1304 4913 cum
1337 4859 1579 4930 reliquis

478 4947 809 5017 insignibus
842 4948 1071 5017 imperii
1104 4948 1512 5017 circumponit.

476 5035 586 5088 Sed
619 5036 774 5089 enim
807 5036 899 5090 hic
930 5037 1185 5091 confusa:
1213 5042 1434 5089 naturae
1465 5036 1754 5101 haeresim,

473 5122 808 5193 Eutychetis
840 5129 895 5178 et
924 5126 1183 5179 Dioscori
1220 5126 1571 5179 fermentum
1598 5140 1873 5195 sequens,

467 5212 925 5266 orthodoxorum
966 5213 1256 5269 Ecclesiae
1289 5214 1513 5267 acerbis
1548 5214 1735 5267 modis

467 5300 741 5369 omnique
774 5317 1075 5371 poenarum
1110 5317 1321 5373 genere
1350 5301 1766 5356 excruciabiat.

466 5386 851 5444 Chalcedonis
881 5392 1272 5445 venerandam
1305 5406 1538 5460 quoque
1567 5389 1853 5460 synodum

464 5475 791 5546 antiquavit
820 5478 1007 5533 edicto
1040 5482 1237 5533 contra
1271 5479 1356 5533 fas
1389 5478 1685 5549 proposito
1719 5494 1733 5532 :

461 5570 515 5617 et
542 5564 936 5635 patriarcham
970 5583 1101 5621 cum
1142 5567 1408 5637 synedris
1441 5566 1777 5636 pastoribus

464 5651 537 5707 ad
568 5653 1039 5711 conﬁrmandum
1070 5654 1306 5726 impulit
1334 5654 1545 5726 dogma
1577 5671 1773 5711 suum.

2172 497 2222 562 Α
2428 490 2560 556 Ναῷ
2587 486 2905 561 τεθαύριστο
2934 494 3015 560 τῷ
3043 490 3179 564 πρὸς
3220 492 3569 565 Βλακέρναις,

2424 577 2520 630 ’⁸ον
2552 574 2713 637 αὐτὸς
2744 578 2991 653 ἀνήγειρε
3023 581 3491 656 Μητροπαρθένῳ,

2284 663 2389 717 930
2426 662 2514 719 Ἐν
2546 663 2754 737 ἀργυρᾷ
2785 670 2929 737 σορῷ
2956 668 3045 721 καὶ
3073 664 3356 743 σεϐασμίᾳ,

2428 752 2506 803 Δι’
2535 752 2599 818 ἣν
2628 754 3017 827 κατωνόμαστο
3048 756 3137 810 καὶ
3170 760 3313 821 θεῖος
3340 758 3511 833 δόμος

2432 840 2601 910 Σορὸς
2630 842 2782 913 τιμία
2811 849 2910 910 τῆς
2935 848 3289 916 πανυμνήτου
3322 847 3520 923 Κόρηςι

2427 926 2600 989 Οὗτος
2630 949 2954 1005 κραταρχων
2988 933 3076 986 καὶ
3113 937 3415 1011 στρατηγὸν
3447 936 3701 1011 γεννάδαν

2426 1016 2755 1071 Ῥουστῖκιον
2781 1016 2993 1091 ἄριστον
3027 1022 3077 1074 ἐν
3108 1024 3454 1099 στρατηγίαις

2283 1105 2389 1159 935
2431 1099 2807 1177 Προϐαλλεται
2840 1104 2903 1175 δὴ
2936 1110 3026 1161 καὶ
3056 1112 3311 1185 κατορθοῖ
3338 1111 3431 1174 τὰς
3462 1112 3633 1176 νίκας’

2426 1194 2630 1247 Τούτου
2662 1195 2939 1266 θανόντος,
2970 1196 3225 1273 σύγγονον
3261 1199 3541 1273 βασιλίδος

2427 1284 2749 1341 Βασιλίσκον
2783 1284 3098 1362 προύκρινεν
3132 1288 3208 1350 εἷς
3239 1292 3587 1365 στρατηγίαν,

2424 1375 2521 1435 ’Ός
2550 1372 2861 1435 ἐκπλευκὼς
2895 1374 2971 1437 εἷς
3002 1378 3249 1451 Αφρικήν
3278 1379 3368 1432 σὺν
3403 1379 3585 1453 στόλῳ

2426 1462 2900 1536 Κατακρατοῦντος
2928 1468 3023 1517 τοῦ
3052 1464 3220 1519 τόπου
3252 1467 3562 1542 Γιζερίχου,

2284 1548 2391 1602 940
2427 1550 2625 1604 Ἧτταν
2654 1551 2857 1625 ὑπέσχε
2889 1548 3121 1606 δυσκλεὰ
3150 1555 3285 1608 κατὰ
3320 1556 3529 1628 μάχην,

2429 1636 2529 1693 Καὶ
2561 1644 2816 1694 πλεῖστον
2846 1636 3085 1695 ἀπέϐαλε
3113 1646 3220 1695 τῶν
3256 1645 3670 1717 στρατευμάτων

2428 1726 2745 1781 Ἀνατολίου
2778 1725 2823 1781 δ’
2853 1726 3243 1792 ἐκλελοιπότος
3276 1731 3416 1805 βίον,

2428 1815 2755 1889 Ἀρχιθύτης
2790 1813 3028 1871 δέδεικτο
3058 1824 3155 1886 τῆς
3191 1819 3591 1874 Κωνσταντίνου

2427 1901 2707 1966 Γεννάδιος
2733 1905 3025 1979 πρόμαχος
3048 1905 3273 1980 ὀρθοδοξ
3285 1907 3363 1970 ίας

2285 1993 2391 2048 945
2419 1992 2621 2046 Τούτου
2650 1994 2712 2047 τὸ
2746 1994 2895 2067 βιοῦν
2929 1994 2979 2048 ἐν
3012 1991 3188 2069 θρόνῳ
3222 1994 3572 2070 λελοιπότος,

2427 2078 2680 2143 Ἀκάκιος
2709 2082 2964 2144 κάκιστος
2991 2078 3120 2157 ἔσχε
3143 2084 3233 2138 τὸν
3269 2084 3482 2153 θρόνον.

2424 2170 2561 2244 Ἔφυ
2597 2168 2814 2243 βασιλεῖ
2844 2169 3200 2244 θυγατριδοῦς
3230 2194 3312 2235 τις
3339 2174 3459 2236 νέος

2425 2257 2515 2326 Ἐξ
2545 2256 2829 2332 Ἀριάδνης
2859 2260 2947 2313 καὶ
2979 2262 3231 2331 Ζήνωνοσ
3260 2262 3510 2338 συζύγου,

2422 2346 2521 2400 "Ov
2553 2345 2783 2407 καλέσας
2809 2347 3031 2417 Λέοντα,
3063 2350 3243 2420 ταινίᾳ
3272 2352 3447 2427 στέφει

2282 2435 2388 2489 953
2427 2434 2514 2489 Ἐν
2547 2434 2739 2506 ἡλικίᾳ
2769 2435 3111 2510 τυγχάνοντα
3140 2438 3376 2507 νηπίων.

2424 2522 2590 2583 Οὗτος
2621 2525 2854 2591 νοσήσας
2886 2520 3109 2593 εὐσεϐὴς
3131 2527 3251 2596 ἅναξ
3282 2526 3429 2584 Λέων

2422 2610 2519 2662 Τὸν
2553 2612 2783 2685 φθαρτὸν
2818 2611 3106 2668 ἐκλέλοιπε
3134 2619 3322 2669 τοῦτον
3368 2616 3514 2690 βίον,

2423 2700 2517 2765 Τῷ
2545 2697 2846 2773 θυγατριδῷ
2876 2700 3203 2776 καταλείψας
3230 2704 3292 2757 τὸ
3313 2706 3537 2779 κράτος,

2422 2782 2831 2849 Βεϐασιλευκὼς
2862 2789 2952 2844 σὺν
2991 2790 3132 2845 ὀκτὼ
3165 2789 3290 2845 δέκα
3314 2791 3572 2867 χρόνους*

2281 2875 2387 2930 955
2422 2875 2585 2945 ”Αναξ
2617 2875 2826 2951 ἱλαρὸς,
2851 2877 3080 2950 εὐμενὴς
3114 2879 3395 2951 ὑπηκόοις,

2424 2960 2691 3033 Γαληνὸς,
2724 2964 3083 3034 εὐέντευκτος,
3114 2965 3268 3037 ἡδὺς,
3302 2967 3536 3043 χαρίεις.

2732 3100 2918 3154 ΛΕΘΝ
2957 3101 3134 3155 ΝΕΟΣ
3176 3103 3286 3157 ΕΤ.
3330 3107 3407 3157 Α’.

2168 3216 2209 3284 C
2422 3199 2559 3264 Νέος
2592 3200 2638 3256 δ’
2670 3199 2857 3267 ἐπιϐὰς
2888 3212 2987 3275 τῆς
3022 3206 3299 3281 βασιλείας
3326 3207 3476 3262 Λέων

2422 3297 2702 3366 Κατῆρχεν
2734 3291 2899 3363 αὐτῆς
2927 3292 3206 3365 νηπιάζων
3238 3300 3317 3368 τῷ
3346 3298 3550 3370 χρόνῳο

2414 3382 2577 3442 Ἔτος
2610 3377 2666 3434 δὲ
2694 3380 2892 3450 ταύτην
2928 3380 2982 3437 ἓν
3013 3385 3301 3459 κατασχὼν
3333 3385 3423 3438 καὶ
3449 3385 3633 3457 μόνον,

2273 3469 2378 3523 960
2416 3469 2649 3542 ’Λπῆρεν
2684 3468 2825 3525 ἔνθεν
2851 3470 3177 3545 καταλείψας
3206 3473 3297 3527 τὸν
3335 3471 3473 3546 βίον

2686 3603 2916 3659 ΖΗΝΩΝ
2954 3606 3146 3660 ΟΜΟΥ
3184 3606 3294 3661 ET.
3335 3610 3436 3663 IZ'.

2415 3708 2595 3776 Ζήνων
2626 3705 2672 3760 δ’
2704 3708 2947 3784 ὑπῆρχεν
2978 3708 3028 3779 ἐξ
3059 3708 3337 3786 Ἰσαύρων,
3371 3709 3447 3771 ὡς
3478 3707 3635 3787 ἔφην,

2413 3791 2521 3848 Ατ’σ
2661 3795 2674 3813 ‘
2746 3797 2777 3850 ἀ
2811 3798 2839 3849 ’ἒ
2986 3797 3001 3817 ‘
3035 3795 3062 3852 δ
3303 3800 3317 3816 ‘
3467 3797 3511 3817 “’

2472 3838 2482 3847 .
2523 3814 2714 3868 χιστος
2780 3820 2803 3851 ν
2833 3818 2881 3872 ,ρ
2912 3818 3001 3851 και
3068 3799 3201 3871 έμας
3231 3819 3319 3853 και
3352 3816 3598 3873 καροιαν,

2416 3881 2692 3953 Κίναιδος,
2724 3886 2972 3961 αἰσχρὸς,
3006 3886 3341 3964 συμφόρημα
3368 3908 3581 3955 κακιας,

2414 3971 2619 4045 Ἐὸγων
2656 3978 2903 4049 πονηρῶν
2934 3974 3200 4047 ἀθεμίτων
3236 3974 3490 4049 ἐργάτης,

2269 4061 2374 4115 965
2412 4057 2652 4133 Ἀνδρῶν
2686 4060 2895 4135 ἐριννὺς
2927 4067 3033 4116 τῶν
3065 4063 3551 4138 περιφανεστέρων·

2410 4148 2532 4221 Οὐχ
2561 4149 2633 4210 ὡς
2671 4149 2923 4224 βασιλεὺς
2953 4148 3150 4205 διέπων
3184 4151 3509 4227 αύταρχίαν,

2409 4235 2567 4290 Ἀλλ’
2598 4237 2670 4298 ὡς
2696 4237 2954 4311 τύραννος
2984 4238 3294 4313 ἐμπιπρῶν,
3326 4240 3733 4316 καταστρέφων,

2412 4323 2508 4377 Καὶ
2539 4326 2711 4379 πάντα
2740 4331 2913 4381 ποιῶν
2948 4327 3024 4391 εἰς
3053 4330 3254 4405 φθορὰν
3285 4330 3565 4400 ὑπηκόων’

2410 4407 2577 4474 Σέὸας
2604 4415 2891 4492 κακόφρων
2916 4416 3250 4493 Οἰοφυσίτης
3280 4418 3466 4482 τάλας

2264 4502 2370 4555 970
2407 4501 2596 4574 Τούτῳ
2624 4524 2684 4576 γε
2714 4501 2883 4577 δειλῷ
2913 4505 3190 4561 παντάπαν
3219 4507 3483 4584 πεφυκότι

2152 4578 2197 4642 D
2405 4589 2729 4653 Βασιλίσκος
2760 4592 3020 4667 σύναιμος
3046 4593 3119 4648 ὣν
3151 4602 3248 4665 τῆς
3278 4578 3521 4671 Ῑέηρίνης

2401 4680 2623 4756 Ἀντῆρε
2651 4687 2815 4757 χεῖρα
2843 4681 3076 4753 Βηρίνης
3106 4704 3370 4758 συνεργιᾳ,

2396 4769 2501 4822 Καὶ
2529 4767 2674 4824 τόνδ’
2706 4768 3053 4847 ἐφυγάδευσεν
3082 4772 3157 4833 εἰς
3183 4774 3283 4841 τὴν
3310 4768 3544 4847 πατρίδα

2397 4858 2523 4912 Εἶτα
2552 4859 2888 4932 περιτίθησιν
2919 4859 3066 4933 αὐτῷ
3090 4860 3152 4915 τὸ
3180 4861 3367 4937 στέφος

2251 4945 2357 4999 975
2397 4946 2498 4999 Καὶ
2529 4948 2697 5001 πάντα
2726 4948 3026 5021 παράσημα
3053 4956 3153 5016 τῆς
3181 4949 3517 5023 κραταρχίας

2392 5038 2501 5101 Τῆς
2528 5043 2861 5110 συγχυτικῆς
2892 5034 3210 5105 κακοδοξίας
3242 5035 3424 5090 πέλων

2388 5124 2494 5188 Τῆς
2525 5122 2803 5196 Εύτυχοῦς
2833 5145 2890 5177 τε
2918 5126 3007 5178 καὶ
3040 5123 3335 5193 Διοσκόρου
3367 5122 3575 5195 λύμης,

2389 5209 2723 5280 Ἐκκπησίας
2756 5211 2910 5273 οὗτός
2941 5233 3001 5287 γε
3027 5213 3121 5273 τὰς
3153 5212 3500 5286 ὀρθοφρόνων

2390 5303 2606 5372 Πικρῶς
2638 5299 2833 5353 ἐκάκου
2855 5298 3221 5361 παντοδαπαῖς
3242 5299 3467 5361 αἶκίαις’

2244 5387 2349 5441 980
2387 5385 2482 5438 Καὶ
2515 5386 2739 5441 σύνοδον
2779 5386 2835 5441 δὲ
2863 5390 2964 5456 τὴν
2995 5389 3130 5443 κατὰ
3159 5386 3485 5458 Χαλκηδόνα

2385 5476 2597 5544 Σεπτήν
2631 5477 2827 5551 ἀκυροῖ
2852 5479 3165 5553 γράμμασιν
3199 5478 3273 5538 ὡς
3306 5476 3405 5530 οὐκ
3420 5472 3547 5531 ἔδει·

2382 5565 2477 5617 Καὶ
2511 5566 2856 5639 πατριάρχην
2890 5567 2977 5619 καὶ
3012 5563 3298 5638 συνέδρους
3330 5565 3590 5636 ποιμένας

2380 5653 2560 5708 Ταῦτα
2588 5657 2786 5730 κυροῦν
2818 5649 3013 5729 ἔπειθε,
3043 5654 3134 5710 καὶ
3163 5652 3338 5709 τοῖσδ’
3369 5652 3638 5728 ἐμμένειν.

3823 377 3884 433 48
