4132 6300
226 392 280 448 49

376 513 533 573 Ἀλλ’
562 510 868 588 ὀρθοδὸξων
899 515 1360 590 συναθροισθέντες
1390 514 1577 592 στίφος

252 607 345 663 985
380 602 700 659 Βασὶλίσκον
738 602 1004 678 βάλλουσι
1033 608 1149 665 ταῖς
1182 601 1354 679 δυσφη
1368 601 1534 675 μίαις·

374 692 479 760 Τήν
512 689 742 746 σύνοδον
775 690 820 745 δ’
849 692 912 744 αὖ
944 692 1265 765 ἆνεκήρυξαν
1292 690 1454 746 πάλιν

381 780 774 853 Θεοκρότητον,
806 778 983 854 ἁγίαν,
1017 775 1334 852 σεϐασμίαν·

380 870 476 922 Διά
502 889 565 943 γε
593 873 762 922 ταῦτα
790 867 1111 928 Βασιλίσκος
1145 869 1306 937 ἀξίως

378 963 543 1011 Πᾶσιν
573 956 944 1030 ἀποτρόπαιος
971 957 1029 1024 ἢν
1062 955 1382 1031 στυγητέος·

250 1048 345 1102 990
379 1047 571 1117 Ὅμως
597 1046 735 1099 κατὰ
763 1046 1010 1114 Ζήνωνος
1038 1043 1296 1117 ἐκπέμπει
1330 1045 1503 1119 τάχος

375 1131 603 1208 Ἀνδρας
632 1132 971 1208 στρατηγοὺς
1000 1133 1090 1186 καὶ
1122 1132 1212 1186 σὺν
1247 1134 1430 1194 αὐτοῖς
1462 1130 1736 1207 δυνάμεις,

381 1220 745 1297 Ηροσρυέντες
770 1225 848 1292 τῷ
874 1223 1084 1291 Ζήνωνι
1111 1219 1351 1295 γνησίως

376 1309 735 1381 Σπεισάμενοί
761 1329 840 1377 τε,
874 1309 1011 1381 πρὸς
1039 1308 1200 1363 πόλιν
1236 1306 1491 1383 βασιλίδα

370 1399 535 1462 Αὖθις
572 1398 707 1471 μετᾶ
735 1399 983 1467 Ζήνωνος
1011 1400 1141 1465 ἧκον
1164 1397 1214 1451 έν
1237 1397 1415 1472 τάχει·

242 1499 339 1553 995
375 1496 477 1554 Καὶ
505 1494 675 1549 πάλιν
704 1494 1005 1570 ἀπείληφεν
1036 1495 1195 1557 οὗτος
1220 1495 1283 1549 τὸ
1312 1497 1532 1569 κράτος,

377 1586 569 1656 Δήμου
592 1604 651 1638 τε
680 1581 818 1637 λαοῦ
845 1579 1003 1637 τόνδε
1028 1580 1521 1657 προσδεδεγμένου·

373 1671 691 1732 Βασικίσκος
723 1669 780 1725 δὲ
807 1672 1133 1748 προσφυγὼν
1165 1668 1431 1743 ἐκκλησίᾳ

368 1760 520 1817 Μετὰ
546 1759 802 1833 γυναικὸς
835 1759 1020 1828 ἱκέτης
1047 1758 1137 1813 καὶ
1171 1756 1467 1835 φιλτατων,

367 1850 577 1907 ’Ἐπειέ
609 1847 806 1903 ἐκεῖθεν
841 1846 1141 1919 ἐξελασθεὶς
1172 1848 1381 1921 ὁρκίοις

211 1951 337 2006 1000
372 1948 519 2004 Ἐκεῖ
547 1945 699 2019 λιμῷ
726 1946 954 2014 τέθνηκε
985 1945 1203 2021 φθαρεὶς
1236 1943 1458 2013 ἀθλίως,

372 2038 504 2103 Ἕτη
536 2035 825 2108 κατασχὼν
857 2036 957 2102 τήν
993 2032 1267 2107 βασιλείαν
1303 2030 1419 2091 δύο,

370 2123 581 2181 Τούτου
610 2125 960 2197 κρατοῦντος,
991 2124 1058 2193 τῇ
1096 2117 1335 2193 βασιλίδι
1367 2120 1527 2175 πόλει

376 2211 617 2287 Ιιυρκαιά
642 2231 727 2271 τις
753 2204 949 2278 συνέϐη
983 2207 1270 2286 φρικαλέα,

210 2305 331 2359 1005
365 2303 457 2357 Ἐκ
486 2297 943 2374 χαλκοπρατείων
974 2318 1037 2371 γε
1066 2298 1234 2369 πυρὸς
1266 2294 1542 2370 ἡμμένου.

359 2391 467 2467 Ὑφ’
495 2390 564 2458 ἦς
589 2385 949 2457 κατηθάλωτο
980 2386 1069 2440 καὶ
1117 2383 1377 2461 διεφθάρη

361 2474 541 2533 Ἄλλα
568 2497 629 2530 τε
658 2474 893 2529 πλεῖστα
916 2473 1006 2527 καὶ
1041 2470 1212 2544 δόμος
1241 2471 1414 2549 φύλαξ
1450 2468 1656 2548 βίϐλων

365 2568 451 2626 Ἐς
486 2560 758 2639 μυριάδας
790 2559 998 2616 δώδεκα
1029 2556 1410 2633 ποσουμένων·

364 2654 448 2711 Ἐν
481 2656 569 2716 αἷς
598 2651 790 2727 χορίον
824 2651 915 2705 καὶ
948 2647 1238 2723 δράκοντος
1270 2651 1344 2712 ὡς
1375 2648 1541 2723 λόγος

362 2740 411 2797 εν
442 2762 549 2796 τινι
583 2738 859 2799 κλεισθεὶς
889 2736 1103 2812 πυρρίῳ
1133 2737 1224 2791 τὸν
1251 2736 1507 2806 τεκνίοις,

211 2841 331 2896 1010
367 2841 657 2913 Πρόμηκες
693 2838 832 2905 ὑπῆν
864 2835 914 2897 ές
945 2832 1113 2896 πόδας
1144 2833 1438 2906 τεταμένον

370 2929 510 3002 Πρὸς
537 2932 655 2988 τοῖς
687 2926 875 2979 έκατόν
909 2921 1102 2991 εἴκοσι,
1133 2925 1313 2995 θαῦμα
1351 2922 1520 2992 ξένον,

366 3017 497 3080 Καθ’
528 3016 589 3070 οὗ
620 3018 849 3090 χρυσοῖς
881 3013 1194 3088 γράμμασιν
1226 3009 1662 3087 ἐγγεγραμμέναι

368 3109 532 3159 ’Ἦσαν
563 3105 815 3176 Ὁμήρου
841 3104 938 3155 τοῦ
969 3104 1137 3176 σοφοῦ
1169 3098 1436 3175 ῥαψῳδίαι

369 3191 557 3263 Ἰλιὰς,
588 3188 891 3249 Ὀδύσσεια·
922 3193 1019 3266 φεῦ
1047 3195 1145 3258 τῆς
1181 3194 1242 3257 ζη
1256 3186 1411 3260 μίαςῐ

205 3284 337 3339 1015
369 3274 688 3336 ’Λναλαϐὼν
722 3276 780 3332 δὲ
809 3279 995 3347 Ζήνων
1021 3275 1377 3351 κραταρχίαν,

370 3371 667 3445 Ἀρμάτιον
705 3369 799 3439 μὶν
830 3363 973 3437 τῷδε
1004 3366 1380 3440 συνηργηκότα

370 3452 754 3533 Προϐάλλεται
789 3452 856 3522 δὴ
882 3453 1169 3528 ταγμάτων
1203 3452 1588 3527 στρατηγέτην,

372 3547 490 3600 ne».
524 3542 570 3599 δ’
605 3543 812 3598 ἐκείνου
845 3542 1081 3614 Καίσαρα
1105 3540 1272 3595 πάλιν
1299 3541 1496 3616 στέφει·

371 3635 501 3689 Εἶτα
527 3632 617 3686 τὸν
648 3629 948 3704 Ἀρμάτιον
970 3626 1167 3684 ἕκτεινε
1196 3629 1356 3705 ξίφει·

209 3724 337 3780 1020
376 3718 547 3777 Παῖδα
579 3718 637 3775 δὲ
663 3720 757 3774 τὸν
791 3718 1033 3793 Καίσαρα
1060 3714 1325 3792 κληρικὸν
1359 3713 1554 3791 δράσας

369 3807 691 3884 Περιπολεῖν
726 3804 895 3861 εἴασεν
930 3804 1071 3859 οὕτω
1099 3804 1191 3858 τὸν
1228 3803 1363 3878 βίον·

369 3899 458 3961 Ὧς
485 3898 668 3952 πίστιν
703 3894 869 3969 ὀρθὴν
903 3894 1005 3947 οὐκ
1032 3892 1295 3968 ἐφύλαξαν
1327 3893 1555 3967 φράσας,

377 3985 539 4042 Οὗτοι
566 3984 1014 4059 κραταρχήσαντι
1042 3984 1121 4050 τδρ
1152 3980 1483 4051 Βασιλίσκῳ,

372 4069 495 4131 Oiit'
526 4072 591 4127 αὖ
621 4072 748 4143 ἐμοὶ
776 4069 975 4139 ταύτην
1007 4090 1068 4143 γε
1097 4066 1386 4146 φυλάξουσ’
1411 4066 1571 4130 ⁸ίσως.

213 4162 345 4218 1025
380 4162 515 4234 Πρὸς
541 4157 728 4216 τοῖσδε
754 4156 1002 4218 πολλοὺς
1031 4157 1350 4231 παρέπεμψε
1380 4157 1606 4229 θανάτῳ,

374 4248 613 4310 Ἄλλους
644 4245 691 4301 δ’
723 4245 915 4300 ἐκάκου
943 4243 1269 4319 κατέτρυχεν
1298 4244 1497 4307 αἰκίαις

373 4342 483 4393 Τῶν
510 4335 750 4393 εὐκλεῶν
783 4355 841 4389 τε
862 4333 951 4389 καὶ
981 4352 1464 4409 περιφανεστερων·

377 4425 466 4489 Εἷς
488 4428 588 4501 γάρ
621 4422 889 4496 ἀθέσμους
920 4420 1169 4482 ἐκκλίνας
1203 4419 1595 4495 αῗσχρουργίας

380 4515 600 4587 Πράξεις
635 4510 955 4585 μιαιφόνους
985 4530 1043 4564 τε
1071 4509 1161 4564 καὶ
1196 4507 1517 4582 βδελυκτέας

220 4611 347 4667 1030
372 4612 507 4686 Πρὸς
536 4609 585 4666 δ’
616 4608 682 4664 αὖ
714 4607 975 4681 ύπάχθεὶς
1007 4605 1208 4681 αἱρέσει
1241 4606 1541 4679 Διοσκόρου

381 4700 634 4769 Μυσητὸς
662 4698 729 4765 ἦν
762 4698 922 4751 ἅπασι
951 4696 1039 4750 καί
1068 4700 1186 4756 τοῖς
1215 4693 1264 4749 έν
1284 4693 1449 4763 τέλει,

380 4785 631 4862 Ἀριάδνῃ
663 4784 721 4841 δὲ
748 4788 815 4858 τῇ
848 4785 1083 4855 συνεύνῳ
1112 4782 1202 4837 καὶ
1223 4781 1414 4837 πλέον·

383 4877 537 4933 Ὀθεν
567 4879 717 4947 σορῷ
744 4872 973 4936 τέθαπτο
1005 4870 1153 4942 δέξας
1182 4869 1450 4942 τεθνάναι,

386 4964 543 5021 Κάκεῖ
579 4962 772 5039 βιαίως
799 4962 888 5017 τὸν
926 4960 1040 5037 βίον
1072 4958 1442 5034 καταστρέφει·

229 5051 353 5107 1035
388 5053 449 5109 Οἱ
482 5052 572 5125 μέν
606 5073 733 5130 φασι
769 5052 953 5124 μέθαις
983 5070 1042 5104 τε
1070 5049 1355 5124 χρώμενον
1385 5046 1572 5110 πότοις

385 5143 661 5198 Ἕκστασιν
694 5140 851 5195 αὐτὸν
884 5142 990 5192 τῶν
1024 5141 1231 5213 φρενῶν
1260 5136 1600 5200 πεπονθέναι·

387 5229 612 5300 Δόξαντα
642 5227 689 5284 δ’
722 5228 953 5303 οἰκτρῶς
985 5223 1357 5280 ἐκλελοιπέναι
1393 5223 1534 5300 βίον,

388 5325 745 5392 Κατατεθῆναι
779 5322 1005 5393 λάρνακι
1031 5318 1167 5372 καθά
1195 5316 1367 5372 νέκυν·

392 5410 484 5466 Καὶ
514 5409 961 5483 πωματισθέντος
990 5426 1051 5478 γε
1075 5408 1168 5459 τοῖ’)
1195 5406 1366 5483 τάφου
1396 5404 1552 5477 λίθῳ,

243 5490 364 5548 1040
386 5498 655 5571 Γοώμενον
687 5498 919 5552 κάκιστα
944 5494 1116 5547 θανεῖν
1145 5491 1196 5547 ἐν
1222 5492 1395 5569 τάφῳ·

392 5585 574 5641 Ἀλλοι
608 5585 666 5641 δὶ
694 5588 887 5648 παθεῖν
918 5583 1077 5634 τοῦτο
1109 5577 1285 5649 δεινῆς
1315 5580 1374 5635 ἐκ
1400 5580 1557 5635 νόσου

392 5673 543 5731 Δόντα
573 5679 749 5741 θανεῖν
785 5670 1010 5740 δόκησιν
1043 5668 1287 5743 ἀθροῦσιν
1309 5668 1483 5732 ὅλοις.

1713 393 2079 450 CESARBS.

1867 524 1921 588 Α
1951 519 2061 575 Sed
2093 521 2250 577 enim
2281 524 2583 581 orthodoxi
2615 526 2812 579 coacto
2841 524 2989 578 coetu

1956 609 2302 666 Basiliscum
2336 613 2664 668 maledictis
2700 610 3115 683 perculerunt;

1955 698 2449 770 decreveruntque
2481 706 2745 756 sanctam
2780 699 2960 753 fuisse
2987 696 3275 765 synodum

1955 786 2235 842 divinitus
2266 794 2676 860 congregatam
2707 791 2763 841 et
2789 784 3202 841 venerabilem.

1955 873 2039 928 0b
2071 873 2191 929 haec
2223 877 2405 930 evasit
2434 876 2751 931 Basiliscus
2775 874 2983 929 merito

1955 963 2175 1018 cunctis
2206 964 2636 1020 abominandus
2666 968 2721 1019 et
2751 960 3132 1018 detestabilis.

1954 1052 2164 1107 Contra
2195 1054 2481 1108 Zenonem
2515 1058 2707 1108 tamen
2741 1052 2790 1106 is
2821 1050 3084 1107 celeriter

1954 1142 2130 1196 duces
2162 1156 2296 1195 cum
2330 1141 2512 1211 copiis
2543 1141 2707 1195 misit
2739 1137 3125 1203 militaribus;

1952 1245 2077 1301 quae
2103 1230 2173 1284 ad
2202 1230 2490 1283 Zenonem
2522 1233 2730 1299 sponte
2762 1226 3115 1290 deﬁcientes,

1945 1318 2266 1388 junctoque
2297 1333 2495 1372 secum
2528 1317 2739 1370 ﬁndere
2769 1315 2839 1369 ad
2874 1314 3075 1369 urbem
3108 1310 3327 1383 regiam

1951 1406 2124 1461 citato
2154 1406 2339 1476 gradu
2368 1421 2500 1459 cum
2532 1406 2757 1459 Zenone
2786 1404 3053 1459 redeunt.

1952 1504 2099 1574 Ergo
2131 1501 2224 1556 hic
2257 1500 2567 1572 imperium
2601 1500 2817 1569 recepit
2849 1499 3061 1563 denuo,

1951 1590 2178 1646 favente
2209 1588 2409 1661 populi
2442 1591 2654 1643 cuncta
2684 1586 3085 1641 multitudine.

1948 1682 2020 1735 At
2050 1679 2366 1733 Basiliscus
2399 1676 2643 1749 supplex
2674 1677 2743 1731 ad
2776 1674 3080 1731 ecclesiam

1950 1767 2211 1838 confugit
2244 1782 2379 1821 cum
2410 1782 2587 1821 uxore
2619 1763 2866 1835 aliisque
2898 1761 3223 1817 aﬁectibus.

1868 1874 1916 1939 B
1947 1857 2110 1912 Illinc
2143 1855 2351 1910 deinde
2378 1856 2513 1909 data
2535 1853 2793 1923 juranda
2821 1852 2933 1905 ﬁde

1945 1954 2188 2019 excitus,
2221 1952 2596 2022 claususque,
2631 1954 2791 2006 turre
2820 1965 2951 2004 cum
2984 1946 3176 2019 parvis
3208 1944 3431 2013 liberis,

1942 2039 2158 2095 ibidem
2193 2039 2346 2093 fame
2378 2038 2589 2093 misere
2619 2035 2941 2104 contabuit,

1942 2133 2254 2201 postquam
2284 2127 2518 2183 biennio
2547 2143 2788 2195 regnum
2820 2125 3159 2180 retinuerat.

1941 2217 2144 2271 Adhuc
2176 2216 2275 2271 illo
2308 2218 2609 2287 regnante,
2642 2214 2701 2268 in
2736 2214 2877 2268 urbe
2906 2213 3065 2284 regia

1943 2303 2245 2359 calamitas
2274 2302 2528 2357 incendii
2559 2302 2851 2358 horrenda
2880 2301 3123 2371 contigit
3154 2316 3167 2354 :

1944 2407 2200 2463 namque
2230 2391 2495 2445 excitatis
2526 2391 2583 2445 in
2618 2391 2741 2445 foro
2771 2390 2972 2444 aerario
3004 2388 3261 2443 ﬂammis

1945 2483 2301 2552 propagatus
2332 2478 2484 2549 ignis
2513 2495 2647 2532 cum
2684 2479 2801 2533 alia
2831 2476 3165 2547 absumpsit

1942 2572 2067 2623 tum
2101 2566 2486 2622 inﬂammavit
2514 2566 2689 2620 etiam
2720 2564 3138 2620 bibliothecam

1945 2656 2177 2711 divitem
2212 2655 2387 2710 tomis
2418 2658 2650 2709 centum
2677 2653 2880 2723 viginti
2911 2652 3187 2707 millibus.

1946 2760 2006 2799 m
2037 2744 2129 2799 his
2154 2750 2207 2798 et
2236 2741 2508 2798 draconis
2538 2757 2771 2813 quoque
2801 2741 2979 2797 fuisse
3011 2740 3225 2797 dicitur

1946 2840 2167 2896 corium
2200 2839 2580 2911 praelongum,
2613 2841 2848 2893 centum
2879 2838 3092 2908 vigenti
3124 2841 3333 2907 patens

1945 2929 2143 3000 pedes,
2178 2929 2417 2997 mirum,
2448 2926 2775 2991 insolitum,
2808 2927 2867 2981 in
2899 2942 3014 2997 quo
3044 2927 3272 2998 scriptae

1946 3017 2151 3072 formis
2184 3016 2509 3071 litterarum
2542 3032 2682 3070 auro
2715 3014 3096 3071 rutilantibus

1946 3105 2181 3159 Homeri
2209 3103 2487 3174 sapientis
2514 3104 2746 3158 fuerant
2776 3103 3103 3175 rhapsodiae

1951 3192 2087 3248 Ilias
2118 3197 2175 3248 et
2207 3193 2467 3262 Odyssea
2498 3192 2666 3263 (proh
2700 3193 2988 3263 pernicies
3008 3191 3068 3262 1).

1947 3284 2197 3352 Recepto
2227 3280 2405 3350 igitur
2435 3280 2585 3334 Zeno
2626 3281 2858 3349 imperio

1943 3368 2307 3424 Harmatium
2339 3367 2438 3439 qui
2470 3366 2579 3422 sibi
2613 3367 2915 3438 suppetias
2946 3366 3161 3421 tulerat

1944 3456 2304 3514 militaribus
2333 3456 2517 3527 copiis
2548 3456 2754 3510 ducem
2789 3454 3048 3525 praeﬁcit,

1944 3550 2336 3618 praetereaque
2367 3544 2553 3598 ﬁlium
2584 3545 2712 3613 ejus
2743 3547 2899 3598 creat
2928 3542 3231 3598 Caesarem.

1943 3635 2164 3691 Deinde
2192 3633 2558 3687 Harmatium
2589 3632 2780 3703 gladio
2814 3646 3159 3703 percussum
3192 3634 3381 3699 necat,

1944 3723 2242 3791 ﬁliumque
2270 3722 2397 3791 ejus
2427 3722 2704 3776 Caesarem
2738 3722 2891 3776 clero
2922 3720 3222 3787 adscribit,

1945 3811 2149 3883 sicque
2170 3808 2255 3864 illi
2287 3809 2415 3863 vitae
2446 3809 2671 3865 veniam
2705 3807 3018 3863 retinendae
3053 3809 3209 3863 facit.

1944 3905 2090 3956 Nam
2125 3897 2400 3970 quoniam
2434 3896 2553 3963 isti,
2583 3897 2792 3966 aiebat,
2827 3897 3122 3968 fregerunt
3145 3896 3319 3951 ﬁdem

1947 4005 2125 4060 quam
2159 3987 2431 4042 Basilisco
2463 3984 2712 4057 principi
2742 3985 3198 4055 spoponderant,

1948 4078 2033 4133 sic
2064 4080 2129 4130 ut
2158 4076 2269 4145 ipsi
2304 4075 2447 4128 mihi
2480 4078 2707 4128 servent
2737 4073 2937 4126 eadem
2967 4089 3187 4126 vereor.

1949 4166 2159 4220 Praeter
2185 4164 2311 4231 hos,
2344 4162 2490 4217 alios
2521 4160 2735 4216 multos
2764 4160 2920 4216 letho
2951 4160 3112 4215 dedit

1948 4255 2018 4309 de
2048 4268 2293 4307 numero
2327 4249 2609 4305 nobilium
2641 4254 2818 4320 atque
2843 4247 3240 4319 optimatium,

1945 4342 2033 4397 vel
2066 4339 2358 4411 impositis
2388 4339 2578 4411 plagis
2608 4338 2976 4394 excruciavit.

1946 4432 2096 4501 Ergo
2128 4428 2388 4484 scelestis
2416 4427 2728 4497 indulgens
2760 4426 3117 4482 facinoribus

1946 4519 2317 4588 caedibusque
2348 4533 2623 4588 grassans
2655 4514 2980 4584 ﬂagitiosis,

1948 4609 2210 4664 imbutus
2241 4606 2481 4676 insuper
2508 4602 2714 4659 haeresi
2744 4601 3027 4670 Dioscori,

1949 4702 2164 4775 populo
2191 4700 2411 4756 invisus
2444 4704 2569 4753 erat
2597 4702 2654 4752 et
2682 4696 3084 4767 optimatibus,

1949 4789 2183 4862 conjugi
2214 4805 2346 4845 vero
2384 4787 2647 4842 Ariadnae
2678 4801 2856 4855 quam
2887 4785 2986 4854 qui
3021 4784 3293 4840 maxime.

1948 4877 2332 4942 Quamobrem
2365 4874 2639 4930 simulato
2670 4872 2873 4927 mortis
2903 4888 3065 4940 casu,

1949 4983 2084 5022 arca
2115 4962 2443 5030 conclusus,
2476 4960 2692 5015 ibidem
2724 4962 2871 5016 mori
2903 4960 3145 5031 cogitur.

1948 5058 2052 5111 Ast
2080 5053 2179 5111 alii
2210 5055 2472 5119 narrant,
2503 5051 2660 5106 hunc
2690 5049 2991 5120 indulgere
3022 5048 3269 5120 crapulae

1948 5150 2007 5200 et
2037 5144 2196 5215 potui
2230 5141 2485 5207 solitum,
2519 5138 2727 5196 mentis
2757 5154 3099 5209 perpessum
3132 5136 3410 5204 extasim;

1950 5238 2124 5304 atque
2154 5231 2234 5286 ita
2264 5230 2547 5286 creditum
2577 5228 2756 5283 vitam
2788 5226 2988 5282 ﬁnisse
3017 5226 3245 5293 misere,

1948 5337 2139 5393 capsae
2170 5320 2348 5375 fuisse
2378 5317 2654 5373 traditum
2688 5332 2789 5370 ceu
2822 5316 3102 5382 cadaver;

1949 5413 2075 5464 tum
2106 5425 2239 5464 vero
2273 5408 2396 5462 saxi
2428 5407 2661 5461 admoto
2694 5404 2763 5459 ad
2797 5402 3130 5474 sepulcrum
3165 5401 3347 5469 obice,

1949 5497 2289 5553 tristissimo
2317 5494 2634 5565 eiulantem
2667 5509 2825 5547 mors
2857 5490 3167 5563 oppressit.

1946 5587 2054 5642 Alii
2089 5585 2339 5656 denique
2371 5587 2610 5638 narrant
2636 5582 2690 5636 id
2723 5580 2807 5634 illi
2839 5597 2905 5634 ex
2934 5579 3094 5650 gravi

1946 5673 2148 5731 morbo
2180 5671 2484 5740 accidisse,
2513 5671 2827 5739 visumque
2858 5667 3205 5723 exstinctum
3230 5665 3521 5723 omnibus.
