4132 6300
444 386 510 443 51

860 513 957 572 AN
970 514 1268 571 ATASIUS
1306 516 1421 572 AN.
1462 515 1679 573 XXVII.

451 635 679 692 Zenone
710 634 869 692 hunc
898 636 1030 694 vitae
1055 638 1277 694 exitum
1310 640 1538 707 sortito,

450 727 693 779 senatus
724 728 781 780 et
809 724 1182 795 optimatium
1207 728 1277 782 de
1307 729 1600 783 sententia

449 812 650 881 regina
678 811 933 867 Ariadna
964 813 1035 867 ad
1068 815 1401 870 societatem
1434 815 1564 870 vitae

455 898 582 970 lege
604 887 796 970 jugali
829 901 1086 956 traditur
1116 902 1445 970 Anastasio,

454 986 549 1042 cui
580 986 796 1043 fontem
820 989 1051 1059 generis
1082 990 1223 1046 urbs
1252 990 1579 1062 Epidaurus
1611 987 1880 1062 praebuit.

452 1075 603 1131 Tum
634 1075 686 1131 is
726 1076 1024 1133 Romanus
1056 1079 1271 1150 legitur
1294 1080 1613 1150 imperator
1684 1110 1687 1113 -

458 1164 714 1220 eunuchi
746 1164 954 1222 validis
986 1168 1213 1223 artibus
1246 1167 1486 1234 Urbicii,

462 1256 638 1323 atque
669 1253 739 1309 ab
772 1254 1099 1326 Euphemio
1130 1262 1443 1312 coronatur
1469 1254 1743 1328 prmsule.

462 1339 559 1396 Sic
588 1345 678 1397 est
708 1343 1023 1414 imperium
1056 1350 1264 1401 nactus
1299 1345 1675 1414 Anastasius,

464 1428 560 1484 cui
590 1435 1041 1501 cognomentum
1074 1432 1320 1489 Dicorus
1349 1433 1617 1503 adhaesit,

471 1516 753 1589 quoniam
784 1518 1000 1591 pupilie
1025 1520 1133 1576 fuit
1163 1521 1579 1586 dissimilibus,

471 1606 741 1661 dextrum
770 1606 1035 1664 videlicet
1056 1608 1444 1681 nigricantem
1476 1607 1734 1678 oculum,

470 1693 743 1764 glaucum
776 1694 1085 1752 sinistrum
1117 1698 1428 1770 insigniter
1455 1713 1681 1769 gerens.

472 1781 578 1837 IIic
607 1782 894 1839 tributum
928 1786 1056 1840 auri
1087 1786 1451 1858 argentique,

469 1870 725 1927 invisum
758 1872 983 1929 cunctis
1014 1874 1267 1930 subditis
1297 1873 1832 1945 molestissimum;

478 1957 702 2014 malum
732 1960 976 2032 vectigal
1007 1961 1099 2034 pie
1130 1964 1421 2033 perimens
1452 1962 1719 2031 sustulit;

478 2063 595 2119 quo
626 2053 917 2118 manente,
949 2066 1433 2123 unumquemque
1463 2068 1613 2123 opus
1641 2054 1766 2107 erat

481 2152 587 2207 pro
617 2151 681 2191 se
712 2135 1020 2208 brutisque
1050 2138 1224 2195 etiam
1256 2139 1613 2196 animalibus

481 2239 747 2279 annuum
777 2226 1077 2281 nomisma
1105 2227 1338 2298 publico
1367 2229 1568 2284 aerario
1597 2227 1865 2299 pendere.

485 2311 644 2366 Idem
675 2310 910 2368 venales
940 2318 1113 2370 antea
1139 2315 1455 2386 dignitates

483 2404 541 2454 et
570 2397 933 2469 publicarum
966 2416 1160 2457 rerum
1201 2403 1663 2474 procurationes,

483 2486 710 2543 sublato
741 2488 945 2555 abusu,
977 2491 1159 2562 gratis
1189 2492 1458 2547 tradebat
1487 2492 1704 2563 dignis.

482 2575 729 2631 Casteras
761 2592 993 2647 quoque
1024 2579 1303 2649 regnandi
1335 2583 1528 2651 partes
1568 2583 1719 2635 recte
1756 2578 2043 2651 explebat.

481 2662 967 2735 Synchyticorum
999 2668 1195 2722 tamen
1224 2672 1543 2738 occupatus
1574 2666 1783 2723 haeresi

483 2749 759 2807 Ecclesiis
788 2752 1127 2809 orthodoxis
1158 2754 1439 2811 molestus
1472 2760 1611 2811 erat.

484 2838 603 2895 Hoc
633 2846 913 2911 regnante
944 2843 1253 2899 Anastasio
1285 2844 1434 2899 mira
1464 2860 1557 2899 res
1596 2844 1807 2900 evenit.

482 2926 731 2991 Quidam
763 2931 1098 3001 Agarenicm
1131 2932 1318 2988 tribus
1353 2932 1624 3004 princeps

482 3015 578 3071 cui
610 3032 823 3072 nomen
856 3019 1307 3087 Alamundarus,
1341 3020 1515 3076 homo
1538 3020 1713 3093 frugi,

481 3103 715 3161 Christo
748 3121 813 3162 se
843 3105 1193 3179 adjungens,
1228 3108 1454 3179 riteque
1483 3110 1726 3165 edoctus
1759 3110 1894 3166 ﬁdei

487 3193 763 3265 dogmata
787 3194 860 3249 ab
890 3195 1229 3251 orthodoxis
1258 3196 1795 3268 archiprassulibus,

487 3280 864 3353 baptismatis
895 3288 1189 3354 postremo
1219 3286 1469 3356 gratiam
1501 3286 1798 3358 impetrat.

491 3368 809 3441 Recognita
840 3371 1084 3427 Severus
1115 3375 1385 3444 profanos
1415 3391 1554 3431 suos

490 3461 756 3529 pastores
785 3459 857 3514 ad
889 3459 1045 3515 hunc
1077 3461 1255 3516 mittit
1284 3461 1406 3517 sine
1438 3478 1601 3519 mora

490 3562 740 3617 quorum
771 3564 878 3619 ope
908 3549 1264 3621 neophytum
1305 3551 1377 3605 ad
1409 3567 1471 3605 se
1504 3551 1785 3623 pelliciat.

490 3635 546 3689 Is
577 3639 773 3691 autem
804 3635 938 3692 ﬁdei
970 3640 1162 3701 tenax,
1194 3642 1252 3692 et
1279 3637 1492 3694 Christi
1524 3638 1673 3711 lapis

489 3722 795 3793 immotus,
820 3722 1040 3794 legatos
1072 3725 1203 3782 illos
1235 3728 1320 3782 sic
1349 3727 1615 3800 coarguit
1646 3743 1659 3782 :

490 3811 715 3867 curavit
744 3812 901 3868 enim
934 3818 997 3868 ut
1020 3812 1328 3870 familiaris
1361 3815 1532 3871 homo

489 3899 561 3955 ad
594 3914 795 3954 aurem
824 3900 938 3955 sibi
960 3900 1177 3971 aliquid
1208 3918 1485 3958 arcanum
1517 3903 1735 3960 diceret
1767 3920 1781 3960 :

490 3990 616 4041 tum
646 3987 897 4059 impuris
930 3989 1261 4059 pastoribus
1288 3990 1779 4061 inspectantibus,

496 4090 740 4130 maerore
760 4091 824 4130 se
853 4087 1182 4148 correptum
1212 4077 1381 4133 ﬁnxit
1410 4078 1701 4151 princeps.

496 4162 587 4218 Illi
617 4179 849 4218 causam
881 4170 1087 4236 rogant
1114 4182 1127 4232 ;
1163 4182 1312 4237 quos
1336 4171 1540 4223 contra
1577 4168 1717 4225 talia
1746 4170 1921 4228 refert

497 4250 831 4307 nuntiatum
857 4252 990 4319 sibi,
1025 4253 1366 4309 Michaelem
1396 4265 1750 4314 summatem

497 4337 959 4410 angelorumque
1002 4341 1211 4397 ducem
1244 4358 1430 4413 nuper
1459 4347 1777 4403 mortuum.

497 4425 620 4483 Illis
645 4444 970 4484 sermonem
1000 4430 1174 4485 talem
1209 4431 1620 4501 respuentibus
1645 4450 1659 4501 ;

497 4516 696 4571 fabula
724 4521 961 4588 retecta,
996 4520 1081 4573 sic
1112 4526 1312 4573 contra
1345 4520 1497 4575 fatur
1526 4521 1758 4592 regulus
1794 4541 1807 4578 :

498 4603 614 4659 Cur
642 4619 778 4676 ergo
806 4621 912 4660 vos
942 4604 1200 4662 humana
1228 4623 1359 4662 cum
1394 4613 1602 4664 natura

500 4690 757 4747 divinam
790 4694 932 4764 pati,
966 4710 1153 4766 nuper
1181 4695 1401 4752 tulistis
1431 4698 1645 4769 dogma
1664 4699 1692 4753 ?

501 4784 660 4836 Tunc
692 4780 775 4835 illi
807 4781 943 4837 victi
972 4783 1192 4853 pudore
1223 4784 1619 4842 discedebant.

504 4867 726 4924 Certior
757 4868 1105 4926 Anastasius
1137 4873 1333 4926 nescio
1362 4890 1474 4944 quo
1504 4880 1738 4931 auctore
1771 4876 1961 4934 tactus

509 4956 824 5013 fulminum
847 4958 1013 5029 jactu
1045 4958 1157 5013 sibi
1188 4959 1246 5013 in
1279 4960 1414 5016 fatis
1444 4977 1574 5018 esse

510 5049 573 5100 ut
599 5044 724 5100 vitae
753 5050 811 5101 et
842 5062 1018 5117 regno
1049 5046 1363 5103 terminum
1396 5048 1741 5122 imponeret,

510 5149 802 5189 cameram
834 5135 1046 5189 struxit
1072 5141 1193 5191 arte
1222 5143 1525 5191 venustam
1556 5140 1702 5194 mira

511 5220 603 5276 cui
636 5221 944 5294 fastigiatas
975 5240 1185 5279 nomen
1219 5229 1353 5295 apte
1384 5225 1556 5294 fecit;

510 5310 567 5364 in
600 5327 716 5381 qua
741 5311 1044 5366 diversans
1077 5312 1323 5368 fulmine
1353 5321 1695 5386 erumpente

509 5398 768 5454 subitum
798 5400 924 5453 vitae
958 5400 1129 5455 linem
1164 5405 1371 5457 nactus
1402 5407 1516 5460 est.

509 5490 564 5543 Is
594 5490 660 5542 ut
687 5486 999 5544 Moesorum
1029 5489 1491 5562 Gothorumque,
1524 5492 1658 5548 Istri
1691 5493 2010 5552 incolarum

2118 506 2170 574 Α

1646 390 2020 449 EPHREMII
2067 383 2637 442 CHRONOGRAPHI

2626 510 3077 567 ΛΝΑΣΤΑΣΙΟΣ
3133 511 3246 569 ΕΤ.
3299 512 3417 568 ΚΖ’.

2374 632 2589 688 Τούτου
2618 634 3082 707 καταστρέψαντος
3112 633 3253 689 οὕτω
3282 635 3375 691 τὸν
3410 635 3547 710 βίον,

2380 719 2564 791 Βουλῇ
2590 717 2871 794 γερουσίας
2899 741 2957 775 τε
2984 719 3073 774 καὶ
3102 725 3208 775 τῶν
3232 720 3282 775 έν
3304 721 3451 777 τέλει

2206 808 2344 862 1045
2383 806 2743 881 Συζεύγνυται
2774 805 2840 875 δὴ
2879 808 3093 883 βασιλὶς
3122 806 3374 885 Ἀριάδνη

2142 1866 2187 1932 Β

2147 3218 2191 3284 C

2165 4548 2210 4613 D

2381 895 2711 967 Ἀναστασίῳ
2742 897 2877 969 πρὸς
2910 898 3090 970 γάμου
3115 898 3421 966 κοινωνίαν,

2379 982 2638 1040 Ἐλκοντι
2667 986 2847 1059 σειρὰν
2880 983 2932 1055 ἐξ
2963 982 3296 1057 Ἐπιδάμνου
3324 986 3531 1062 γένους’

2380 1074 2479 1129 "Ov
2501 1072 2740 1148 κράτορα
2766 1070 2978 1148 δέδειχε
3005 1080 3104 1143 τῆς
3135 1072 3441 1147 Ῥωμαίδος

2382 1157 2677 1236 Οὐϐρικίου
2708 1161 3035 1224 σπεύσαντος
3069 1161 3337 1237 εὐνούχου
3365 1161 3510 1237 τόδε,

2209 1252 2347 1307 1050
2383 1249 2671 1327 Εὐφήμιος
2701 1246 2747 1303 δ’
2778 1247 2964 1323 ἔστεψε
2991 1247 3136 1304 τόνδ’
3162 1251 3486 1326 ἀρχιθύτης.

2384 1336 2573 1398 Οὕτως
2602 1338 2951 1399 Ἀναστάσιος
2982 1333 3110 1412 ἔσχε
3137 1337 3198 1392 τὸ
3230 1337 3447 1413 κράτος,

2385 1428 2572 1487 ’Όστις
2603 1424 2958 1498 ἐπωνόμαστο
2990 1426 3219 1501 Δίκορος
3250 1427 3413 1499 θέσιν,

2387 1515 2483 1576 Οἷς
2516 1512 2623 1588 οὐχ
2652 1513 2845 1586 ὁμοίας
2876 1509 3032 1588 ἔσχεν
3062 1515 3326 1587 ὁμματων
3358 1515 3544 1590 κόρας,

2389 1602 2563 1658 ’Λλλὰ
2596 1601 2919 1675 μελαντέραν
2952 1604 3047 1675 μὲν
3082 1603 3255 1658 αὐτῶν
3289 1605 3534 1677 θατέραν,

2212 1693 2352 1749 1055
2392 1691 2640 1760 Γλαυκήν
2671 1688 2728 1746 δὲ
2758 1688 2916 1746 λαιὰν
2945 1692 3021 1754 ὡς
3052 1690 3320 1764 ἐπίσημον
3351 1694 3546 1766 φέρων·

2390 1780 2562 1841 Οὗτος
2598 1776 2861 1854 βδελυρὰν
2896 1779 3148 1856 είσφτράν
3180 1781 3525 1853 χυσαργύρου

2390 1869 2654 1938 Ὑπήκοον
2680 1868 2986 1943 τρύχουσαν
3020 1868 3154 1920 ἅπαν
3186 1863 3430 1940 ἐσχάτως

2394 1956 2606 2028 Δασμὸν
2636 1956 2873 2029 πονηρὸν
2907 1948 3138 2015 εὐσεϐῶς
3168 1950 3545 2026 παύσας.ἔχει,

2394 2048 2529 2110 Καθ’
2558 2045 2617 2099 ὅν
2645 2066 2729 2108 τις
2751 2046 3065 2119 ’ἠνάγκαστο
3086 2048 3191 2106 πᾶς
3220 2042 3580 2119 συνεισφέρειν

2221 2136 2359 2193 1060
2395 2135 2551 2209 Ὑπέρ
2580 2135 2626 2189 θ’
2656 2132 2846 2188 ἑαυτοῦ
2876 2132 2966 2187 καὶ
2998 2130 3311 2204 προσόντων
3345 2128 3590 2204 ἀλόγων,

2395 2224 2643 2292 Ἐτήσιον
2677 2221 2921 2293 νόμισμα
2950 2224 3029 2291 τῷ
3056 2222 3225 2291 κοινῷ
3251 2220 3439 2296 φόρον

2395 2309 2502 2367 Καὶ
2531 2307 2797 2383 δημοσίας
2822 2305 2987 2369 οὔσας
3019 2306 3191 2383 ἀρχὰς
3221 2306 3438 2377 ὠνίους,

2396 2400 2537 2473 Πρὸς
2564 2395 2609 2452 δ’
2640 2398 2704 2452 αὗ
2736 2394 3031 2466 διοικήσεις
3057 2416 3115 2449 τε
3143 2399 3346 2449 κοινῶν
3374 2392 3714 2470 πραγμάτων

2397 2487 2611 2551 Παύσας
2638 2490 2897 2559 παρεῖχεν
2932 2481 3077 2539 ἀδοτ’
3106 2488 3222 2545 τοῖς
3251 2482 3442 2553 ἀξίοις’

2226 2579 2360 2634 1065
2398 2577 2498 2631 Καὶ
2525 2573 2703 2631 τᾶλλα
2733 2571 2777 2628 δ’
2808 2574 2987 2648 ἀρχῆς
3019 2571 3260 2646 εὐτυχῶς
3283 2572 3352 2639 ἧν
3384 2568 3615 2625 διέπωψ

2399 2663 2551 2733 Πλὴν
2586 2666 2937 2737 Συγχυτικῶν
2962 2659 3332 2734 καθυπαχθεὶς
3358 2660 3592 2736 αἱρέσει,

2396 2754 2498 2815 Τὰς
2524 2750 2824 2827 ὀρθοδόξων
2857 2753 2920 2819 ἦν
2953 2753 3133 2804 κακῶν
3160 2745 3478 2818 ἐκκλησίας,

2394 2842 2602 2897 Τούτου
2630 2844 2957 2917 κρατοῦντος
2990 2837 3285 2910 θαυμάσιον
3317 2830 3519 2904 συνέϐη

2400 2931 2699 3006 Φύλαρχος
2731 2930 2866 3002 ἀνὴρ
2899 2930 3210 3003 Ἀγαρηνῶν
3239 2930 3346 2981 τῶν
3372 2926 3503 2980 τότε

2226 3024 2363 3079 1070
2399 3020 2603 3089 Κλῆσιν
2634 3013 3072 3092 Ἀλαμούνδαρος
3103 3016 3302 3090 ἀγαθὸς
3330 3013 3583 3089 τρόπους

2400 3112 2626 3183 Χριστῷ
2655 3105 2970 3182 προσελθὼν
2997 3105 3085 3161 καὶ
3117 3104 3345 3178 μυηθεὶς
3375 3102 3617 3166 εἷ’κότως

2407 3199 2549 3273 Πρὸς
2583 3193 2885 3272 ὀρθοδόξων
2920 3197 3237 3269 ἀρχυθυτῶν
3267 3194 3580 3265 ποιμένων,

2406 3289 2632 3343 Ἔπειτα
2666 3285 3038 3358 βαπτίσματος
3070 3281 3233 3357 αὐχεῖ
3258 3282 3358 3350 τήν
3388 3279 3589 3355 χάριν.

2406 3379 2583 3433 Ταῦτα
2618 3375 2798 3447 μαθὼν
2833 3367 3077 3446 Σεϐῆρος
3109 3372 3223 3444 (20)
3254 3369 3419 3424 αὐτοῦ
3452 3366 3739 3442 ποιμένας

2235 3466 2373 3522 1075
2412 3461 2683 3537 Ἀνιέρους
2713 3460 2970 3532 πέπομφε
2997 3458 3135 3532 πρὸς
3164 3460 3356 3511 τοῦτον
3394 3454 3603 3531 τάχος·

2410 3547 2666 3606 Σπεύδων
2701 3546 2746 3603 δ’
2776 3548 2952 3603 αὐτῶν
2988 3546 3063 3607 εἰς
3096 3543 3282 3600 ἑαυτὸν
3316 3542 3548 3599 ἑλκύσαι

2411 3639 2556 3695 Ἐπεὶ
2591 3636 2636 3693 δ’
2667 3635 2904 3713 ἐρασθεὶς
2933 3633 3166 3697 πίστεως
3195 3635 3433 3708 Χριστοῦ
3463 3631 3653 3708 πέτρα

2409 3734 2691 3789 ’Ἅσειστος
2717 3727 2808 3797 ἦν,
2846 3723 3076 3797 μέτεισιν
3104 3720 3299 3783 αὐτοὺς
3332 3717 3431 3774 ὡδί
3462 3740 3621 3785 πῶς’

2411 3822 2566 3872 Ποιεῖ
2593 3816 2715 3871 τινά
2743 3815 2797 3869 οἱ
2824 3818 2932 3868 τῶν
2968 3813 3055 3868 ὑπ’
3085 3810 3245 3866 αὐτὸν
3279 3809 3586 3885 ἐκκρίτων,

2236 3909 2375 3965 1080
2413 3906 2557 3981 Ηρὸς
2588 3905 2680 3968 οὗς
2707 3903 3005 3978 ψιθυρίζειν
3031 3921 3085 3955 τι
3114 3897 3558 3975 προσκεκοφότα,

2411 3994 2514 4050 Καὶ
2538 3997 2644 4047 τῶν
2678 3989 2956 4067 βδελυρῶν
2988 3988 3265 4062 ποιμένων
3291 3984 3675 4060 δεδορκότων,

2414 4083 2542 4137 Εἶτα
2573 4079 2860 4157 φύλαρχος
2888 4076 3070 4132 ἀλύειν
3102 4075 3384 4150 ὑπεκρίθη-

2415 4177 2647 4245 ’Ήροντο
2680 4166 2725 4223 δ’
2757 4168 2809 4222 οἱ
2841 4167 2937 4239 μὲν
2969 4164 3161 4220 αἲτίαν·
3193 4164 3228 4232 ἧ
3263 4162 3310 4217 δ’
3339 4161 3397 4225 ὅς
3427 4160 3591 4219 τάδε·

2415 4261 2503 4320 Ὧς
2538 4262 2843 4330 μηνυθῆναι
2875 4251 3101 4327 Μιχαὴλ
3130 4252 3531 4327 πρωτοστάτην

2245 4351 2384 4407 1085
2422 4347 2517 4401 Καὶ
2545 4345 2938 4420 ταγματάρχην
2971 4341 3215 4417 ἀγγέλων
3246 4340 3337 4394 νῦν
3363 4342 3665 4411 τεθνάναι,

2418 4437 2539 4491 Τῶν
2572 4430 2619 4487 δ’
2651 4431 2749 4487 οὐκ
2777 4431 2996 4486 ἀνεκτὸν
3021 4430 3111 4486 τὸν
3146 4425 3309 4506 λόγον
3341 4433 3731 4503 ποιουμένων

2419 4524 2479 4580 .0
2511 4519 2555 4576 8’
2588 4517 2896 4593 ἐκκαλύψας
2928 4519 2990 4574 τὸ
3022 4515 3226 4593 δρᾶμα,
3254 4523 3371 4578 τοῖς
3404 4514 3454 4570 δ’
3490 4519 3746 4596 ἀντέφη.

2421 4609 2521 4665 Καὶ
2546 4612 2663 4672 πῶς
2687 4609 2814 4683 παρ’
2846 4608 2972 4680 ὑμῖν
3006 4611 3303 4679 συμπαθεῖν
3333 4603 3483 4669 θείαν
3521 4608 3700 4684 φύσιν

2419 4696 2780 4771 Ἀνθρωπίνῃ,
2808 4693 3009 4773 πέφυκε
3037 4691 3125 4749 νῦν
3157 4691 3488 4769 δεδογμένον
3514 4717 3532 4765 ;

2245 4788 2384 4843 1090
2422 4787 2516 4843 Ἐκ
2542 4782 2690 4841 τοῦδ’
2721 4782 3139 4855 ἀπηλλάττοντο
3169 4782 3682 4856 κατῃσχυμμένοι.

2419 4875 2697 4950 Προγνοὺς
2728 4872 2979 4950 βασιλεὺς
3010 4873 3166 4933 οὗτος
3197 4872 3298 4926 οὐκ
3326 4867 3450 4925 οἶδα
3485 4872 3673 4937 πόθεν

2416 4968 2503 5025 Ὡς
2534 4962 2592 5017 ἐκ
2617 4965 2885 5037 κεραυνῶν
2918 4961 3202 5033 ἀστραπῶν
3234 4956 3474 5033 α’ίμαρτό
3512 4961 3575 5014 οἱ

2426 5051 2555 5108 Βίου
2584 5050 2825 5125 γενέσθαι
2851 5050 2940 5103 καὶ
2976 5047 3250 5123 βασιλείας
3272 5047 3464 5120 πέρας.

2425 5138 2681 5210 Θάλαμον
2715 5136 2759 5191 δ’
2789 5138 3038 5212 ἀνήγειρε
3062 5134 3355 5189 κάλλιστον
3398 5132 3595 5208 δόμον

2253 5230 2389 5285 1095
2426 5226 2678 5283 Θολωτὸν
2708 5226 2864 5280 αὐτὸν
2896 5222 3126 5287 καλέσας
3157 5223 3529 5300 φερωνύμως,

2427 5318 2515 5371 Ἐν
2546 5315 2591 5386 ᾧ
2624 5311 2818 5387 διάγων
2853 5314 3135 5387 ἀστραπῶν
3166 5311 3534 5388 ῥηγνυμένων

2427 5402 2714 5474 Ἐξαπίνης
2745 5400 2935 5477 εὕρατο
2964 5402 3139 5477 τέρμα
3167 5404 3262 5456 τοῦ
3298 5399 3442 5476 βίου.

2427 5490 2599 5555 Οὗτος
2630 5496 2824 5547 Μυσῶν
2856 5510 2915 5546 τε
2942 5491 3033 5544 καὶ
3062 5493 3283 5554 Σκυθῶν
3315 5507 3421 5563 παρ
3434 5492 3694 5567 ιστρίων

577 5647 689 5718 (20)
719 5646 951 5704 Scilicet
979 5650 1223 5706 Severus
1257 5651 1570 5707 Antiochiae
1604 5655 1951 5725 patriarcha,
1984 5657 2291 5716 hereticus
2316 5654 2700 5729 Syncbyticus
2727 5656 2785 5710 et
2814 5651 3291 5724 Theopaschites.

3747 395 3817 450 52
