4132 6300
410 354 479 407 59
1610 358 1982 410 EPHR/EMII
2020 354 2593 411 CHRONOGRAPHI

411 483 476 536 ut
502 480 573 536 ab
604 497 666 536 se
698 483 938 552 repetat,
970 485 1026 535 et
1056 481 1319 536 animum
1353 496 1494 536 cura
1525 481 1730 537 solvat.

412 573 556 641 Ergo
588 568 747 625 visus
777 574 866 625 est
898 569 1007 624 sibi
1042 586 1142 640 per
1172 571 1470 625 somnium
1503 586 1737 626 cernere

411 658 655 714 multam
688 662 934 729 utroque
965 674 995 713 e
1027 674 1166 714 sexu
1200 660 1535 715 mortalium
1569 660 1801 716 turbam

411 748 645 803 adstare
679 764 871 801 coram
902 747 1159 817 imagine
1190 747 1403 803 Christi
1438 749 1693 816 Domini,

412 849 723 906 regemque
750 836 1027 891 adversus
1058 835 1413 892 clamoribus
1441 838 1837 909 expostulare;

413 923 540 993 ipso
574 927 857 994 praesente
888 940 1129 995 remque
1159 941 1292 981 cum
1321 935 1473 984 metu
1509 928 1803 984 audiente.

416 1013 577 1067 Tunc
612 1012 683 1067 ab
708 1011 967 1083 imagine
998 1030 1105 1068 vox
1126 1014 1331 1071 emissa
1365 1018 1596 1085 sonuit;

415 1099 658 1155 ubinam
691 1099 741 1154 is
768 1099 941 1155 vellet
972 1101 1257 1157 malorum
1294 1121 1519 1175 pmnam
1554 1106 1713 1161 luere

415 1188 514 1258 qui
547 1205 610 1244 se
638 1187 893 1243 avaritia;
924 1190 1235 1245 obstrinxit
1264 1193 1536 1264 piaculo?

414 1292 554 1331 num
589 1276 703 1342 hic,
739 1276 837 1331 ubi
869 1277 1225 1348 supplicium
1259 1280 1604 1338 clementius
1637 1282 1768 1350 erit,

414 1381 485 1418 an
517 1364 635 1419 illic
665 1363 811 1419 alias
843 1381 1040 1434 poenas
1071 1368 1359 1437 experiri?

415 1452 468 1506 Is
496 1451 592 1507 hic
624 1469 684 1507 se
715 1452 909 1523 malle,
943 1453 1113 1509 verbo
1145 1454 1462 1525 intellecto,
1496 1458 1595 1513 ait.

413 1540 564 1594 'l'um
599 1556 659 1595 se
688 1540 969 1595 traditum
1006 1542 1207 1599 Phoca‘.
1242 1544 1422 1601 fuisse
1454 1546 1661 1601 audiit.

417 1627 633 1683 Somno
664 1628 957 1697 discusso,
989 1631 1362 1688 verissimum
1394 1634 1584 1690 visum
1618 1637 1806 1706 putat,

418 1733 543 1788 quae
576 1716 718 1771 vidit
747 1734 991 1789 quaeque
1024 1721 1210 1775 audiit
1238 1722 1297 1775 in
1330 1739 1394 1777 eo
1427 1722 1779 1795 spectaculo.

420 1805 691 1861 Protinus
713 1820 845 1873 ergo
877 1806 1122 1862 advocat
1151 1808 1538 1881 Philippicum

414 1910 644 1949 carcere
674 1911 740 1949 ex
772 1894 1015 1963 injuslo,
1045 1896 1297 1953 vinculis
1328 1900 1626 1966 detractis,

417 1983 584 2053 queis
614 1982 947 2053 suspicione
973 1988 1166 2040 motus
1199 2002 1330 2041 eum
1367 1992 1733 2060 gravaverat;

418 2087 616 2143 pacem
651 2070 931 2142 impertit,
964 2073 1189 2129 veniam
1221 2076 1479 2132 vicissim

420 2160 844 2230 praeteritarum
876 2160 1151 2233 impetrat
1178 2164 1547 2235 injuriarum.

428 2248 641 2303 Horum
674 2253 974 2320 gestorum
1007 2250 1140 2305 talis
1174 2252 1282 2307 fuit
1314 2254 1523 2310 exitus.

423 2338 564 2392 Exin
599 2336 882 2392 exercitus
912 2342 1075 2393 motu
1110 2341 1387 2397 seditioso

420 2426 832 2497 imperatorem
866 2426 1211 2482 acclamavit
1244 2429 1514 2498 Phocam,

424 2514 524 2587 qui
557 2514 738 2569 fretus
768 2514 948 2570 armis
980 2516 1315 2587 Byzantium
1347 2519 1603 2584 veniens,

426 2606 731 2658 stemmate
764 2607 1007 2658 ornatur
1038 2620 1217 2659 manu
1251 2606 1704 2679 archipresulis,

422 2698 554 2747 Mox
582 2691 835 2763 pretium
868 2709 1053 2765 operae
1083 2693 1375 2750 facturum
1408 2712 1466 2752 se
1498 2697 1740 2768 putavit,

426 2779 475 2836 si
508 2779 764 2836 Mauricii
798 2796 980 2852 genus
1009 2798 1183 2837 omne
1214 2784 1545 2855 perimeret.

425 2868 811 2933 Quamobrem
848 2870 917 2923 de
950 2872 1225 2927 mandato
1257 2874 1482 2929 cruenti
1515 2873 1716 2940 animi,

426 2957 625 3013 Phocea
658 2958 909 3028 tyranni,
937 2958 1199 3030 inquam,
1234 2961 1659 3027 scelestissimi,

426 3046 616 3117 (mitto
646 3046 801 3100 enim
833 3048 1117 3118 quidquid
1150 3049 1565 3106 intermedium
1602 3049 1841 3118 exstitit)

423 3132 705 3205 principis
736 3150 879 3190 uxor
906 3134 1188 3207 liberique
1218 3137 1410 3207 gladio

422 3223 744 3278 caeduntur.
778 3225 991 3278 Aderat
1022 3229 1294 3296 spectans
1327 3226 1644 3282 Mauricius

421 3312 755 3382 caedemque
785 3312 1014 3368 heroico
1050 3313 1337 3370 tolerabat
1364 3316 1579 3384 animo,

423 3399 646 3471 gratias
675 3399 794 3455 imo
829 3402 939 3455 Deo
971 3402 1043 3455 ob
1070 3405 1333 3458 eamdem
1373 3420 1571 3474 agens.

422 3493 551 3560 Ipse
578 3490 648 3543 ad
683 3492 1006 3544 extremum
1042 3506 1179 3545 nece
1213 3491 1440 3561 injusta
1472 3491 1665 3562 periit.

427 3582 545 3633 Rex
575 3576 668 3633 hic
698 3578 1083 3650 quadraginta
1112 3580 1325 3634 Christi
1360 3585 1680 3652 martyrum

428 3665 712 3737 templum
748 3667 998 3721 absolvit
1027 3684 1243 3722 ornans
1276 3668 1541 3734 miriﬁce,

429 3769 639 3825 nempe
670 3756 822 3825 quod
856 3754 1122 3810 Tiberius
1154 3761 1377 3811 struere
1409 3760 1677 3827 coeperat.

731 3868 1007 3925 PHOCAS
1049 3870 1429 3927 TYRANNUS
1466 3871 1582 3926 AN.
1623 3870 1768 3927 VIII.

432 3967 655 4022 Phocas
686 3967 987 4035 tyrannice
1015 3983 1259 4039 regnum
1294 3968 1619 4040 occupavit,

433 4054 694 4110 nefarius
725 4054 921 4124 homo,
956 4056 1374 4127 sanguinarius
1402 4057 1657 4127 animus,

435 4160 621 4199 saavus
650 4148 960 4214 tyrannus,
989 4144 1215 4199 cruoris
1245 4145 1408 4200 canis
1442 4150 1741 4216 appetens,

439 4231 812 4297 mulierosus,
842 4235 1218 4300 comessator,
1254 4232 1540 4297 ebriosus,

436 4320 665 4391 imperii
696 4319 968 4387 dedecus,
996 4319 1085 4374 vel
1120 4320 1304 4391 magis
1334 4320 1596 4390 exitium,

437 4407 845 4480 prosperitatis
878 4408 1153 4463 Romana:
1185 4422 1437 4475 eversor,

435 4497 690 4553 carnifex
722 4494 945 4566 populi,
981 4496 1230 4563 daemon,
1265 4501 1320 4550 et
1349 4495 1549 4565 labes;

435 4602 609 4657 aqua,
642 4585 793 4655 igne,
827 4584 997 4651 mari,
1028 4584 1246 4656 gladio,
1280 4586 1549 4655 perdens,

434 4674 580 4729 alios
611 4672 956 4728 tristissime
988 4676 1114 4743 (pro
1147 4672 1445 4727 miseriam
1469 4671 1507 4744 l)

432 4761 578 4817 alios
608 4760 953 4815 imminutos
986 4761 1247 4830 corporis
1280 4762 1548 4832 partibus

433 4851 633 4905 sinens
664 4848 1050 4920 ignominiam
1084 4865 1252 4903 suam
1286 4850 1674 4907 circumferre.

440 4940 581 4993 Dum
613 4936 706 4991 hic
735 4935 939 5005 ignave
963 4936 1188 4991 desidet
1217 4937 1375 4992 domi

436 5042 572 5081 eoas
602 5025 981 5079 incursarunt
1013 5024 1343 5095 provincias
1374 5030 1561 5080 Persae
1595 5044 1607 5079 :

436 5114 616 5170 armis
650 5113 959 5184 pulsarunt
988 5113 1134 5169 ﬁnes
1163 5114 1556 5185 Cappadocas,

434 5202 771 5257 Galatarum
804 5205 989 5256 terras
1020 5206 1076 5255 et
1106 5201 1567 5272 Paphlagonum,

434 5308 502 5345 ex
532 5289 842 5361 leesyria
872 5292 1201 5359 cunctaque
1234 5290 1510 5345 Armenia

440 5379 662 5449 praadas
695 5382 939 5449 egerunt
970 5394 1157 5448 usque
1188 5376 1610 5434 Chalcedonam
1649 5395 1662 5433 :

438 5471 564 5522 tum
593 5465 959 5522 Palaestinam
992 5470 1049 5521 et
1081 5466 1228 5521 ﬁnes
1256 5465 1580 5522 thnicios

510 5648 619 5715 (25)
650 5646 778 5703 Haec
809 5646 1006 5704 Phocae
1038 5646 1346 5702 verissima
1375 5646 1724 5718 vituperatio
1756 5664 1996 5721 prorsus
2029 5647 2290 5703 inﬁrmat
2319 5647 2493 5702 fidem
2526 5646 2831 5702 laudativae
2864 5644 3271 5717 inscriptionis
3301 5643 3393 5700 his
3424 5643 3595 5701 annis
3622 5643 3679 5699 in
3711 5648 3843 5701 Ro-

2081 480 2136 546 Α
2342 477 2459 533 Ὧδ’
2485 480 2883 556 εἰσπραχθῆναι
2916 488 3066 557 σχεῖν
3097 503 3155 537 τε
3184 486 3359 538 κακῶν
3393 484 3490 553 τὴν
3524 484 3694 542 λύσιν.

2334 565 2520 641 Ἔδοξε
2550 573 2684 642 γοῦν
2713 592 2764 624 τι
2797 572 2910 625 κατ’
2945 568 3072 644 ὄναρ
3102 569 3242 627 οὕτω
3278 571 3520 647 βλέπειν,

2338 657 2491 711 Πολύ
2522 678 2574 712 τι
2603 656 2819 728 πλῆθος
2852 666 3092 735 γηγενῶν
3124 661 3447 734 παρεστάναι

2339 742 2601 819 ’Δνδρῶν,
2635 753 2900 821 γυναικῶν
2933 745 3099 803 εἷκὸνι
3130 754 3226 804 τοῦ
3259 747 3555 820 Δεσπότου,

2164 836 2301 890 1270
2338 830 2621 906 Καταϐοᾷν
2649 836 2707 891 τέ
2738 859 2869 914 σφας
2903 839 3126 901 ἄνακτος
3160 838 3250 893 σὺν
3283 841 3438 912 γόοις

2336 923 2513 980 Αὐτοῦ
2545 925 2819 995 συνόντος,
2854 929 3309 1001 συμπαρεστῶτος
3330 929 3541 1003 τρόμῳ.

2343 1019 2542 1081 Φωνῆς
2567 1013 2614 1066 τ’
2638 1013 2850 1068 ἀκούειν
2884 1014 3095 1078 εἰκόνος
3122 1018 3489 1090 προϊγμένης,

2341 1105 2450 1154 Ποῦ
2475 1104 2581 1155 τῶν
2617 1106 2796 1156 κακῶν
2834 1102 3092 1175 βούλοιτο
3126 1102 3310 1160 δοῦναι
3340 1107 3438 1175 τήν
3476 1103 3631 1177 δίκην

2339 1188 2437 1241 Τὸν
2467 1192 2562 1242 τοῦ
2597 1188 2799 1261 μύσους
2832 1189 3001 1244 αἶ’τιον
3034 1191 3093 1245 ἐκ
3121 1189 3455 1268 φειδωλίαςς

2167 1274 2305 1329 1275
2341 1276 2578 1330 Ἐνταῦθ’
2610 1274 2747 1330 ὅπου
2782 1277 2999 1352 μέτριον
3033 1272 3177 1332 ἔσται
3209 1280 3270 1333 τὸ
3295 1278 3523 1353 τρύχον,

2344 1368 2407 1416 Ἣ
2432 1368 2551 1424 ταῖς
2582 1362 2780 1419 ἐκεῖθεν
2813 1360 3275 1443 παραπεμφθῆναι
3309 1364 3521 1437 δίκαιςς

2344 1452 2449 1507 Τὸν
2483 1449 2527 1503 δ’
2560 1449 2666 1506 ὧδε
2697 1454 2859 1528 φάναι
2890 1453 3134 1513 συνιέντα
3156 1459 3254 1509 τοῦ
3286 1454 3455 1529 λόγου
3488 1474 3501 1486 ·

2340 1536 2723 1613 Παραδοθῆναι
2758 1540 2954 1596 λοιπὸν
2982 1547 3151 1612 Φωκᾷ
3181 1542 3501 1617 προσκλύει.

2338 1629 2535 1681 Ὕπνου
2568 1626 2614 1682 δ’
2645 1630 2884 1701 ἀνέντος,
2918 1631 3057 1704 ὕπαρ
3092 1632 3189 1685 οὐκ
3213 1629 3341 1707 ὄναρ
3370 1632 3566 1707 κρίνει,

2168 1717 2303 1771 1280
2342 1719 2432 1768 Ὧν
2466 1712 2623 1783 εἶδεν,
2655 1717 2728 1769 ὧν
2760 1714 2987 1784 ἤκουσεν
3015 1718 3148 1772 εἶναι
3180 1720 3276 1787 τὴν
3307 1718 3426 1773 θέαν

2086 1830 2132 1893 Β
2338 1802 2730 1859 Μετακαλεῖται
2766 1803 3101 1860 Φιλιππικὸν
3135 1805 3225 1861 οὖν
3256 1806 3426 1882 τάχος

2340 1892 2575 1966 Εἶ¹ρκτῆς
2605 1914 2662 1947 τε
2695 1891 2907 1965 δεσμῶν
2939 1899 3046 1949 τῶν
3080 1892 3277 1949 ἀδίκων
3309 1895 3538 1959 ἐκλύσας

2341 1983 2439 2039 Οἷς
2471 1981 2627 2035 αὐτὸν
2662 1978 2927 2051 ἐξέθλιϐεν
2961 1982 3009 2055 ἐξ
3045 1984 3304 2056 ὑποψίας.

2340 2070 2439 2124 Καὶ
2475 2066 2751 2123 σπένδεταί
2780 2091 2838 2143 γε
2866 2070 2955 2124 καὶ
2986 2070 3269 2143 κομίζεται
3302 2071 3455 2128 λύσιν

2168 2159 2305 2213 1285
2341 2157 2622 2229 Ὢνῖαύτὸν
2656 2159 2943 2232 εἰργάσατο
2973 2164 3152 2214 κακῶν
3181 2159 3404 2223 ἀδίκως.

2342 2245 2439 2299 Καὶ
2470 2249 2637 2299 ταῦτα
2670 2247 2766 2319 μὲν
2795 2247 3073 2322 πέπρακτο
3103 2246 3258 2304 τόνδε
3286 2251 3378 2306 τὸν
3403 2250 3628 2326 τρόπον.

2344 2337 2406 2392 Ἡ
2440 2332 2496 2389 δὲ
2527 2335 2748 2410 στρατιὰ
2778 2339 3103 2391 στασιάσασα
3129 2337 3252 2392 τότε

2344 2428 2539 2477 Φωκᾶν
2573 2424 2931 2498 ἀνηγόρευσαν
2966 2425 3041 2486 εἰς
3078 2426 3304 2499 βασιλέα
3338 2446 3350 2459 ·

2343 2514 2472 2568 Μεθ’
2500 2513 2561 2565 οὗ
2591 2512 2753 2566 πόλιν
2786 2514 3042 2589 φθάνουσι
3066 2516 3165 2583 τήν
3202 2514 3475 2589 βασιλίδα,

2170 2604 2306 2658 1290
2346 2600 2443 2654 Καὶ
2474 2605 2771 2654 ταινιοῦται
2803 2600 3082 2675 παλάμαις
3116 2602 3414 2677 ἀρχιθύτου
3443 2622 3456 2636 ·

2352 2686 2685 2760 Σπούδασμα
2715 2686 2989 2765 προῦργου
3020 2689 3161 2763 τῶδε
3192 2690 3385 2747 λοιπὸν
3415 2691 3615 2767 γίνεται

2344 2778 2415 2831 Τὸ
2449 2777 2748 2851 Μαυρίκιον
2780 2785 3018 2854 παγγενῆ
3055 2778 3240 2835 δοῦναι
3279 2783 3438 2857 ξίφει.

2344 2866 2503 2922 ’Όθεν
2537 2865 2802 2936 κελεύσει,
2836 2870 2931 2943 φεῦ
2964 2874 3191 2943 φονικῆς
3220 2867 3468 2945 καρδίας,

2350 2958 2517 3008 Φωκᾶ
2546 2956 2807 3027 τυράννου
2834 2954 2993 3010 τοῦδε
3021 2958 3110 3010 καὶ
3142 2958 3514 3034 φαυλεργάτου

2176 3045 2314 3100 1295
2353 3047 2442 3097 Δεῖ
2469 3041 2569 3117 γὰρ
2604 3041 2960 3118 ἐπιτρέχοντα
2990 3042 3168 3099 λιπεῖν
3203 3045 3295 3099 τάν
3342 3047 3509 3118 μέσῳ,

2352 3133 2490 3201 Γυνή
2524 3152 2582 3185 τε
2610 3128 2797 3193 παῖδες
2828 3130 3190 3207 ἐκθερίζονται
3223 3134 3385 3210 ξίφει,

2349 3223 2454 3273 Τοῖ’)
2487 3219 2796 3294 Μαυρικίου
2827 3221 3206 3296 συμπαρόντος
3235 3220 3561 3297 δρωμένοις,

2350 3308 2447 3361 Καὶ
2477 3308 2568 3362 τὰς
2602 3307 2807 3382 σφαγὰς
2837 3311 3096 3386 φέροντος
3128 3309 3584 3388 ἆνδρειοφρόνως,

2348 3395 2450 3452 Καὶ
2476 3393 2644 3450 τῶνδε
2673 3397 2836 3471 ’χάριν
2865 3402 2943 3469 τῷ
2974 3403 3089 3470 Θεῷ
3120 3397 3455 3462 κατειδότος.

2175 3487 2312 3542 1300
2349 3485 2561 3547 Καύτὸς
2587 3483 2745 3546 τέλος
2776 3486 3021 3556 τέθνηκεν
3053 3484 3225 3558 ἀδίκῳ
3255 3488 3449 3563 κρίσει.

2349 3573 2518 3634 Οὗτος
2548 3574 2950 3647 τεσσαράκοντα
2980 3580 3211 3650 Χριστοῦ
3248 3578 3534 3652 μαρτύρων

2354 3661 2498 3715 Νεὼν
2530 3660 2735 3715 τελειοῖ
2765 3660 3057 3739 φαιδρύνας
3094 3665 3224 3738 ὑπὲρ
3260 3664 3378 3719 λίαν

2354 3749 2496 3823 Πρὸς
2525 3743 2774 3824 Τιϐερίου
2803 3748 3027 3812 κτίσεως
3059 3752 3184 3823 πρὶν
3217 3750 3522 3825 ἠργμένης.

2092 3187 2133 3252 C

2498 3866 2732 3920 ΦΩΚΑΣ
2773 3866 2816 3922 Ο
2865 3869 3219 3920 ΤΥΡΑΝΝΟΣ
3267 3868 3380 3922 ET.
3423 3868 3500 3922 H'.

2363 3966 2559 4024 Φωκᾶς
2586 3967 2835 4036 τυραννεῖ
2861 3966 2956 4016 τοῦ
2993 3961 3269 4036 βασιλείου
3300 3960 3549 4037 κράτους,

2182 4052 2320 4107 1305
2356 4050 2522 4122 Ἀνὴρ
2556 4050 2801 4126 ἀποφρὰς
2833 4050 3147 4123 αἱμοχαρής
3178 4048 3393 4124 καρδία,

2356 4138 2629 4211 Τύραννος
2660 4136 2810 4207 ὠμὸς
2840 4137 2927 4190 καὶ
2961 4136 3290 4211 φιλαίματος
3317 4136 3485 4209 κύων,

2358 4225 2767 4296 Γυναικομανής
2799 4224 2888 4278 καὶ
2917 4224 3165 4300 φίλοινος
3194 4227 3281 4280 καὶ
3317 4224 3514 4297 πότης,

2357 4312 2673 4388 Αύταρχίας
2705 4309 2911 4375 ὄνειδος
2943 4313 2977 4381 ἢ
3014 4312 3224 4386 μᾶλλον
3254 4313 3429 4387 λύμη,

2356 4405 2476 4459 Τῶν
2504 4402 2823 4473 Ῥωμαϊκῶν
2855 4403 3149 4479 ἀφανιστὴς
3181 4404 3539 4477 πραγμάτων,

2188 4496 2328 4550 1310
2364 4491 2645 4559 Ὑπηκόων
2682 4487 2907 4562 δήμιος,
2940 4491 3216 4566 ἀλάστωρ,
3251 4490 3471 4569 φθορὰς,

2360 4576 2572 4645 Ὕδατι,
2602 4578 2754 4651 πυρὶ,
2786 4580 2874 4634 καὶ
2908 4578 3149 4654 θαλάσσῃ
3177 4581 3261 4634 καὶ
3289 4579 3423 4657 ξίφει

2369 4666 2627 4726 Οἶ’κτιστα
2651 4667 2776 4730 τοὺς
2807 4669 2901 4740 μὲν
2936 4666 3203 4739 ἐκδιδοὺς,
3238 4673 3333 4746 φεῦ
3362 4674 3462 4723 τοῦ
3488 4670 3716 4732 πάθους.

2357 4762 2477 4812 Τῶν
2508 4754 2550 4810 δ’
2585 4757 2649 4810 αὗ
2685 4756 2851 4828 μέλος
2889 4759 3053 4832 μέρος
3083 4778 3135 4811 τι
3167 4758 3419 4829 σώματος
3451 4759 3683 4832 τέμνων,

2360 4851 2698 4921 Περινοστεῖν
2735 4840 2946 4908 ὄνειδος
2977 4844 3058 4900 ε’ία
3085 4849 3163 4917 τῷ
3200 4845 3303 4918 βίῳ
3334 4849 3468 4920 (23).

2185 4936 2323 4991 1315
2362 4934 2439 4990 Οὔ
2473 4933 2707 5009 ῥᾳθυμίᾳ
2736 4938 2954 5007 συνεχεῖ
2982 4934 3027 4985 τ’
3060 4932 3309 5008 οἰκουρίᾳ

2358 5023 2501 5077 Ἐῶα
2530 5021 2727 5095 Πέρσαι
2756 5019 3093 5096 κατέδραμον
3127 5020 3328 5095 χωρία,

2360 5108 2629 5177 Ἐπῆλθον
2664 5109 2860 5172 ὅπλοις
2892 5106 3282 5171 Καππαδοκίας
3314 5111 3486 5183 ὅροις,

2359 5199 2455 5252 Καὶ
2490 5196 2752 5259 Γαλατίας
2776 5200 2865 5252 καὶ
2900 5196 3272 5274 Παφλαγόνων
3302 5198 3517 5270 τόποις,

2360 5284 2572 5357 Κοίλης
2608 5287 2832 5361 Συρίας,
2862 5292 2962 5355 τῆς
2987 5284 3125 5356 ὅλης
3156 5286 3461 5359 Ἀρμενίας,

2186 5378 2325 5433 1320
2363 5372 2771 5445 Λεηλατοῦντες
2793 5374 2881 5428 καὶ
2918 5375 3086 5450 μέχρι
3123 5372 3507 5445 Χαλκηδόνος,

2364 5460 2727 5535 Παλαιστίνην
2759 5460 2815 5518 δὲ
2843 5464 2933 5518 καὶ
2956 5462 3157 5525 τόπους
3183 5462 3283 5530 τῆς
3313 5462 3575 5533 Φοινίκης

2103 4545 2150 4610 D
