4154 6304
377 296 443 350 61

555 421 685 481 Τοῖς
719 417 805 496 ὑφ’
836 418 1058 481 ἑαυτοὺς
1090 420 1371 490 συνέταξαν
1408 420 1661 498 χωρίοις.

556 507 633 563 Τὸ
665 505 712 560 δ’
745 502 993 581 ’Λϐάρων
1028 510 1329 583 στράτευμα
1354 509 1516 564 ¹πάλιν
1551 511 1602 564 ἐν
1628 508 1774 564 δύσει

552 596 744 667 Χώρας
780 592 998 657 δυτικὰς
1034 598 1307 670 κατέκειρε
1337 597 1427 651 καὶ
1458 598 1666 660 πόλεις.

384 684 523 738 1325
560 683 621 738 Ἡ
655 685 877 758 στρατιὰ
908 682 951 737 δ’
984 684 1213 760 ἔφθαρτο
1242 685 1529 758 Ῥωμαίων
1567 686 1765 760 μάχαις

564 771 773 842 Λοιμός
800 792 858 825 τε
883 771 1050 844 λιμὸς
1077 774 1365 847 κατέτρεχε
1391 775 1485 835 τὰς
1518 773 1706 835 πόλεις

558 859 815 933 Ἀμετρία
846 860 1048 933 κρύους
1075 881 1133 914 τε
1164 862 1250 914 καὶ
1285 866 1494 930 κτηνῶν
1528 863 1729 937 φθίσις,

555 948 701 1001 Κακά
733 945 1001 1023 διωλύγια
1030 949 1260 1003 ποικίλα
1290 953 1460 1019 πάθη.

554 1035 622 1087 Τὸ
651 1036 769 1088 κατ’
793 1036 1136 1110 ’Δντιὸχειαν
1173 1034 1220 1089 δ’
1250 1032 1518 1111 Ἑϐραίων
1548 1039 1716 1114 φῦλον

389 1119 522 1174 1330
562 1123 751 1176 Στάσιν
784 1127 990 1177 κινοῦσι
1021 1124 1109 1177 καὶ
1144 1126 1327 1198 μάχην
1363 1127 1800 1198 Χριστωνύμοις,

560 1209 663 1263 Kal
697 1207 863 1283 δρῶσι
896 1210 1139 1273 πολλοὺς
1172 1208 1401 1266 εὐσεϐῶν
1434 1210 1592 1287 ἔργον
1623 1216 1836 1290 ξίφουςο

553 1298 682 1351 Μεθ’
705 1299 778 1351 ὧν
809 1300 1148 1354 Ἀναστάσιον
1180 1299 1346 1364 αὐτῆς
1370 1302 1630 1373 ποιμένα,

550 1387 647 1438 Καὶ
678 1386 864 1461 νεκρὸν
896 1388 1066 1442 αὐτοῦ
1091 1392 1171 1460 τῷ
1202 1388 1331 1463 πυρὶ
1367 1386 1680 1451 δεδωκότες.

554 1472 709 1528 Οὕτω
740 1479 920 1528 κακῶν
950 1496 1032 1536 τις
1064 1475 1209 1537 ίλιᾶς
1242 1475 1393 1531 πάντ’
1425 1476 1659 1547 έκλόνει,

377 1558 515 1614 1335
552 1560 652 1615 Καὶ
683 1563 939 1633 κυμάτων
971 1562 1219 1637 σύῥροια,
1248 1564 1490 1634 καθάπαξ
1523 1567 1701 1641 φάναι,

554 1646 773 1720 Λαῖλάψ
801 1670 860 1703 τε
892 1646 1040 1719 δεινή
1072 1652 1160 1705 καὶ
1191 1654 1435 1726 καταιγὶς
1464 1655 1548 1707 καὶ
1583 1653 1715 1724 ζάλη

549 1736 650 1791 Καὶ
679 1738 942 1809 τρικυμία
976 1738 1292 1811 πνευμάτων
1325 1740 1619 1794 ἀντιπνόων

550 1823 920 1899 Ἐφιλονίκουν
951 1831 1033 1897 τῷ
1068 1827 1217 1900 βυθῷ
1248 1825 1539 1881 καταδόσαι

544 1913 857 1986 Αὐταρχίας
889 1911 1097 1967 ὁλκάδα
1126 1922 1225 1983 τῆς
1255 1915 1580 1989 ἐγκοσμίου,

376 1999 511 2054 1340
547 1999 837 2075 Ναύαρχον
872 2001 971 2057 οὐκ
1001 2001 1232 2076 ἔχουσαν
1267 2003 1679 2081 οίακοστρόφον.

550 2088 704 2144 Οὕτω
735 2094 915 2153 κακῶς
943 2092 1251 2165 πάσχοντος
1284 2093 1537 2148 Αὐσόνων
1567 2097 1795 2164 κράτους

553 2179 867 2251 Στρατηγὸς
896 2179 1212 2252 Ἡράκλειος
1247 2182 1511 2256 Ἀφρικῆς
1543 2181 1664 2236 τότε

556 2263 746 2335 Στόλῳ
774 2264 1096 2328 πεπλευκὼς
1130 2267 1204 2329 εἷς
1235 2267 1487 2341 βασιλίδα
1517 2267 1680 2324 πόλιν

557 2352 795 2419 ’Ἡττησε
824 2358 1019 2407 Φωκᾶν
1051 2356 1384 2426 συμπλακεὶς
1414 2356 1542 2428 τῷδ’
1576 2358 1653 2418 εἷς
1687 2361 1895 2433 μάχην,

387 2437 525 2493 1345
564 2437 660 2491 Καὶ
690 2436 845 2493 τόνδε
874 2441 1078 2503 κτείνας
1110 2440 1516 2517 παραλαμϐάνει
1546 2447 1607 2501 τὸ
1636 2446 1853 2520 κράτος

831 2576 1231 2631 ΗΡΑΚΛΕΙΟΣ
1272 2578 1377 2632 ΕΤ.
1422 2585 1461 2631 Λ
1472 2580 1547 2635 Α’.

548 2689 715 2739 Φωκᾶ
750 2687 1063 2761 φθαρέντος,
1096 2689 1170 2751 ὡς
1202 2687 1359 2764 ἔφην,
1392 2691 1740 2767 αὐτοκράτωρ

546 2772 867 2845 Ἡράκλειος
890 2776 1124 2849 πέφηνεν
1157 2778 1404 2849 ἀριστεὺς
1430 2779 1592 2854 μέγας

543 2860 753 2925 ’Ἄλλος
780 2883 861 2925 τις
894 2859 1063 2928 ὅντως
1090 2865 1367 2940 Ἡρακλῆς
1399 2869 1533 2921 κατά
1564 2867 1770 2941 σθένος,

547 2950 623 3007 Οὐ
649 2950 852 3026 θηρίων
882 2960 987 3026 γῆν
1020 2953 1347 3029 ἐκκαθαίρων
1382 2955 1595 3031 ἀλόγων

380 3038 515 3094 1350
553 3036 661 3095 Οὐδ
690 3039 1007 3115 Εὐρυσθέως
1039 3050 1372 3116 προσταγαῖς
1406 3042 1562 3098 εἷ’κων
1601 3045 1710 3119 βίᾳ,

548 3126 703 3181 Ἀλλ’
734 3127 1052 3183 ἀπελαύνων
1078 3128 1352 3185 ἐκδιώκων
1389 3132 1653 3207 μακρόθεν

548 3215 742 3291 Πόῤῥω
772 3238 829 3271 τε
852 3218 1020 3280 τιθεὶς
1044 3226 1143 3293 γῆς
1176 3218 1313 3289 ὅλης
1340 3219 1646 3293 Ῥωμαίδος

550 3308 781 3376 Χριστοῖο
814 3303 1039 3377 δυνάμει
1069 3311 1332 3381 οταυρικῇ
1368 3310 1668 3384 παντευχίᾳ

548 3396 634 3451 Ὠς
666 3393 833 3465 θῆρας
864 3390 1069 3456 ἄλλους
1097 3395 1316 3469 ἀγρίους
1348 3397 1712 3473 φιλαιμάτους

382 3479 521 3533 1355
559 3480 629 3534 'II
660 3480 1033 3553 παλαμναίους
1065 3483 1153 3537 καὶ
1188 3485 1400 3558 θρασεῖς
1430 3485 1588 3548 κύνας
1624 3485 1842 3557 λύκους,

558 3567 763 3641 Ηέρσας
792 3568 1025 3632 ἀναιδεῖς
1064 3571 1330 3646 ἁρπαγαῖς
1354 3574 1746 3647 κεχρημένους.

558 3655 653 3716 ’⁸ος
683 3654 756 3709 ὣν
790 3659 1088 3732 στρατηγὸς
1131 3660 1536 3736 καρτερόψυχος
1573 3661 1773 3737 μάχαις

558 3743 653 3797 Καὶ
688 3745 1011 3814 ζηλοτυπῶν
1040 3749 1279 3820 πατρίων
1312 3752 1480 3821 νόμον
1514 3752 1673 3823 χάριν

558 3834 759 3897 Κλέους
787 3858 845 3891 τε
870 3842 966 3892 τοῦ
990 3838 1113 3913 πρὶν
1146 3839 1403 3893 Αὐσόνων
1442 3842 1777 3915 κραταρχίας

382 3924 524 3978 1360
562 3922 811 3987 Πολλοὺς
844 3925 1074 3987 ἀνατλὰς
1104 3928 1191 3981 καί
1230 3927 1497 4002 μεγάλους
1528 3925 1832 4000 κινδύνους,

562 4013 894 4088 Ὑπερμαχεῐ
925 4013 1198 4070 κάλλιστα
1223 4015 1509 4088 Ῥωμαίων
1540 4012 1679 4090 όρων

561 4099 653 4164 Εἷς
684 4102 913 4164 πίστεως
944 4102 1190 4158 σύστασιν
1223 4099 1654 4182 εὐσεϐυφρόνων,

560 4189 653 4250 Εἰς
684 4191 977 4267 ἀντέρεισιν
1009 4192 1213 4266 εὐαγῶν
1247 4198 1485 4267 Χριστοῦ
1514 4192 1699 4266 νόμων

1888 305 2254 358 CESABES.

2048 425 2101 491 Α
2131 423 2188 479 in
2224 422 2580 495 provinciam
2614 420 2901 476 Persicam
2937 415 3304 487 redegerunt.

2133 518 2205 567 At
2236 512 2293 566 in
2320 511 2616 566 occidente
2644 509 2967 563 Abarorum
3000 503 3286 559 exercitus

2131 604 2315 654 terras
2342 604 2513 669 atque
2545 597 2717 651 urbes
2752 594 3161 667 populabatur.

2132 688 2406 742 Romanae
2432 686 2580 741 vires
2614 685 2827 756 prteliis
2855 687 2994 737 sunt
3024 680 3245 735 accisae.

2132 775 2301 830 urbes
2333 775 2539 831 aItlixit
2568 774 2751 828 fames
2782 788 2913 827 cum
2948 766 3300 841 pestilentia,

2130 864 2214 917 vis
2248 863 2428 917 nimia
2458 863 2691 931 frigoris
2721 866 2776 916 et
2797 862 3199 930 jumentorum
3235 854 3379 917 lues,

2132 952 2418 1007 malorum
2450 950 2658 1006 cohors
2687 949 2977 1004 immensa
3005 950 3063 1001 et
3095 938 3492 998 multiformis.

2126 1041 2273 1094 Tum
2306 1040 2480 1094 etiam
2512 1038 2827 1093 Antiochiae
2867 1033 3152 1090 Judaicus
3185 1028 3435 1101 populus

2130 1128 2406 1183 seditiosa
2440 1143 2635 1198 pugna
2666 1125 3031 1180 Christianos
3063 1117 3326 1191 appetiit,

2130 1216 2563 1285 permultasque
2595 1214 2823 1285 piorum
2855 1211 3006 1266 vitas
3036 1208 3225 1280 gladio
3261 1203 3544 1269 messuit;

2130 1302 2186 1356 in
2220 1302 2312 1357 his
2344 1306 2632 1373 pastorem
2667 1301 2831 1356 urbis
2863 1297 3262 1363 Anastasium,

2128 1392 2297 1461 cujus
2328 1391 2503 1445 etiam
2535 1390 2775 1445 cadaver
2806 1388 2924 1459 igni
2958 1384 3213 1441 tradidit.

2128 1479 2219 1534 Sic
2253 1478 2540 1533 malorum
2575 1478 2703 1531 ilias
2736 1478 3038 1547 quatiebat
3068 1471 3284 1534 omnia,

2129 1583 2366 1637 prorsus
2396 1565 2571 1621 veluti
2604 1566 2841 1637 quidam
2876 1576 3197 1619 concursus
3229 1559 3535 1623 ﬂuctuum,

2127 1656 2322 1723 turbo,
2357 1655 2629 1727 procella,
2664 1654 2842 1709 maris
2875 1650 3163 1715 aestuatio,

2126 1745 2318 1815 gravis
2350 1748 2665 1815 tempestas
2698 1746 2940 1796 natuum
2974 1736 3464 1801 adversariorum,

2128 1833 2431 1887 certabant
2461 1831 2748 1903 profundo
2782 1843 3039 1897 mergere

2125 1920 2406 1975 mundani
2439 1920 2666 1991 imperii
2709 1917 3006 1989 navigium

2124 2008 2412 2063 navarcbo
2442 2008 2787 2062 destitutum
2821 2005 2921 2077 qui
2954 2004 3182 2060 clavum
3215 2003 3455 2071 regeret.

2123 2098 2267 2152 Cum
2309 2114 2399 2153 res
2431 2098 2703 2152 Romanis
2733 2096 2814 2149 ita
2842 2094 3191 2157 laborarent,

2124 2186 2323 2241 Africa:
2356 2203 2457 2257 per
2482 2186 2539 2241 id
2570 2190 2802 2256 tempus
2834 2184 2951 2238 dux
2983 2178 3283 2236 Heraclius

2122 2280 2404 2329 armatam
2438 2276 2682 2329 classem
2716 2271 3017 2343 appellens
3048 2270 3119 2323 ad
3158 2267 3358 2321 urbem
3392 2262 3637 2333 regiam,

2124 2362 2375 2415 Phocam
2408 2359 2899 2429 consertoprelio
2930 2354 3275 2420 debellavit;

2124 2466 2238 2519 quo
2269 2449 2482 2517 occiso,
2517 2448 2628 2503 sibi
2662 2446 2974 2517 imperium
3008 2440 3337 2497 vindicavit.

2536 2579 2937 2637 HERACLIUS
2978 2576 3086 2632 AN.
3130 2574 3324 2629 XXXI.

2126 2698 2310 2754 Phoca
2348 2696 2597 2759 sublato,
2632 2698 2691 2749 ut
2721 2694 2860 2762 dixi,
2893 2692 3211 2762 imperator

2124 2784 2405 2858 processit
2436 2782 2735 2838 Heraclius
2768 2782 2975 2850 ingens
3008 2780 3178 2833 heros

2124 2876 2269 2931 alter
2300 2890 2502 2945 reapse
2532 2870 2807 2927 Hercules
2839 2872 3073 2940 propter
3102 2866 3249 2922 vires
3284 2881 3295 2919 :

2125 2980 2227 3018 nec
2260 2978 2392 3017 vero
2422 2967 2633 3015 terram
2667 2974 2923 3029 purgans
2959 2954 3143 3011 brutis
3173 2952 3402 3020 belluis,

2123 3066 2309 3122 neque
2332 3047 2639 3121 Eurysthei
2674 3047 2955 3101 mandata
2987 3047 3222 3099 coactus
3256 3039 3494 3105 faciens,

2037 3136 2081 3202 C
2120 3155 2320 3194 verum
2360 3136 2655 3207 expellens
2686 3133 3139 3205 longissimeque
3171 3143 3527 3202 persequens

2128 3226 2520 3295 Romanisque
2552 3222 2765 3276 ﬁnibus
2799 3221 2999 3293 procul
3039 3220 3409 3283 submovens,

2129 3314 2342 3371 Christi
2374 3314 2583 3369 virtute
2616 3310 2921 3381 crucisque
2954 3308 3249 3380 panoplia.

2131 3404 2280 3457 feras
2312 3404 2457 3457 alias
2487 3418 2668 3456 saevas
2698 3405 2754 3455 et
2785 3396 3195 3469 sanguinarias

2131 3492 2407 3562 dirosque
2440 3490 2607 3560 lupos
2640 3494 2811 3560 atque
2844 3502 3015 3543 canes
3046 3484 3303 3552 rabidos,

2132 3579 2462 3650 impudicos
2497 3594 2703 3648 nempe
2735 3577 2938 3632 Persas
2970 3590 3033 3629 ac
3060 3574 3405 3643 direptores.

2132 3669 2234 3723 Hic
2266 3682 2397 3722 cum
2430 3668 2546 3720 dux
2577 3671 2729 3720 esset
2759 3665 2817 3717 in
2851 3663 3064 3735 praeliis
3099 3666 3374 3717 strenuus

2132 3762 2188 3812 et
2219 3756 2537 3827 patriarum
2568 3753 2765 3823 legum
2799 3767 2994 3807 amore
3026 3752 3300 3821 ﬂagrans,

2132 3846 2273 3900 dum
2303 3849 2553 3899 veterem
2588 3842 2814 3910 imperii
2847 3841 3088 3912 gloriam
3122 3838 3350 3891 revocat

2134 3933 2335 3988 multis
2368 3930 2715 4002 magnisque
2748 3928 3036 3998 implicuit
3064 3942 3124 3981 se
3156 3922 3450 3997 periculis.

2136 4022 2282 4075 ﬁnes
2310 4019 2551 4073 Romani
2587 4017 2743 4071 orbis
2777 4016 3026 4085 protexit
3056 4018 3312 4075 strenue,

2136 4107 2587 4162 orthodoxorum
2621 4106 2898 4175 dogmata
2926 4100 3311 4166 conﬁrmavit,

2140 4212 2240 4265 pro
2273 4195 2492 4250 sanctis
2514 4193 2725 4250 Christi
2756 4192 2982 4264 legibus
3013 4206 3175 4245 arma
3205 4188 3399 4255 movit,

371 4368 549 4407 mano
581 4352 702 4408 foro
733 4353 967 4411 detectae
1000 4354 1109 4410 sub
1142 4354 1415 4411 columna
1445 4356 1652 4412 honori
1683 4356 1809 4427 ejus
1840 4355 2138 4428 regnantis
2166 4356 2235 4410 ab
2267 4358 2627 4411 assentatore
2659 4353 2872 4423 dicata,
2898 4367 3022 4422 quae
3054 4353 3140 4406 est
3170 4345 3510 4418 bujusmodi
3542 4363 3555 4401 :

1438 4521 1465 4581 ῒ
1501 4516 1736 4571 οΡτΙΜΟ
1775 4515 2189 4580 CLEMENTIS,
2224 4514 2718 4577 FELICISSIMOQVE

1415 4586 1721 4641 PRINCIPI
1761 4586 2034 4641 DOMINO
2076 4603 2130 4640 Ν.
2172 4603 2345 4641 FOGAE
2383 4587 2732 4640 IMPERATORI

1286 4657 1644 4713 PEBPETVO
1683 4661 1726 4712 A
1767 4657 1859 4711 D0
1899 4658 2280 4712 CORONATO
2319 4654 2866 4711 TRIVMPHATORI

1749 4728 2034 4783 SEMPER
2071 4726 2388 4783 AUGVSTO

1317 4797 1751 4855 SMARAGDVS
1793 4798 1880 4853 EX
1926 4799 2260 4854 PRAEPOS.
2304 4796 2506 4851 SACRI
2538 4793 2825 4849 PALATII

1392 4870 1482 4924 AC
1521 4869 1891 4924 PATRICIVS
1934 4870 2021 4923 ET
2060 4868 2421 4925 EXARCIIVS
2464 4865 2751 4920 ITALIAE

1562 4939 1886 4994 DEVOTVS
1929 4941 2091 4995 EIVS
2135 4938 2584 4994 CLEMENTIAE

1376 5012 1508 5066 PRO
1548 5011 2202 5065 INNVMERABILIBVS
2249 5008 2569 5064 PIETATIS
2612 5008 2766 5061 EIVS

1595 5082 1991 5139 BENEFICIIS
2026 5082 2114 5136 ET
2154 5084 2287 5136 ΡΙὶο
2323 5080 2559 5144 QVIETE

1257 5151 1665 5209 PROCVRATA
1708 5154 1882 5207 ITAL.
1924 5154 2006 5207 AC
2044 5152 2461 5207 CONSERVATA
2498 5147 2902 5203 LIBERTATE

1562 5223 1753 5277 HANC
1788 5223 2065 5293 STATVAM
2108 5224 2381 5278 PIETATIS

1490 5295 1665 5349 AVRI
1700 5290 2087 5348 SPLENDORE
2126 5295 2443 5349 MICANTEM
2486 5290 2652 5344 HVIC

1456 5365 1747 5420 SVBLIMI
1791 5365 2145 5419 COLVMNAE
2184 5382 2258 5419 AD
2300 5359 2683 5419 PERENNEM

1312 5434 1537 5491 IPSIVS
1573 5435 1885 5490 GLORIAM
1928 5435 2260 5490 IMPOSVI'I‘
2303 5437 2388 5488 AC
2428 5429 2829 5485 DEDICAVIT.

1300 5504 1417 5562 DIE
1464 5507 1687 5561 PRIMA
1738 5506 1990 5571 ΜΕΝὲῐὸ
2034 5505 2331 5561 AUGVST.
2376 5502 2630 5555 INDICT.
2670 5500 2836 5553 VNI).

1474 5578 1575 5632 ΟΡ.
1623 5577 1944 5632 PIETATIS
1978 5576 2134 5633 EISV
2168 5574 2362 5629 ANNO
2407 5571 2670 5634 QVINTO
