4132 6300
419 373 492 429 53
1621 367 1990 421 EPHREMII
2035 364 2600 429 casamcasam:

422 513 643 571 proque
672 493 987 551 dilatandis
1017 494 1191 549 etiam
1222 490 1454 563 imperii
1486 490 1729 562 finibus,

422 602 660 659 prorsus
693 588 757 641 ut
787 602 910 642 rem
937 584 1261 639 Romanam
1293 580 1649 637 restitueret.

418 680 581 732 Tunc
614 680 809 732 autem
840 672 1093 728 Persidis
1123 674 1429 741 regnatore
1454 669 1739 726 Cbrosroe

418 781 552 821 eoas
586 763 803 836 ubique
828 766 1013 817 terras
1040 760 1431 831 depraedante,

417 853 566 909 fines
596 866 827 924 quoque
856 850 1161 905 invadente
1192 847 1548 917 Palestinos,

416 942 499 997 ita
530 946 593 996 ut
622 939 964 1011 The0polim
993 938 1182 1009 ipsam
1212 936 1447 992 Sionem
1479 936 1731 1007 ceperit;

416 1029 897 1087 Christicolarum
926 1026 1100 1100 periit
1129 1025 1456 1081 immensus
1487 1040 1767 1081 numerus

416 1117 601 1173 millia
630 1117 938 1173 hominum
970 1114 1195 1170 scilicet
1223 1113 1580 1184 nonaginta;

413 1206 629 1277 partim
662 1206 721 1261 in
750 1206 879 1277 ipso
911 1201 1106 1275 praelio
1137 1201 1351 1274 gladiis
1381 1218 1551 1271 caesa,

414 1294 629 1366 partim
660 1292 789 1349 dolo
820 1293 1193 1347 Hebraeorum
1236 1290 1631 1361 pessumdata.

413 1384 634 1453 Quippe
664 1381 723 1435 hi
756 1378 1013 1451 captivos
1047 1378 1449 1433 fraudulenter
1480 1380 1730 1447 emptos,

412 1470 573 1527 tenui
601 1485 849 1541 repensa
879 1466 1152 1523 Barbarie
1182 1465 1454 1537 pecunia,

410 1558 674 1628 protinus
704 1556 936 1627 gladiis,
972 1571 1074 1625 pro
1106 1553 1307 1608 dolorl
1344 1551 1751 1608 conficiebant.

410 1646 647 1703 Barbari
675 1644 869 1701 Sionis
902 1646 1195 1715 pastorem
1227 1656 1576 1712 sacrumque
1606 1639 1832 1711 lignum

408 1736 467 1790 in
511 1734 807 1790 Persidem
841 1733 1211 1788 abduxerunt
1241 1729 1491 1802 patriam
1522 1745 1712 1785 suam.

409 1828 540 1878 Aaac
565 1822 886 1892 imperator
914 1818 1157 1876 audiens
1189 1818 1531 1889 angebatur,

410 1926 619 1982 nempe
652 1909 908 1964 militum
943 1922 1185 1962 numero
1219 1907 1491 1978 pauciore
1519 1905 1867 1972 instructus,

412 1998 552 2055 item
593 1997 851 2069 pecuniae
882 1995 1097 2050 auxilio
1130 1995 1469 2061 destitutus,

413 2086 729 2156 quominus
759 2084 988 2140 hostem
1010 2084 1327 2139 barbarum
1357 2082 1750 2154 propulsaret.

414 2180 544 2231 Mox
571 2178 767 2230 tamen
801 2188 939 2243 opes
965 2189 1041 2226 nu
1053 2187 1459 2241 merosumque
1477 2170 1795 2226 exercitum

413 2278 831 2334 armorumque
860 2265 1205 2333 apparatum
1237 2264 1368 2331 apte
1393 2259 1715 2325 instruens,

412 2353 659 2425 pecunia
686 2367 717 2407 e
745 2351 983 2422 templis
1011 2355 1276 2405 mutuala
1304 2350 1510 2421 gratis,

409 2440 647 2496 collecto
678 2440 747 2495 de
777 2438 1094 2510 provinciis
1123 2438 1329 2494 idoneo
1361 2437 1571 2508 milite,

408 2530 687 2584 adversus
716 2527 1033 2583 Chosroem
1064 2526 1179 2581 Deo
1211 2526 1517 2582 victorioso
1549 2526 1733 2581 fretus

409 2632 542 2672 cum
574 2615 827 2672 exercitu
856 2615 918 2670 in
950 2614 1242 2669 Persidem
1275 2614 1414 2669 facit
1442 2615 1745 2685 impetum.

407 2704 552 2760 Exin
581 2704 839 2777 vigorem
871 2702 1088 2759 animis
1118 2702 1405 2759 subdente
1439 2707 1571 2771 Deo,

407 2793 681 2849 victorias
712 2792 958 2858 nobiles,
991 2792 1297 2863 splendida
1325 2791 1606 2863 trophaea,

406 2898 506 2938 rex
533 2881 652 2937 illic
681 2896 939 2954 praesens
964 2879 1163 2936 retulit
1192 2881 1261 2935 de
1286 2880 1579 2936 Barbaris.

403 2970 625 3026 Occidit
653 2970 809 3025 enim
850 2969 1109 3024 hostium
1139 2972 1396 3023 catervas
1427 2967 1739 3038 plurimas,

402 3057 655 3129 praedam
687 3056 901 3128 abegit,
936 3056 1247 3111 manubias
1280 3054 1545 3125 abstulit,

402 3150 615 3217 strage,
648 3145 801 3217 igne,
832 3143 1102 3200 vastitate
1132 3142 1351 3199 attrivit
1381 3143 1686 3197 Barbaros.

404 3233 502 3289 His
535 3231 832 3289 Heraelius
863 3232 1106 3303 patratis
1143 3230 1297 3284 intra
1328 3230 1693 3297 sexennium,

401 3324 535 3391 post
566 3322 837 3375 sanctum
867 3318 1094 3391 lignum
1129 3333 1259 3373 cum
1290 3318 1484 3373 Sionis
1516 3317 1765 3390 prmsule

400 3407 815 3480 Hierosolymis
847 3423 1053 3462 rursus
1084 3406 1450 3474 collocatum,

399 3496 468 3551 ad
501 3496 720 3568 regiam
752 3495 957 3551 urbem
989 3496 1231 3566 septimo
1264 3494 1573 3551 revertitur

402 3582 651 3639 miriﬁca
680 3583 878 3638 laetitia
907 3584 1247 3639 redundans
1270 3600 1443 3650 anno,

402 3672 636 3743 hymnis
664 3671 993 3727 innumeris
1025 3672 1353 3726 celebratus
1384 3671 1604 3743 populi,

398 3758 570 3814 heros
601 3762 659 3814 et
686 3759 867 3815 victor
897 3760 1241 3831 praedicatus
1274 3760 1509 3815 nobilis.

396 3847 501 3902 Hic
535 3864 632 3902 rex
659 3848 1014 3917 quibusdam
1048 3848 1383 3920 pastoribus
1413 3848 1697 3905 obnoxius

396 3934 485 3991 vel
516 3935 712 4006 potius
743 3936 1140 4004 mercenariis,
1173 3937 1288 3992 imo
1321 3941 1380 3993 et
1410 3936 1586 4008 lupis,

400 4038 468 4078 ex
498 4022 592 4078 his
622 4023 981 4094 synchyticis
1013 4024 1378 4095 impurisque
1408 4025 1668 4079 fontibus

397 4110 711 4183 perniciem
745 4112 1067 4183 perpotavit
1097 4111 1533 4167 exsecrabilem.

398 4200 514 4255 Sub
544 4215 609 4255 eo
642 4200 1013 4255 Mahumetus
1046 4199 1245 4271 p0puli
1278 4201 1546 4256 seductor
1575 4201 1749 4257 fallax

398 4288 587 4360 turpis
618 4288 923 4343 atheorum
955 4287 1227 4359 princeps
1257 4292 1676 4360 Agarenorum,

398 4375 659 4429 nefandae
681 4375 977 4445 religionis
1009 4380 1366 4443 antecessor,

397 4462 470 4517 ad
504 4462 809 4517 hominum
842 4461 1082 4517 exitium
1113 4463 1238 4517 orbi
1270 4463 1544 4518 innotuit.

394 4550 643 4606 Femina:
673 4549 765 4605 hic
795 4550 933 4606 ditis
964 4549 1217 4605 Persidis
1242 4567 1377 4605 cum
1408 4556 1561 4607 esset
1592 4551 1869 4623 famulus,

389 4637 695 4708 impostor,
728 4637 902 4693 homo
928 4638 1237 4704 obscurus,
1266 4639 1450 4709 stirpe
1479 4640 1742 4711 ignobili,

388 4725 539 4781 hanc
568 4726 774 4781 habuit
802 4725 911 4781 tori
948 4726 1162 4781 sociam
1195 4731 1252 4783 et
1280 4728 1537 4783 malitiae.

388 4813 529 4869 Exin
560 4815 746 4870 evasit
778 4815 1048 4885 princeps
1078 4816 1395 4886 doctorque
1425 4834 1620 4888 nugax

392 4902 588 4957 nescio
620 4918 735 4973 quo
767 4907 935 4973 pacto
966 4904 1121 4973 apud
1155 4904 1353 4974 Agarzn
1386 4910 1666 4975 posteros.

391 4988 550 5044 Idem
583 4988 962 5060 progrediens
993 5006 1061 5044 ex
1089 4989 1339 5045 jEthribi
1373 4993 1705 5061 regionibus

388 5078 725 5147 imperatori
760 5082 891 5147 post
914 5076 1214 5133 victoriam
1248 5080 1441 5134 reduci

389 5180 690 5231 occurens,
722 5166 918 5219 sedem
952 5166 1022 5220 ad
1054 5165 1428 5221 incolendum
1462 5168 1665 5239 petiit;

389 5269 506 5324 qua
537 5268 671 5306 mox
699 5253 1029 5323 impetrata,
1060 5254 1281 5324 Syriam
1314 5255 1657 5326 incursavit,

389 5348 447 5398 et
478 5343 875 5398 Romanorum
907 5343 1079 5399 terris
1111 5344 1285 5414 potiri
1315 5345 1505 5416 coepit.

612 5464 1530 5593 ΟΟΝΞΤΑΝΤΙΝΠΞΝΗΙὲΒΑΟΙΑΙΙ
1570 5469 1800 5527 FILIUS

389 5638 704 5713 Postquam
737 5642 1034 5699 Heraclius
1065 5644 1241 5700 finem
1272 5645 1399 5701 vita:
1430 5645 1735 5720 imposuit,

2077 489 2135 557 Α
2340 494 2436 558 Εἵς
2464 518 2522 552 τε
2550 497 2869 571 πλατυσμόν
2898 498 2998 552 τοῦ
3022 494 3252 569 κράτους
3283 494 3699 570 σχοινισμάτων,

2164 585 2301 640 1365
2339 584 2633 641 Ἐπάνοδόν
2664 608 2722 641 τε
2749 588 3069 658 Ῥωμαϊκῶν
3100 582 3453 658 πραγμάτων.

2334 671 2745 743 Λεηλατοῦντος
2770 678 3066 744 τηνικαῦτα
3094 672 3341 748 Χοσρόου

2334 766 2550 836 Περσῶν
2581 762 2892 838 κρατάρχου
2920 764 3094 816 πάντα
3110 768 3210 830 τῆς
3240 763 3356 817 Ἕω
3390 762 3553 833 μέρη,

2336 849 2786 923 Καταδραμόντος
2817 852 2906 905 καὶ
2936 849 3305 919 Παλαιστίνης
3340 847 3523 922 ὅρους,

2333 942 2465 993 Θεοῦ
2489 938 2651 993 πόλιν
2681 960 2738 994 τε
2767 941 2866 1007 τὴν
2900 941 3042 993 Σιὼν
3074 938 3383 1007 ἡλωκότος,

2158 1026 2295 1082 1370
2331 1025 2731 1099 Χριστωνύμων
2763 1022 2994 1102 ἔφθαρτο
3024 1023 3236 1093 πλῆθος
3281 1023 3475 1097 μυρίον

2332 1114 2416 1175 Ἐς
2442 1112 2720 1190 μυριάδων
2749 1114 2897 1169 έννέα
2924 1115 3296 1186 ποσουμένων·

2330 1204 2399 1258 Τὸ
2432 1205 2525 1275 μὲν
2561 1205 2797 1275 θερισθὶν
2827 1201 2999 1257 τῶνδε
3028 1203 3164 1276 πρὸς
3197 1204 3350 1275 μάχῃ
3385 1199 3545 1276 ξίφει,

2327 1292 2401 1346 Τὸ
2434 1290 2479 1346 δ’
2511 1293 2574 1346 αὗ
2606 1293 2856 1369 φονευθὶν
2880 1287 3140 1366 Ἐϐραίων
3172 1288 3488 1364 κακουργίᾳ.

2327 1381 2640 1452 Ὠνούμενοι
2667 1380 2766 1455 γὰρ
2797 1377 3193 1454 αἰχμαλώτους
3227 1376 3545 1453 δυστρόπως

2148 1469 2289 1526 4375
2326 1474 2534 1544 Μικρᾶς
2572 1476 2742 1541 τιμῆς
2773 1467 2922 1524 οὗτοί
2950 1489 3009 1543 γε
3038 1468 3174 1542 πρὸς
3204 1470 3309 1521 τῶν
3342 1460 3642 1539 Βαρϐάρων

2323 1558 2559 1632 Ὑπῆγον
2592 1556 2747 1621 εὐθὺς
2773 1561 2841 1631 τῇ
2871 1560 3017 1629 τομῇ
3049 1560 3146 1633 φεῦ
3176 1560 3272 1609 τοῦ
3303 1554 3508 1631 ξίφους.

2323 1647 2523 1721 Πέρσαι
2554 1644 2613 1700 δὲ
2640 1646 2780 1699 Σιὼν
2812 1646 3048 1717 ποιμένα
3078 1645 3196 1698 θεῖα
3225 1642 3361 1714 ξύλα

2323 1735 2414 1795 Ἐς
2447 1731 2659 1807 Περσίδ’
2692 1734 2972 1809 ἀπήγαγον
3002 1733 3182 1786 αὐτῶν
3226 1727 3483 1804 πατρίδα.

2073 1848 2122 1913 Β
2328 1822 2494 1885 Ταῦθ’
2524 1821 2550 1874 ὁ
2580 1826 2792 1896 κρατῶν
2823 1819 2987 1896 γνοὺς
3013 1818 3376 1894 πυρπολεῖται
3404 1815 3658 1889 καρδίαν.

2154 1911 2292 1966 1380
2331 1908 2631 1984 Στράτιυμ¹
2662 1911 2923 1984 ἀποχρῶν
2958 1906 3226 1981 μηδαμῶς
3259 1906 3623 1978 κεκτημένος,

2325 1995 2468 2067 Μηδ’
2498 1995 2563 2051 αὗ
2595 1994 2838 2067 δαπάνην
2870 1996 3174 2071 χρημάτων
3205 1992 3483 2067 ἀναλόγων

2324 2084 2419 2146 Εἷς
2448 2082 2886 2157 ἀντιπαλάμησιν
2920 2082 3129 2158 ἐχθρῶν
3161 2078 3483 2158 Βαρϐάρων.

2322 2175 2516 2245 ’Όμως
2549 2169 2606 2226 δὲ
2632 2171 2722 2226 καὶ
2753 2173 3016 2246 χρήματα
3042 2170 3133 2225 καὶ
3163 2174 3396 2245 στρατοῦ
3426 2167 3621 2248 στίφος

2325 2259 2421 2314 Καὶ
2451 2258 2517 2313 τὰ
2546 2260 2683 2333 πρὸς
2710 2257 2984 2331 ἐξόπλισιν
3017 2259 3073 2313 εὗ
3103 2257 3425 2333 ἀπαρτίσας,

2147 2351 2285 2407 1385
2323 2350 2405 2405 Τὰ
2438 2348 2532 2420 μὶν
2564 2347 2702 2422 πρὸς
2731 2346 2893 2402 οἶῖιων
2924 2347 3083 2422 ἱερῶν
3111 2348 3274 2421 χάριν
3315 2344 3510 2408 δάνους

2322 2435 2429 2494 Τὸν
2462 2432 2508 2489 δ’
2538 2433 2598 2489 ἐκ
2629 2435 2876 2507 θεμάτων
2905 2434 3219 2509 συναγείρας
3247 2435 3321 2495 ὡς
3352 2432 3493 2504 δέον,

2320 2525 2472 2580 Κατὰ
2501 2523 2744 2598 Χοσρόου
2775 2524 2867 2576 σὺν
2896 2526 3012 2594 Θεῷ
3042 2523 3201 2592 νίκης
3232 2520 3362 2595 δότῃ

2322 2614 2472 2670 Μετὰ
2501 2616 2753 2685 στρατιᾶς
2782 2605 3038 2666 ἐκϐάλλει
3069 2615 3137 2685 τῇ
3176 2608 3427 2686 Περσίδι·

2321 2705 2454 2757 Θεοῦ
2482 2701 2742 2755 τοΛοιπὸν
2778 2698 3103 2773 ἐμπνέοντος
3129 2700 3191 2753 τὸ
3224 2697 3406 2763 σθένος

2149 2793 2286 2848 1390
2324 2795 2593 2867 Περιφανῆ
2620 2785 2855 2863 τρὸπαια
2883 2789 3131 2862 γενναίας
3159 2786 3312 2849 νίκας

2323 2880 2468 2935 Ἐκεῖ
2500 2878 2684 2952 παρὼν
2720 2874 2941 2951 δέδρακε
2969 2875 3103 2931 κατὰ
3134 2871 3452 2951 Βαρϐάρων.

2322 2968 2566 3023 Ἔκτεινε
2593 2964 2683 3019 καὶ
2713 2966 2814 3040 γὰρ
2846 2961 3142 3039 Βαρϐάρων
3173 2962 3431 3026 πλείστας
3466 2961 3628 3034 ἴλας»

2320 3054 2530 3112 ’Ἠλασε
2561 3052 2709 3108 λείαν
2741 3052 2830 3108 καὶ
2862 3050 3308 3128 λαφυραγωγίαν,

2321 3146 2476 3217 Δῃῶν
2507 3141 2600 3216 έρη
2613 3143 2727 3214 μῶν
2752 3139 3050 3215 πυρπολῶν
3082 3140 3149 3195 τὰ
3171 3135 3495 3216 Βαρϐάρων,

2062 3202 2107 3270 C
2146 3234 2282 3290 1395
2318 3202 2474 3286 Ταῦτ’
2506 3202 2564 3285 se:
2591 3202 2895 3306 χρόνοιςιέξ
2927 3202 3257 3305 Ἡράκλειοέ
3283 3202 3508 3303 ἀνύσας,

2309 3319 2466 3375 Ξύλα
2493 3339 2552 3373 τε
2583 3317 2750 3372 σεπτᾶ
2775 3319 2864 3372 καὶ
2897 3317 3041 3372 Σιὼν
3068 3317 3370 3392 ἀρχιθύτην

2310 3405 2621 3482 Ἱερουσαλή
2632 3427 2670 3479 μ
2695 3406 3095 3480 ἐγκαταστήσας
3110 3404 3291 3473 πόλει,

2311 3496 2454 3569 Πρὸς
2488 3492 2743 3570 βασιλίδα
2771 3492 3195 3571 καθυποστρέφει
3228 3492 3387 3549 πόλει

2312 3585 2399 3640 Ἑν
2434 3578 2652 3655 ἑϐδόμῳ
2680 3582 2949 3638 κάλλ.στα
2978 3582 3185 3658 χαίρων
3212 3582 3292 3654 τῳ
3321 3581 3550 3657 χρόνῳ,

2139 3675 2275 3730 1400
2311 3671 2680 3744 Ὑμνούμενος
2711 3671 2972 3744 στόμασιν
3000 3672 3172 3725 ἀστῶν
3211 3670 3445 3745 μυρίων,

2314 3761 2523 3822 Ὀωθεὶς
2555 3759 2801 3835 ἀριστεὺς
2832 3757 3087 3834 γεννάδας
3120 3757 3439 3835 νικηφόρος.

2315 3847 2487 3909 Οὗτος
2521 3847 2773 3923 βασιλεὺς
2801 3848 3111 3921 έξομαρτῶν
3134 3847 3385 3919 ποιμέσιν

2312 3939 2378 3994 Ἦ
2416 3936 2627 4010 μᾶλλον
2662 3935 2832 3991 εῗπεῖν
2868 3935 3106 4009 μισθίοις
3133 3955 3192 3989 τε
3219 3936 3307 3989 καὶ
3343 3933 3552 3999 λύκοις

2315 4027 2407 4082 Ἐκ
2430 4026 2767 4101 συγχυτικῶν
2800 4025 2865 4079 ού
2896 4026 3144 4097 καθαρῶν
3182 4021 3438 4096 ναμάτων

2139 4115 2277 4170 1405
2316 4114 2652 4187 Ἀνατροπήν
2682 4114 2891 4180 ποτίζει
2927 4109 3269 4186 βδελυκτέαν.

2310 4202 2432 4276 Ἐφ’
2474 4198 2535 4254 οὗ
2566 4198 2906 4273 Μουχούμετ
2931 4196 3244 4261 λαοπλάνος
3267 4197 3357 4253 καὶ
3391 4201 3574 4275 φέναξ

2316 4287 2611 4362 Φύλαρχος
2641 4286 2866 4362 αἲσχρὸς
2894 4288 3213 4361 Ἀγαρηνῶν
3245 4285 3417 4342 ἀθέων

2313 4376 2411 4431 Καὶ
2446 4375 2795 4449 μυσταγωγὸς
2825 4374 3093 4447 ἀθεμίτων
3127 4372 3325 4449 ὀργίων

2316 4459 2676 4538 Φθισίϐροτος
2708 4461 2858 4535 λύμη
2889 4484 2972 4524 τις
3004 4461 3156 4537 ἐξέφυ
3191 4462 3315 4535 βίῳ.

2061 4554 2106 4620 D
2140 4556 2276 4612 1410
2312 4555 2411 4616 "Oc
2445 4551 2516 4608 ὢν
2550 4554 2804 4627 γυναικὸς
2838 4548 3095 4626 Περσίδος
3119 4553 3218 4620 θής
3246 4548 3537 4615 πλουσίας

2312 4642 2481 4715 Ἀνὴρ
2503 4640 2637 4714 γόης
2669 4641 2883 4712 ἄσημος
2915 4638 3108 4711 ἀτίμοτ
3129 4637 3339 4713 γένους,

2313 4728 2574 4783 Σύνευνον
2608 4727 2736 4803 ἔσχε
2762 4725 2928 4799 τήνδε
2955 4724 3330 4801 κακοτεχνίας.

2310 4818 2439 4873 Εἶτα
2468 4816 2750 4894 φύλαρχος
2775 4815 2864 4870 καὶ
2896 4812 3221 4875 διδάσκαλος
3250 4812 3476 4879 πλάνος

2310 4907 2433 4980 Ούχ
2463 4904 2565 4960 οἷδ’
2592 4905 2740 4967 ὅπως
2768 4904 2974 4980 γένοιτο
3002 4907 3111 4959 τῶν
3132 4902 3191 4957 ἐκ
3218 4908 3317 4971 τῆς
3347 4903 3574 4980 νΑγαρ.

2133 4994 2273 5051 1415
2309 4995 2476 5055 Οὗτος
2504 4995 2709 5069 προϊὼν
2739 4993 2788 5065 ἐξ
2821 4988 3075 5065 Ἀθρίὸου
3105 4990 3312 5067 χωρίον

2309 5083 2723 5160 Ὑποστρέφοντι
2758 5080 2972 5155 βασιλεῖ
2999 5080 3281 5157 νικηφόρῳ

2309 5169 2626 5245 Προσῆλθεν
2658 5170 2821 5225 αἰτῶν
2854 5173 3037 5245 ’χῶρον
3071 5168 3148 5232 εἷς
3171 5166 3492 5223 κατοικίαν·

2312 5260 2407 5313 Καὶ
2438 5254 2769 5331 παραλαϐὼν
2796 5255 3100 5332 κατέδραμε
3129 5256 3346 5331 Συρίαν,

2307 5350 2408 5404 Καὶ
2437 5353 2755 5423 Ῥωμαϊκῶν
2786 5352 3110 5423 κατακρατεῖ
3136 5346 3385 5422 χωρίων.

2188 5475 2725 5533 ΚΩΝΣΤΑΝΤΙΝΟΣ
2768 5474 2811 5530 Ο
2851 5476 3006 5529 ΥΙΟΣ
3048 5472 3471 5528 ΗΡΑΚΛΕῙΟΥ
3516 5477 3647 5535 ΕΤ.
3694 5480 3785 5535 Α’.

2135 5657 2273 5712 1420
2308 5652 2484 5710 Τοῦδ⁹⁶
2512 5659 2631 5728 Ηρα
2659 5650 2846 5709 κλείου
2875 5652 2965 5707 τὸν
3012 5651 3131 5728 βίον
3165 5647 3562 5723 λελοιπότος,

3722 372 3788 430 64
