4154 6304
301 336 372 390 69

476 454 615 528 Πρὸς
646 452 974 526 Βουλγάρων
1007 449 1247 526 ἄρχοντα
1277 447 1469 520 διέπτη
1502 449 1694 524 τάχος⁶

305 545 440 602 1525
478 542 582 599 Καὶ
611 541 797 601 πείσας
829 539 987 594 αὐτὸν
1017 537 1245 614 δωρεαῖς
1278 537 1558 612 δαψιλέσιν

475 631 792 703 Ὑποσχέσει
826 625 1028 698 κήδους
1058 648 1116 682 τε
1145 628 1234 682 καὶ
1267 632 1466 702 χωρῶν
1491 626 1658 699 δόσει,

482 719 586 774 Σὺν
625 712 935 792 βαρϐαρικῇ
967 721 1188 788 στρατιᾷ
1219 718 1404 792 φθάνει
1437 715 1626 774 πόλιν.

482 808 586 863 Καὶ
616 805 810 868 νυκτὸς
839 803 1004 859 ὁλκὸν
1041 805 1289 878 ὑπόγειον
1323 802 1569 865 ε’ίσδόσας

481 895 668 958 Ἐντὸς
697 892 764 948 δι’
793 894 962 946 αὐτοῦ
993 893 1232 966 γίγνεται
1259 891 1601 961 Βυζαντίδος.

308 989 443 1044 1530
479 984 576 1039 Καὶ
605 981 772 1038 πάλιν
805 979 1079 1055 ἀπείληφε
1108 982 1208 1047 τήν
1236 983 1596 1057 κραταρχίαν,

484 1071 699 1134 Κτείνας
725 1070 814 1125 τὸν
848 1067 1102 1123 Λεόντιον
1131 1068 1222 1123 σὺν
1258 1070 1550 1145 Ἀψιμάρῳ

486 1154 810 1230 ’Δμοιϐαδὸν
841 1158 963 1232 πρὶν
995 1156 1399 1230 κεκρατηκότας
1426 1158 1673 1230 κράτους’

614 1266 826 1321 ΠΑΛΙΝ
865 1267 904 1314 0
941 1263 1377 1319 PINOTMHTOE
1420 1268 1520 1322 ET.
1567 1266 1624 1332 ζ.

485 1351 770 1424 Ἀμῦνεται
801 1350 858 1404 δὲ
882 1350 973 1404 καί
999 1370 1144 1411 τινας
1172 1354 1280 1405 τῶν
1307 1350 1360 1406 ἐν
1389 1349 1556 1409 τέλει.

483 1442 652 1502 Οὗτος
681 1438 895 1514 τρέφων
929 1435 1167 1510 ἔναυσμα
1203 1438 1434 1510 μήνιδος
1460 1441 1641 1516 ⁸χόλου

313 1534 448 1588 1535
484 1530 646 1586 Πόλει
677 1530 961 1603 Χερσῶνος
993 1527 1080 1582 καὶ
1115 1528 1442 1602 προσοίκοισ
1471 1534 1772 1603 Χερσῶνος,

488 1622 745 1690 Ζητοῦσιν
780 1615 938 1670 αὐτὸν
972 1614 1179 1670 ἀνελεῖν
1203 1617 1530 1694 πεφευγότα,

438 1759 442 1765 .
484 1708 579 1764 Ἐκ
613 1702 770 1760 τῶνδ’
806 1705 978 1774 ἀνῆψε
1005 1705 1240 1776 Θυμικὴν
1272 1703 1504 1781 σφοδρὰν
1533 1704 1711 1783 φλόγα

484 1792 581 1853 Εἷς
606 1788 780 1847 τῶνδε
807 1789 1176 1864 πυρπόλησιν,
1210 1791 1285 1853 εἷς
1319 1790 1567 1863 ἐρημίανσ

487 1880 748 1956 Στρατιὰν
784 1877 975 1933 οὐκοῦν
1009 1878 1323 1954 εὐτρεπίσας
1367 1881 1588 1956 μυρίαν.

311 1974 448 2029 1540
486 1971 582 2027 Καὶ
617 1968 870 2023 ναυτικὸν
905 1969 1209 2041 στράτευμα
1240 1968 1330 2022 σὺν
1363 1970 1516 2044 βαρεῖ
1545 1970 1728 2044 στόλῳ

485 2058 600 2130 Ἐφ’
632 2058 703 2110 ὢν
736 2055 921 2133 έφίστα
950 2055 1039 2109 καὶ
1071 2061 1382 2132 στρατηγῶν
1419 2055 1608 2125 δυάδα,

495 2149 819 2218 Πρηστῆρας
851 2142 1164 2217 ἐκπέπομφε
1191 2146 1326 2199 κατὰ
1357 2151 1668 2221 Χερσῶνος·

495 2231 673 2288 Φειδὼ
703 2229 960 2292 κελεύσας
990 2229 1218 2304 μηδενὸς
1254 2228 1440 2287 λαϐεῖν
1474 2233 1623 2298 ὅλως

493 2323 589 2382 Οἷς
619 2323 654 2390 ἡ
684 2319 844 2381 πόλις
869 2322 1074 2393 πέφυκε
1103 2320 1525 2394 κατοικουμένη,

328 2410 464 2464 1545
501 2410 713 2464 Κτεῖναι
745 2405 801 2461 δὲ
830 2407 1029 2469 πάντας
1063 2408 1137 2468 ὡς
1162 2403 1449 2482 προϐάτων
1485 2408 1708 2484 ἀγέλην,

503 2494 817 2554 Κτείνοντας
849 2495 1218 2567 έκτέμνοντας,
1254 2492 1326 2550 ὢν
1352 2495 1654 2572 τραγῳδίας

497 2587 859 2657 Πιμπρῶντας
888 2582 1081 2644 αὐτοὺς
1109 2583 1476 2658 έκθερίζοντας
1507 2585 1668 2662 ξίφει,

495 2673 555 2725 Ol
591 2674 684 2743 μὲν
717 2671 878 2726 πόλιν
912 2669 1150 2740 ἔπλησαν
1183 2668 1325 2726 οὕτω
1356 2676 1450 2726 τοῦ
1481 2673 1670 2749 φόνου,

495 2760 713 2822 Μύσους
744 2761 788 2814 τ’
822 2757 1038 2831 ἐναγοῦς
1068 2759 1156 2812 καὶ
1190 2765 1500 2834 στεναγμῶν
1533 2763 1621 2815 καὶ
1651 2761 1791 2835 γόων

331 2851 464 2906 1550
502 2847 727 2923 Σωροὺς
756 2846 1143 2916 ἀναστήσαντες
1175 2846 1308 2919 αὐτῇ
1340 2850 1672 2921 πτωμάτων,

495 2943 580 2998 Ὠς
609 2935 787 3013 σφίσιν
812 2933 1114 3002 ἐντέταλτο,
1147 2939 1266 3009 φεῦ,
1299 2941 1394 3010 φεῦ
1423 2941 1518 2991 τοῦ
1551 2937 1752 3001 πάθους
1783 2941 1794 2995 l

503 3023 635 3082 Οὐδ’
658 3024 882 3092 ἀνεκτὴν
915 3018 1154 3095 ὄμμασιν
1177 3025 1406 3097 ἡμέροις
1439 3025 1582 3094 θέαν,

505 3113 708 3174 Πάντας
741 3108 974 3188 ἀφειδῶς
1014 3109 1303 3184 ὑπάγοντες
1333 3117 1410 3184 τῷ
1440 3114 1599 3190 ξίφει,

502 3200 686 3271 Μόνης
712 3199 896 3273 ἀώρου
925 3198 1132 3268 νηπίων
1165 3198 1384 3267 ἡλικίας

327 3292 470 3350 4555
506 3290 604 3344 Καὶ
633 3287 992 3364 μειρακίσκων
1028 3291 1323 3359 συμπαθῶς
1353 3291 1724 3366 πεφεισμένοι.

507 3379 566 3436 Ὁ
599 3375 656 3432 δὲ
680 3379 892 3450 κρατῶν
925 3373 1082 3450 γνοὺς
1111 3376 1322 3444 νηπίων
1349 3377 1641 3450 σωτηρίαν,

510 3465 758 3537 Φάλαρις
788 3466 822 3534 ἢ
855 3465 1087 3538 Ἔχετος
1111 3462 1364 3538 Ἡρώδης
1395 3463 1588 3538 πλέον,

506 3553 657 3608 Κύων
688 3554 715 3606 ὁ
749 3549 1100 3628 φιλαίματος,
1133 3551 1428 3627 έξώργιστό
1463 3573 1604 3622 πως,

511 3645 606 3704 Οἷς
635 3639 804 3696 ταῦτα
838 3641 912 3712 μὴ
948 3640 1191 3715 γένοιντο
1223 3641 1492 3715 πάρεργον
1527 3644 1762 3714 σπάθηςο

333 3734 470 3788 1560
508 3731 604 3785 Καὶ
639 3733 853 3800 μηνιῶν
885 3729 978 3796 ἦν,
1009 3727 1097 3782 καὶ
1129 3728 1331 3783 στελεῖν
1366 3729 1534 3784 ἄλλον
1568 3731 1762 3787 στόλον

508 3819 782 3894 Δράσοντα
809 3818 910 3886 τὴν
943 3813 1149 3889 δῄωσιν
1181 3815 1402 3885 ἠπείλει
1426 3820 1621 3893 τάχος·

509 3908 664 3962 Ταῦτ’
695 3904 797 3980 ἄρα
827 3903 962 3966 λαὸς
992 3906 1274 3978 Χερσῶνος
1306 3905 1668 3977 Λελειμμένος

517 3995 720 4059 Στόλος
747 4017 806 4050 τε
835 3996 1021 4070 παρὼν
1051 3993 1109 4048 έκ
1143 3994 1410 4070 βασιλέως
1439 3996 1562 4050 τότε

517 4086 923 4153 Ἀποστατήσας
955 4081 1292 4137 Φιλιππικὸν
1327 4081 1602 4156 Βαρδάνην

345 4176 484 4232 1565
519 4173 689 4233 Εὐθὺς
714 4172 1101 4248 ἀνευφήμησαν
1133 4172 1208 4233 ὡς
1244 4170 1486 4246 βασιλέα’

520 4263 570 4318 Μ
601 4263 646 4314 θ’
709 4259 736 4279 ’⁷
769 4282 779 4290 ·
950 4260 982 4314 λ
1017 4258 1039 4296 ”
1269 4262 1296 4280 ⁷
1459 4260 1476 4296 θ
1589 4261 1641 4317 ’λ

576 4283 600 4315 ε
679 4281 740 4314 ου
771 4281 946 4314 καταπ
989 4280 1230 4320 εδσαντες
1261 4281 1392 4328 ηκον
1427 4281 1500 4323 ε.ς
1532 4283 1601 4316 πο
1649 4284 1719 4331 ιν,

517 4351 612 4403 Καὶ
646 4346 1010 4410 συλλαϐόντες
1043 4345 1376 4421 έκθερίζουσι
1408 4351 1546 4427 ξίφει

518 4439 694 4512 Κάραν
721 4437 1019 4513 φονουργὸν
1048 4437 1313 4511 κράτορος
1345 4437 1435 4491 σὺν
1467 4444 1546 4510 τῷ
1576 4442 1742 4514 γόνῳ.

473 4545 884 4601 ΦΙΑΙΠΙΙΙΚΟΣ
927 4542 970 4598 Ο
1010 4545 1120 4596 ΚΑΙ
1160 4542 1533 4600 ΒΑΡΔΑΝΗΣ
1575 4547 1683 4604 ET.
1726 4549 1782 4604 B'
1813 4568 1862 4612 ς.

522 4631 679 4689 Οὕτω
713 4631 806 4703 μὲν
837 4627 964 4704 ἔσχε
996 4628 1338 4693 Φιλιππικὸς
1367 4632 1429 4685 τὸ
1454 4635 1672 4706 κράτος,

343 4723 484 4779 1570
523 4723 704 4774 Δοκῶν
742 4719 836 4790 μὲν
870 4719 1004 4772 εἶναι
1037 4716 1328 4793 ῥητορικὸς
1359 4719 1409 4774 έν
1444 4720 1654 4795 λόγοις,

527 4802 839 4876 Ἐπήϐολος
873 4804 1039 4880 λόγον
1071 4826 1128 4860 τε
1156 4806 1245 4860 καὶ
1278 4810 1638 4882 μαθημάτων,

529 4894 625 4948 Καὶ
653 4895 790 4967 πρός
818 4915 870 4947 τι
899 4899 1000 4948 πᾶν
1035 4892 1337 4968 εὔχρηστος
1375 4893 1424 4948 ἐν
1455 4897 1776 4972 συνουσίαις,

527 4982 669 5058 Πρὸς
699 4979 746 5036 δ’
778 4979 842 5036 αὗ
872 4979 1171 5056 περιδέξιος
1200 4981 1253 5036 έν
1286 4984 1616 5060 συνττχίαις·

525 5069 766 5141 Ἀδέξιος
794 5071 1019 5142 πάμπαν
1055 5066 1112 5123 δὲ
1140 5071 1274 5145 πρὸς
1304 5072 1368 5125 τὰ
1397 5074 1656 5144 πρακτέα,

344 5162 489 5216 1575
526 5159 639 5228 Τήν
673 5158 924 5234 γλῶσσαν
961 5157 1145 5232 αὐχῶν
1174 5161 1250 5230 μὴ
1284 5158 1609 5230 συνᾴδουσαν
1637 5161 1826 5239 λόγοις

524 5246 695 5309 Οὗτος
726 5245 996 5307 πεπωκὼς.
1029 5251 1368 5320 συγχυτικῶν
1393 5248 1641 5321 ναμάτων

522 5333 786 5392 Ἕσπευδε
815 5333 982 5395 τάλας
1016 5332 1288 5407 ἀκυρῶσαι
1324 5338 1566 5409 καθάπαξ

522 5424 785 5499 Σύστημα
815 5425 1026 5479 σεπτῶν
1060 5421 1320 5498 Πατέρων
1354 5426 1652 5502 θεηγόρων,

417 5607 531 5680 (28)
560 5608 649 5664 Ita
677 5607 891 5675 codex;
926 5619 1056 5675 quae
1089 5597 1264 5661 lectio
1294 5604 1696 5680 improbabilis
1728 5613 1975 5672 videtur.

2021 4500 2068 4564 D

1809 334 2174 388 CBSARES.

1971 455 2022 519 Α
2057 453 2126 507 ad
2159 451 2540 524 Bulgarorum
2577 467 2768 523 regem
2801 451 3013 523 raptim
3045 452 3274 507 advolat
3307 469 3320 507 :

2057 558 2172 612 quo
2203 541 2430 613 magnis
2461 541 2572 596 sibi
2598 542 2767 596 donis
2798 539 3108 595 conciliato

2057 629 2267 686 oblatis
2297 631 2471 686 etiam
2505 629 2730 702 nuptiis
2760 634 2816 685 et
2843 631 3014 685 terris
3045 629 3288 701 aliquot,

2057 734 2190 773 cum
2225 718 2524 774 barbarico
2557 719 2806 774 exercitu
2841 718 2909 773 ad
2945 719 3146 774 urbem
3179 719 3352 785 venit,

2057 823 2451 877 arcanumque
2481 807 2889 878 aquaeductum
2924 812 3097 862 noctu
3130 822 3438 878 permeans

2055 893 2211 949 intra
2240 893 2500 966 Byzantii
2536 897 2748 951 moenia
2780 896 3075 966 recipitur.

2058 981 2152 1037 Sic
2180 998 2314 1053 ergo
2347 999 2555 1039 rursus
2585 985 2892 1055 imperium
2920 983 3290 1055 adipiscitur.

2058 1071 2294 1126 Leontio
2326 1087 2458 1126 cum
2491 1071 2802 1144 Apsimaro
2833 1072 3173 1139 interfectis,

2059 1157 2158 1228 qui
2192 1157 2523 1215 alternatim
2558 1164 2728 1216 antea
2760 1164 3161 1232 regnaverant.

2307 1264 2820 1321 RHINOTMETUS
2871 1265 3148 1321 ITERUM
3191 1265 3308 1321 AN.
3352 1265 3448 1321 Vl.

2059 1351 2202 1407 Exin
2234 1357 2291 1408 et
2321 1361 2620 1410 senatores
2651 1355 2943 1409 interfecit
2972 1354 3216 1425 aliquot.

2061 1441 2209 1495 Tum
2243 1440 2468 1497 ultricis
2498 1443 2594 1497 ira:
2626 1443 2886 1497 fomitem
2919 1445 3092 1498 corde
3119 1461 3324 1512 gerens

2061 1533 2265 1584 contra
2307 1530 2658 1587 Chersonem
2695 1536 3013 1602 contraque
3043 1532 3221 1602 hujus
3253 1531 3557 1602 finitimos,

2063 1618 2162 1687 qui
2195 1633 2255 1673 se
2289 1625 2574 1675 extorrem
2610 1621 2849 1691 perdere
2882 1621 3354 1691 conjuraverant,

2064 1722 2218 1760 nunc
2246 1706 2482 1762 demum
2513 1707 2783 1762 excitavit
2813 1709 3109 1778 ingentem
3146 1710 3444 1764 flammam

1986 1805 2033 1871 Β
2066 1799 2128 1847 ut
2158 1810 2255 1850 eos
2287 1796 2419 1865 igne
2443 1796 2730 1867 redigeret
2759 1796 2815 1850 in
2849 1796 3253 1852 solitudinem.

2064 1881 2250 1953 Igitur
2280 1891 2614 1954 comparato
2649 1883 2870 1953 ingenti
2893 1885 3170 1953 exercitu,

2065 1986 2197 2025 cum
2231 1971 2529 2027 maritimo
2563 1971 2744 2026 milite
2769 1976 2825 2027 et
2857 1971 3044 2028 classe
3075 1975 3256 2045 gravi,

2063 2059 2292 2116 duobus
2321 2059 2496 2114 etiam
2529 2060 2862 2132 praepositis
2893 2062 3168 2127 ducibus,

2065 2146 2361 2218 fulgurum
2397 2149 2582 2204 instar
2611 2155 2812 2204 contra
2841 2148 3194 2206 Chersonem
3229 2151 3417 2219 misit;

2069 2237 2354 2292 mandans
2389 2242 2452 2292 ut
2483 2237 2703 2292 nemini
2737 2254 2978 2308 prorsus
3011 2243 3332 2309 parcerent,

2067 2327 2354 2393 quotquot
2383 2324 2442 2378 in
2475 2325 2618 2378 urbe
2649 2324 2801 2379 cives
2833 2325 3189 2391 habitarent,

2068 2411 2170 2465 sed
2202 2415 2442 2466 cunctos
2473 2411 2587 2465 ritu
2621 2412 2910 2480 pecudum
2941 2412 3350 2467 inlerficerent.

2071 2500 2400 2565 mactanda,
2426 2497 2758 2568 jugulando
2790 2498 2925 2569 (heu
2961 2500 3302 2570 tragtcdiam
3335 2501 3372 2571 l)

2072 2587 2292 2642 urendo
2322 2588 2596 2654 ﬂammis,
2631 2586 2841 2656 gladiis
2871 2586 3239 2642 demetendo.

2071 2672 2158 2728 Illi
2189 2675 2272 2728 sic
2294 2674 2448 2742 jussi
2479 2674 2636 2728 ccede
2669 2673 2968 2745 replerunt
3001 2676 3228 2742 urbem,

2072 2761 2328 2816 infandis
2359 2761 2616 2815 caedibus
2647 2768 2703 2816 et
2735 2763 2892 2816 luctu
2924 2767 2980 2817 et
3010 2763 3368 2832 gemitibus;

2073 2853 2600 2920 exstruxeruntque
2622 2849 2679 2903 in
2713 2850 2855 2905 urbe
2894 2849 3191 2921 ingentem
3223 2850 3530 2906 cumulum

2077 2937 2332 3008 aggestis
2363 2937 2744 2992 cadaveribus
2776 2939 2904 3009 (pro
2939 2938 3296 3009 miseriam!)

2078 3025 2509 3081 intolerandum
2540 3025 2782 3080 mitibus
2809 3027 3232 3096 spectaculum,

2082 3114 2308 3170 cunctis
2339 3113 2718 3169 inclementer
2746 3114 3056 3170 trucidatis
3090 3115 3334 3170 civibus.

2083 3202 2158 3257 Ex
2190 3202 2281 3257 his
2306 3202 2620 3258 infantium
2651 3206 2880 3258 tantum
2909 3205 3116 3258 acerba
3146 3207 3284 3259 aetas

2081 3308 2147 3346 ac
2178 3290 2510 3362 puellorum
2542 3291 2757 3345 meruit
2786 3291 3175 3347 clementiam.

2083 3382 2155 3434 At
2183 3379 2281 3434 ubi
2315 3395 2412 3434 rex
2443 3380 2714 3450 cognovit
2744 3383 3006 3434 servatos
3037 3396 3274 3449 pueros,

2085 3467 2347 3522 Phalaris
2379 3467 2545 3535 alter,
2580 3468 2855 3537 Echetus,
2892 3468 3166 3537 Herodes,

2086 3556 2249 3611 canis
2281 3555 2399 3611 imo
2425 3560 2724 3624 cruentus,
2759 3556 2844 3611 ira
2870 3557 3204 3622 excanduit,

2087 3644 2243 3714 quod
2277 3643 2398 3698 haac
2431 3645 2717 3698 mantissa
2751 3644 2889 3698 caedi
2924 3661 3035 3699 non
3071 3644 3402 3700 accesserit.

2085 3732 2333 3803 Jamque
2359 3732 2606 3796 furebat,
2639 3737 2696 3786 et
2728 3736 2929 3788 statim
2961 3749 3169 3787 novam
3203 3732 3451 3788 classem

2088 3819 2243 3875 exitii
2279 3835 2456 3875 causa
2484 3820 2805 3874 missurum
2838 3836 2898 3874 se
2932 3819 3302 3887 minabatur;

2089 3908 2324 3963 interim
2357 3913 2554 3962 tamen
2587 3906 2847 3976 reliquus
2871 3907 3185 3963 Cbersonis
3216 3907 3468 3980 populus

2091 4013 2224 4051 cum
2256 3996 2442 4051 classe
2472 3995 2630 4067 regia
2661 4000 2802 4050 tunc
2829 3995 2906 4050 ibi
2943 4000 3224 4065 praesente

2092 4084 2387 4140 conversis
2417 4083 2598 4138 armis
2629 4082 3021 4154 Philippicum
3055 4083 3374 4139 Bardanem

2094 4173 2288 4226 subito
2324 4176 2481 4226 motu
2510 4171 2793 4226 Caesarem
2825 4173 3228 4226 acclamarunt
3262 4187 3274 4225 :

2095 4276 2209 4331 quo
2239 4261 2383 4314 duce
2415 4261 2480 4315 ad
2517 4260 2720 4316 urbem
2753 4260 2974 4331 regiam
3008 4260 3349 4332 navigantes
3383 4275 3396 4314 ;

2094 4348 2426 4404 Justiniano
2458 4349 2651 4419 potiti,
2673 4347 2868 4418 gladio
2902 4348 3206 4403 demetunt

2097 4439 2226 4508 ejus
2247 4436 2480 4493 credule
2511 4441 2685 4508 caput.
2715 4441 2771 4492 et
2802 4436 2904 4490 filii
2938 4436 3175 4506 pariter.

2149 4542 2601 4611 fPHILlPPICUS
2643 4541 3014 4596 BARDANES
3055 4541 3170 4595 AN.
3215 4540 3281 4595 II.
3325 4540 3537 4598 MENS.
3577 4541 3674 4596 VI.

2098 4636 2288 4703 Atque
2319 4631 2402 4686 ita
2433 4630 2743 4701 imperium
2775 4629 3030 4684 obtinuit
3057 4628 3438 4701 Pbilippicus,

2097 4721 2186 4774 vir
2206 4733 2474 4775 sermone
2505 4717 2741 4788 quidem
2775 4717 3095 4771 admodum
3129 4716 3482 4786 rhetoricus,

2101 4807 2381 4864 doctrinis
2413 4811 2590 4875 atque
2621 4804 2833 4859 litteris
2867 4804 3152 4868 eruditus.

2103 4896 2264 4950 omni
2297 4893 2539 4950 consilio
2572 4893 2880 4949 abundans
2911 4893 2970 4948 in
3003 4893 3336 4966 colloquiis,

2102 4989 2378 5056 praeterea
2407 4981 2550 5038 satis
2580 4982 2778 5036 dexter
2803 4982 2860 5036 in
2892 4982 3067 5037 variis
3098 4982 3336 5037 casibus
3363 4999 3377 5048 ;

2107 5075 2208 5130 sed
2237 5078 2436 5129 tamen
2471 5073 2538 5127 ad
2573 5071 2858 5143 gerendas
2891 5086 2980 5125 res
3008 5070 3264 5140 ineptus,

2103 5179 2252 5218 vana
2276 5162 2478 5234 lingua
2511 5160 2793 5232 praeditus
2823 5159 2978 5214 haud
3011 5159 3182 5213 factis
3207 5162 3620 5215 consentanea.

2105 5252 2248 5306 Cum
2280 5251 2374 5306 hic
2404 5249 2777 5322 synchyticos
2808 5248 2998 5302 fontes
3029 5245 3331 5312 ebibisset,

2107 5341 2308 5397 statim
2341 5340 2454 5394 heu
2487 5339 2668 5393 miser
2697 5337 2977 5406 abrogare
3005 5333 3194 5387 voluit

2106 5432 2290 5501 impio
2316 5427 2629 5484 stultorum
2663 5424 2932 5496 synedrio
2966 5419 3398 5487 haereticorum,

3622 334 3696 386 70
