4154 6304
460 359 532 414 75
827 433 835 438 ξ
1665 359 2039 411 EPHREMII
2082 357 2649 412 CHRONOGRAPHI
3782 365 3852 422 76

463 480 805 549 Ecclesiam,
838 480 1082 545 clerum,
1115 479 1494 550 ﬁdeliumque
1525 478 1692 550 ovile,

464 586 701 644 gregem
734 570 987 642 pastoris
1018 569 1357 625 dilaceravit
1386 567 1623 634 Christi,

463 664 521 717 et
550 663 831 731 martyres
861 658 1124 714 exhibuit
1154 657 1267 729 ipsi
1299 655 1581 729 plurimos

463 748 565 820 qui
597 752 834 803 strenue
864 762 1052 818 usque
1083 746 1153 801 ad
1186 745 1531 816 sanguinem
1561 744 1925 800 certaverunt

461 854 564 909 pro
594 836 924 893 veneranda
948 834 1182 891 Domini
1215 834 1307 888 sui
1330 831 1605 903 imagine.

461 930 526 981 In
558 926 651 982 his
681 930 895 980 coetum
927 922 1232 979 duodecim
1267 920 1621 992 sapientium

460 1030 526 1070 ac
556 1014 835 1070 docendis
867 1012 1078 1068 litteris
1104 1010 1549 1083 praepositorum

458 1118 592 1157 cum
626 1118 732 1157 suo
761 1099 1006 1173 praesule
1036 1104 1092 1155 et
1120 1098 1247 1154 vitae
1280 1098 1660 1163 moderatore,

457 1206 631 1261 quem
660 1188 920 1259 magistri
952 1186 1296 1243 csoumenici
1328 1187 1572 1241 ornabat
1602 1183 1881 1256 dignitas,

454 1279 668 1336 Christi
697 1279 1035 1334 combustos
1068 1280 1347 1347 martyres
1379 1275 1604 1342 eﬁ‘ecit;

456 1385 590 1424 cum
618 1366 973 1422 bibliotheca
1001 1364 1287 1421 librorum
1316 1362 1775 1419 instructissima

455 1456 599 1512 diris
630 1455 945 1526 impiisque
983 1453 1238 1508 flammis
1266 1468 1364 1507 eos
1395 1452 1730 1507 absumens.

456 1546 811 1601 Germanum
837 1558 1069 1613 quoque
1096 1539 1397 1613 praesulem
1428 1539 1775 1610 primarium

454 1633 781 1704 irreligioso
812 1632 1071 1702 dogmati
1099 1630 1255 1685 haud
1288 1628 1704 1685 assentientem

456 1721 696 1794 expulit,
729 1725 786 1775 et
816 1736 918 1791 pro
948 1736 1013 1773 eo
1045 1718 1249 1788 lupum
1282 1716 1572 1772 obstrusit
1602 1716 1781 1787 gregi.

457 1810 678 1866 Idcirco
710 1809 894 1864 Roma
922 1806 1117 1861 senior
1145 1806 1425 1861 adversus
1455 1820 1662 1859 novam

456 1898 792 1955 dissociavit
822 1893 1251 1951 commuuionis
1280 1890 1534 1957 vincula,

453 2003 637 2058 quum
668 1985 1007 2057 praesideret
1030 1982 1142 2052 ipsi
1174 1980 1489 2053 Gregorius
1519 1979 1708 2048 divus,

451 2076 556 2147 qui
584 2076 888 2145 objurgato
920 2070 1312 2142 nequicquam
1346 2068 1729 2123 Iconomacho

450 2163 695 2235 paciﬁca
723 2164 930 2233 pactus
960 2164 1050 2213 est
1078 2173 1212 2214 cum
1241 2156 1479 2212 Francis
1509 2156 1723 2211 foedera

449 2251 664 2324 populo
696 2248 962 2306 Barbaris
1002 2247 1247 2303 oriundo
1278 2244 1659 2313 Germanicis,

448 2340 817 2410 liberumque
847 2351 1040 2392 aerem
1072 2334 1359 2405 respirare
1391 2332 1616 2388 maluit.

449 2429 637 2484 Leone
670 2428 971 2498 regnante,
1005 2423 1258 2478 Arabum
1293 2421 1582 2476 exercitus

446 2517 794 2572 innumerus
828 2512 1040 2584 partim
1072 2510 1219 2566 mari
1249 2510 1435 2566 classe
1464 2513 1661 2565 vectus

447 2604 659 2679 partim
692 2603 960 2675 pedester
985 2599 1254 2673 Byzantio
1286 2597 1777 2670 appropinquavit

444 2693 871 2765 praedaudoque
898 2693 1080 2745 totam
1116 2688 1356 2743 nudavit
1385 2686 1678 2741 viciniam.

446 2784 499 2838 Is
530 2786 728 2837 tamen
760 2779 1066 2835 universus
1097 2776 1197 2832 Dei
1228 2777 1439 2832 virtute
1466 2775 1655 2846 periit.

506 2892 1055 2954 CONSTANTINUS
1094 2889 1583 2947 COPRONYMUS
1620 2888 1738 2946 AN.
1782 2887 2023 2943 XXXIII.

512 2986 703 3041 Leone
734 2982 1039 3047 exstincto,
1071 2976 1297 3049 excepit
1326 2980 1692 3049 potentatum

434 3071 862 3130 Constantinus
894 3068 1052 3123 ﬁlius
1081 3065 1168 3121 vel
1200 3067 1393 3136 potius
1423 3064 1677 3131 catulus,

444 3163 546 3234 qui
574 3157 923 3232 Copronymi
955 3153 1301 3225 cognomine
1330 3152 1644 3208 distinctus
1675 3155 1763 3209 est
1794 3169 1807 3207 :

438 3251 527 3305 vir
556 3246 941 3321 praestigiator
971 3258 1181 3314 magus
1212 3246 1269 3296 et
1299 3240 1617 3310 maleﬁcus,

442 3336 938 3394 daemoniacornm
972 3331 1248 3403 magister
1278 3330 1710 3400 mysteriorum,

444 3428 739 3482 liaereseon
776 3420 967 3477 malus
998 3419 1209 3475 cinnus
1239 3421 1294 3473 et
1319 3416 1620 3483 colluvies,

443 3529 707 3570 errorum
737 3510 1002 3567 omnium
1034 3507 1298 3563 scatebra
1326 3504 1415 3561 vel
1446 3506 1709 3574 sentina;

432 3603 590 3658 haud
621 3601 819 3656 minus
849 3598 981 3654 falsi
1014 3594 1305 3666 dogmatis
1331 3593 1628 3650 infaustus
1658 3594 1864 3666 haeres,

436 3706 614 3763 quam
644 3688 817 3760 regite
850 3684 1177 3757 dignitatis,
1210 3681 1359 3754 patri
1393 3682 1616 3751 factus;

435 3778 703 3835 ﬁdelium
734 3774 1075 3847 exagitator,
1107 3775 1336 3844 piorum
1369 3770 1643 3841 carnifex,

435 3869 724 3938 quotquot
752 3862 964 3920 Christi
997 3861 1227 3917 Domini
1258 3876 1488 3915 crucem
1524 3860 1863 3915 adorabant.

434 3955 542 4011 Hic
571 3955 643 4011 ob
673 3970 781 4009 sua
812 3950 1100 4007 maleﬁcia
1130 3954 1302 4020 atque
1331 3949 1601 4004 haeresim

437 4048 611 4115 atque
641 4043 713 4097 ob
744 4040 995 4097 ferinum
1030 4043 1454 4109 cruentumque
1485 4036 1785 4108 ingenium

430 4134 661 4203 justum
694 4133 1040 4185 cunctorum
1072 4126 1269 4182 odium
1301 4125 1361 4179 in
1390 4141 1452 4181 se
1482 4129 1864 4192 converterat,

437 4218 741 4275 Artavasdi
773 4216 1147 4287 potissimum
1179 4213 1528 4284 curopalatae

438 4307 676 4364 militari
707 4305 982 4376 civilique
1013 4302 1295 4374 dignitate
1326 4301 1599 4371 insignis,

532 4431 623 4503 29)
640 4431 718 4485 En
739 4430 985 4503 alterum
1005 4424 1713 4503 Byzantinazbibliothecze
1740 4424 2074 4503 incendium

442 4497 550 4560 sub
585 4497 765 4558 Leone
799 4497 1075 4567 Isaurico,
1101 4503 1231 4568 post
1262 4497 1516 4568 primum
1546 4497 1701 4567 quod
1728 4497 1945 4568 accidit
1963 4499 2073 4553 sub

440 4572 719 4651 Basilisco
750 4576 824 4642 (ν.
858 4572 1038 4651 1917).
1062 4561 1360 4651 'Q'uohj'am
1413 4561 1611 4650 minus
1661 4567 1944 4623 miremur
1988 4574 2075 4625 tot
2105 4561 2151 4626 D

440 4649 708 4701 auctores
738 4639 1093 4713 Sempiterno
1125 4639 1296 4713 exitio
1328 4639 1590 4713 periisse.

508 4717 621 4797 (BQ)
652 4715 753 4770 His
783 4708 969 4797 lectis,
1001 4728 1128 4792 quae
1159 4712 1231 4766 ob
1262 4708 1535 4797 Germani
1568 4708 1908 4797 patriarchae
1938 4726 2070 4797 con-

437 4781 709 4843 stantiam
743 4781 1260 4851 orthodoxiamque
1291 4781 1760 4846 collaudandam,
1795 4785 1967 4851 atque
1997 4781 2068 4837 ob

441 4857 643 4912 Leonis
686 4854 928 4911 Isaurici
977 4856 1118 4922 imp.
1152 4852 1617 4907 crudelissimam
1668 4852 1934 4907 haeresim
1966 4853 2068 4906 ob-

429 4926 942 5006 jurgandamndicit
964 4930 1164 5006 noster
1192 4924 1583 5006 Dphreemius;
1606 4924 2067 5006 pu.deret,credo,

437 4995 487 5055 si
519 4995 756 5063 viveret,
781 4998 1047 5052 Cavazum
1087 4995 1494 5049 doctissimum
1528 4995 1934 5067 Anglicanum,
1967 4995 2067 5065 qui

436 5072 668 5143 (Script.
701 5068 967 5143 eccl._ed.
1014 5084 1109 5122 an.
1163 5067 1328 5143 1720,
1372 5067 1604 5143 p._408)
1656 5069 1725 5121 de
1780 5069 2066 5143 Germano

439 5137 618 5213 agens
648 5140 729 5195 ita
760 5138 1010 5213 scribere
1041 5154 1227 5213 ausus;
1250 5142 1339 5191 est
1370 5152 1382 5192 :
1432 5138 1656 5213 [ntegro
1696 5137 2066 5213 quadriennio

438 5206 703 5267 ρει-νηαηί
729 5210 1104 5281 pertinaciam,
1136 5212 1411 5281 patienter
1438 5208 1571 5263 tulit
1599 5206 2067 5281 clementissimus

437 5279 742 5352 imperatori
763 5282 894 5351 (Leo
924 5280 1276 5352 Isauricus);
1308 5294 1431 5333 cum
1461 5295 1590 5334 vero
1619 5279 1791 5352 nullis
1820 5279 2064 5352 monitis,

435 5349 607 5408 nullis
657 5349 995 5409 documentis
1021 5350 1094 5405 ad
1124 5366 1317 5404 ranam
1345 5354 1582 5405 mentem
1611 5358 1665 5405 et
1693 5349 2064 5409 obedientiam

434 5425 661 5481 decretis
718 5422 974 5479 caesareis
1000 5438 1067 5477 ac
1107 5421 1383 5491 synodicz‘s
1436 5421 1811 5491 prmstandam
1863 5421 2064 5478 adduci

429 5500 633 5568 posset,
667 5510 811 5568 anno
865 5493 1079 5548 demum
1094 5493 1266 5568 Δ73ομ
1295 5491 1482 5568 Ιιαρἰια
1534 5492 1755 5568 synodo,
1785 5492 1912 5568 sede
1940 5510 2060 5568 φα.

433 5562 727 5622 ῖνίανεὴαιὶ
756 5568 937 5620 motus
963 5573 1059 5636 est.
1091 5562 1200 5636 Sed
1233 5563 1313 5618 ita
1342 5562 1621 5636 nimirum
1644 5562 1827 5636 loqui
1871 5562 2060 5621 solent

430 5636 701 5697 homines
715 5651 847 5693 cum
861 5634 1237 5707 prwjudicato
1252 5634 1507 5705 partium
1528 5634 1722 5692 studio
1735 5634 2056 5708 jactentur.

2126 480 2179 546 A

2123 1841 2171 1905 Β

2385 476 2683 549 Ἐκκλησία
2710 478 2904 553 κλήρῳ
2928 499 2987 534 τε
3016 482 3219 536 πιστῶν
3253 481 3425 558 ἀγέλῃ

2386 564 2628 637 Ποίμνην
2660 568 3019 642 κατεσπάραξε
3048 573 3290 644 Χριστοῦ
3318 571 3600 646 ποιμένος,

2387 653 2489 709 Καὶ
2523 655 2799 731 μάρτυρας
2830 650 3021 729 ἔδειξεν
3056 657 3205 730 αὐτῷ
3233 660 3457 735 μυρίους

2209 741 2347 797 1695
2382 738 2626 815 Α’ίματος
2657 745 2788 818 ἄχρι
2810 742 2995 809 καλῶς
3026 744 3432 823 ἠγωνισμένους

2384 830 2541 902 Ὑπὲρ
2574 826 2835 901 σεϐαστῆς
2865 830 3074 898 εἰκόνος
3103 840 3200 891 τοῦ
3230 837 3501 893 Δεσπότου
3530 856 3545 872 ·

2381 918 2513 980 Μεθ’
2542 919 2615 972 ὧν
2644 925 2827 996 σοφῶν
2854 921 3096 996 σύστημα
3126 922 3329 995 διπλῆς
3361 924 3544 998 ἑξάδος

2380 1003 2615 1080 Ἀνδρῶν
2647 1008 2896 1084 λογάδων
2926 1012 3016 1066 καὶ
3048 1010 3386 1069 διδασκάλων
3420 1015 3599 1091 λόγων

2383 1092 2488 1148 Σὺν
2522 1100 2666 1172 σφῶν
2700 1096 2953 1172 προέδρῳ
2982 1102 3261 1175 πρακτέων
3293 1104 3585 1179 παραινέτῃ

2205 1182 2345 1237 4700
2383 1182 2763 1257 Οἷκουμενικῷ
2790 1189 2889 1257 τήν
2921 1191 3091 1261 τιμὴν
3116 1188 3428 1265 διδασκάλῳ

2380 1274 2614 1344 Χριστοῦ
2638 1279 2869 1349 παριστᾷ
2903 1278 3177 1353 μάρτυρας
3207 1279 3628 1357 πυριφλέκτους,

2377 1357 2537 1431 Αὐτῷ
2568 1357 2722 1433 δόμῳ
2744 1362 2942 1440 φύλακι
2972 1367 3239 1421 παντοίων
3276 1364 3482 1443 βίϐλων
3517 1371 3629 1444 (29)

2382 1446 2832 1525 Συγκαταφλέξας
2863 1458 2997 1529 σφᾶς
3027 1452 3261 1532 ἀφειδῶς
3295 1454 3467 1520 ἀθέως
3501 1474 3516 1489 ⁸

2378 1534 2475 1587 Καὶ
2506 1537 2779 1611 Γερμανὸν
2814 1535 2870 1592 δὲ
2896 1542 3277 1617 ποιμενάρχην
3305 1548 3401 1597 τοῦ
3431 1544 3625 1618 θρόνου

2202 1623 2341 1677 1705
2378 1625 2472 1695 Τῷ
2504 1620 2751 1680 δυσσεϐεῖ
2781 1624 3016 1702 δόγματι
3048 1630 3125 1702 μὴ
3153 1633 3511 1705 πεπεισμένον

2376 1710 2606 1776 Ἐλάσας
2634 1717 2769 1787 (30),
2788 1715 3076 1787 ἀντέστησε
3102 1723 3170 1793 τῇ
3200 1721 3409 1793 ποίμνῃ
3439 1719 3619 1777 λύκον.

2376 1801 2536 1855 Ταῦτ’
2566 1802 2667 1877 ἄρα
2694 1804 2884 1878 Ῥώμη
2916 1801 3206 1881 πρεσϐύτις
3231 1815 3330 1878 τῆς
3357 1810 3494 1883 πρὸς
3521 1811 3639 1865 νέαν

2378 1886 2731 1964 Διαῤῥαγεῖσα
2761 1890 2943 1969 φιλίας
2973 1895 3255 1958 κοινωνίας

2376 1978 2641 2052 Αὐχοῦσα
2670 1980 2967 2057 Γρηγόριον
3003 1985 3113 2056 (31)
3146 1981 3321 2048 ἔνθεον
3353 1984 3515 2057 θύτην

2202 2066 2339 2121 1710
2374 2066 2481 2134 Τήν
2513 2068 2895 2142 χριστομάχον
2920 2068 3277 2147 ἐξελέγχοντα
3305 2072 3516 2145 πλάνην

2375 2152 2669 2228 Εἷρηνικάς
2697 2156 2876 2226 τίθησι
2908 2156 3143 2222 σπονδάς
3174 2162 3309 2234 πρὸς
3343 2164 3622 2238 Φράγγους

2376 2242 2470 2297 Ἐκ
2499 2248 2841 2318 Γερμανικῶν
2869 2242 3165 2321 Βαρϐάρων
3197 2253 3594 2325 κατηγμένους,

2373 2328 2693 2406 Ἐλεύθερον
2727 2332 2960 2389 θέλουσα
2988 2341 3139 2392 πνεῖν
3159 2339 3251 2393 τὸν
3278 2337 3425 2415 ἀέρα.

2374 2419 2585 2475 Τούτου
2616 2427 2939 2496 κρατοῦντος
2972 2426 3193 2499 στρατιά
3220 2448 3303 2490 τις
3329 2424 3606 2505 Ἀῤῥάϐων

2092 2590 2097 2595 Ι
2194 2508 2336 2564 ’1715
2375 2508 2754 2582 Μυριάριθμος
2784 2519 3037 2581 ναυτικῆς
3065 2515 3363 2589 ναυαρχίας

2371 2601 2542 2665 Πεζῆς
2572 2617 2629 2650 τε
2655 2597 2858 2668 λοιπῆς
2888 2596 3277 2672 προσϐαλοῦσα
3305 2604 3373 2677 τῇ
3403 2603 3564 2660 πόλει

2368 2682 2722 2755 Λεηλατοῦσα
2748 2686 3020 2765 κατέκειρε
3041 2690 3107 2745 τὰ
3130 2692 3302 2764 πέριξ,

2366 2778 2432 2827 Ἦ
2458 2779 2598 2828 πᾶσα
2626 2774 2957 2851 κατέφθαρτο
2986 2781 3065 2849 τῷ
3095 2783 3227 2833 Θεοῦ
3250 2780 3440 2837 σθένει.

2288 2890 2816 2947 ΚΩΝΣΤΑΝΤΙΝΟΣ
2857 2892 2900 2949 Ο
2942 2894 3407 2953 ΚΟΠΡΩΝΥΜΟΣ
3448 2898 3561 2954 ΕΤ.
3601 2899 3726 2955 ΛΓ’.

2364 2979 2693 3048 Τεθνηκότος
2722 2978 2972 3048 Λέοντος,
3006 2978 3278 3054 λαμϐάνει
3305 2986 3500 3061 κράτος

2189 3067 2326 3122 1720
2366 3068 2767 3130 Κωνσταντῖνος
2797 3073 2926 3131 παῖς
2954 3068 2989 3138 ἢ
3023 3070 3261 3144 σκύμνος
3294 3071 3506 3147 μᾶλλον
3539 3075 3720 3153 φάναι,

2362 3154 2686 3229 Ἐπώνυμον
2715 3157 2864 3232 σχὼν
2895 3160 2993 3226 τὴν
3025 3162 3399 3235 Κοπρώνυμον
3430 3163 3570 3219 θέσιν
3610 3183 3624 3197 ο

2364 3244 2536 3318 Ἀνὴρ
2559 3244 2693 3320 γόης
2728 3246 2899 3319 μάγος
2929 3266 2987 3301 τε
3014 3252 3193 3303 κακῶν
3221 3248 3447 3324 ἐργάτης

2364 3334 2486 3388 Τῶν
2519 3328 2850 3405 δαιμονικῶν
2883 3337 3235 3411 μυσταγωγὸς
3265 3338 3488 3414 ὀργίων,

2365 3425 2472 3489 Τῆς
2504 3416 2815 3485 δυσσεϐείας
2845 3424 3050 3479 κυκεὼν
3082 3427 3117 3495 ἢ
3149 3424 3462 3503 πλημμύρα
3494 3447 3509 3462 ⁶

2190 3510 2328 3565 I725
2366 3508 2467 3566 Καὶ
2498 3507 2844 3581 παντοδαπῆς
2871 3512 3055 3590 ἀμάρα
3084 3512 3415 3588 δυσπιοτίας,

2362 3596 2487 3670 Οὐχ
2514 3598 2676 3667 ἧττον
2712 3598 2895 3676 ὀφθεὶς
2920 3600 3239 3673 κακοδοξίας
3265 3603 3436 3668 τάλας

2362 3682 2693 3759 Κληροῦχος
2719 3683 2860 3761 ἤπερ
2889 3689 3134 3765 πατέρων
3167 3692 3489 3768 αὐταρχίας,

2362 3776 2575 3827 Πιστῶν
2608 3772 2834 3849 ἐλατὴρ,
2867 3775 3099 3832 εὐσεοῶν
3130 3778 3442 3856 ἀναιρέτης,

2361 3862 2454 3923 Οἷς
2483 3863 2857 3937 προσκυνητὸς
2895 3868 3182 3942 χαρακτὴρ
3213 3868 3278 3937 ἦν
3310 3870 3601 3929 Δεσπότου.

2188 3950 2324 4005 1730
2360 3949 2546 4023 Τούτῳ
2568 3948 2638 4005 δι’
2667 3951 2699 4005 ἃ
2727 3954 3001 4028 πέπρακτο
3023 3960 3202 4011 κακῶν
3229 3960 3337 4030 (32)
3369 3960 3457 4014 καὶ
3486 3960 3694 4034 πλάνην

2362 4040 2461 4096 Καὶ
2495 4039 2741 4115 θηριώδη
2766 4042 2856 4097 καὶ
2883 4045 3179 4121 φονουργὸν
3210 4046 3420 4118 κακίαν,

2361 4129 2513 4185 Ὄντι
2546 4134 2762 4203 μισητῷ
2791 4136 2949 4186 πᾶσιν
2974 4130 3167 4207 ἐνδίκῳ
3190 4135 3404 4211 τρόπῳ,

2360 4219 2456 4289 Τῷ
2486 4215 2533 4271 δ’
2559 4215 2910 4294 ’Δρταϐάσδῳ
2939 4222 3323 4298 κουροπαλάτῃ
3351 4224 3522 4281 πλέον

2360 4302 2541 4382 Ἀνδρὶ
2575 4313 2860 4383 στρατηγῷ
2887 4311 2980 4365 σὺν
3007 4315 3087 4383 τῷ
3122 4311 3478 4392 βουληφόρῳ,

2182 4434 2325 4508 Ecce
2354 4431 2509 4508 enim
2533 4435 2768 4490 Cavaeus
2798 4434 2973 4508 idem,
3006 4437 3316 4508 pontiﬁcis;
3348 4438 3735 4508 auctoritatis,
3754 4443 3821 4495 ut

2184 4507 2307 4557 tum
2359 4507 2629 4581 tempora
2669 4510 2854 4581 erant,
2887 4506 3014 4562 odio
3063 4507 3351 4579 imbutus,
3386 4510 3443 4581 id
3476 4506 3815 4581 praefatione

2183 4589 2416 4656 quoque
2438 4592 2492 4656 ι)ε
2515 4576 2581 4629 21
2615 4575 2907 4656 insulsum
2955 4594 3221 4656 errorem
3242 4575 3819 4656 _ex'alieﬁa_ridirula

2180 4645 2458 4701 relatione
2481 4646 2693 4701 hausit.
2718 4646 2862 4710 Quia
2876 4648 3030 4703 enim
3054 4650 3115 4704 in
3137 4650 3502 4707 bibliothecae
3524 4652 3817 4709 Vaticana:

2178 4715 2431 4805 publicis
2464 4717 2697 4805 legi-bus.
2722 4718 2866 4773 illud
2898 4735 3133 4805 quoque
3165 4724 3511 4805 mandatum
3542 4729 3657 4805 est,
3685 4730 3753 4779 ut
3780 4740 3816 4805 α

2179 4790 2382 4869 peritis
2413 4790 2795 4861 scriptoribus
2826 4790 3049 4862 antiqui
3078 4792 3329 4859 codices,
3356 4793 3512 4865 siqui
3543 4798 3695 4850 carie
3724 4795 3815 4850 vel

2178 4859 2287 4914 alio
2317 4859 2653 4916 chartarum
2671 4862 2809 4917 vitio
2829 4863 3233 4921 vehementius
3264 4865 3814 4921 laborant.diligen-

2179 4882 2287 4914 suo
2317 4882 2653 4942 cannarum
2671 4882 2809 4917 Vluo
2829 4882 3233 4921 vcuemenuus
3264 4882 3814 4938 1anorant,aiugen-

2179 4937 2264 5005 ter
2291 4934 2347 4986 et
2375 4931 2718 5005 ﬁdelisSIme
2749 4934 3189 5004 exscribantur;
3239 4941 3411 5005 atque
3444 4938 3526 4992 ita
3553 4940 3679 4993 tum
3710 4953 3811 4993 ve-

2173 5004 2271 5056 tus
2293 5003 2609 5075 exemplar,
2632 5008 2756 5059 tum
2775 5021 2989 5059 novum
3005 5003 3580 5075 juxtacust‘odiatur;
3600 5008 3656 5062 id
3675 5023 3809 5064 cum

2174 5088 2286 5153 suo.
2312 5072 2554 5130 relatura
2584 5074 2812 5153 Cavaaus
2833 5076 2903 5130 ad
2938 5072 3127 5153 impias
3159 5078 3383 5153 fraudis
3413 5072 3808 5149 suspicionem

2174 5143 2412 5227 oblique
2456 5146 2735 5227 convertit
2767 5165 2781 5214 ;
2834 5147 3001 5216 quasi
3024 5143 3161 5227 _nos
3191 5151 3335 5227 adeo
3366 5143 3808 5227 corrumpendis

2172 5216 2510 5304 auctoribus
2567 5217 2999 5304 indulgeamus,
3052 5223 3138 5304 ut.
3164 5220 3569 5304 ei‘proprium
3602 5216 3803 5277 'etiam

2174 5302 2388 5374 munus
2409 5292 2474 5374 et
2521 5288 2854 5374 conductos,
2885 5289 3179 5374 stipendio
3227 5288 3807 5374 hominesndecreve:

2170 5358 2372 5443 rimus.
2407 5358 2728 5443 Quqdicto
2777 5358 2921 5413 nihil
2967 5358 3396 5443 impudentius,
3448 5362 3597 5419 nihil
3645 5363 3805 5434 gravi

2170 5432 2404 5513 auctore
2429 5430 2728 5513 indignius
2755 5430 3122 5513 essepotest.

2237 5500 2348 5574 (ἓξ)
2382 5500 2642 5574 Intelligo
2673 5500 3015 5574 Gregorium
3047 5502 3117 5559 II.

2235 5570 2350 5643 (32)
2380 5570 2806 5635 ΜειΙίω-κακῶςξ
