4132 6300
304 394 372 447 77

306 516 443 572 1735
479 516 556 586 Τῇ
591 511 639 569 δ’
668 508 909 585 εὐσεϐείᾳ
941 512 1152 586 μᾶλλον
1182 512 1561 589 ἠγλαϊσμένῳ.

481 601 775 659 Καττύεταί
803 623 887 665 τις
920 602 969 656 ἐν
1003 603 1182 675 θέματ’
1211 602 1455 676 Ὀψικίου

483 691 615 746 Κατ’
647 686 930 766 Ἀῥράϐων
961 691 1264 765 στράτευμα
1293 695 1529 745 κινοῦντι
1560 688 1682 744 τότε

486 775 711 853 Ἐνέδρα
741 775 887 847 δεινή
920 779 1055 853 πρὸς
1087 784 1337 854 στρατιᾶς
1370 778 1627 855 ἐγκρίτων

488 867 847 942 Πρωτουργὸν
876 861 1244 942 Ἀρτάϐασδον
1273 868 1637 943 ἐξευρηκότων
1673 885 1685 898 ·

310 957 449 1012 1740
484 957 582 1012 Ἦν
604 955 760 1031 γνοὺς
792 956 819 1009 ὁ
849 960 1079 1028 κρατῶν,
1114 953 1448 1031 ἐκδιδράσκει
1477 956 1566 1011 τὸν
1604 957 1769 1031 μόρον

487 1047 701 1106 Ἵπποις
728 1043 1090 1120 ταχυπτέροις
1118 1066 1177 1099 τε
1200 1045 1289 1099 καὶ
1320 1046 1617 1121 προθυμίᾳ.

486 1135 551 1190 Ἡ
581 1131 638 1189 δὶ
669 1134 891 1209 στρατιά
918 1133 1006 1188 καὶ
1032 1133 1261 1208 λοχαγοὶ
1293 1136 1585 1209 ταγμάτων

485 1224 736 1279 Ἀνεῖπον
770 1217 1134 1297 Ἀρτάϐασδον
1167 1222 1241 1285 ὡς
1276 1223 1521 1297 βασιλέα,

488 1313 621 1375 Μεθ’
646 1312 709 1365 οὗ
734 1310 1097 1389 κατειλήφασι
1126 1312 1224 1380 τὴν
1253 1312 1652 1367 Κωνσταντίνου
1686 1330 1699 1343 ·

309 1403 451 1458 1745
487 1401 585 1462 Ἠς
613 1398 860 1473 ἀσμένως
889 1395 1127 1454 ἔντοσθεν
1160 1399 1332 1463 ἐλθὼν
1361 1401 1434 1464 ὡς
1467 1399 1588 1457 δέον

490 1488 794 1559 Φημίζεται
824 1483 1084 1560 πόμασιν
1114 1488 1288 1542 ἀστῶν
1321 1488 1398 1550 ὡς
1427 1489 1552 1559 ἅναξ

490 1578 880 1651 Ἀνακτορικῆς
909 1574 1192 1649 τυγχάνων
1225 1576 1359 1654 εὐφη
1370 1576 1518 1649 μίας.

490 1664 662 1729 Εὐθὺς
692 1662 738 1719 δ’
769 1665 1112 1736 ἀνεστήλωσε
1140 1669 1378 1736 Χριστοῦ
1398 1667 1486 1720 τὸν
1519 1665 1685 1721 τύπον

487 1753 593 1809 Καὶ
623 1760 945 1829 προσκυνεῖν
977 1750 1207 1809 δέδωκεν
1238 1755 1401 1809 αὐτὸν
1433 1755 1507 1816 ὡς
1535 1756 1710 1829 θέμις,

302 1853 449 1908 4750
484 1850 803 1927 Ἐφίσταται
836 1847 893 1904 δὲ
921 1849 1010 1904 καὶ
1043 1850 1420 1926 Κοπρώνυμος
1451 1851 1611 1907 πόλει

482 1940 552 1992 Τὸ
583 1939 709 2013 πρὶν
736 1938 1046 1994 ἀναπαιτῶν
1076 1937 1247 2002 ἀδεῶς
1277 1937 1421 2015 ἔχειν
1455 1943 1649 2017 κράτος
1685 1964 1697 1977 ·

490 2027 645 2084 Ἐπεὶ
680 2026 728 2081 δ’
756 2027 1097 2102 ἀπηγόρευον
1133 2030 1361 2092 ἅπαντες
1391 2028 1537 2103 τόδε,

495 2114 640 2188 Πρός
673 2114 817 2171 ὅπλα
847 2120 1024 2191 χωρεῖ
1051 2118 1140 2171 καὶ
1174 2118 1358 2192 μάχας
1388 2117 1714 2196 ἐμφυλίους,

492 2206 590 2258 Καὶ
626 2201 726 2277 δρᾷ
754 2224 808 2258 τι
837 2205 1003 2259 κακὸν
1035 2204 1285 2267 ἀστικοὺς
1318 2208 1407 2260 καὶ
1436 2208 1533 2275 τὴν
1562 2207 1747 2279 πόλιν,

312 2296 461 2352 4755
498 2291 758 2350 Εἷσπλεῖν
794 2290 1050 2367 σιτηγοὺς
1081 2291 1332 2357 κωλύσας
1356 2300 1491 2364 νῆας
1523 2294 1629 2351 ἔσω
1662 2315 1673 2328 ·

492 2382 616 2458 Ἀφ’
647 2379 709 2434 οὗ
738 2380 993 2443 πολίταις
1023 2380 1317 2455 βουλιμιᾷν
1353 2379 1571 2453 συνέϐη.

494 2468 647 2525 Ἐπεὶ
681 2466 729 2522 δ’
756 2468 1107 2546 ἐπεισέφρησε
1142 2468 1455 2544 συγκλονῶν
1488 2470 1650 2527 πόλιν

496 2556 603 2612 Σὺν
631 2561 854 2633 στρατιᾷ
880 2577 939 2612 τε
972 2562 1249 2632 μηχαναῖς
1279 2579 1337 2613 τε
1364 2558 1453 2614 καὶ
1485 2558 1657 2634 δόλῳ,

498 2645 821 2701 Συνίσταται
858 2645 1012 2719 μάχη
1040 2666 1125 2709 τις
1151 2645 1202 2717 ἐξ
1229 2647 1492 2723 ἑκατέρων

320 2737 455 2794 1760
494 2734 972 2797 Ἀντιστατοῦντος
1003 2733 1399 2810 αὐτοκράτορος
1426 2738 1568 2794 νέου.

497 2822 677 2881 Ἀλλὰ
706 2821 987 2898 κριμάτων
1016 2824 1116 2893 τήν
1144 2818 1374 2880 ἄϐυσσον
1407 2824 1608 2901 Κυρίου

498 2912 594 2973 Τίς
628 2912 686 2967 ἃν
719 2912 921 2975 ἱκανῶς
948 2910 1268 2988 ἐξιχνιάσειέ
1296 2935 1416 2978 πως
1442 2934 1455 2985 ;

500 3002 670 3071 Νίκην
704 3001 1047 3074 ἀπηνέγκατο
1075 3001 1332 3072 τύραννος
1367 3006 1521 3078 μόίχῃ
1560 3019 1574 3039 ο

496 3091 737 3159 Ἠττητο
769 3087 816 3143 δ’
848 3083 1215 3158 Ἀρτάϐασδος
1238 3092 1481 3167 αἰσχρῶς
1516 3093 1817 3171 ὀρθὸφρων,

316 3190 463 3247 1765
499 3188 597 3242 Καὶ
632 3187 914 3262 συσχεθεὶς
944 3182 1161 3243 ἔσϐεστο
1189 3188 1427 3264 λύχνους
1458 3191 1718 3265 ὀμμάτων

503 3275 609 3331 Σὺν
637 3276 807 3331 υἱέσιν
838 3273 1093 3351 αἴσχιστα
1122 3274 1344 3351 διττοῖς,
1379 3277 1423 3333 ὣ
1455 3277 1607 3350 δίκης
1631 3283 1643 3337 ι

500 3362 704 3421 ’Ἄλλοι
734 3384 793 3419 τε
816 3362 1065 3419 πλεῖστοι
1095 3369 1202 3420 τῶν
1237 3365 1527 3441 ἐπισήμων¹
1551 3367 1714 3425 πάλιν

503 3452 689 3508 Κακοῦ
720 3451 1136 3527 παραπὲλαυσαν
1165 3453 1224 3509 ἐκ
1253 3456 1653 3532 Κοπρωνύμου.

503 3541 674 3603 Οὗτος
713 3537 974 3614 βδελυρὸς
1008 3537 1205 3612 ἀσεϐὴς
1236 3543 1525 3608 συναλίσας

322 3633 466 3688 1770
504 3630 766 3704 Ἀνιέρων
800 3630 1052 3703 σύστημα
1085 3632 1311 3704 μισθίων
1343 3632 1523 3689 λύκων

502 3717 858 3794 Ὁμορφόνων
890 3717 926 3786 ἢ
957 3719 1046 3773 καὶ
1077 3718 1243 3775 πλέον
1271 3723 1637 3799 κακοφρόνων,

508 3809 577 3863 Ὃ
608 3804 848 3861 συνόδων
880 3805 1166 3879 κέκληκεν,
1194 3809 1237 3863 ὣ
1271 3815 1403 3866 Θεοῦ
1431 3812 1598 3886 νόμοι
1625 3816 1636 3869 !

509 3893 909 3967 Οἰκουμενικήν
935 3889 1200 3969 ἑϐδόμην,
1234 3895 1277 3951 ὣ
1305 3903 1404 3973 τῇς
1434 3900 1647 3972 πλάνης
1675 3903 1687 3957 ί

508 3983 629 4037 Ἐπ’
659 3982 909 4053 ἀθετήσει
936 3986 1043 4037 τῶν
1073 3979 1341 4041 σεϐαστῶν
1372 3987 1593 4044 εἰκόνων

334 4081 477 4138 1775
515 4086 667 4135 Θεῖον
700 4078 1023 4155 Βλαχερνῶν
1054 4079 1460 4158 καταλαμϐάνει
1494 4084 1665 4161 δόμον
1702 4105 1715 4120 ⁸

514 4169 636 4227 Ἐπ’
669 4164 987 4244 ὀκρίϐαντος
1021 4168 1067 4225 δ’
1096 4168 1296 4236 ἀναϐὰς
1324 4172 1627 4248 τολμητίας

516 4259 683 4330 Φωνῇ
712 4260 863 4332 τορῷ
890 4278 950 4312 τε
977 4256 1068 4313 καὶ
1099 4259 1224 4335 χερὶ
1258 4258 1553 4335 βδελυκτέᾳ

508 4346 599 4408 Ὠς
630 4344 971 4423 φατνιάρχην
1000 4344 1228 4404 δεικνύει
1263 4348 1588 4420 Βυζαντίδος

512 4440 917 4490 Κωνσταντῖνον
947 4435 1152 4492 τάλανα
1182 4437 1420 4494 Συλαίου
1450 4437 1614 4497 λύκον
1642 4461 1656 4476 ο

345 4523 480 4579 1780
514 4521 701 4579 Τελῶν
734 4520 781 4577 δ’
813 4522 974 4578 αὐτοῦ
1003 4526 1101 4594 τήν
1135 4527 1577 4604 ἀθεμιτουργίαν,

512 4612 644 4667 Εἶτα
677 4613 791 4685 μετ’
817 4612 981 4668 αὐτοῦ
1009 4613 1283 4688 ποιμένων
1312 4618 1357 4670 τ’
1388 4617 1612 4694 ἀνιέρων

516 4699 737 4756 Πάντων
766 4700 1017 4773 ὁρώντων
1048 4701 1137 4757 καὶ
1161 4701 1436 4760 κλυόντων
1461 4705 1512 4761 ἐν
1545 4707 1696 4784 φόρῳ

518 4789 633 4857 Τὴν
660 4786 1027 4862 προσκύνησιν
1058 4792 1147 4845 καὶ
1166 4793 1333 4865 τιμὴν
1363 4794 1461 4863 τὴν
1492 4792 1716 4849 εἷ’κόνων

520 4877 895 4951 Ἀπηγόρευσε
926 4873 1218 4949 δυσσεϐῶς,
1251 4879 1295 4935 ὤ
1329 4882 1516 4955 μανίας
1542 4885 1553 4939 l

354 4964 485 5019 1785
518 4959 932 5029 Καθυποϐαλὼν
962 4965 1210 5045 ἀφρόνως
1245 4970 1273 5023 ὁ
1306 4969 1574 5043 μαινόλης

519 5054 708 5128 Ἀραῖς
737 5052 1073 5128 ἀναθέματος
1105 5053 1301 5134 ἄνδρας
1331 5054 1575 5131 ὀλϐίους,

524 5143 697 5219 Σοφὸν
733 5144 1027 5218 Γερμανὸν,
1057 5146 1328 5221 Γεώργιον
1363 5148 1634 5222 Κυπρόθεν

521 5230 652 5293 Τοὺς
680 5232 1056 5308 ποιμενάρχας
1084 5233 1249 5305 τῆσδε
1276 5242 1377 5306 τῆς
1402 5236 1825 5309 Κωνσταντίνου,

526 5320 665 5394 Πρὸς
700 5316 749 5375 δ’
778 5319 844 5374 αὗ
873 5322 1131 5392 Ἰωάννην
1161 5344 1220 5378 τε
1246 5324 1338 5379 τὸν
1371 5327 1734 5397 Δαμασκόθεν.

356 5412 493 5468 1790
526 5414 695 5479 Οὗτος
725 5413 967 5491 διωγμὸν
1000 5413 1208 5482 ἀσεϐῶς
1240 5421 1528 5496 φρικαλέον

527 5503 652 5560 Κατ’
682 5499 1044 5561 εὐσεϐούντων
1074 5513 1463 5583 προσκυνητιῖη
1494 5509 1711 5567 εἰκόνων

525 5591 607 5653 Ὦς
638 5594 1021 5671 χριστομάχος
1052 5594 1377 5669 ἀνακινήσας
1403 5598 1572 5663 τάλας

528 5681 725 5744 Πάντας
757 5680 978 5759 ἐκάκου,
1006 5684 1096 5741 καὶ
1126 5683 1294 5742 πλέον
1323 5684 1661 5764 ῥακενδύτας,

1822 391 2180 447 CESARES.

1966 514 2018 578 Α
2049 513 2148 567 sed
2183 513 2395 584 pietate
2425 515 2610 587 magis
2640 519 2920 574 exornati.

2052 606 2201 673 Ergo
2223 603 2475 658 versanti
2501 603 2559 658 in
2593 607 2887 675 provincia
2902 607 3119 679 Opsicii

2053 690 2438 762 Copronymo,
2468 693 2609 748 dum
2642 696 2859 751 Arabes
2892 696 3041 752 bello
3071 704 3382 769 premeret,

2055 777 2278 833 insidia)
2308 795 2511 850 graves
2539 798 2572 837 a
2601 784 2900 854 copiarum
2924 788 3320 844 summatibus

2052 869 2369 922 struuntur
2398 868 2543 925 duce
2572 871 2891 928 Artavasdo
2918 874 3213 930 facinoris.

2055 954 2136 1009 Re
2166 960 2462 1027 comperta
2492 958 2830 1030 imperator,
2864 978 3063 1018 necem
3093 963 3296 1037 effugit

2058 1043 2223 1113 equis
2255 1043 2550 1103 velocibus
2580 1052 2637 1104 et
2666 1056 2996 1121 experrecto
3028 1052 3244 1109 animo.

2054 1130 2200 1187 Tum
2230 1148 2362 1189 vero
2394 1136 2683 1191 exercitus
2714 1138 3107 1210 ordinumque
3138 1141 3315 1199 duces

2055 1218 2471 1291 imperatorem
2498 1228 2697 1279 creant
2723 1227 3001 1284 Artavasd
3013 1246 3109 1284 um
3134 1247 3148 1295 ;

2058 1306 2299 1377 quicum
2332 1311 2402 1366 ad
2436 1312 2639 1369 urbem
2667 1312 3033 1372 Constantini
3064 1319 3344 1389 veniunt;

1938 1440 1949 1451 .
2054 1394 2114 1450 ib
2130 1400 2414 1469 enterque
2444 1399 2505 1454 in
2538 1417 2666 1456 eam
2698 1408 2967 1475 receptus
2990 1407 3350 1464 Artavasdus

2061 1486 2270 1542 merito
2291 1486 2505 1543 civium
2536 1490 2775 1546 vocibus
2807 1508 2905 1548 rex
2937 1493 3253 1566 salutatur,

2059 1574 2227 1645 eique
2255 1578 2539 1647 tanquam
2572 1579 2809 1636 domino
2840 1581 2905 1636 fit
2926 1583 3290 1640 acclamatio.

2060 1666 2117 1718 Is
2138 1666 2331 1720 autem
2354 1666 2532 1721 exerit
2561 1668 2761 1724 statim
2793 1670 3007 1726 Christi
3038 1688 3272 1729 crucem

2059 1752 2476 1825 colendamque
2505 1755 2771 1813 exhibuit
2800 1763 2975 1830 prout
3009 1761 3275 1817 decebat.

1984 1861 2032 1926 B
2063 1849 2174 1905 Sed
2204 1853 2260 1904 et
2288 1853 2686 1923 Copronymus
2718 1855 2847 1910 urbi
2881 1860 3218 1926 supervenit

2066 1937 2303 2007 paciﬁca
2333 1940 2639 2008 postulans
2665 1942 2917 2014 recipere
2948 1945 3298 2018 imperium;

2067 2026 2221 2095 quod
2256 2028 2396 2082 dum
2427 2032 2726 2086 communi
2755 2037 2884 2088 voto
2915 2035 3109 2090 cuncti
3142 2041 3485 2108 pernegant,

2064 2113 2115 2170 is
2145 2130 2309 2170 arma
2341 2122 2529 2173 movet
2557 2118 2843 2191 civileque
2869 2121 3087 2179 bellum
3116 2140 3129 2177 :

2064 2202 2381 2275 statimque
2405 2206 2622 2277 insigni
2652 2208 2805 2264 cives
2836 2210 3050 2266 damno
3081 2213 3263 2269 afﬁcit

2064 2290 2482 2349 frumentarias
2513 2312 2688 2352 naves
2720 2314 2958 2354 accessu
2993 2301 3331 2373 prohibens,

2064 2394 2132 2433 ex
2160 2395 2277 2450 quo
2310 2382 2496 2437 fames
2525 2385 2877 2454 gravissima
2909 2387 3040 2441 urbi
3071 2388 3299 2444 accidit.

2064 2466 2174 2520 Sed
2206 2472 2519 2539 postquam
2550 2472 2715 2527 urbis
2747 2474 2961 2529 mmnia
2982 2475 3166 2531 subiit
3195 2477 3465 2547 quatiens

2064 2555 2318 2611 exercitu
2352 2558 2640 2615 machinis
2663 2565 2720 2615 et
2748 2561 3018 2628 artiﬁcio,

2068 2642 2362 2714 utrimque
2392 2662 2588 2718 pugna
2618 2650 2974 2713 accenditur,
3009 2652 3147 2707 dum
3172 2656 3532 2725 Copronymo

2064 2730 2222 2785 omni
2255 2735 2476 2790 resistit
2499 2753 2607 2806 ope
2637 2738 2952 2808 imperator
2983 2757 3189 2795 novus.

2063 2818 2168 2874 Sed
2191 2821 2552 2891 judiciorum
2587 2825 2813 2879 Domini
2844 2828 2977 2897 quis
3007 2830 3284 2900 abyssum

2062 2912 2315 2968 scrutari
2344 2914 2489 2968 satis
2520 2914 2774 2983 poterit?
2802 2916 3068 2987 superior

2062 3001 2373 3057 commisso
2406 3000 2606 3072 prcelio
2637 3002 2880 3059 discedit
2908 3008 3213 3077 tyrannus,

2060 3088 2312 3161 turpiter
2338 3089 2590 3145 vincitur
2620 3093 2977 3149 Artavasdus
3011 3095 3166 3165 pius,

1992 3211 2036 3279 α
2071 3191 2393 3258 captusque
2422 3188 2664 3243 orbatur
2693 3189 3019 3246 miserrime
3048 3194 3296 3263 utroque
3324 3189 3547 3248 lumine

2074 3292 2208 3331 cum
2241 3276 2470 3331 duobus
2500 3276 2637 3332 ﬁliis
2667 3278 2803 3347 (heu
2834 3280 3187 3351 supplicium
3215 3280 3261 3351 l)

2073 3364 2315 3435 insuper
2352 3368 2410 3419 et
2441 3363 2585 3419 alios
2607 3364 2917 3435 Optimates
2949 3367 3235 3438 plurimos

2075 3452 2247 3507 malis
2278 3452 2580 3523 suppliciis
2611 3452 3306 3527 perdiditCopronymus,

2076 3539 2300 3611 Impius
2330 3539 2424 3595 hic
2457 3539 2926 3612 maledictusque
2954 3558 3317 3615 congregans

2077 3627 2307 3683 turbam
2340 3629 2410 3683 de
2441 3631 2812 3686 mercenariis
2842 3632 3099 3702 profanis
3130 3632 3286 3705 lupis

2077 3716 2347 3773 concordi
2377 3716 2465 3772 vel
2496 3718 2725 3773 excordi
2755 3720 2953 3789 potius
2983 3725 3176 3776 mente
3207 3720 3484 3793 prmditis,

2079 3821 2226 3877 quos
2257 3803 2568 3876 appellavit
2595 3806 2883 3876 synodum
2917 3808 2972 3879 (ο
3004 3809 3104 3863 Dei
3136 3808 3293 3881 leges
3319 3809 3356 3881 Ι)

2079 3893 2385 3965 septimam
2415 3892 2831 3949 oecumenicam
2863 3895 2917 3966 (ο
2949 3895 3336 3967 imposturam
3361 3897 3399 3970 l)

2082 3982 2155 4038 ob
2187 3985 2468 4053 augustas
2490 3981 2774 4053 imagines
2805 3983 3123 4041 abolendas

2086 4080 2156 4135 ad
2189 4082 2458 4134 sanctum
2489 4078 2912 4135 Blachernense
2944 4081 3229 4152 processit
3249 4083 3570 4155 templum:

2083 4166 2281 4238 ibique
2312 4167 2583 4222 inscenso
2609 4166 2983 4238 impudenter
3006 4170 3251 4225 amboue

2085 4253 2238 4310 elata
2265 4269 2424 4324 voce,
2456 4253 2637 4325 impia
2666 4261 2937 4326 protenta
2968 4258 3226 4327 dextera,

2085 4342 2410 4415 Byzantina
2442 4343 2605 4400 urbis
2638 4345 2959 4401 antistitem
2987 4346 3245 4403 declarat

2084 4432 2531 4489 Constantinum
2562 4433 2888 4489 infaustum
2918 4435 3083 4507 Sylaei
3114 4436 3318 4507 lupum
3349 4452 3363 4489 :

2006 4566 2053 4633 Β
2085 4527 2431 4593 peractaque
2459 4520 2580 4575 illic
2601 4521 2785 4593 impia
2815 4523 3171 4594 caerimonia,

2089 4627 2211 4633 ---μ
2247 4610 2344 4633 211-
2385 4610 2625 4633 -ἹΞΞ-...---
2665 4611 2950 4633 -_:___.__'_
2979 4613 3171 4633 ____l'_-_

2084 4627 2218 4667 cum
2247 4610 2349 4666 illo
2383 4610 2628 4682 aliisque
2659 4611 2951 4683 episcopis
2979 4612 3238 4683 profanis

2084 4700 2314 4756 cunctis
2344 4699 2404 4754 in
2436 4700 2558 4755 foro
2590 4699 2968 4756 audientibus
3000 4702 3455 4774 videntibusque

2082 4788 2509 4844 venerationem
2539 4786 2939 4860 honoremque
2969 4789 3297 4862 imaginum

2086 4879 2328 4948 abrogat
2347 4875 2440 4930 hic
2470 4875 2776 4931 haereticus
2807 4878 2859 4950 (ο
2888 4878 3187 4934 vesaniam
3213 4877 3252 4950 ἓ)

2086 4965 2271 5021 Stulte
2301 4964 2475 5020 etiam
2508 4965 2757 5035 subjecit
2786 4966 3042 5023 furiosus
3064 4967 3239 5022 homo

2090 5053 2416 5110 maledictis
2449 5052 2835 5110 anathematis
2864 5059 3098 5111 sanctos
3114 5054 3266 5110 viros

2089 5142 2411 5213 sapientem
2436 5142 2812 5210 Germanum,
2843 5142 3153 5214 Georgium
3177 5145 3477 5216 Cyprium,
3550 5222 3553 5225 _

2090 5230 2189 5302 qui
2222 5229 2481 5301 Byzantii
2512 5230 2691 5301 hujus
2718 5236 2981 5302 pastores
3012 5231 3271 5299 fuerant;

2090 5336 2155 5375 ac
2184 5320 2467 5375 Joannem
2490 5318 2731 5390 insuper
2760 5324 3209 5376 Damascenum.

2090 5416 2250 5472 Idem
2282 5417 2563 5473 scelestus
2595 5417 2997 5488 persecutione
3028 5415 3292 5472 horribili

2090 5505 2665 5562 commotaadversus
2688 5503 2937 5561 cultores
2967 5505 3314 5575 imaginum,

2086 5593 2410 5649 tristissimi
2442 5593 2855 5649 christomachi
2887 5609 3135 5664 persona
3162 5592 3261 5647 ind
3273 5595 3394 5657 uta,

2087 5687 2329 5744 cunctos
2359 5682 2624 5754 vexabat,
2656 5683 2981 5755 praesertim
3012 5681 3403 5753 sacc0phoros

3616 403 3686 457 78
