4132 6300
437 324 508 377 79
1638 317 2010 375 EPHREMII
2048 314 2618 371 CHRONOGRAPHI

437 409 585 516 quos
615 447 766 502 inter
793 444 1156 517 Stephanum
1190 449 1246 500 et
1265 412 1556 500 Andream
1581 440 1898 498 monachos

434 535 649 591 Christi
683 534 908 590 Domini
942 538 1223 604 martyres
1254 534 1463 600 effecit,

434 622 727 694 aliamque
758 622 1072 693 plurimam
1096 638 1226 677 cum
1260 619 1561 677 monachis
1592 624 1902 676 catervam.

431 712 511 767 Eo
545 717 824 782 regnante
854 711 1174 782 tyrannice,
1206 710 1571 765 Palzestinam

432 803 558 855 tum
591 799 765 855 etiam
798 800 1022 870 Syriam
1053 803 1109 853 et
1140 798 1328 868 ipsam
1364 798 1566 853 urbem
1599 796 1819 869 regiam

431 888 726 943 maximus
749 892 911 942 terrae
944 892 1139 942 motus
1170 887 1429 956 agitavit,

429 975 596 1046 isque
627 975 963 1031 mortalium
996 990 1306 1029 numerum
1328 975 1623 1046 ingentem
1654 973 1869 1029 hausit.

429 1064 711 1119 Praeterea
741 1065 983 1118 morbus
1014 1062 1296 1133 pestilens
1329 1062 1609 1118 exitiosus

424 1152 539 1208 late
562 1170 663 1224 per
693 1153 886 1208 orbem
913 1168 1187 1223 grassans
1221 1150 1425 1206 afﬂixit
1457 1152 1632 1206 urbes
1666 1166 1678 1205 :

426 1258 532 1296 nec
562 1258 730 1311 porro
764 1242 1027 1297 narranti
1059 1240 1201 1295 mihi
1236 1245 1556 1311 supputare

423 1330 843 1385 exstinctorum
875 1328 970 1384 lue
1002 1328 1309 1383 hominum
1340 1327 1475 1382 licet
1506 1344 1839 1383 numerum.

424 1421 667 1473 Summa
695 1418 871 1472 etiam
903 1417 1093 1471 hiems
1125 1421 1181 1471 et
1212 1416 1585 1485 gravissima,

422 1510 709 1577 quotquot
738 1508 993 1572 fuerunt,
1028 1505 1197 1576 regiae
1224 1504 1353 1559 urbi
1383 1506 1686 1574 ingruens,

419 1594 782 1666 permultum
815 1595 952 1649 huic
986 1594 1406 1649 detrimentum
1428 1592 1667 1647 attulit:

417 1683 651 1754 frigoris
681 1683 839 1738 enim
870 1682 954 1738 vis
987 1680 1375 1737 intolerabilis

416 1773 561 1826 dura
590 1771 937 1826 constrinxit
967 1769 1148 1841 glacie
1179 1773 1235 1824 et
1266 1769 1616 1839 constipavit

417 1876 547 1915 cum
578 1860 774 1930 ipsum
807 1875 965 1913 mare
994 1864 1117 1913 tum
1150 1857 1355 1913 fluvios
1386 1855 1750 1912 vastissimas
1784 1873 1797 1910 :

414 1963 595 2016 quare
625 1951 683 2002 et
716 1946 809 2001 hic
841 1951 1042 2017 portus
1072 1945 1663 2016 Constantinopoleos

413 2036 596 2106 gradu
629 2035 837 2104 cuique
865 2032 1163 2089 calcabilis
1195 2035 1398 2100 evasit,

412 2123 688 2194 lanigeris
718 2122 1038 2193 pecudibus
1070 2127 1246 2192 atque
1285 2121 1568 2178 onerariis

397 2211 710 2281 jumentis,
742 2211 1088 2281 cunctisque
1115 2211 1345 2265 demum
1374 2211 1517 2281 pede
1549 2210 1873 2265 utentibus.

405 2300 535 2355 Mox
563 2305 893 2370 tepescente
925 2304 1055 2369 post
1084 2299 1341 2354 solutam
1373 2298 1627 2353 hiemem

401 2403 531 2442 aere
561 2387 797 2442 ﬂatibus
826 2387 980 2442 veris
1004 2386 1386 2455 advenientis,

398 2476 592 2548 gelida
621 2481 818 2531 crusta
841 2475 1099 2531 dissilire
1130 2474 1301 2545 coepit
1326 2490 1340 2529 :

396 2570 523 2619 tum
554 2568 761 2618 ventus
790 2563 1106 2619 vehemens
1138 2562 1331 2634 gelida
1366 2563 1706 2633 fragmenta,

394 2651 608 2707 insulis
631 2651 845 2723 amplis
872 2650 1241 2720 collibusque
1272 2652 1458 2721 paria,

394 2740 631 2810 impulit
661 2739 720 2794 in
753 2755 955 2793 muros
984 2738 1233 2808 urbique
1264 2737 1443 2792 allisit
1471 2755 1486 2807 ;

396 2843 577 2900 quare
604 2832 728 2884 tum
762 2825 981 2883 corruit
1011 2826 1270 2881 maxima
1303 2843 1436 2897 pars
1463 2824 1771 2881 moenium.

396 2921 586 2989 Atque
611 2916 719 2972 has
750 2932 945 2971 rerum
976 2914 1127 2970 vices
1157 2921 1247 2969 est
1278 2918 1514 2985 experta

396 3006 538 3061 urbs
569 3006 710 3061 dum
736 3003 1050 3075 imperium
1081 3007 1304 3058 teneret
1322 3001 1738 3073 Copronymus.

2102 438 2157 504 Α
2360 438 2488 492 Μεθ’
2520 438 2580 491 οὗ
2613 435 2905 516 Στέφανον,
2939 434 3193 513 Ἀνδρέαν
3231 440 3602 514 μονοτρόπους

2086 1780 2134 1845 Β

2180 527 2319 581 1795
2347 525 2637 601 Μάρτυρας
2672 525 2912 604 ἀπέφηνε
2942 531 3174 603 Χριστοῦ
3207 528 3501 602 Δεσπότου,

2355 612 2596 676 Ἀλλους
2623 635 2680 669 τε
2709 613 2997 677 πλείστους
3031 615 3120 669 σὺν
3159 622 3448 689 μονασταῖς
3480 615 3731 692 μιγάδας.

2351 705 2554 759 Τούτου
2575 708 2981 779 τυραννοῦντος,
3008 703 3058 757 ἐν
3090 708 3157 778 τῇ
3190 704 3521 780 Παλαιστίνῃ

2354 796 2459 849 Κάν
2490 797 2558 867 τῇ
2592 792 2762 868 Συρίᾳ
2790 793 2879 847 καὶ
2915 790 3153 867 βασιλίδι
3186 789 3344 849 πόλει

2357 883 2591 954 Σεισμὸς
2627 882 2874 955 μέγιττος
2900 881 2987 934 καὶ
3017 878 3215 944 κλόνος
3246 888 3349 956 γῆς
3384 877 3601 953 συνέϐη,

2180 975 2317 1030 1800
2356 972 2434 1026 Δι’
2465 972 2526 1026 οὗ
2563 972 2771 1046 βροτῶν
2805 969 3035 1047 ἕφΟαρτο
3070 970 3261 1047 μυρίον
3294 972 3498 1049 στίφος.

2354 1056 2535 1128 ’Ἄλλη
2574 1058 2745 1133 φθορά
2770 1078 2829 1112 τε
2856 1056 2947 1111 καὶ
2980 1052 3325 1133 φθισίϐροτος
3353 1059 3509 1122 νόσος

2355 1148 2774 1201 Ἐπεισπεσοῦσα
2804 1146 3099 1220 κατέτρυχε
3130 1145 3223 1207 τὰς
3250 1145 3442 1208 πόλεις
3475 1166 3490 1179 °

2351 1237 2438 1297 Ὠς
2473 1236 2549 1308 μή
2580 1232 2796 1289 δυνατὸν
2831 1233 3200 1307 ἐκνομίζεσθαι
3229 1233 3373 1310 τάχα

2349 1325 2426 1380 Τὸ
2451 1321 2664 1392 πλῆθος
2694 1323 2830 1377 ἅπαν
2859 1326 2967 1377 τῶν
2996 1322 3325 1398 νεκριμαίων
3357 1326 3571 1400 φθάνειν
3606 1343 3620 1358 ⁸

2175 1414 2321 1471 1805
2350 1412 2570 1485 Χειμών
2602 1432 2660 1466 τε
2685 1410 2896 1466 πάντων
2935 1410 3233 1486 βαρύτατος
3264 1410 3352 1464 καὶ
3390 1414 3553 1489 μέγας

2349 1500 2812 1561 Ἐπεισπεπαικὼς
2844 1498 2910 1572 τῇ
2944 1496 3185 1573 βασιλίδι
3216 1498 3399 1573 πόλει,

2348 1586 2573 1658 Πολλὴν
2604 1586 2942 1662 ἐνειργάσατο
2971 1586 3136 1660 ταύτῃ
3162 1588 3261 1656 τήν
3294 1587 3529 1661 λύμην,’

2346 1680 2435 1741 Ὠς
2463 1675 2907 1751 κρυσταλωθῆναί
2940 1695 3003 1749 γε
3030 1680 3109 1747 τῷ
3141 1673 3339 1748 πολλῷ
3370 1678 3534 1751 ψύχει

2345 1763 2509 1834 Κρύει
2538 1766 2585 1819 τ’
2618 1765 2835 1837 ἄμέτρω
2862 1762 3273 1836 συμπιληθῆναι
3305 1762 3468 1819 πάλιν

2164 1855 2304 1913 4810
2342 1851 2616 1907 Θάλατταν
2649 1852 2813 1920 αὐτὴν
2841 1850 2929 1905 καὶ
2960 1855 3222 1923 ποταμῶν
3253 1850 3518 1915 ἀπλέτους
3550 1872 3564 1885 ·

2338 1945 2427 2003 Ὦς
2455 1938 2612 1995 τόνδε
2640 1940 2885 2015 πορθμὸν
2918 1940 3008 1993 τὸν
3033 1939 3140 2012 πρὸ
3168 1945 3267 2008 τῆς
3300 1941 3698 1997 Κωνσταντίνου

2337 2032 2508 2086 Βατὸν
2534 2026 2716 2084 πέλειν
2751 2029 2911 2082 ἅπασι
2942 2032 3057 2089 τοῖς
3088 2027 3391 2101 ᾑρημένοις

2339 2119 2771 2193 Ταλασιουργοῖς
2800 2118 3046 2186 κτήνεσιν
3080 2116 3438 2194 άχθηφόροις,

2339 2207 2442 2264 Καὶ
2476 2213 2631 2261 πᾶσιν
2665 2205 2851 2266 ἁπλῶς
2880 2209 2995 2265 τοῖς
3025 2205 3149 2258 ποσὶ
3183 2204 3568 2279 κεχρημένοις.

2162 2299 2300 2354 1815
2338 2295 2677 2371 Θαλφθέντος
2711 2292 2864 2367 ἀέρος
2897 2290 2954 2347 δὲ
2984 2296 3264 2367 χειμῶνος
3296 2293 3446 2349 λύσει

2335 2381 2719 2451 Ἐπιδιδούσης
2753 2380 2802 2453 ἐξ
2835 2379 2990 2455 ἔαρος
3024 2381 3185 2441 ἀλέας

2333 2474 2406 2528 Τὸ
2437 2468 2815 2544 κρυσταλῶδες
2851 2470 3072 2543 συνεχὲς
3104 2467 3381 2545 διερῥάγη,

2333 2561 2439 2617 Καὶ
2462 2564 2673 2631 πνεῦμα
2705 2554 2936 2633 σφοδρὸν
2967 2560 3230 2629 τμήματα
3258 2562 3365 2612 τῶν
3393 2559 3707 2634 κρυστάλων

2330 2646 2748 2721 Πολυπλέθροις
2776 2648 2963 2717 νήσοις
2993 2667 3050 2700 τε
3074 2645 3163 2699 καὶ
3198 2646 3415 2719 βουνοῖς
3438 2645 3532 2701 ’ίσα

2154 2740 2295 2797 4820
2332 2739 2533 2812 Ἐπῆγε
2561 2736 2724 2810 τείχη
2756 2734 2845 2789 καὶ
2876 2736 3255 2808 προσήρασσον
3287 2732 3472 2803 πόλει,

2331 2832 2377 2881 Κ
2419 2825 2433 2845 ‘
2509 2824 2540 2879 λ
2573 2830 2596 2840 ⁸
3171 2820 3182 2837 ’

2384 2847 2436 2879 αι
2466 2847 2505 2879 π
2549 2844 2694 2878 ειστα
2721 2825 3013 2895 κατήρειψε
3035 2841 3262 2896 τειχεων
3293 2824 3436 2882 τότε.

2328 2919 2505 2969 Ταῦτα
2538 2914 2630 2985 μὲν
2659 2911 2801 2967 οὕτω
2828 2912 3110 2985 συνέκυρσε
3137 2913 3207 2982 τῇ
3232 2909 3391 2966 πόλει

2330 3003 2829 3078 Κοπρωνυμοῦντος
2855 2997 3181 3073 κατέχοντος
3211 3004 3307 3054 τοῦ
3336 3002 3588 3077 κράτους.

3753 319 3835 387 8οκ

398 3122 534 3176 LEO
575 3120 796 3176 FILIUS
838 3118 1254 3175 COPRONYMI
1292 3118 1378 3172 EX
1426 3118 1758 3173 CHAZARA
1789 3116 1907 3172 AN.
1964 3115 2030 3170 V.

2172 3126 2332 3179 lEQN
2387 3125 2432 3178 Ο
2488 3122 2644 3177 ΥΙΟΣ
2701 3120 2921 3175 ΑΓΤΟΥ
2976 3118 3020 3174 Ο
3073 3122 3160 3171 ΕΚ
3200 3122 3530 3175 ΧΑΖΑΡΑΣ
3570 3123 3674 3177 ΕΤ.
3716 3124 3804 3183 Ε’.

469 3217 572 3273 Illo
596 3218 904 3272 claudente
935 3216 1061 3270 sine
1092 3214 1433 3285 pcenitentia
1461 3215 1664 3279 vitam,

394 3307 626 3377 imperii
659 3310 957 3376 sceptrum
990 3304 1147 3358 ﬁlius
1170 3304 1394 3374 excepit
1418 3304 1551 3368 Leo,

390 3412 563 3466 quem
598 3394 855 3448 Chazara
884 3395 1109 3464 peperit
1140 3392 1292 3463 patri
1325 3390 1709 3446 Constantino
1736 3408 1747 3445 :

385 3483 693 3554 improbus
722 3481 833 3547 vir,
866 3482 986 3535 imo
1019 3481 1234 3550 Libyca
1267 3479 1534 3545 quaedam
1569 3478 1784 3545 bellua,

386 3571 572 3625 haeres
605 3568 831 3641 paterni
864 3569 1027 3640 regni
1061 3574 1118 3623 et
1140 3567 1352 3622 furoris
1386 3566 1587 3621 simul.

386 3659 491 3713 Hic
523 3660 631 3713 sub
660 3658 996 3728 primordiis
1029 3673 1092 3711 se
1124 3654 1426 3710 simulavit
1459 3655 1647 3724 pium,

388 3747 637 3801 ferinum
668 3746 969 3816 ingenium
1002 3748 1191 3799 mente
1216 3749 1510 3814 repostum
1542 3741 1760 3798 celans.

390 3835 708 3905 Vulpinam
740 3850 874 3904 ergo
906 3838 1121 3887 vestem
1154 3837 1212 3886 et
1234 3832 1486 3902 speciem
1512 3847 1741 3899 gerens,

390 3923 561 3991 vulgo
594 3922 920 3977 habebatur
951 3922 1139 3976 bonus
1172 3921 1421 3991 piusque
1454 3921 1753 3991 princeps;

394 4010 716 4082 praesertim
750 4010 888 4081 quia
913 4009 1189 4064 muniﬁca
1219 4009 1446 4063 cunctis
1472 4024 1648 4062 manu

396 4098 652 4155 subditis
680 4098 841 4169 large
868 4099 1020 4153 dona
1041 4097 1397 4161 conferebat,

394 4188 507 4243 sibi
540 4188 895 4242 confirmans
927 4186 1088 4257 regni
1120 4185 1572 4239 fundamentum

390 4276 850 4345 diuturnamque
876 4292 908 4329 a
939 4272 1334 4328 benivolentia
1356 4273 1697 4341 potentiam.

389 4365 573 4427 Quare
605 4368 667 4419 ut
695 4363 895 4435 gratiae
920 4362 1253 4432 amorisque
1278 4360 1564 4414 indicium
1599 4361 1855 4415 facerent

388 4450 639 4523 populus
662 4450 838 4506 simul
861 4456 917 4505 et
945 4450 1124 4505 duces
1164 4448 1522 4503 exercituum

388 4544 666 4609 rogarunt
694 4543 759 4594 ut
790 4539 967 4608 hujus
997 4537 1155 4591 ﬁlius
1180 4536 1605 4593 Constantinus

386 4628 828 4700 imperatorium
861 4629 1317 4697 consequeretur
1348 4640 1581 4681 nomen.

387 4719 442 4772 Is
474 4720 667 4772 autem
697 4718 965 4787 precatus
996 4718 1085 4769 est
1116 4718 1179 4767 ut
1200 4713 1601 4783 juratiomnes

385 4805 513 4875 lege
542 4805 835 4861 sancirent
858 4818 928 4857 ne
959 4807 1168 4873 praeter
1189 4820 1249 4857 se
1280 4819 1639 4873 quemquam

386 4898 710 4965 praeterque
742 4892 927 4945 ﬁlium
958 4908 1133 4946 suum
1165 4895 1220 4944 et
1250 4891 1427 4959 hujus
1454 4896 1718 4961 posteros

387 4983 457 5039 ad
491 4980 928 5053 imperatoriam
961 4979 1237 5034 veherent
1268 4979 1652 5050 dignitatem;

387 5086 676 5140 nemoque
708 5069 1053 5140 repugnavit
1082 5068 1336 5123 sermoni
1361 5067 1436 5121 im
1450 5068 1647 5138 probo.

386 5159 499 5213 Lex
521 5174 657 5229 ergo
687 5158 959 5212 conditur
990 5156 1157 5227 plena
1189 5156 1392 5227 iuratis
1427 5155 1717 5211 formulis.

384 5247 532 5301 Tum
565 5246 673 5300 Leo
697 5244 926 5315 pietatis
952 5246 1148 5298 ﬁetam
1189 5244 1472 5313 abjiciens
1505 5241 1782 5313 speciem,

382 5334 633 5389 ferinum
667 5334 929 5389 animum
963 5331 1233 5388 revelavit
1262 5330 1536 5386 omnibus
1570 5349 1581 5385 :

384 5426 708 5494 nactusque
738 5422 961 5493 aliquot
992 5420 1241 5476 cultores
1276 5419 1596 5491 imaginum

382 5513 537 5566 viros
560 5512 837 5578 illustres,
872 5526 1110 5579 corpore
1141 5510 1452 5579 animoque
1488 5508 1732 5575 nobiles,

383 5601 722 5658 xer'uciatos
745 5600 1002 5672 pessime
1034 5598 1277 5654 inclusit
1301 5613 1552 5653 carcere.

2060 4499 2110 4562 D

2331 3218 2408 3274 Οὔ
2438 3237 2538 3292 περ
2567 3213 3029 3288 καταστρέψαντος
3061 3209 3270 3277 ἀσεϐῶς
3303 3213 3418 3288 βίον

2160 3309 2297 3365 1825
2334 3305 2541 3364 Τούτου
2575 3305 2727 3360 Λέων
2755 3307 2885 3365 παῖς
2909 3298 3039 3377 ἔσχε
3068 3303 3167 3371 τὴν
3195 3302 3528 3378 κραταρχίαν

2330 3396 2576 3469 Χαζάρας
2609 3392 2770 3469 ἐκφὺς
2802 3396 2880 3463 τῷ
2910 3390 3072 3466 πατρὶ
3099 3392 3484 3465 Κωνσταντίνῳ
3517 3411 3530 3426 ·

2334 3485 2500 3559 Ἀνήρ
2527 3481 2788 3556 πονηρὸς,
2821 3474 3060 3535 Λιϐυκόν
3089 3501 3141 3534 τι
3176 3480 3388 3553 θηρίον,

2326 3572 2654 3647 Κληροῦχος
2677 3571 2855 3644 ἀρχῆς
2891 3567 2981 3622 καὶ
3006 3569 3259 3642 πατρῴας
3296 3568 3488 3641 μανίας
3518 3588 3531 3603 ·

2326 3663 2418 3722 Ὃς
2448 3663 2664 3734 πρῶτον
2701 3655 2858 3733 ἄρξας
2890 3650 3127 3710 εὐσεϐεῖν
3162 3656 3448 3731 ὑπεκρίθη,

2151 3750 2291 3805 4830
2329 3750 2434 3806 Τὸν
2469 3755 2607 3820 θῆρα
2642 3744 2687 3801 δ’
2722 3744 3020 3819 ὑπέκρυψεν
3048 3742 3198 3800 ἔνδον
3231 3743 3456 3820 καρδίας
3488 3766 3503 3779 ο

2327 3836 2646 3904 Ἀλωπεκῆς
2678 3833 2721 3888 δ’
2757 3830 2959 3907 ἔνδυμα
2986 3834 3075 3888 καὶ
3107 3832 3296 3907 σχῆμα
3326 3835 3503 3912 φέρων

2324 3930 2457 3979 ΙΙᾶσι
2483 3922 2657 3979 δοκῶν
2688 3924 2755 3992 ἧν
2788 3918 3037 3993 εὐσεϐὴς,
3066 3924 3308 3998 χρηστὸς
3334 3922 3573 3998 κράτωρ,

2323 4015 2419 4068 Καὶ
2458 4012 2669 4086 μᾶλλον
2705 4014 2892 4085 οἷσπερ
2927 4009 3219 4087 φιλότιμον
3247 4012 3344 4080 τήν
3377 4012 3513 4087 χέρα

2325 4109 2564 4176 Παρεῖχε
2593 4105 2721 4155 πᾶσι
2755 4096 3000 4172 δαψιλῶς
3034 4098 3322 4169 ὑπηκόοις,

2146 4192 2284 4247 1835
2323 4189 2483 4261 Αύτῷ
2510 4189 2784 4261 κρατύνων
2816 4186 2917 4240 τοῦ
2946 4184 3175 4262 κράτους
3206 4186 3299 4249 τὰς
3322 4185 3615 4263 κρηπῖδας,

2320 4278 2424 4333 Καὶ
2457 4279 2740 4349 μνώμενος
2768 4274 2991 4350 χρόνιον
3024 4272 3205 4330 εὔνουν
3230 4275 3291 4330 τὸ
3321 4278 3519 4349 κράτος
3554 4297 3568 4311 ·

2315 4370 2515 4440 Ὦνπερ
2549 4366 2710 4438 χάριν
2737 4364 2975 4426 τίνοντες
3008 4364 3156 4436 αὐτῷ
3183 4366 3270 4419 καὶ
3305 4365 3487 4440 σχέσιν

2317 4451 2635 4529 Ξύγκλυδες
2667 4454 2779 4525 ἅμα
2810 4452 2899 4507 καὶ
2934 4453 3230 4527 στρατηγοὶ
3258 4452 3553 4528 ταγμάτων

2313 4543 2567 4610 ᾟτοῦντο
2592 4538 2759 4596 παῖδα
2786 4538 2944 4595 τοῦδε
2967 4542 3057 4595 τὸν
3095 4543 3493 4598 Κωνσταντῖνον

2142 4633 2278 4687 1840
2318 4632 2703 4704 Ἀνακτορικῆς
2731 4630 3017 4704 τυγχάνειν
3051 4629 3339 4706 εὐφημίας.

2312 4721 2373 4776 Ὁ
2406 4718 2452 4773 δ’
2483 4716 2748 4793 ἐμπεδοῦν
2782 4718 3013 4779 ἅπαντας
3043 4717 3228 4793 ὅρκοις
3258 4719 3412 4788 ἠξίου

2312 4808 2381 4861 Ἦ
2415 4807 2520 4879 μὴν
2556 4806 2746 4861 ἑαυτοῦ
2778 4805 3041 4881 παρεκτὸς
3072 4805 3163 4859 καὶ
3196 4803 3456 4881 φιλτάτου

2309 4895 2407 4948 Καὶ
2437 4892 2597 4949 τοῦδε
2627 4900 2806 4969 σειρᾶς
2836 4893 2924 4948 καὶ
2958 4894 3146 4968 γένους
3175 4893 3533 4969 κατηγμένων

2310 4980 2456 5050 Μηδ’
2487 4983 2545 5037 ἂν
2580 4984 2792 5037 ἑλέσθαι
2820 4982 3039 5056 κράτορ⁹
3070 4979 3238 5037 ἄλλον
3273 4986 3405 5059 σφᾶς
3436 4980 3585 5043 ὅλως
3621 5000 3635 5015 ο

2134 5071 2275 5127 4845
2314 5071 2417 5127 Καὶ
2446 5076 2549 5133 πᾶς
2581 5092 2663 5133 τις
2698 5070 2803 5139 εἶξε
2828 5074 2946 5131 τοῖς
2978 5070 3318 5143 παρανόμοις
3351 5068 3559 5145 λόγοις.

2306 5162 2465 5224 ’Όοεν
2498 5160 2670 5233 τόμος
2696 5157 2963 5234 γέγραπτο
3000 5159 3191 5231 μεστὸς
3221 5158 3438 5234 ὁρκίων.

2304 5250 2421 5316 Τῆς
2453 5243 2722 5309 εὐσεϐείας
2748 5246 2904 5309 οὗτος
2932 5245 3086 5309 ἐκδὺς
3117 5248 3177 5302 τὸ
3211 5246 3410 5322 δρᾶμα,

2305 5343 2457 5408 Θῆρα
2484 5337 2573 5390 τὸν
2607 5336 2755 5399 ἐντὸς
2783 5335 3094 5410 ἀπογυμνοῖ
3122 5342 3237 5399 τοῖς
3271 5334 3423 5398 ὅλοις
3460 5356 3473 5371 ο

2306 5426 2400 5478 Καί
2431 5445 2579 5485 τινας
2609 5424 2780 5495 εὑρὼν
2811 5424 3185 5499 προσκυνητὰς
3217 5425 3437 5480 εἰκόνων

2125 5512 2266 5571 4850
2303 5510 2537 5586 Ἀνδρας
2563 5511 2798 5585 τιμίους,
2833 5512 3065 5586 εὐγενεῖς
3093 5515 3302 5587 ψυχὴν,
3334 5510 3525 5589 δέμας,

2303 5600 2579 5672 Αἶκίζεται
2610 5602 2835 5657 κάκιστα
2861 5601 2950 5657 καὶ
2976 5601 3330 5676 καθειργνύει.
