4154 6304
462 369 532 424 83
1665 388 2034 444 ΕΡΗΒΕΜΙΙ
2071 390 2102 443 C

2201 389 2637 450 tONOGRAPHl
3776 405 3841 460 84

463 495 588 550 Mos
611 493 739 550 elus
764 498 960 553 autem
991 502 1048 554 et
1077 499 1266 557 Caesar
1292 502 1651 576 Nicephorus

460 579 652 638 lucem
682 584 985 641 oculorum
1016 591 1223 644 merito
1249 591 1593 651 amiserunt.

460 670 573 725 Sed
594 670 1021 730 Constantinus
1057 680 1406 747 procedente
1436 686 1697 754 tempore

464 775 666 814 curam
697 761 1030 832 reipublicae
1062 766 1163 820 uni
1187 768 1299 823 sibi
1328 770 1654 841 vindicans,

466 850 879 906 communione
907 853 1136 924 imperii
1170 860 1415 913 matrem
1446 860 1776 929 submovet,

466 936 649 1007 ﬁtque
677 954 879 1009 reapse
908 946 1142 998 contras
1173 944 1260 999 fas
1292 948 1611 1004 monarcha
1636 965 1650 1006 :

469 1039 599 1093 quae
629 1042 722 1081 res
755 1026 1047 1084 malorum
1081 1034 1301 1088 mundo
1334 1034 1632 1092 cohortem
1664 1039 1886 1110 peperit

469 1113 882 1185 ingratumque
911 1116 1137 1174 facinus
1168 1121 1281 1191 piis
1312 1124 1575 1191 auribus,

474 1202 631 1272 quod
665 1203 932 1272 quamvis
962 1208 1245 1278 tragicam
1276 1210 1415 1267 vicit
1447 1214 1812 1285 tragoediam,

474 1304 756 1360 reumque
784 1291 981 1363 ipsum
1013 1295 1197 1353 oculis
1228 1313 1459 1355 cassum
1491 1302 1671 1358 dedit.

475 1378 644 1433 lrene
672 1379 831 1433 enim
862 1380 1082 1438 doloris
1113 1384 1483 1457 impatientia

475 1468 533 1520 et
558 1465 876 1537 recipiendi
907 1468 1138 1541 imperii
1168 1490 1363 1531 amore
1392 1479 1612 1548 percita

474 1552 710 1608 calicem
740 1554 861 1611 ﬁlio
892 1563 1060 1628 parat
1082 1577 1221 1617 sane
1254 1580 1522 1621 amarum

476 1642 858 1715 mulsumque
888 1645 1099 1703 miscet
1132 1666 1319 1707 morte
1350 1657 1776 1726 temperatum:

480 1738 745 1796 conscios
775 1740 1000 1799 habens
1032 1744 1149 1800 doli
1179 1764 1245 1803 ac
1268 1749 1569 1807 ministros

484 1828 639 1898 quod
666 1830 1013 1887 muneribus
1043 1840 1275 1905 ceperat
1294 1842 1351 1893 et
1379 1840 1684 1909 promissis

483 1916 665 1972 duces
692 1917 1050 1975 exercituum
1070 1927 1129 1977 et
1153 1930 1448 1982 senatores
1472 1945 1486 1996 ;

489 2002 706 2074 quibus
735 2005 937 2076 adjuta
958 2008 1146 2064 ﬁlium
1179 2011 1422 2084 imperio
1449 2016 1649 2086 dejicit

488 2092 658 2163 eique
686 2093 1002 2165 exstinguit
1030 2096 1254 2156 lumina
1282 2103 1602 2161 oculorum.

488 2185 616 2236 Heu
646 2181 790 2253 quid
821 2200 936 2239 non
967 2186 1119 2257 cogis
1149 2188 1438 2263 homines,
1471 2195 1738 2265 ambitio,

490 2268 912 2327 maleﬁciorum
942 2274 1167 2330 socium
1191 2278 1455 2347 praebens
1475 2282 1766 2338 fascinum
1793 2284 1806 2338 ί

487 2362 544 2415 te
575 2358 723 2415 nihil
754 2359 973 2417 habent
1004 2363 1300 2421 daemones
1325 2367 1649 2426 exitiosius.

486 2447 649 2503 Tunc
678 2447 763 2503 sol
799 2451 1025 2505 tantum
1053 2467 1169 2506 non
1199 2454 1500 2513 sustinens
1526 2458 1719 2515 videre
1744 2461 1985 2531 crimen,

488 2535 725 2591 nonnisi
755 2535 1023 2593 hebetem
1046 2538 1236 2597 lucem
1267 2543 1700 2617 obscuramque
1722 2549 1921 2605 emisit

488 2624 732 2694 diesque
753 2624 1021 2681 exhibuit
1050 2629 1323 2685 noctibus
1355 2633 1685 2702 persimiles
1710 2653 1723 2703 ;

490 2724 662 2790 atque
691 2721 773 2776 ita
805 2728 1147 2779 manserunt
1173 2728 1423 2783 tenebrae
1451 2730 1523 2785 ad
1546 2730 1743 2803 plures
1772 2734 1917 2790 dies.

496 2808 592 2864 Sic
622 2823 757 2880 ergo
780 2808 1095 2883 imperium
1119 2830 1326 2872 rursus
1344 2818 1415 2872 ad
1447 2821 1673 2876 Irenem

492 2912 809 2968 rerumque
838 2900 1170 2967 arbitrium,
1204 2908 1363 2959 metu
1394 2912 1635 2977 remoto,
1657 2910 1845 2966 rediit.

493 2984 625 3040 Jam
656 2983 948 3040 Hadriano
978 3005 1127 3060 papa
1157 2990 1351 3046 Romae
1378 2999 1627 3064 mortuo,

495 3073 585 3128 vir
604 3073 953 3130 venerabilis
979 3076 1476 3152 honorandusque
1509 3083 1619 3138 Leo

495 3160 892 3233 pontiﬁcalem
924 3164 1032 3219 rite
1062 3169 1368 3237 occupavit
1399 3170 1636 3240 sedem;

497 3248 589 3305 cui
621 3249 885 3305 seditiosi
906 3250 1207 3322 invidique
1231 3254 1494 3312 homines

496 3336 730 3393 oculum
760 3337 915 3393 haud
946 3338 1243 3397 lethaliter
1270 3342 1672 3416 vulnerarunt,

498 3441 602 3497 spe
623 3442 751 3497 sua,
781 3425 1010 3483 volente
1039 3428 1122 3483 sic
1152 3429 1289 3498 Deo,
1324 3432 1614 3491 frustrati.

500 3515 554 3569 Is
583 3529 716 3569 vero
738 3514 810 3569 ad
841 3529 1037 3586 regem
1063 3520 1414 3574 Francorum
1441 3521 1712 3579 Carolum

502 3601 783 3673 confugit,
812 3603 1108 3674 hujusque
1140 3621 1246 3675 ope
1277 3607 1730 3682 recepitsedem,

504 3690 907 3760 maleﬁcisque
927 3692 1197 3748 meritam
1229 3694 1441 3751 inﬂixit
1463 3713 1712 3768 poenam.

507 3778 695 3841 Quare
722 3778 771 3834 is
801 3779 1070 3835 Carolum
1101 3784 1412 3839 stemmate
1432 3786 1613 3858 regali
1644 3791 1891 3858 ornavit,

508 3882 760 3939 cumque
792 3867 984 3923 Romae
1013 3869 1425 3941 imperatorem
1455 3873 1610 3932 fecit.

509 3956 656 4011 Hinc
677 3960 992 4012 tenuerunt
1018 3961 1262 4015 Romam
1291 3960 1493 4019 Franci
1524 3963 1781 4033 barbari,

515 4053 615 4124 qui
642 4052 1064 4109 Germanorum
1094 4070 1304 4127 genere
1333 4059 1565 4113 oriundi
1595 4066 1783 4128 erant,

517 4142 670 4212 quod
706 4157 797 4198 me
818 4143 1094 4214 superius
1119 4146 1358 4200 memini
1380 4147 1508 4215 jam
1540 4149 1817 4206 scribere.

512 4229 666 4285 Gens
696 4228 817 4284 haec
846 4230 985 4286 olim
1017 4247 1127 4286 sua
1153 4231 1353 4287 relicta
1384 4234 1573 4303 patria

509 4318 656 4373 ﬁnes
688 4317 869 4373 Italiae
891 4319 1167 4389 primitus
1189 4320 1457 4391 ingressa
1485 4326 1594 4389 est,

511 4420 759 4477 eamque
787 4408 970 4463 armis
991 4424 1213 4479 susque
1242 4409 1426 4480 deque
1457 4426 1831 4483 concursans,

510 4494 736 4566 inclytae
768 4496 1091 4566 prasertim
1122 4501 1319 4553 Roma
1351 4498 1598 4555 molesta
1627 4506 1771 4559 erat.

509 4583 616 4638 Sed
650 4583 807 4639 enim
837 4584 1159 4656 imperante
1189 4586 1374 4641 Leone
1397 4587 1652 4644 Isaurico

510 4672 900 4743 haeresimque
930 4674 1178 4742 fovente,
1212 4678 1277 4731 ut
1297 4676 1423 4747 jam
1457 4676 1735 4750 diximus,

508 4766 704 4818 Romae
732 4763 938 4817 veteris
970 4763 1187 4833 primas
1217 4767 1274 4819 et
1295 4766 1565 4831 sacerdos

508 4857 824 4929 Gregorius
854 4858 925 4913 ab
957 4874 1018 4913 se
1038 4859 1255 4930 repulit
1277 4860 1555 4918 divinitus

499 4948 712 5017 jugum
743 4946 974 5017 imperii
1006 4951 1063 5002 et
1092 4964 1320 5003 sacram
1351 4952 1844 5024 communionem,

508 5038 565 5089 et
592 5050 725 5089 cum
748 5039 984 5089 externo
1013 5051 1219 5105 genere
1251 5036 1628 5107 Francorum,

505 5122 725 5178 omisso
757 5122 928 5190 bello,
952 5140 1148 5191 pacem
1180 5125 1487 5197 fmdusque
1510 5126 1657 5182 iniit.

506 5213 761 5282 Denique
792 5213 900 5267 sub
934 5215 1096 5268 lrene
1126 5216 1622 5288 Constantinoque
1653 5220 1908 5291 regibus,

503 5301 658 5357 intra
687 5305 947 5356 Romana
976 5304 1190 5358 moenia
1218 5304 1468 5359 Francos
1501 5305 1628 5372 Leo,
1695 5348 1704 5356 .

504 5390 706 5446 Carolo
737 5396 1034 5457 coronato,
1069 5396 1132 5446 ut
1161 5392 1301 5459 dixi,
1333 5394 1593 5465 excepit;

505 5479 602 5549 qui
636 5479 719 5534 sic
748 5479 927 5535 totius
960 5479 1137 5535 Italiae
1169 5487 1477 5537 evaserunt
1510 5484 1749 5543 domini.

502 5567 742 5623 Carolus
775 5572 907 5638 post
937 5574 1226 5639 receptam
1256 5587 1525 5625 coronam
1558 5574 1771 5644 regiam

498 5658 718 5728 legatos
751 5658 911 5714 misit
942 5660 1012 5714 ad
1046 5660 1266 5715 lrenem
1300 5661 1621 5733 principem

2136 514 2191 579 Α
2397 514 2457 571 Ὁ
2487 514 2733 587 Μωσηλὶ
2759 515 2816 572 δὲ
2843 518 2933 574 καὶ
2965 521 3281 599 Νικηφόρος
3305 529 3506 600 Καῖσαρ

2393 603 2503 670 Τήν
2538 604 2801 676 ὀμμάτων
2832 609 3080 683 πήρωσιν
3112 606 3274 687 ἔσχον
3303 612 3382 675 εἲς
3413 611 3591 687 δίκην.

2393 692 2455 747 Ὁ
2485 698 2882 758 Κωνσταντῖνος
2913 696 3272 772 συμπροϊόντι
3296 702 3482 776 χρόνῳ

2215 778 2355 834 1910
2395 778 2615 855 Θαῤῥῶν
2648 783 2822 856 ἑαυτῷ
2849 786 3178 859 πραγμάτων
3210 789 3307 857 τὴν
3341 790 3614 867 φροντίδα,

2394 868 2693 934 Κοινωνίας
2721 870 2917 929 ἔπαυσε
2944 876 3153 951 μητέρα
3180 879 3427 953 κράτους.

2396 957 2493 1011 Καὶ
2520 957 2791 1015 δείκνυται
2824 963 3125 1038 μόναρχος,
3158 965 3218 1020 οὐ
3244 966 3428 1031 καλῶς
3457 966 3673 1044 δράσας,

2394 1051 2458 1103 Ὃ
2489 1055 2769 1123 συμφθρᾶς
2798 1049 2989 1124 ἤνεγκε
3015 1057 3095 1124 τῷ
3129 1052 3232 1127 βίῳ
3267 1054 3455 1130 βάρος,

2396 1134 2497 1190 Καὶ
2525 1133 2705 1211 δρᾶμα
2732 1139 2923 1214 πικρὸν
2949 1139 3135 1203 ἀκοαῖς
3166 1141 3517 1218 εὐγνωμόνων

2218 1224 2359 1280 1915
2396 1229 2573 1279 Πᾶσαν
2595 1228 2853 1301 τραγικὴν
2881 1227 3105 1284 έκνικῶν
3139 1229 3471 1307 τραγῳδίαν,

2396 1313 2559 1383 Αὐτῷ
2584 1310 2641 1367 δὲ
2659 1319 2738 1382 τῷ
2766 1312 3016 1388 δράσαντι
3050 1320 3229 1393 φωτὸς
3264 1320 3461 1393 ζημίαν
3497 1339 3510 1354 ο

2397 1398 2543 1481 ᾼῦτη
2579 1402 2682 1481 γᾲρ
2711 1402 2771 1481 ού
2804 1404 3040 1481 φέρουσα
3068 1408 3254 1481 πράως
3281 1409 3380 1477 τήν
3412 1408 3591 1481 λύπην

2397 1468 2706 1547 Φιλαρχίας
2735 1468 2895 1547 ἔρωτί
2926 1477 3017 1530 καὶ
3045 1468 3277 1551 κράτους
3305 1468 3511 1556 σίχέσει,

2398 1557 2559 1613 Παιδὶ
2591 1561 2789 1638 σκύφον
2824 1564 3043 1637 κίρνησι
3077 1566 3269 1638 μεστὸν
3301 1568 3520 1643 πικρίας

2225 1656 2360 1710 1920
2399 1654 2503 1711 Καὶ
2531 1661 2776 1711 κυκεῶνα
2807 1658 3033 1722 θανάτου
3062 1660 3474 1736 πεπλησμένον,

2397 1740 2729 1819 Συνίστορας
2759 1742 2962 1820 ἔχουσα
2987 1747 3077 1803 καὶ
3109 1748 3295 1825 ῥέκτας
3328 1748 3496 1807 δόλου

2151 1872 2200 1938 Β
2404 1829 2513 1935 Οὓς
2548 1829 2775 1906 δωρεαῖς
2806 1832 3011 1892 ἔπεισεν
3044 1833 3236 1913 ἁϐραῖς
3260 1839 3359 1938 καὶ,
3383 1838 3568 1938 λόγοις

2406 1918 2548 1983 Τοὺς
2575 1924 2966 1999 ταγματάρχας
2990 1932 3241 1999 στρατιᾶς
3267 1927 3393 1990 τούς
3420 1930 3469 1984 τ’
3498 1929 3549 1985 ἐν
3580 1929 3750 2004 τέλει⁹

2410 2009 2488 2060 Δι’
2519 2009 2593 2061 ὧν
2622 2009 2848 2086 συνέσχε
2875 2011 3119 2068 καθελὼν
3150 2012 3306 2070 τόνδε
3333 2015 3583 2091 κράτους,

2230 2095 2370 2153 4925
2408 2098 2506 2152 Καὶ
2538 2100 2717 2169 φωτὸς
2744 2101 3069 2173 ἠμαύρωσεν
3099 2103 3264 2159 αὐτοῦ
3290 2104 3384 2169 τὰς
3410 2106 3574 2181 κόρας
3600 2124 3629 2173 9

2412 2189 2519 2239 Φεῦ
2550 2189 2638 2240 οἷα
2665 2193 2840 2249 ποιεῖς
2868 2189 2957 2244 καὶ
2984 2192 3245 2265 τυρεύεις,
3277 2195 3321 2248 ὧ
3352 2194 3530 2269 φθόνε,

2410 2272 2655 2349 Τελχῖνα
2686 2277 2957 2352 συνέριθον
2986 2278 3174 2354 αὐχῶν
3204 2284 3417 2356 κακίας,

2411 2362 2479 2418 Ἣ
2514 2359 2785 2436 δαιμόνων
2816 2367 3068 2422 κάκιστον
3101 2367 3585 2443 ἀνθρωποκτόνονί

2412 2450 2721 2521 Τόθ’ἥλιος
2754 2457 2867 2531 φῶς
2903 2457 2978 2527 μὴ
3013 2455 3186 2532 φέρων
3223 2457 3441 2533 βλέπειν
3478 2460 3668 2535 μύσος,

2241 2550 2377 2605 1930
2415 2548 2688 2625 Ἀμυδρὸν
2722 2550 2989 2624 ἐξέλαμπε
3019 2554 3109 2608 καὶ
3144 2549 3473 2629 βεϐυσμένον

2412 2636 2518 2699 Τὰς
2541 2638 2749 2713 ἡμέρας
2779 2635 2917 2713 δρῶν
2944 2640 3058 2711 νυξὶ
3086 2645 3540 2718 παρεικασμένας,

2419 2725 2519 2781 Καὶ
2548 2728 2708 2780 τοῦτο
2739 2725 2965 2783 πολλῶν
2999 2731 3222 2804 ἡμερῶν
3254 2733 3571 2805 παρατάσει.

2414 2813 2571 2870 Οὕτω
2605 2814 2701 2885 μὲν
2732 2813 2882 2879 αὖθις
2908 2816 3116 2891 Εἷρήνη
3147 2820 3477 2895 κραταρχίαν

2415 2903 2516 2958 Καὶ
2550 2901 2881 2977 πραγμάτων
2911 2904 3164 2979 πρόνοιαν
3197 2906 3351 2983 ἔσχεν
3383 2905 3600 2987 ἀφόϐως
3635 2932 3648 2947 ·

2241 2992 2379 3048 1935
2414 2992 2526 3045 Τοῦ
2554 2987 2599 3043 δ’
2628 2987 2913 3063 Ἀδριανοῦ
2938 2995 3088 3047 πάπα
3118 2995 3369 3058 θανόντος
3400 2999 3641 3073 Ῥώμης,

2413 3075 2635 3140 Αἰδοῖος
2664 3077 2797 3155 ἀνὴρ
2828 3080 2917 3134 καὶ
2947 3076 3239 3156 σεϐάσμιος
3267 3084 3415 3140 Λέων

2416 3164 2711 3228 Προεδρίαν
2744 3165 2935 3228 εἷ’ληφε
2958 3170 3157 3228 ταύτης
3187 3171 3427 3228 ἐννόμως
3462 3193 3476 3208 ο

2416 3186 2711 3242 ιιροεοριαν
2744 3186 2935 3245 εϊΛηφε
2958 3186 3157 3241 ταύτης
3187 3186 3427 3247 ἐννόμως
3462 3193 3476 3208 °

2160 3216 2204 3282 Β
2413 3256 2508 3312 "Ov
2542 3259 2850 3312 στασιασταὶ
2876 3253 3239 3324 συλλαϐόντες
3264 3261 3323 3316 ἐκ
3353 3261 3549 3336 φθόνου

2413 3345 2608 3416 ’Όμμα
2636 3344 2682 3396 τ’
2711 3340 3062 3415 ἐλωϐήσαντο
3084 3346 3230 3402 τοῦδ’
3262 3349 3360 3405 οὐκ
3389 3351 3464 3413 εἷς
3501 3352 3665 3426 βάθος

2240 3432 2379 3489 1940
2419 3433 2738 3509 Σφήλαντος
2766 3431 2952 3497 αὐτοῖς
2978 3439 3075 3489 τοῦ
3106 3441 3237 3492 Θεοῦ
3266 3438 3358 3501 τὰς
3384 3437 3628 3503 ἐλπίδας.

2416 3522 2573 3577 ’Ὁθεν
2605 3519 2871 3596 Καρούλῳ
2900 3525 3195 3599 προσφυεῖς
3226 3525 3355 3602 ρηγὶ
3387 3527 3672 3605 Φράγγων,

2418 3608 2628 3664 Τούτου
2651 3609 2894 3683 συνάρσει
2927 3606 3196 3683 λαμϐάνει
3225 3613 3388 3669 πάλιν
3416 3617 3629 3692 θρόνον,

2419 3695 2524 3751 Καὶ
2553 3695 2680 3758 τοὺς
2712 3692 2964 3771 ὑϐριστὰς
2993 3698 3347 3775 ἀνταμύνεται
3380 3701 3501 3779 δίκῃ
3523 3724 3537 3739 θ

2419 3786 2517 3841 Ὃν
2546 3784 2634 3839 καὶ
2668 3783 2841 3840 διειδεῖ
2864 3786 3122 3863 βασιλικῇ
3147 3790 3346 3862 ταινίᾳ,

2249 3884 2387 3939 1945
2424 3882 2819 3958 Ἀναγορεύσας
2847 3886 3217 3960 αὐτοκράτερα
3245 3889 3466 3961 Ῥώμης
3499 3908 3512 3925 ·

2424 3972 2544 4048 Ἀφ’
2575 3972 2636 4026 οὗ
2664 3974 2925 4048 κατέσχον
2954 3971 3218 4050 βάρϐαροι
3250 3976 3492 4052 Φράγγοι
3518 3980 3759 4054 Ῥώμην,

2426 4062 2519 4117 Ἐκ
2548 4067 2836 4137 Γερμανῶν
2867 4060 3117 4127 ἕλκοντες
3149 4063 3345 4121 ἄνωθεν
3379 4069 3559 4142 γένος,

2439 4154 2524 4211 Ὠς
2554 4150 2742 4205 ἀνόπιν
2770 4149 2955 4225 ε’ίρητο
2986 4153 3352 4229 συγγράφοντί
3385 4177 3500 4229 μοι.

2428 4238 2661 4302 Ἰταλίας
2694 4240 2786 4313 μὶν
2814 4246 2930 4302 τοῖς
2966 4239 3115 4316 ὅροις
3146 4241 3432 4318 εἷσεφθάρη

2256 4329 2391 4383 1950
2430 4331 2654 4401 Πρῶτον
2685 4325 2836 4402 γένος
2863 4334 3008 4406 σφῶν
3033 4328 3259 4386 ἐκλιπὸν
3287 4333 3385 4402 τήν
3419 4331 3674 4409 πατρίδα,

2432 4416 2533 4471 Καὶ
2556 4417 2651 4485 τὴν
2688 4415 2910 4471 Ἰταλῶν
2942 4423 3058 4483 τοῖς
3088 4417 3282 4483 ὅπλοις
3310 4422 3665 4498 κατατρέχον,

2429 4503 2647 4577 Ῥώμην
2686 4507 3084 4579 μεγαΛώνυμον
3112 4506 3241 4578 ἠνία
3270 4508 3462 4568 πλέον.

2430 4594 2541 4648 Τοῦ
2573 4589 2617 4646 δ’
2648 4592 2889 4668 Ἰσαύρου
2921 4596 3149 4659 Λέοντος
3179 4593 3443 4672 ἄρχοντος
3475 4600 3704 4674 κράτους

2434 4680 2533 4735 Καὶ
2567 4676 2972 4752 δυσσεϐοῦντος,
3005 4683 3079 4746 ὡς
3110 4678 3212 4762 ἔφη
3238 4686 3440 4762 φθάσας
3473 4684 3657 4762 λόγος,

2256 4778 2392 4834 1955
2428 4777 2649 4850 Ῥώμης
2678 4776 2914 4842 παλαιᾶς
2944 4779 2970 4829 ἓ.
2999 4777 3265 4857 πρόεδρος
3294 4781 3384 4836 καὶ
3415 4781 3578 4853 θύτης

2428 4866 2838 4937 Ἀποστατησας
2866 4868 3167 4944 Γρηγόριος
3200 4869 3394 4933 ένΟέως

2427 4962 2599 5032 Ζυγοῦ
2621 4979 2679 5013 τε
2707 4957 2935 5031 κράτους
2968 4958 3117 5030 ἱερας
3144 4958 3431 5022 κοινωνίας

2428 5046 2659 5115 Ἕξωθεν
2694 5048 2805 5101 ὅντι
2839 5042 3118 5101 σπένδεται
3150 5048 3417 5124 Φράγγων
3448 5048 3605 5122 γένει,

2426 5134 2531 5188 Καὶ
2560 5136 2660 5202 τὴν
2691 5136 2828 5208 πρὸς
2860 5132 3054 5196 αὐτοὺς
3082 5134 3435 5210 συγκαταλύει
3474 5138 3680 5212 μάχην.

2252 5226 2387 5279 1960
2424 5224 2544 5278 Ἐπὶ
2583 5221 2627 5276 δ’
2660 5222 2896 5277 ἀνάκτων
2930 5223 3162 5298 Εἰρήνης
3196 5225 3600 5280 Κωνσταντίνου

2424 5311 2644 5382 Ῥώμης
2674 5309 2817 5366 Λέων
2845 5307 3086 5375 ἔντοσθεν
3119 5312 3314 5375 αὐτοὺς
3346 5312 3545 5389 εἰσάγει

2428 5399 2524 5453 Καὶ
2553 5404 2754 5451 ταινιοῖ
2783 5398 3083 5473 Κάρουλον,
3118 5401 3191 5462 ὡς
3219 5398 3351 5478 ἔφην
3386 5398 3512 5474 ἅνω,

2424 5486 2716 5543 Κάντεῦθεν
2743 5488 2906 5563 ἧρξαν
2938 5496 3036 5558 τῆς
3066 5488 3202 5559 ὅλης
3235 5488 3490 5551 Ἰταλίας.

2421 5575 2695 5652 Κάρουλος
2725 5578 2879 5638 οὗτος
2909 5577 3149 5649 ἀξιωθεὶς
3180 5583 3273 5631 τοῦ
3305 5579 3529 5655 στέφους

2246 5667 2383 5725 1965
2421 5664 2669 5721 Ἔστειλε
2689 5661 2939 5741 πρέσϐεις
2971 5668 3106 5741 πρὸς
3128 5672 3427 5741 κρατοῦσαν
3456 5667 3694 5745 Εἰρήνην

2179 4570 2223 4635 D
