4154 6304
370 319 441 372 85
1116 358 1119 359 ν
1883 315 2240 369 ΟΕΒΔΒΕΒ.
3684 316 3753 371 86

538 442 756 516 Γάμους
787 444 965 515 δαυτῷ
1001 444 1280 516 μνώμενος
1316 437 1626 516 βασιλίδος,
2029 439 2085 507 Α
2114 440 2178 492 ut

2029 439 2085 507 Α
2114 440 2179 492 ut
2208 436 2321 493 sibi
2350 435 2686 492 conciliaret
2716 436 2977 507 ejusdem
3011 436 3268 508 nuptias,

536 531 636 585 Καὶ
666 529 798 605 τῇδε
826 531 995 607 τυχὸν
1026 526 1336 604 στερκτέους
1367 526 1697 605 πεφηνότας.
2105 541 2176 597 qu

1579 546 1697 587 τας.
2105 541 2236 597 quae
2266 540 2357 580 res
2386 525 2511 595 ipse
2543 525 2755 595 reginae
2786 525 2951 579 valde
2984 526 3219 596 placuit.

535 618 636 673 Καὶ
665 620 793 693 τάχ’
826 617 886 673 ἄν
915 622 1014 687 ἧκε
1043 620 1181 695 πρὸς
1209 620 1374 693 πέρας
1400 616 1467 671 τὰ
1489 619 1596 670 τῶν
1628 614 1846 689 γάμων,
2104 615 2173 669 Et

2104 615 2173 669 Et
2202 614 2419 684 nuptiae
2451 614 2685 684 quidem
2718 614 2964 670 fortasse
2995 616 3327 685 peragenda:
3359 622 3547 687 erant,

533 707 603 763 Εἴ
635 708 713 779 μὴ
750 705 887 782 μέγα
905 727 989 770 τις
1018 706 1069 761 ἒν
1106 704 1405 782 βασιλείοις
1434 700 1651 757 σπάδων
2104 702 2173 756 ni:

1545 700 1651 757 δων
2104 702 2217 756 nisi
2250 702 2309 756 in
2343 700 2477 756 aula
2505 702 2682 771 regali
2712 703 2891 774 spado
2921 703 3184 774 quidam,

360 797 507 853 1970
542 798 611 849 Ὦ
637 793 836 859 κλῆσις
865 793 1070 856 Ἀίτιος
1101 794 1308 869 ἰσχύων
1339 794 1483 863 τότε,

2103 791 2341 845 nomine
2368 790 2592 858 Aetius,
2625 795 2764 845 tunc
2794 792 3086 863 praecipue
3115 798 3441 865 praepotens

542 880 723 952 Κῆδος
755 883 818 937 τὸ
844 884 982 957 πρὸς
1010 882 1287 955 Κάρουλον
1320 880 1509 956 ἴσχυσε
1538 875 1743 949 σϐἐσαι,
2102 879 2182 934 afl

1491 902 1509 935 ε
1538 875 1743 949 σϐἐσαι,
2102 878 2448 934 affinitatem
2479 878 2669 935 Caroli
2702 879 3131 950 impedivisset,

539 971 719 1027 Πάντα
746 972 975 1040 κινήσας
1006 970 1184 1038 λίθον,
1216 972 1289 1031 ὡς
1322 970 1614 1043 παροιμία,
2101 984 2179 1023 on

2101 984 2358 1036 omnem,
2391 971 2454 1022 ut
2484 974 2572 1023 est
2603 969 2661 1023 in
2693 969 3016 1040 proverbio,
3051 986 3289 1027 movens
3321 972 3608 1044 lapidem;

536 1063 630 1130 Τῷ
659 1063 969 1133 παρενεῖραι
1000 1061 1069 1130 τῇ
1102 1056 1411 1131 κραταρχίᾳ
1442 1056 1616 1119 θέλειν
2100 1073 2171 1113 ne

2100 1073 2309 1129 nempe
2338 1061 2403 1113 ut
2429 1057 2614 1112 tutius
2646 1058 2893 1113 Leonem
2926 1058 3166 1115 fratrem
3196 1076 3393 1129 suum,

544 1144 751 1201 Αέοντα
776 1146 1097 1220 κασίγνητον
1122 1143 1336 1200 ἄνευθεν
1372 1140 1566 1222 φόϐου.
2098 1161 2184 1216 ᾳιιι

2098 1146 2251 1216 quod
2282 1145 2392 1202 sibi
2424 1150 2547 1201 erat
2576 1146 2635 1201 in
2664 1146 2835 1216 votis,
2870 1147 3114 1219 imperio
3144 1150 3500 1209 obtruderet.

365 1323 779 1380 ΝΙΚΗΦΟΡΟΣ
820 1324 865 1379 o
899 1324 1201 1398 rENIKoz
1242 1324 1369 1398 _(33)
1429 1324 1541 1379 ET.
1611 1328 1672 1378 ο.
1741 1320 1991 1378 ETEPOI

2166 1324 2614 1398 NICEPHORUS
2654 1325 3050 1398 canamus
3090 1331 3208 1387 AN.
3250 1330 3341 1398 1x,
3383 1332 3519 1387 vss
3570 1332 3661 1389 UT

1072 1397 1156 1450 ΔΕ
1195 1395 1271 1449 H‘.
1352 1395 1355 1396 ⁷
2534 1397 2677 1451 ALII
2719 1396 2953 1463 AIUN'I‘,
2996 1403 3107 1454 AN.
3150 1400 3289 1456 VIII.

354 1536 491 1593 1075
525 1535 681 1593 Ὅθεν
709 1532 927 1610 βασιλὶς
956 1540 1079 1598 τοῖς
1109 1534 1265 1598 ὅλοις
1298 1536 1601 1609 μισουμένη

2166 1540 2311 1609 Ergo
2340 1539 2541 1609 regina
2572 1540 2735 1595 Irene
2765 1539 2953 1595 invisa
2984 1540 3258 1597 omnibus

522 1625 862 1680 Ἔκπετωσιν
894 1623 1151 1696 ὑπέμεινε
1182 1631 1275 1693 τῆς
1311 1622 1633 1698 μοναρχίας.
2095 1644 2162 1683 an

1542 1622 1633 1684 ἷας.
2095 1628 2472 1683 amissionem
2506 1628 2736 1699 imperii
2768 1644 3045 1699 perpessa
3075 1633 3182 1699 est,

522 1710 744 1767 ’Ἃλλου
769 1714 1276 1789 παρεισφρήσαντος
1308 1712 1443 1785 αύτῇ
1467 1711 1556 1766 σὺν
1591 1708 1743 1783 δόλῳ
2017 1784 2054 1789 _
2093 1715 2162 1771 ali

1668 1711 1743 1783 λῳ
2017 1784 2054 1789 _
2093 1715 2205 1771 alio
2232 1732 2333 1786 per
2363 1716 2627 1771 fraudem
2662 1722 2983 1787 occupante
3012 1723 3308 1789 sceptrum

520 1802 631 1855 Τοῦ
664 1784 957 1874 λογοθὲτου
980 1784 1206 1873 γενικοῦ
1235 1806 1282 1855 Ν
1290 1784 1574 1875 ικηφόρου,
2013 1784 2063 1851 Β
2092 1820 2160 1875 ge

2013 1784 2063 1851 Β
2092 1784 2347 1875 generali
2379 1819 2585 1875 nempe
2610 1784 2900 1875 legotheta
2929 1784 3285 1877 Nicephoro;

522 1884 751 1961 Ἀνδρὸς
782 1890 981 1962 μιαροῦ
1009 1888 1310 1958 κακοήθους
1338 1886 1466 1949 τοὺς
1493 1888 1751 1962 τρόπους.
2090 1892 2162 1946 vi!

1664 1908 1751 1949 υς.
2090 1892 2210 1948 viro
2241 1893 2511 1960 nefando,
2547 1893 2786 1964 praedito
2820 1892 2990 1948 malis
3021 1895 3304 1962 moribus,

350 1977 487 2033 1980
525 1974 1008 2050 Έρασιχρημάτου
1035 1996 1095 2030 τε
1123 1976 1209 2030 καὶ
1243 1975 1601 2051 φιλαργύρου,

2092 1981 2347 2051 pecuniae
2379 1981 2609 2052 cupido,
2646 1985 2822 2051 atque
2852 1998 3029 2053 opum
3062 1985 3306 2054 amasio,

522 2063 711 2132 Ηάσης
740 2064 968 2135 ταμείου
996 2064 1184 2125 κακίας
1216 2062 1523 2134 ἀπληστίας
2092 2084 2162 2123 0n

1483 2085 1523 2126 ις
2092 2067 2251 2124 omni
2284 2067 2506 2123 malitia
2536 2068 2726 2139 pleno,
2761 2070 3123 2138 avarissimo,

521 2153 812 2228 Ἔφορκον,
838 2146 1087 2207 ἀϐέϐαιον
1122 2151 1424 2227 αύχοῦντος
1453 2154 1679 2228 τρόπον.
2091 2156 2161 2210 in:

2091 2155 2354 2211 instabili
2384 2156 2736 2227 perjuroque
2765 2161 2823 2212 et
2854 2162 3047 2213 mente
3076 2164 3133 2215 et
3163 2160 3383 2233 lingua.

520 2240 692 2301 Οὗτος
718 2240 900 2312 τεμὼν
932 2241 1091 2314 ’ὀρκια
1118 2244 1188 2314 τῇ
1220 2238 1464 2315 βασιλίδι
2092 2244 2160 2299 Ηί

1373 2238 1464 2296 ιίὸι
2092 2244 2197 2300 Ηίο
2227 2244 2484 2317 obligata
2512 2244 2869 2316 imperatrici
2902 2246 3013 2302 ﬁde

523 2326 699 2397 Δῆλον
726 2328 934 2403 τιθείσῃ
958 2331 1265 2404 χρημάτων
1299 2329 1629 2406 ἆποκρύφων
2095 2347 2163 2403 op

1432 2329 1629 2406 ιρύφων
2095 2346 2235 2403 opes
2264 2332 2597 2387 reconditas
2630 2333 2742 2387 sibi
2775 2333 3072 2403 revelanti,

360 2418 497 2473 1985
534 2416 810 2493 Θησαυρὸν
838 2412 1003 2490 ἀϐρὸν
1033 2415 1168 2491 τῇδε
1198 2438 1303 2472 που
1333 2418 1740 2493 κεκρυμμᾶνων,

1707 2438 1740 2488 ρ,
2092 2418 2436 2473 thesaurum
2467 2420 2749 2489 grandem
2784 2437 2958 2491 quem
2991 2429 3347 2493 seposuerat,

530 2506 730 2579 ’Δχαρι
764 2502 931 2578 μηδὲν
965 2503 1236 2578 μηδαμῶς
1266 2506 1613 2561 πεπονθέναι·
2095 2506 2170 2562 nil

1530 2524 1613 2560 m-
2095 2505 2241 2562 nihil
2274 2505 2583 2562 molestum
2617 2508 2735 2563 fore
2765 2512 3170 2580 experturam;

524 2591 783 2669 Ἐπείπῦρ
817 2591 1087 2667 ὑπέδειξεν
1115 2592 1262 2666 αύτῷ
1295 2594 1481 2668 μυρία,
2095 2612 2164 2666 p0

2095 2600 2404 2666 postquam
2436 2594 2537 2650 illa
2567 2596 2827 2651 ostendit
2856 2596 2983 2652 auri
3014 2614 3305 2667 acervum,

524 2681 619 2744 Εἲς
650 2688 814 2751 νῆσον
848 2682 1118 2757 ἐξόριστον
1161 2682 1425 2755 ἰκπέμπει
1462 2682 1553 2757 βίᾳ
2095 2699 2164 2754 pr

2095 2683 2365 2754 protinus
2389 2684 2647 2738 exsulem
2680 2685 2903 2755 pepulit
2932 2686 2989 2741 in
3025 2688 3277 2743 insulam

534 2770 747 2827 Ἑπωνυ
756 2768 879 2842 μίαν
912 2770 1218 2845 Ιιριγκίπου
1247 2791 1408 2841 κεκτη
1420 2772 1605 2842 μένην.
2095 2787 2168 2841 qu

2095 2787 2270 2841 quam
2300 2770 2470 2841 vulgo
2502 2772 2739 2826 nomine
2768 2773 3084 2844 indigitant
3113 2776 3395 2847 Principis
3431 2796 3443 2833 :

358 2858 493 2913 1990
541 2858 671 2913 Εἶτα
705 2855 1049 2929 μετατίθησιν
1079 2857 1157 2919 είς
1185 2864 1350 2927 νῆσον
1384 2855 1605 2916 Δὲσϐον.

2094 2857 2231 2914 inde
2256 2860 2327 2915 ad
2360 2857 2534 2913 aliam
2566 2859 2822 2915 insulam
2857 2861 3107 2917 Lesbum
3142 2866 3462 2932 transtulit,

530 2946 743 3021 Ὀρκων
777 2947 968 3001 ἑαυτοῦ
1002 2944 1204 3019 μηδὲνα
1230 2947 1397 3010 τιθεὶς
1428 2946 1611 3022 λόγον·
2097 2964 2170 3002 nu

1508 2966 1611 3022 γον·
2097 2946 2260 3002 nulla
2290 2948 2640 3002 sacramenti
2674 2948 2898 3004 ratione
2930 2949 3148 3019 habita,

529 3035 694 3098 Ἔνθα
718 3034 958 3107 περαίνει
987 3035 1078 3088 τὸν
1112 3032 1314 3110 δρόμον
1345 3035 1540 3089 τούτου
1574 3036 1715 3111 βίου.
2096 3036 2169 3090 ub

1521 3058 1540 3089 ›
1574 3036 1715 3111 βίου.
2096 3036 2196 3090 ubi
2227 3034 2328 3091 illa
2356 3035 2483 3090 vitae
2516 3052 2632 3091 suae
2664 3052 2900 3092 cursum
2934 3038 3161 3095 clausit.

525 3122 880 3196 Ιίανσπερμία
911 3120 958 3177 δ’
989 3118 1063 3177 ὥν
1091 3120 1442 3187 παντοδαπῆς
1466 3125 1654 3187 κακίας
2016 3139 2059 3206 C
2098 3124 2160 3196 Ip

2016 3139 2059 3206 ρ
2098 3124 2228 3196 Ipse
2258 3128 2563 3179 concretus
2591 3126 2764 3181 homo
2796 3126 3022 3183 malitia
3052 3130 3365 3204 omnigena

528 3210 860 3281 Ἀπληστίας
884 3211 1123 3284 μάλιστα
1140 3218 1241 3281 τῆς
1274 3210 1522 3286 ὀλεθρίας
2094 3230 2168 3269 884

1464 3233 1522 3274 ας
2094 3214 2197 3269 sed
2232 3212 2473 3267 avaritia
2501 3213 2559 3267 in
2594 3214 2799 3283 primis
2832 3217 3104 3287 pestifera

349 3299 495 3356 1995
531 3302 717 3353 Κακῶν
756 3298 989 3373 ὑπῆρξεν
1017 3300 1242 3373 εὑρετὴς
1270 3299 1644 3373 τελεσμάτων,

2096 3317 2378 3357 novorum
2408 3301 2766 3357 tributorum
2800 3304 3065 3363 inventor
3093 3310 3332 3377 exstitit,

522 3386 1123 3463 Καπνικαλληλὲγγυον
1158 3386 1437 3463 εἴσπρασιν
1478 3389 1632 3453 νόθον
2096 3407 2161 3446 ve

1574 3409 1632 3443 ov
2096 3390 2253 3446 velut
2283 3388 2599 3460 illegitimm
2628 3391 2881 3463 capnicaa
2912 3396 3212 3465 pensionis

520 3477 744 3545 Ἐπινοή
753 3496 845 3538 σας
876 3470 1165 3551 συντριϐὴν
1202 3476 1489 3546 ὑπηκόοις.
2097 3494 2160 3533 ex

2097 3478 2439 3549 excogitatio
2472 3478 2724 3535 subditis
2751 3480 3198 3539 molestissimze.

525 3562 624 3620 Καὶ
663 3567 823 3619 τοῦτο
855 3562 1054 3639 δεῖγμα
1079 3567 1179 3633 τῆς
1214 3566 1405 3620 ἑαυτοῦ
1434 3566 1623 3629 κακίας
2098 3574 2165 3636 Ag

2098 3574 2216 3636 Age
2238 3566 2363 3635 jam
2390 3567 2677 3637 proferam
2710 3569 3103 3641 improbitatis
3134 3575 3451 3645 specimen,

460 3652 463 3653 ⁷
527 3651 615 3714 Ὠς
648 3650 881 3707 ἐκπλὶου
910 3653 1124 3727 γὲνοιτο
1153 3657 1327 3728 γεῦμα
1354 3658 1454 3708 τοῦ
1476 3653 1657 3718 πίθου.

1476 3653 1657 3718 πίθου.
2101 3658 2166 3709 ut
2194 3656 2354 3724 gutta
2384 3654 2562 3709 totius
2593 3654 2730 3709 dolii
2762 3664 2972 3727 gustus
3003 3659 3095 3715 sit.

351 3742 503 3797 2000
539 3740 701 3815 Ἀνὴρ
735 3739 1159 3817 παλιγκάπηλος
1187 3742 1403 3815 ἀφνειὸς
1433 3744 1568 3797 πάνυ

1546 3765 1568 3796 ο
2100 3742 2201 3797 Vir
2232 3741 2618 3797 dardanarius
2649 3747 2704 3797 et
2735 3746 2998 3816 apprime
3028 3749 3186 3805 dives

536 3829 678 3905 Πρὸς
704 3827 863 3884 τοῦδε
893 3829 1139 3901 κληθεὶς,
1170 3826 1473 3898 ἐκϐιάζεται
1507 3829 1683 3904 λέγειν
2104 3849 2137 3887 a
2167 3850 2176 3887 1

1468 3872 1473 3883 .
1507 3829 1683 3904 λέγειν
2104 3849 2137 3887 a
2167 3847 2300 3903 rege
2330 3831 2651 3886 accersitus
2684 3833 2845 3887 effari
2878 3836 3108 3907 cogitur

544 3916 801 3991 Ἀριθμὸν
843 3918 992 3989 αὐτῷ
1020 3922 1117 3972 τοῦ
1146 3917 1446 3991 προσόντος
1479 3918 1728 3992 χρυσίου.
2104 3938 2181 3991 qu

1679 3940 1728 3974 υ.
2104 3925 2383 3991 quantam
2415 3920 2539 3976 auri
2573 3919 2688 3975 vim
2722 3926 2973 3991 gestaret
2999 3924 3059 3979 in
3090 3925 3315 3984 loculis.

540 4007 645 4060 Καὶ
676 4006 914 4083 φάμενον
938 4005 1054 4075 τὸν,
1087 4006 1186 4061 ούκ
1214 4004 1497 4077 ἀληθεύειν
1533 4005 1712 4084 φάναι.
2106 4012 2161 4065 Is

1555 4005 1712 4062 ›άναι.
2106 4012 2161 4065 Is
2192 4008 2364 4075 dicit;
2400 4025 2494 4063 rex
2523 4024 2720 4063 verum
2753 4010 2972 4066 dixisse
3003 4020 3195 4085 negat.

540 4095 734 4151 Τοίνυν
767 4094 971 4158 ἐπιθεὶς
1001 4096 1101 4164 σὴν
1130 4094 1342 4173 κεφαλῇ
1380 4116 1483 4168 μου
1512 4096 1649 4170 χὲρα
2105 4099 2180 4154 PU

2105 4099 2281 4154 Porro
2314 4101 2496 4164 tuam,
2529 4097 2740 4167 inquit,
2773 4100 2946 4171 capiti
2980 4117 3107 4157 meo
3135 4120 3374 4161 manum

364 4183 505 4239 2005
540 4184 765 4255 Ὂμνυε,
797 4182 952 4260 φησὶ,
982 4184 1118 4239 κατά
1140 4183 1340 4254 ταύτης
1375 4184 1452 4246 εἰς
1482 4183 1633 4239 τόσα.

2106 4185 2597 4257 imponens,jura
2628 4202 2729 4257 per
2758 4187 2908 4243 hanc
2938 4196 3218 4260 quantum
3251 4194 3487 4265 habeas,

544 4272 602 4327 Ὀ
630 4268 675 4325 δ’
705 4269 832 4345 ἔδρα
861 4270 1088 4347 βληθεὶς
1118 4270 1295 4343 δειλίᾳ
1322 4275 1421 4342 τὴν
1450 4270 1696 4344 καρδίαν,
2109 4278 2161 4330 Is

1623 4295 1696 4343 ιν,
2109 4278 2161 4330 Is
2194 4274 2407 4345 paruit,
2442 4273 2707 4329 animum
2741 4275 3037 4346 quatiente
3071 4286 3263 4350 metu;

543 4360 723 4415 Εἱπὼν
757 4358 969 4422 δεκάκις
1002 4360 1233 4435 χρυσίου
1267 4361 1457 4435 λιτρας
1488 4359 1636 4430 δέκα,
2109 4364 2183 4418 ἀί]

2109 4362 2370 4434 dixitque
2401 4368 2633 4418 centum
2668 4364 2792 4419 auri
2826 4381 2885 4420 se
2920 4366 3126 4422 habere
3157 4368 3338 4427 libras
3370 4390 3382 4427 :

540 4451 637 4512 Ἀς
663 4449 752 4503 καὶ
783 4449 1111 4521 κομισθῆναί
1136 4471 1198 4524 γε
1225 4452 1546 4525 προστάττει
1569 4453 1765 4525 τάχος·
2036 4492 2076 4526 η
2109 4469 2180 4524 qu

1707 4469 1765 4515 ις·
2036 4492 2076 4526 η
2109 4468 2254 4524 quas
2284 4451 2439 4506 illico
2471 4452 2541 4506 ad
2574 4468 2634 4505 se
2666 4453 2857 4506 afferri
2887 4471 2987 4508 rex
3019 4458 3347 4526 mandavit;

541 4539 740 4611 Ὠνπερ
771 4534 898 4592 δέκα
930 4535 1074 4606 δοὺς,
1108 4538 1223 4612 εἶχε
1254 4536 1456 4601 λοιπὰς
1490 4541 1517 4595 ὁ
1547 4540 1786 4616 κράτωρ,
2029 4534 2074 4557 ³³
2110 4542 2181 4597 da

1712 4560 1786 4616 ›ρ,
2029 4534 2074 4557 ³³
2110 4541 2379 4611 datisque
2410 4540 2630 4605 decem,
2667 4538 2920 4609 reliquas
2953 4559 3048 4597 rex
3080 4545 3352 4614 retinuit;

367 4627 508 4683 1010
543 4625 620 4682 Ού
653 4624 737 4680 δεῖ
760 4626 1047 4696 τοσούτου,
1081 4628 1334 4699 σάμενος,
1371 4628 1455 4682 σοὶ
1484 4628 1734 4703 χρυσίου.

1726 4670 1734 4686 .
2106 4629 2272 4685 Haud
2305 4644 2451 4697 opus
2484 4632 2573 4682 est
2601 4631 2762 4681 tanto
2792 4627 2918 4697 tibi,
2955 4630 3174 4699 dicens,
3206 4649 3366 4690 auro.

544 4714 715 4775 Οὗτος
743 4716 860 4769 κατ’
891 4713 1101 4790 ἐχθρῶν
1132 4714 1512 4790 ἐκστράτεύσας
1544 4716 1875 4793 Βουλγάρων
2109 4717 2177 4772 Hi

1675 4718 1875 4793 ιγάρων
2109 4717 2214 4772 Hic
2238 4720 2511 4786 suscepta
2537 4716 2595 4768 in
2626 4714 2905 4785 Bulgaros
2935 4720 3315 4791 expeditione,

542 4802 963 4873 Δεηλατούντων
988 4800 1276 4858 δυτικάττα
1308 4809 1510 4880 χωρία,
2111 4822 2182 4876 qu

2111 4806 2211 4876 qui
2240 4804 2504 4876 regiones
2533 4802 2828 4873 hesperias
2861 4804 3241 4866 incursabant

545 4889 744 4966 Μάχην
777 4894 983 4966 συνῆψε
1015 4894 1276 4967 καρτερὰν
1310 4890 1648 4955 ἀντιπάλοις*
2113 4911 2185 4966 ειη

2113 4909 2346 4966 gravem
2379 4908 2510 4947 cum
2543 4892 2813 4948 hostibus
2844 4911 3099 4965 pugnam
3133 4901 3428 4957 commisit
3462 4919 3474 4958 :

545 4977 645 5033 Καὶ
674 4982 892 5055 πρῶτον
923 4978 1191 5056 εὐτύχησε
1217 4980 1353 5036 κατά
1383 4976 1699 5056 Βαρϐάρων⁸
2114 4988 2171 5040 et

2114 4988 2171 5040 et
2201 4983 2460 5057 primum
2492 4982 2725 5053 quidem
2760 4985 3030 5041 Barbaris
3062 4990 3328 5059 superior
3353 4991 3496 5061 fuit;

367 5067 512 5123 2015
548 5069 682 5125 Εἶτα
710 5072 944 5141 νικᾶται,
974 5068 1233 5124 κτείνεται
1272 5069 1408 5143 πρὸς
1430 5074 1498 5143 τῇ
1525 5070 1695 5145 μάλῃ·

1627 5092 1695 5145 .ῃ·
2118 5090 2251 5129 mox
2278 5072 2488 5140 victus,
2522 5072 2697 5128 vitam
2729 5072 2928 5128 amisit
2960 5073 3018 5128 in
3051 5076 3267 5145 praelio.

551 5154 961 5229 Προσκτείνεται
992 5154 1049 5211 δὲ
1083 5156 1445 5233 μυριάριθμον
1478 5160 1669 5235 στίφος
2118 5162 2191 5217 Pe

1399 5178 1445 5212 δν
1478 5160 1669 5235 στίφος
2118 5161 2294 5217 Periit
2323 5160 2498 5216 simul
2526 5165 2755 5215 caterva
2787 5160 3039 5232 plurima

551 5242 785 5319 Ἀνδρῶν
817 5250 1155 5321 στρατηγῶν,
1188 5247 1417 5321 εὐγενῶν
1446 5251 1551 5301 τῶν
1586 5248 1637 5303 ἐν
1668 5246 1836 5305 τὲλει.
2119 5252 2191 5305 du

1540 5269 1551 5301 ρ
1586 5248 1637 5303 ἐν
1668 5246 1836 5305 τὲλει.
2119 5252 2358 5317 ducum,
2395 5249 2703 5314 nobilium,
2738 5254 2794 5304 et
2824 5255 3180 5308 senatorum.

548 5334 664 5402 Τῆς
688 5331 745 5387 δὲ
776 5339 1025 5408 στρατιᾶς
1058 5332 1171 5389 οὐδ’
1202 5336 1564 5410 ἀριθμήσαιτό
1594 5358 1698 5398 τις.
2120 5340 2188 5394 Ne

2120 5340 2264 5394 Nam
2297 5337 2714 5409 gregariorium
2750 5355 3059 5394 numerum
3095 5358 3263 5396 nemo
3297 5342 3544 5399 iniverit.

422 5512 559 5594 ,(93)
591 5513 780 5569 Codex
804 5516 1081 5572 mendose
1112 5515 1287 5572 habet
1312 5518 1369 5571 in
1416 5516 1593 5572 titulo
1653 5515 1945 5572 rubricato
1977 5534 2005 5567 ο
2042 5519 2139 5568 τοῦ
2170 5520 2407 5590 γενικοῦ.
2439 5519 2547 5572 Sed
2580 5519 2925 5573 emendatur
2980 5535 3017 5585 α
3056 5522 3210 5573 textu
3262 5522 3543 5577 mendum
3593 5544 3745 5587 mar.

379 5598 552 5654 ginis.
