4132 6300
433 357 505 412 87
1641 359 2012 413 EPHREMII
2060 353 2629 410 caaouooaarm

502 483 919 557 STAURAQUS
958 484 1337 541 NICEPHORI
1376 484 1623 557 FILIUS;
1644 483 1763 557 ΑΝ.
1804 483 1846 549 1,
1887 480 2025 535 VEL
2114 478 2134 544 ι

2114 478 2166 545 Α
2197 493 2640 550 ΣΤΑΥΡΑΚΙΟΣ
2683 494 2725 548 0
2779 492 2938 547 r102
3004 490 3223 545 ΑΥΤΟΥ
3286 491 3397 546 ET.
3465 489 3547 557 A’,
3610 491 3678 545 οι

807 556 898 611 UT
937 557 1085 611 ALII
1127 557 1348 613 AIUNT
1391 555 1626 612 MENSE
1666 555 1709 610 Ι.

508 664 663 718 (Σωεο
694 660 1018 732 Nicephoro
1051 677 1151 717 rex
1184 661 1572 733 Bulgarorum

440 755 617 822 caput
644 750 915 817 abscidit,
949 751 1198 822 ejusque
1230 765 1569 821 compagem
1606 763 1834 804 osseam

442 843 681 911 argento
714 856 973 910 auroque
1006 839 1222 894 aﬂ'abre
1244 854 1532 894 exornans

447 927 581 984 dein
611 927 820 983 habuit
853 943 952 999 pro
984 927 1203 1000 scypho
1234 928 1368 997 (heu
1396 925 1693 997 piaculum
1718 924 1756 995 i)

444 1016 504 1070 in
536 1015 683 1071 laetis
715 1016 962 1071 ccetibus
991 1022 1164 1086 atque
1195 1014 1493 1080 conviviis,

445 1103 697 1159 irridens
728 1103 953 1160 scilicet
982 1108 1378 1159 Romanorum
1412 1117 1577 1174 reges

447 1197 503 1247 et
528 1210 648 1249 suae
678 1192 938 1248 victoriae
970 1192 1259 1261 plaudens
1291 1206 1659 1263 magnopere.

445 1281 593 1335 Tum
621 1284 679 1336 et
705 1280 1045 1337 Stauracius
1074 1280 1135 1334 in
1168 1279 1363 1350 praelio
1396 1279 1717 1344 sauciatus,

444 1368 755 1440 Nicephori
785 1369 1133 1424 invenustus
1166 1373 1222 1423 et
1250 1368 1500 1438 simplex
1531 1367 1708 1431 ﬁlius,

448 1458 550 1530 qui
580 1458 698 1513 imo
731 1457 1019 1529 insipiens
1048 1461 1104 1512 et
1134 1456 1430 1511 intellectu
1461 1470 1667 1511 carens

447 1546 606 1602 brevi
639 1550 960 1617 superstes,
994 1562 1127 1601 mox
1157 1545 1339 1600 vitam
1373 1543 1594 1613 amisit,

456 1635 624 1707 regni
653 1634 866 1705 specie,
902 1651 1017 1689 non
1051 1649 1253 1705 regno,
1284 1633 1525 1704 potitus.

719 1783 1033 1839 MICHAEL
1074 1781 1561 1837 RHANCABiEUS
1601 1781 1711 1837 AN.
1755 1781 1822 1837 II.

520 1917 821 1974 Stauracio
852 1916 1139 1972 exstincto
1173 1914 1463 1971 successit
1492 1915 1813 1986 imperator

452 2005 701 2062 illustris
730 2004 979 2060 Michael
1010 2004 1202 2059 dictus
1239 2003 1661 2072 Rhancabaaus,

452 2094 540 2150 vir
568 2092 951 2160 honorabilis,
986 2091 1215 2148 indoles
1243 2091 1601 2163 gratissima,

456 2181 657 2254 probis
689 2181 979 2247 moribus,
1013 2180 1198 2251 mitis,
1231 2179 1554 2235 honestatis
1585 2196 1706 2249 ara,

456 2275 514 2327 et
542 2269 852 2340 religiosus
881 2269 1045 2325 bona:
1078 2267 1159 2322 rei
1192 2267 1530 2333 thesaurus,

458 2362 747 2414 rectorum
778 2357 1124 2427 dogmatum
1157 2354 1434 2410 defensor
1464 2355 1744 2426 optimus.

458 2446 562 2502 Hic
591 2461 724 2500 cum
757 2444 979 2499 videret
1006 2442 1222 2499 virtute
1253 2458 1319 2497 ac
1352 2442 1585 2498 litteris.

461 2533 725 2605 insignes
756 2530 1027 2587 homines
1057 2532 1128 2586 de
1152 2529 1342 2585 Studii
1373 2530 1632 2586 coenobio

466 2620 788 2687 Platonem,
823 2618 1219 2685 Theodorum,
1248 2635 1383 2673 cum
1417 2620 1595 2674 fratre
1624 2635 1731 2674 suo

465 2707 977 2764 Thessalonicensi
1005 2706 1283 2777 Josepho,
1314 2706 1544 2763 clausos
1573 2723 1823 2773 carcere,

473 2798 613 2870 quia
642 2796 984 2869 patriarcha
1014 2794 1263 2866 sapienti
1294 2794 1617 2866 Nicephoro

478 2884 914 2943 communicare
944 2900 1186 2955 prorsus
1216 2884 1565 2938 recusabant

480 2992 649 3032 sacra
678 2976 738 3029 in
771 2974 974 3045 synaxi
1004 2977 1181 3044 atque
1212 2973 1527 3044 mysteriis,

478 3064 758 3135 quoniam
788 3061 974 3117 laicus
1003 3060 1177 3115 homo
1208 3064 1279 3115 ad
1310 3060 1579 3116 eximiam
1612 3063 1809 3117 sedem

476 3151 943 3224 patriarcharum
976 3149 1172 3205 subito
1202 3154 1561 3219 pervenerat,

474 3246 651 3312 atque
676 3241 735 3295 in
766 3239 875 3294 hoc
907 3237 1203 3309 proposito
1235 3236 1475 3291 ﬁrmiter
1503 3237 1831 3313 haerebant;

473 3329 700 3387 curavit
728 3327 927 3383 statim
960 3330 1025 3381 ut
1054 3341 1289 3396 gregem
1322 3327 1540 3397 pastori
1572 3327 1917 3400 adjungeret

473 3418 617 3473 Cum
646 3433 779 3473 vero
815 3414 985 3470 multi
1016 3430 1289 3469 renovare
1321 3415 1613 3469 insaniam

475 3507 754 3561 adversus
785 3519 981 3558 sacras
1014 3502 1358 3558 molirentur
1387 3502 1712 3573 imagines;

476 3594 602 3665 ipse
632 3592 856 3663 aliquot
886 3592 1072 3661 captis
1103 3607 1386 3661 pceuaque
1418 3590 1703 3660 coercitis,

478 3685 720 3737 cunctos
751 3680 823 3734 ad
856 3678 1159 3734 colendam
1192 3677 1382 3748 adegit
1415 3694 1668 3734 crucem.

478 3768 760 3826 Monacho
793 3783 1002 3822 rursus
1032 3765 1287 3836 quodam
1321 3767 1706 3838 deprehenso,

481 3857 581 3928 qui
611 3857 868 3927 Deiparas
900 3853 1150 3925 Virginis
1180 3853 1494 3925 imaginem

483 3944 634 4000 male
663 3943 1033 3999 dedolaverat
1061 3941 1227 4012 (proh
1259 3942 1554 3998 vesaniam
1578 3943 1614 4013 ί)

482 4033 641 4087 hunc
664 4031 858 4087 statim
884 4030 1087 4101 lingua
1116 4031 1317 4086 merito
1347 4031 1612 4102 privavit.

483 4120 701 4181 Deinde
730 4118 972 4174 Michael
1004 4119 1331 4189 conscripto
1362 4119 1612 4174 exercitu

484 4210 693 4268 Maasos
723 4207 1057 4280 aggregitur
1086 4208 1396 4261 Thraciam
1427 4212 1716 4262 vastantes
1749 4225 1762 4263 :

483 4312 734 4368 cumque
766 4312 828 4351 se
859 4295 1107 4352 horridae
1138 4310 1346 4365 pugnae
1379 4294 1767 4366 implicuisset

482 4385 739 4441 vincitur
768 4384 916 4456 ipse,
949 4382 1178 4453 Bulgari
1212 4382 1602 4454 triumphant.

482 4474 613 4530 Jam
647 4490 824 4529 causa
856 4472 1039 4528 cladis
1071 4471 1183 4525 fuit
1209 4470 1336 4525 sine
1368 4471 1545 4525 dubio
1578 4472 1711 4543 Leo,

484 4562 761 4618 Armenia
793 4560 1099 4628 oriundus,
1132 4559 1250 4613 dux
1281 4559 1602 4630 copiarum,

486 4655 542 4706 et
571 4649 874 4706 obtinendi
909 4648 1119 4719 sceptri
1153 4664 1385 4703 summe
1417 4648 1663 4718 cupidus
1697 4666 1709 4703 :

487 4738 587 4810 qui
621 4738 845 4793 calente
876 4736 1054 4807 praelii
1090 4736 1424 4791 discrimine

488 4829 695 4896 sponte
726 4840 828 4895 per
857 4822 1059 4877 dolum
1093 4822 1420 4893 parmulam
1457 4824 1688 4895 abjecit,

488 4912 717 4985 fugiens
750 4912 875 4983 ipse
905 4910 1219 4981 copiasque
1249 4911 1566 4967 adhortans

490 5002 562 5055 ad
594 5017 761 5055 suam
796 4998 1149 5071 praecipitem
1181 4998 1521 5055 imitandam
1556 5002 1772 5074 fugam.

489 5088 584 5144 Sic
615 5087 943 5142 conciliavit
967 5086 1207 5158 imperio
1239 5087 1564 5143 infamiam.

485 5177 692 5232 Postea
720 5175 1006 5231 rebellans
1035 5192 1351 5246 purpuram
1385 5179 1657 5248 sumpsit.

483 5266 555 5320 At
583 5264 795 5321 Christi
832 5281 1020 5319 moros
1053 5264 1316 5319 imitatus
1347 5265 1609 5334 Michael,

485 5370 545 5409 re
576 5354 832 5425 cognita,
866 5354 1111 5424 imperio
1144 5353 1295 5408 ultro
1328 5370 1388 5408 se
1420 5355 1727 5426 abdicavit,

2123 1836 2171 1900 B

2147 4531 2193 4595 D

2823 563 3027 618 MHNA
3069 562 3203 635 (34).

2367 667 2577 725 Τούτου
2608 666 2889 737 πεσόντος,
2923 666 3253 741 Βουλγάρων
3283 665 3599 741 ’ἀρχηγέτης

2192 758 2334 812 2020
2369 758 2565 828 Τεμὼν
2594 754 2835 832 κεφαλὴν
2862 756 2953 809 καὶ
2986 749 3171 809 λαϐών
3202 752 3356 823 τῆσδ’
3392 752 3597 823 ὀστέον,

2373 844 2469 899 Καὶ
2496 848 2655 898 τοῦτο
2689 843 2872 905 καλῶς
2902 844 3158 905 σκευάσας
3190 842 3582 917 χρυσαργύρῳ.

2195 935 2436 1008 Ἐχρῆτο
2469 933 2662 988 λοιπὸν
2694 933 2766 994 ὡς
2790 930 3001 1004 κύλικι,
3033 936 3129 1008 φεῦ
3164 932 3364 1005 μύσους
3400 932 3411 986 i

2374 1023 2461 1078 Ἐν
2496 1021 2844 1097 φιλοτησίαις
2868 1041 2924 1075 τε
2951 1019 3041 1073 καὶ
3073 1019 3386 1089 συσσιτίοις,

2375 1107 2715 1184 Ἐπεγγελῶν
2748 1110 2893 1179 ἄναει
2925 1107 3208 1180 Ῥωμαίων
3241 1110 3405 1181 τάχα,

2199 1199 2342 1255 2025
2380 1199 2517 1252 Κάπὶ
2549 1197 2932 1271 κατορθώματι
2964 1195 3234 1267 κομπάζιν
3271 1194 3425 1270 μέγα.

2321 1343 2326 1348 _
2373 1287 2475 1341 Καὶ
2508 1285 2837 1360 Σταυράκιος
2871 1281 2915 1338 δ’
2950 1283 3000 1337 ἐν
3040 1286 3194 1357 μάχῃ
3225 1282 3561 1358 τετρωμένος

2374 1378 2510 1435 Ηαῖς
2535 1395 2617 1434 τις
2648 1370 2920 1441 δυσειδὴς,
2954 1371 3159 1448 ἀφελὴς
3191 1371 3535 1448 Νικηφόρου,

2385 1457 2701 1536 Ἀὗὲλτερός
2728 1482 2785 1515 τε
2811 1461 3240 1536 καὶεφρονήσεως
3273 1457 3418 1534 ἄτερ,

2380 1550 2572 1624 Βραχύ
2600 1571 2652 1604 τι
2690 1548 2841 1623 βιοὺς
2873 1545 3159 1603 ἀπολείπει
3188 1548 3279 1601 τὸν
3317 1548 3455 1621 βίον,

2197 1642 2337 1695 2030
2379 1640 2681 1693 Φαντασίαν
2712 1638 2859 1712 σχὼν
2895 1639 2992 1691 ούκ
3016 1636 3273 1705 ἀλήθειαν
3304 1636 3553 1709 κράτους.

2383 1792 2659 1847 ΜΙΧΑΗΛ
2698 1793 2742 1845 Ο
2782 1788 3216 1844 ΡΑΓΚΑΒΑΙΟΣ
3259 1786 3363 1841 ET.
3407 1786 3484 1843 B'.

2380 1921 2582 1976 Τούτου
2614 1916 2865 1981 θανόντος
2891 1916 3260 1974 ἀναδείκνυται
3291 1918 3505 1991 κράτωρ

2384 2009 2654 2082 Λαμπρὸς
2686 2007 2918 2083 Μιχαὴλ
2948 2006 3254 2076 τούπίκλην
3282 2001 3664 2080 Ῥαγκαϐαἴος,

2384 2099 2546 2172 Ἀνὴρ
2571 2097 2813 2169 τιμήεις,
2846 2093 3172 2170 χαριεστάτη
3202 2093 3382 2170 φύσις,

2386 2185 2637 2260 Χρηστὸς
2667 2184 2902 2255 τρόπους
2933 2182 3105 2255 πρᾶός
3138 2203 3215 2250 τε,
3247 2180 3429 2237 καλῶν
3463 2180 3637 2254 ἑστία,

2208 2276 2352 2331 2035
2393 2268 2730 2341 Φιλευσεϐής
2756 2292 2837 2333 τις
2869 2272 3079 2346 ἀγαθῶν
3113 2270 3397 2346 μυρμηκία
3429 2274 3563 2344 (35),

2401 2362 2728 2434 Υπὲρμαχος
2759 2361 3042 2433 κράτιστος
3075 2358 3247 2434 ὀρθῶν
3282 2356 3603 2432 δογμάτων.

2398 2445 2571 2509 Οὗτος
2613 2445 2853 2520 λογαδας
2884 2446 3105 2520 ἀρετῆς,
3137 2446 3303 2520 λόγου
3335 2445 3528 2523 φίλους

2390 2536 2577 2611 Εὑρὼν
2614 2539 2873 2609 μοναχῶν
2905 2542 3001 2605 τῆς
3030 2542 3199 2608 μονῆς
3227 2534 3322 2589 τοῦ
3356 2533 3624 2590 Στουδίου

2393 2623 2658 2678 Πλάτωνα
2687 2621 2963 2698 Θεόδωρον
2998 2625 3092 2696 ἅμ’
3122 2623 3361 2698 ὁμογνίῳ

2215 2716 2355 2770 2040
2393 2710 2787 2781 Θεσσαλονίκης
2815 2713 3015 2786 Ἰωσὴφ
3045 2713 3492 2786 καθειργμένους,

2395 2802 2480 2861 Ὡς
2505 2799 2850 2875 ποιμενάρχῃ
2878 2804 2958 2870 τῶ
2987 2804 3137 2876 σοφῷ
3168 2799 3470 2874 Νικηφόρῳ

2397 2891 2491 2958 Μὴ
2526 2895 2932 2964 συμμετασχεῖν
2960 2889 3234 2959 άξινῦντας
3267 2887 3530 2962 μηδόλως

2396 2977 2690 3039 Κοινωνίας
2723 2977 2863 3041 θείας
2887 2999 2945 3032 τε
2972 2977 3061 3032 καὶ
3097 2978 3425 3053 μυστηρίων,

2394 3067 2508 3123 ¹Ἀτ“
2542 3065 2601 3120 ἐκ
2630 3063 2831 3120 λαϊκῶν
2858 3065 2930 3126 εἷς
2961 3064 3268 3136 πανύζηλον
3298 3066 3488 3139 θρόνον

2139 3177 2182 3243 C
2219 3157 2360 3211 2045
2397 3156 2901 3243 Τῶνπατριαρχῶν
2936 3153 3145 3229 ἀθρόως
3174 3154 3485 3229 ἆνηγμένῳ,

2398 3243 2495 3296 Καὶ
2522 3240 2671 3297 τοῖδε
2702 3242 2893 3297 λοιπὸν
2927 3243 3176 3315 ἐμμένειν
3208 3243 3545 3318 ᾑρημένους,

2395 3332 2636 3393 Σπεύσας
2670 3333 2917 3387 συνάπτει
2939 3331 3157 3404 ποιμὲνι
3189 3333 3275 3386 καὶ
3306 3333 3576 3405 ποιμνίῳ⁶

2392 3418 2634 3495 Ἀνδρῶν
2668 3418 2725 3474 δὲ
2755 3419 2978 3476 πολλῶν
3006 3419 3241 3474 καινίσαι
3266 3422 3364 3489 τήν
3392 3420 3587 3492 μανίαν

2396 3511 2509 3578 Τὴν
2542 3508 2689 3577 κατὰ,
2708 3513 2913 3563 σεπτῶν
2936 3507 3157 3563 εἰκόνιον
3188 3506 3567 3581 πειρωμένων,

2218 3601 2362 3655 2050
2403 3598 2632 3672 Συσχὼν
2654 3599 2802 3658 τινὰς
2834 3600 2982 3671 αφῶν
3016 3596 3350 3673 σωφρονίσας
3373 3598 3419 3650 τ’
3444 3595 3677 3668 αἷκιαις,

2398 3687 2618 3741 Ἔπεισε
2648 3688 2846 3745 πάντας
2875 3679 3106 3738 εὐσεϐεῖν
3137 3687 3374 3757 Χριστοῦ
3402 3683 3601 3741 τύπον.

2401 3772 2499 3825 Καὶ
2530 3792 2649 3825 νινα
2680 3768 2725 3825 δ’
2758 3772 2926 3846 εὑρὼν
2950 3773 3054 3825 τῶν
3092 3774 3346 3844 μοναχῶν
3381 3769 3442 3824 ού
3468 3771 3643 3826 πάλιν

2400 3863 2518 3928 Τῆς
2552 3856 2964 3934 μητρανάνδρου
2996 3861 3268 3934 Παρθένου
3296 3860 3395 3927 τήν
3430 3858 3616 3915 εἰκόνα

2404 3952 2598 4009 Κακῶς
2629 3943 2986 4020 ἀποξὲσαντα,
3017 3952 3113 4024 φεῦ
3140 3954 3240 4016 τῆς
3286 3946 3475 4019 μανίας

2223 4038 2364 4093 2055
2403 4038 2665 4107 ΓΛώθσης
2693 4037 3048 4111 ἀπεστέρησεν
3082 4037 3238 4097 εὐθὺς
3270 4034 3518 4099 ἐνδίκωςο

2403 4127 2504 4180 Καὶ
2536 4125 2769 4199 Μιχαὴλ
2803 4123 2858 4178 δὲ
2888 4124 3135 4197 στρατιὰν
3166 4123 3448 4186 συναλίσας

2406 4213 2548 4267 Κατὰ
2581 4215 2780 4269 Μυσῶν
2813 4208 2970 4280 ἔξεισι
3003 4209 3274 4284 δῃούντων
3303 4212 3517 4283 Θρᾴκην

2405 4300 2507 4356 Καὶ
2540 4300 2907 4373 συγκροτήσας
2930 4300 3028 4367 τὴν
3056 4298 3239 4374 μάχην
3264 4300 3584 4377 φρικαλέαν,

2404 4391 2600 4445 Ἦτταν
2635 4388 2996 4462 ἀπηνέγκατο,
3031 4387 3336 4462 Βούλγαροι
3369 4390 3546 4463 νίκην,

2224 4478 2365 4533 2060
2406 4477 2637 4537 Αὲοντος
2669 4475 2842 4545 ἥττης
2875 4475 3054 4530 αῗτίου
3076 4478 3380 4553 πεφηνότος

2403 4565 2489 4635 Ἐξ
2523 4562 2804 4640 ’Δρμενίας
2845 4570 3095 4639 στρατιᾶς
3125 4568 3507 4642 πρατηγὲτου,

2405 4655 2598 4728 Ἔρωτ’
2631 4651 2861 4727 ἐρῶντος
2889 4650 3216 4728 δριμύτατον
3246 4658 3341 4708 τοῦ
3362 4656 3624 4729 κράτους.

2409 4741 2727 4817 Συρρήξεως
2759 4740 2850 4795 οὖν
2885 4742 3263 4815 συμπεσούσης
3294 4745 3383 4797 καὶ
3418 4742 3605 4818 μάχης

2405 4830 2729 4901 Αὐθαίρετος
2760 4829 3017 4906 ῥίψασπις
3051 4830 3204 4908 ὤφθη
3238 4830 3329 4884 σὺν
3358 4828 3531 4904 δόλῳ,

2227 4920 2368 4975 2065
2405 4919 2579 4981 Αὐτός
2606 4939 2665 4973 τε
2695 4920 2905 4996 φεύγων
2939 4918 3029 4972 καὶ
3060 4920 3307 4993 στρατιὰν
3341 4920 3675 4994 προτρέπων

2402 5007 2574 5063 Αὐτὸν
2611 5012 2889 5079 μιμεῖσθαι
2917 5004 3300 5080 προτροπάδην
3328 5028 3386 5061 τε
3414 5007 3638 5083 τρέχειν

2403 5094 2560 5152 Οὕτω
2582 5089 2897 5168 περιέϐαλεν
2930 5094 3197 5168 αἰσχύνην
3227 5094 3429 5169 κράτει.

2403 5185 2610 5240 Ἕπειτ’
2640 5184 2878 5243 ἀποστάς
2906 5183 3263 5251 ἀναζώννυται
3295 5186 3511 5258 κράτος·

2407 5274 2505 5328 Καὶ
2539 5270 2694 5347 γνοὺς
2723 5270 2956 5345 Μιχαὴλ
2990 5272 3017 5325 ὁ
3049 5271 3413 5348 φιλοχρίστου
3443 5273 3686 5349 τρόπου,

2223 5362 2365 5416 2070
2404 5360 2573 5416 Ἐκὼν
2608 5359 2921 5428 ὑπεξίστατο
2952 5366 3047 5428 τῆς
3079 5359 3411 5435 κραταρχίας

556 5497 669 5565 (34)
695 5498 750 5568 In
777 5496 946 5550 titulo
970 5496 1262 5549 rubricato
1284 5495 1559 5568 scribitur
1584 5513 1679 5565 per
1702 5500 2113 5568 compendium
2223 5504 2312 5559 cio
2344 5505 2489 5559 duos
2519 5504 2787 5559 attribuit
2817 5521 3047 5560 menses
3076 5522 3209 5560 cum
3244 5522 3341 5562 sex
3367 5505 3604 5562 diebus.

491 5568 610 5635 μῆ.,
648 5567 909 5640 nihilque
940 5568 1299 5640 additur,ita
1322 5571 1383 5619 ut
1414 5567 1672 5621 videatur
1704 5567 2114 5640 intelligendus

489 5638 708 5694 mensis
736 5637 908 5694 unus.
944 5642 1213 5694 Attamen
1264 5637 1511 5694 Zonares
1561 5643 1825 5710 regnanti
1871 5637 2110 5700 Staura-

2294 5576 2405 5647 (35)
2440 5579 2521 5631 Ita
2551 5578 2750 5643 codex,
2782 5593 2892 5630 non
2924 5576 3228 5647 μυρμηκιά.

3752 343 3819 398 98

3742 487 3819 543 ΔΕ
