4154 6304
306 404 378 458 89

484 528 712 601 Πέμψας
743 527 985 600 τυράννῳ
1008 528 1075 583 τὰ
1100 529 1395 603 παράσημα
1423 526 1677 604 κράτους,

482 617 651 679 Αὐτὸς
685 614 732 672 δ’
765 618 1046 685 ὑπεκστὰς,
1071 617 1306 691 γίγνεται
1344 616 1718 693 μελαμφόρος.

661 732 848 785 ΛΕΩΝ
887 734 931 786 Ο
968 732 1332 788 ΑΡΜΕΝΙΟΣ
1372 734 1485 788 ΕΤ.
1528 738 1595 787 Ζ’.

489 833 644 890 Οὕτω
681 836 775 906 μὲν
810 835 969 897 οὗτος
1001 843 1247 908 σκῆπτρα
1274 832 1457 891 λαϐὼν
1485 838 1701 912 κατέχει

491 923 693 986 Σκαιὸς
724 921 862 977 λέων
895 924 996 997 θὴρ
1028 922 1199 986 ἄλλος
1231 925 1282 995 ἐξ
1312 926 1616 1000 Ἀρμενίας.

312 1012 456 1067 2075
495 1005 789 1086 Ἱεροϐοάμ
818 1008 991 1073 ἄλλος
1026 1013 1279 1087 ὑπάρξας,
1310 1013 1429 1076 νέος

494 1099 756 1160 Κάκιστος
790 1095 958 1163 ὅντως
989 1098 1207 1171 οῗκέτης
1238 1100 1327 1155 καὶ
1360 1099 1625 1176 δραπέτης

495 1187 591 1241 Ἐκ
619 1184 952 1258 Σολομῶνος
977 1185 1244 1242 δεσπότου
1279 1186 1547 1261 βασιλέως

499 1274 904 1342 Ἀποστατήσας
933 1273 1020 1327 καὶ
1054 1272 1210 1329 δόλον
1243 1276 1639 1349 προσαρτύσας,

497 1359 731 1414 Μᾶλλον
766 1357 810 1413 δ’
840 1361 1076 1422 ἀποστάς
1107 1361 1194 1415 καὶ
1225 1364 1455 1431 νοσήσας
1484 1363 1731 1436 ἐσχάτως

316 1448 459 1502 2080
496 1449 684 1515 Κακὴν
719 1446 1063 1502 ἐπανάστασιν
1097 1450 1189 1520 ἅμ’
1220 1448 1507 1504 ἀποστάσει
1542 1469 1555 1482 ·

492 1533 733 1610 Ὕφαλος
762 1534 922 1604 ἀνὴρ,
952 1535 1345 1610 ὀργιλώτατος,
1379 1537 1559 1614 φέναξ,

489 1624 663 1690 Μῆνιν
696 1620 896 1676 ἐναύων
932 1621 1006 1685 εἷς
1038 1624 1418 1700 φρυκτώρησιν
1448 1625 1673 1693 πάθους,

495 1710 599 1767 Καὶ
628 1709 1117 1785 καταπυρπόλησιν
1149 1715 1230 1775 οῖς
1262 1710 1391 1786 ἔδρα
1422 1713 1618 1787 χόλον,

494 1800 658 1871 Ὄψις
690 1799 912 1873 στυγνός
940 1821 1022 1862 τις
1055 1802 1315 1878 συννεφὴς
1346 1803 1441 1863 τὰς
1472 1803 1693 1879 ὀφρύας,

318 1888 457 1944 2085
494 1890 757 1947 ’Ἄπιστος
784 1888 943 1957 ἦθος,
972 1888 1226 1952 ποικίλος
1252 1889 1593 1963 χαμαιλέων,

496 1976 674 2031 Κακόν
701 1996 755 2028 τι
783 1974 1066 2050 τερμέριον
1096 1978 1207 2049 (36)
1237 1972 1467 2031 εὐσεϐῶν
1503 1978 1673 2056 στίφει

493 2062 668 2136 Βαρὺς
696 2064 973 2132 κολαστής
1008 2064 1175 2136 μικρὰ
1204 2066 1685 2139 προσκεκρουκόσι,

492 2153 624 2214 Τοῖς
653 2157 1054 2225 προσκυνηταῖς
1080 2151 1288 2216 εἰκόνος
1316 2155 1553 2223 Χριστοῦ
1582 2153 1768 2210 πλέον.

496 2238 647 2308 Πλὴν
677 2241 814 2314 πρὸς
848 2242 1029 2315 μάχας
1060 2241 1125 2309 ἦν
1155 2240 1412 2315 γεννάδας
1453 2242 1784 2315 τολμητίας,

320 2329 463 2384 2090
499 2329 839 2402 Θυμουργὸς,
873 2327 1019 2397 ὀξὺς,
1051 2330 1267 2401 ἀρεϊκὸς
1294 2330 1555 2400 καθάπαξ,

502 2418 709 2472 Κοινῶν
742 2437 799 2470 τε
829 2414 1094 2486 διοίκησιν
1130 2415 1186 2471 εὖ
1217 2420 1550 2490 ἠσκημένος.

506 2504 606 2557 Καὶ
633 2503 735 2578 γὰρ
766 2504 1089 2580 στρατεύσας
1119 2505 1254 2559 κατᾶ
1282 2511 1478 2561 Μυσῶν
1512 2503 1805 2582 Βαρϐάρων

510 2594 961 2667 Κατατρεχόντων
990 2600 1091 2668 γῆς
1124 2593 1282 2668 ὅρους
1315 2595 1640 2668 Ῥωμαϊδος,

511 2681 800 2757 Περιφανὲς
830 2680 1092 2755 τρόπαιον
1120 2682 1241 2751 ἰστᾷ
1268 2684 1358 2736 καὶ
1382 2682 1562 2754 νίκην,

338 2770 479 2824 2095
517 2767 671 2823 Λείαν
709 2771 910 2825 Μυσῶν
946 2769 1057 2832 θεὶς
1082 2771 1150 2824 τὰ
1179 2772 1315 2824 κατὰ
1344 2778 1500 2848 σφᾶς,
1534 2773 1607 2834 ὡς
1640 2770 1829 2845 λόγος.

510 2858 652 2930 Πρὸς
686 2854 732 2910 δ’
763 2854 829 2911 αὖ
859 2855 1069 2911 δικαίου
1090 2858 1177 2913 καὶ
1210 2860 1396 2931 νόμων
1428 2860 1493 2927 ἧν
1524 2881 1607 2921 τις
1638 2859 1828 2936 φύλαξ,

511 2940 806 3018 Πράγματα
837 2940 1077 3015 δημόσια
1100 2943 1284 3006 καλῶς
1318 2943 1515 3000 διέπων
1553 2966 1565 2979 ·

514 3032 589 3089 Οὐ
622 3035 927 3107 χρημάτων
957 3035 1059 3107 γὰρ
1093 3034 1287 3096 ὠνίους
1317 3034 1605 3111 ἐθναρχίας

516 3122 584 3176 Ἢ
606 3123 895 3194 ταγμάτων
918 3143 978 3197 γε
1006 3121 1285 3197 προύτίθει
1317 3124 1663 3199 στρατηγίας,

335 3209 481 3264 2100
517 3210 585 3264 Ἠ
614 3210 796 3272 κοινὰς
822 3211 995 3285 ἀρχὰς
1023 3213 1358 3285 πραγμάτων
1386 3233 1444 3267 τε
1473 3212 1781 3289 φροντίδας,

518 3293 800 3371 ’Δνδράσιν
834 3298 973 3367 ὑπῆν
1002 3300 1077 3370 μὴ
1109 3301 1368 3376 πεφυκόσι
1398 3299 1572 3371 νέμων
1607 3319 1619 3333 ο

520 3383 698 3447 Πάσας
728 3384 786 3439 δὲ
810 3386 977 3449 τιθεὶς
1007 3386 1098 3440 σὺν
1125 3385 1271 3461 λόγῳ
1298 3408 1356 3443 τε
1384 3388 1474 3443 καὶ
1504 3388 1675 3461 κρίσει

519 3472 897 3547 Ἀρχαιρεσίας
923 3474 1012 3528 καὶ
1046 3472 1347 3544 διοικήσεις
1381 3475 1550 3531 ὅλων.

522 3560 662 3622 Τοὺς
695 3558 737 3615 δ’
772 3562 1037 3637 ἁρπαγαῖς
1064 3560 1354 3637 χαίροντας
1387 3563 1557 3637 εἶργεν
1590 3562 1828 3635 ἐννόμως
1861 3584 1873 3598 ·

341 3649 488 3704 2105
524 3648 621 3701 Καὶ
650 3650 747 3722 γάρ
780 3651 902 3703 ποτ’
930 3647 1123 3723 ἀνδρὸς
1152 3651 1394 3725 γαμετὴν
1422 3650 1746 3706 πενεστάτου

523 3739 646 3793 Τῶν
675 3758 820 3798 τινος
852 3739 1190 3809 ἁρπάσαντος
1220 3738 1629 3811 εὐγενεστάτων,

520 3826 672 3881 Ἐπεὶ
700 3827 947 3900 τιμωρὸς
978 3828 1130 3881 ὧπτο
1164 3824 1425 3899 μηδόλως
1456 3825 1637 3881 κλύων

520 3916 799 3988 Ὕπαρχος
831 3913 975 3969 οὕτω
1004 3917 1319 3989 πράγματος
1351 3914 1690 3987 παρανόμου,

521 4000 695 4065 Αὐτὸς
724 3999 795 4055 δι’
820 4002 984 4056 αὐτοῦ
1011 4003 1102 4057 τὸν
1142 4004 1365 4077 βιαστήν
1395 4002 1622 4059 εὐθύνει.

343 4088 488 4145 2H0
524 4090 628 4145 Τὸν
662 4087 707 4143 δ’
728 4089 975 4164 ὕπαρχον
1003 4090 1246 4145 πέπαυκε
1273 4097 1371 4159 τῆς
1404 4089 1763 4165 λειτουργίας.

526 4176 676 4234 Ἀλλ’
705 4175 1009 4234 ἀποδεκτὲα
1043 4182 1137 4251 μὲν
1164 4182 1395 4254 ὑπάρχει
1425 4177 1551 4234 τάδε
1579 4199 1591 4211 ·

521 4266 585 4321 Ἡ
617 4262 665 4319 δ’
693 4264 757 4320 αὖ
789 4261 1062 4321 σεϐαστῶν
1100 4267 1260 4339 μανία
1289 4270 1402 4322 κατ’
1433 4267 1656 4322 εἰκόνων

520 4355 690 4409 Ἀπαν
727 4349 1093 4427 ὑπερϐέϐηκεν
1123 4353 1263 4418 εἶδος
1297 4355 1508 4418 κακίας.

518 4441 774 4515 Ἔστεργε
800 4442 887 4495 καὶ
921 4441 1020 4515 γὰρ
1118 4442 1413 4515 συνεσχέθη
1446 4442 1645 4517 πλάνῃ,

341 4529 484 4585 2115
521 4528 616 4590 Εἲς
644 4528 815 4604 ἥνπερ
846 4529 1201 4603 ἐμπέμτωκεν
1232 4531 1585 4604 ήπατημένος

522 4618 661 4690 Πρὸς
690 4617 991 4692 ἀμονάχων
1026 4616 1337 4693 δυστρόπων
1373 4618 1722 4689 λαοπλάνων,

522 4704 613 4767 Οἷς
648 4712 1031 4780 μυσταγωγοῖς
1063 4706 1349 4782 χρώμενος
1378 4710 1723 4782 παραινέταις

536 4801 604 4856 Ως
637 4791 797 4863 δῆθεν
829 4794 1113 4870 απόρῥητα
1143 4799 1360 4872 φράσειν
1395 4793 1619 4868 εΐδόσιν,

523 4886 742 4957 Καρποῦ
770 4886 943 4937 τετοῦ
971 4882 1278 4956 πνεύματος
1304 4883 1653 4954 ἠξιωμένοις.

380 4972 483 5027 120
520 4972 759 5043 Καὶγτῶν
793 4967 838 5024 δ’
868 4968 1154 5044 ἀλιτήριος
1187 4972 1325 5042 εἷ’ξας
1356 4976 1471 5032 τοῖς
1514 4971 1698 5045 λόγοις

524 5060 768 5114 ’Δνανεοῖ
797 5060 1024 5114 κάκιστα
1051 5062 1150 5130 τὴν
1180 5056 1504 5132 έσϐεσμένην

520 5149 616 5203 Ἐκ
646 5145 931 5216 συνοδικῆς
954 5149 1275 5222 ἀποφάσεως
1304 5147 1537 5219 πλάνην,

520 5236 621 5291 Καὶ
654 5240 777 5289 πνεῖ
806 5234 1038 5312 σφοδρόν
1070 5258 1122 5291 τι
1153 5238 1244 5290 καὶ
1277 5236 1550 5291 λεόντειον
1581 5236 1750 5298 τάλας

518 5326 646 5380 Κατ’
672 5322 975 5399 ὀρθοδόξων
1000 5320 1231 5379 εὐσεϐῶν
1263 5327 1494 5399 Χριστοῦ
1525 5324 1698 5401 φίλων
1734 5345 1747 5357 ·

342 5412 484 5467 2125
524 5413 618 5468 Καὶ
648 5413 1027 5488 ποιμενάρχην
1061 5414 1149 5467 τὸν
1184 5414 1344 5487 σοφὸν
1378 5413 1717 5490 Νικηφόρον.

523 5501 624 5556 Τὸν
658 5498 816 5574 δόγμ’
846 5502 1212 5575 ἀνατρέποντα
1231 5503 1292 5557 τὸ
1326 5500 1643 5577 βδελυκτὲον

1819 402 2179 457 CBSARES.

1972 530 2025 595 Α
2058 523 2256 579 missis
2286 528 2528 593 tyranno
2560 518 2863 591 dignitatis
2894 517 3226 589 insignibus
3259 531 3273 571 :

2051 611 2294 683 ipseque
2326 611 2626 677 secedens,
2660 611 2723 663 ﬁt
2749 613 2974 664 atratus
3007 605 3350 662 monachus.

2434 725 2569 779 LEO
2609 721 2974 779 ARMENIUS
3018 721 3131 776 AN.
3174 721 3302 776 VII.

2126 833 2219 889 Sic
2248 833 2358 887 iste
2390 831 2627 903 quidem
2662 834 2957 900 sceptrum
2992 826 3315 898 occupavit,

2058 938 2278 977 scaevus
2308 920 2418 988 leo,
2447 937 2596 975 nova
2627 918 2820 973 bellua
2851 934 2919 972 ex
2954 916 3245 983 Armenia,

2060 1010 2204 1066 alter
2234 1011 2598 1077 Hieroboam,
2629 1024 2761 1063 vere
2795 1006 3054 1062 novellus

2059 1100 2353 1171 pessimus
2386 1098 2641 1153 famulus
2672 1101 2727 1152 et
2759 1096 3035 1169 fugitivus

2061 1206 2094 1244 a
2122 1188 2429 1243 Salomone
2460 1186 2697 1241 domino
2730 1201 2837 1240 suo
2872 1200 3005 1255 rege

2061 1278 2337 1331 deﬁciens
2368 1275 2612 1330 structis
2643 1274 2884 1344 insuper
2916 1272 3184 1340 insidiis;

2062 1366 2180 1421 imo
2211 1364 2521 1431 rebellans,
2557 1378 2888 1435 paransque
2919 1362 3115 1416 animo

2063 1452 2373 1508 scelestum
2406 1450 2623 1506 bellum
2660 1451 2874 1505 nedum
2908 1448 3258 1520 apostasiam
3293 1464 3305 1503 :

2065 1538 2348 1595 subdolus
2383 1538 2579 1607 homo,
2618 1536 2961 1601 iracundus,
2997 1533 3193 1603 fallax,

2064 1628 2376 1684 confovens
2408 1627 2555 1681 iram
2587 1626 2656 1681 ad
2692 1623 3079 1679 obsidendum
3113 1622 3363 1689 facinus,

2066 1718 2136 1771 ad
2166 1716 2633 1771 consumendum
2665 1730 2813 1785 quos
2845 1712 2978 1768 odio
3011 1711 3270 1776 haberet,

2067 1808 2197 1859 trux
2222 1803 2407 1872 vultu,
2441 1803 2693 1859 adducto
2724 1801 2915 1857 tristis
2947 1799 3281 1872 supercilio,

1992 1883 2041 1946 B
2074 1893 2270 1947 inﬁdis
2300 1892 2583 1958 moribus,
2616 1891 2812 1945 varius
2842 1888 3220 1955 chammleon,

2070 1982 2307 2037 noxium
2342 1981 2572 2051 piorum
2606 1979 2780 2035 ccetui
2813 1981 3174 2049 portentum,

2069 2070 2260 2141 gravis
2292 2069 2596 2141 culparum
2624 2067 2837 2121 levium
2872 2066 3132 2138 punitor,

2073 2160 2321 2213 maxime
2352 2158 2538 2228 siquis
2571 2155 2784 2211 Christi
2816 2161 3016 2226 typum
3050 2153 3283 2209 coleret.

2074 2249 2139 2303 In
2180 2247 2394 2319 pugnis
2423 2250 2619 2300 tamen
2652 2243 2955 2298 animosus
2984 2242 3195 2304 audax,

2073 2340 2401 2407 promptus,
2433 2338 2731 2400 actuosus,
2762 2332 3080 2387 mavortius
3112 2330 3354 2395 affatim,

2076 2424 2157 2479 rei
2184 2438 2417 2494 quoque
2448 2423 2693 2492 publicas
2725 2421 2989 2492 regendae
3024 2420 3303 2490 prudens.

2076 2512 2179 2567 Hic
2214 2510 2394 2566 armis
2423 2509 2678 2579 sumptis
2710 2513 2913 2562 contra
2942 2508 3152 2561 Mcesos
3185 2506 3494 2570 Barbaros,

2079 2600 2181 2669 qui
2217 2600 2510 2654 Romanas
2541 2602 2731 2652 terras
2763 2596 3163 2659 incursabant,

2079 2687 2402 2758 tropbeeum
2434 2686 2663 2757 insigne
2690 2690 2821 2756 post
2849 2684 3153 2739 victoriam
3187 2682 3419 2749 struxit,

2083 2775 2286 2846 spoliis
2316 2774 2550 2845 opimis,
2583 2779 2647 2827 ut
2676 2775 2862 2842 aiunt,
2890 2772 3106 2829 relatis.

2082 2862 2233 2919 Justi
2267 2870 2543 2934 przelerea
2573 2862 2887 2931 legumque
2918 2866 3115 2916 custos

2086 2951 2379 3023 publicam
2412 2966 2531 3005 rem
2566 2949 2838 3021 praeclare
2866 2949 3156 3019 dirigebat
3189 2964 3203 3005 :

2086 3055 2275 3109 neque
2303 3040 2534 3093 venales
2566 3040 2748 3108 pretio
2781 3039 3157 3110 praefecturas

2085 3126 2172 3181 vel
2206 3126 2493 3182 militares
2523 3125 2736 3182 obtulit
2766 3127 3048 3191 ducatus;

2005 3230 2048 3296 ρ
2088 3230 2275 3285 neque
2303 3214 2500 3269 civiles
2530 3214 2668 3270 item
2701 3215 3084 3285 magistratus

2084 3304 2225 3358 viris
2255 3302 2550 3357 commisit
2578 3304 2807 3356 muneri
2841 3302 3089 3372 ineptis;

2086 3392 2187 3446 sed
2218 3407 2352 3446 cum
2386 3391 2608 3445 ratione
2639 3394 2907 3459 rectoque
2930 3390 3155 3460 judicio

2087 3479 2276 3533 officia
2304 3479 2571 3534 attribuit
2600 3483 2658 3535 et
2681 3478 3140 3549 procurationes.

2086 3572 2367 3638 Raptores
2398 3572 2590 3622 autem
2622 3568 2852 3637 legibus
2880 3565 3135 3621 coercuit
3165 3581 3179 3620 :

2089 3672 2224 3709 nam
2257 3660 2313 3710 et
2343 3670 2579 3711 uxorem
2612 3656 2721 3710 viri
2752 3654 3109 3727 pauperrimi

2089 3758 2224 3798 cum
2258 3758 2523 3797 summas
2554 3745 2793 3812 quidam
2827 3744 2937 3798 sibi
2968 3743 3341 3807 vindicasset,

2088 3830 2363 3903 quoniam
2396 3830 2698 3901 praefectus
2729 3831 2885 3886 haud
2918 3831 3193 3885 admissis
3224 3828 3494 3900 precibus

2087 3926 2205 3976 tam
2234 3919 2549 3975 scelestum
2582 3919 2810 3972 facinus
2843 3936 2958 3973 non
2989 3917 3411 3983 vindicaverat;

2088 4009 2211 4078 ipse
2240 4008 2558 4078 imperator
2584 4006 2777 4077 puniit
2807 4010 3121 4077 raptorem,

2088 4096 2422 4167 praelectum
2455 4102 2648 4150 autem
2680 4094 2867 4149 ofﬁcio
2895 4094 3179 4164 spoliavit.

2087 4184 2271 4253 Atque
2303 4183 2361 4236 in
2396 4182 2488 4237 his
2519 4182 2756 4252 quidem
2789 4181 2961 4237 laude
2992 4182 3208 4253 dignus
3240 4182 3370 4237 Leo.

2089 4273 2193 4325 Sed
2226 4270 2383 4325 enim
2417 4271 2548 4326 odio
2580 4276 2916 4326 sanctarum
2950 4270 3275 4341 imaginum

2089 4374 2321 4414 omnem
2353 4359 2602 4414 excessit
2633 4359 2870 4414 malitiae
2900 4357 3168 4414 limitem.

2090 4447 2314 4519 Quippe
2348 4447 2502 4503 hunc
2535 4463 2789 4502 errorem
2817 4446 2982 4503 valde
3012 4446 3491 4517 amplectebatur,

2092 4536 2151 4591 in
2182 4552 2358 4607 quem
2390 4535 2677 4591 inciderat
2709 4536 2840 4590 fuco
2872 4536 3151 4605 deceptus

2090 4640 2123 4679 a
2155 4625 2390 4696 pseudis
2424 4623 2727 4679 monachis
2758 4623 2953 4691 impiis
2984 4621 3406 4692 impostoribus

2092 4712 2192 4783 qui
2223 4712 2335 4766 sibi
2370 4713 2430 4766 in
2462 4710 2642 4765 sacris
2674 4712 2913 4765 aderant
2939 4709 3281 4777 consiliarii,

2091 4816 2195 4854 ceu
2229 4816 2437 4870 nempe
2462 4802 2773 4853 eventuum
2804 4814 3148 4853 arcanorum
3182 4797 3419 4865 conscii,

2092 4892 2149 4943 et
2178 4886 2363 4943 sancti
2396 4886 2645 4957 Spiritus
2677 4902 2916 4942 munere
2945 4886 3226 4942 exornati.

2092 4974 2481 5039 Quamobrem
2515 4974 2723 5029 horum
2752 4973 3070 5030 instinctus
3100 4974 3470 5030 sermonibus

2094 5063 2311 5134 impius
2345 5062 2615 5133 princeps
2647 5063 2898 5133 pessime
2929 5062 3245 5118 resuscitat

2093 5152 2368 5223 synodico
2399 5152 2741 5207 exstinctam
2776 5152 3004 5206 decreto
3035 5150 3325 5216 hzeresim,

2092 5256 2325 5311 gravem
2357 5239 2765 5310 leoninamque
2796 5240 2941 5294 iram
2976 5238 3206 5309 spirans

2092 5328 2371 5382 adversus
2403 5332 2458 5382 et
2484 5328 2833 5383 orthodoxos
2864 5327 2988 5398 pios
3020 5323 3443 5396 Christophilos
3476 5337 3490 5376 :

2091 5421 2148 5471 et
2180 5414 2653 5487 archiprzesulem
2686 5418 2920 5470 doctum
2953 5414 3368 5484 Nicephorum,

2093 5504 2190 5576 qui
2226 5503 2617 5559 abominando
2649 5503 2903 5575 dogmati
2936 5502 3263 5567 resistebat,

446 5665 532 5737 36)
564 5667 647 5722 Ita
676 5667 887 5734 codex;
917 5667 1086 5745 cujus
1116 5664 1377 5720 vocabuli
1410 5665 1705 5721 notionem
1737 5664 1810 5719 ab
1841 5662 1974 5718 aliis
2003 5662 2225 5717 discere
2254 5663 2473 5718 studes.
