4154 6304
479 372 543 426 91
1680 378 2049 429 ΕΡΗΒΕΜΙΙ
2085 374 2119 429 C

1680 378 2049 429 EPHRJEMII
2085 373 2650 429 CHRONOGRAPHI

475 496 615 552 sede
639 496 971 568 depositum
1002 498 1169 570 pellit
1196 500 1256 554 in
1284 498 1557 556 exsilium

480 585 553 640 ad
586 585 991 642 Prmconesum
1024 587 1280 643 insulam
1312 586 1840 658 Hellesponticum;

479 673 552 729 ad
584 689 762 744 quam
795 676 937 730 dum
970 676 1098 731 navi
1132 677 1475 748 deportatus
1508 675 1762 741 ducitur,

482 761 699 817 mirum
732 761 791 816 in
824 778 1001 817 cursu
1037 763 1281 833 contigit
1311 764 1664 836 prodigium.

482 848 630 904 Nam
662 851 848 905 sancti
877 850 985 905 viri
1020 851 1250 922 cognito
1282 851 1617 922 spiritaliter

481 937 688 994 itinere
720 938 852 993 dius
884 939 1289 1011 Theophanes,
1324 940 1525 1011 procul
1555 940 1710 1007 licet,

483 1026 586 1097 qui
616 1026 971 1082 monasterio
1004 1033 1248 1099 praeerat
1278 1028 1335 1081 in
1368 1029 1525 1099 agris
1558 1028 1765 1099 posito,

483 1118 543 1171 et
569 1118 698 1170 ture
727 1114 953 1171 facibus
985 1115 1241 1172 incensis
1276 1132 1552 1187 magnum

483 1204 949 1275 prosequebatur
976 1204 1153 1260 veluti
1187 1204 1452 1261 salutans
1481 1205 1694 1260 virum.

484 1291 755 1348 Vicissim
787 1292 858 1348 de
889 1309 1031 1348 nave
1060 1293 1156 1348 hic
1186 1309 1435 1348 cernuus
1466 1294 1748 1348 adorabat

486 1380 737 1436 amicum
768 1380 869 1451 qui
893 1385 1295 1437 transeuntem
1328 1396 1391 1437 se
1421 1382 1765 1437 honorabat.

485 1467 670 1540 Igitur
698 1468 895 1525 nautis
918 1470 1051 1539 jure
1082 1469 1508 1525 dcmirantibus

485 1560 544 1613 et
572 1572 889 1627 quemnam
922 1558 1191 1614 adoraret
1221 1558 1679 1626 sciscitantibus,

488 1644 798 1717 Inclytum,
829 1645 1024 1717 inquit
1051 1648 1399 1714 vaticinans,
1433 1646 1848 1716 Theophanem

486 1734 878 1791 confessorem
906 1739 963 1791 et
993 1735 1416 1791 monachorum
1448 1735 1777 1807 praesidem,

485 1823 586 1894 qui
616 1830 883 1879 sanctum
916 1824 1262 1879 asceterium
1294 1824 1352 1879 in
1385 1840 1522 1895 agro
1554 1821 1836 1879 incolunt.

484 1909 702 1966 Deinde
735 1910 839 1966 Leo
871 1910 1111 1967 balbum
1141 1910 1483 1968 Michaelem

486 1998 861 2070 splendidum
892 1998 1080 2054 virum
1112 2016 1181 2054 ex
1211 1999 1583 2069 optimatium
1616 2014 1858 2055 numero

490 2102 664 2158 quem
697 2085 981 2143 hactenus
1011 2087 1267 2143 amicum
1298 2088 1357 2142 in
1388 2087 1522 2143 aula
1552 2089 1855 2157 habuerat,

490 2172 752 2228 vinctum
782 2174 997 2229 carceri
1027 2174 1207 2229 tradit
1236 2174 1684 2229 custodiendum
1717 2189 1731 2227 :

488 2276 623 2316 mox
651 2261 826 2317 etiam
857 2260 1069 2316 immiti
1101 2262 1298 2317 animo
1328 2261 1589 2316 decernit
1620 2261 1734 2331 ipsi

484 2348 765 2405 luendum
798 2349 933 2421 igne
963 2365 1306 2420 supremum
1340 2348 1701 2420 supplicium
1735 2365 1750 2404 :

483 2441 541 2494 et
571 2437 698 2493 sine
731 2452 894 2493 mora
922 2451 1045 2492 rem
1078 2440 1486 2492 transacturus
1514 2441 1661 2505 erat,

487 2525 602 2582 nisi
631 2524 835 2597 regina
866 2525 1080 2596 conjux
1109 2525 1556 2582 intercessisset.

488 2615 635 2685 Ergo
667 2613 761 2669 hic
792 2614 1072 2669 dimissus
1095 2613 1365 2679 vinculis,
1399 2614 1736 2683 conjuratos

488 2703 753 2770 advocat,
783 2706 952 2758 notos
983 2702 1095 2757 sibi
1130 2702 1212 2756 rei
1242 2702 1507 2773 gerendas
1538 2702 1748 2771 socios,

487 2791 841 2863 quibuscum
875 2790 1051 2845 Leoni
1081 2790 1279 2845 statim
1304 2790 1481 2845 struit
1509 2789 1773 2846 insidias.

483 2878 554 2934 Hi
584 2878 694 2934 sub
724 2893 993 2933 auroram
1026 2875 1369 2949 introgressi
1399 2876 1733 2934 clanculum

484 2966 544 3022 in
578 2964 772 3022 aulam
804 2965 1046 3037 regiam,
1078 2965 1262 3037 Papias
1295 2966 1507 3031 favore,

486 3054 598 3111 sub
627 3053 880 3111 clericali
908 3057 1066 3109 veste
1094 3053 1377 3110 succincti
1408 3054 1642 3126 gladiis,

485 3158 591 3200 ceu
622 3141 929 3198 matutinis
960 3142 1201 3198 canticis
1231 3143 1425 3198 daturi
1456 3157 1716 3212 operam,

486 3231 665 3288 armis
696 3231 923 3287 eductis
953 3230 1203 3286 Leonem
1234 3230 1574 3286 confodiunt

484 3317 833 3392 psallentem
862 3317 924 3373 in
954 3316 1201 3374 ecclesia
1229 3317 1380 3374 inter
1407 3318 1648 3375 clericos
1682 3334 1696 3373 :

486 3408 587 3479 qui
617 3406 858 3463 territus
888 3407 961 3462 ad
992 3404 1256 3462 divinum
1289 3407 1470 3463 altare
1499 3406 1846 3478 confugiens

484 3496 545 3552 in
574 3510 641 3552 eo
665 3494 980 3551 violentam
1014 3495 1254 3567 pertulit
1283 3510 1484 3551 necem
1516 3494 1661 3563 loco,

486 3600 663 3659 quem
692 3582 1008 3639 violaverat
1036 3584 1347 3639 haereticus
1378 3582 1598 3639 infelix.

484 3675 617 3739 Quae
649 3672 992 3745 priusquam
1024 3672 1328 3740 occideret,
1362 3672 1469 3727 hoc
1498 3672 1688 3728 visum
1720 3674 1949 3730 accidit.

488 3762 676 3819 Mater
704 3759 907 3817 Leonis
938 3760 1237 3832 conspexit
1266 3775 1370 3832 per
1398 3761 1695 3818 somnium

486 3852 547 3906 in
578 3850 987 3907 Blachernensi
1027 3848 1246 3921 templo
1276 3850 1607 3906 adstantem
1638 3851 1751 3907 sibi

486 3938 768 3995 feminam
798 3942 1131 3995 exornatam
1158 3940 1217 3994 in
1249 3939 1477 4010 regium
1512 3956 1747 4005 morem,

488 4044 665 4101 quam
697 4028 1115 4084 circumstabat
1143 4044 1277 4084 cum
1304 4028 1531 4084 decenti
1563 4027 1769 4084 ordine

487 4118 934 4175 candidatorum
965 4118 1302 4189 manipulus
1333 4120 1613 4174 virorum.

484 4207 596 4264 Sed
630 4206 1025 4279 pavimentum
1057 4206 1421 4262 redundabat
1450 4206 1757 4278 sanguine.

487 4301 736 4367 Insuper
766 4296 952 4351 audiit
980 4295 1271 4350 dicentem
1305 4293 1641 4362 mulierem;

488 4388 554 4441 ut
584 4383 736 4455 regis
766 4382 967 4439 matris
999 4383 1254 4455 scyphus
1280 4382 1351 4437 ad
1378 4381 1699 4437 bibendum

491 4489 696 4529 cruore
725 4470 937 4543 plenus
968 4472 1358 4527 exhiberetur.

490 4564 613 4628 Qua
640 4560 818 4617 talem
845 4563 1049 4632 potum
1076 4575 1317 4631 prorsus
1349 4563 1677 4630 respuente,

489 4648 703 4706 mulier
731 4649 1053 4721 respondit,
1085 4648 1287 4703 Nonne
1317 4636 1475 4703 ﬁlius
1506 4652 1645 4703 tuus

488 4738 750 4795 divinum
780 4738 991 4794 Filium
1025 4753 1218 4793 meum
1248 4742 1307 4793 et
1337 4753 1429 4797 me
1461 4736 1788 4795 colentibus

490 4827 695 4901 plagas
726 4826 974 4899 imponit
1004 4831 1210 4896 praeter
1238 4826 1327 4882 fas
1355 4830 1627 4883 cruentas
1648 4828 1676 4883 ?

492 4918 628 4989 Ipsa
656 4915 883 4988 rogavit
914 4913 1096 4986 igitur
1118 4930 1313 4986 regem
1344 4914 1534 4971 {ilium

493 5004 688 5060 scelus
717 5006 783 5059 ut
817 5002 1134 5071 omitteret,
1169 5001 1382 5072 nequid
1417 5003 1555 5058 mali
1589 5004 1913 5076 accideret;

492 5107 695 5150 verum
726 5091 819 5147 hic
846 5091 1129 5147 maternis
1158 5090 1315 5147 haud
1348 5092 1543 5163 paruit
1575 5093 1833 5149 monitis.

848 5206 1163 5262 MICHAEL
1200 5207 1470 5265 BALBUS
1509 5211 1629 5263 AN.
1675 5209 1774 5263 IX.

492 5308 585 5363 Sic
616 5306 939 5374 interiecto,
972 5309 1037 5361 ut
1068 5306 1347 5373 diximus,
1381 5306 1590 5376 Leone,

493 5394 738 5452 Michael
770 5394 981 5451 balbus
1013 5394 1271 5466 procedit
1301 5395 1636 5465 imperator,

497 5484 599 5557 qui
629 5485 802 5555 pedes
832 5484 1024 5539 adhuc
1052 5483 1273 5555 pedicis
1306 5482 1613 5539 conclusos

494 5577 735 5647 gestans
766 5574 836 5629 ad
873 5573 1098 5643 regium
1128 5571 1359 5627 devenit
1379 5571 1714 5642 fastigium;

498 5664 812 5734 statimque
839 5663 909 5719 ad
944 5666 1214 5732 Magnam
1246 5677 1588 5733 progressus
1621 5661 1937 5719 Ecclesium

2140 495 2195 562 Α

2154 1850 2203 1915 Β

2150 3194 2194 3261 C

2154 4547 2202 4613 D

2401 491 2627 562 Τίθησιν
2656 491 2926 565 ἐξόριστον
2958 487 3089 548 έκϐα
3132 495 3204 548 ὼν
3239 491 3435 568 θρόνου

2398 581 2490 642 Εἰς
2522 581 2893 655 Προικόνησον
2921 587 3083 649 νῆσον
3113 579 3561 650 Ἑλλησποντίων
3592 598 3608 612 ⁸

2400 668 2493 730 Εἷς
2523 670 2583 737 ἢν
2617 666 2926 731 διαπόντιος
2957 669 3022 737 ἦν
3056 668 3406 742 ἐσταλμένος,

2222 758 2362 812 2130
2402 757 2495 811 Καὶ
2526 758 2661 811 κατὰ
2689 757 2779 811 τὸν
2812 754 3008 829 πλοῦν,
3042 756 3086 811 ὣ
3113 757 3393 829 τεραστίου
3424 754 3621 833 λόγουί

2398 848 2483 915 Τῷ
2512 843 2776 916 πνεύματι
2804 843 2963 919 γνοὺς
2993 846 3092 913 τὴν
3124 844 3377 899 κέλευθον
3409 845 3561 919 ἁγίου

2401 934 2678 1008 Θεοφάνης
2704 932 2986 1008 πόρῥωθεν
3015 927 3193 1003 ἔνθεος
3225 931 3431 1007 λύχνος

2400 1021 2589 1089 Μονῆς
2622 1021 2900 1088 προεστὼς
2926 1024 3025 1085 τῆς
3054 1020 3172 1074 κατ’
3199 1019 3364 1093 ἀγρὸν
3395 1020 3652 1093 κειμένης

2402 1108 2747 1180 Θυμιάμασιν
2776 1107 3051 1181 ἡμμέναις
3081 1129 3139 1163 τε
3170 1108 3445 1181 λαμπάσιν

2225 1197 2366 1252 2135
2404 1193 2762 1271 Προῦπεμπεν
2792 1199 2906 1250 οἷον
2936 1194 3273 1269 δεξιούμενος
3301 1194 3485 1272 μέγαν.

2403 1286 2463 1341 Ὁ
2496 1281 2542 1338 δ’
2572 1284 2630 1338 έκ
2659 1284 2918 1348 κελεύθου
2948 1284 3311 1359 προσκύνησιν
3343 1286 3408 1354 ἦν
3440 1285 3617 1359 νέμων

2403 1375 2499 1443 Τῷ
2527 1373 2627 1439 τήν
2658 1374 2999 1447 προπομπὴν
3033 1373 3382 1446 ηὗτρεπικότι
3414 1374 3586 1449 φίλῳ.

2406 1461 2494 1521 Ὠς
2515 1458 2658 1523 εῗκὸς
2688 1460 2880 1517 οὐκοῦν
2913 1460 3301 1534 θαυμασάντων
3332 1461 3600 1517 ναυτίλων

2408 1549 2509 1605 Καὶ
2540 1547 2647 1603 τίνι
2676 1550 3043 1620 προσκύνησιν
3083 1550 3345 1605 εἰπόντων
3375 1549 3549 1623 νέμει,

2228 1638 2371 1694 2140
2408 1638 2475 1693 Ἥ
2507 1634 2555 1691 δ’
2583 1638 2643 1698 ὃς
2674 1642 2986 1713 προαθρῶν,
3014 1636 3246 1709 Γεννάδᾳ
3273 1639 3529 1716 Θεοφάνει

2406 1722 2758 1800 ’Θμολογητῇ
2790 1728 2877 1780 καὶ
2915 1730 3172 1801 μοναχῶν
3206 1727 3480 1802 προστάτῃ

2409 1812 2788 1885 Ἀσκουμένων
2816 1813 3084 1870 κάλλιστα
3110 1815 3226 1869 κατ’
3256 1814 3417 1890 ἀγρὸν
3454 1816 3640 1891 μέγαν.

2409 1902 2583 1963 Οὗτος
2612 1903 2901 1977 κατασχὼν
2931 1903 3164 1977 Μιχαὴλ
3192 1902 3426 1978 τραυλὸν
3461 1905 3605 1968 θέσιν

2408 1994 2524 2043 Τῶν
2552 2011 2672 2044 τινα
2701 1988 2969 2066 λαμπρῶν
3001 1991 3090 2046 καὶ
3122 1993 3587 2069 περιφανεστάτων

2230 2080 2374 2135 2145
2411 2078 2508 2133 Καὶ
2536 2080 2767 2154 πρόσθεν
2800 2080 2852 2133 οἱ
2882 2078 3055 2155 φίλων
3085 2100 3143 2134 τε
3168 2079 3256 2134 καὶ
3285 2081 3641 2153 τιμωμένων,

2408 2168 2497 2223 Ἑν
2529 2164 2746 2241 φυλακῇ
2778 2167 2957 2236 τίθησι
2988 2166 3076 2221 καὶ
3107 2169 3446 2242 καθειργνύει
3474 2186 3488 2201 ⁶

2408 2256 2537 2312 Εἶτα
2563 2255 2941 2331 κατακέκρικεν
2966 2255 3127 2309 αὐτοῦ
3156 2256 3246 2309 καὶ
3279 2256 3447 2330 μόρον

2407 2345 2514 2401 Τὸν
2547 2340 2637 2397 διὰ
2664 2343 2833 2418 πυρὸς
2863 2345 2898 2411 ἠ
2936 2341 3104 2417 μιαρὰ
3130 2340 3327 2418 καρδία
3358 2364 3371 2379 ·

2410 2432 2508 2486 Καὶ
2537 2430 2664 2506 τάχ’
2696 2431 2755 2485 ἃν
2788 2430 3034 2504 ἐξήνυσεν
3067 2431 3231 2487 αὐτὸν
3266 2431 3477 2507 αὐτίκα,

2228 2523 2372 2578 2150
2408 2520 2475 2578 El
2501 2522 2576 2593 μὴ
2615 2518 2829 2593 βασιλὶς
2861 2518 3058 2582 εὐνέτις
3089 2521 3155 2589 ἦν
3188 2518 3445 2584 ένστάτις.

2410 2608 2561 2663 Ἐπεὶ
2591 2606 2636 2661 δ’
2669 2608 2884 2685 ἀφείθη,
2910 2607 3143 2670 καλέσας
3174 2608 3489 2681 συνωμότας

2411 2704 2736 2777 Συνίστορας
2770 2700 2992 2775 δέσμιος
3021 2702 3112 2766 οὓς
3141 2699 3260 2776 ᾔδει
3289 2702 3478 2780 τάχος,

2409 2792 2515 2847 Σὺν
2548 2792 2696 2870 σφίσι
2725 2797 2804 2863 τῷ
2835 2792 3027 2847 Λέοντι
3056 2791 3270 2847 καττύει
3302 2789 3475 2869 λόχον
3511 2812 3526 2828 ·

2407 2883 2475 2939 Οἳ
2508 2882 2595 2936 καὶ
2628 2882 2745 2935 κατ’
2775 2876 2970 2955 ὄρθρον
3000 2876 3423 2954 παραϐυσθέντες
3452 2883 3627 2958 λάθρα

2229 2973 2370 3027 2155
2407 2972 2540 3031 Τοῖς
2574 2967 2871 3042 βασιλείοις
2902 2967 3111 3023 Παπίου
3141 2971 3393 3047 συνεργίᾳ

2404 3061 2495 3115 Ἐν
2527 3054 2809 3128 κληρικῶν
2839 3058 3085 3131 σχήματι
3115 3058 3206 3112 καὶ
3238 3058 3553 3136 ξιφηφόροι,

2409 3148 2498 3207 Ὠς
2528 3144 2684 3215 δῆθεν
2717 3144 3022 3207 ἀνοίσοντες
3052 3143 3197 3218 ᾠδὰς
3229 3148 3469 3223 ὀρθρίας,

2412 3235 2712 3313 Σφάττουσι
2742 3234 2832 3287 τὸν
2865 3234 3068 3288 Λέοντα
3094 3240 3211 3299 τοῖς
3240 3234 3491 3312 ξιφιδίοις

2408 3326 2494 3379 Ἐν
2525 3326 2604 3394 τῷ
2634 3326 2739 3393 νεῷ
2767 3318 3050 3395 ψάλλοντα
3080 3321 3172 3377 σὺν
3200 3322 3629 3399 κληρουμένοις,

2228 3414 2371 3470 2160
2408 3410 2534 3482 Θείᾳ
2560 3408 2799 3485 τραπέζῃ
2832 3412 3280 3487 προσπεφευγότα
3312 3409 3487 3487 φόϐῳ,

2408 3502 2554 3557 Ἐκεῖ
2583 3500 2774 3572 βιαίως
2802 3498 2893 3552 τὸν
2928 3497 3041 3572 βίον
3078 3495 3395 3569 λελοιπότα,

2406 3589 2571 3643 Ἔνθα
2598 3587 2718 3660 περ’
2749 3580 3019 3660 ἐξύϐρισεν
3052 3581 3258 3648 ἀσεϐῶς
3285 3586 3474 3651 τάλας,

2407 3674 2542 3749 Πρὶν
2572 3673 2607 3743 ἢ
2642 3670 2699 3728 δὲ
2720 3676 2886 3728 ταῦτα
2914 3678 3225 3746 συμπεσεῖν,
3260 3673 3435 3730 ὦπται
3464 3675 3592 3733 τάδε
3623 3694 3638 3709 °

2405 3761 2591 3833 Ἔδοξε
2624 3762 2790 3836 μητρὶ
2818 3765 2913 3817 τοῦ
2943 3763 3173 3824 Λέοντος
3202 3764 3319 3818 κατ’
3348 3759 3478 3840 ὄναρ

2226 3854 2370 3911 2165
2407 3854 2538 3923 Ναῷ
2568 3850 2895 3927 Βλαχερνῶν
2927 3848 3171 3906 εἷσδῦσαν
3204 3852 3530 3928 παρεστάναι

2406 3945 2639 3995 Γυναῖκα
2666 3945 2947 4015 καταθρεῖν
2975 3938 3206 4013 κοσμίαν
3244 3939 3502 4016 βασιλίδα

2406 4033 2787 4104 Λευχεινοῦσιν
2819 4027 3042 4103 ἀνδράσι
3071 4024 3415 4102 τιμωμένην,

2407 4118 2893 4195 Λορυφορουμένην
2920 4136 2977 4169 τε
3006 4114 3096 4168 σὺν
3130 4116 3363 4188 εὐταξίᾳ.

2404 4206 2479 4261 Τὸ
2512 4204 2737 4261 δάπεδον
2773 4201 2830 4257 δὲ
2858 4201 3067 4277 πλῆρες
3098 4203 3339 4275 αἱμάτων
3377 4206 3618 4280 βλέπειν.

2228 4298 2370 4353 2170
2408 4294 2550 4367 Πρὸς
2580 4291 2627 4347 δ’
2654 4292 2717 4346 αὗ
2743 4292 2965 4345 ἀκοῦσαι
2995 4296 3094 4360 τῆς
3127 4288 3610 4368 δορυφορουμένης

2410 4386 2610 4443 Σκεῢος
2641 4378 2907 4455 λεγούσης
2936 4378 3101 4455 μητρὶ
3132 4384 3227 4434 τοῦ
3264 4379 3532 4454 βασιλέως

2410 4472 2608 4542 Νέμειν
2637 4473 2779 4523 πιεῖν
2812 4465 3038 4540 α’ίμανος
3067 4467 3549 4544 ἐμπεπλησμένον.

2408 4558 2571 4614 Πόσιν
2604 4554 2660 4612 δὲ
2688 4553 2855 4626 τῆσδε
2883 4555 3163 4619 παντελῶς
3192 4557 3556 4633 ἀρνουμένης,

2410 4651 2641 4701 Γυναῖκα
2672 4646 2854 4723 φάναι,
2890 4646 2993 4707 Σὸς
3027 4643 3085 4700 δὲ
3114 4650 3242 4708 παῖς
3274 4645 3379 4722 οὐχ
3416 4647 3658 4721 αἱμάτων

2232 4740 2374 4796 2175
2412 4736 2535 4791 Υἳὸν
2568 4733 2695 4790 Θεόν
2730 4754 2834 4807 μου
2864 4738 3296 4809 προσκυνοῦντας
3326 4734 3466 4809 κάμέ
3494 4758 3555 4812 γε

2410 4825 2605 4895 Τίθησι
2630 4820 2864 4898 πλήρεις
2896 4826 3168 4896 μαστικῶν
3193 4823 3523 4898 παρανόμως
3548 4847 3563 4896 ;

2413 4911 2618 4972 Ἐδεῖτο
2649 4909 2841 4974 παιδὸς
2869 4915 3159 4987 τοιγαροῦν
3194 4911 3538 4990 στεφηφόρου

2415 5002 2584 5074 Λῆξαι
2611 5000 2801 5075 μανίας
2834 5001 2910 5073 μὴ
2941 4999 3103 5054 κακόν
3134 5020 3186 5053 τι
3214 5002 3304 5053 καί
3340 5001 3485 5075 πάθῃ
3521 5020 3534 5035 ο

2419 5090 2575 5148 ,Αλλτ
2596 5092 2661 5161 ἦν
2686 5090 2914 5157 ἀπειθὴς
2948 5093 3236 5164 μητρυιαῖς
3268 5085 3651 5163 συμϐουλίαις.

2568 5209 2844 5266 ΜΙΧΑΗΛ
2883 5206 2927 5263 Ο
2965 5200 3279 5264 ΤΡΑΥΑΟΣ
3319 5209 3427 5265 ET.
3470 5209 3544 5265 6'.

2239 5313 2381 5368 2180
2418 5308 2577 5367 Οὕτω
2609 5307 2900 5383 σφαγέντος
2931 5309 3027 5360 τοῦ
3058 5302 3310 5375 Λέοντος,
3342 5307 3417 5368 ὡς
3448 5300 3605 5383 ἔφην,

2415 5394 2658 5472 Τραυλὸς
2693 5393 2929 5469 Μιχαὴλ
2957 5391 3326 5449 ἀναδείκνυται
3356 5396 3597 5470 κράτωρ,

2418 5488 2537 5543 Ἔτι
2570 5481 2779 5557 σιδήρῳ
2807 5480 2933 5545 τοὺς
2963 5480 3126 5545 πόδας
3155 5485 3541 5558 καθειργμένος

2420 5573 2824 5648 ’Δναγορευθεὶς
2860 5570 3113 5645 βασιλεὺς
3142 5570 3491 5648 αὐτοκράτωρ
3525 5592 3540 5606 ·

2421 5664 2532 5719 Εἶτ’
2564 5663 2639 5726 εἷς
2672 5661 2909 5737 μεγάλην
2941 5658 3313 5735 προσδραμὼν
3342 5659 3635 5732 ἐκκλησίαν

3787 374 3859 429 92
