4132 6300
305 310 379 365 93

304 436 450 493 2185
487 438 627 511 Παρ’
656 437 954 514 ἀρχιθύτου
980 441 1177 516 γίνεται
1210 442 1564 520 στεφηφόρος.

485 526 729 581 νΑνωθεν
762 528 918 590 οὗτος
948 525 1094 583 εἷλκε
1121 529 1297 604 σειρὰν
1327 535 1423 586 τοῦ
1453 531 1642 608 γένους

486 614 581 668 Ἐκ
614 613 853 689 Φρυγίας
880 616 997 689 μὲν,
1029 616 1217 679 ἄστεος
1251 615 1299 672 δ’
1332 619 1616 694 Ἀμορίου,

487 700 685 777 Ἐκφῦς
718 708 993 778 πενιχρῶν
1028 704 1244 780 ἀπόρων
1275 727 1334 760 τε
1363 708 1633 783 πατέρων,

484 790 651 865 Ἀνὴρ
682 789 953 866 ἀποφρὰς,
988 788 1270 863 δυσσεϐὴς.
1306 800 1512 852 πιστῶν
1553 797 1703 870 λύμη

300 878 449 933 2190
486 877 667 952 Βαρὺς
694 881 941 953 τιμωρὸς
973 879 1405 953 ὁρθοδοξούντων
1443 884 1659 962 μέρους,

482 963 760 1041 Ηάρδαλιε
794 967 908 1022 οἷον
939 966 1339 1046 ποικιλόχροος
1371 970 1552 1043 σέϐας,

482 1053 689 1117 Ἄλλος
718 1054 1041 1130 χαμαιλέων
1072 1080 1154 1121 τις
1187 1056 1426 1133 ἀμείϐων
1457 1066 1650 1138 χρόας,

485 1145 601 1211 Τῆς
634 1144 922 1219 άὶρετικῶν
946 1144 1302 1217 παντοδαπῆς
1326 1149 1513 1213 κακίας

486 1234 839 1306 Ηανσπερμία
865 1255 949 1297 τις
978 1240 1270 1312 παμμιγὴς
1306 1236 1623 1312 βδελυκτέα,

306 1333 451 1388 2195
488 1333 835 1418 Ἀθιγγάνοις
859 1354 919 1388 τε
947 1334 1035 1389 καὶ
1066 1341 1475 1413 χριστομάχοις
1504 1341 1688 1418 φίλος,

486 1417 875 1482 Σαδδουκαίοις
912 1422 1147 1495 μάλιστα
1175 1431 1290 1488 τοῖς
1319 1417 1678 1502 τρισαθλίοις,

486 1507 672 1583 Ἀλλῃ
701 1530 759 1564 τε
789 1509 998 1566 λοιπῶν
1032 1514 1317 1587 αἱρετικῶν
1346 1518 1600 1593 φρατρίᾳ,

488 1598 737 1672 Ἔστεργε
763 1600 831 1653 τὰ
862 1594 1114 1655 Σάϐϐατα
1142 1602 1232 1657 καὶ
1262 1604 1585 1677 νουμηνίας·

486 1684 756 1743 ΜέΑλοντ¹
786 1688 959 1762 ἀγαθά
985 1690 1076 1744 καὶ
1105 1690 1270 1747 πάλιν
1299 1689 1506 1768 δρόμου
1540 1695 1673 1771 βίον,

308 1784 453 1840 2200
490 1784 589 1839 Καὶ
618 1788 724 1840 τῶν
756 1791 1073 1864 προφητῶν·
1109 1790 1319 1864 διέσυρε
1347 1792 1409 1846 τὸ
1438 1792 1648 1867 στίφος·

488 1873 606 1929 Οὐκ
635 1870 758 1945 ᾤετ’
787 1877 922 1930 εἶναι
956 1873 1219 1949 δαίμοτας
1246 1879 1308 1934 τὸ
1339 1880 1608 1952 παράπαν·

486 1961 587 2015 Τὸν
623 1959 827 2018 Ἰούδαν
862 1962 1087 2038 ἔφασκεν
1124 1965 1257 2021 εἶναι
1288 1964 1522 2025 δεκτέον·

488 2050 581 2118 Mil
610 2050 748 2105 κατὰ
768 2053 956 2125 καιρὸν
989 2052 1318 2110 ἐκτελεῖσθαι
1349 2058 1465 2111 κατ’
1496 2055 1635 2121 ἔθος.

493 2138 686 2213 Πάσχα
712 2140 775 2194 τὸ
806 2142 1076 2212 σωτήριον
1106 2143 1459 2219 ἀπεφλυᾶρει·

312 2226 451 2281 2205
494 2228 757 2302 Ησρνείαν
787 2230 1063 2302 ὠνόμαζεν
1093 2230 1201 2307 οὐχ
1226 2233 1508 2309 ἁμαρτίαν,

488 2313 616 2371 Οὕτ’
645 2312 791 2371 ἄλλο
821 2322 1022 2391 κακῶν,
1054 2318 1372 2396 φιλόποινος
1403 2320 1617 2397 καρδία·

491 2402 619 2458 Θεόν
650 2407 697 2460 τ’
730 2404 956 2477 ὀμνύναι
984 2410 1091 2462 τῶν
1126 2408 1271 2464 ὅλων
1304 2411 1609 2487 παρηγγύα,

489 2492 578 2553 Ὡς
614 2493 689 2565 μὴ
722 2494 1148 2568 τρισυπόστατον
1183 2497 1366 2569 ὑμνῶν
1401 2499 1628 2574 Τριάδα.

488 2580 660 2642 Οὗτος
694 2581 861 2658 βαρὺς
881 2580 1132 2641 ἔπνευσεν
1162 2581 1397 2641 εὐσεϐῶν
1428 2589 1577 2664 μέρει

312 2670 455 2726 2210
490 2667 889 2727 καθυποϐαλὼν
922 2671 1118 2735 αἰκίαις
1146 2678 1279 2751 σφᾶς
1308 2675 1519 2751 ἀγρίαις

490 2758 599 2813 Καὶ
632 2755 948 2833 φυγαδείαις
973 2764 1064 2816 καὶ
1092 2759 1405 2817 τελευταῖον
1437 2764 1625 2836 μύροις

487 2848 651 2923 ’Υπὲρ
684 2845 958 2906 σεϐαστῶν
990 2857 1381 2927 προσκυνητῶν
1412 2853 1660 2910 εἰκόνων·

492 2938 637 3012 Πρὸς
663 2935 845 2993 τοῖσδε
873 2940 1211 3017 καθείργνυσι
1243 2949 1532 3020 φωστῆρας
1566 2942 1661 3001 δύο

493 3024 770 3098 Εὐθύμιον
800 3025 1051 3101 Σάρδεων
1084 3028 1176 3083 σῦν
1207 3028 1478 3104 Μεθοδίῳ,

308 3124 454 3180 2215
488 3122 689 3179 Τύπτει
717 3124 768 3178 τ’
798 3121 1031 3199 ἀφειδῶς
1065 3126 1337 3200 μαστίγων
1370 3126 1595 3185 πολλῶν
1632 3131 1784 3207 βάρει

490 3212 585 3265 Ὧν
617 3211 889 3284 Εὐθύμιος
909 3212 1165 3288 εὐψύχως
1194 3215 1368 3292 φέρων
1399 3216 1596 3281 πόνους

488 3301 912 3372 Ἐναποθνήσκει
949 3303 1200 3378 βασάνοις
1231 3299 1413 3360 λαϐὼν
1448 3305 1659 3383 στέφος·

488 3390 875 3465 Καθείργνυται
906 3388 964 3446 δὲ
994 3390 1261 3456 Μεθόδιος
1295 3394 1582 3469 μακρόθεν.

489 3480 710 3535 ’Ἃνακτι
739 3476 882 3552 τῷδε
910 3486 1110 3554 Θωμᾶς
1137 3503 1222 3544 τις
1254 3483 1563 3553 ἀποστάτης

308 3568 456 3623 22Ἁ)
496 3567 770 3645 Ἐπιφυεὶς
801 3568 995 3632 ὅπλοις
1025 3591 1085 3625 τε
1108 3570 1197 3625 καὶ
1233 3573 1390 3647 βαρεῖ
1418 3572 1598 3646 στόλῳ

495 3658 718 3731 Πορθῶν
753 3653 916 3731 ἐδῄου
941 3659 1009 3713 τὰ
1037 3659 1189 3734 πέριξ
1216 3660 1562 3729 Βυζαντίδος·

496 3745 598 3799 Καὶ
620 3747 767 3800 τοῦτ’
798 3745 885 3801 ἐπὶ
920 3748 1183 3820 μήκιστον
1218 3747 1279 3802 οὐ
1308 3748 1491 3811 καλῶς
1520 3747 1669 3828 ἕδρα·

495 3833 692 3906 ’Ὀμως
723 3829 874 3902 δίκην
906 3854 1047 3889 ετισε
1078 3837 1365 3910 συσχεθεὶς
1393 3837 1561 3902 τάλας

500 3919 738 3976 Διπλοῦν
772 3921 1006 3986 ὑποστὰς
1038 3925 1111 3978 ὧν
1146 3922 1335 3999 ἔδρασε
1361 3928 1453 3982 τὸν
1489 3928 1677 4004 μόρον.

317 4013 461 4068 2225
496 4011 708 4068 Τούτου
736 4016 1083 4088 κρατοῦντος,
1118 4015 1431 4091 Ἀγαρηνῶν
1458 4038 1510 4072 τι
1541 4019 1721 4093 γένος,

496 4098 724 4172 Οῗκησιν
758 4100 913 4176 ἴσχον
944 4100 1165 4174 δυτικὴν
1196 4101 1455 4182 Ἰϐηρίαν,

493 4192 685 4267 Ἀρχῷ
714 4191 1021 4268 προσῆλθεν
1049 4194 1228 4267 ἀξιοῦν
1261 4197 1513 4252 ἀποικίαν

486 4280 650 4355 Σφίσι
679 4288 980 4358 παρασχεῖν
1012 4281 1090 4347 εἷ¹ς
1118 4306 1237 4340 τινα
1258 4286 1440 4351 θέσθαι
1468 4288 1654 4362 τόπον,
1742 4342 1743 4345 η

485 4373 590 4424 Τοῦ
622 4367 690 4439 δὴ
720 4372 837 4427 κατ’
865 4372 1059 4437 αὐτοὺς
1090 4372 1457 4449 ἐστενωμένου
1485 4377 1655 4434 τόπου

311 4468 451 4535 2230
482 4468 587 4525 Καὶ
621 4469 699 4541 μὴ
728 4470 1005 4535 σθένοντος
1038 4476 1185 4549 σφῶν
1213 4480 1388 4551 φέρειν
1415 4476 1707 4537 συνοικίαν.

491 4558 588 4613 Καὶ
619 4558 857 4623 πείθεται
885 4560 1170 4637 φύλαρχος
1195 4561 1368 4619 αὐτῶν
1394 4570 1513 4628 τοῖς
1547 4563 1758 4642 λόγοις,

490 4651 594 4708 Καὶ
624 4648 817 4706 τούσδε
848 4648 1032 4709 λαϐὼν
1064 4652 1348 4724 ἐξέπλευσε
1378 4655 1470 4711 σὺν
1503 4657 1708 4730 στόλῳ,

490 4745 938 4817 Λαφυραγωγῶν,
969 4742 1267 4817 πυρπολῶν
1298 4746 1498 4815 νήσους
1528 4745 1681 4809 ὅλας.

490 4829 593 4886 Καὶ
622 4837 941 4904 πειρατικῆς
972 4831 1339 4906 ἀναπιμπλῶν
1371 4835 1613 4898 ναυτίας.

312 4918 455 4975 2235
491 4917 638 4973 Ἐπεὶ
670 4916 727 4973 δὲ
757 4920 1071 4996 καθώρμισε
1094 4923 1337 4997 τριήρεις
1367 4925 1580 4998 Κρήτῃ,

487 5007 559 5062 Τὸ
588 5006 875 5086 πάμφορον
910 5008 957 5065 δ’
985 5007 1183 5085 ἔϐλεψε
1209 5013 1379 5082 νήσου
1409 5012 1498 5067 καὶ
1531 5014 1672 5078 θέσιν

489 5099 562 5155 Εὖ
590 5098 830 5171 κράσεως
856 5094 1088 5175 ἔχουσαν
1116 5099 1305 5157 ἄλλων
1331 5103 1377 5156 θ’
1409 5102 1612 5176 ὡρίων,

492 5185 691 5263 Φλέγει
725 5190 994 5261 μονωθεὶς
1024 5189 1195 5245 πάντα
1222 5190 1353 5265 πυρὶ
1382 5191 1473 5246 τὸν
1507 5193 1721 5249 στόλον·

490 5276 592 5333 Καὶ
620 5280 717 5332 τοῦ
736 5279 853 5333 κατ’
886 5277 1045 5333 αὐτὸν
1074 5283 1327 5334 ναυτικοῦ
1364 5279 1744 5357 πεφλεγμένου

314 5365 455 5421 2240
491 5363 719 5440 Καρδίαν
754 5368 865 5442 οάχ
887 5365 1085 5437 ἥκιστα
1111 5367 1351 5431 καύσεως
1383 5368 1579 5425 στόλου

492 5456 591 5511 Καὶ
622 5460 873 5529 γαμετῶν
906 5457 998 5510 καὶ
1027 5454 1301 5534 φιλτάτων
1335 5461 1705 5533 μιμνημένου,

487 5549 589 5598 Νῦν
622 5543 749 5616 ὑμῖν
779 5543 889 5600 ὧδε
919 5550 1103 5620 χῶρος
1134 5546 1209 5601 εἰς
1236 5547 1513 5604 κατοικίαν

492 5636 657 5709 Γάλα,
684 5637 813 5709 μέλι
850 5635 1046 5711 ῥέουσα
1075 5644 1146 5710 γῆ
1174 5659 1275 5709 τις,
1310 5637 1533 5717 ἀντέφη,

1831 327 2185 382 CESABES.

1973 460 2026 519 Λ
2057 454 2129 508 ab
2153 454 2561 526 archipraesule
2590 458 2841 513 stemma
2869 456 3030 528 regni
3061 454 3292 527 accipit.

2061 542 2163 598 Hic
2195 543 2287 599 sui
2318 544 2583 599 trahebat
2611 546 2841 616 generis
2865 544 3154 617 originem

2062 632 2205 687 urbe
2235 648 2301 687 ex
2332 634 2568 688 Amorio
2599 634 2845 705 Phrygia
2877 635 2933 689 in
2966 634 3285 705 provincia,

2062 721 2295 791 genitus
2327 721 2548 777 infimis
2572 722 2697 778 sine
2728 738 2788 777 re
2822 722 3178 795 parentibus.

2061 814 2191 880 Ipse
2212 809 2298 865 vir
2326 826 2604 881 nequam,
2636 810 2966 881 haereticus,
2999 810 3261 866 ﬁdelium

2063 897 2265 970 pestis,
2300 903 2356 953 et
2378 901 2632 955 carnifex
2664 900 2846 971 partis
2880 900 3210 955 orthodoxa:
3238 914 3251 953 :

2061 991 2217 1043 secta
2239 992 2356 1043 tam
2388 989 2582 1045 varius
2613 1004 2789 1060 quam
2820 988 3040 1045 corium
3075 986 3402 1059 pardaleos,

2059 1077 2204 1133 alter
2228 1078 2367 1147 quin
2391 1078 2533 1132 adeo
2562 1077 2814 1133 discolor
2843 1075 3217 1143 chamaeleon,

2061 1166 2463 1221 hereticorum
2496 1167 2819 1238 omnigenae
2844 1165 3078 1220 malitiae

2061 1254 2272 1310 cinnus
2301 1258 2475 1325 atque
2506 1253 2784 1310 colluvies
2816 1251 3245 1319 abominabilis,

2057 1352 2407 1423 Athinganis
2437 1350 3004 1421 christomachisque
3034 1350 3254 1421 favens,

2061 1459 2126 1497 ac
2155 1442 2486 1498 Sadducaais
2517 1442 2813 1514 potissime
2838 1440 3217 1509 tristissimis,

2060 1530 2311 1603 aliisque
2338 1532 2580 1603 insuper
2609 1531 2781 1587 sectis
2806 1530 3092 1585 hzereticis
3116 1549 3129 1599 ;

2059 1620 2313 1676 Sabbata
2334 1620 2674 1676 observabat
2704 1623 2760 1675 et
2792 1617 3152 1682 neomenias,

2048 1711 2264 1772 futura:
2293 1710 2419 1764 vitae
2452 1709 2603 1765 bona
2625 1712 2682 1765 et
2711 1706 3195 1765 resurrectionem

1981 1806 2027 1870 Β
2059 1816 2117 1867 et
2146 1811 2459 1883 prophetas
2490 1826 2694 1866 omnes
2717 1808 2999 1865 irridebat
3028 1826 3043 1875 ;

2067 1902 2366 1956 daemonas
2399 1915 2639 1970 prorsus
2669 1896 2862 1953 nullos
2892 1911 3020 1952 esse
3053 1895 3293 1967 putabat
3319 1911 3335 1964 ;

2063 1990 2278 2047 Judam
2305 1988 2533 2044 dicebat
2563 2003 2691 2043 esse
2715 1986 2886 2041 laude
2917 1984 3163 2055 dignum
3189 2002 3204 2051 ;

2066 2081 2276 2149 praeter
2303 2092 2477 2132 suum
2512 2083 2741 2147 tempus
2774 2072 3110 2145 paschalem
3142 2070 3321 2127 ritum

2065 2181 2099 2220 a
2129 2165 2297 2220 nobis
2328 2163 2606 2220 celebrari
2629 2162 2953 2219 blaterabat
2977 2179 2992 2229 ;

2063 2253 2477 2309 scortationem
2506 2252 2751 2323 negabat
2781 2251 2841 2305 in
2870 2248 3059 2321 culpis
3090 2263 3304 2319 ponere

2062 2341 2151 2396 vel
2182 2342 2507 2413 quidquam
2540 2356 2661 2396 esse
2693 2339 2831 2395 mali
2866 2338 3122 2394 furiosus
3145 2337 3360 2404 homo;

2064 2428 2249 2484 Deum
2280 2429 2572 2499 sicjurare
2601 2444 2904 2483 summum
2935 2424 3240 2490 suadebat,

2062 2520 2346 2588 tanquam
2376 2516 2553 2572 trium
2586 2517 2931 2589 hypostaseo
2963 2531 3075 2570 non
3100 2512 3178 2568 sit
3207 2512 3391 2567 Trias.

2070 2606 2169 2662 ﬂio
2200 2606 2483 2663 molestus
2513 2610 2637 2662 erat
2668 2604 2931 2677 partibus
2964 2600 3323 2671 orthodoxis,

2067 2713 2214 2768 quas
2237 2695 2592 2752 cruciatibus
2623 2696 2767 2751 diris
2790 2693 3113 2761 exercebat,

2070 2801 2174 2842 nec
2207 2800 2322 2840 non
2349 2783 2570 2840 exsiliis
2602 2786 2659 2837 et
2689 2781 2980 2853 supremis
3010 2776 3319 2850 suppliciis

2070 2878 2304 2947 propter
2334 2876 2716 2943 augustarum
2749 2868 2975 2925 cultum
3007 2867 3352 2940 imaginum.

2070 2967 2353 3018 Praeterea
2382 2960 2822 3033 comprehendit
2851 2957 3109 3029 insignes
3140 2957 3312 3024 duos,

2070 3052 2339 3110 Sardium
2372 3050 2713 3123 episcopum
2744 3047 3085 3118 Ethymium
3111 3062 3244 3101 cum
3275 3040 3532 3101 Methodi

1981 3161 2025 3232 ί]
2063 3154 2364 3224 multoque
2390 3154 2447 3207 et
2474 3150 2635 3223 gravi
2664 3149 2900 3207 verbere
2930 3145 3172 3202 caecidit.

2065 3250 2129 3303 In
2161 3242 2254 3298 his
2278 3240 2624 3311 Euthymius
2656 3237 2881 3294 fortiter
2909 3235 3137 3293 dolores
3158 3234 3350 3289 ferens

2066 3340 2313 3391 stemma
2342 3333 2607 3388 lucratus
2638 3327 2886 3383 moritur
2915 3326 2976 3381 in
3007 3323 3271 3380 cruciatu
3311 3342 3325 3390 ;

2067 3422 2401 3479 Methodius
2434 3421 2723 3475 remotum
2754 3415 2814 3469 in
2833 3428 3123 3471 carcerem
3148 3410 3475 3482 ablegatur.

2069 3509 2354 3581 Regnanti
2384 3508 2520 3564 huic
2550 3507 2810 3563 Thomas
2840 3501 3075 3558 rebellis
3105 3501 3346 3572 quidam

2068 3598 2257 3655 hostis
2285 3602 2542 3663 exortus,
2574 3595 2754 3651 armis
2775 3597 2831 3650 et
2860 3591 3046 3648 classe
3075 3587 3259 3661 gravii

2072 3691 2346 3743 cunctam
2373 3684 2633 3758 Byzantii
2680 3682 2993 3755 diripiebat
3012 3678 3283 3735 viciniam
3306 3693 3320 3744 ;

2070 3778 2249 3848 idque
2275 3774 2566 3848 permulto
2593 3771 2812 3828 malum
2845 3771 3078 3826 duravit
3104 3770 3368 3837 tempore
3399 3778 3414 3818 :

2072 3866 2174 3922 sed
2206 3866 2275 3921 ad
2297 3866 2626 3921 extremum
2656 3864 2865 3932 captus
2896 3856 3097 3913 infelix
3124 3855 3382 3910 Thomas

2072 3955 2359 4011 factorum
2390 3968 2633 4009 suorum
2666 3948 2904 4020 duplam
2937 3943 3212 4017 persolvit
3232 3955 3485 4013 pmnam.

2068 4042 2188 4097 Sub
2214 4043 2323 4097 hoc
2353 4042 2493 4097 item
2524 4054 2680 4111 rege,
2708 4039 3107 4108 Agarenorum
3138 4031 3406 4103 quaedam

2068 4130 2256 4186 tribus
2287 4130 2588 4187 occiduam
2619 4125 2879 4183 incolens
2911 4123 3160 4180 lberiam

2066 4219 2389 4290 principem
2421 4234 2598 4274 suum
2623 4216 2897 4290 precibus
2926 4212 3209 4285 fatigabat

2065 4312 2130 4363 ut
2157 4324 2220 4363 se
2250 4307 2308 4363 in
2339 4307 2624 4363 coloniam
2655 4307 2893 4363 duceret
2921 4304 2991 4359 ad
3024 4301 3170 4358 alias
3199 4304 3402 4367 terras,

2062 4396 2340 4468 quoniam
2370 4396 2617 4453 arctiore
2644 4410 2803 4451 nunc
2828 4392 3277 4463 habitabatJoco

1983 4518 2031 4581 ι)
2062 4494 2304 4566 quijam
2338 4510 2454 4549 non
2486 4500 2716 4564 caperet
2742 4491 3067 4548 incolarum
3099 4505 3435 4545 numerum.

2066 4582 2265 4638 Paruit
2293 4580 2599 4637 tribulium
2632 4582 2905 4653 princeps
2931 4578 3322 4646 sermonibus,

2067 4670 2463 4743 impositoque
2492 4670 2550 4724 in
2579 4671 2825 4726 navibus
2857 4668 3071 4741 populo

2066 4759 2291 4815 insulas
2320 4759 2496 4831 cmpit
2524 4758 2868 4830 depraedari,
2904 4757 3235 4827 incendere,

2066 4864 2344 4919 mareque
2369 4846 2625 4919 opplevit
2654 4847 2917 4920 piraticis
2939 4847 3207 4919 navigiis.

2064 4936 2320 5007 Cumque
2346 4935 2669 5008 appulisset
2697 4937 2771 4991 ad
2800 4939 3027 4993 Cretam
3060 4937 3346 5002 triremes,

2065 5025 2314 5081 miratus
2344 5024 2545 5080 insulas
2577 5025 2817 5081 uberem
2842 5030 3139 5092 naturam,

2064 5114 2405 5186 temperiem
2436 5113 2585 5184 aeris,
2615 5114 3061 5169 commoditates
3091 5118 3353 5186 caeteras,

2065 5203 2307 5259 remotis
2335 5203 2591 5269 arbitris,
2614 5202 2784 5259 classi
2812 5202 3064 5273 subjecit
3093 5203 3313 5274 ignem.

2062 5292 2201 5348 Post
2230 5293 2311 5361 id,
2342 5310 2476 5348 cum
2498 5294 2657 5348 socia
2684 5293 2858 5348 turba
2888 5291 3082 5348 dolore
3112 5294 3342 5349 arderet

2063 5381 2221 5437 haud
2254 5382 2450 5438 minus
2482 5398 2657 5452 quam
2691 5382 2958 5437 incendio
2990 5383 3315 5453 ﬂagrabant
3346 5398 3543 5450 naves,

2066 5475 2302 5542 propter
2322 5487 2568 5527 uxorum
2595 5488 2661 5527 ac
2690 5472 3002 5543 pignorum
3026 5470 3371 5526 memoriam
3398 5488 3413 5526 :

2063 5558 2249 5627 Nunc,
2273 5558 2355 5614 ait
2389 5562 2678 5631 princeps,
2708 5559 2876 5615 vobis
2907 5559 3000 5613 hic
3031 5563 3119 5614 est
3143 5560 3502 5616 manendum

2064 5648 2122 5702 in
2154 5648 2387 5719 regione
2418 5666 2545 5719 quae
2577 5649 2725 5704 lacte
2755 5653 2810 5705 et
2842 5648 3015 5704 melle
3044 5648 3210 5719 ﬂuit;

3627 327 3699 383 94
