4132 6300
499 358 572 412 95
1699 365 2065 420 EPHREMII
2102 367 2668 431 CHRONOGBAPHI

502 500 679 557 quam
709 487 774 539 ut
798 484 1118 555 occupetis,
1150 502 1247 541 ore
1278 502 1401 555 vos,
1437 485 1637 553 amici,

2166 492 2218 557 Α
2424 495 2631 570 “Ηνπερ
2662 499 3021 567 κατοικήσατε
3052 499 3343 572 συσχόντες
3376 496 3549 573 φίλοι,

502 574 810 644 ductisque
841 573 1117 629 uxoribus
1143 574 1377 644 pignora
1412 575 1743 645 procreatis.

2245 584 2387 639 2245
2427 584 2525 638 Καὶ
2553 582 2785 656 φίλτατα
2814 588 3073 654 κτήσεσθε
3099 588 3367 661 γήμαντες
3396 588 3558 659 τάχα.

498 664 779 733 Tempore
801 678 869 716 ex
902 662 998 716 illo
1032 662 1293 717 Ismaelis
1325 663 1574 733 populus

2428 673 2522 728 Ἐκ
2549 672 2713 727 τοῦδε
2744 674 2936 729 λοιπὸν
2972 674 3203 747 Ἰσμαὴλ
3238 675 3464 749 ἰσχυρὸν
3496 676 3645 750 γένος

503 752 727 807 fortiter
746 750 996 805 insulam
1031 752 1277 821 ejusque
1308 768 1468 806 arces
1494 752 1702 807 tenuit.

2425 765 2607 828 Νῆσον
2643 763 2908 837 κατέσχον
2940 763 3029 817 καὶ
3062 765 3129 817 τὰ
3158 769 3256 831 τῆς
3285 765 3451 832 νήσου
3482 762 3648 837 κράτη

594 865 1039 921 THEOPllILUS
1081 865 1449 921 MlCHAELIS
1492 866 1713 922 FILIUS
1752 868 1872 923 AN.
1916 870 2043 923 XII.

1977 870 2043 923 II.
2425 877 2775 934 ΘΕΟΦΙΛΟΣ
2817 879 2859 934 Ο
2899 881 3057 935 ΥΙΟΣ
3099 881 3319 934 ΑΥΤΟΥ
3358 881 3463 936 ΕΤ.
3509 884 3604 935 lB.

572 963 796 1019 Mortali
830 963 1075 1017 Michael
1106 962 1224 1017 vita
1250 964 1558 1018 discedens

2423 973 2478 1025 Ὀ
2503 974 2737 1048 Μιχαὴλ
2772 972 2828 1029 δὲ
2856 976 2945 1030 τὸν
2985 976 3097 1045 βίον
3132 974 3482 1052 καταστρέφει

500 1053 811 1124 imperium
844 1051 961 1107 ﬁlio
994 1050 1237 1105 tradidit
1266 1052 1547 1122 Thephilo
1574 1078 1587 1120 ;

2424 1062 2609 1115 Λιπὼν
2642 1062 2703 1116 τὸ
2732 1063 2930 1137 κράτος
2958 1062 3111 1117 παιδῖ
3143 1068 3220 1135 τῷ
3251 1050 3499 1139 Θεοφίλῳ

498 1141 599 1213 qui
624 1138 903 1211 religione
935 1157 967 1194 a
990 1139 1186 1210 pueris
1216 1139 1480 1194 imbutus
1511 1158 1688 1211 prava

2244 1149 2385 1203 2250
2427 1146 2600 1211 Σέϐας
2638 1151 2731 1221 μεν
2765 1152 2828 1205 οὐ
2859 1153 3111 1225 τρέφοντι
3141 1151 3306 1205 καλὸν
3341 1138 3398 1205 ἐκ
3428 1150 3569 1223 νέου,

498 1235 748 1302 paterna:
781 1230 938 1283 visus
970 1232 1027 1283 et
1058 1228 1326 1298 potentiae
1360 1228 1536 1283 simul

2424 1236 2601 1292 Ἀλλὰ
2631 1240 2849 1311 παρῲας
2883 1236 3191 1302 δυσσεϐείας
3217 1240 3307 1293 καὶ
3334 1238 3561 1312 κράτους

497 1318 902 1387 baareseosque
932 1315 1099 1370 heres
1131 1319 1186 1370 et
1219 1331 1519 1371 successor
1552 1334 1564 1371 :

2424 1328 2667 1404 Ὀφθέντι
2698 1328 3003 1403 κληρούχῳ
3028 1350 3087 1384 τε
3116 1330 3199 1383 καὶ
3238 1326 3508 1402 διαδόχῳ,

500 1406 618 1461 imo
648 1404 881 1475 capioso
905 1404 1179 1474 regioque
1203 1404 1462 1473 modulo,

2420 1414 2647 1472 Μᾶλλον
2684 1415 2740 1471 δὲ
2769 1416 2969 1489 πολλῷ
2998 1418 3086 1472 καὶ
3123 1416 3391 1492 βασιλικῷ
3424 1417 3605 1491 μέτρῳ

501 1498 565 1549 ut
595 1495 651 1548 in
677 1492 979 1564 proverbio
1002 1497 1112 1563 est,
1144 1496 1369 1563 patrem
1405 1508 1711 1564 superans,

2423 1508 2679 1574 Νικῶντι,
2713 1507 2849 1569 καθά
2878 1527 3029 1583 φασι³
3056 1507 3147 1561 τὸν
3182 1505 3518 1583 φυτοσπόρον

498 1582 819 1652 impietatis
839 1598 956 1637 sua:
990 1580 1273 1636 fervidum
1308 1582 1587 1651 furorem,

2243 1593 2385 1648 2255
2424 1595 2539 1661 Τῆς
2570 1580 3156 1669 δυσσεϐείαςνδιαπύρῳ
3189 1580 3374 1667 μανίᾳ,

499 1675 701 1727 contra
732 1670 986 1725 cultores
1020 1670 1344 1741 imaginum
1377 1670 1630 1743 spirans.

2418 1682 2518 1737 "Hv
2552 1687 2953 1756 προσκυνηταῖς
2987 1682 3231 1755 ἐμπνέων
3262 1685 3330 1751 ἦν
3358 1679 3604 1737 εἰκόνων.

500 1761 779 1815 Caeterum
803 1758 956 1828 juris
986 1758 1307 1830 incorrupti
1340 1762 1509 1814 tenax

2175 1844 2210 1848 _
2424 1770 2649 1841 Στάθμη
2684 1768 2740 1823 δὲ
2771 1767 2927 1840 δίκης
2955 1771 3220 1847 ἀρῥεποῦς
3250 1772 3535 1848 πεφυκότι,

493 1848 912 1918 justarumque
940 1846 1132 1919 legum
1162 1853 1354 1902 custos
1385 1852 1540 1916 erat;

2427 1857 2531 1912 Kal
2561 1860 2666 1911 τῶν
2700 1858 2879 1930 νόμων
2912 1858 3113 1935 φύλακι
3143 1863 3249 1913 τῶν
3280 1860 3335 1912 εὖ
3367 1859 3654 1930 κειμένωνο

500 1936 739 2006 cuiusce
768 1937 847 1990 rei
872 1936 1159 2006 proferam
1192 1936 1524 1991 testimonia

2427 1946 2524 1998 Kal
2548 1942 2718 1999 τῶνδε
2754 1946 3046 2021 μαρτύριον
3077 1946 3108 2000 ἃ
3141 1945 3332 2019 μέλλω
3364 1948 3605 2024 φράσειν·

505 2023 758 2080 Illustris
786 2024 875 2077 vir
904 2024 1295 2095 imperatricis
1315 2024 1511 2091 frater,
2084 2052 2085 2055 η

2084 2052 2085 2055 ‘
2247 2035 2388 2089 2260
2426 2038 2705 2106 Λαμπρῶν
2735 2055 2819 2097 τις
2848 2032 2981 2110 ἄνήρ
3014 2035 3276 2110 σύγγονος
3304 2023 3586 2108 βασιλίδος

506 2111 743 2166 nomine
774 2111 1070 2178 Petronas,
1106 2111 1389 2182 dignitate
1409 2114 1787 2185 drungarius,

2426 2120 2631 2190 Κλῆσιν
2664 2128 2968 2194 Πετρωνᾶς,
3004 2120 3359 2198 δρουγγάριος
3391 2122 3559 2193 ἀξίαν,

504 2200 782 2255 adversus
802 2198 1051 2253 vicinam
1084 2199 1362 2255 feminam
1399 2200 1655 2270 injurius
1677 2206 1821 2271 erat,

2427 2211 2512 2265 Ἐν
2545 2208 2797 2284 γειτόνων
2830 2210 3049 2284 γύναιον
3084 2210 3265 2265 οἰκοῦν
3294 2208 3470 2280 ἠδίκει

504 2290 646 2344 dum
675 2286 1043 2342 exstruendis
1076 2287 1253 2342 altius
1287 2288 1576 2345 cubiculis

2425 2300 2515 2368 Τῷ
2542 2297 2633 2361 τὰς
2665 2296 2867 2360 διαίτας
2897 2302 3004 2353 τῶν
3036 2297 3217 2371 δόμων
3255 2299 3419 2370 ὑψοῦν
3452 2298 3591 2372 μέγα

503 2376 664 2431 illius
694 2376 933 2430 domum
959 2375 1304 2431 detrimento
1336 2376 1607 2431 afﬁceret.

2424 2389 2514 2459 Τῷ
2541 2385 2803 2461 δωματίῳ
2832 2389 3102 2462 προξενεῖν
3133 2386 3291 2443 τοῦδε
3326 2384 3560 2464 βλάϐην·

504 2463 709 2518 Mulier
735 2462 915 2533 igitur
940 2479 1135 2534 regem
1167 2464 1476 2530 invocavit,

2248 2476 2391 2531 2265
2427 2476 2493 2530 Ὂ
2524 2476 2611 2528 καὶ
2644 2476 2925 2548 προσῆλθε
2959 2476 3175 2550 βασιλεῖ
3206 2462 3399 2530 τούτου
3430 2478 3575 2552 πέρι.

506 2552 606 2625 qui
630 2551 814 2622 jussit
839 2568 872 2606 a
899 2551 1146 2607 Petrona
1177 2554 1458 2608 damnum
1493 2554 1669 2609 reﬁci.

2426 2564 2485 2619 Ὀ
2517 2560 2563 2616 δ’
2595 2563 2648 2616 εὖ
2681 2561 2888 2617 κελεύει
2920 2569 3174 2639 Πετρωνᾷ
3206 2562 3365 2619 λύσαι
3409 2551 3645 2640 βλάϐην.

506 2641 605 2696 Hic
635 2641 704 2694 de
735 2655 842 2694 sua
871 2639 1017 2695 nihil
1049 2641 1274 2696 remisit
1303 2642 1613 2710 injustitia.

2425 2650 2580 2707 Ἀλλ’
2610 2653 2767 2714 οὗτος
2800 2653 2950 2716 αὖθις
2978 2652 3178 2708 ἀδικῶν
3212 2654 3309 2708 οὐκ
3337 2654 3492 2709 ἀνίει·

498 2726 755 2785 Accessit
784 2742 919 2798 ergo
949 2728 1016 2783 ad
1054 2744 1246 2798 regem
1278 2727 1489 2783 mulier
1514 2730 1748 2801 iterum,

2425 2739 2673 2813 Πρόσεισι
2704 2743 2841 2815 γυνὴ
2874 2747 2953 2813 τῷ
2984 2742 3307 2819 στεφηφόρῳ
3335 2742 3500 2797 πάλιν

500 2821 704 2873 contra
732 2816 1032 2887 drungarii
1065 2817 1183 2872 vim
1215 2816 1614 2889 expostulans,

2423 2825 2761 2885 Καταϐοῶσα
2788 2831 2889 2898 τῆς
2925 2830 3046 2904 βίας
3076 2816 3455 2907 δρονυγγαρίου,

499 2926 784 2982 suamque
815 2906 1096 2978 injuriam
1126 2905 1439 2961 clamitans
1473 2911 1677 2975 questa
1708 2911 1817 2963 est.

2244 2921 2387 2975 2270
2422 2920 2531 2987 Τὴν
2556 2916 2766 2973 ἀδικίαν
2800 2917 3127 2993 ἐκτραγῳδεῖ
3156 2905 3449 2996 σὺνγόοις⁶

498 3000 660 3055 Tunc
692 3014 790 3053 rex
821 2994 1135 3052 submissis
1167 2994 1267 3064 qui
1302 3010 1421 3049 rem
1457 3000 1893 3068 cognoscerent,

2424 3006 2651 3069 Στείλας
2687 3005 2937 3081 βασιλεὺς
2968 3008 3194 3079 ἐξετάζει
3224 2994 3324 3078 τὴν
3359 3007 3541 3081 δίκην,

499 3088 597 3142 ubi
627 3091 933 3142 Petronam
964 3082 1194 3139 crimini
1226 3082 1462 3138 afﬁnem
1496 3083 1684 3152 scivit,

2424 3094 2521 3150 Kal
2548 3094 2707 3169 γνοὺς
2740 3101 3023 3169 Πετρωνᾶν
3058 3094 3313 3151 ὑπόδικον
3347 3096 3544 3161 αῗτίαις

499 3174 697 3247 flagris
718 3175 778 3229 in
809 3188 943 3229 eum
977 3172 1087 3226 rite
1116 3170 1547 3239 animadvertit,

2163 3187 2207 3254 ο
2421 3183 2692 3253 Αίκίζεται
2729 3183 2969 3256 μάστιξιν
3005 3184 3162 3239 αὐτὸν
3197 3185 3459 3258 ἐννόμως,

498 3268 554 3319 et
582 3263 665 3319 sic
695 3261 966 3334 punitum
1001 3259 1234 3331 publice
1264 3260 1323 3312 iu
1358 3260 1501 3315 urbe
1531 3261 1799 3332 exposuit
1828 3278 1842 3319 :

2421 3272 2518 3324 Kal
2552 3269 2856 3340 στηλιτεύει
2890 3276 3133 3348 φανερῶς
3159 3271 3210 3326 ἐν
3242 3276 3310 3346 τῇ
3341 3272 3523 3344 πόλει,

500 3356 625 3408 tum
657 3350 965 3406 aediﬁcium
1000 3365 1032 3403 a
1062 3348 1465 3403 fundamentis
1496 3350 1747 3419 subruit,

2242 3362 2384 3416 2275
2422 3359 2527 3415 Kal
2560 3364 2906 3435 συγκατασπᾷ
2936 3361 3029 3421 τὰς
3062 3358 3266 3423 διαίτας
3296 3360 3354 3415 έκ
3389 3363 3606 3438 βάθρων

492 3439 790 3512 jussitque
813 3437 1041 3493 feminae
1074 3438 1372 3492 materiem
1399 3438 1659 3492 attribui.

2419 3449 2521 3503 Kal
2555 3451 2622 3520 τῇ
2656 3446 2864 3520 γυναικὶ
2895 3447 2990 3510 τὰς
3015 3445 3145 3508 ὕλας
3176 3446 3438 3521 διανέμει·

500 3530 747 3600 Insuper
776 3526 1104 3583 onerariam
1140 3524 1371 3597 plenam
1406 3526 1701 3583 mercibus

2422 3535 2518 3589 Kal
2551 3532 2783 3612 φορτίδα
2813 3532 2870 3589 δὲ
2900 3540 3007 3590 τῶν
3038 3536 3329 3610 ἀγωγίμων
3356 3536 3525 3591 πλέαν

498 3633 704 3673 navem
734 3615 1105 3686 conspicatus
1135 3629 1165 3669 e
1188 3614 1345 3685 regia
1376 3615 1568 3684 domo,

2422 3620 2572 3677 Ἰδὼν
2601 3621 2885 3696 προκύψας
2918 3620 2977 3675 ἐκ
3010 3621 3299 3697 βασιλείων
3331 3621 3515 3695 δόμων

501 3722 631 3778 quas
662 3720 850 3777 nuper
879 3721 911 3759 a
944 3704 1255 3758 mercando
1290 3718 1521 3758 reversa
1556 3704 1745 3761 fuerat
1778 3723 1789 3760 :

1739 3725 1745 3760 ι
1778 3723 1789 3760 :
2418 3710 2505 3779 Ἐξ
2540 3707 2811 3781 ἐμπορίας
2840 3711 3138 3784 κατάρασαν
3174 3710 3371 3784 ἀρτίως

500 3798 565 3849 ut
595 3794 743 3848 hanc
773 3793 982 3863 regina:
1014 3790 1283 3861 conjugis
1304 3806 1431 3846 esse
1456 3792 1661 3860 audiit,

2240 3801 2383 3854 2280
2420 3798 2521 3852 Καὶ
2552 3795 2832 3873 βασιλίδος
2859 3799 3145 3872 τυγχάνειν
3178 3799 3338 3873 γνοὺς
3369 3798 3598 3875 φορτίδα

500 3882 689 3953 ipsam
719 3896 849 3935 cum
885 3880 1175 3935 mercibus
1208 3881 1340 3950 igne
1371 3883 1778 3953 consumpsit;

2418 3888 2731 3963 Ἐμφορτον
2762 3886 2927 3956 αὐτὴν
2958 3892 3037 3959 τῷ
3067 3888 3195 3963 πυρὶ
3226 3887 3577 3963 καταφλέγει,

499 3971 635 4041 quia
663 3985 845 4037 reges,
872 3968 1084 4040 inquit,
1116 3967 1271 4022 haud
1306 3969 1470 4023 decet
1499 3971 1745 4025 mercari

2416 3976 2508 4044 Μὴ
2544 3972 2653 4028 δεῖν
2692 3975 2932 4049 βασιλεῖς
2961 3975 3351 4049 ἐμπορεύεσθαι
3381 3975 3578 4049 λέγων,

500 4078 605 4120 nec
628 4060 1109 4116 dardanariorum
1129 4058 1304 4114 vitam
1338 4060 1503 4129 sequi
1538 4077 1551 4126 ;

2418 4063 2556 4132 Μήτ’
2597 4063 2691 4116 οὗν
2719 4062 3143 4136 παλιγκάπηλον
3180 4062 3385 4118 ἀνύτειν
3419 4062 3558 4138 βίον⁸

498 4152 600 4208 sed
634 4149 993 4222 privatorum
1028 4148 1083 4201 id
1118 4148 1437 4202 conditioni
1471 4148 1820 4221 relinquere,

1740 4166 1820 4219 re,
2417 4150 2593 4221 Μοίρᾳ
2624 4148 2670 4204 δ’
2701 4148 2934 4204 ἰδιώτιδι
2959 4151 3103 4204 ταῦτ’
3136 4150 3370 4224 ἀφιέναι,

498 4245 564 4299 ut
584 4239 719 4295 hinc
740 4238 972 4293 tuendas
1004 4236 1131 4290 vitae
1162 4236 1388 4305 copiam
1422 4236 1696 4292 habeant.

2239 4242 2381 4297 2285
2417 4241 2504 4301 Ὣς
2536 4238 2595 4293 ἂν
2629 4239 2879 4315 ἀφορμὰς
2912 4241 3359 4314 συμπορίζωνται
3391 4241 3530 4317 βίου.

500 4333 568 4387 At
598 4330 883 4399 quantum
908 4324 1049 4395 justi
1086 4325 1339 4379 fervidus
1371 4340 1574 4379 amans
1604 4330 1750 4394 erat,

2414 4327 2569 4385 Ἀλλ’
2594 4329 2668 4390 ὡς
2701 4324 2909 4381 δικαίου
2942 4325 3204 4404 διάπυρος
3232 4330 3298 4398 ἦν
3332 4328 3513 4408 φίλος.

502 4422 733 4475 tantum
756 4413 949 4487 gravis
973 4413 1411 4479 iracundusque
1439 4415 1562 4467 erat

2419 4416 2607 4477 Οὕτως
2638 4414 2885 4490 ἐπαχθὴς
2915 4414 3004 4469 καὶ
3038 4413 3299 4493 δύσοργός
3329 4439 3411 4480 τις
3443 4417 3590 4490 λίαν,

500 4508 781 4564 adversus
810 4519 951 4558 verae
985 4501 1281 4573 religionis
1307 4500 1562 4556 asseclas
1588 4516 1603 4555 :

2161 4543 2208 4608 Β
2416 4504 2677 4579 Τιμωρὸς
2706 4504 2846 4571 ὑπῆν
2879 4498 3114 4558 εὐσεϐεῖν
3142 4505 3463 4579 ᾑρημένοις.

501 4608 801 4652 sacrarum
826 4590 1043 4647 etenim
1074 4590 1205 4646 odio
1230 4590 1553 4661 imaginum

2161 4590 2206 4608 υ
2417 4592 2645 4648 Ἐλύττα
2675 4591 2764 4646 καὶ
2796 4592 2895 4667 γὰρ
2922 4593 3058 4646 κατᾶ
3088 4598 3294 4647 σεπτῶν
3324 4593 3570 4666 εἰκόνων,

498 4686 779 4752 imbutus,
812 4680 1168 4751 quicumque
1197 4679 1291 4735 his
1315 4678 1665 4735 adhibebant
1684 4679 1986 4752 honorem,

1905 4699 1986 4752 m,
2236 4686 2379 4741 2290
2417 4682 2520 4738 Kal
2552 4682 2927 4756 προσκυνητὰς
2957 4682 3117 4752 ἱερῶν
3154 4682 3536 4756 μορφωμάτων

499 4777 735 4830 sanctos
766 4770 1000 4839 vitaque
1031 4767 1292 4838 angelica
1314 4766 1466 4822 viros
1498 4769 1795 4838 prmditos,

2416 4769 2647 4845 ’Ἃνδρας
2678 4768 2885 4845 ἁγίους,
2926 4768 3253 4845 ἀγγελικοὺς
3276 4771 3366 4825 τὸν
3404 4771 3522 4846 βίον

497 4862 653 4919 velut
682 4860 905 4922 hostes,
926 4857 1139 4927 impios
1170 4855 1614 4925 abominabiles,

2418 4861 2506 4922 Ὠς
2541 4857 2816 4931 δυσμενεῖς
2844 4879 2903 4912 τε
2934 4853 3229 4927 δυσσεϐεῖς,
3262 4862 3591 4934 στυγητέους

502 4949 659 5007 omni
683 4947 979 5019 afﬂigebat
1008 4943 1410 5000 molestiarum
1442 4962 1671 5017 genere,

2420 4948 2623 5008 Πάσαις
2656 4945 2850 5001 ἐκάκου
2877 4950 2982 5000 τῶν
3016 4946 3277 5020 λυπηρῶν
3312 4945 3494 5017 ἰδέαις,

503 5038 727 5095 nullam
753 5034 1029 5092 omittens
1052 5033 1281 5089 saevitiae
1312 5034 1585 5103 speciem.

2422 5032 2608 5105 Μηδὲν
2642 5034 2953 5107 προλείπων
2982 5031 3121 5095 εἶδος
3155 5036 3558 5111 ἀπανθρωπίας,

502 5125 809 5182 Cruciabat
831 5121 1030 5193 igitur,
1064 5120 1317 5191 pellebat
1348 5121 1403 5175 in
1437 5122 1727 5192 exsilium,

2244 5127 2387 5182 2295
2426 5124 2672 5194 ’ῌκίζετ’,
2706 5122 3003 5194 ἀπήλαυνε,
3033 5123 3456 5199 κατεπυρπόλει,

504 5215 729 5279 urebat,
756 5228 905 5266 creco
934 5209 1161 5264 vinctos
1192 5211 1428 5265 tenebat
1457 5228 1711 5275 carcere,

2423 5211 2627 5287 Εἷρκτῇ
2658 5208 2889 5287 ζοφώδει
2918 5207 3196 5264 κατέκλειε
3226 5208 3484 5284 δεσμίους

503 5302 803 5373 mergebat
834 5298 1025 5369 aquis,
1055 5297 1245 5369 longis
1268 5299 1513 5371 urgebat
1544 5301 1751 5371 ptcnis,

2427 5303 2625 5363 Βυθοῖς
2654 5296 2833 5353 ἐδίδου
2862 5298 2951 5353 καὶ
2987 5304 3216 5372 μακραῖς
3244 5302 3582 5375 κακουχίαις,

505 5392 708 5446 faciem
741 5388 1173 5459 compungebat
1194 5388 1248 5455 (0
1280 5387 1633 5457 supplicium
1655 5406 1867 5445 novum
1890 5389 1927 5461 ι)

1828 5406 1867 5445 n
1890 5389 1927 5461 l)
2427 5391 2669 5456 ’Έστιζεν
2703 5384 2875 5461 ὄψεις,
2908 5387 2952 5441 ὣ
2982 5388 3138 5458 ξένης
3164 5390 3460 5462 τιμωρίαςΙ

505 5483 641 5545 Quae
671 5483 910 5549 patrans
942 5475 1035 5529 hic
1063 5475 1318 5531 furiosus
1340 5476 1677 5543 satanicola,

2430 5479 2523 5532 Kal
2555 5482 2723 5531 ταῦτα
2749 5481 2921 5531 ποιῶν
2955 5476 3201 5549 ἐκμανῶς
3240 5480 3410 5534 Σατὰν
3444 5480 3635 5555 λάτρις

504 5567 615 5624 sibi
646 5566 951 5622 videbatur
980 5580 1102 5619 rem
1129 5568 1238 5618 Deo
1270 5568 1566 5635 acceptam
1599 5567 1787 5622 facere

2249 5570 2391 5627 2300
2428 5568 2588 5638 Αὐτῷ
2620 5564 2792 5621 δοκῶν
2823 5568 2890 5633 ἦν
2919 5565 2986 5619 τὰ
3014 5570 3129 5637 Θεῷ
3158 5567 3411 5639 πράττειν
3442 5568 3594 5646 φίλα,

504 5658 736 5728 ipsique
761 5658 991 5726 gratum
1024 5653 1294 5707 exhibere
1324 5652 1682 5710 famulitium

2429 5663 2498 5712 ΊΙ
2528 5656 2615 5710 καὶ
2648 5655 2895 5729 λατρείαν
2926 5652 3067 5726 τῷδε
3099 5653 3291 5725 δεκτήν
3316 5658 3669 5735 προσφέρειν,
