4132 6300
247 397 318 451 97

427 520 501 585 ᾟ
532 536 665 593 φησι
697 516 922 588 Χριστὸς
951 515 1002 568 ἐν
1034 513 1217 589 λόγοις
1250 509 1595 587 Εὗαγγέλοις.

423 603 583 657 Ταῦτ’
613 603 716 675 ἄρα
743 599 1033 663 πλείστους
1071 598 1261 663 ἐνθέως
1289 596 1681 672 ἠνδρισμένους

431 691 535 748 Καὶ
566 689 980 765 χριστομάχοντ
1011 684 1122 741 οὔδ’
1152 686 1463 761 ἐλέγξαντας
1493 682 1705 753 πλάνην

243 782 391 837 2305
428 779 598 854 Μόρῳ
628 773 904 850 παραδοὺς
939 776 1209 849 μάρτυρας
1242 774 1574 848 ἀπειργάκει·

428 868 635 921 ’Ἄλλοι
669 862 714 918 δ’
745 862 1088 937 ἐναπέμειναν
1121 863 1370 917 ἀλεῖπται
1416 861 1541 935 βίῳ,

428 957 527 1016 Οἷς
553 949 818 1013 Μεθόδιος
845 954 1173 1024 θυνάριθμος
1202 950 1456 1023 τυγχάνει

426 1045 530 1100 Καὶ
566 1041 841 1119 Θεοφάνης
872 1040 1165 1118 σωφρόνως
1197 1040 1541 1113 στιγματίας,

429 1131 530 1187 Καὶ
560 1132 845 1204 ζωγράφος
878 1131 1123 1204 Λάζαρος
1153 1127 1368 1191 καυθεὶς
1392 1127 1487 1187 τὰς
1517 1126 1706 1200 χέρας,

244 1232 389 1286 2310
429 1229 523 1289 Δῖς
559 1226 798 1301 εὐχερῶς
827 1222 1055 1303 ἔγραφεν
1088 1224 1294 1285 εἴκόθας
1326 1224 1513 1280 πάλιν.

431 1313 693 1389 Θεόφιλος
721 1318 873 1387 σχεῖν
909 1312 1131 1387 σύζυγον
1169 1311 1290 1387 βίου
1321 1311 1492 1375 θέλων

429 1403 693 1458 Κοινωνὸν
726 1403 839 1475 ἅμα
866 1406 963 1456 τοῦ
994 1402 1221 1477 κράτους
1248 1401 1335 1455 καὶ
1376 1404 1471 1455 τοῦ
1502 1397 1728 1473 λέχους,

426 1490 602 1563 Χορὸν
636 1488 827 1558 συνῆξε
858 1488 1133 1562 παρθένιον
1166 1486 1518 1561 πολλαχόθεν

430 1576 623 1633 Καλῶν
657 1578 901 1645 ἀπασῶν,
933 1573 1055 1649 ὄψιν
1086 1575 1525 1652 εὖπρεπεστάτων

247 1668 393 1726 2315
430 1668 516 1724 Ἐν
550 1668 740 1740 αἷσπερ
774 1663 1043 1735 ἐξέλαμπε
1071 1668 1177 1718 τῶν
1212 1664 1400 1719 ἄλλων
1430 1663 1597 1718 πλέον

432 1757 565 1816 Οἴος
596 1753 834 1824 σελήνης
862 1751 1211 1831 πλησιφαοῦς
1232 1774 1316 1815 τις
1343 1750 1543 1813 κύκλος

435 1844 685 1914 σώματος
719 1841 855 1917 ὥρᾳ,
887 1839 1237 1916 λαμπρότητι
1268 1845 1364 1894 τοῦ
1394 1841 1580 1914 γένους

437 1930 534 1984 Καὶ
559 1934 943 2004 μαρμαρυγαῖς
971 1933 1077 1982 τῶν
1113 1926 1290 2003 λόγων
1322 1927 1562 1983 Είκασία·

434 2021 676 2092 Χρυσοῦν
707 2037 758 2071 τι
794 2021 972 2089 μῆλον
1005 2015 1196 2088 ἀμέλει
1230 2014 1403 2092 φέρων
1432 2013 1556 2084 ἅναξ

246 2109 395 2164 2320
436 2109 753 2180 Περιπολῶν
782 2104 850 2173 ἦν
878 2105 970 2158 τὸν
1004 2104 1173 2179 χορὸν
1197 2108 1303 2157 τῶν
1332 2104 1605 2178 παρθένων

434 2196 715 2267 Μνῆστρον
748 2197 962 2247 σκοπῶν
996 2190 1181 2246 δοῦναί
1210 2212 1264 2245 τι
1293 2194 1454 2245 τοῦτο
1486 2190 1741 2268 φιλτάτῃ·

431 2283 517 2336 Ὠ>
550 2282 643 2335 οὗν
676 2282 857 2335 θεᾶται
887 2280 1095 2353 παριὼν
1128 2278 1407 2349 Είκασίαν,

433 2368 684 2432 Κάλλους
711 2366 963 2444 περιττοῦ
985 2369 1261 2441 θαυμάσας
1288 2367 1482 2440 κάρην,
1515 2364 1636 2441 ἔφη.

434 2460 531 2512 Διά
559 2458 809 2533 γυναικὸς
840 2454 1021 2535 φαῦλα
1051 2458 1210 2511 πάντ’
1238 2455 1503 2530 ἀπερρύη.

257 2558 397 2615 2325
432 2557 505 2612 ’Ἡ
538 2552 584 2609 δ’
614 2557 790 2629 ἡρήμ’
820 2550 1108 2630 ἆντὲφησεν
1140 2552 1416 2627 εὐστόχως
1450 2552 1599 2628 ἄγαν,

432 2642 589 2700 Ἀλλ’
619 2642 678 2697 ἐκ
706 2644 957 2716 γυναικὸς
990 2643 1217 2715 πηγάζει
1243 2642 1331 2695 καὶ
1368 2640 1590 2715 βελτίω·

432 2737 488 2785 ‘0
520 2729 568 2786 δ’
598 2732 663 2786 αὗ
694 2733 967 2805 θαυμάσας
992 2732 1090 2799 τὴν
1119 2732 1407 2803 παρθένον,

438 2820 541 2877 Καὶ
575 2817 699 2881 δοὺς
727 2820 790 2874 τὸ
824 2818 1001 2892 μῆλον
1032 2819 1284 2894 παρθένῳ
1313 2814 1585 2893 Θεοδώρᾳ.

437 2908 634 2982 Χώραν
667 2906 873 2982 ἐχούσῃ
900 2904 1133 2982 πατρίδα
1154 2904 1551 2979 Παφλαγόνων,

254 2999 403 3055 2330
442 2995 595 3065 Πλὴν
630 2994 966 3071 εὐπατριδῶν
998 2995 1242 3067 πατέρων
1283 2994 1598 3068 κατηγμένῃ

441 3084 713 3138 Καινιονὸν
745 3084 915 3152 αὐτὴν
949 3081 1128 3158 ἄγεται
1158 3083 1411 3157 κράτους,
1441 3081 1665 3156 λέχους,

437 3174 544 3242 Τὴν
578 3171 833 3229 Εἱκασίαν
854 3167 1234 3244 παραϐλέψπς,
1261 3171 1335 3233 ὡς
1366 3169 1515 3247 ἔφην·

436 3262 509 3317 ’Ή
544 3262 621 3335 μὴ
648 3264 891 3335 τυχοῦσα
919 3263 1193 3332 κοσμικῆς
1224 3258 1599 3332 σκηπτουχίας

440 3349 513 3404 Οὖ
544 3348 779 3426 νυμφίου
807 3369 865 3402 τε
892 3369 959 3421 γη
972 3351 1164 3422 μενοῦς
1200 3346 1491 3421 βασιλέως,

254 3449 402 3504 2336
438 3450 683 3502 Πλουτεῖ
711 3445 903 3519 νοῃτὸν
936 3444 1273 3499 παντάνακτα
1302 3443 1560 3521 νυμφίον,

440 3538 547 3591 Καὶ
584 3532 861 3609 βασιλείας
891 3533 1133 3607 οὐρανῶν
1162 3532 1526 3608 κληρουχίαν.

439 3623 731 3679 Μονάσασα
760 3620 818 3677 δὲ
846 3623 936 3676 καὶ
971 3623 1144 3695 μονὴν
1175 3619 1497 3694 δειμαμένη,

439 3711 670 3769 Ἦσκεῖτ¹
699 3709 753 3765 ἐν
785 3710 920 3783 αὐτῇ
954 3706 1343 3785 προσλαλοῢσα
1380 3714 1497 3770 ταῖς
1532 3704 1768 3784 βίϐλοις,

442 3803 546 3862 Ἦς
582 3800 748 3872 μεστᾶ
779 3800 1175 3875 συγγράμματα
1199 3797 1440 3871 χαρίτων
1473 3794 1590 3874 ἔφυ.

262 3892 407 3947 2340
444 3891 511 3944 Ἡ
542 3886 600 3942 δὲ
635 3886 847 3962 βασιλὶς
876 3890 910 3956 ἡ
943 3885 1076 3942 Θεοῦ
1108 3884 1223 3949 θεία
1253 3883 1401 3947 δόσις

450 3979 763 4052 Στέργουσα
792 3972 1032 4050 κρύϐδην
1064 3974 1270 4035 εἰκόνας
1299 3969 1596 4047 σεϐασμίας

447 4071 708 4140 Κατεῖχεν
738 4060 887 4119 ἔνδον
924 4058 1167 4125 εὐλαϐῶς
1198 4057 1481 4130 κιϐωτίου,

448 4153 655 4212 Μανίαν
688 4154 1010 4209 ἐκκλίνουσα
1036 4156 1133 4207 τοῦ
1163 4151 1473 4206 συνευνέτου

448 4245 656 4317 Ἥνπερ
686 4244 925 4317 προσῆγε
954 4244 1352 4317 προσκυνηταῖς
1385 4239 1629 4295 εἰκόνων.

276 4345 413 4400 2345
442 4341 543 4396 Καὶ
576 4338 640 4410 δή
673 4342 791 4395 ποτ’
822 4339 987 4409 αὐτῆς
1018 4338 1427 4412 προσκυνούσης
1456 4336 1700 4407 εἰκόνων,

449 4427 686 4503 Αἴσχιον
720 4426 1003 4503 ἆνδράριον
1029 4427 1195 4483 αὐτοῦ
1221 4425 1478 4500 Θερσίτου

452 4517 772 4593 Παράφορον
803 4521 923 4571 νοῦν
954 4518 1042 4571 καὶ
1074 4516 1578 4593 παρακεκομμένον,

455 4607 807 4681 ’Δνακτόροις
837 4606 967 4679 ἅθυρ
977 4625 1071 4678 μα,
1104 4602 1453 4680 ψυχαγωγία,

451 4697 464 4718 7
578 4696 589 4717 Ι
635 4696 648 4717 ι
682 4694 696 4710 τ
755 4697 762 4706 ¹
1085 4691 1151 4713 IN,
1186 4694 1200 4711 θ
1278 4694 1291 4713 ς
1354 4691 1382 4711 1'
1491 4693 1502 4710 Ι

471 4698 632 4771 Ηρωτ
679 4715 917 4765 επισταν,
947 4694 1013 4750 Τί
1035 4712 1131 4748 ταο
1182 4714 1315 4761 εστι,
1344 4715 1388 4747 ω
1418 4695 1609 4765 Μανα,

274 4786 413 4843 2350
452 4782 605 4837 Οὕτω
626 4784 726 4858 γάρ
758 4782 1003 4856 ὠνόμαζε
1026 4782 1126 4851 τήν
1162 4779 1431 4855 βασιλίδα*

454 4874 521 4928 Ἡ
547 4870 593 4926 δ’
624 4870 840 4947 ἀφελῶς
874 4890 1078 4945 ειρηκε,
1110 4871 1263 4925 Κακά
1290 4870 1453 4927 νινία.

455 4962 687 5018 Ἐκεῖθεν
722 4958 811 5014 οὖν
845 4957 1044 5033 ἔδραμε
1072 4958 1208 5033 πρὸς
1246 4957 1471 5033 βασιλέα

456 5050 663 5105 Ἐκεῖνό
692 5049 740 5103 τ’
771 5048 1075 5122 ἀνθρώπιον
1109 5048 1183 5109 ὡς
1212 5045 1412 5111 εἷ’θιστό
1444 5048 1516 5105 οἱ.

453 5139 516 5195 Ὁ
548 5134 595 5191 δ’
623 5135 785 5212 ἤρετο
812 5134 864 5206 ἐξ
895 5136 1022 5190 ὅτου
1050 5138 1168 5209 περ’
1197 5133 1337 5191 ’ἐκειν
1370 5137 1457 5191 καὶ
1488 5136 1669 5202 πόθεν·

283 5229 423 5284 2355
456 5224 580 5281 Τόδ’
608 5224 840 5298 ἐκμάνας
868 5218 1060 5301 ἔφησεν
1093 5224 1245 5293 ἥκειν
1280 5222 1485 5295 ἐνθάδε,

454 5314 589 5373 Kal“:
616 5311 749 5383 ὴνδε
774 5311 919 5367 καλὰ
945 5314 1376 5385 προπεκτῆσθαι
1407 5334 1483 5367 νιν
1495 5313 1564 5369 ία.

458 5401 645 5465 Συνείς
682 5399 940 5477 βασιλεὺς
964 5400 1173 5462 εἷ’κόνας
1200 5401 1266 5454 τὰ
1292 5421 1371 5455 νιν
1383 5400 1452 5471 ία,

456 5493 639 5565 Θυμοῦ
668 5491 847 5546 πνέων
880 5486 1059 5542 ἄπεισι
1091 5490 1229 5563 πρὸς
1263 5487 1514 5564 βασιλίδα

458 5582 552 5637 Καὶ
586 5577 923 5655 λοιδορεῖται
952 5577 1040 5631 καὶ
1072 5579 1397 5632 καθικνεῖται
1429 5576 1635 5654 λόγοις.

290 5669 417 5726 2360
451 5671 514 5729 Ἦ
544 5667 590 5725 δ’
617 5671 684 5741 ἦν
718 5665 985 5744 σοφιστὴν
1014 5663 1271 5721 ἀπατῶσα
1299 5666 1527 5744 κακίας,

1919 513 1975 576 Α

1929 1867 1977 1929 Β

1935 3215 1977 3281 C

1944 4573 1994 4637 D

1771 388 2139 442 CBSARES.

2006 515 2070 564 ut
2090 510 2169 565 ait
2196 510 2462 565 Christus
2492 510 2551 564 in
2583 525 2851 565 sermone
2879 511 3231 581 evangelica.

2001 598 2056 652 Si
2089 615 2224 669 ergo
2257 599 2542 669 plurimos
2570 600 2932 653 decertantes
2964 600 3211 665 fortiter,

2002 686 2415 756 scelestamque
2444 687 2622 756 hujus
2647 690 2958 758 arguentes
2984 688 3276 757 haeresim,

2004 780 2190 829 morte
2221 775 2526 829 damnatos
2556 776 2843 830 efﬁciebat
2872 780 3176 843 martyres.

2005 862 2240 932 Aliqudt
2272 867 2463 917 tamen
2496 863 2758 934 martyrii
2789 864 3115 919 hortatores

2005 953 2475 1023 supervixerunt,
2508 952 2567 1006 in
2595 952 2809 1022 quibus
2839 953 3189 1020 Methodius,

2002 1042 2499 1111 Theophanesque
2526 1040 2768 1095 honesto
2788 1046 3174 1111 compunctus
3201 1044 3492 1115 stigmate,

2003 1135 2059 1184 et
2088 1129 2273 1199 pictor
2304 1131 2554 1184 Lazarus
2581 1130 2679 1199 qui
2714 1131 2966 1200 perustis
2997 1131 3291 1200 manibus,

2005 1223 2156 1279 belle
2185 1229 2377 1279 tamen
2414 1240 2619 1278 rursus
2652 1224 2930 1294 pingebat
2958 1223 3269 1296 imagines.

2003 1314 2128 1367 Jam
2158 1312 2515 1383 Theophilus
2542 1316 2821 1383 appetens
2851 1312 2976 1366 vitis
3008 1314 3224 1369 sociam

2005 1402 2235 1473 imperii
2266 1402 2443 1457 simul
2472 1402 2699 1473 torique
2730 1404 3091 1473 participem,

2004 1490 2248 1545 chorum
2275 1492 2686 1562 undecumque
2717 1490 2948 1561 collegit
2976 1490 3295 1563 virginum,

2006 1595 2254 1649 quarum
2286 1579 2393 1634 etsi
2427 1578 2589 1634 nulla
2621 1594 2733 1633 non
2758 1583 2880 1634 erat
2912 1580 3341 1638 formosissima

2007 1668 2158 1723 inter
2188 1668 2293 1723 has
2324 1672 2520 1723 tamen
2555 1668 2743 1739 magis
2775 1668 3084 1736 emicabat,

2008 1755 2198 1828 qualis
2228 1762 2318 1811 est
2348 1757 2498 1812 lunze
2526 1756 2860 1811 cumulatus
2891 1758 3071 1826 orbis,

2011 1850 2254 1900 venusto
2287 1860 2524 1916 corpore
2556 1848 2614 1899 et
2652 1846 2884 1916 generis
2910 1846 3219 1915 splendore

2008 1934 2409 2004 sermonisque
2441 1934 2615 1989 etiam
2647 1934 2933 2004 dignitate
2962 1935 3161 1990 Icasia.

2007 2024 2255 2077 Aureum
2284 2038 2420 2093 ergo
2450 2039 2687 2093 pomum
2721 2039 2896 2077 manu
2929 2039 3136 2095 gerens

2008 2111 2248 2165 chorum
2279 2110 2562 2182 virginem
2598 2127 2695 2166 rex
2728 2111 3097 2181 circumibat,

2008 2202 2071 2253 ut
2099 2198 2256 2254 hunc
2285 2198 2631 2270 gratissimae
2664 2199 2828 2253 daret
2857 2198 3262 2255 arrhabonem.

2010 2286 2077 2342 Ut
2109 2290 2303 2342 autem
2337 2286 2481 2342 vidit
2511 2286 2569 2341 in
2602 2286 2852 2342 transitu
2878 2287 3143 2353 Icasiam,

2008 2374 2255 2429 formam
2284 2375 2557 2430 eximiam
2592 2376 2813 2430 mirans
2834 2375 3070 2446 puellas,
3104 2377 3184 2431 ait
3218 2394 3231 2430 :

2008 2460 2228 2516 Cuncta
2259 2462 2615 2517 obvenerunt
2646 2463 2798 2519 mala
2828 2480 2930 2535 per
2958 2464 3287 2520 mulierem.

2012 2557 2119 2614 Illa
2149 2558 2465 2626 submisse,
2490 2560 2591 2613 sed
2625 2559 2942 2630 prudenter
2972 2561 3310 2633 admodum,

2008 2648 2185 2719 Atqui
2217 2664 2287 2704 ex
2316 2648 2557 2703 muliere
2590 2648 2830 2704 meliora
2860 2653 3121 2715 manant,
3154 2651 3254 2706 ait.

2011 2737 2127 2790 Rex
2158 2736 2481 2792 admiratus
2508 2738 2812 2808 virginem,
2846 2738 3162 2809 praeteriit;

2009 2840 2299 2895 pomoque
2329 2825 2538 2880 tradito
2570 2825 2782 2895 virgini
2804 2826 3115 2881 Theodora:

2010 2913 2256 2984 patriam
2284 2913 2519 2983 quidem
2552 2912 2787 2968 habenti
2818 2912 3301 2988 Paphlagoniam,

2011 3002 2110 3058 sed
2133 3004 2202 3057 de
2235 3001 2498 3072 patriciis
2530 3001 2737 3073 genita
2770 3001 3135 3073 parentibus,

2008 3090 2159 3147 hanc
2189 3089 2365 3145 simul
2400 3089 2627 3161 imperii
2658 3089 2890 3161 torique
2920 3092 3263 3163 participem

2019 3179 2174 3249 fecit,
2207 3177 2518 3249 praeterita,
2553 3182 2620 3233 ut
2642 3178 2766 3248 jam
2794 3177 2935 3248 dixi,
2970 3180 3154 3235 Icasia
3187 3195 3202 3235 :

2018 3282 2141 3336 quae
2175 3265 2273 3321 ubi
2306 3266 2667 3320 mundanum
2699 3282 2816 3339 non
2839 3269 2928 3321 est
2957 3268 3168 3339 adepta
3191 3273 3510 3343 sceptrum,

2016 3355 2348 3425 terrenique
2379 3352 2533 3425 regis
2564 3353 2785 3424 nuptiis
2817 3355 3053 3425 excidit,

2016 3452 2340 3525 spiritalem
2371 3455 2427 3508 et
2458 3452 2721 3509 omnium
2752 3455 2962 3523 Regem
2996 3470 3281 3525 sponsum

2018 3542 2244 3597 lucrata
2274 3544 2363 3596 est
2394 3545 2449 3597 et
2478 3541 2730 3597 caelestis
2763 3541 2922 3612 regni
2954 3546 3194 3599 sortem.

2017 3630 2287 3687 Monialis
2318 3630 2475 3687 enim
2508 3632 2739 3687 condito
2770 3633 3153 3700 monasterio,

2017 3719 2079 3773 in
2109 3718 2216 3774 hoc
2245 3734 2305 3773 se
2334 3720 2592 3775 exercuit
2621 3719 2829 3775 litteris
2865 3722 3008 3776 dans
3038 3738 3273 3793 operam
3303 3740 3317 3792 ;

2019 3808 2267 3877 ejusque
2298 3810 2529 3861 exstant
2561 3807 2715 3876 pleni
2747 3806 2943 3878 lepore
2972 3808 3128 3865 libri.

2018 3897 2090 3951 At
2118 3895 2475 3968 imperatrix,
2508 3895 2791 3966 inclytum
2824 3895 2923 3950 Dei
2964 3897 3202 3965 donum,

2022 4000 2219 4039 sacras
2253 3983 2537 4054 imagines
2568 3981 2898 4037 clanculum
2932 3984 3148 4055 colens,

2022 4072 2289 4128 servabat
2319 4076 2645 4126 reverenter
2674 4070 2734 4125 in
2759 4088 2893 4126 arca
2919 4072 3183 4128 conditas

2023 4163 2299 4216 insanum
2333 4160 2533 4214 odium
2567 4160 2833 4231 conjugis
2865 4159 3186 4226 declinans,

2024 4265 2140 4321 quo
2170 4248 2418 4304 cultores
2449 4247 2771 4319 imaginum
2803 4249 3285 4320 prosequebatur.

2023 4346 2286 4417 Cumque
2314 4344 2414 4400 illa
2443 4345 2755 4416 aliquando
2790 4347 2892 4401 has
2918 4346 3077 4417 ipsas
3108 4347 3339 4416 coleret,

2024 4434 2344 4489 homuncio
2376 4432 2615 4505 quidam
2648 4434 2909 4489 Thersite
2932 4434 3251 4490 deformior

2024 4521 2277 4577 dementi
2310 4526 2503 4577 mente
2534 4522 2812 4593 praaditus
2844 4526 2900 4577 et
2929 4522 3236 4594 insipiens,

2023 4610 2161 4681 regii
2194 4609 2393 4681 palatii
2414 4609 2705 4664 ludicrum
2739 4609 3083 4676 ludibrium,

2030 4698 2255 4770 rogavit
2284 4699 2527 4753 adstans
2551 4713 2565 4752 :
2585 4697 2731 4761 Quid
2764 4697 2853 4752 hae
2883 4702 3035 4761 tunt,
3069 4714 3100 4753 ο
3132 4698 3301 4754 Mana
3320 4699 3348 4754 ‘2

2028 4786 2138 4842 hoc
2167 4786 2324 4841 enim
2358 4785 2591 4840 nomine
2614 4785 2873 4855 reginam
2905 4785 3256 4856 appellabat.

2029 4874 2134 4929 Illa
2163 4890 2304 4946 pure
2332 4873 2650 4943 respondit,
2683 4874 2831 4928 Sunt
2856 4873 3111 4945 pulchrae
3142 4892 3329 4947 pupae.

2030 4963 2302 5019 Protinus
2334 4963 2404 5017 ad
2436 4977 2631 5032 regem
2666 4960 2829 5016 illinc
2860 4979 3035 5019 cursu
3069 4965 3296 5022 concito

2028 5052 2342 5107 homuncio
2373 5050 2467 5107 ille
2498 5049 2652 5105 venit
2678 5068 2779 5121 pro
2808 5067 2966 5106 more
2998 5069 3124 5109 suo.

2029 5140 2147 5194 Rex
2177 5139 2509 5194 sciscitatur
2539 5138 2833 5193 undenam
2864 5138 2989 5210 ipse
3021 5140 3216 5196 veniat
3248 5156 3263 5197 :

2028 5243 2280 5282 vesanus
2313 5226 2473 5281 illinc
2499 5243 2627 5282 sese
2656 5226 2842 5282 redire
2873 5228 2972 5295 ait,

2029 5320 2085 5371 et
2117 5315 2378 5388 reginam
2411 5316 2708 5387 possidere
2738 5315 3014 5386 pulchras
3049 5334 3257 5388 pupas.

2029 5405 2146 5459 Rex
2176 5421 2360 5476 pupas
2388 5403 2717 5475 intelligens
2744 5420 2871 5459 esse
2902 5404 3204 5475 imagines,

2028 5494 2116 5548 ira
2140 5492 2536 5548 inﬂammatus
2566 5492 2752 5563 pergit
2783 5495 2852 5547 ad
2886 5493 3165 5561 reginam,

2030 5597 2275 5652 eamque
2305 5582 2571 5652 objurgat
2600 5580 2961 5651 compellans
2992 5581 3179 5635 verbis
3205 5583 3448 5652 asperis.

2031 5672 2163 5742 Ipsa
2192 5668 2585 5727 cavillatorem
2617 5668 2910 5740 decipiens
2936 5669 3295 5741 improbum,

3572 388 3642 442 98
