4154 6304
486 404 558 460 99
1698 408 2066 464 EPHREMII
2104 405 2673 465 CHRONOGRAPHI

492 535 573 589 ait
598 545 661 588 se
691 532 749 587 in
777 529 1012 602 speculo
1042 530 1533 603 contemplantem
1566 535 1815 603 spectra,

488 622 737 678 formam
770 635 938 676 suam
971 619 1297 692 appellasse
1328 636 1616 691 puparum
1650 619 1907 684 nomine,

493 710 587 766 Sic
617 709 847 765 elocuta
872 708 1025 778 regis
1055 708 1330 765 exstinxit
1360 708 1524 764 iram.

493 798 612 854 Rex
635 798 731 853 hic
758 796 1113 869 Theophilus
1144 813 1544 869 saepenumero

489 890 617 943 tum
648 902 752 959 per
780 901 843 941 se
874 886 997 957 ipse
1027 890 1152 940 tum
1185 900 1289 957 per
1318 885 1496 941 duces
1519 883 1780 951 bellicos,

491 992 638 1047 quos
673 973 889 1030 multos
919 973 1124 1028 habuit
1152 973 1284 1028 forti
1306 974 1501 1028 animo
1535 972 1830 1045 praeditos,

488 1062 806 1121 Manuelem
838 1062 1157 1134 praesertim
1190 1077 1254 1117 ac
1284 1061 1703 1133 Theopbobum

490 1152 736 1208 feliciter
764 1149 1001 1206 bellavit
1028 1166 1163 1205 cum
1196 1148 1457 1205 hostium
1492 1150 1665 1205 cede.

492 1242 680 1296 Ambo
710 1240 1068 1295 enim-erant
1099 1238 1286 1294 dextri
1319 1240 1634 1309 fortesque,

493 1328 831 1400 neminique
860 1328 1141 1384 cedebant
1173 1343 1412 1382 suorum
1444 1330 1775 1397 temporum

492 1419 837 1476 strenuitate
866 1416 954 1473 vel
988 1424 1107 1474 arte
1137 1417 1527 1489 imperatoria.

488 1511 620 1580 Ipse
649 1505 1011 1578 Theophilus
1040 1505 1339 1561 liberalem
1376 1521 1618 1561 manum

489 1596 948 1667 muniﬁcamque
979 1594 1255 1650 omnibus
1288 1594 1642 1666 porrigebat.

485 1686 673 1749 Quare
704 1684 875 1739 etiam
912 1682 1231 1754 hospitium
1266 1682 1638 1753 splendidum
1665 1694 1968 1752 magnum,

486 1774 555 1830 ad
591 1773 927 1845 peregrinos
959 1770 1267 1826 exciendos
1295 1773 1601 1826 exstruens

488 1860 706 1918 suimet
734 1859 975 1916 aedificio
1002 1874 1215 1915 nomen
1249 1858 1479 1928 indidit,

488 1950 641 2021 quod
672 1953 842 2005 antea
872 1947 1061 2003 fuerat
1091 1951 1417 2003 scortorum
1453 1946 1731 2001 lustrum.

484 2041 601 2094 Nec
631 2038 715 2094 rei
747 2051 1001 2093 venereae
1034 2051 1277 2107 prorsus
1307 2039 1431 2091 erat
1461 2034 1771 2103 obnoxius,

488 2128 588 2184 sed
617 2126 978 2183 castimonia:
1009 2124 1280 2180 studebat
1314 2124 1574 2179 mirifice.

488 2216 690 2273 Alexio
720 2218 915 2271 autem
947 2215 1329 2285 cognomento
1360 2212 1559 2268 Moseli

489 2319 557 2362 ex
586 2302 996 2359 Armeniorum
1026 2300 1377 2357 Crinitarum
1411 2299 1565 2355 claro
1595 2314 1823 2371 genere,

491 2398 732 2449 strenuo
763 2391 885 2447 viro
907 2394 964 2447 et
993 2389 1126 2446 duci
1162 2388 1561 2460 magnanimo,

491 2486 548 2537 et
572 2483 875 2536 venustate
903 2478 1102 2534 vultus
1132 2481 1429 2543 exornato,

491 2569 736 2627 Mariam
771 2568 950 2623 filiam
986 2566 1206 2637 nuptiis
1237 2564 1551 2635 cepulavit,

493 2658 694 2714 addito
728 2656 942 2711 honore
971 2654 1131 2710 tituli
1163 2653 1386 2709 caesarei
1415 2670 1428 2719 ;

490 2746 768 2817 misitque
794 2762 925 2800 cum
948 2744 1134 2799 classe
1164 2746 1365 2798 contra
1396 2740 1828 2812 Longobardos.

486 2835 595 2891 Sed
623 2834 779 2890 enim
810 2833 1106 2889 invidente
1140 2832 1440 2897 comitatu,

491 2927 668 2995 atque
699 2923 851 2995 apud
886 2937 1072 2991 regem
1106 2919 1503 2976 calumniante
1532 2918 1815 2974 Caesarem

492 3027 637 3066 uxor
666 3012 807 3066 dum
839 3009 978 3064 vixit
1007 3008 1335 3064 calumnias
1366 3005 1630 3079 dispulit.

487 3100 599 3156 Sed
634 3103 946 3172 postquam
978 3097 1077 3154 illa
1105 3096 1287 3151 vitam
1320 3094 1600 3161 deseruit,

493 3188 691 3244 statim
723 3187 960 3243 Alexius
995 3185 1201 3241 mundi
1232 3201 1294 3239 se
1324 3200 1535 3254 pompa
1564 3180 1840 3237 abdicans

486 3278 747 3333 Caesarea
776 3275 1082 3347 dignitate,
1116 3271 1483 3344 pr0pinquis,
1513 3270 1685 3336 caris,

485 3365 833 3437 profanique
863 3362 1019 3418 omni
1050 3361 1305 3417 tumultu
1339 3359 1555 3425 seculi,

482 3469 797 3526 pauperem
831 3451 1038 3508 Christi
1073 3449 1335 3521 exemplo
1368 3463 1598 3503 saccum
1625 3446 1835 3517 induit,

480 3542 930 3611 cmuobiumque
961 3544 1132 3596 tonsa
1161 3555 1329 3595 coma
1356 3538 1659 3609 ingressus
1689 3539 1779 3591 est

481 3628 775 3685 Anthemii
803 3626 1027 3684 scilicet
1056 3626 1209 3697 quod
1242 3626 1369 3696 ipse
1399 3627 1825 3690 construxerat,

482 3717 680 3788 ibique
711 3716 1036 3772 monachus
1064 3715 1198 3769 vita)
1228 3712 1475 3768 confecit
1507 3727 1764 3768 cursum.

480 3805 624 3861 Exin
656 3804 886 3860 Amorio
916 3802 1217 3875 Theophili
1243 3800 1433 3872 patria

482 3898 881 3966 Agarenorum
914 3897 1081 3964 capto
1112 3891 1487 3955 exercitibus,

478 3981 927 4039 innumerabilis
956 3982 1128 4037 turba
1153 3980 1346 4053 gladio
1378 3979 1577 4052 periit,

480 4072 745 4144 aliasque
774 4070 1028 4144 plurima
1059 4069 1322 4127 servituti
1357 4068 1591 4123 addicta

479 4161 551 4219 ad
582 4160 869 4217 Barbaros
891 4160 1026 4231 jure
1056 4159 1190 4216 belli
1222 4158 1427 4213 abacta
1458 4160 1586 4211 est:

477 4254 649 4321 atque
680 4249 737 4304 in
763 4249 861 4304 his
889 4252 1055 4305 erant
1084 4247 1378 4318 legionum
1412 4246 1589 4299 duces

475 4337 598 4394 illic
620 4336 966 4394 bellantium
998 4334 1386 4406 quadraginta
1416 4333 1554 4399 duo,

476 4426 577 4499 qui
608 4426 784 4483 etiam
807 4429 1093 4497 martyres
1123 4425 1375 4493 denique
1400 4422 1733 4477 evaserunt.

475 4520 594 4571 Hos
625 4520 691 4571 ut
719 4515 1031 4571 redimeret
1060 4530 1155 4570 rex
1186 4512 1537 4582 legationem
1566 4507 1729 4563 misit

474 4601 908 4673 significantem
937 4600 1187 4657 Persidis
1217 4605 1460 4672 tyranno

476 4695 542 4744 ut
562 4690 669 4746 hos
699 4691 1024 4746 dimitteret
1054 4688 1306 4761 acceptis
1338 4686 1607 4743 redimiis

477 4778 832 4835 centenariis
859 4782 1113 4850 quatuor
1142 4793 1275 4833 cum
1308 4774 1555 4846 viginti.

473 4867 586 4922 Sed
616 4866 792 4921 verba
822 4869 1173 4936 respuerunt
1191 4880 1361 4919 aures
1390 4864 1671 4919 barbarae.

479 4957 665 5021 Quare
695 4955 1011 5025 imperator
1040 4953 1211 5023 longo
1242 4969 1485 5007 mmrore
1516 4952 1777 5009 allectus.

481 5046 779 5100 contracto
812 5043 1015 5098 morbo
1046 5041 1259 5097 misere
1284 5039 1519 5111 abrupit
1548 5040 1747 5108 vitam,

479 5148 714 5188 uxorem
741 5135 916 5202 atque
940 5130 1249 5201 Optimates
1277 5129 1444 5183 valde
1473 5142 1719 5182 exorans

476 5224 543 5276 ut
568 5218 886 5276 abolendos
917 5222 1192 5273 curarent
1220 5215 1544 5287 imagines;

480 5312 654 5380 atque
686 5312 750 5364 ut
777 5308 1063 5363 Joannem
1097 5306 1329 5376 lupum,
1366 5321 1479 5360 non
1514 5306 1833 5375 pastorem,

479 5396 747 5454 Ecclesia:
776 5396 1115 5453 cathedram
1149 5392 1401 5449 retinere
1431 5392 1710 5449 sinerent.

552 5575 666 5647 (37)
697 5576 832 5633 Cod.
859 5570 1160 5649 τετραπλῆ.

2153 530 2208 593 Α

2157 1887 2203 1952 Β

2152 3236 2194 3302 C

2146 4589 2196 4654 D

2412 527 2511 588 Τὰς
2543 528 2593 582 έν
2624 529 2949 604 κατόπτροις
2974 530 3229 608 ἐμφάσεις
3263 534 3495 611 λέγουσα
3523 558 3641 604 πως

2410 621 2639 693 Μορφῆς
2671 616 2808 690 έμῆς
2841 616 2972 674 ἰδεῖν
3000 641 3058 674 τε
3088 624 3285 698 φράσαι
3312 624 3471 682 νινία.

2413 702 2570 760 Οὕτω
2602 707 2775 779 θυμοῦ
2807 702 3079 762 σϐέννυσιν
3114 710 3338 766 είποῦσα
3359 710 3556 790 φλόγα.

2411 794 2581 857 Οὗτος
2614 793 2867 869 βασιλεὺς
2898 794 3162 874 Θεόφιλος
3190 797 3460 864 πολλάκις

2233 882 2376 936 2365
2413 882 2513 937 Καὶ
2548 880 2617 936 δι’
2649 884 2839 938 ἑαυτοῦ
2867 884 2955 939 καὶ
2988 892 3307 962 στρατηγῶν
3334 891 3625 964 ταγμάτων

2416 970 2639 1026 Ἀλλων
2669 991 2727 1026 τε
2756 970 2983 1028 πολλῶν
3016 973 3301 1050 ἀνδρικῶν.
3335 976 3654 1052 εὖκαρδίων,

2412 1060 2676 1129 Μανουὴλ
2708 1058 2754 1114 δ’
2787 1062 2895 1137 οὐχ
2923 1062 3118 1130 ἥκιστα
3140 1064 3229 1118 καὶ
3260 1062 3559 1143 Θεοφόόου,

2410 1149 2604 1223 Μάχας
2628 1151 2907 1225 κατώρθου
2938 1150 3197 1207 κτιννύων
3230 1152 3580 1218 ἀντιπάλους⁶

2412 1239 2617 1307 ’Ήστην
2647 1238 2747 1312 γὰρ
2779 1238 2943 1316 ἄμφω
2974 1238 3159 1314 δεξιὼ,
3193 1240 3491 1317 ῥωμαλέω,

2234 1326 2375 1381 2370
2414 1324 2519 1380 Καὶ
2548 1329 2654 1379 τῶν
2682 1327 2817 1380 κατά
2846 1331 2980 1404 σφᾶς
3009 1326 3228 1391 οὐδενὸς
3260 1326 3606 1404 λελειμμένω

2412 1409 2739 1487 Εὐανδρίαις
2762 1434 2820 1468 τε
2847 1413 2937 1468 καὶ
2969 1413 3163 1478 καλαῖς
3189 1418 3559 1494 στρατηγίαις.

2410 1502 2515 1557 Καὶ
2546 1507 2708 1578 χεῖρα
2738 1501 2785 1558 δ’
2815 1504 2930 1579 εἶχε
2960 1505 3273 1581 φιλόιιμον.
3305 1506 3594 1579 πλουσίαν,

2412 1590 2794 1666 Εὐεργετικήν,
2829 1591 3139 1671 φιλόδωρον
3174 1595 3253 1659 εἷς
3285 1595 3473 1661 ὅλουςο

2410 1680 2567 1735 ’Ὁθεν
2601 1680 2799 1750 ξενῶνα
2827 1681 2915 1735 καὶ
2949 1682 3163 1755 φαεινὸν
3192 1686 3283 1738 καὶ
3317 1686 3479 1759 μέγαν

2234 1769 2376 1824 2375
2414 1767 2505 1829 Εἷς
2534 1766 2822 1842 ἀνάπαυμα
2849 1773 2956 1824 τῶν
2986 1771 3146 1841 ξένων
3175 1772 3474 1848 ἀπαρτίσας

2413 1853 2633 1926 Κλῆσιν
2658 1858 2848 1913 ἑαυτοῦ
2876 1863 2956 1931 τῷ
2988 1856 3269 1933 δομήματι
3308 1863 3484 1935 νέμει,

2412 1945 2586 2001 Οἶκων
2618 1951 2882 2021 γυναικῶν
2917 1944 3045 2003 ὄντα
3073 1950 3133 2003 τὸ
3164 1950 3289 2020 πρὶν
3323 1949 3590 2024 ἀσέμνων*

2411 2034 2654 2104 "nume
2686 2032 2727 2089 δ’
2758 2032 2912 2090 οὐδὲν
2941 2034 3271 2113 ἀφροδισίων
3304 2035 3509 2116 σφόδρα

2410 2125 2485 2195 Τῇ
2516 2122 2833 2198 σωφροσύνῃ
2866 2127 3253 2199 προστετηκὼς
3286 2126 3548 2191 ἐκτόπως·

2234 2212 2375 2266 2380
2414 2210 2645 2282 ’Δλεξίῳ
2675 2209 2731 2265 δὲ
2758 2216 2835 2283 τῷ
2864 2211 3102 2283 Μωσηλέ
3126 2214 3431 2287 τούπίκλην

2414 2298 2497 2368 Ἐξ
2528 2298 2829 2371 Ἀρμενίων
2862 2305 3150 2375 Κρηνιτῶν
3185 2300 3444 2381 λαμπροῦ
3474 2304 3661 2380 γένους

2410 2383 2589 2461 Ἃνδρὶ
2620 2392 2923 2464 στρατηγῷ,
2955 2387 3197 2463 γεννάδα,
3232 2391 3508 2467 ῥωμαλέῳ

2414 2475 2561 2531 Κατά
2588 2475 2826 2551 χαρίτων
2860 2472 2983 2549 ὄψιν
3016 2476 3394 2553 ἠγλαϊσμένῳ,

2413 2562 2625 2636 Μαρίαν
2659 2565 2920 2637 συνῴκισε
2946 2566 3045 2634 τὴν
3076 2568 3360 2642 θυγατέρα,

2233 2652 2375 2707 2385
2412 2652 2662 2721 Τιμήσας
2693 2652 2851 2707 αὐτὸν
2882 2651 3001 2725 ἀξίᾳ
3028 2656 3100 2725 τῆ
3129 2654 3429 2726 Καισάρων·

2411 2740 2511 2795 Καὶ
2546 2738 2636 2795 σὺν
2666 2738 2846 2813 στόλῳ
2874 2740 3127 2817 πέπομφε
3157 2743 3292 2815 πρὸς
3333 2739 3738 2819 Λοῃιόάρδους

2412 2830 2786 2901 Φθονουμένου
2818 2827 2875 2884 δὲ
2902 2836 3018 2891 τοῖς
3047 2836 3162 2885 κατ’
3188 2830 3348 2886 αὐτὸν
3383 2829 3605 2907 ἀνδράσι

2348 2950 2351 2951 ν
2412 2916 2515 2972 Καὶ
2541 2921 2619 2987 τῷ
2653 2915 2867 2990 βασιλεῖ
2896 2918 2949 2991 γ’
2978 2913 3501 2992 ένδιαϐεϐλημένου,

2413 3000 2692 3059 Διαϐολῶν
2721 3003 2947 3080 σύζυγος
2978 3006 3045 3073 ἦν
3079 3009 3223 3075 ζῶσα
3254 3006 3425 3071 λύτιςο

2233 3093 2374 3148 2390
2414 3090 2562 3147 Ἐπεὶ
2595 3088 2643 3145 δ’
2672 3090 2842 3162 ἐκείνη
2875 3091 3132 3148 κατέλιπε
3162 3094 3251 3148 τὸν
3285 3094 3421 3169 βίον,

2411 3178 2585 3241 Εὐθὺς
2614 3178 2952 3257 περιφάνειαν
2987 3180 3225 3257 έκγιπὼν
3257 3182 3396 3256 βίου,

2408 3268 2680 3340 Καίσαρος
2711 3268 2856 3339 ἀξίαν
2887 3290 2967 3340 τε,
3004 3275 3299 3345 συγγενεῖς,
3333 3270 3547 3347 φίλους,

2402 3352 2579 3411 *Αλλά
2605 3377 2664 3411 τε
2688 3356 2860 3412 πάντα
2888 3357 2977 3413 καὶ
3009 3356 3177 3413 πλέον
3199 3354 3403 3433 τύρϐην
3440 3360 3585 3434 βίου,

2401 3445 2477 3500 Τὸ
2507 3444 2640 3499 κατὰ
2669 3446 2898 3520 Χριστὸν
2929 3445 3278 3523 ἀμφιέννυται
3312 3446 3501 3523 ῥάκος,

2225 3535 2367 3589 2395
2404 3533 2503 3589 Καὶ
2537 3532 2701 3607 τρίχα
2730 3533 2909 3607 καρεὶς
2939 3535 3038 3601 τὴν
3072 3536 3244 3606 μονὴν
3282 3533 3554 3609 ὑπεισέδυ,

2402 3625 2500 3676 Ἥν
2530 3621 2688 3684 αὐτὸς
2720 3621 2971 3696 ἀνήγειρε
2996 3623 3093 3690 τὴν
3129 3622 3438 3694 ’λνθεμίοψ

2401 3710 2491 3766 Ἐν
2520 3708 2556 3783 ᾖ
2588 3709 2829 3782 μονάζων
2858 3706 3115 3764 καταλύει
3140 3710 3232 3765 τόν
3266 3710 3403 3784 βίον.

2399 3802 2504 3852 Τοῦ
2535 3795 2581 3851 δ’
2609 3798 2857 3871 Αμορίου
2886 3796 3143 3874 πατρίδος
3176 3797 3443 3876 Θεοφίλου

2400 3891 2526 3948 Ταῖς
2553 3889 2868 3961 Ἀγαρηνῶν
2900 3891 3174 3962 σνρατιαῖς
3201 3885 3512 3959 ἡλωκότος,

2223 3977 2365 4033 2500
2400 3976 2895 4051 Ἀπειραριθμήτου
2926 3974 2983 4032 δὲ
3013 3978 3327 4041 κτανθέντος
3355 3976 3575 4051 στίφους

2404 4063 2513 4121 Καὶ
2538 4064 2753 4134 πλῆθος
2780 4065 2903 4133 ἥλω
2938 4067 3299 4141 μυριάριθμον
3330 4064 3452 4121 τότε

2402 4153 2595 4228 Ἀχθὶν
2630 4150 2975 4228 δορυάλωτον
3007 4153 3191 4216 αὐτοῖς
3221 4149 3545 4230 Βαρϐάροις,

2402 4242 2492 4298 Ἐν
2526 4242 2608 4303 οἷς
2638 4241 2929 4315 στρατηγοὶ
2960 4246 3067 4297 τῶν
3100 4240 3265 4306 έκεῖθι
3294 4242 3582 4318 ταγμάτων

2402 4329 2565 4391 Δεκᾶς
2589 4326 2866 4403 τετραπλή
2897 4331 3011 4403 (37)
3043 4330 3137 4385 σὺν
3169 4329 3317 4405 ἀπλῇ
3350 4329 3623 4405 ξυνωρίδι,

2222 4421 2363 4476 2405
2402 4418 2469 4475 Οί
2503 4416 2792 4493 μαρτύρων
2827 4414 3049 4493 εὕραντο
3078 4419 3168 4474 καὶ
3201 4419 3367 4498 στέφη
3399 4418 3583 4495 τφλοςο

2398 4511 2597 4583 Ὢνπερ
2627 4507 2885 4585 πέπομφε
2912 4504 3165 4581 πρέσϐεις
3192 4509 3220 4562 ὁ
3249 4506 3464 4583 κράτωρ

2402 4593 2875 4671 Ἀπαγγελοῦντας
2898 4601 2978 4668 τῷ
3006 4600 3291 4673 κρατοῦντι
3324 4593 3585 4673 Περσίδος

2401 4687 2600 4739 Λοῦναι
2633 4678 2871 4739 λαϐόντα
2901 4683 3073 4758 λύτρα
3098 4685 3196 4753 τὴν
3231 4682 3384 4738 λύσιν
3415 4684 3593 4757 σφίσιν

2400 4774 2729 4845 Κεντηνάρια
2756 4773 2891 4849 πρὸς
2919 4774 3132 4849 τέτρασι
3166 4770 3246 4834 δὶς
3269 4769 3413 4831 δέκα.

2222 4864 2364 4917 2410
2402 4861 2552 4917 Ἀλλ’
2581 4862 2643 4916 οὐ
2674 4862 2973 4937 προσέσχεν
3007 4861 3143 4931 ἀκοή
3177 4860 3358 4939 φαύλη
3392 4859 3599 4937 λόγοις·

2400 4951 2551 5005 Ὅθεν
2584 4948 2836 5025 βασιλεὺς
2866 4950 3106 5012 έκτακεὶς
3142 4954 3320 5023 μακρᾷ
3349 4949 3495 5024 λύπῃ

2400 5040 2648 5109 Νοσήσας
2676 5038 2942 5114 ἀπέρρηξε
2968 5042 3150 5102 κακῶς
3175 5039 3266 5092 τὸν
3298 5039 3439 5114 βίον,

2400 5124 2593 5181 Πολλᾶ
2622 5124 2834 5197 δεηθεὶς
2866 5126 3098 5200 συζύγου
3128 5130 3235 5181 τῶν
3265 5128 3313 5181 τ’
3343 5126 3395 5180 έν
3425 5124 3570 5181 τέλει

2394 5214 2699 5290 καθαιρέσει
2728 5214 3046 5289 στέργοντας
3074 5219 3181 5269 τῶν
3213 5213 3604 5288 εἰκονισμάτων

2217 5304 2363 5360 2415
2393 5306 2516 5359 Τῶν
2550 5301 2801 5372 Ἰωάννην
2836 5301 3022 5376 λύκον,
3054 5302 3184 5377 οὐχὶ
3210 5301 3465 5375 ποιμένα,

2396 5392 2519 5461 Ἐᾷν
2545 5387 2803 5465 καθέδραν
2835 5390 3083 5467 κατέχειν
3112 5389 3461 5463 Ἐκκλησίας.

3773 422 3877 477 100
