4132 6300
272 387 380 443 105

446 507 581 580 Περὶ
616 504 849 581 βρέφους
875 500 1042 559 ἔδεισε
1074 505 1253 579 μήτηρ
1283 503 1388 558 ἐκτ¹
1416 523 1535 564 πως

440 596 550 651 Τὸν
583 595 736 648 ἀετὸν
769 594 1011 667 βλέψασα
1046 593 1120 664 μὴ
1152 594 1266 646 κατ’
1290 590 1520 653 ἐλπίδας

448 684 616 737 Σκιάν
650 680 1005 756 σχεδιάζοντα
1030 687 1110 753 τῷ
1144 679 1488 758 βρεφυλλίῳ,

446 772 552 828 Καὶ
583 769 741 825 τόνδε
771 768 943 833 λίθοις
975 769 1266 823 ἀπεΛαύνει
1304 768 1593 845 μακρόθεν

260 862 410 917 2530
450 860 553 916 Καὶ
578 856 731 923 τῆσδ’
764 856 1028 930 ἀπούσης,
1060 856 1205 931 ὄρνις
1239 859 1312 921 ὡς
1340 859 1466 930 πρὶν
1499 856 1733 926 κατέπτη

448 946 640 1004 Τελῶν
667 947 730 1001 τὸ
758 945 1130 1019 λειτούργημα
1156 943 1357 1017 παιδίῳ
1384 946 1570 1015 πάλιν,

448 1037 549 1092 Καὶ
583 1035 748 1089 πάλιν
782 1033 1087 1104 ἀπήλαυνεν
1113 1037 1147 1103 ἡ
1172 1034 1487 1109 γειναμένη,

443 1127 548 1182 Καὶ
577 1126 724 1180 τοῦτ’
755 1122 945 1200 ἐδρᾶτο
976 1123 1251 1187 πολλάκις
1279 1127 1374 1193 τῆς
1405 1126 1635 1199 ἡμέρας.

443 1216 529 1275 Ὠς
560 1212 605 1267 δ’
636 1209 856 1289 ἐφήϐων
883 1214 1064 1286 ἥψατο
1094 1221 1194 1282 τῆς
1225 1211 1467 1282 ἡλικίας.

262 1304 411 1359 2535
446 1302 657 1375 Ἀγνώς
685 1322 769 1362 τις
800 1301 874 1355 ὣν
908 1303 1097 1356 ἅπασιν
1132 1302 1376 1376 ἐσχάτως
1406 1300 1572 1370 πένης

440 1388 665 1452 Βαδίσας
695 1393 796 1459 ἧκε
824 1391 963 1464 πρὸς
990 1390 1152 1444 πόλιν
1184 1389 1609 1458 Κωνσταντίνου,

436 1480 530 1540 Ὡς
557 1477 620 1532 ἂν
655 1479 888 1555 ὑπάρξας
915 1483 1021 1533 τῶν
1052 1499 1192 1540 τινος
1222 1480 1323 1547 θὴς
1351 1478 1624 1552 εὐπόρων,

442 1571 594 1637 Ζωήν
623 1568 690 1623 τὰ
720 1568 1017 1642 συνέχοντα
1045 1573 1225 1641 κρῶτο
1258 1569 1605 1643 πρνσφόρως·

440 1655 607 1711 Πόλιν
634 1655 679 1711 δ’
708 1655 961 1718 ὑπεισδὺς
990 1651 1310 1731 κατέδαρθεν
1342 1655 1569 1730 ἑσπέρας

254 1745 396 1807 2549
438 1742 747 1816 Διομήδους
780 1746 1052 1820 μάρτυρος
1085 1745 1136 1798 ἐν
1164 1749 1290 1799 ναοῦ
1322 1742 1468 1817 πύλῃ

435 1834 530 1893 Ὦς
559 1853 643 1894 τις
674 1835 936 1907 πενιχρὸς
968 1832 1192 1900 εὐτελὴς
1224 1832 1449 1894 νεανίας.

436 1922 602 1994 ’Όναρ
634 1918 678 1974 δ’
703 1921 731 1974 ὁ
767 1924 973 1995 μάρτυρ
1006 1920 1349 1997 ἐμφανίζεται
1378 1920 1589 1995 νύκτωρ

432 2010 546 2062 Τινὶ
574 2010 688 2063 γαθ⁷
721 2008 919 2071 ὕπνους
947 2011 1055 2064 τῶν
1084 2004 1188 2063 ἔσω
1219 2008 1526 2083 νεωκόρων,

434 2096 538 2152 Καί
559 2098 609 2150 οἱ
637 2098 730 2151 τὸν
761 2096 913 2159 ἐκτὸς
944 2095 1280 2172 ἐγκελεύεται
1312 2096 1507 2172 τάχος,

247 2186 392 2240 2545
431 2184 748 2261 Εῗσαγαγεῖν
774 2183 973 2240 ἄνακτα
991 2192 1091 2254 τῆς
1121 2184 1301 2256 πύλης
1333 2180 1458 2241 ἔσω.

429 2272 486 2325 Ὀ
511 2269 561 2326 δ’
592 2272 894 2343 ὑπεξελθὼν
927 2274 1016 2327 καὶ
1045 2272 1328 2330 Βασίλειον
1365 2274 1528 2345 μόνον

432 2361 615 2435 Εὑρὼν
645 2362 911 2417 ὑπνοῦντα
937 2363 1074 2417 κατὰ
1102 2362 1259 2416 λιτοῦ
1288 2359 1542 2431 δαπέδου,

430 2448 617 2518 Πύλην
650 2448 859 2518 ὑπῆλθε
884 2454 980 2504 τοῦ
1010 2449 1116 2504 νεὼ
1146 2451 1233 2503 καὶ
1262 2450 1351 2503 τὸν
1387 2446 1577 2521 δόμον,

432 2537 597 2607 adea;
629 2534 758 2613 ὄναρ
791 2539 1071 2615 φάντασμα
1102 2538 1327 2611 μάταιον
1356 2536 1562 2611 πέλειν,

258 2628 393 2683 2550
430 2627 528 2680 Καὶ
558 2625 724 2681 πάλιν
753 2629 869 2703 εἶχε
895 2628 986 2682 τὸν
1014 2629 1281 2702 νεωκόρον
1319 2625 1503 2697 κλίνη·

432 2717 531 2772 Καὶ
566 2714 730 2769 πάλιν
764 2712 889 2789 ὄψις
917 2736 1084 2771 ταυτα
1114 2717 1164 2770 οἳ
1189 2715 1497 2789 παρηγγύα·

428 2804 530 2858 Καὶ
562 2802 726 2859 πάλιν
758 2802 1016 2879 ἐξέδραμε
1042 2812 1142 2874 τῆς
1173 2803 1355 2874 πύλης
1384 2805 1577 2878 τάχος,

429 2893 530 2947 Καὶ
562 2891 847 2949 Βασίλειον
880 2893 1026 2965 εὗρεν
1064 2895 1335 2948 ὑπνοῦντα
1367 2893 1553 2966 μόνον.

426 2980 579 3038 Ἑπεῖ
612 2978 669 3035 δὲ
696 2981 816 3057 τρὶς
843 2981 1056 3055 γένοιτο
1085 2982 1250 3036 ταῦτα
1288 2983 1404 3036 κατ’
1435 2980 1587 3057 ὅναρ,

248 3072 393 3126 2552
428 3069 530 3123 Καὶ
563 3072 769 3132 σύνεσις
797 3071 863 3139 ἦν
897 3069 1140 3143 οὐδαμοῦ
1170 3070 1434 3145 νεοκόρῳ,

424 3157 599 3225 Δηλοῖ
625 3159 687 3213 τὸ
707 3160 890 3234 τρίτον
922 3157 1173 3235 ἐμφανῶς
1205 3161 1407 3233 μάρτυς
1438 3158 1629 3232 λέγων,

420 3247 685 3304 Εἶναιτὸν
716 3248 867 3309 ἐκτὸς
895 3249 1144 3319 κείμενον
1185 3246 1427 3322 βασιλέα.

415 3337 514 3393 ’Ὀν
549 3334 851 3409 εἰσαγαγὼν
885 3336 959 3396 ὡς
990 3333 1105 3390 δέον
1138 3336 1407 3409 νεωκόρος

416 3423 841 3501 Φιλοφροσύνης
875 3424 965 3477 καὶ
998 3424 1167 3493 ξενίας
1195 3423 1373 3496 ἠξίου·

238 3515 383 3569 3560
418 3513 549 3569 Εἶτα
581 3516 801 3582 συνιστᾷ
823 3509 980 3566 τόνδε
1003 3517 1082 3584 τῷ
1109 3518 1215 3567 τῶν
1250 3512 1300 3566 ἐν
1332 3511 1499 3583 τέλει,

419 3600 685 3660 Κάκεῖνος
715 3599 982 3671 ᾠκείωσεν
1016 3599 1201 3655 ἄνακτι
1232 3598 1418 3655 πάλιν.

418 3690 481 3746 Ὀ
513 3686 562 3743 δ’
585 3688 720 3762 ὕψος
750 3684 1041 3762 ἐϐράϐευσε
1066 3692 1166 3758 τῆς
1195 3688 1549 3765 κραταρχίας.

416 3778 517 3831 Καί
547 3798 633 3840 τις
666 3781 922 3851 μοναχῶν
949 3778 1161 3851 ἀρεταῖς
1194 3778 1521 3849 ἐστεμμένος

420 3864 715 3922 Μέλλοντά
742 3867 789 3919 τ’
821 3863 979 3926 εἷ’δὼς
1006 3866 1275 3939 Πνεύματι
1311 3865 1439 3938 θείῳ
1471 3865 1671 3941 λέγειν,

234 3956 382 4011 2565
419 3955 644 4027 Κρήτην
676 3951 912 4027 πατρίδα
941 3954 1029 4008 καὶ
1065 3956 1235 4027 μονὴν
1266 3975 1425 4025 κεκτη
1439 3956 1595 4028 μένος

415 4045 623 4099 Ἐκεῖσε
652 4041 796 4114 τῶδε
824 4044 930 4116 πρὸ
958 4043 1191 4117 κράτους
1223 4043 1505 4121 ἀφιγμένῳ

413 4136 681 4205 Προεῖπεν
714 4129 1005 4205 ἀνάρρησιν
1038 4132 1092 4184 εὐ
1121 4132 1478 4206 κραταρχίας.

510 4219 889 4275 ΒΑΣΙΛΕΙΟΣ
929 4225 974 4275 Ο
1014 4220 1355 4275 ΜΑΚΕΔΩΝ
1394 4226 1473 4276 ΕΤ
1512 4222 1616 4279 ΙΒ’.

413 4309 587 4369 Οὗτος
618 4306 848 4382 Μιχαὴλ
877 4306 1078 4363 ἀνελὼν
1108 4310 1387 4385 εὐεργέτην

416 4396 517 4451 Καὶ
553 4395 875 4469 βασιλευτήν
907 4397 995 4451 καὶ
1027 4394 1190 4467 δότην
1220 4400 1311 4453 τὸν
1342 4404 1437 4455 τοῦ
1460 4400 1706 4479 στέφους,

231 4487 375 4543 2570
410 4484 777 4559 Αὐτοκράτωρ
814 4484 1093 4560 μόναρχος
1122 4485 1273 4563 ὣφθη
1307 4492 1413 4543 τῶν
1444 4488 1612 4546 ὅλων,

410 4575 571 4631 ’Ὁθεν
607 4575 805 4635 συνιεὶς
836 4572 986 4645 αἶ’κίᾳ
1016 4572 1321 4638 συνειδότος

408 4662 586 4716 Φόνου
614 4659 878 4737 δυσαχθὶς
906 4663 995 4717 καὶ
1026 4665 1312 4741 μιαιφόνον
1347 4664 1511 4737 μύσος

411 4748 685 4819 Ἐξιλεοῦν
718 4748 941 4806 ἔσπευδε
970 4753 1245 4823 Δεσπότην
1280 4751 1425 4808 ὅλων

411 4832 679 4893 Ἀϐυσσον
712 4837 1029 4913 ὕπάρχοντα
1051 4846 1152 4910 τῆς
1178 4838 1608 4915 εὐσπλαγχνίας,

220 4926 364 4981 2575
403 4926 626 5000 Ἔργοις
657 4924 965 5003 φιλοίκτοις
993 4928 1082 4983 καὶ
1114 4927 1298 4984 καλῶν
1334 4929 1623 5002 εὐποιίαις,

401 5020 448 5070 Μ
485 5015 532 5067 θ’
581 5015 606 5033 '
766 5014 781 5033 ‘
904 5014 1003 5071 ⁴’λλ
1249 5018 1262 5037 ’
1428 5024 1455 5035 ’⁸
1518 5020 1539 5052 λ

457 5034 480 5067 ε
567 5034 664 5081 ων,
693 5035 828 5069 νεων
860 5037 929 5070 κα
1014 5038 1177 5089 ιστον,
1214 5038 1455 5092 ευπρεπη
1490 5019 1634 5089 ξενον

411 5101 721 5165 Πολυτελὲς
749 5102 923 5177 θέαμα
952 5106 1135 5180 τέρψιν
1170 5107 1431 5179 ὀμμάτων

402 5191 486 5246 Ἐν
523 5190 818 5265 βασιλείοις
846 5192 1088 5256 καινίσας
1123 5194 1500 5270 Ηρωταγγέλῳ

402 5278 543 5333 Νέαν
578 5278 922 5350 ἀποκέκληκε
952 5279 1099 5336 τονδ’
1131 5282 1447 5354 ἐκκλησίαν·

245 5363 369 5423 2580
404 5367 510 5423 Καὶ
539 5367 704 5422 πάλιν
734 5367 905 5424 ἄλλον
940 5369 1105 5441 Ἠλίᾳ
1133 5376 1211 5443 τῷ
1244 5368 1495 5447 Θεσϐίτῃ,

400 5456 493 5508 ’ον
525 5453 733 5530 ἐξόχως
763 5456 829 5524 ἦν
862 5456 952 5511 καὶ
982 5462 1156 5530 τιμῶν
1189 5459 1283 5514 καὶ
1320 5463 1599 5534 σεμνύνων

400 5544 656 5616 Πομπαῖς
684 5542 898 5618 ἑορταῖς
929 5543 1177 5619 δαψιλῶς
1207 5552 1329 5611 ταῖς
1364 5547 1414 5603 δι
1468 5544 1647 5614 ἔτους.

400 5631 568 5697 Οὗτος
600 5630 672 5688 δι’
698 5633 869 5689 αὐτοῦ
898 5633 989 5689 καὶ
1012 5640 1323 5713 στρατηγῶν
1358 5636 1451 5693 καὶ
1485 5638 1690 5696 στόλου

555 5755 824 5815 ΡΑτιιοιι.
876 5754 987 5815 Gn.
1032 5756 1285 5817 CXLIII.

1792 384 2148 439 CBBARES.

1941 508 1996 574 Α
2035 508 2198 563 Tunc
2230 507 2349 564 ﬁlio
2378 508 2576 564 timuit
2606 516 2790 566 mater
2817 510 3188 567 vehementer

2022 597 2280 667 aquilam
2311 598 2513 653 videns
2544 603 2753 668 praeter
2782 600 3277 671 exspectationem

2023 686 2291 740 umbram
2323 686 2535 741 tenello
2567 688 2775 742 infanti
2806 689 3310 759 suppeditantem;

2020 772 2401 844 lapidumque
2426 776 2588 845 jactu
2622 777 2821 847 procul
2854 776 3121 847 abigebat
3151 793 3334 832 avem.

2021 865 2202 916 Matre
2233 864 2557 931 recedente,
2592 864 2787 934 aquila
2822 882 3022 919 rursus
3054 866 3306 931 advolat,

2022 954 2194 1020 atque
2225 968 2395 1006 suum
2429 969 2605 1023 puero
2641 954 2854 1022 praebet
2885 953 3302 1009 ministerium.

2021 1037 2247 1093 Rursus
2279 1039 2427 1094 hanc
2458 1045 2645 1095 mater
2669 1041 2876 1110 abigit;
2909 1041 3086 1111 idque
3118 1059 3271 1113 saepe

2020 1140 2122 1196 per
2149 1126 2302 1181 vices
2334 1126 2434 1181 illa
2460 1129 2552 1182 die
2584 1128 2909 1183 factitatum
2946 1130 3074 1185 fuit.

2020 1216 2094 1266 Ut
2121 1229 2253 1268 vero
2283 1230 2313 1268 e
2343 1214 2537 1284 pueris
2566 1215 2810 1270 excessit
2839 1216 3112 1282 Basilius,

2019 1302 2288 1358 omnibus
2322 1304 2556 1372 ignotus
2586 1308 2758 1375 atque
2789 1305 3208 1375 egentissimus

2018 1391 2088 1443 ad
2123 1390 2483 1445 Constantini
2516 1392 2718 1447 urbem
2752 1394 3021 1462 pedester
3049 1395 3229 1464 venit,

2019 1493 2225 1549 nempe
2258 1484 2322 1533 ut
2353 1478 2524 1533 alicui
2558 1480 2718 1533 diviti
2752 1497 2971 1535 navans
3003 1498 3238 1552 operam

2016 1565 2144 1619 vita:
2177 1567 2519 1637 adjumenta
2548 1568 2946 1623 sustentandae
2977 1569 3280 1639 acciperet.

2013 1654 2160 1725 Ergo
2192 1654 2492 1725 ingressus
2523 1656 2723 1711 urbem
2756 1658 3084 1713 dormiebat
3113 1674 3349 1730 vespere

2012 1740 2071 1794 in
2104 1742 2283 1797 valvis
2314 1744 2518 1814 templi
2551 1747 2825 1815 martyris
2857 1746 3156 1801 Diomedis

1931 1863 1977 1927 Β
2009 1832 2289 1901 tanquam
2321 1848 2561 1903 egemus
2593 1832 2840 1903 vilisque
2873 1834 3366 1890 adolescentulus.

2007 1918 2090 1972 En
2122 1923 2318 1974 autem
2352 1924 2573 1992 martyr
2602 1936 2662 1976 se
2693 1922 3171 1993 conspiciendum
3201 1924 3412 1979 obtulit

2008 2008 2109 2061 uni
2140 2024 2207 2061 ex
2236 2008 2469 2063 aedituis
2503 2013 2677 2065 noctu
2711 2026 2813 2080 per
2844 2012 3159 2078 somnium;
3187 2011 3407 2082 jubens

2008 2103 2070 2149 ut
2100 2096 2442 2151 festinanter
2470 2114 2603 2152 eum
2638 2098 2737 2168 qui
2769 2098 3023 2153 cubabat
3053 2100 3195 2155 foris

2009 2197 2224 2253 regem,
2258 2184 2501 2239 reclusis
2530 2185 2727 2249 valvis,
2764 2186 3181 2243 introduceret.

2004 2271 2289 2341 Egressus
2321 2273 2416 2328 ille
2446 2290 2579 2329 cum
2613 2274 2896 2329 Basilium
2930 2274 3120 2331 solum

2008 2362 2163 2414 nuda
2196 2360 2375 2416 humo
2408 2362 2790 2418 dormientem
2824 2363 3181 2434 offendisset,

2003 2448 2064 2501 in
2094 2448 2380 2518 templum
2421 2464 2725 2519 regressus
2755 2452 2996 2506 domum
3029 2469 3090 2507 se
3122 2454 3358 2525 recepit,

2003 2552 2219 2591 vanum
2254 2553 2313 2591 se
2344 2538 2641 2592 somnium
2675 2539 2973 2594 aestimans
3005 2541 3253 2609 vidisse;

2009 2625 2199 2695 itaque
2224 2625 2283 2679 in
2312 2624 2458 2681 lecto
2491 2642 2697 2682 rursus
2730 2643 2791 2682 se
2818 2628 3170 2699 composuit.

2005 2712 2115 2767 Sed
2147 2728 2276 2767 ecce
2306 2713 2497 2769 oblata
2527 2715 2749 2786 species
2781 2717 3124 2772 mandatum
3163 2718 3391 2790 repetit.

2006 2800 2138 2870 Ipse
2168 2800 2430 2855 celeriter
2451 2803 2638 2871 janua
2668 2819 2729 2857 se
2762 2804 3028 2875 proripit,

2004 2892 2060 2943 et
2090 2888 2368 2943 Basilium
2402 2891 2784 2946 dormientem
2815 2893 3006 2946 solum
3040 2895 3273 2965 reperit.

2002 2976 2264 3047 Cumque
2288 2978 2411 3048 jam
2443 2979 2616 3035 tertio
2648 2981 2945 3036 somnium
2980 2983 3351 3051 occurrisset,
3459 2976 3461 2979 ’

2002 3082 2192 3135 neque
2221 3083 2342 3122 rem
2374 3068 2623 3123 aedituus
2656 3085 2895 3140 prorsus
2927 3070 3300 3143 intelligeret,

2001 3163 2215 3225 martyr
2246 3156 2315 3209 ad
2348 3161 2673 3212 extremum
2704 3164 2899 3228 aperte
2931 3160 3077 3213 dixit

1923 3214 1965 3280 C
1996 3259 2151 3310 eum,
2186 3244 2285 3313 qui
2319 3245 2457 3300 foris
2489 3247 2762 3311 cubabat,
2798 3264 2925 3303 esse
2959 3264 3172 3319 regem.

1996 3332 2158 3387 Tunc
2189 3333 2611 3397 introductum.
2644 3339 2709 3388 ut
2740 3352 2844 3406 par
2874 3340 3018 3403 erat,
3051 3338 3305 3394 tedituus

1995 3420 2226 3476 blandis
2258 3422 2466 3476 ofﬁciis
2498 3424 2778 3479 recreavit
2807 3428 2864 3478 et
2894 3425 3146 3495 hospitio
3182 3443 3195 3481 :

1994 3513 2119 3563 tum
2155 3511 2385 3564 cuidam
2420 3511 2685 3581 Optimati
2720 3514 3175 3584 commendavit,

1994 3598 2090 3669 qui
2130 3616 2335 3653 rursus
2367 3600 2533 3656 illum
2566 3603 2687 3674 regi
2719 3602 3059 3659 familiarem
3092 3606 3371 3673 reddidit,

1995 3704 2027 3742 a
2060 3704 2173 3757 quo
2205 3687 2455 3743 Basilius
2486 3692 2712 3761 regium
2742 3692 3021 3749 honorem
3054 3694 3276 3750 retulit.

1992 3776 2142 3839 Quin
2174 3776 2315 3830 adeo
2348 3777 2588 3846 quidam
2619 3779 2831 3834 virtute
2864 3781 3092 3850 fulgens
3126 3784 3472 3851 monachus,

1991 3862 2209 3932 Spiritu
2241 3863 2435 3918 divino
2466 3864 2800 3920 futurorum
2834 3870 3136 3936 praescius,

1990 3950 2047 4002 in
2075 3950 2240 4005 Creta
2270 3952 2458 4022 patria
2488 3954 2906 4009 monasterium
2941 3955 3223 4029 incolens,

1988 4037 2129 4093 illuc
2160 4040 2415 4095 venienti
2447 4046 2578 4096 ante
2602 4041 2910 4112 imperium
2941 4045 3153 4101 Basilio

1989 4128 2265 4183 veraciter
2296 4130 2561 4199 pmdixit
2600 4145 2795 4200 regem
2827 4139 3087 4188 creatum
3119 4135 3211 4190 iri.

2323 4217 2642 4273 BASILIUS
2683 4219 2971 4277 MACEDO
3008 4223 3124 4278 AN.
3166 4224 3285 4280 XII.

1989 4313 2093 4369 Hic
2124 4313 2463 4369 Michaelem
2495 4329 2633 4386 erga
2664 4333 2725 4371 se
2756 4317 3081 4373 beneﬁcum

1990 4402 2269 4473 regnique
2294 4403 2555 4458 datorem
2589 4410 2893 4475 postquam
2928 4406 3243 4475 interfecit,

1989 4490 2149 4545 solus
2175 4496 2522 4567 punctarum
2553 4492 2825 4548 dominus
2858 4510 3051 4550 rerum
3084 4498 3323 4554 exstitit.

1907 4572 1954 4637 Ι)
1987 4579 2174 4643 Quare
2204 4579 2572 4634 conscientias
2605 4582 2862 4635 stimulis
2893 4591 3287 4655 compunctus

1989 4669 2129 4724 dum
2161 4668 2354 4723 scelus
2385 4668 2559 4723 caedis
2591 4674 2819 4738 reputat
2847 4670 3121 4739 infandae,

1989 4756 2220 4829 placare
2248 4773 2561 4828 aggressus
2590 4762 2679 4812 est
2708 4774 3078 4816 communem
3115 4763 3453 4839 Dominum,

1991 4848 2159 4916 cujus
2190 4845 2508 4901 clementiae
2541 4844 2739 4901 nullus
2769 4855 2854 4901 est
2883 4850 3194 4923 terminus,

1992 4936 2161 4991 bonis
2192 4934 2469 5007 cperibus
2499 4938 2557 4989 et
2584 4934 2881 5006 largiendo
2912 4941 3132 5009 egenis.

1993 5026 2137 5080 Tum
2168 5024 2345 5079 etiam
2376 5021 2663 5093 templum
2695 5041 2905 5080 novum
2940 5028 3400 5097 pulcherrimum

1995 5114 2206 5169 mirum
2240 5116 2590 5184 gratumque
2621 5113 2802 5168 oculis
2834 5117 3233 5184 spectaculum

1995 5201 2155 5272 regio
2186 5201 2246 5254 in
2278 5198 2487 5269 palatio
2518 5200 2857 5271 angelorum
2891 5205 3143 5277 principi

1997 5288 2276 5356 condidit,
2309 5288 2649 5359 Novamque
2678 5290 2989 5361 appellavit
3016 5295 3347 5356 ecclesiam.

2000 5379 2341 5448 Rursusque
2371 5376 2655 5449 templum
2688 5378 2846 5433 aliud
2878 5380 3010 5437 Elia:
3041 5383 3355 5455 Thesbitze,

1998 5483 2171 5538 quem
2201 5466 2425 5521 colebat
2456 5467 2743 5537 praecipue
2774 5484 2875 5537 per
2905 5470 3041 5524 anni
3072 5486 3311 5529 cursum

2000 5555 2249 5628 pompis,
2284 5553 2490 5609 diebus
2522 5554 2709 5625 festis,
2741 5554 2960 5611 honore
2990 5557 3169 5613 lauto.

1997 5646 2102 5700 Hic
2130 5659 2233 5717 per
2256 5658 2395 5698 suos
2425 5643 2603 5699 duces
2632 5659 2852 5715 perque
2880 5646 3197 5702 exercitum

3280 5772 3318 5828 4

3562 384 3670 443 406
