4154 6304
427 314 533 369 407
1625 293 1993 350 ΕΡΗΒΕΜΠ
2026 289 2149 345 ΟΗῙ

2217 284 2592 342 ’ΝΟΘΒΔΡΗῙ
3705 270 3813 329 ίοε

428 440 705 514 perdebat
734 436 932 492 hostes
961 433 1095 504 igne
1124 426 1316 514 gladio
1345 420 1615 487 vinculis,

429 507 721 599 urbesque
750 524 984 579 illorum
1015 536 1121 575 suo
1155 507 1512 586 adjunbebat
1541 523 1737 578 regno.

426 620 528 676 Hic
557 615 760 688 templi
791 611 1015 683 Sophias
1049 606 1308 663 absidem
1344 599 1643 658 occiduam

416 713 544 783 jam
579 707 940 764 laborantem
968 697 1250 770 temporis
1282 691 1498 763 injuria

426 799 715 856 artiﬁcum
747 791 945 849 refecit
973 789 1266 856 eleganter
1294 796 1473 836 manu
1509 794 1521 832 :

426 887 745 955 multisque
776 880 901 936 aliis
932 883 1099 933 terras
1130 876 1291 927 motu
1325 864 1536 923 dirutis

428 974 687 1032 delubris
718 982 1035 1041 congruam
1069 957 1464 1033 suppeditavit
1493 966 1685 1023 opem.

426 1065 661 1121 Judmos
693 1039 924 1132 quoq—ue
956 1052 1173 1107 multos
1200 1047 1270 1102 ad
1303 1050 1517 1099 rectam
1552 1039 1726 1093 ﬁdem

429 1150 680 1226 pellexit,
709 1123 847 1202 vitaa-
871 1142 1105 1212 agenda;
1137 1131 1493 1207 adjumentis
1526 1123 1806 1199 prebitis.

428 1241 579 1309 Quin
610 1240 826 1294 Rossos
854 1234 1140 1287 hactenus
1172 1222 1351 1280 errori
1383 1217 1608 1274 deditos

430 1306 501 1386 ad
536 1328 870 1398 religionem
902 1315 1114 1374 Christi
1148 1310 1372 1369 curavit
1402 1306 1648 1361 trahere.

432 1417 708 1489 Egregius
738 1409 951 1468 etenim
986 1405 1205 1461 missus
1233 1401 1303 1453 ad
1335 1397 1444 1452 hos
1475 1393 1785 1464 episcopus

433 1480 622 1564 suasit
651 1499 879 1558 cunctis
913 1504 975 1551 ut
1001 1495 1070 1548 ad
1102 1490 1401 1546 Christum
1434 1480 1794 1542 accederent,

433 1592 648 1650 (ibristi
677 1585 1013 1659 evangelica
1045 1593 1290 1635 narrans
1326 1568 1627 1628 miracula.

434 1686 582 1741 Tum
617 1677 785 1735 Rossi
817 1670 1195 1746 postulabant
1224 1664 1460 1735 signum
1492 1668 1727 1712 cernere

438 1771 595 1844 quod
625 1770 996 1824 narratarum
1028 1771 1221 1813 rerum
1252 1753 1426 1807 ﬁdem
1459 1748 1690 1802 faceret.

437 1836 585 1933 Eirgo
615 1855 774 1913 verbi
804 1847 1120 1922 evangelici
1151 1843 1413 1899 divinum
1445 1836 1666 1890 librum

440 1950 749 2022 episcopus
782 1958 915 1998 cum
949 1936 1216 2009 precibus
1246 1932 1306 1984 in
1338 1930 1528 1999 ignem
1564 1920 1760 1986 misit;

444 2039 600 2093 hunc
628 2040 823 2090 autem
854 2028 939 2083 vis
972 2026 1339 2079 flammarum
1370 2032 1482 2070 non
1515 2011 1665 2066 laesit
1687 2023 1885 2063 vorax.

446 2131 570 2192 Qua
600 2140 660 2179 re
687 2117 913 2177 attoniti
946 2112 1260 2169 Dominum
1291 2108 1432 2162 sunt
1461 2099 1647 2157 secuti

448 2213 638 2279 Rossi,
671 2215 728 2266 et
757 2203 1033 2278 baptismi
1066 2213 1283 2254 munus
1314 2192 1719 2262 susceperunt.

446 2304 587 2358 Exin
626 2302 866 2354 Leonem
902 2292 1087 2347 tilium
1120 2285 1368 2342 Basilius

448 2385 828 2446 Santabareni
863 2377 1137 2437 absurdis
1170 2370 1429 2429 consiliis
1460 2368 1790 2437 obsequens

453 2478 636 2534 invidi
668 2473 944 2548 pravique
974 2467 1101 2534 viri,
1137 2464 1192 2518 in
1227 2458 1551 2517 custodiam
1585 2450 1846 2508 tradidit.

451 2572 519 2627 Et
551 2565 789 2638 quidem
822 2558 1021 2615 oculos
1055 2556 1199 2609 forte
1230 2549 1560 2605 amissurus
1590 2545 1715 2596 erat

451 2633 703 2713 dilectus
735 2651 890 2705 filius
920 2652 1031 2702 Leo
1064 2640 1337 2697 mandato
1372 2633 1576 2705 patris,

452 2747 507 2803 ni
543 2739 875 2816 patriarcha
906 2750 1016 2789 cun
1051 2724 1398 2796 conscriptis
1429 2719 1695 2794 patribus

456 2832 726 2907 precibus
760 2824 1069 2895 fregissent
1101 2814 1359 2889 parentis
1390 2807 1722 2866 consilium.

456 2891 568 2978 écd
602 2926 799 2975 tamen
833 2891 948 2983 iam
982 2909 1080 2964 diu
1116 2909 1169 2960 in
1203 2899 1453 2957 vinculis
1484 2895 1761 2952 manebat
1794 2891 1923 2945 Leo.

462 3012 603 3066 Ecce
632 3012 827 3061 autem
861 2998 1098 3070 praebito
1133 2990 1361 3063 publice
1390 2984 1650 3041 convivio

465 3099 754 3171 psittacus
779 3089 902 3144 avis
929 3086 1141 3153 loquax
1168 3084 1225 3134 et
1248 3072 1533 3131 imitatrix

470 3183 679 3243 Leonis
709 3180 862 3234 inter
890 3173 1092 3245 epulas
1125 3181 1334 3220 nomen
1369 3158 1541 3231 ccapit

471 3270 829 3344 ingeminare
860 3258 1235 3326 convivistu
1264 3248 1549 3322 expressit
1574 3247 1891 3313 lacrymas;

476 3334 577 3435 qdi
612 3360 683 3414 ad
715 3370 906 3427 genua
935 3346 1156 3403 domini
1188 3342 1521 3411 ﬂagitanter
1551 3334 1717 3406 proni

476 3425 932 3509 reconciliarunt
963 3437 1212 3505 denique
1242 3429 1425 3483 tilium
1462 3425 1633 3496 patri,

614 3531 787 3589 Leoni
821 3525 1161 3598 dignitatem
1190 3532 1324 3573 cum
1356 3512 1544 3586 gratia
1575 3505 1844 3563 reddidit.

480 3629 600 3683 Rex
629 3617 944 3692 aliquando
976 3625 1196 3666 venans
1224 3606 1284 3659 in
1316 3616 1550 3659 cervum
1584 3596 1789 3651 incidit

481 3714 692 3771 eximia
723 3701 1122 3775 magnitudine
1153 3693 1439 3762 celsisque
1470 3687 1765 3743 cornibus.

484 3818 652 3876 quem
689 3797 885 3853 statim
917 3792 1236 3845 instructus
1269 3781 1444 3837 armis
1473 3793 1649 3833 cursu
1681 3772 1938 3845 appetit;

479 3866 719 3965 jamque
749 3885 1049 3940 occisurus
1080 3879 1203 3929 erat
1228 3873 1380 3926 elato
1413 3866 1626 3940 gladio,

490 3997 623 4038 cum
656 3976 752 4031 ille
783 3978 983 4028 contra
1009 3969 1236 4022 irruens
1264 3961 1488 4015 hostem
1523 3952 1796 4009 cornibus

494 4065 792 4124 sublatum
825 4061 882 4113 in
912 4058 1069 4111 avios
1100 4052 1257 4107 locos
1290 4048 1425 4116 fuga
1455 4040 1732 4111 abripuit.

494 4158 601 4213 Sed
634 4153 788 4209 enim
820 4162 1015 4203 comes
1039 4137 1272 4212 juvenis
1305 4137 1647 4205 praeverteris
1677 4142 1852 4183 cursu

499 4259 692 4316 regem
726 4237 963 4312 praeciso
995 4228 1226 4286 baltheo
1258 4222 1382 4278 neci
1414 4218 1665 4288 eripuit;

500 4334 601 4407 qui
632 4344 772 4386 sane
800 4321 1097 4395 egregium
1128 4309 1407 4370 servatori
1440 4305 1741 4379 praemium

500 4386 769 4484 contulit,
805 4386 1066 4469 abscisso
1099 4404 1300 4475 capite.
1337 4396 1482 4453 Proh
1524 4390 1871 4462 iujustitiam
1905 4386 1917 4440 l

896 4526 1029 4583 LEO
1070 4516 1368 4578 SAPIENS
1405 4511 1521 4568 AN.
1562 4506 1732 4565 XXV.

501 4642 796 4699 Exstincto
828 4632 1065 4698 Basilio,
1096 4636 1401 4681 successor
1434 4617 1615 4671 haeres

503 4734 661 4788 filius
690 4723 921 4797 imperii
953 4719 1210 4774 habenas
1239 4707 1576 4764 tractandas
1603 4700 1754 4773 cepit

504 4827 617 4879 Leo
651 4815 959 4873 mundanae
990 4801 1287 4876 sapientiae
1322 4794 1542 4851 nullius
1573 4791 1810 4846 inscius.

509 4906 792 4983 quadriga
823 4898 1221 4955 doctrinarum
1255 4886 1519 4958 apprime
1550 4881 1855 4943 exercitus,

513 5014 727 5055 arcana
755 4986 1073 5046 divinanda
1102 4977 1425 5052 praesertim
1461 4976 1604 5038 arte,

516 5103 645 5159 quae
676 5084 740 5137 ﬁt
768 5069 1264 5134 incantationibus
1297 5075 1591 5131 cursuque
1621 5058 1902 5125 siderum,

519 5146 763 5248 quaeque
796 5164 995 5241 peritis
1025 5162 1233 5216 cuncta
1263 5154 1459 5208 futura
1490 5146 1709 5220 pandit.

589 5315 700 5388 (39)
733 5311 992 5388 Profecto
1034 5303 1114 5358 rei
1141 5291 1529 5388 ‘diviqa‘torim’
1571 5286 1795 5388 artique
1829 5283 2148 5363 astrologo:

520 5352 650 5444 ruln
680 5352 1010 5440 vanissimas
1046 5372 1193 5428 male
1221 5368 1455 5444 deditus
1506 5360 1615 5444 fuit
1663 5352 1800 5421 Leo;
1850 5354 2019 5437 cujus
2056 5352 2148 5407 rei

520 5425 650 5444 ιυιμ
689 5425 1009 5440 ,μυωωηψ
1175 5425 1182 5426 ,

519 5465 726 5515 testem
776 5468 866 5509 me
896 5451 1087 5505 videre
1136 5438 1376 5515 memini
1426 5434 1681 5515 codicem
1737 5425 2150 5515 perﬂantiquum

523 5495 726 5515 υτῦιυυι
779 5495 866 5509 ιιιυ
907 5495 1082 5505 v-uv—v
1138 5495 1218 5497 -77-

518 5530 833 5601 insignem,
866 5541 895 5578 e
926 5516 1240 5593 Byzantina
1271 5510 1403 5564 aula
1444 5511 1507 5560 ut
1539 5505 1685 5601 puto
1719 5495 2059 5568 profectum,
2093 5495 2151 5549 in

824 5598 835 5601 ’
917 5593 928 5601 ’
1143 5587 1153 5597 ’
1199 5585 1208 5596 ³
1312 5595 1445 5601 ίμ--Α
1473 5593 1533 5601 Α-
1563 5576 1611 5601 δι’·
1643 5574 1925 5601 ηκηιηίιηια
1960 5566 2150 5601 ηηηίρ.-

2086 416 2140 479 Α
2342 401 2607 477 Ἐχθροὺς
2638 401 2853 474 ὑπῆρχε
2879 398 3161 467 κτιννύων,
3195 397 3411 474 εἴργων,
3441 398 3654 475 φλέγων

2166 496 2307 551 2585
2347 492 2447 548 Καὶ
2481 495 2625 567 σφῶν
2659 485 2849 549 πόλεις
2884 489 3140 561 ἅρπαγμα
3167 485 3334 548 τιθεὶς
3361 490 3441 557 τῷ
3470 484 3652 557 κράτει

2345 583 2488 634 Ναοῦ
2521 577 2723 655 Σοφίας
2744 580 2834 630 καί
2866 572 3087 644 δυτικὴν
3121 572 3284 646 ἀψίδα

2346 669 2667 739 Κάμνουσαν
2701 662 2809 734 ἤδη
2842 668 2921 734 τῷ
2953 664 3139 739 χρόνῳ
3167 667 3246 734 τῷ
3276 659 3552 735 παμφάγῳ

2346 753 2582 831 Ἦδρασε
2610 754 2767 828 χερσὶ
2798 756 3058 826 τεχνιτῶν
3093 750 3443 824 εὐμηχάνως·

2346 849 2512 907 Ναοῖς
2537 863 2594 897 τε
2622 839 2863 902 πολλοῖς
2895 847 2995 915 γῆς
3016 838 3200 911 κλόνῳ
3220 838 3642 911 τεθραυσμένοις

2169 937 2311 992 2590
2344 934 2450 1001 Τὴν
2484 930 2708 999 δυνατὴν
2741 928 2991 1003 σύναρσιν
3020 927 3198 997 είσῆξι
3224 926 3428 1001 σφίσινο

2350 1019 2599 1081 Πολλούς
2626 1019 2672 1072 τ’
2702 1016 3037 1072 ἐπεσπάσατο
3068 1020 3175 1069 τῶν
3208 1012 3509 1084 Ἰουδαίων,

2348 1110 2490 1173 Πρὸς
2510 1109 2689 1162 πίστιν
2724 1105 2887 1181 ὀρθὴν
2926 1125 3228 1180 χρηματων
3262 1101 3537 1178 συνεργίᾳ.

2350 1198 2456 1253 Καὶ
2485 1197 2616 1257 Ῥὼς
2648 1193 2794 1257 ἔθνος
2825 1195 2949 1267 πρὶν
2981 1190 3382 1265 κεκρατημένον
3410 1188 3591 1264 πλάνῃ

2349 1288 2564 1360 Χριστῷ
2594 1280 2913 1356 προσελθεῖν
2945 1275 3178 1341 εὐσεϐῶς
3206 1276 3403 1353 δράσας
3434 1273 3572 1352 ἔχει·

2173 1377 2317 1432 2595
2357 1372 2584 1433 Σταλείς
2615 1371 2712 1443 γὰρ
2743 1369 2928 1431 αὐτοῖς
2958 1367 3260 1442 ἀρχιθύτης
3293 1370 3401 1420 τῶν
3432 1367 3569 1421 πάνυ

2351 1465 2571 1523 Ἔπειθε
2601 1458 2801 1519 πάντας
2833 1462 2910 1528 τῷ
2940 1459 3176 1530 Χριστοῦ
3207 1454 3492 1527 προσιέναι

2358 1546 2681 1623 Εὐαγγελίφ
2710 1546 2799 1600 καὶ
2831 1544 3065 1618 Χριστόῦ
3092 1543 3419 1616 τεραστίοις.

2356 1639 2418 1691 O't
2451 1634 2508 1690 δὲ
2536 1634 2670 1709 πρὸς
2703 1633 2865 1687 αὐτοῦ
2894 1629 3129 1687 κατιδεῖν
3156 1627 3322 1703 ᾔτουν
3352 1631 3509 1704 τέρας

2108 1770 2151 1834 Β
2357 1726 2502 1801 Πρὸς
2531 1723 2707 1777 πίστιν
2738 1722 2811 1775 ὧν
2846 1721 3039 1797 ἔφασκε
3068 1721 3302 1794 Χριστοῦ
3335 1721 3621 1791 θαυμάτων

2180 1815 2320 1870 2600
2357 1808 2681 1885 Εὐαγγέλων
2711 1812 2838 1883 γοῦν
2866 1804 3095 1862 πυκτίδα
3126 1807 3268 1870 θείαν
3302 1806 3483 1878 Λόγων

2360 1900 2668 1970 Εὐξαμένου
2695 1917 2754 1950 τε
2780 1898 2870 1949 καὶ
2898 1895 3068 1969 πυρὸς
3098 1895 3279 1958 θέντος
3315 1892 3475 1965 μέσον

2364 1986 2664 2066 Ἀφλεκτος
2696 1985 2847 2038 ὧπτο
2875 1988 2954 2055 τῷ
2982 1982 3110 2057 πυρὶ
3140 1986 3217 2053 τῷ
3247 1982 3551 2058 παμφάγω.

2364 2077 2431 2134 Οἱ
2464 2073 2509 2129 δ’
2538 2073 2893 2147 ἐκπλαγέντες
2916 2070 3286 2147 προστίθῖνται
3314 2069 3492 2145 Κυρίῳ

2367 2162 2749 2233 Βαπτίσματος
2783 2158 2930 2236 δώρη
2943 2181 3016 2233 μα
3045 2156 3520 2234 προσδεδεγμένον

2190 2256 2333 2311 2605
2371 2251 2473 2309 Καὶ
2503 2247 2671 2304 παῖδα
2700 2248 2791 2302 τὸν
2821 2249 3022 2303 Λέοντα
3051 2247 3286 2308 πεισθεὶς
3312 2247 3537 2307 ἀτόποις

2372 2334 2791 2411 Σανταϐαρηνοῦ
2826 2337 3093 2411 βασκάνου
3125 2357 3185 2389 συ
3195 2329 3509 2407 μὸουλίαις,

2372 2428 2579 2497 Γόητος
2609 2422 2821 2500 ἀνδρὸς,
2856 2423 3073 2500 φυλακῇ
3112 2421 3452 2496 καθειργνύει

2373 2516 2474 2574 Καὶ
2506 2517 2636 2587 τάχ,
2670 2513 2727 2567 ἃν
2757 2506 3050 2566 ἀπέσϐεστο
3091 2508 3329 2585 λύχνους
3365 2509 3628 2583 ὀμμάτων

2372 2606 2434 2661 Ὀ
2465 2602 2720 2680 φίλτατος
2745 2605 2873 2664 παῖς
2897 2600 3030 2676 πρὸς
3062 2595 3402 2677 φυτοσπόρου
3434 2600 3602 2667 Λέων,

2196 2696 2339 2751 2610
2377 2691 2440 2747 Εἰ
2474 2692 2549 2762 μὴ
2580 2689 2929 2765 πατριάρχης
2958 2708 3017 2741 τε
3043 2686 3131 2742 καὶ
3163 2687 3420 2761 γερουσία

2377 2784 2562 2839 Λιταῖς
2592 2778 2839 2850 ἀπεῖρξαν
2875 2774 3185 2849 σκέμματας
3216 2775 3306 2829 τὸν
3343 2772 3558 2847 πατέρα·

2374 2870 2722 2943 Ἒμφρουρος
2754 2865 2820 2933 ἦν
2863 2863 3014 2937 ὅμως
3041 2862 3098 2918 δὲ
3133 2861 3336 2938 μακρὰν
3368 2861 3459 2917 τόν
3490 2860 3708 2936 χρόνον⁶

2377 2958 2450 3025 Δή
2463 2976 2550 3027 μῳ
2578 2951 2635 3007 δὲ
2663 2955 2850 3014 κοινῆς
2882 2950 3125 3026 ἡγμένης
3157 2949 3476 3013 πανδαισίας

2382 3044 2590 3113 [Ιτηνὸν
2624 3038 2871 3113 μιμηλὸν
2905 3039 3184 3112 ψιττακὸς,
3218 3043 3354 3107 ζῶον
3392 3036 3585 3105 λάλον,

2133 3117 2176 3187 Ca
2206 3136 2347 3192 26l5
2387 3132 2541 3202 Λέον,
2571 3129 2722 3196 Λέον,
2755 3127 2983 3202 κέκραγε
3015 3131 3263 3202 συγχνῶς
3294 3125 3345 3181 ὲν
3379 3125 3551 3197 πότῳ,

2384 3220 2486 3278 Καὶ
2519 3217 2801 3279 συσσίτους
2831 3214 3066 3270 δείκνυσι
3096 3217 3329 3288 πλήρεις
3360 3211 3626 3288 δακρύων·

2388 3307 2490 3365 Καὶ
2520 3304 2913 3379 προσπεσόντες
2938 3303 3185 3378 λιπαρῶς
3215 3307 3294 3373 τῷ
3320 3299 3553 3375 δεσπότῃ

2389 3395 2752 3465 Ἐξιλεοῦνται
2782 3397 2860 3462 τῷ
2882 3392 3044 3466 πατρὶ
3072 3391 3162 3444 τὸν
3190 3390 3325 3444 υἱέα·

2392 3483 2492 3541 Καὶ
2524 3478 2801 3536 σπένδεταί
2831 3481 2881 3533 οἳ
2911 3480 3001 3534 καὶ
3028 3478 3191 3534 πάλιν
3214 3479 3365 3551 νέμει
3395 3478 3613 3555 κράτος.

2215 3577 2357 3631 2620
2395 3576 2584 3646 Θηρῶν
2615 3569 2797 3647 ἐλάφῳ
2827 3567 3079 3651 βασιλεὺς
3112 3566 3427 3642 ἐντυγχάνει

2395 3664 2680 3737 Ὑπερφυεῖ
2709 3678 2767 3712 τε
2796 3654 2884 3711 καὶ
2915 3654 3036 3710 λίαν
3068 3655 3411 3730 κερασφόρὼ,

2397 3749 2514 3825 Ἐφ’
2545 3748 2601 3802 ὃν
2634 3748 2867 3821 ξιφήρης
2887 3744 3155 3799 κατέτεινε
3176 3744 3267 3798 τὸν
3301 3740 3530 3819 δρόμον,

2399 3836 2502 3894 Καὶ
2534 3835 2667 3913 φθὰς
2696 3834 2863 3908 ἐπῆρε
2890 3833 2951 3888 τὸ
2974 3835 3127 3908 ξίφος
3156 3832 3360 3902 πλῆξαι
3391 3829 3582 3895 θέλων.

2402 3927 2461 3983 Ὁ
2493 3922 2540 3979 δ’
2572 3922 2914 3999 ἀνθυποφθὰς
2945 3925 3061 3981 τοῖς
3089 3921 3273 3993 κέρασι
3315 3918 3515 3995 σφαγέα

2226 4019 2368 4074 2625
2404 4017 2568 4087 ’Ἄρας
2598 4012 2759 4085 ἀπῄει
2790 4010 2925 4065 κατά
2954 4003 3231 4063 δυσϐάτων
3260 4008 3467 4063 τόπων.

2409 4102 2506 4157 Καί
2529 4122 2612 4163 τις
2642 4094 2938 4176 προλαϐών
2970 4095 3409 4170 έξομαρτούντων
3441 4094 3571 4148 νέων

2410 4190 2591 4260 Ζώνην
2624 4189 2803 4261 τεμὼν
2837 4189 3040 4242 σέσωκε
3066 4185 3156 4239 τὸν
3195 4182 3440 4260 βασιλέα.

2409 4282 2509 4344 "Oc
2539 4282 2750 4352 σῶστρα
2779 4274 2921 4330 καλά
2952 4280 3026 4347 τῷ
3057 4272 3318 4329 σεσωκότι
3340 4270 3489 4343 νέμει

2412 4369 2602 4441 Τομὴν
2634 4364 2899 4443 κεφαλῆς·
2934 4367 3029 4441 φεῦ
3060 4359 3217 4433 δίκης
3239 4367 3338 4429 τῆς
3367 4356 3556 4414 ἀδίκου
3582 4359 3594 4414 1

2160 4465 2207 4529 D
2635 4482 2816 4536 AEQN
2856 4480 2898 4537 0
2941 4478 3174 4535 ΣΟΦΟΣ
3215 4478 3328 4533 ΕΤ.
3370 4475 3490 4531 KE'.

2241 4596 2381 4650 2630
2422 4587 2712 4647 Βασιλείου
2739 4584 2794 4640 δὲ
2821 4587 2911 4640 τὸν
2945 4584 3060 4659 βίον
3091 4580 3417 4643 λελοιπότος

2422 4675 2691 4751 Διάδοχος
2722 4679 2850 4735 παῖς
2880 4670 3245 4727 ἀναδείκνυται
3277 4670 3507 4745 κράτους

2426 4768 2573 4823 Λέων
2607 4764 2797 4839 σοφίας
2820 4768 3090 4835 κοσμικῆς
3119 4761 3297 4828 πάσης
3326 4755 3490 4832 ἴδρις,

2426 4859 2540 4924 Τῆς
2561 4851 2885 4929 τετρακτύος
2910 4854 3016 4905 τῶν
3049 4852 3227 4926 σοφῶν
3265 4858 3407 4920 μαθη
3420 4864 3625 4917 ματων,

2429 4944 2525 5000 Θαὶ
2554 4948 2816 5016 μαντικῆς
2845 4938 3011 5007 αὐτῆς
3046 4936 3359 5011 ἀπορῥήτου
3389 4931 3557 4988 πλέον

2252 5038 2395 5094 2630
2429 5036 2535 5098 Τῆς
2567 5029 2633 5085 δι’
2667 5027 2889 5100 ἐπῳδῶν
2920 5027 3011 5081 καὶ
3043 5025 3252 5101 δρόμου
3281 5028 3386 5077 τῶν
3422 5020 3683 5095 ἀστέρων,

2434 5119 2669 5181 Μύσταις
2701 5115 2956 5186 διδούσης
2982 5115 3081 5183 τήν
3115 5112 3418 5188 πρόγνωσιν
3446 5112 3555 5163 τῶν
3586 5105 3732 5162 ὅλων
3766 5108 3895 5182 (39).

2261 5266 2493 5324 sissime
2548 5263 2871 5318 tradantur.
2918 5262 2995 5313 Ex
3041 5272 3106 5312 eo
3157 5255 3437 5311 nimirum
3496 5250 3695 5306 codice
3744 5249 3896 5324 frag-

2262 5319 2610 5394 me‘ntaﬁtria
2650 5331 2866 5390 Juliani
2913 5327 3286 5385 Laodicensis
3335 5338 3530 5394 nuper
3571 5336 3676 5391 ego
3720 5319 3895 5375 edidi.

2261 5412 2409 5467 Nota
2435 5422 2665 5479 quoque
2688 5408 2825 5460 sunt
2845 5399 3100 5469 oracula,
3125 5415 3255 5470 quae
3278 5392 3487 5453 Leon—is
3518 5392 3661 5465 imp.
3685 5407 3896 5448 nomen

2264 5499 2377 5557 praa
2409 5497 2471 5537 se
2504 5480 2715 5535 ferunt.

522 5566 808 5586 ιιιεινυωυ
868 5566 895 5578 ν
931 5566 964 5575 .,
1009 5566 1197 5573 _____,.,

522 5566 1448 5676 quobmendacistcrniciosaaque
1471 5566 1613 5633 artis
1643 5566 1931 5644 praecepta
1960 5566 2150 5639 copio-
