4154 6304
284 429 387 486 109

448 550 634 607 Τᾶλλα
668 554 764 626 μὶν
799 554 954 617 οὗτος
984 549 1206 621 εὐσεϐὴς
1234 552 1323 622 ἦν,
1356 550 1662 626 ὀρθόφρων,

454 642 665 696 Κοινῶν
696 662 755 695 τε
786 638 1053 711 διοίκησιν
1080 642 1215 714 ἦγεν
1248 640 1324 696 th:
1356 636 1491 693 δέον

452 729 799 803 Τετραγαμίᾳ
828 727 875 783 δ’
904 729 1207 802 ὡμιληκὼς
1237 726 1476 801 συζύγων

274 818 419 873 2640
456 818 554 871 Καὶ
588 818 725 890 πρὸς
754 818 938 889 νόμων
972 816 1203 888 κώλυμα
1236 817 1311 887 μὴ
1345 816 1521 891 φέρειν
1552 812 1727 885 λέγων

454 901 737 975 Κυδοιμὸν
770 904 1009 972 ἐντίθησι
1039 902 1366 979 προστάταις
1390 900 1596 973 νόμων·

456 991 560 1048 Καὶ
591 990 978 1065 ποιμενάρχην
1010 990 1267 1058 ένστάτην
1301 985 1635 1060 δεδειγμένον

456 1078 703 1150 Ποίμνης
741 1078 933 1133 έλαύνε
961 1079 1283 1153 καταγαγὼν
1314 1080 1410 1129 τοῦ
1440 1073 1651 1150 θρόνου.

463 1166 691 1239 Πρώτην
724 1164 782 1220 δὲ
808 1188 983 1237 τιμων
1004 1167 1243 1241 συξύγων
1281 1161 1534 1239 βασιλίδα

281 1256 427 1310 2645
463 1256 576 1322 Τὴν
613 1256 945 1327 μακαριστὴν
978 1255 1231 1331 Θεοφανὼ
1260 1255 1358 1320 τὴν
1391 1253 1530 1305 πάνυ

460 1343 733 1416 Ἀγχιστα
761 1347 890 1396 ναοῦ
918 1343 1169 1416 κηρύκων
1202 1338 1519 1395 ἀποστόλων
1554 1340 1666 1411 (40)

457 1430 606 1487 Νιὼν
640 1430 825 1499 ἀνιστᾷ
851 1427 983 1502 τῇδε
1010 1434 1118 1483 τῶν
1152 1427 1415 1499 ἐξαισίων,

448 1518 533 1573 Ἐν
564 1518 608 1589 ᾧ
638 1518 797 1591 σορὸν
828 1518 1040 1587 τίθησιν
1070 1516 1237 1585 αὐτῆς
1270 1514 1564 1589 λειψάνων.

446 1605 549 1660 Καὶ
583 1603 747 1659 πάλιν
780 1603 952 1661 ἄλλον
985 1604 1224 1666 καινίσας
1254 1610 1396 1668 θεῖον
1431 1601 1599 1675 δόμον

268 1696 413 1751 2650
446 1694 678 1768 Χριστοῦ
710 1693 863 1749 οάλιν
896 1698 1019 1764 ζωῷ
1045 1715 1105 1767 γε
1135 1695 1365 1767 Ααζάρῳ
1396 1691 1543 1770 φίλῳ

448 1782 538 1838 Ἐν
569 1777 700 1851 τῷδ’
730 1780 1054 1855 ἐθησαύρισε
1081 1781 1331 1835 κάκείνου
1367 1781 1555 1852 δέμας,

453 1869 550 1923 Καὶ
583 1865 955 1942 Μαγδαληνῆς
984 1868 1189 1944 Μαρίας
1214 1875 1311 1937 τῆς
1342 1862 1553 1929 ὀλϐίας.

447 1956 590 2029 Πρὸς
615 1952 789 2010 τοῖσδ’
820 1956 1007 2026 ἀνιστᾷ
1035 1958 1126 2011 καὶ
1162 1957 1331 2029 μονὴν
1366 1952 1749 2025 Κωνσταντίνῳ

448 2046 537 2101 Ἑν
566 2049 685 2106 ταῖς
712 2049 954 2106 νοσσιαῗς
982 2049 1063 2116 τῷ
1095 2044 1406 2121 Παφλαγόνι
1436 2044 1588 2119 γένος

266 2136 412 2192 2655
448 2135 545 2189 Καὶ
571 2132 859 2209 θηλυδρίᾳ,
886 2134 1032 2204 πλὴν
1067 2133 1112 2188 δ’
1141 2136 1294 2208 ὅμως
1325 2133 1666 2208 πεφιλμένῳ,

446 2224 541 2280 "Ov
569 2223 863 2294 ἀποκείρας
894 2228 1110 2297 πρῶτον
1149 2222 1227 2285 εἴς
1262 2220 1585 2297 ῥακενδύτην

446 2310 642 2385 Αύγοις
667 2310 969 2384 προαχθεὶς
999 2313 1233 2382 Βαμωνᾶ
1255 2316 1371 2370 τοῖς
1406 2308 1716 2383 βασκάνοις·

448 2400 556 2453 Εἶτ’
589 2398 815 2463 ἐκδύσας
844 2401 1022 2476 ἅμφια
1044 2399 1115 2453 τὰ
1147 2401 1503 2472 μονοτρόπων

451 2486 627 2556 "Aiunt,
654 2492 786 2559 τιμᾷ
815 2492 909 2541 τοῦ
940 2487 1466 2557 παρακοιμωμένου,

277 2576 420 2631 2660
457 2576 522 2652 ᾯ
547 2574 633 2628 καὶ
668 2576 835 2647 μονὴν
865 2573 1056 2649 ἤγειρε
1083 2576 1181 2643 τὴν
1217 2572 1533 2648 εἰρημένην.

450 2664 552 2717 Τὸν
585 2660 630 2716 δ’
662 2661 714 2717 ἰν
741 2666 847 2733 νεῷ
883 2661 1159 2737 μάρτυρος
1191 2657 1317 2715 ὄντα
1350 2660 1594 2728 Μωκίου,

448 2751 682 2805 Ἐστῶτα
711 2749 757 2805 δ’
785 2752 959 2827 ἀγχοῦ
979 2748 1259 2826 κιγκλίδος
1291 2747 1440 2803 θείου
1467 2746 1659 2820 δόμοῦ,

453 2839 788 2917 Δορυφορίας
824 2837 1115 2913 βασιλικῆς
1145 2837 1394 2913 ήγμένης

450 2930 594 2983 Κατὰ
619 2927 790 2999 κάρας
821 2925 1048 2999 ἔπληξε-δ
1081 2928 1216 3002 ἀνήρ
1244 2948 1327 2988 τις
1366 2927 1602 3001 βάκτρῳ

266 3019 412 3075 2665
449 3016 552 3072 Καὶ
580 3018 707 3091 τάχ’
736 3015 796 3071 ἂν
825 3017 993 3084 αὐτὴν
1026 3017 1334 3089 συνέτριψεν
1367 3013 1636 3087 ἐσχάτως,

447 3105 507 3161 Εἰ
534 3106 608 3177 μὴ
640 3104 1010 3180 προσαρῥάξαν
1041 3126 1101 3178 γε
1135 3105 1362 3179 βάκτρον
1396 3101 1597 3176 λυχνίᾳ

446 3193 524 3251 Τὸ
554 3192 810 3248 πλεῖστον
840 3192 1093 3269 ἀφῄρητο
1130 3191 1309 3266 βιαίας
1344 3190 1543 3267 ῥύμης·

456 3284 525 3339 ’Ὀ
555 3277 762 3354 συμϐὰν
798 3280 1076 3356 εἰργάσατο
1108 3282 1266 3355 θροῦν
1294 3283 1410 3341 τοῖς
1445 3278 1494 3333 έν
1527 3277 1691 3332 τέλει’

454 3373 783 3445 Προήγορος
809 3368 865 3424 δὲ
894 3369 990 3423 κάν
1028 3368 1389 3442 μονοτρόποις
1425 3370 1587 3443 μέγας

254 3461 408 3516 2670
446 3458 665 3530 Μάρκος
694 3459 883 3533 παρὼν
916 3454 1075 3535 ἔφησε
1111 3462 1189 3528 τῷ
1222 3457 1569 3533 στεφηφόρῳο

444 3549 505 3605 Ὀ
537 3549 837 3624 συνυφήνας
867 3548 945 3619 τῷ
974 3545 1194 3622 μεγάλῳ
1228 3540 1491 3617 Σαϐϐάτῳ

446 3634 630 3698 Μὲλος
662 3633 992 3709 τετραῴδιον
1021 3634 1412 3709 εύφυεστάτως,

447 3726 544 3781 Ἐκ
569 3728 666 3780 τοῦ
694 3724 967 3798 παρόντος
999 3723 1053 3787 ἐς
1080 3723 1234 3778 νέωτ⁷
1259 3721 1562 3797 ἀραρότως,

453 3812 680 3867 Δέκατον
711 3810 908 3887 ἄρξων,
944 3810 1188 3887 βασιλεῦ,
1222 3808 1327 3875 ἴσθι
1364 3810 1585 3885 χρόνονο

257 3903 415 3961 2675
452 3899 549 3955 Καὶ
580 3898 881 3975 σύνδρομον
912 3901 1124 3976 γένοιτο
1153 3897 1385 3973 τοῦργον
1412 3901 1490 3968 τῷ
1520 3896 1692 3970 λόγῳ.

342 3990 802 4046 ΛΑΕΞΑΝΔΡΟΣ
836 3994 875 4042 Ο
906 3990 1234 4045 ΑΔΕΛΦΟΣ
1272 3987 1495 4043 ΑΥΤΟΥ
1526 3985 1705 4041 ΜΗΝ.
1732 3983 1833 4038 1Γ’.

455 4093 680 4156 Λέοντος
705 4094 886 4171 ἀρχὴν
919 4093 1007 4148 καὶ
1042 4092 1159 4169 βίον
1193 4090 1602 4160 λελοιπόντος,

449 4184 731 4257 Ὀμαιμος
763 4180 1117 4256 Ἀλέξανδρος
1151 4177 1279 4255 ἔσχε
1306 4182 1369 4235 τὸ
1404 4181 1625 4252 κράτος,

451 4273 612 4347 Ἀνὴρ
638 4271 903 4347 ἀσελγὴς,
927 4268 1210 4345 ἐκδεδίῃτη
1224 4271 1407 4342 μένος,

452 4361 684 4434 ’Δθυρμ’
710 4360 952 4434 ἐρώτων,
985 4359 1275 4421 ἀκολασίας
1309 4358 1494 4435 φίλος,

260 4450 413 4506 2680
452 4448 694 4521 Κώμοις,
734 4448 923 4521 μέθαις
955 4446 1224 4522 χαίρουσα
1259 4445 1537 4521 χοιρώδης
1570 4444 1746 4523 φύσις,

452 4538 669 4604 Ῥέκτης
699 4536 939 4611 κρυφίων
968 4533 1294 4614 Ἀφροδίτης
1329 4536 1544 4612 ὀργίων,

458 4624 725 4693 Φαύλοις,
747 4625 1022 4701 ἆγύρταις,
1053 4622 1303 4698 ἀνδράσιν
1338 4622 1688 4699 εὐτραπέλοις

451 4709 924 4789 Τριωϐολιμαίοις
951 4734 1008 4767 τε
1036 4712 1299 4787 χειρίζωγ
1337 4711 1551 4785 κράτοςν

456 4807 641 4865 ’Ὀστις
671 4803 1072 4877 κατωρχήσατο
1102 4808 1203 4870 τῆς
1232 4800 1564 4874 κραταρχίας

264 4894 421 4951 2685
454 4894 550 4951 Ὠς
580 4891 841 4965 συγγόνου
873 4888 1173 4964 πρόρρησις
1200 4885 1254 4943 ἓν
1288 4890 1339 4963 γ’
1370 4886 1488 4949 ἔτος
1524 4886 1711 4959 μόνον,

460 4982 652 5050 Μηνας
685 4976 960 5053 δεκατρεῖς
992 4975 1449 5052 δυστυχεστάτους
1480 4976 1683 5051 φέρων.

271 5069 836 5129 ΚΩΝΣΤΑΝΤΙΝΟΣ
890 5068 933 5124 Ο
986 5068 1144 5124 ΥΙΟΣ
1206 5067 1531 5122 ΛΕΟΝΤΟΣ
1586 5068 1625 5117 Ο
1669 5066 1917 5119 ΗΟΡΦΥ-

350 5157 819 5214 ΡΟΓΕΝΝΗΤΟΣ
908 5156 1040 5213 ΣΥΝ
1129 5157 1220 5232 Ti;
1298 5155 1617 5229 ΠΕΝΘΕΡῼ
1699 5153 1920 5209 Ar'ror

396 5247 693 5321 ΡΩΜΑΝῼ
730 5250 814 5322 τῳ
853 5245 1260 5320 ΑΑΚΑΠΗΝῼ.
1300 5244 1491 5299 omor
1530 5244 1639 5299 ET.
1683 5244 1791 5309 κς.

451 5354 664 5408 Τοῦτου
693 5350 1163 5425 καταστρέψαντος
1194 5348 1435 5424 αῗςχρῶς
1465 5349 1555 5403 τὸν
1594 5348 1706 5421 βίον

490 5503 1147 5586 Locutionemﬁaqtius
1180 5501 1657 5586 .apoalolusanum
1715 5504 1805 5586 est
1864 5500 1919 5555 in

281 5572 533 5653 editione
575 5574 814 5653 Eusebii
852 5572 1345 5653 Meridi-onalensi,
1378 5590 1436 5643 p.
1469 5572 1559 5653 70,
1595 5572 1918 5653 reprehen-

282 5645 363 5700 dit
392 5651 458 5702 ut
485 5644 915 5714 incredibilem,
949 5644 1457 5715 abjiciendamque
1498 5643 1816 5715 judicavit,
1862 5643 1920 5696 in

279 5717 399 5774 suis
429 5713 1044 5775 animadversionibus
1092 5717 1293 5771 doetus
1323 5713 1566 5786 quidam
1596 5715 1685 5771 vir
1713 5713 1918 5771 Italus.

1791 419 2155 476 CBSABEB.

1937 543 1992 609 Α
2024 542 2125 597 Hic
2155 543 2505 614 oasteroquin
2529 544 2660 615 pius
2690 547 2748 600 et
2776 545 3135 603 orthodoxus

3563 425 3667 482 110

2026 645 2146 684 rem
2180 631 2469 702 dirigebat
2498 648 2659 704 aaquo
2682 634 2818 704 jure
2840 634 3130 706 publicam
3154 653 3167 701 ;

2028 719 2128 772 sed
2160 723 2354 774 tamen
2389 722 2612 791 quartis
2642 722 2951 778 celebratis
2983 724 3227 795 nuptiis.

2027 824 2130 863 nec
2162 810 2357 881 legum
2389 811 2496 867 hac
2528 812 2583 866 in
2617 817 2781 883 parte
2811 814 3042 868 frenum
3074 813 3321 883 patiens,

2026 899 2282 951 tumultu
2307 900 2663 969 perturbavit
2687 902 2956 956 custodes
2975 901 3164 971 juris;

2026 988 2083 1038 et
2113 985 2504 1054 patriarcham
2532 989 2935 1043 adversantem
2968 989 3083 1043 sibi

2026 1089 2194 1144 grege
2226 1074 2427 1145 procul
2459 1076 2684 1147 pepulit
2714 1078 3039 1131 detractum
3073 1076 3303 1133 throno.

2027 1160 2175 1215 Tum
2210 1166 2272 1216 ut
2300 1178 2468 1217 suam
2494 1164 2742 1233 primam
2773 1166 3083 1235 conjugem
3119 1166 3383 1235 reginam

2024 1249 2514 1321 Theophanonem
2552 1259 2844 1309 mortuam
2878 1255 3210 1322 honoraret,

2026 1338 2269 1394 delubro
2299 1340 2624 1412 proximam
2659 1342 3057 1414 apostolorum

2025 1428 2203 1483 eadem
2239 1428 2374 1484 huic
2405 1431 2693 1485 exstruxit
2724 1432 2979 1503 ingentis
3014 1431 3184 1487 molis

2024 1515 2219 1585 ibique
2241 1516 2516 1589 reliquias
2539 1519 2667 1589 ejus
2691 1520 2746 1573 in
2767 1536 2900 1574 arca
2930 1521 3146 1591 posuit.

2024 1603 2366 1677 Rursusque
2392 1607 2564 1662 aliam
2593 1608 2929 1663 instaurans
2950 1625 3178 1664 sacram
3209 1609 3410 1666 aedem.

2024 1692 2209 1748 amico
2237 1693 2452 1749 Christi
2484 1696 2736 1752 redivivo
2765 1697 2999 1764 Lazaro,

2021 1778 2239 1835 ibidem
2272 1797 2484 1852 corpus
2520 1784 2648 1854 ejus
2688 1784 2900 1840 clausit
2929 1784 3143 1855 loculo,

1938 1893 1987 1958 Β
2020 1883 2125 1924 nec
2154 1885 2268 1924 non
2300 1870 2483 1927 beatae
2514 1872 2863 1942 Magdalenae
2895 1874 3110 1929 Mariae.

2014 1958 2350 2013 Cmnobium
2382 1960 2625 2032 insuper
2656 1963 2871 2017 struxit
2900 1963 3288 2018 Constantino

2016 2042 2373 2119 Paphlagoni
2405 2049 2463 2103 in
2496 2065 2561 2104 eo
2589 2051 2715 2106 loco
2742 2052 2839 2121 qui
2872 2052 3058 2106 Nidus
3098 2052 3334 2123 dicitur,

2015 2135 2176 2206 turpi
2197 2136 2341 2205 viro,
2368 2138 2467 2192 sed
2491 2141 2683 2194 tamen
2702 2139 2912 2194 dilecto
2944 2139 3055 2193 sibi
3084 2158 3097 2207 ;

2017 2238 2188 2292 quem
2212 2241 2377 2280 coma
2403 2226 2764 2296 tonsajussit
2788 2243 2918 2282 esse
2941 2227 3295 2282 monachum

2015 2311 2208 2367 verbis
2238 2312 2555 2369 instinctus
2586 2316 2852 2371 Samonas
2886 2315 3201 2371 invidentis
3235 2333 3249 2371 :

2018 2403 2218 2467 postea
2239 2399 2499 2455 detracta
2530 2403 2857 2457 monachali
2890 2407 3045 2457 veste

2017 2484 2357 2540 cubicularii
2390 2486 2607 2542 honore
2638 2490 3043 2544 condecoravit

2016 2572 2183 2629 illum
2216 2573 2307 2629 cui
2340 2577 2784 2645 monasterium,
2808 2581 2873 2632 ut
2902 2577 3041 2647 dixi,
3076 2581 3386 2634 struxerat.

2016 2662 2157 2716 Exin
2190 2663 2599 2734 imperatorem
2625 2665 2682 2719 in
2718 2665 2931 2737 templo
2962 2668 3235 2736 martyris

2014 2750 2179 2804 Mocil
2208 2756 2560 2817 versantem,
2594 2753 2733 2808 dum
2764 2755 2905 2825 regii
2938 2754 3213 2809 satellites

2013 2837 2287 2894 cancellis
2318 2839 2777 2911 propinquarent
2807 2842 3013 2895 divinae
3048 2844 3277 2909 domus,

2015 2926 2209 2982 nescio
2241 2927 2375 2997 quis
2407 2928 2561 2983 fuste
2581 2931 2874 3000 percussit
2903 2929 2962 2983 in
2994 2930 3210 3001 capite;

2014 3016 2166 3085 quod
2198 3016 2431 3086 quidem
2466 3015 2548 3070 illi
2582 3034 2822 3087 prorsus
2854 3019 3259 3091 confregisset,

2012 3103 2124 3157 nisi
2152 3104 2423 3174 pendenti
2455 3104 2664 3176 lychno
2696 3104 2884 3161 illisus
2915 3107 3087 3163 fustis

2012 3191 2265 3247 multum
2296 3194 2365 3247 de
2396 3192 2451 3246 vi
2482 3192 2681 3248 lethali
2714 3195 3082 3266 perdidisset.

1938 3247 1980 3311 θ
2013 3282 2201 3351 Atque
2230 3280 2287 3335 id
2320 3247 3080 3351 proceres
3101 3283 3347 3341 facinus.

2018 3368 2311 3425 Fatidicus
2332 3374 2529 3425 autem
2562 3373 2618 3425 et
2647 3369 2841 3425 clarus
2872 3372 3024 3426 inter
3055 3373 3369 3429 monachos

2017 3460 2265 3525 Marcus,
2294 3457 2393 3527 qui
2426 3457 2630 3528 panxit
2659 3474 2894 3513 carmen
2926 3460 3279 3516 tetraodium

2017 3544 2253 3599 Sabbati
2286 3546 2483 3616 magni
2512 3552 2859 3618 pervenusto
2894 3557 3100 3616 metro,

2015 3632 2162 3688 forte
2188 3633 2267 3687 ibi
2302 3650 2555 3704 praesens
2578 3652 2773 3707 regem
2807 3637 2890 3691 sic
2922 3642 3010 3693 est
3040 3639 3248 3694 atratus
3285 3654 3298 3693 ς

2014 3721 2295 3793 Tempore
2322 3738 2390 3777 ex
2418 3723 2525 3777 hoc
2556 3732 2777 3779 certum
2807 3731 2862 3779 te
2892 3742 3019 3781 esse
3051 3727 3196 3783 volo.

2016 3811 2213 3867 decem
2237 3810 2428 3865 adhuc
2458 3828 2641 3865 annos
2669 3812 2789 3867 fore
2820 3819 3200 3885 regnaturum
3236 3832 3249 3870 :

2017 3899 2245 3970 fuitque
2273 3899 2464 3955 verbis
2496 3916 2698 3970 reapse
2730 3906 2971 3956 eventus
3002 3919 3314 3958 consonus.

2088 3987 2521 4043 ALEXANDER
2560 3988 2815 4044 LEONIS
2856 3990 3138 4045 FRATER
3176 3992 3396 4048 MENS.
3430 3991 3577 4048 XIII.

2018 4094 2205 4148 Leone
2231 4094 2530 4148 deserente
2561 4109 2693 4147 cum
2717 4093 2831 4149 vita
2862 4093 3201 4166 imperium,

2018 4182 2194 4237 frater
2220 4180 2474 4236 obtinuit
2506 4186 2801 4253 sceptrum
2833 4182 3179 4252 Alexander,

2016 4271 2104 4325 vir
2134 4268 2468 4339 impudicus
2499 4270 2857 4342 perditisque
2887 4272 3169 4340 moribus,

2019 4374 2221 4413 servus
2251 4356 2584 4427 libidinum,
2617 4359 3053 4416 incontinentiae
3084 4362 3338 4428 deditus,

2020 4450 2398 4512 comessator,
2432 4447 2718 4515 ebriosus,
2750 4447 3050 4519 ingenium
3083 4450 3349 4514 brutum,

2023 4538 2193 4604 atque
2224 4551 2569 4591 arcanorum
2604 4535 2839 4590 Veneris
2870 4538 3166 4607 orgiorum
3191 4537 3434 4594 assecla.

1948 4598 1992 4663 D
2026 4625 2314 4695 Improhis
2353 4624 2448 4679 hic
2477 4624 2697 4678 scurris
2728 4624 3208 4681 circumforaneis

2025 4712 2355 4784 vilibusque
2386 4728 2505 4766 rem
2539 4712 2856 4782 gerendam
2889 4713 3154 4767 tradebat
3185 4713 3506 4784 publicam.

2026 4802 2131 4866 Qui
2159 4806 2469 4872 postquam
2494 4799 2551 4853 in
2584 4798 2829 4869 imperio
2862 4800 3252 4857 debacchatus
3281 4806 3370 4857 est

2026 4906 2199 4957 anno,
2233 4894 2297 4944 ut
2327 4891 2504 4942 frater
2530 4888 2893 4958 pradixerat,
2928 4889 3081 4944 haud
3115 4890 3248 4961 plus
3280 4906 3421 4961 uno,

2028 4994 2228 5034 mense
2260 4977 2468 5032 misere
2492 4976 2715 5031 interiit
2741 4976 2913 5031 tertio
2944 4979 3189 5033 decimo.

2026 5064 2568 5122 CONSTANTINUS
2620 5066 2870 5119 LEONIS
2924 5067 3202 5121 FHATER
3254 5067 3661 5123 PORPHYRO-

2098 5151 2399 5208 GENITUS
2445 5151 2589 5207 CUM
2630 5152 2900 5206 SOCERO
2950 5152 3078 5207 SUO
3120 5152 3427 5210 ROMANO
3467 5156 3665 5208 LACA-

2102 5240 2285 5299 PENO
2324 5240 2491 5297 ΔΝΝ.
2533 5240 2731 5295 XXVI.

2030 5345 2139 5402 Ubi
2168 5346 2493 5402 Alexander
2522 5343 2771 5415 turpiter
2790 5343 2967 5399 vitam
3001 5342 3235 5411 clausit,

2030 5499 2139 5555 Sed
2171 5512 2303 5552 ecce
2360 5495 2467 5551 tibi
2521 5492 2689 5567 κῆρυξ
2743 5492 3048 5567 απόστολος
3104 5493 3337 5567 nuntius
3394 5496 3670 5567 apostolus

2031 5570 2185 5641 apud
2216 5564 2638 5641 Ephraemium.
2671 5568 2857 5641 Quare
2908 5566 2992 5619 sic
3025 5579 3244 5641 reapse
3273 5564 3502 5641 legerat
3530 5566 3669 5623 olim

2029 5634 2319 5712 interpres
2350 5638 2651 5694 Armenius
2684 5637 2858 5693 etiam
2890 5636 3044 5707 apud
3076 5634 3418 5692 Eusebium.
