4132 6300
278 424 381 480 113

446 554 594 622 Ωπερ
628 553 873 617 συνῆπτο
903 549 1040 620 πρὸς
1069 548 1247 623 γάμου
1274 542 1558 600 κοινωνίαν

262 640 410 694 2745
446 637 707 714 θεοφανώ
735 658 818 699 τις
851 637 909 692 ἰκ
935 640 1251 711 χαμερποῦς
1282 638 1378 688 τοῦ
1406 632 1612 709 γένους,

446 729 470 746 α
595 725 609 743 ψ
656 723 681 741 κ
809 725 819 747 ι
1042 723 1095 742 «ολ
1200 722 1225 741 ν
1275 723 1289 744 ι
1490 722 1503 741 '

472 727 519 782 H
550 724 740 800 τανορὶ
769 746 934 780 τικτει
965 743 1159 786 παιοας
1191 724 1416 799 αρρενας
1447 720 1561 791 δυο,

448 814 552 868 Τὸν
582 813 887 886 Βασίλειον,
918 815 1053 887 πρὸς
1084 812 1139 867 δέ
1166 814 1258 866 τὸν
1290 814 1715 877 Κωνσταντῖνον,

448 900 555 963 Οῧς
589 902 846 977 βασιλικῇ
877 902 1056 972 ταινίᾳ
1084 904 1259 976 στέφει
1292 900 1464 977 φίτυς·

447 990 616 1064 Ἀνὴρ
644 989 945 1067 τρυφηλὸς,
977 988 1252 1063 ἐκδεδιῃτη
1266 987 1445 1061 μένος,

262 1080 410 1135 2750
444 1080 646 1138 Μέθαις
673 1098 732 1131 τε
758 1079 971 1149 κώμοις
1003 1077 1385 1149 προστετηκὼς
1416 1074 1642 1147 ἐξόχως,

445 1163 827 1235 Φιληδονίαις,
859 1163 1218 1241 ἀφροδισίοις,
1243 1164 1450 1229 πότοις,

446 1254 696 1329 Ἀνδράσι
730 1254 953 1326 λοιμοῖς
986 1251 1282 1329 συνδιάγων
1314 1253 1404 1307 καὶ
1436 1250 1680 1328 φθόροις.

445 1347 652 1397 Κοινῶν
684 1341 742 1396 δὲ
773 1340 1043 1411 διοίκησιν
1073 1343 1138 1410 ἦν
1166 1340 1469 1415 ἐγχειρίσας

440 1436 645 1511 Ἰωσήφ
673 1455 780 1487 τινι
809 1435 908 1501 τήν
942 1432 1228 1501 ἐπίκλησιν
1258 1430 1459 1505 Βρίγγᾳ

256 1524 401 1579 2755
442 1521 787 1595 Πραιποσίτῳ
814 1542 873 1575 τε
900 1520 990 1575 καὶ
1020 1518 1519 1595 παρακοιμωμένῳ·

436 1613 628 1682 ’Ὀμως
656 1613 980 1685 στρατηγοῖς
1009 1606 1285 1683 ἀνδρικοῖς
1315 1604 1658 1681 κεχρημένος

439 1697 633 1770 Στόλῳ
660 1718 718 1751 τε
751 1698 907 1772 βαρεῖ
936 1699 1052 1751 κατ’
1082 1696 1295 1771 ἐχθρῶν
1329 1690 1661 1764 ἀντιπάλων,

436 1786 601 1847 Νίκας
633 1786 912 1859 κατώρθου
940 1784 1068 1847 τοὺς
1100 1784 1368 1843 ἐναντίους
1394 1783 1625 1855 τρέπων·

438 1881 634 1929 Φωκᾶν
665 1874 978 1951 Νικηφόρον
1008 1874 1109 1947 γὰρ
1140 1870 1307 1943 ἄνδρα
1334 1867 1589 1945 γεννάδαν

246 1964 397 2020 2760
436 1964 541 2017 Σὺν
576 1959 814 2037 συγγόνῳ
844 1962 1032 2017 Λέοντι
1064 1958 1393 2036 στρατηγοὺς
1423 1954 1589 2033 ἔχων,

432 2053 588 2126 Αἱρεῖ
617 2049 687 2105 δι’
716 2051 889 2106 αὐτῶν
920 2048 1241 2105 ὑπεναντίων
1270 2050 1483 2115 πόλεις,

432 2141 534 2196 Καὶ
566 2138 759 2214 θράσος
789 2140 1003 2215 ἐχθρῶν
1045 2136 1325 2193 ὐποκλίνει
1359 2141 1434 2208 τῷ
1462 2137 1666 2211 κράτει,

614 2229 1015 2285 ΝΙΚΗΦΟΡΟΣ
1048 2230 1285 2282 ΦΩΚΑΣ
1325 2227 1438 2281 ΕΤ.
1482 2230 1541 2293 ζ’.

431 2315 635 2371 Τούτου
665 2314 1129 2388 καταστρέψαντος
1160 2313 1404 2388 αἰσχρῶς
1436 2313 1527 2367 τὸν
1561 2313 1705 2387 βίον,

427 2406 529 2459 Καὶ
559 2403 755 2479 κράτος
786 2405 923 2465 υἱοῖς
951 2406 1161 2478 γαμετῇ
1191 2400 1541 2468 λελοιπότος,

250 2495 392 2549 2Ἶ65
429 2497 627 2554 Φωκᾶς
657 2492 973 2570 Νικηφόρος
1000 2513 1083 2553 τις
1116 2491 1353 2551 ἀποστὰς
1383 2488 1609 2562 κράτους

423 2582 801 2655 Ἀνηγορεύθη
839 2578 1095 2655 βασιλεὺς
1126 2578 1473 2651 αὐτοκράτωρ

420 2669 573 2744 Παρά
601 2673 919 2743 στρατηγῶν
950 2675 1049 2736 τῆς
1080 2670 1196 2724 Ἕω
1227 2668 1314 2721 καὶ
1346 2667 1660 2740 ταγμάτων.

418 2755 591 2831 Οὗτος
618 2757 939 2830 στρατεύσας
971 2758 1106 2811 κατά
1132 2755 1320 2829 Σύρων
1356 2754 1596 2810 Κιλίκων

420 2843 647 2909 Πολλὰς
676 2845 863 2906 πόλεις
890 2849 1035 2922 σφῶν
1070 2844 1181 2900 εἷλε
1208 2850 1309 2912 τῆς
1341 2844 1526 2917 μάχης
1554 2842 1727 2915 νόμῳ,

236 2934 384 2989 2770
424 2930 682 3002 ⁶¹Αδαναν,
714 2933 940 3003 Ῥωσὸν,
971 2938 1156 3008 τεῖχος
1186 2926 1581 3006 Ἀναζαρϐέων,

416 3020 563 3097 Πρὸς
596 3018 777 3075 ταῖσδε
805 3021 1007 3095 Ταρσὸν
1034 3021 1120 3074 καὶ
1154 3020 1345 3092 Μόψου
1376 3020 1476 3087 τὴν
1505 3016 1700 3089 έστίαν,

409 3111 508 3163 Ὧν
542 3109 631 3163 καὶ
662 3108 837 3171 πύλας
867 3107 1040 3183 ἤγαγε
1069 3110 1206 3181 πρὸς
1236 3103 1534 3175 Βυζαντίδα

410 3197 682 3272 Ἐχούσας
713 3198 768 3251 εὖ
796 3199 999 3271 τέχνης
1028 3217 1089 3252 τε
1114 3196 1204 3251 καὶ
1233 3193 1534 3257 ποικιλίας’

408 3285 517 3342 Καὶ
547 3288 689 3339 Θεῖον
720 3285 957 3358 τύπωμα
985 3288 1218 3359 Χριστοῦ
1242 3288 1337 3338 τοῦ
1370 3284 1639 3337 Δεσπότου

216 3377 375 3431 2775
407 3372 600 3448 Εύρὼν
630 3374 854 3447 κεράμῳ
882 3373 1267 3447 προστυπωθεν
1288 3373 1528 3447 ἀτέχνως

412 3462 500 3532 Ἐξ
531 3462 892 3536 Ἰεραπόλεως
924 3459 1111 3524 ἄστεος
1137 3460 1347 3535 Σύρων,

409 3550 508 3605 Καὶ
544 3549 850 3626 βόστρυχόν
878 3551 927 3627 γ’
958 3548 1148 3623 α’ίματι
1177 3547 1626 3626 συμπεφυρμένον

408 3640 504 3696 Ἐκ
532 3636 915 3713 προδρομικῆς
941 3636 1109 3712 κάρας
1139 3635 1559 3709 ἀνειλημμένον.

404 3726 757 3799 Ἀνακομίζει
790 3728 926 3802 πρὸς
957 3724 1119 3781 πόλιν
1157 3723 1429 3801 βασιλίδα.

215 3816 367 3873 2780
407 3815 512 3872 Καὶ
543 3814 777 3891 φρούρια
804 3813 1034 3869 πλεῖστα
1063 3810 1119 3868 δὲ
1146 3817 1253 3868 τῶν
1281 3811 1529 3868 ἐναντίων

410 3904 606 3978 Κράτει
632 3903 961 3973 καθυπέταξε
987 3909 1086 3972 τῆς
1117 3900 1447 3975 Ῥωμαΐδος.

404 3989 513 4046 Κπὶ
542 3995 710 4044 ταῦτα
743 3992 838 4063 μὲν
869 3989 1140 4045 κάλλιστα
1167 3989 1624 4065 κατορθωμάτων.

402 4076 558 4146 Ηλὴν
586 4077 747 4133 τοῦδε
776 4077 1028 4153 λαμπρὸν
1065 4077 1372 4146 ἐπισκιάζον
1406 4079 1520 4153 εἶχέ
1542 4099 1618 4133 τι·

408 4167 649 4236 ’Ἠττητο
676 4185 788 4241 χρη
802 4168 984 4238 μάτων
1011 4187 1069 4221 τε
1096 4167 1185 4221 καὶ
1214 4165 1614 4242 χρυσαργύρου,

226 4253 370 4309 2785
408 4254 703 4318 Κάντεῦθεν
737 4255 812 4316 εἰς
843 4252 876 4309 ἃ
909 4257 983 4326 μὴ
1017 4253 1137 4310 δέον
1166 4254 1500 4329 παρακλίνας

405 4348 647 4414 Δασμοῖς
672 4363 733 4397 τε
759 4349 966 4405 καινοῖς
991 4342 1341 4417 κατατρύχων
1374 4342 1462 4397 καὶ
1489 4341 1679 4419 φόροις

408 4430 673 4499 Ὑπήκοον
707 4436 811 4485 πᾶν
838 4437 955 4485 ταῖν
989 4436 1175 4505 χεροῖν
1202 4435 1309 4485 τῶν
1339 4430 1681 4507 πρακτόρων,

404 4519 578 4595 Ὠφθη
615 4520 845 4591 μισητὸς
872 4524 999 4573 πᾶσι
1030 4520 1118 4573 καὶ
1147 4524 1264 4581 τοὶς
1295 4519 1346 4574 έν
1377 4518 1542 4575 τέλει·

404 4609 500 4661 Καὶ
539 4605 753 4679 μᾶλλον
786 4610 869 4671 οἷς
898 4606 1058 4679 ἔθιμα
1080 4613 1178 4678 τῆς
1206 4607 1540 4678 Ἐκκλησίας

220 4696 368 4751 2790
407 4695 745 4769 Ἀνατρέπειν
777 4690 998 4751 ἔσπευδε
1021 4696 1109 4751 καὶ
1137 4701 1315 4759 κακῶς
1347 4694 1519 4770 λύειν,

406 4789 604 4858 Ψῆῳον
634 4784 773 4859 πρὸς
802 4784 960 4839 αὐτὸν
993 4784 1198 4839 έλκύων
1238 4785 1568 4841 ἐπισκόπων·

404 4871 509 4927 Καὶ
538 4876 618 4943 τῷ
646 4872 858 4953 ταμείῳ
889 4874 1154 4946 ποιμένος
1182 4875 1502 4945 τεθνηκότος

406 4960 490 5016 Ti
516 4960 774 5035 πτωχικά
801 4963 1091 5037 πράγματα
1116 4970 1217 5033 τῆς
1247 4961 1573 5033 Ἐκκλησίας

408 5049 780 5125 Συνεισφέρειν
811 5046 919 5103 δεῖν
952 5051 1208 5114 θεσπίσας
1235 5051 1587 5125 παρανόμως.

232 5132 368 5190 2³795
400 5135 525 5209 Οὐχ
550 5137 713 5204 ἦττον
748 5136 971 5209 ἐξέμηνε
998 5138 1200 5201 πάντας
1229 5139 1363 5213 πρὸς
1394 5143 1551 5211 μῖσος

404 5226 483 5281 Τὸ
513 5226 631 5279 κατ’
660 5224 864 5279 ἐκείνου
893 5229 1081 5299 τεῖχος
1114 5228 1320 5302 ὑπερηρ
1330 5226 1508 5299 μένον,

404 5312 471 5368 Ὅ
499 5311 763 5368 κυκλόθεν
790 5314 1011 5387 τέτευχε
1037 5320 1153 5376 τοῖς
1174 5313 1514 5388 ἀνακτόροις,

405 5400 672 5474 Ὕψιτενές
699 5402 748 5456 τ’
778 5402 836 5456 ὃν
863 5402 950 5456 καὶ
975 5398 1308 5475 περίδρομον
1338 5400 1480 5459 λίαν.

412 5490 503 5543 Καὶ
540 5486 724 5563 δόγμα
757 5487 802 5543 δ’
836 5487 1141 5563 εἷ’σήνεγκεν
1167 5489 1323 5551 οὗτος
1355 5488 1405 5543 ἐν
1441 5490 1587 5563 μέσῳ

258 5572 379 5628 2800
412 5578 668 5646 Θεσπίζον
698 5577 775 5637 ὡς
804 5574 914 5652 δεῖν
948 5576 1277 5651 στρατιώτας
1308 5576 1480 5646 ἐξίσου

416 5666 654 5739 Μάρτυσι
682 5668 851 5737 τιμᾷν
880 5664 971 5717 καὶ
1000 5663 1407 5739 γεραίρεικακρῖς
1437 5665 1629 5739 ὕμνοις

1795 415 2159 474 ΟῈΒΔΒΕΒ.

1941 541 1996 607 Α
2025 543 2118 596 οιιί
2153 544 2510 601 matrimonii
2535 547 2669 617 jure
2701 549 3016 619 conjuncta
3046 552 3170 606 erat

2023 631 2377 704 Theophano
2411 635 2632 705 plebeio
2665 642 2945 708 prognata
2975 654 3208 709 genere.

2022 718 2151 775 Hac
2182 720 2303 776 viro
2336 723 2558 794 peperit
2587 726 2881 780 masculos
2915 726 3067 781 ﬁlios
3098 729 3266 798 duos,

2020 810 2290 865 videlicet
2321 812 2595 867 Basilium
2629 817 2685 868 et
2712 816 3182 881 Constantinum,

2021 914 2170 967 quos
2201 900 2357 970 regio
2388 917 2622 971 quoque
2653 908 2962 957 stemmate
2992 905 3217 960 ornavit
3246 907 3475 977 genitor
3506 923 3519 961 :

2020 987 2107 1040 vir
2136 987 2494 1059 voluptarius
2527 994 2581 1044 ct
2611 991 2902 1061 corruptis
2934 992 3214 1059 moribus,

2021 1077 2290 1145 potando,
2323 1081 2703 1133 comessando
2732 1079 2867 1149 plus
2899 1080 3079 1136 nimio
3113 1082 3366 1150 deditus,

2019 1164 2357 1236 deliciisque
2386 1174 2442 1221 et
2472 1167 2661 1221 veneri
2694 1172 2752 1222 et
2782 1169 3083 1235 conviviis,

2017 1253 2319 1309 sodalibus
2350 1261 2517 1309 utens
2550 1256 2822 1326 pessimis
2854 1261 2911 1310 et
2940 1258 3401 1329 corruptoribus.

2018 1340 2119 1395 Rei
2150 1358 2279 1398 vero
2309 1342 2553 1413 publica
2583 1361 2784 1399 curam
2811 1347 3122 1415 gerendam
3152 1346 3392 1401 tradidit

2012 1429 2267 1501 Josepho
2300 1431 2554 1498 cuidam,
2588 1434 2679 1487 cui
2712 1433 2933 1503 Bringae
2965 1451 3250 1505 agnomen
3283 1438 3425 1501 erat,

2015 1519 2306 1590 praepositi
2332 1521 2556 1591 gerenti
2588 1538 2803 1577 munus
2835 1528 2890 1577 et
2920 1522 3281 1577 cubicularii.

2014 1607 2068 1661 Is
2098 1611 2294 1662 tamen
2328 1614 2597 1665 strenuos
2628 1610 2850 1666 habens
2882 1612 2939 1665 in
2973 1611 3151 1665 armis
3183 1612 3363 1667 duces

2009 1693 2201 1749 valido
2231 1713 2364 1752 cum
2395 1699 2650 1753 exercitu
2681 1699 2955 1755 victorias
2986 1699 3185 1754 retulit

2012 1783 2271 1851 feliciter,
2307 1801 2563 1857 suosque
2596 1787 2791 1841 hostes
2822 1787 2879 1841 in
2914 1788 3109 1860 fugam
3135 1787 3437 1858 compulit.

1934 1889 1982 1954 B
2014 1872 2259 1927 Phocam
2295 1874 2509 1945 quippe
2540 1875 2928 1946 Nicephorum
2968 1878 3171 1931 fortem
3203 1877 3393 1930 virum

2014 1962 2373 2032 Leonemque
2404 1963 2637 2017 fratrem
2674 1966 2803 2032 ejus
2833 1965 3011 2018 duces
3044 1964 3275 2031 habuit;

2007 2065 2252 2117 quorum
2284 2049 2497 2104 virtute
2528 2051 2679 2122 cepit
2708 2051 2967 2105 hostium
3001 2052 3173 2106 urbes

2008 2135 2341 2209 fastumque
2371 2137 2605 2192 illorum
2636 2140 2866 2209 imperii
2890 2141 3036 2210 jugo
3068 2140 3349 2194 subdidit.

2308 2226 2761 2283 NICEPHORUS
2793 2228 3066 2283 PHOCAS
3100 2228 3207 2282 AN.
3241 2228 3333 2283 VI.

2002 2318 2322 2385 Postquam
2356 2316 2655 2371 Romanus
2686 2317 2933 2388 turpiter
2958 2317 3133 2371 vitam
3165 2316 3398 2383 clausit,

2002 2402 2201 2458 relicto
2233 2402 2477 2475 imperio
2510 2406 2739 2475 conjugi
2774 2410 2949 2476 atque
2981 2404 3201 2471 liberis,

2002 2491 2225 2546 Phocas
2253 2491 2613 2563 Nicephorus
2645 2492 2851 2547 fallens
2883 2493 3124 2563 imperio
3156 2493 3328 2548 fidem

1999 2579 2221 2635 electus
2251 2588 2336 2636 est
2369 2582 2437 2635 ad
2471 2580 2749 2637 honorem
2782 2581 3005 2653 regium

1999 2666 2069 2722 ab
2100 2667 2354 2722 Orientis
2384 2669 2634 2723 ducibus
2665 2681 2717 2723 et
2752 2669 3119 2723 exercitibus.

1999 2756 2099 2810 llic
2132 2755 2348 2811 bellum
2382 2772 2587 2828 gerens
2618 2761 2819 2811 contra
2847 2762 3019 2829 Syros
3046 2757 3256 2814 Cilicas

1996 2843 2215 2899 multas
2246 2843 2478 2900 illorum
2511 2845 2685 2899 urbes
2715 2846 2766 2898 vi
2800 2848 3013 2899 martia
3050 2845 3222 2916 cepit,

1992 2933 2281 2999 Adanam,
2316 2933 2556 3001 Rasum,
2588 2934 3083 2988 Anazarbensium
3119 2952 3377 3002 murum,

1993 3027 2272 3092 praterea
2300 3022 2545 3076 Tarsum
2581 3026 2747 3091 atque
2782 3024 3218 3091 Mopsuestiam,

1992 3126 2240 3182 quarum
2273 3111 2447 3165 etiam
2490 3114 2686 3182 portas
2716 3110 3050 3180 Byzantium
3082 3112 3381 3168 transtulit

1908 3227 1952 3297 Ο
1993 3198 2208 3269 insigni
2238 3203 2361 3253 arte
2387 3202 2443 3253 et
2472 3199 2626 3254 vario
2659 3204 2949 3269 persectas
2979 3216 3168 3271 opere.

1987 3287 2254 3341 Divinam
2288 3303 2521 3357 quoque
2549 3287 2762 3342 Christi
2793 3290 3015 3342 Domini
3049 3288 3300 3360 effigiem

1988 3375 2138 3431 haud
2174 3392 2349 3431 manu
2381 3376 2591 3431 factam
2623 3379 2679 3430 et
2708 3374 2765 3428 in
2799 3375 2913 3429 olla
2943 3376 3237 3432 inventam

1984 3466 2259 3532 Syrorum
2292 3479 2357 3517 ex
2388 3464 2530 3518 urbe
2557 3462 2870 3534 Hierapoli,

1986 3549 2297 3621 capillique
2329 3555 2552 3621 partem
2584 3554 2910 3606 concretam
2944 3553 3231 3623 sanguine

1986 3655 2017 3694 ο
2046 3638 2425 3695 Prmcursoris
2455 3640 2639 3709 capite
2670 3641 3062 3711 desumptam,

1984 3728 2056 3783 ad
2089 3727 2290 3782 urbem
2324 3727 2543 3797 regiam
2576 3729 2897 3784 transtulit.

1983 3816 2162 3871 Locos
2192 3830 2425 3887 quoque
2454 3815 2711 3869 munitos
2741 3816 2998 3871 hostium
3032 3818 3319 3887 plurimos

1983 3904 2376 3960 Romanorum
2408 3903 2628 3973 redegit
2660 3903 2716 3956 in
2754 3904 3051 3959 ditionem.

1984 3994 2053 4047 Et
2081 3992 2200 4047 haec
2230 3992 2458 4061 quidem
2492 3989 2792 4062 splendide
2822 3992 2893 4046 ab
2925 4008 2990 4046 eo
3021 3997 3160 4048 sunt
3191 3994 3363 4061 facta,

1980 4080 2193 4135 Verum
2226 4079 2404 4149 hujus
2433 4079 2580 4132 lucis
2612 4078 2783 4132 nulla:
2818 4096 2930 4132 non
2966 4086 3132 4134 erant
3160 4083 3440 4152 tenebrae;

1983 4168 2239 4239 pecuniae
2269 4166 2571 4221 laborabat
2602 4166 2940 4236 cupiditate,

1982 4260 2403 4327 proptereaque
2430 4255 2500 4309 ab
2532 4271 2694 4325 aequo
2720 4255 3021 4311 declinans
3043 4257 3179 4327 jure

1982 4360 2266 4399 novorum
2298 4342 2647 4398 tributorum
2684 4343 2948 4400 molestia
2976 4345 3251 4415 imposita

1981 4437 2335 4503 qumstorum
2367 4433 2640 4488 manibus
2673 4434 2939 4487 subditos
2969 4434 3233 4489 vexabat.

1981 4522 2126 4577 Hinc
2154 4522 2304 4593 plebi
2337 4526 2395 4576 et
2424 4520 2806 4592 optimatibus
2837 4537 3045 4576 exosus
3075 4526 3231 4589 erat;

1982 4610 2301 4683 praesertim
2335 4610 2431 4679 qui
2462 4623 2714 4663 canones
2748 4607 3009 4663 Ecclesia:

1981 4717 2084 4772 per
2112 4699 2302 4755 scelus
2332 4697 2543 4752 violare
2573 4696 2811 4751 molitus
2841 4701 2949 4765 est,

1979 4787 2385 4858 episcoporum
2419 4784 2643 4855 aliquot
2672 4784 2970 4855 suffragiis
3000 4786 3205 4855 captis.

1982 4880 2197 4947 Nempe
2228 4877 2296 4929 ad
2330 4874 2553 4944 regium
2582 4872 2851 4927 aerarium
2883 4874 3154 4929 defuncto
3184 4877 3455 4949 episcopo

1980 4980 2117 5034 opes
2150 4961 2413 5017 Ecclesia
2447 4960 2803 5031 pauperibus
2834 4962 3060 5017 debitas

1980 5052 2180 5119 iniqua
2213 5051 2337 5121 lege
2367 5050 2707 5104 deferendas
2736 5049 2948 5104 sanxit.

1980 5139 2095 5195 Nec
2128 5139 2324 5193 minus
2362 5137 2476 5192 odii
2514 5136 2727 5204 publici
2761 5137 3019 5191 incendit
3047 5142 3343 5196 ﬂammam

1979 5226 2224 5281 excitata
2247 5227 2417 5297 jussu
2449 5225 2576 5294 ejus
2607 5224 2758 5278 muri
2790 5224 2975 5279 moles

1979 5314 2232 5386 insignis
2264 5314 2630 5370 celsitudinis
2662 5316 2718 5367 et
2752 5314 2949 5383 magni
2982 5315 3258 5383 ambitus,

1979 5420 2105 5475 quae
2137 5403 2442 5474 pallatium
2476 5400 2734 5470 undique
2764 5400 3264 5460 circumvallabat.

1978 5494 2033 5547 Is
2061 5492 2235 5548 etiam
2266 5506 2478 5546 novum
2512 5487 2753 5559 protulit
2780 5490 3076 5545 decretum

1978 5598 2092 5651 quo
2123 5583 2441 5651 martyrum
2475 5578 2691 5633 honore
2717 5577 2961 5647 jubebat
2986 5577 3200 5634 milites

1976 5668 2108 5741 coli,
2132 5668 2428 5738 sacrisque
2457 5665 2690 5736 hymnis
2722 5664 3024 5731 celebrari,

3558 422 3665 481 414
