4154 6304
526 374 631 439 145
1730 376 2101 434 Eprium!
2139 372 2709 428 CHRONOGRAPHI

529 500 633 572 qui
666 500 725 555 in
758 500 958 572 praelio
989 501 1120 557 caesi
1148 501 1326 557 vitam
1357 502 1697 558 amisissent
1724 518 1739 556 :

539 605 787 660 eamque
816 606 962 657 rem,
992 589 1080 655 ut?
1095 590 1362 660 arbitror,
1394 591 1748 662 perfecisset,

532 680 594 735 ni
631 680 965 752 patriarcha
994 694 1129 735 cum
1161 681 1382 736 caeteris
1412 680 1720 753 episcopis,

536 785 944 841 proceresque,
978 772 1043 823 ut
1071 786 1176 841 par
1207 774 1350 836 erat,
1384 769 1766 823 obstitissent.

536 856 681 912 Huic
709 856 979 913 infensus
1008 858 1264 913 Joannes
1290 856 1643 912 Tzimisches

538 948 775 1016 propter
806 951 1078 1016 acceptas
1109 947 1233 1001 sine
1264 947 1470 1001 merito
1502 944 1769 1014 injurias,

538 1033 863 1089 audacibus
894 1050 1029 1089 cum
1063 1034 1235 1090 sociis
1262 1034 1508 1089 insidias
1540 1031 1772 1097 struxit,

536 1120 731 1176 dirum
762 1138 972 1194 nempe
1004 1122 1303 1189 molimen,
1336 1122 1542 1177 mortis
1570 1120 1870 1191 laqueum,

536 1209 811 1265 facinoris
842 1211 1173 1265 ministram
1206 1210 1469 1281 reginam
1502 1210 1745 1263 habens.

535 1295 723 1358 Quare
754 1313 885 1351 cum
912 1299 1087 1353 sociis
1119 1299 1178 1352 in
1210 1301 1418 1353 cistam
1452 1296 1790 1368 impositus,

536 1397 713 1453 quam
743 1385 947 1456 regina
977 1390 1166 1441 astute
1198 1389 1640 1456 praeparaverat,

536 1469 883 1542 impervium
917 1473 1110 1527 locum
1145 1478 1318 1528 noctu
1348 1474 1830 1540 conscenderunt,

537 1559 952 1633 latronumque
982 1562 1096 1616 ritu
1130 1566 1549 1617 nocturnorum

536 1648 625 1703 vel
652 1652 935 1720 tanquam
969 1650 1097 1705 ferae
1130 1666 1288 1704 saevae
1322 1664 1387 1705 ac
1420 1646 1808 1718 sanguinaria!

536 1734 597 1790 in
628 1736 854 1807 regium
888 1737 1226 1807 irruperunt
1262 1736 1470 1791 armati
1503 1734 1714 1806 gladiis

535 1822 886 1893 thalamum,
919 1824 1116 1894 ibique
1148 1840 1340 1895 regem
1372 1823 1763 1878 trucidarunt.

641 1940 963 1996 JOANNES
992 1941 1414 1997 TZIMISCHES
1445 1940 1561 1995 AN.
1596 1939 1689 1994 VI.
1724 1937 1933 1994 MENS.
1969 1937 2061 1992 VI.

535 2036 679 2093 Exin
711 2038 979 2109 egregius
1005 2038 1362 2094 Tzimisches
1384 2039 1640 2093 Joannes

536 2125 835 2180 communi
865 2130 997 2181 voto
1031 2126 1216 2182 factus
1247 2131 1338 2181 est
1366 2125 1710 2196 imperator;

532 2213 823 2284 pauloque
854 2218 985 2284 post
1014 2214 1195 2285 regali
1223 2214 1399 2270 etiam
1431 2215 1739 2269 stemmate

529 2317 564 2355 a
592 2301 926 2372 patriarcha
952 2307 1125 2373 caput
1153 2302 1280 2373 ejus
1310 2306 1399 2357 est
1426 2302 1707 2356 cinctum.

532 2394 657 2443 Dux
686 2394 812 2445 erat
845 2391 935 2445 hic
966 2390 1239 2459 eximius,
1268 2388 1771 2459 incomparabilis,

532 2493 648 2547 quo
682 2494 851 2533 nemo
882 2483 1047 2535 aetate
1078 2480 1205 2550 ejus
1236 2476 1604 2549 praestantior
1633 2477 1834 2540 armis,

536 2569 594 2621 et
624 2582 801 2622 manu
834 2568 1070 2639 propria
1099 2568 1265 2623 fortis
1296 2572 1353 2622 et
1379 2568 1778 2635 strategmate,

530 2655 710 2709 animi
742 2655 982 2710 audacia
1013 2656 1290 2725 praeditus
1320 2671 1453 2709 cum
1483 2652 1749 2719 consilio,

536 2743 797 2814 optimus
829 2743 1166 2814 imperator,
1198 2743 1402 2798 amicis
1433 2741 1708 2804 blandus,

532 2830 803 2887 hostibus
831 2830 1233 2887 intolerandus
1262 2836 1318 2887 et
1344 2828 1749 2885 formidabilis.

532 2920 634 2975 Hic
667 2936 770 2991 pro
800 2920 854 2975 vi
891 2921 982 2975 sui
1012 2920 1269 2976 nominis
1300 2919 1613 2991 gratiosus,

529 3006 755 3077 hilaris,
788 3008 967 3076 mitis,
1004 3008 1257 3065 subditis
1287 3005 1611 3073 benivolus,

529 3111 746 3167 passus
776 3102 866 3151 est
894 3097 1069 3151 etiam
1102 3097 1175 3151 ob
1208 3098 1494 3167 patratam
1526 3094 1739 3148 caedem

530 3183 829 3255 objurgari
860 3200 922 3239 se
947 3183 1280 3254 temploque
1310 3180 1537 3236 excludi

530 3287 564 3327 a
593 3271 901 3344 Polyeucto
930 3277 1056 3326 cato
1088 3268 1439 3342 patriarcha,

531 3375 633 3415 ceu
665 3359 992 3415 Nathanem
1025 3359 1431 3429 objurgantem
1463 3356 1652 3412 audiit
1681 3356 1881 3412 David.

534 3447 773 3503 Exsules
806 3453 999 3503 autem
1035 3448 1234 3503 statim
1266 3445 1549 3502 revocavit

535 3552 682 3605 quos
714 3535 774 3589 in
807 3535 1079 3591 exsilium
1111 3541 1363 3589 truserat
1390 3533 1777 3602 Nicephorus;

536 3643 686 3699 quos
716 3626 869 3681 inter
897 3628 1062 3681 erant
1090 3623 1365 3693 praecipui
1397 3619 1674 3691 episc0pi,

537 3716 638 3787 qui
670 3716 1061 3769 detrectarant
1089 3710 1283 3765 libello
1311 3709 1700 3777 subscribere,

538 3821 653 3875 quo
685 3800 1033 3858 decernebat
1064 3799 1378 3869 imperator
1405 3798 1756 3869 Nicephorus

536 3908 609 3964 ne
638 3890 769 3963 quis
798 3905 861 3945 se
885 3887 1216 3944 inconsulto
1248 3886 1456 3953 praesul
1488 3887 1672 3957 fieret,

534 3995 643 4037 nec
672 3978 950 4050 pastorali
980 3978 1198 4033 honore
1230 3976 1534 4032 frueretur.

534 4072 836 4124 Decretum
869 4066 927 4121 id
960 4066 1244 4123 conscidit
1272 4063 1629 4121 Tzimisches
1660 4079 1673 4118 :

534 4160 661 4211 tum
692 4171 866 4210 suum
898 4154 1095 4210 divisit
1125 4155 1322 4225 egenis
1354 4152 1648 4223 peculium
1684 4167 1697 4205 :

535 4244 677 4315 quin
709 4248 766 4298 et
795 4243 1135 4298 canonicam
1173 4240 1633 4295 satisfactionem
1667 4239 1955 4309 praestitit,

535 4332 609 4387 ob
640 4331 822 4403 culpae
852 4331 1080 4385 veniam
1115 4329 1403 4398 caedisque
1439 4326 1847 4398 expiationem.

533 4420 752 4476 Deinde
781 4423 985 4475 contra
1014 4418 1225 4474 Rossos
1257 4417 1551 4487 profectus
1581 4415 1866 4471 Barbaros

532 4508 693 4580 gravi
722 4512 987 4563 conserto
1020 4507 1214 4579 praelio
1246 4506 1510 4576 superior
1540 4503 1669 4558 fuit.

533 4599 697 4653 Tunc
725 4596 898 4653 etiam
931 4597 1170 4667 quidam
1200 4594 1363 4649 visus
1393 4597 1482 4649 est
1512 4609 1545 4647 a
1577 4591 1839 4661 pluribus

530 4701 709 4756 eques
738 4686 824 4739 vir
852 4685 1187 4756 incognitus
1218 4684 1316 4755 qui
1350 4678 1629 4738 Romanis

529 4774 776 4840 favebat,
810 4789 1077 4843 pugnans
1108 4773 1289 4844 cOpiis
1321 4770 1857 4837 contraBarbaros.

530 4863 703 4918 Porro
733 4861 889 4916 hunc
918 4860 1173 4914 innotuit
1200 4876 1328 4914 esse
1351 4861 1718 4914 Theodorum

529 4965 834 5022 magnum,
864 4947 1082 5002 Christi
1113 4946 1349 5002 militem
1383 4952 1551 5017 atque
1580 4948 1807 5004 ducem.

531 5042 654 5106 Quo
682 5043 876 5094 autem
910 5041 1077 5107 pacto
1109 5035 1383 5103 innotuit,
1415 5034 1602 5090 verbis
1633 5038 1907 5106 pandam.

532 5128 772 5184 Femina
802 5125 1068 5196 quaedam
1098 5129 1220 5179 erat
1249 5123 1364 5194 pia,
1398 5122 1607 5193 pudica

529 5214 748 5285 templo
779 5214 1007 5268 cuidam
1035 5213 1193 5283 regia
1216 5212 1273 5265 in
1307 5213 1451 5266 urbe
1476 5211 1732 5280 assidua,

529 5320 655 5375 quae
686 5302 779 5358 die
813 5318 926 5357 una
957 5305 1099 5356 ante
1119 5304 1450 5356 consertum
1485 5299 1747 5370 praelium

525 5392 651 5447 visa
680 5389 792 5446 sibi
824 5393 909 5446 est
938 5389 1243 5461 Deiparam
1274 5402 1509 5443 cernere

524 5480 779 5536 virorum
812 5479 1090 5534 comitatu
1122 5476 1543 5548 permultorum

525 5569 859 5637 deductam,
892 5567 1069 5623 voluti
1106 5566 1362 5638 reginam
1396 5566 1578 5620 decet.

527 5658 771 5728 Insuper
801 5656 920 5712 haec
950 5657 1235 5713 dicentem
1265 5654 1466 5711 audire
1498 5652 1739 5711 credidit
1776 5673 1787 5711 :

3459 576 3603 645 ,

3241 666 3582 744 ,

2273 763 2415 816 2805
3412 753 3655 815 .

3354 929 3575 1001 ,

3374 1108 3627 1174 ,

2275 1204 2416 1257 2810
3332 1192 3603 1271 .

3159 1374 3513 1446 ,

3258 1460 3491 1534 ,

2274 1644 2415 1699 2845
3155 1636 3522 1713 ,

3334 1813 3490 1889 .

2898 1935 2942 1987 0
3391 1929 3488 1985 ET.
3526 1927 3585 1996 .
3618 1947 3670 1993 ,

3394 2120 3628 2196 .

2272 2219 2413 2274 2820

3351 2298 3537 2371 .

2977 2384 3385 2461 ,
3417 2384 3582 2458 ,

2794 2585 2871 2633 ,
3176 2562 3549 2638 .

2269 2660 2411 2713 2825
3230 2646 3508 2721 ,

2843 2740 3080 2815 ,
3424 2738 3631 2813 ,

3281 2825 3595 2904 .

2645 2918 3050 2994 ,
3267 2918 3450 2991 ,

2444 3007 2645 3082 ,
2678 3006 2886 3081 ,
3195 3004 3483 3075 ,

2266 3099 2407 3155 2830

2195 3195 2238 3261 C

3312 3268 3680 3338 ,

3357 3445 3568 3502 .

2271 3543 2414 3597 2835
3272 3534 3612 3610 ,

3372 3710 3552 3782 ,

2272 3982 2415 4037 2840
3260 3973 3607 4050 ,

3366 4152 3612 4227 ,

2786 4332 3147 4404 ,
3470 4327 3654 4405 .

2273 4424 2415 4479 2845

3221 4766 3539 4845 .

2267 4866 2410 4920 2850

2822 5037 3016 5105 ,

3229 5209 3532 5279 ,

2264 5306 2406 5361 2855

2715 5565 2969 5635 ,

2194 4552 2241 4616 D

3810 364 3911 421 116
