4132 6300
284 388 388 446 417

283 512 427 567 2860
466 512 533 564 Ὦ
564 505 1007 584 Κυριθεόδωρος,
1030 509 1076 563 ὦ
1106 508 1468 582 στρατηλάτα,

465 598 638 671 Ἐμός
666 617 726 651 τε
756 596 843 650 καὶ
878 596 970 657 σὸς
1002 595 1314 672 προσφιλὴς
1346 598 1603 667 Ἰωάννης

465 689 662 759 Βαρεῖς
691 686 901 758 ἀγῶνας
930 683 1020 738 καὶ
1051 681 1381 754 δυσηνύτους
1411 682 1547 761 ἔχει·

470 774 547 828 Σὺ
577 770 624 827 δ’
654 772 781 828 ἀλλ’
813 771 1173 847 ἐπικούρησον
1204 772 1351 844 αὐτῷ
1378 772 1634 847 ταχύνας.

465 858 586 916 Τόδ’
613 863 647 929 ἡ
684 860 885 934 θεωρὸς
915 865 1032 920 τοῖς
1064 863 1312 914 συνοῦσιν
1345 860 1557 937 ἐκφέρει

286 952 433 1007 2865
470 950 678 1021 Μνήμῃ
710 944 918 1001 διδοῦσι
949 946 1038 1001 καὶ
1063 951 1250 1021 γραφῇ
1280 948 1377 1015 τὴν
1418 950 1652 1021 ἡμέραν.

468 1037 573 1094 Καὶ
602 1036 759 1090 πάνθ’
790 1036 1007 1108 ὑπῆρχε
1035 1032 1312 1108 σύνδρομα
1344 1035 1529 1109 χρόνῳ
1565 1036 1775 1108 μάχης.

465 1124 643 1186 Οὗτος
676 1124 1001 1196 στρατεύσας
1031 1122 1121 1177 καὶ
1147 1124 1282 1177 κατὰ
1306 1122 1551 1184 Κιλικίας

469 1209 768 1285 Ηάμπολλ’
802 1210 1136 1285 ἐχειρώσατο
1167 1210 1371 1280 ταύτης
1399 1208 1694 1287 φρουρίωνο

462 1302 595 1354 Ὅσα
627 1296 672 1353 δ’
702 1297 964 1375 ἀφηνίασε
992 1304 1091 1365 τῆς
1120 1297 1475 1371 κραταρχίας,

280 1391 426 1446 2870
462 1388 606 1463 Πρὸς
632 1385 785 1457 τήνδ’
818 1385 1125 1461 ἐπανήγαγε
1148 1392 1265 1449 ταῖς
1294 1386 1665 1461 στρατηγίαις·

461 1476 640 1539 Οὗτος
666 1475 801 1529 νεὼν
827 1474 1016 1549 ἤγειρε
1044 1475 1261 1547 Χριστῷ
1291 1474 1541 1546 Δεσπότῃ

463 1561 754 1632 Πολυτελῆ
778 1560 1074 1617 κάλλιστον
1108 1562 1161 1616 έν
1192 1561 1389 1635 Χαλκῇ
1424 1560 1594 1631 ξένον.

390 1681 764 1738 ΒΑΣΙΛΕΙοΣ
805 1680 849 1736 Ο
901 1680 1535 1735 ΒΟΥΛΓΑΡΟΚΤΟΝΟΣ
1584 1679 1691 1734 ΕΤ.
1743 1677 1826 1733 Ν’.

461 1776 666 1831 Τούτου
694 1777 757 1830 τὸ
791 1776 942 1850 βιοῦν
973 1772 1405 1848 ἐκμετρησαντος
1436 1773 1612 1847 μόρῳ,

464 1864 791 1939 Κληροῦχος
824 1863 1003 1937 ἀρχῆς
1029 1869 1131 1932 τῆς
1160 1863 1415 1937 πατρῴας
1445 1861 1685 1936 ἐννόμως

274 1955 424 2009 2875
466 1951 744 2013 Βασίλειος
773 1948 1013 2006 δέδεικτο
1042 1951 1133 2004 καὶ
1166 1949 1562 2025 σκηπτοῦχίας,

462 2041 525 2099 '0
553 2041 837 2111 Ῥωμανοῦ
867 2043 996 2099 παῖς
1028 2031 1512 2115 πορφυρόϐλαστος
1544 2034 1770 2104 κλάδος,

463 2127 825 2204 Αὐτοκράτωρ
855 2126 1143 2201 κράτιστος
1175 2125 1226 2179 έν
1260 2124 1609 2200 στρατηγίαις

462 2215 775 2290 Αὐταρχίας
814 2215 1078 2270 τάλαντον
1106 2212 1336 2284 αὐξήσας
1371 2214 1521 2286 μέγα·

460 2305 547 2366 Ὠς
576 2305 789 2370 πιστὸς,
822 2302 894 2364 ὡς
930 2300 1195 2375 φρόνιμος
1226 2298 1298 2354 ὢν
1334 2301 1604 2376 ὑπηρέτης

276 2396 424 2449 2880
464 2392 535 2446 Οὐ
566 2392 701 2467 πρὸς
732 2392 936 2467 τρυφάς
967 2409 1023 2444 τε
1053 2390 1141 2443 καὶ
1177 2389 1314 2461 πρὸς
1346 2387 1545 2449 ἀνέσεις
1582 2386 1822 2461 βλέπων,

464 2478 595 2538 Οὐδ’
622 2478 852 2551 ἀμελείᾳ
885 2480 1022 2551 μήτε
1056 2478 1162 2549 μὴν
1196 2476 1447 2550 οἰκουρίᾳ

461 2573 537 2625 ’Ἡ
567 2564 810 2641 μαλακίᾳ
837 2565 1231 2639 προστετηκὼς
1264 2561 1547 2637 μηδόλως,

449 2656 628 2713 Ἀλλά
657 2658 1011 2729 στραταρχῶν
1046 2651 1217 2707 πάντα
1245 2654 1431 2727 καιρὸν
1457 2655 1554 2706 τοῦ
1588 2650 1710 2726 βίου

462 2745 562 2801 Καὶ
591 2749 711 2807 ταῖς
738 2744 856 2797 κατ’
887 2741 1095 2815 ἐχθρῶν
1131 2738 1398 2816 ἐντρυφῶν
1427 2738 1508 2791 ἀεὶ
1544 2739 1770 2811 μάχαις.

277 2839 423 2894 2885
463 2835 633 2907 Ἀνήρ
665 2831 886 2906 ἀγαθὸς,
916 2824 1150 2884 εὐσεϐῶν
1181 2829 1361 2901 νόμων
1392 2826 1587 2904 φύλαξ,

466 2919 652 2991 Μηδὲν
681 2923 935 2992 νεοχμῶν
966 2920 1074 2971 τῶν
1108 2916 1241 2970 ἐθῶν
1270 2915 1598 2984 Ἐκκλησίας
1634 2916 1767 2987 (41),

462 3016 592 3072 Ταῖς
623 3010 825 3084 ἀρετῶν
860 3005 1076 3081 χάρισιν
1106 3003 1496 3078 ἠγλαϊσμένος,

466 3095 698 3157 Μᾶλλον
728 3094 773 3150 δ’
802 3095 1033 3172 ἐραστὴς
1066 3092 1442 3167 σωφροσύνης,
1474 3087 1739 3166 ἀνδρείας.

464 3188 633 3246 Οὗτος
661 3184 899 3257 καθάπερ
932 3182 1089 3237 ἀετοῦ
1120 3180 1308 3255 λαχὼν
1342 3181 1520 3257 φύσιν,

271 3281 422 3335 2890
459 3278 530 3330 ’Ἠ
563 3274 765 3344 πτηνὸς
798 3278 871 3327 ῶν
902 3271 1164 3349 φρόνησιν
1194 3271 1229 3339 ἢ
1262 3268 1588 3341 προθυμίαν,

461 3364 541 3423 Τὸ
578 3366 671 3437 μὲν
701 3364 841 3439 πρὸς
872 3361 1038 3428 αὐτὴν
1073 3358 1435 3435 ἐκστρατεύων
1468 3359 1565 3426 τὴν
1597 3360 1735 3426 Ἕω,

462 3455 542 3512 Τὸ
574 3451 631 3507 δὲ
660 3452 796 3527 πρὸς
828 3448 1022 3511 αὐτοὺς
1051 3448 1179 3509 τοὺς
1212 3449 1370 3522 ὅρους
1406 3454 1505 3515 τῆς
1531 3445 1790 3521 Ἐσπὲρας

458 3543 529 3598 ’ἹΙ
561 3542 696 3615 πρὸς
732 3540 870 3613 μέρη
908 3536 1094 3612 βόρεια
1124 3536 1211 3590 καὶ
1250 3529 1596 3610 μεσημϐρίας

460 3631 689 3703 Χώρους
721 3626 875 3699 ἐπῄει
907 3620 1204 3699 Βαρϐάρων
1244 3621 1578 3691 ἀντιπάλων,

276 3722 423 3777 2895
462 3716 756 3787 Λεηλατῶν
793 3719 946 3792 σφᾶς,
979 3710 1301 3787 πυρπολῶν,
1330 3712 1544 3786 πορθῶν
1573 3709 1765 3773 πόλεις

462 3804 706 3880 Ἐρυμνά
732 3824 791 3859 τε
817 3802 1050 3878 φρούρια
1087 3806 1185 3867 τῆς
1221 3801 1405 3874 μάχης
1437 3799 1615 3873 νόμῳ·

460 3894 570 3951 Καὶ
606 3892 783 3967 δεῖγμ’
813 3890 1034 3964 ὲναργὶς
1063 3892 1097 3959 ἡ
1132 3893 1352 3951 Σκυθῶν
1388 3887 1615 3963 ἐρημία,

464 3982 596 4037 Δεία
623 4002 680 4037 τε
711 3984 909 4036 Μυσῶν
939 3981 1053 4050 (42)
1076 3978 1212 4032 κατὰ
1238 3979 1336 4046 τὴν
1369 3974 1695 4050 παροιμίαν,

464 4074 682 4147 Περσῶν
752 4075 800 4123 τ’
872 4062 1155 4141 Ἀϐασγῶν
1225 4060 1446 4139 έκτριὸἠ
1505 4068 1612 4118 τῶν
1670 4065 1719 4118 τ’
1775 4057 1940 4128 Ἀϐά-

285 4254 426 4310 2908
467 4253 665 4321 Ὧνπερ
698 4242 922 4309 καθεῖλε
947 4243 1009 4297 τὸ
1040 4246 1237 4317 Θράσος
1265 4243 1403 4296 κατά
1429 4242 1649 4316 κράτος·
1777 4154 1937 4235 “mw,

465 4335 699 4396 Καθεῖλε
729 4332 774 4388 δ’
805 4333 913 4408 οὐχ
941 4329 1137 4401 ἥκιστα
1165 4330 1257 4385 καὶ
1287 4327 1570 4404 τυραννίδα

467 4428 583 4494 Τὴν
614 4428 710 4479 τοῦ
737 4417 1004 4495 Σαμουὴλ
1036 4417 1366 4494 Βουλγάρων
1396 4418 1727 4494 ἀρχηγέτου.

471 4514 570 4570 Καὶ
602 4517 751 4588 σφῶν
784 4508 830 4565 δ’
860 4508 1042 4565 ἀνεῖλε
1072 4506 1432 4582 δυσαρίθμους
1462 4505 1512 4561 ἐν
1556 4505 1726 4580 μάχῃο

475 4603 795 4681 Συρῥήξεως
827 4599 930 4674 γὰρ
962 4596 1346 4671 συμπεσούσης
1376 4596 1464 4651 καὶ
1491 4597 1699 4671 μάχης,

292 4698 437 4754 2905
474 4693 676 4752 Μυσῶν
707 4688 1042 4763 ἐχειρώσατο
1076 4686 1398 4760 χιλιοστύας

476 4777 749 4839 Πεντάδας
783 4776 858 4839 εἷς
886 4779 1031 4850 τρεῖς
1061 4774 1155 4836 τὰς
1187 4773 1317 4837 ὅλας
1350 4772 1711 4845 ποσουμένας,

472 4873 569 4925 Ὧν
606 4865 813 4941 ὄμματ’
842 4863 1059 4936 ἐξέκοψε
1086 4862 1296 4916 πάντων
1329 4859 1575 4922 ἐνδίκωςο

476 4958 595 5018 Κάκ
622 4952 794 5010 τῶνδε
830 4954 1052 5028 βραχεῖς
1082 4948 1355 5025 παραδοὺς
1387 4946 1647 5020 πομποὺς
1676 4945 1822 5024 σφίσι

477 5046 583 5105 Καὶ
617 5045 837 5115 θάτερον
868 5044 1001 5117 σφᾶς
1037 5037 1298 5111 ὀμμάτων
1331 5032 1707 5109 ἐσϐεσμένους,

306 5141 443 5197 2910
480 5138 693 5194 Πάντας
722 5131 923 5204 ἀφῆκεν
956 5127 1089 5182 ἰέναι
1121 5129 1256 5202 πρὸς
1287 5125 1514 5183 Μυσίαν

480 5222 590 5284 Oi};
623 5218 907 5292 δυστυχῶς
935 5211 1163 5291 ἔχοντας
1194 5212 1324 5269 ἰδὼν
1356 5217 1502 5289 σφῶν
1531 5212 1745 5288 κράτωρ

480 5314 719 5379 Τέθνηκε
745 5304 971 5379 τρωθείς
1002 5307 1103 5369 τῆς
1132 5305 1365 5376 ἀθυμίας
1401 5301 1567 5377 βέλει.

1806 388 2163 445 ΟΕΒΔΒΕΒ.

1960 512 2014 580 Α
2044 511 2087 566 Ο
2118 509 2352 565 domine
2378 508 2698 576 Theodore,
2729 522 2762 561 ο
2792 506 2908 559 dux
2944 502 3251 568 exercitus,

2046 616 2211 654 meus
2240 598 2497 668 itemque
2527 602 2662 651 tuus
2699 594 2924 649 amicus
2953 593 3205 647 Joannes

2044 687 2205 759 gravi
2235 687 2293 741 in
2324 702 2506 759 agone
2535 685 2780 740 vertitur
2806 688 2861 737 et
2892 677 3255 752 perdifﬁcili;

2046 777 2422 846 quamobrem
2456 775 2526 828 ad
2558 772 2853 827 ferendam
2887 785 3054 840 opem
3087 782 3351 839 pr0pera.

2046 864 2213 920 Illam
2247 880 2368 917 rem
2400 863 2583 917 visam
2616 858 2872 915 narravit
2901 856 3309 928 praesentibus,

2046 953 2146 1023 qui
2177 952 2331 1007 diem
2367 950 2657 1005 memoria:
2690 948 3026 1019 scriptoque
3058 944 3500 1015 consignarunt.

2046 1041 2263 1113 Reapse
2291 1039 2434 1095 visio
2466 1039 2733 1109 congruit
2759 1052 2889 1091 cum
2924 1050 3129 1106 pugnae
3161 1037 3442 1102 tempore.

2043 1130 2220 1195 Idem,
2254 1134 2523 1199 suscepto
2552 1127 2702 1182 bello
2734 1127 3008 1180 adversus
3040 1122 3269 1190 Cilicas,

2043 1217 2362 1289 permultas
2395 1216 2546 1286 cepit
2578 1216 2786 1270 horum
2820 1214 3078 1267 munitas
3109 1226 3294 1265 arces.

2044 1308 2334 1377 Quotquot
2364 1310 2556 1360 autem
2590 1304 2883 1374 negabant
2914 1301 3155 1355 subesse
3184 1298 3449 1370 imperio,

2042 1413 2141 1453 eas
2171 1394 2352 1451 armis
2384 1394 2556 1449 motis
2586 1390 2864 1462 compulit
2896 1390 2966 1445 ad
3000 1388 3368 1457 obsequium.

2043 1485 2145 1541 Hic
2175 1482 2458 1554 templum
2491 1480 2759 1536 excitavit
2787 1478 3012 1533 Christo
3047 1477 3287 1531 Domino

2044 1574 2102 1628 in
2134 1572 2363 1638 Chalcs,
2392 1571 2555 1625 dives
2586 1584 2761 1640 opum
2796 1573 2852 1622 et
2883 1565 3030 1621 miro
3062 1578 3252 1636 opere.

2306 1684 2631 1742 BASILIUS
2672 1680 3150 1739 BULGARICIDA
3186 1679 3305 1733 AN.
3347 1678 3407 1734 L.

2041 1790 2290 1842 Jornnes
2321 1783 2457 1838 fatis
2490 1783 2711 1847 functo,
2746 1779 2997 1851 patrium
3030 1781 3323 1847 sceptrum

1969 1866 2017 1929 Β
2047 1874 2293 1931 haeredis
2314 1873 2449 1943 jure
2482 1887 2547 1925 ac
2578 1868 2811 1924 nomine
2840 1867 3101 1940 legitimo

2040 1961 2293 2021 obtinuit
2320 1959 2568 2016 Basilius
2600 1974 2732 2014 cum
2764 1956 2920 2027 regio
2954 1954 3123 2010 titulo

2040 2050 2280 2107 Romani
2312 2048 2490 2115 ﬁlius,
2518 2046 2749 2118 genitus
2780 2045 2839 2100 in
2871 2059 3152 2115 purpura,

2039 2139 2307 2212 egregius
2338 2136 2695 2191 exercituum
2736 2134 3072 2204 imperator,

2041 2226 2140 2299 qui
2173 2223 2416 2281 ditionis
2446 2224 2589 2279 ﬁnes
2616 2221 2781 2277 valde
2812 2218 3132 2291 ampliavit.

2042 2313 2255 2369 Fidelis
2284 2312 2378 2367 hic
2409 2317 2465 2367 et
2498 2310 2754 2383 prudens
2785 2307 3227 2363 administrator

2040 2401 2276 2457 delicias
2310 2400 2463 2453 haud
2495 2402 2797 2468 spectabat
2826 2396 3152 2467 requiemve
3183 2393 3463 2464 corporis,

2042 2506 2229 2560 neque
2260 2487 2587 2543 socordiam
2618 2502 2723 2541 nec
2752 2485 2907 2539 domi
2941 2482 3250 2546 desidiam,

2042 2577 2323 2648 nulloque
2352 2581 2558 2646 captus
2588 2578 2710 2629 erat
2740 2572 3055 2643 voluptatis
3086 2584 3318 2642 genere,

2044 2667 2144 2722 sed
2180 2665 2511 2720 universam
2543 2664 2759 2734 degens
2790 2662 2849 2716 in
2881 2660 3062 2715 armis
3091 2658 3267 2713 vitam

2043 2752 2347 2827 pulsandis
2379 2753 2436 2805 in
2470 2750 2663 2821 pra-lio
2696 2749 2964 2804 hostibus
2994 2748 3303 2820 gestiebat.

2046 2843 2145 2897 Vir
2174 2844 2385 2906 bonus,
2416 2840 2613 2909 legum
2646 2853 2945 2892 sacrarum
2977 2840 3197 2905 custos,

2045 2930 2191 2985 nihil
2220 2931 2540 2983 immutans
2574 2927 2629 2981 in
2662 2924 2927 2980 Ecclesiae
2959 2924 3248 2990 moribus,

2044 3019 2327 3075 virtutum
2360 3014 2720 3071 ornamentis
2750 3013 2916 3068 valde
2946 3011 3218 3080 rutilans,

2046 3106 2309 3179 apprime
2337 3104 2579 3160 studens
2614 3102 2777 3157 fortis
2810 3118 2937 3157 esse
2968 3105 3025 3155 et
3051 3105 3409 3172 temperans.

1969 3209 2012 3276 ρ
2045 3195 2146 3250 Hic
2177 3194 2420 3248 sortitus
2451 3191 2624 3245 veluti
2660 3196 2929 3245 naturam
2964 3189 3193 3260 aquilae,

2046 3286 2200 3339 certe
2230 3281 2453 3335 habens
2484 3283 2734 3333 mentem
2769 3278 3206 3348 efﬁcaciamque
3236 3277 3531 3333 volucrem

2044 3387 2201 3426 nunc
2231 3370 2290 3424 in
2323 3366 2575 3424 Orientis
2605 3364 2820 3421 bellum
2853 3367 3087 3435 gerebat
3118 3365 3325 3437 plagis,

2040 3476 2196 3515 nunc
2227 3459 2284 3512 in
2319 3457 2604 3528 hesperiis
2635 3456 2874 3521 ﬁnibus,
2908 3471 3064 3509 nunc
3095 3457 3205 3509 sub
3238 3457 3431 3521 borea,

2042 3564 2199 3604 nunc
2230 3547 2481 3617 denique
2514 3562 2612 3615 per
2642 3549 2863 3599 tractus
2895 3542 3308 3598 meridionalcs

2041 3636 2194 3693 bello
2227 3634 2527 3703 quatiebat
2560 3634 2843 3688 Barbaros
2876 3631 3260 3699 adversarios,

2043 3724 2403 3797 depraedans,
2439 3738 2637 3789 urens,
2671 3722 3036 3791 depopulans
3070 3722 3244 3776 urbes

2045 3813 2419 3881 munitasque
2451 3825 2632 3875 arces,
2664 3814 2831 3880 prout
2863 3811 2949 3863 fas
2980 3815 3067 3864 est
3095 3808 3253 3865 belli.

2045 3903 2147 3958 Rei
2178 3899 2346 3957 testis
2372 3903 2460 3954 est
2485 3897 2733 3967 Scythia:
2766 3896 3039 3963 solitudo,

2046 3991 2352 4062 praedaque
2384 3988 2718 4051 Mcesorum,
2752 3988 2814 4039 ut
2847 3984 2927 4039 ait
2954 3984 3347 4056 proverbium,

2044 4082 2372 4145 Persarum,
2404 4078 2767 4146 Abasgorum
2800 4074 3014 4139 clades,
3042 4077 3099 4128 et
3126 4074 3469 4143 Abarorum,

2047 4271 2297 4329 quorum
2330 4252 2635 4308 audaciam
2669 4257 2868 4323 aperto
2899 4252 3083 4306 Marte
3113 4250 3303 4321 fregit.

2048 4346 2161 4402 Nec
2190 4360 2324 4400 vero
2356 4343 2545 4399 secius
2576 4342 2842 4397 contudit
2874 4340 3239 4414 tyrannidem

2049 4434 2432 4506 Bulgarorum
2465 4430 2747 4502 principis
2778 4429 3085 4495 Samuelis,

2048 4524 2294 4594 ejusque
2325 4522 2513 4593 gentis
2542 4521 2753 4576 occidit
2789 4520 3151 4585 innumeros,

2051 4612 2274 4666 Etenim
2308 4612 2456 4664 facto
2489 4624 2693 4679 pugna:
2725 4608 2995 4661 conﬂictu
3029 4606 3209 4677 gravi,

2048 4700 2357 4755 Mmsorum
2385 4702 2610 4752 tantum
2638 4694 2950 4767 captivavit
2980 4710 3292 4749 numerum

2052 4793 2116 4843 ut
2144 4805 2211 4843 ea
2241 4786 2525 4842 aestimata
2552 4784 2671 4838 sint
2703 4783 2884 4837 millia
2914 4782 3271 4853 quindecim,

2053 4878 2219 4947 queis
2251 4876 2475 4931 cunctis
2503 4874 2698 4929 oculos
2732 4875 2847 4928 lata
2876 4873 3163 4929 sententia
3192 4875 3364 4931 eruit.

2056 4967 2167 5020 Hos
2200 4968 2392 5019 autem
2425 4961 2626 5032 paucis
2656 4962 2904 5017 ducibus
2935 4962 3273 5032 instructos,

2054 5070 2201 5125 quos
2234 5070 2347 5107 uno
2378 5056 2604 5106 tantum
2639 5052 2804 5106 oculo
2836 5054 3235 5116 exeascaverat,

2056 5141 2283 5197 remisit
2312 5146 2551 5195 cunctos
2582 5140 2797 5195 liberos
2827 5139 2885 5194 in
2920 5139 3199 5195 Mmsiam.

2057 5232 2211 5295 Quos
2244 5229 2341 5284 ubi
2373 5228 2455 5283 sic
2486 5229 2721 5283 aﬁ‘ectos
2752 5245 2849 5283 rex
2878 5244 3023 5283 suus
3052 5228 3218 5298 vidit,

2058 5317 2324 5372 maeroris
2354 5317 2504 5371 ictus
2534 5315 2647 5371 telo
2683 5320 2925 5371 mortem
2958 5316 3121 5371 obiit.

3573 370 3676 427 118

387 5465 451 5518 44
478 5463 673 5532 Hujus
710 5454 1153 5532 religiosissimi
1211 5454 1492 5532 principis
1547 5453 1778 5524 insigne
1814 5470 1950 5532 _xu_-_-

1396 5454 1492 5532 pia
1547 5453 1778 5524 insigne
1814 5470 1950 5532 ,κει-τ
2060 5460 2315 5532 secundo
2345 5458 2639 5532 volumine
2670 5458 2852 5532 prmi}.
2887 5475 2941 5527 p.
2978 5459 3027 5513 1.

330 5533 531 5617 μήλων.
563 5522 1950 5617 ὖρ⁸⁸Ἇ⁶ἓζὲἱΗ¹ἓῖῙὲ⁶⁰ἑ,Υξίέἓδδιέἓὶεὲεὲξλὲίῗξξί
2062 5601 2101 5617 ἢ
2130 5530 2237 5600 (42)
2270 5531 2440 5617 (κνεοε
2471 5530 2611 5617 dicit
2643 5522 2763 5617 ρ’νο.
2782 5522 2954 5611 Μίειέίε
2994 5531 3270 5617 ρεῖρεὲειο
3304 5530 3687 5617 Εριεξωτηίυέξ·

331 5594 765 5683 ἓοῖίὶοθῐῖἓτξεσί
800 5598 1155 5683 Ρίαίέπξὶζυω
1187 5597 1443 5683 εοᾲξρβη)
1494 5594 1949 5683 Ποβίίὶξξβῖῐρθω,
2062 5594 2453 5683 Ρςοιζετὺῖυςῃ.
2495 5594 2691 5683 tamen
2750 5594 3012 5671 loquitur
3058 5594 3128 5654 de
3175 5594 3371 5671 Mysis.
3403 5602 3591 5656 chob
3622 5600 3688 5667 V,

334 5680 491 5746 cujus
519 5664 882 5732 mentionem
906 5667 1013 5724 feci
1035 5667 1094 5722 in
1120 5666 1470 5723 collectionis
1504 5681 1640 5722 mets
1661 5664 1953 5723 Vaticana;
2066 5673 2158 5741 t5;
2192 5671 2349 5742 Diog.
2384 5670 2475 5737 VI,
2508 5672 2594 5724 42.
