4132 6300
441 371 547 429 419
1642 379 2015 435 ΕΡΗΒΕΜΙΙ
2061 379 2073 425 1

1642 379 2015 435 EPHRBMII
2061 370 2631 429 CHBONOGBAPHI

443 504 636 572 Atque
663 500 799 557 hinc
829 504 1081 561 Basilius
1114 507 1408 579 Augustus
1440 523 1691 579 magnus

443 588 617 660 vulgo
646 592 838 647 vocari
869 593 1235 663 Bulgaricida
1267 598 1459 667 coepit.

444 681 758 734 Moesorum
791 687 982 735 autem
1013 684 1198 753 captis
1237 685 1521 755 hesperiis
1552 684 1795 739 urbibus

447 768 716 833 Achride,
748 770 993 839 Scopiis,
1025 776 1079 824 et
1108 772 1465 827 Presthlabis
1497 773 1768 843 geminis,

446 855 697 909 Serdicae
729 871 961 927 quoque
990 862 1048 913 et
1074 860 1291 914 Bidinaz
1324 861 1579 916 castellis

446 944 828 1014 Pernicoque,
859 961 993 1000 cum
1024 948 1258 1004 arcibus
1287 949 1526 1021 triginta
1554 949 1835 1019 quinque,

447 1037 688 1090 cunctas
719 1034 977 1089 Romano
1009 1036 1276 1091 subdidit
1303 1037 1569 1108 imperio.

676 1166 1227 1224 CONSTANTlNUS
1267 1169 1524 1226 BASILII
1567 1170 1851 1226 FRATER

952 1239 1064 1293 AN.
1107 1240 1177 1294 ΙΙ.
1222 1241 1433 1296 MENS.
1474 1241 1570 1297 VI.

445 1365 761 1432 Postquam
792 1363 1103 1432 grandaeva
1130 1368 1295 1418 aetate
1324 1364 1418 1419 hic
1449 1369 1692 1420 mortem
1726 1366 1887 1435 obiit,

445 1449 862 1505 Constantinus
890 1450 1067 1504 frater
1096 1450 1405 1522 imperium
1437 1453 1653 1521 tenuit;

446 1541 677 1593 vastum
707 1538 945 1607 quidem
977 1554 1189 1610 corpus
1218 1540 1486 1612 viresque
1508 1542 1760 1612 jactans,

448 1626 548 1681 sed
581 1630 777 1681 tamen
808 1627 979 1681 corde
1008 1627 1251 1683 timidus
1281 1635 1337 1683 et
1366 1629 1671 1698 infractus,

450 1713 611 1769 molli
640 1730 865 1770 morum
898 1731 1109 1786 genere
1139 1722 1197 1772 et
1228 1717 1456 1788 ignavo,

448 1802 661 1858 theatri
695 1807 869 1874 atque
898 1803 1037 1860 aleae
1066 1807 1262 1861 studio
1298 1807 1551 1878 deditus,

450 1890 696 1961 deliciis,
728 1907 944 1962 ganeae,
979 1892 1131 1960 vino,
1167 1900 1223 1949 et
1254 1895 1333 1949 rei
1366 1912 1639 1962 venereae,

448 1978 811 2050 voluptatum
844 1982 1199 2052 mancipium
1235 1987 1410 2054 atque
1440 1984 1611 2055 gulae,

450 2067 720 2123 aemulam
753 2068 929 2123 vitam
961 2071 1177 2141 degens
1209 2074 1600 2144 Sardanapalo
1635 2092 1647 2129 :

449 2156 721 2211 Barbaris
751 2158 975 2213 cunctis
1007 2158 1276 2214 hostibus
1305 2159 1578 2229 ludibrio,

448 2260 700 2315 quorum
732 2246 1035 2301 incursum
1066 2247 1221 2302 haud
1255 2249 1435 2303 armis
1468 2250 1765 2322 repellere,

447 2349 554 2388 nec
584 2333 795 2404 gladiis
826 2335 1189 2405 propulsare,
1224 2337 1295 2391 ob
1338 2342 1581 2404 metum,
1612 2340 1871 2406 censuit;

446 2438 646 2477 verum
678 2423 915 2479 tributis
944 2425 1209 2480 subditos
1243 2430 1519 2493 atterens,

449 2510 753 2582 multaque
785 2515 840 2566 et
868 2512 1027 2568 varia
1056 2513 1183 2569 sine
1213 2514 1327 2569 fine
1359 2515 1614 2587 exigens,

451 2600 732 2656 barbaros
764 2600 1091 2656 deleniebat
1122 2603 1407 2657 donorum
1440 2604 1696 2675 cumulo,

453 2688 683 2744 collatis
713 2690 886 2744 etiam
920 2690 1172 2744 summis
1203 2691 1592 2763 dignitatibus
1627 2711 1640 2749 :

453 2778 537 2833 sic
569 2778 955 2833 Barbarorum
989 2778 1270 2849 mitigans
1302 2780 1592 2836 ferociam.

454 2867 779 2923 Calumniis
811 2872 1001 2922 autem
1037 2867 1263 2923 facilem
1298 2886 1497 2924 aurem
1531 2870 1815 2940 praebens,

445 2955 788 3022 iracundiae,
824 2955 1078 3024 invidia),
1116 2956 1468 3027 malignitati
1501 2957 1807 3026 obnoxius,

448 3045 667 3101 multos
698 3044 976 3100 mortales
1008 3046 1277 3116 spoliavit
1306 3048 1459 3117 vita;

447 3134 747 3190 oculorum
782 3133 929 3188 alios
959 3134 1183 3187 orbavit
1213 3134 1435 3188 lumine

441 3222 839 3293 suspicionum
875 3225 1167 3275 momento
1197 3220 1488 3292 impulsus
1520 3220 1648 3276 levi.

442 3311 691 3366 Demum
723 3314 951 3365 senecta
982 3314 1035 3364 et
1068 3309 1288 3365 morbis
1318 3310 1703 3380 conﬂictatus,

429 3400 676 3469 jamque
704 3398 921 3452 instare
951 3415 1195 3454 cernens
1226 3398 1351 3453 vitae
1385 3400 1581 3465 finem,

442 3485 770 3539 Romanum
801 3485 1230 3557 Argyropulum
1262 3487 1581 3555 adoptavit,

440 3573 609 3645 eique
639 3572 821 3628 filiam
853 3573 1147 3644 propriam
1182 3574 1389 3644 nuptui
1422 3573 1600 3641 dedit,

441 3661 613 3733 pulsa
641 3678 744 3733 per
773 3661 973 3716 dolum
1007 3663 1252 3733 conjuge
1282 3662 1562 3733 legitima.

442 3750 583 3804 Exin
615 3750 842 3821 imperii
876 3766 1107 3820 quoque
1139 3752 1367 3821 pondus
1398 3751 1639 3808 tradidit
1672 3771 1684 3808 :

442 3838 719 3909 brevique
749 3838 939 3893 adhuc
968 3844 1287 3910 superstes,
1317 3841 1536 3896 efflavit
1563 3843 1842 3897 animam.

812 3970 1151 4027 ROMANUS
1188 3974 1715 4033 ARGYROPULUS

906 4043 1019 4098 AN.
1061 4043 1107 4096 V
1144 4044 1236 4099 ET
1275 4046 1485 4102 MENS.
1527 4046 1617 4104 VI.

448 4170 743 4223 Romanus
773 4184 907 4239 ergo
939 4170 1315 4224 constituitur
1343 4170 1679 4243 imperator,

445 4257 533 4311 vir
562 4256 773 4326 bonus,
802 4259 953 4327 pius,
988 4256 1288 4312 nobilitate
1319 4257 1540 4327 cluens,

444 4345 771 4400 litterarum
808 4346 1139 4416 artiumque
1170 4347 1394 4401 amicus
1426 4348 1711 4420 omnium,

446 4433 665 4505 publici
696 4433 833 4489 recti
859 4435 1012 4503 juris
1045 4434 1460 4505 peritissimus,

447 4537 695 4577 versurae
726 4538 859 4576 cum
893 4527 1097 4577 mutua
1129 4523 1505 4593 ﬁdejussione
1535 4541 1785 4592 eversor,

448 4626 581 4679 erga
610 4626 819 4678 egenos
850 4627 1053 4666 omnes
1084 4610 1286 4683 largus
1318 4630 1516 4683 opum,

451 4702 507 4754 et
534 4700 896 4768 captivorum
928 4701 1263 4771 redemptor
1296 4700 1699 4771 plurimorum.

453 4786 766 4842 Maximam
798 4786 998 4855 templi
1028 4787 1122 4841 hic
1149 4788 1374 4857 Sophiaa
1405 4790 1666 4845 absidem

456 4877 700 4947 pulchro
732 4878 976 4932 artiﬁcio
1007 4894 1073 4931 ac
1106 4878 1411 4948 splendido
1442 4882 1749 4953 compegit,

456 4964 821 5036 multamque
849 4967 971 5020 auri
1004 4967 1121 5021 vim
1154 4968 1418 5023 attribuit
1449 4969 1697 5037 clericis,

455 5057 513 5108 et
542 5054 842 5124 publicum
874 5055 1139 5111 dissolvit
1168 5050 1251 5111 aes
1277 5057 1555 5113 alienum.

454 5142 613 5198 Idem
646 5143 873 5198 collatis
906 5144 963 5198 in
997 5144 1347 5201 Pboeniciam
1376 5149 1555 5201 armis

453 5234 656 5285 contra
688 5231 1020 5302 fmdifragos
1054 5233 1265 5305 impios
1294 5237 1610 5305 Agarenos,

452 5318 551 5386 qui
584 5317 851 5372 subditas
881 5319 1126 5390 imperio
1162 5323 1338 5376 urbes
1368 5326 1658 5392 ceperant,

449 5409 712 5458 conserta
744 5423 916 5459 manu
953 5409 1229 5477 pugnavit
1258 5409 1584 5477 infeliciter,

450 5495 703 5561 fugaque
733 5494 914 5548 evasit
945 5496 1000 5549 in
1035 5498 1236 5550 urbem
1270 5497 1663 5563 Antiochiam,

447 5586 620 5652 atque
651 5583 810 5637 illinc
842 5592 1025 5638 semet
1054 5586 1300 5639 contulit
1333 5587 1690 5655 Byzantium.

448 5670 583 5724 Dein
619 5670 734 5725 alio
768 5671 998 5742 ingenio
1032 5690 1092 5728 se
1123 5674 1377 5730 ostendit
1408 5675 1735 5747 praeditum,

2107 503 2162 567 Α
2402 492 2513 546 Κάκ
2539 488 2697 547 τοῦδε
2729 488 3008 550 Βασίλειος
3038 484 3343 562 Αὔγουστος
3389 487 3551 563 μέγας

2402 586 2567 635 Πᾶσιν
2603 579 2957 651 ἐπωνόμαστο
2987 577 3485 651 Βουλγαροκτόνος·

2190 669 2330 723 2915
2368 666 2540 723 Ἑλὼν
2576 664 2631 719 δὲ
2663 669 2859 723 Μυσῶν
2885 665 2978 726 τὰς
3009 665 3125 727 καθ’
3158 663 3379 738 ὲσπέραν
3412 663 3600 725 πόλεις

2371 752 2600 829 Ἀχρίδα
2626 753 2715 808 καὶ
2749 755 2977 824 Σκόπια,
3008 748 3356 825 Πρεσθλάϐας
3385 750 3479 806 δύο

2371 843 2481 905 Τάς
2514 842 2567 897 ἐν
2604 840 2841 917 Σαρδικῇ
2873 842 2961 894 καὶ
2994 839 3210 909 Βιδίνης
3244 840 3441 915 χωρία,

2372 931 2475 985 Σὺν
2513 931 2755 1004 [Ιερνίκῳ
2784 929 3017 1005 φρούριά
3048 930 3095 982 θ’
3124 928 3257 983 ἑπτὰ
3285 926 3565 996 πεντάδας,

2369 1018 2550 1074 Πάντα
2577 1017 2903 1087 καθυπὲταξε
2933 1018 3216 1089 Ῥωμαίων
3239 1017 3442 1093 κράτει.

2228 1152 2758 1209 ΚΩΝΣΤΑΝΤΙΝΟΣ
2804 1152 2846 1207 Ο
2888 1152 3209 1207 ΑΔΕΛΦΟΣ
3258 1150 3479 1206 ΑΥΤΟΥ
3518 1152 3626 1206 ΕΤ.
3668 1151 3727 1206 Β“
3768 1170 3799 1213 ς

2190 1365 2332 1420 2920
2370 1362 2581 1420 Τούτου
2616 1361 3049 1435 μεταλλάξαντος
3082 1360 3135 1415 ἰν
3166 1363 3312 1434 γήρᾳ
3345 1361 3460 1435 βίον

2370 1453 2770 1511 Κωνσταντῖνος
2802 1449 3057 1522 σύναιμος
3088 1447 3247 1522 ἄρχει
3274 1453 3370 1503 τοῦ
3394 1450 3646 1521 κράτους,

2369 1545 2564 1614 Ὄγκον
2601 1539 2692 1612 μὲν
2718 1538 2901 1613 αὐχῶν
2930 1538 3236 1611 σωματικὸν
3269 1537 3357 1591 καὶ
3389 1537 3595 1606 σθένος,

2369 1626 2558 1689 Δειλὸς
2590 1626 2646 1681 δὲ
2673 1629 2897 1701 πάμπαν
2927 1625 3173 1702 καρδίαν,
3216 1626 3516 1698 ἀνειμένος,

2372 1719 2575 1778 ’Ίίθους
2604 1717 2856 1793 πεφυκὼς
2892 1715 3175 1788 μαλθακοῦ
3204 1714 3293 1769 καὶ
3328 1713 3592 1790 ῥᾳθύμου,

2112 1830 2160 1895 Β
2191 1806 2332 1863 2925
2370 1809 2754 1879 Θεατρομανῶν
2784 1804 2873 1858 καὶ
2902 1798 3091 1867 κύϐοις
3121 1803 3499 1895 προσανὲχων,

2367 1898 2607 1971 Τρυφαῖς
2636 1915 2713 1964 τε,
2746 1894 2978 1965 κώμοις,
3013 1890 3375 1969 ἀφροδισίοις,
3410 1894 3618 1965 μέθαις,

2362 1980 2746 2045 Ἥδυπαθείαις
2776 1980 3066 2058 ἐντρυφῶν,
3089 1980 3404 2049 συσσιτίοις,

2364 2071 2490 2127 Βίον
2526 2072 2657 2144 βιῶν
2690 2067 2937 2145 ἄντικρυς
2960 2066 3403 2143 Σαρδαναπάλου·

2364 2162 2617 2235 ’Ἂθυρμα
2655 2166 2785 2213 πᾶσι
2818 2154 3123 2234 Βαρϐάροις
3155 2157 3488 2224 ἂντιπάλοις,

2191 2251 2331 2306 2930
2369 2252 2461 2303 Ὧν
2497 2249 2668 2323 ὁρμὰς
2700 2249 2801 2301 οὐκ
2826 2244 3001 2321 ἔκρινε
3027 2244 3136 2301 δεῖν
3161 2245 3356 2307 ὅπλοις
3384 2246 3620 2321 τρέπειν,

2367 2339 2437 2394 Ἢ
2470 2334 2809 2391 συνελαύνειν
2844 2340 2977 2411 σφᾶς
3011 2334 3146 2411 ξίφει
3177 2335 3312 2408 πρὸς
3346 2332 3571 2388 δειλίαν·

2368 2423 2668 2494 Ὑπηκόους
2701 2421 2756 2477 δὲ
2785 2422 3188 2495 καλαμώμενος
3220 2421 3408 2498 φόροις
3445 2412 3459 2423 ’

2370 2511 2695 2586 Είσπράξεσί
2724 2534 2781 2567 τε
2810 2509 3179 2572 παντοδαπαῖς
3210 2510 3470 2585 συχνάκις

2373 2600 2676 2674 Ἐδεξιοῦτο
2709 2599 2939 2676 δωρεαῖς
2969 2606 3100 2677 σφᾶς
3132 2598 3407 2675 ἀφθόνοις,

2190 2693 2334 2748 2935
2372 2694 2492 2747 Τῶν
2527 2691 2849 2763 ἀξιωμάτων
2875 2710 2934 2743 τε
2961 2694 3078 2749 τοῖς
3109 2688 3442 2763 ὑπερτᾶτοις·

2370 2778 2526 2835 Οὒτω
2557 2782 2887 2851 κατεπράϋνε
2918 2772 3214 2851 Βαρϐάρων
3249 2776 3462 2851 θράσος.

2370 2862 2663 2929 Διαϐολαῖς
2693 2863 2739 2919 δ’
2768 2864 3004 2920 εῦεικτον
3036 2866 3125 2925 οῦς
3154 2865 3220 2933 ἦν
3258 2865 3500 2939 ὑπέχων,

2370 2957 2610 3023 Ἦττητο
2644 2956 2818 3025 θυμοῦ
2847 2955 2935 3007 καὶ
2968 2954 3166 3031 φθόνου
3197 2954 3283 3007 καὶ
3317 2952 3528 3015 κακίας·

2372 3044 2527 3097 Ταῦτ’
2556 3041 2657 3117 ἄρα
2690 3041 2937 3103 πολλοὺς
2969 3042 3223 3117 ἐστέρησε
3249 3046 3344 3096 τοῦ
3378 3042 3524 3118 βίου,

2194 3133 2336 3203 2940
2375 3128 2593 3186 ’Ἃλλων
2628 3126 2675 3183 δ’
2705 3129 2916 3201 ἐπήρου
2944 3129 3038 3191 τὰς
3069 3132 3232 3203 κόρας
3262 3134 3367 3184 τῶν
3402 3128 3664 3203 ὀμμάτων

2366 3220 2448 3289 Ἐξ
2484 3217 2741 3279 ὑπονοίας
2775 3218 2861 3271 καὶ
2887 3216 3058 3289 ψιλῆς
3092 3217 3341 3291 ὑποψίας.

2367 3307 2517 3361 Ἐπεὶ
2553 3304 2609 3359 δὲ
2639 3308 2953 3380 τετρύχωτο
2979 3308 3121 3380 γήρᾳ
3150 3308 3237 3361 καὶ
3269 3306 3477 3375 νόσοις,

2372 3396 2471 3448 Καὶ
2501 3393 2747 3467 καθεώρα
2775 3392 3148 3467 προσδόκιμον
3181 3394 3242 3447 τὸ
3278 3394 3494 3468 μέτρον,

2370 3480 2816 3557 Ἀργυρόπουλον
2848 3483 3123 3554 Ῥωμανὸν
3157 3477 3593 3556 προσλαμϐάνει,

2193 3572 2337 3625 2945
2376 3571 2474 3624 Καὶ
2504 3567 2647 3641 τῷδε
2681 3570 2942 3641 συνῴκισε
2971 3570 3068 3636 τὴν
3103 3570 3388 3644 θυγατέρα,

2374 3658 2533 3729 Δόλῳ
2561 3658 2812 3732 γυναικὸς
2842 3664 2941 3727 τῆς
2973 3659 3211 3730 νομίμου
3244 3657 3508 3732 χωρίσας.

2360 3748 2491 3803 Εἶτα
2522 3743 2863 3821 παραδίδωσι
2890 3746 2980 3799 καὶ
3019 3745 3377 3819 κραταρχίαν·

2362 3828 2645 3895 Ἐπιϐιοὺς
2679 3830 2736 3887 δὲ
2762 3830 2947 3887 τοῖσδε
2980 3833 3196 3907 μικρὸν,
3230 3831 3457 3889 ἐκπνὲει.

2349 3965 2671 4021 ΡΩΜΑΝΟΣ
2710 3966 2752 4022 Ο
2792 3965 3325 4021 ΑΡΓΥΡΟἩΟΥΛΟΣ
3363 3965 3460 4019 ΕΓ.
3502 3965 3576 4022 Ε’.
3620 3985 3671 4027 ς.

2116 3183 2158 3247 C

2370 4177 2689 4231 Καθίσταται
2724 4174 2780 4230 δὲ
2808 4177 3083 4246 Ῥωμανὸς
3114 4175 3486 4250 αὐτοκράτωρ,

2187 4267 2333 4321 2950
2369 4266 2533 4338 Ἀνὴρ
2567 4265 2784 4338 ἀγαθὸς,
2816 4260 3061 4331 εὐσεϐὴς,
3096 4261 3445 4337 εὐπατρίδης,

2370 4352 2547 4427 Λόγον
2581 4352 2792 4426 ἑταῖρος
2822 4351 2911 4405 καὶ
2943 4351 3145 4425 τέχνης
3175 4350 3485 4425 ἐγκυκλίου,

2371 4444 2492 4498 Τῶν
2521 4438 2799 4513 δημοσίων
2828 4440 3037 4514 εὐαγῶν
3071 4437 3209 4513 ἴδρις
3242 4439 3451 4512 νόμων,

2114 4539 2160 4605 D
2367 4528 2713 4604 Εἶσπράξεως
2745 4526 2967 4603 ὄλεθρος
3006 4526 3412 4602 ἀλληλεγγύου,

2373 4617 2728 4693 Εὐεργετικὸς
2758 4618 3157 4692 ἀπορουμένοις
3190 4614 3366 4684 ὅλοις,

2196 4708 2336 4764 2955
2376 4706 2745 4783 Δορυαλώτων
2782 4704 3197 4781 δυσαριθμήτων
3232 4702 3402 4774 λύτης

2374 4800 2519 4850 Ναοῦ
2553 4794 2751 4871 Σοφίας
2780 4801 2878 4863 τῆς
2913 4793 3172 4868 μεγίστης
3198 4790 3391 4865 ἀψίδος

2371 4883 2705 4957 Εὐμήχανός
2735 4905 2815 4944 τις
2846 4882 3142 4960 φιλόκιμος
3173 4878 3449 4951 συνδέτης,

2370 4976 2584 5045 Χρυσοῦ
2616 4972 2857 5046 χορηγὸς
2889 4970 3120 5045 ἀφθόνου
3148 4967 3574 5043 κληρουμένοις,

2373 5063 2579 5116 Κοινῶν
2614 5060 2790 5134 χρεῶν
2826 5059 2997 5126 λύτης
3027 5078 3083 5110 τε
3112 5058 3199 5110 καί
3229 5054 3393 5126 δότης
3424 5055 3611 5112 πάλιν.

2190 5150 2331 5204 2960
2371 5149 2540 5207 Οὗτος
2570 5146 2889 5221 στρατεύσας
2916 5146 3050 5198 κατὰ
3077 5148 3184 5197 τῶν
3220 5143 3270 5199 ἐν
3306 5144 3530 5217 Φοινίκῃ

2373 5233 2618 5297 Σπονδὰς
2643 5234 2918 5288 λυσάντων
2952 5234 3262 5307 Ἀγαρηνῶν
3297 5233 3465 5295 ἀθὲων

2368 5324 2562 5384 Πόλεις
2594 5325 2639 5385 θ’
2673 5323 2905 5377 ἑλόντων
2938 5322 3034 5382 τὰς
3069 5320 3339 5391 ὑπηκόνυς
3370 5320 3549 5395 κράτει

2368 5413 2463 5466 Καὶ
2503 5411 2841 5483 συμπλακεὶς
2872 5409 3077 5479 ἥττητο
3109 5406 3385 5469 δυσκλεῶς
3417 5429 3584 5486 σφισι.

2365 5502 2458 5555 Καὶ
2495 5498 2726 5567 διεσώθη
2762 5500 2897 5574 πρὸς
2930 5497 3091 5551 πόλιν
3126 5496 3437 5569 ’Λντιόχου,

2182 5593 2324 5645 2965
2364 5590 2611 5651 Κάκεῖθεν
2646 5588 2910 5656 ἀνέζευξεν
2945 5585 3017 5646 εἷς
3054 5584 3470 5638 Κωναταντίνου·

2360 5677 2462 5735 Καὶ
2496 5677 2689 5733 λοιπὸν
2724 5674 3003 5747 ἠλλοίωτο
3036 5675 3258 5747 γνώμην
3291 5674 3387 5742 τὴν
3420 5672 3612 5742 πάλαι,

3730 359 3833 416 120
