4132 6300
315 396 415 452 121

492 522 592 575 Καὶ
622 523 827 586 πάντας
858 520 1097 596 ἐξέθλιϐε
1124 526 1251 591 τοὺς
1284 530 1559 599 ὑπηκόους

494 609 827 685 Εΐσπράζεσι
858 614 1041 687 φόρων
1071 636 1128 669 τε
1160 612 1381 688 δασμῶν
1413 616 1681 688 ἐκτόπων,

496 698 850 769 Δεικνύμενος
879 701 1134 776 πράκτωρ
1165 724 1267 774 τις,
1302 704 1401 759 οὐκ
1429 705 1801 781 αὐτοκράτωρ,

306 788 457 842 2970
498 788 696 861 Πικρὸς
730 788 991 863 λογιστὴς
1020 791 1282 868 εἰσφορῶν
1314 795 1402 848 καὶ
1430 796 1701 865 παιπάλη,

498 879 680 933 Ταῦτα
712 874 767 931 δὲ
796 880 971 933 πάντα
999 879 1087 934 καί
1117 887 1306 956 μακρῷ
1329 885 1534 938 τούτων
1564 884 1715 939 πλέω

496 968 673 1018 Κενῶν
709 966 925 1041 ὑπῆρχε
953 969 1042 1021 καὶ
1074 966 1320 1025 δαπανῶν
1353 972 1651 1041 πλουσίως,

491 1052 579 1107 Ἐν
604 1053 649 1123 ᾧ
678 1051 1036 1129 καθιδρύσατο
1068 1056 1298 1129 σεμνείῳ
1328 1059 1457 1131 ξένῳ

492 1142 576 1215 Τῇ
612 1140 1007 1217 μητρανάνδρῳ
1033 1145 1122 1197 καὶ
1149 1142 1496 1219 περιϐλέπτῳ
1528 1149 1697 1223 Κόρῃ,

311 1230 458 1285 2975
498 1231 664 1307 ᾯπερ
696 1231 1025 1303 καθυπέταξε
1048 1235 1264 1302 κτήσεις
1284 1236 1605 1313 παμφόρους

492 1316 689 1378 Πόλεις
717 1319 784 1373 τὰ
811 1318 1027 1381 πολλὰς
1059 1320 1148 1374 καὶ
1175 1321 1371 1397 φόρους
1405 1323 1675 1393 ἐτησίους,

494 1406 591 1459 Καὶ
625 1403 837 1481 πλέθρα
864 1414 966 1482 γῆς
997 1408 1309 1480 πάμπολλα
1336 1412 1425 1465 καὶ
1455 1410 1711 1475 πλείστας
1758 1411 1957 1487 δόσεις,

491 1494 670 1547 Πάντα
704 1501 981 1565 μοναστῶν
1015 1496 1373 1567 ἀκατάλληλα
1407 1500 1531 1574 βίῳ.

489 1582 663 1645 Οὗτος
692 1591 1017 1657 στρατηγοῖς
1049 1583 1319 1658 ἀνδρικοῖς
1353 1587 1727 1665 βουληφόροις

302 1671 452 1726 2980
488 1670 597 1726 Καὶ
624 1672 1035 1747 ταγματάρχαις
1068 1681 1309 1737 συνετοῖς
1338 1678 1682 1750 κεχρημένος

493 1759 865 1831 Στρατεόματί
893 1781 952 1815 τε
979 1767 1211 1833 ναυτικῷ
1242 1760 1515 1838 ῥωμαλέῳ

486 1846 661 1906 Νίκας
681 1848 984 1919 κατώρθαυ,
1025 1850 1423 1924 κατεναυμάχει
1454 1849 1702 1911 στόλους’

484 1933 584 1989 Καὶ
614 1936 711 2007 γάρ
741 1937 1146 2012 κατακείρουσιν
1180 1937 1230 1993 ἐν
1276 1940 1432 2014 βαρεῖ
1460 1937 1641 2011 στόλῳ

480 2024 612 2085 Τοῖς
639 2025 957 2098 Ἀγαρηνοῖς
986 2024 1267 2100 Ἰλλυρικά
1295 2028 1496 2101 χωρία,

296 2113 446 2168 2985
482 2112 590 2167 Καὶ
623 2109 787 2186 δρῶσι
817 2118 997 2175 κακῶς
1025 2116 1120 2177 τὰς
1152 2116 1262 2170 ἐκεῖ
1283 2117 1473 2188 κώμας
1502 2118 1718 2191 πόλεις,

478 2200 791 2273 Ῥωμαϊκός
818 2223 899 2264 τις
933 2202 1173 2278 ἐντυχὼν
1206 2205 1353 2281 σφίσι
1384 2204 1576 2268 στόλος

480 2288 855 2366 Πυρίφλεκτον
890 2292 1038 2369 σφῶν
1070 2290 1410 2347 ἀποδεικνύει
1444 2292 1661 2349 στόλον’

477 2379 575 2432 Καὶ
603 2376 768 2433 πάλιν
802 2377 976 2441 ἄλλος
1007 2400 1089 2441 τις
1121 2379 1404 2454 χιλιόναυς
1435 2381 1630 2446 στόλος

477 2466 563 2537 Ἐξ
593 2466 857 2543 Ἀφρικῆς
886 2464 1111 2522 ἔπλευσε
1138 2469 1232 2529 τὰς
1265 2470 1462 2538 νήσους
1495 2468 1730 2544 φλέγων.

304 2554 442 2609 2990
479 2553 578 2607 Καὶ
602 2558 708 2615 πᾶς
743 2553 939 2628 μικροῦ
964 2554 1236 2632 πέφλεκτο
1262 2557 1550 2628 Ῥωμαίων
1581 2558 1783 2633 στόλῳ,

475 2643 570 2702 ’ος
600 2642 995 2716 αἰχμαλώτους
1026 2642 1137 2699 εἷλε
1167 2647 1555 2709 πεντακοσίους

475 2730 579 2785 Καὶ
612 2727 867 2802 δεσμίους
894 2730 1178 2809 πέπομφεν
1208 2733 1283 2795 εἰς
1308 2734 1622 2803 Βυζαιτίδα.

471 2822 590 2871 Τῶν
623 2819 761 2894 πρὸς
792 2817 839 2873 δ’
870 2822 1124 2897 Εὐφράτῃ
1156 2821 1418 2894 κειμένων
1444 2844 1541 2897 περ
1574 2826 1772 2881 ἀστέων

472 2909 785 2983 Στρατηγὸς
817 2907 1104 2983 ἐκράτησεν
1135 2908 1390 2981 Ἐδέσσης
1425 2914 1596 2988 μάχῃο

296 2996 442 3051 2995
478 2997 575 3057 ⁸ος
608 2995 939 3072 αὐτόγραφον
968 2998 1055 3052 καὶ
1087 3000 1379 3077 θεόγραφον
1412 3002 1578 3057 πλέον

472 3083 657 3157 Εὐρὼν
690 3083 1002 3140 ἐπιστόλιον
1035 3090 1268 3161 Χριστοῦ
1301 3088 1571 3144 Δεσπότου
1602 3094 1714 3165 (43)

471 3169 701 3227 Στέλλει
736 3171 953 3247 βασιλεῖ
978 3171 1150 3249 δῶρον
1183 3177 1558 3250 ἠγαπημένον,

473 3259 677 3315 Τούτου
708 3265 1058 3336 κρατοῦντος,
1088 3269 1191 3337 γῆς
1222 3262 1418 3327 κλόνος
1447 3286 1528 3328 τις
1563 3262 1779 3338 συνέϐη,

464 3352 530 3426 ’ῼ
560 3347 747 3403 πολλά
777 3352 1072 3425 κατήρειπε
1098 3355 1204 3406 τῶν
1242 3350 1597 3426 δομημάτων.

278 3438 430 3493 3000
465 3439 719 3492 Ἀπαντα
750 3438 1019 3513 λαμπρῶς
1050 3439 1345 3495 ἀνεκαίνισε
1374 3442 1611 3517 κράτωρ·

472 3524 627 3582 Ἐπεὶ
657 3523 714 3578 δὲ
745 3530 899 3598 μῖτος
925 3531 1020 3581 τοῦ
1055 3527 1175 3603 βίου
1195 3524 1429 3583 κέκοπτό
1460 3532 1517 3584 οἱ

472 3613 633 3685 Νόσῳ
660 3614 870 3669 τακέντι
897 3615 1124 3690 ποικίλῃ
1159 3612 1513 3694 φθισιϐρότῳ.

596 3744 876 3801 ΜΙΧΑΗΛ
914 3746 958 3800 Ο
998 3744 1375 3800 ΙΙΑΦΛΑΓΩΝ
1412 3749 1525 3804 ET.
1565 3755 1634 3805 Z’.

471 3866 593 3933 Ζωή
632 3863 847 3941 βασιλὶς
872 3863 1099 3922 δεικνύει
1136 3866 1364 3942 βασιλέα

465 3955 569 4008 Τὸν
598 3951 755 4022 τῆσδ’
783 3953 1011 4029 ἐραστὴν
1044 3953 1276 4029 Μιχαὴλ
1312 3958 1656 4034 Παφλαγόνα,

282 4044 432 4098 3005
468 4043 685 4116 Ὦραῖον
716 4038 839 4115 ὄψιν
876 4042 1113 4118 εὐπρεπῆ
1148 4045 1496 4118 κεκασμένον,

464 4134 575 4200 Τῆς
604 4130 814 4205 φύσεως
846 4129 1095 4207 ἄντικρυς
1124 4130 1343 4207 ἄγαλμα
1374 4136 1538 4204 ξένον·

463 4220 605 4293 Πρὸς
640 4216 686 4273 δ’
715 4220 780 4273 αὗ
809 4224 1069 4294 ψυχικαῖς
1100 4222 1311 4296 ἀρεταῖς
1338 4224 1678 4297 ἠνθισμένον,

461 4308 715 4381 Ἀγαθὸν,
750 4307 1109 4379 εὐέντευκτον,
1136 4308 1323 4383 ἱλαρὸν
1360 4312 1614 4384 τρόπους.

460 4395 647 4468 Τούτῳ
674 4395 736 4450 τὸ
764 4396 971 4459 κάλλος
998 4400 1242 4473 προξενεῖ
1269 4402 1498 4475 κράτους
1535 4404 1744 4482 στέφος.

276 4485 421 4542 3010
459 4484 652 4546 Γένους
680 4484 781 4560 γὰρ
813 4484 973 4563 ἐκφὺς
1002 4485 1231 4542 εὐτελῶν
1264 4489 1351 4543 καὶ
1382 4490 1713 4565 ξυγκλύδων·

466 4570 714 4634 Κάλλους
746 4570 792 4627 δ’
823 4572 966 4648 ἔχων
1001 4572 1057 4628 εὖ
1086 4576 1175 4629 καὶ
1218 4575 1401 4648 μελῶν
1428 4578 1737 4655 εὐκοσμίας,

467 4660 777 4736 Ἑρώμενος
808 4658 1046 4717 δέδεικτο
1075 4670 1174 4733 τῆς
1199 4663 1508 4741 βασιλίδος,

466 4750 759 4813 Κάντεῦθεν
791 4749 1073 4820 ἀνήνεκτο,
1105 4752 1345 4826 καθάπαξ
1378 4755 1557 4832 φάναι,

463 4837 557 4899 Εἰς
588 4837 723 4911 ὕψος
756 4840 869 4892 οἷον
902 4840 992 4894 καὶ
1029 4841 1218 4916 θρόνον
1254 4844 1610 4919 κραταρχίας.

281 4928 427 4983 3015
464 4924 621 4994 Πλὴν
648 4924 807 4998 γνοὺς
838 4926 1116 4999 Ῥωμανὸς
1150 4930 1223 4990 ὡς
1260 4930 1385 4999 ἐνῆν
1415 4934 1765 5007 πεπραγμένα

466 5016 583 5068 Ἔτι
613 5014 814 5090 περιὼν
847 5016 936 5070 καὶ
966 5022 1175 5091 κρατῶν
1207 5019 1263 5072 εὗ
1294 5022 1390 5072 τοῦ
1420 5021 1667 5094 κράτους,

463 5101 677 5164 ΙΙίστεις
706 5104 947 5179 παρέξειν
984 5107 1194 5181 δρκίοις
1225 5104 1542 5184 φρικαλέοις

468 5190 705 5265 Μιχαὴλ
734 5192 1007 5267 ἠνάγκασε
1047 5193 1215 5266 μηδὶν
1254 5193 1471 5265 εἰδέναι,

464 5279 523 5331 Ὀ
555 5276 601 5332 δ’
632 5279 864 5342 εὐπετῶς
895 5279 1116 5357 δέδρακε
1150 5285 1225 5353 μὴ
1261 5281 1435 5348 δείσας
1468 5284 1646 5357 δίκην·

293 5367 431 5424 3020
470 5368 629 5424 Ὅθεν
661 5389 712 5421 τι
744 5366 1048 5443 δαιμόνιον,
1079 5372 1153 5433 ὡς
1179 5369 1361 5426 Σαοὺλ
1387 5374 1578 5448 πάλαι,

505 5518 776 5611 intelligo
789 5522 1091 5611 epistolam
1121 5524 1191 5611 εξπά
1213 5525 1509 5611 Abgarum
1536 5545 1742 5611 regem.
1753 5532 1931 5611 E1993.

285 5603 528 5661 senum;
564 5606 696 5661 quas
726 5595 1005 5647 recitatur
1034 5595 1105 5648 ab
1134 5595 1384 5651 Eusebio
1406 5595 1744 5657 Caesariensi
1778 5604 1928 5661 Hist.

287 5660 339 5725 1,
368 5662 451 5729 i3,
485 5667 547 5718 et
576 5660 609 5716 ἁ
635 5662 790 5718 Mose
822 5666 1095 5720 Armenio
1131 5668 1278 5721 Hist.
1314 5668 1381 5736 II,
1414 5672 1502 5727 29.
1537 5674 1928 5737 Quamobrem

1838 408 2195 463 CBBARBS.

1988 532 2041 601 Α
2071 532 2411 604 cunctisque
2442 534 2633 605 gravis
2660 532 2833 604 coepit
2861 547 2986 589 esse
3014 530 3287 598 subditis,

2067 621 2318 678 insolitis
2346 622 2698 678 tributorum
2732 621 3154 687 coactionibus,

2066 715 2297 765 exactor
2328 711 2486 765 visus
2520 712 2713 782 potius
2743 727 2921 780 quam
2954 711 3291 779 imperator,

2068 799 2429 868 acerbusque
2459 804 2707 869 quaestor
2737 803 2793 852 et
2822 796 3180 868 persubtilis.

1998 884 2011 895 '
2065 884 2180 940 Has
2212 890 2405 940 tamen
2438 902 2643 940 omnes
2675 885 2979 955 multoque
3011 883 3206 953 plures
3237 897 3374 954 opes

2065 974 2407 1045 magnificas
2437 975 2640 1028 effudit
2670 974 2729 1028 in
2756 974 3078 1043 impensas,

2064 1063 2204 1116 dum
2237 1063 2638 1116 sanctuarium
2669 1067 2988 1116 exstrueret
3018 1075 3232 1114 novum

2064 1150 2288 1220 Virgini
2319 1148 2482 1203 Matri
2514 1151 2853 1203 venerandae
2884 1148 3174 1213 Dominis;

2062 1237 2154 1292 cui
2188 1238 2484 1292 fructuosa
2510 1236 2772 1291 attribuit
2802 1236 3033 1307 praedia,

2062 1324 2496 1395 multarumque
2526 1324 2758 1380 urbium
2791 1340 3019 1379 annuos
3051 1321 3293 1391 reditus,

2060 1414 2160 1467 sed
2188 1414 2396 1483 jugera
2427 1413 2613 1467 multa
2642 1429 2708 1467 ac
2739 1414 2892 1467 dona
2916 1412 3191 1482 plurima,

2060 1515 2187 1569 quas
2219 1516 2310 1555 res
2342 1500 2643 1554 monachis
2674 1517 2789 1554 non
2816 1503 2983 1554 erant
3012 1514 3301 1568 congruae.

2060 1587 2328 1643 Fortibus
2358 1588 2511 1643 idem
2546 1594 2603 1643 et
2633 1587 2961 1643 consiliosis
2994 1587 3243 1640 ducibus

2059 1676 2321 1747 catisque
2350 1676 2527 1731 simul
2559 1681 2727 1731 utens
2758 1674 3222 1739 centurionibus,

2057 1765 2313 1835 pedestri
2340 1766 2556 1835 pariter
2586 1766 2936 1835 nauticoque
2966 1764 3219 1818 exercitu

1980 1887 2028 1953 B
2056 1852 2280 1921 valens,
2310 1852 2508 1908 felices
2530 1853 2739 1919 iretulit
2768 1852 3055 1907 victorias.

2059 1942 2200 1995 Cum
2234 1941 2390 1995 enim
2422 1942 2673 2011 Agareni
2704 1941 2927 2011 ingenti
2960 1940 3147 1995 classe

2057 2044 2190 2085 oras
2221 2028 2500 2084 haberent
2529 2030 2771 2084 infestas
2806 2028 3008 2099 Illyrii,

2056 2117 2350 2187 urbesque
2381 2117 2613 2172 damnis
2642 2123 2696 2171 et
2730 2133 2906 2187 pagos
2930 2115 3246 2183 afﬁcere-nt,

2054 2203 2147 2260 his
2178 2204 2590 2275 superveniens
2622 2205 3017 2259 Romanorum
3047 2203 3251 2257 classis

2053 2292 2298 2348 hostiles
2330 2309 2503 2349 naves
2533 2291 2859 2364 assumpsit
2889 2291 3180 2346 incendio.

2054 2380 2279 2435 Rursus
2311 2380 2468 2435 mille
2497 2382 2731 2435 navium
2764 2381 2997 2435 advenit
3026 2378 3228 2433 classis

2052 2484 2122 2522 ex
2152 2467 2343 2522 Africa
2374 2484 2476 2538 per
2504 2468 2730 2522 insulas
2758 2469 3026 2522 incendia
3050 2469 3303 2537 jactans.

2052 2556 2161 2610 Sed
2195 2572 2396 2627 parum
2430 2556 2616 2609 abfuit
2646 2555 2788 2626 quin
2821 2571 3051 2610 omnem
3085 2554 3519 2609 inﬂammarent

2050 2644 2321 2711 Romani,
2354 2645 2452 2717 qui
2485 2649 2763 2716 ceperunt
2794 2644 3147 2715 quingentos
3179 2642 3420 2711 milites,

2048 2734 2371 2805 vinclisque
2399 2740 2643 2790 onustos
2676 2736 2965 2789 miserunt
2994 2734 3357 2806 Byzantium.

2050 2822 2198 2888 Quin
2231 2827 2288 2877 et
2317 2824 2384 2877 ad
2418 2823 2591 2877 urbes
2622 2822 3009 2893 Euphratides
3043 2823 3260 2877 missus

2050 2911 2167 2965 dux
2196 2911 2434 2981 quidam
2470 2910 2666 2982 praelio
2698 2912 2970 2965 Edessam
3005 2910 3157 2980 cepit
3190 2928 3202 2965 :

2048 2999 2247 3069 ibique
2276 2999 2732 3071 autographum,
2766 2999 2882 3054 imo
2915 2998 3337 3070 tbeographum

2048 3091 2342 3157 repertum
2376 3087 2589 3143 Christi
2624 3086 2850 3142 Domini
2876 3086 3211 3158 epistolium

2048 3175 2265 3230 donum
2297 3175 2701 3245 gratissimum
2733 3175 2893 3231 misit
2918 3177 2989 3230 ad
3022 3175 3327 3230 Caesarem.

1973 3241 2017 3309 δ
2045 3267 2164 3318 Hoc
2191 3241 2516 3334 imperante
2542 3270 2709 3318 terrae
2741 3271 2937 3320 motus
2965 3264 3193 3331 accidit,

2050 3368 2164 3423 quo
2196 3352 2504 3407 domorum
2535 3367 2816 3406 numerus
2849 3353 3055 3423 ingens
3086 3352 3326 3421 corruit,

2047 3456 2195 3509 quas
2221 3456 2424 3496 omnes
2456 3440 2773 3496 liberaliter
2803 3440 3002 3495 refecit
3031 3440 3238 3496 Cassar.

2046 3528 2193 3583 Exin
2223 3529 2422 3583 tabido
2452 3530 2655 3584 morbo
2683 3527 3029 3583 multiformi

2046 3616 2211 3671 ﬁlum
2243 3617 2514 3689 abrumpi
2548 3618 2658 3673 sibi
2689 3618 2819 3674 vitae
2851 3618 3053 3673 sensit.

2327 3748 2644 3803 MICHAEL
2681 3750 3102 3805 PAPHLAGON
3140 3750 3235 3805 AN
3273 3750 3399 3806 VII.

2043 3871 2195 3926 Tum
2226 3874 2332 3926 Zoe
2361 3870 2562 3942 regina
2593 3872 2876 3927 Caesarem
2914 3873 3057 3927 dixit

2043 3960 2332 4013 amasium
2365 3975 2538 4014 suum
2571 3958 2909 4014 Michaelem
2946 3960 3374 4032 Paphlagonem

2039 4046 2293 4101 formoso
2323 4048 2489 4101 vultu
2518 4050 2879 4117 venustoque
2914 4050 3241 4119 praeditum,

2036 4150 2226 4189 rarum
2259 4139 2479 4189 natura
2510 4134 2688 4189 veluti
2720 4135 3067 4207 figmentum
3108 4154 3120 4191 :

2033 4221 2278 4294 insuper
2307 4221 2484 4277 animi
2519 4223 2820 4279 ﬂorentem
2852 4225 3192 4295 virtutibus,

2031 4311 2250 4366 bonum
2275 4313 2333 4366 et
2360 4327 2579 4367 comem
2614 4315 2672 4366 et
2697 4313 2957 4368 moribus
2986 4312 3254 4369 hilarem.

2034 4400 2175 4455 Huic
2205 4400 2394 4455 forma
2422 4401 2648 4456 scilicet
2686 4402 2911 4471 regium
2946 4406 3197 4457 stemma
3226 4402 3498 4472 contulit,

2029 4488 2128 4543 vili
2160 4503 2413 4560 namque
2445 4489 2627 4559 stirpe
2658 4488 2999 4561 plebeiaque
3031 4495 3155 4545 erat
3187 4508 3200 4546 :

1962 4596 2011 4659 Ι)
2054 4579 2154 4634 sed
2181 4581 2484 4633 venustate
2514 4580 2794 4649 praestans
2826 4582 3000 4649 atque
3033 4578 3317 4650 elegantia

2041 4682 2299 4722 amorem
2332 4666 2441 4721 sibi
2475 4666 2681 4736 reginae
2712 4666 3062 4733 conciliavit,

2041 4759 2216 4826 atque
2245 4754 2382 4809 hinc
2414 4754 2767 4821 conscendit,
2803 4758 2867 4808 ut
2895 4753 3143 4809 strictim
3176 4756 3390 4825 dicam,

2038 4847 2269 4898 tantum
2302 4843 2361 4897 in
2396 4841 2692 4913 fastigium
2726 4842 3004 4914 regnique
3034 4843 3335 4901 thronum.

2040 4932 2219 4995 Quem
2252 4948 2384 4987 cum
2415 4946 2673 4987 amorem
2707 4932 3003 4989 Romanus
3033 4935 3381 5004 rescivisset,

2040 5024 2339 5091 superstes
2370 5020 2561 5075 adhuc
2590 5026 2647 5075 et
2676 5020 2987 5091 imperium
3019 5023 3297 5095 retinens,

2041 5113 2408 5165 sacramento
2439 5109 2714 5164 astrinxit
2745 5110 3083 5166 Michaelem

2042 5201 2106 5252 ut
2129 5198 2450 5253 afﬁrmaret
2480 5197 2625 5253 nihil
2656 5213 2716 5254 se
2746 5198 2862 5255 tale
2892 5200 3059 5255 scire.

2041 5284 2142 5341 Ille
2166 5285 2390 5357 juravit
2419 5286 2605 5358 facile,
2636 5287 2790 5342 haud
2824 5304 3028 5344 verens
3060 5289 3266 5345 Deum.

2042 5375 2431 5439 Quamobrem
2462 5377 2685 5431 daemon
2720 5377 2949 5433 irruens
2982 5378 3040 5432 in
3073 5379 3294 5449 ipsum,

2040 5550 2132 5588 res
2172 5535 2417 5609 quidem
2462 5535 2693 5609 jamdiu
2739 5537 3071 5609 notissima,
3099 5542 3247 5603 erat;
3308 5537 3674 5609 Ephremius

2040 5610 2233 5680 autem
2268 5605 2524 5676 loquitur
2565 5608 2634 5661 dc
2682 5608 2810 5678 ipso
2843 5608 2912 5675 (si
2946 5608 3179 5665 credere
3228 5610 3315 5665 fas
3356 5605 3469 5680 est)
3503 5615 3670 5666 auto-

2038 5677 2279 5747 grapho.

3600 402 3705 458 122
