4132 6300
361 319 459 377 125

524 442 637 498 Εἶτ’
668 439 958 496 ἀπελαύνει
987 443 1094 497 τῶν
1121 443 1427 519 ἀνακτόρων
1464 447 1557 521 βίᾳ

527 529 819 585 Δέσποιναν
848 530 1011 585 αὐτοῦ
1040 532 1223 607 κυρίαν
1258 533 1547 609 εὐεργέτιν.

526 617 706 693 Κείρει
739 640 796 673 τε
824 619 1021 691 ταύτην
1049 620 1138 676 καὶ
1163 621 1471 681 κατακλείει
1503 622 1657 686 τέλος

345 709 491 764 3080
528 709 698 779 Νήσῳ
730 708 1057 783 Πριγκίπου,
1091 713 1446 787 συκοφαντίας
1478 711 1722 775 πλάσεις.

524 798 593 852 Ἀ
622 793 796 868 δῆμον
829 796 1051 868 ἐξέμηνε
1084 798 1319 870 μαθόντα
1346 798 1492 854 τάδε·

525 884 622 939 Καὶ
651 889 730 955 τῷ
755 885 981 959 τυχόντι
1016 884 1185 956 δεξιὰν
1218 893 1321 948 πᾶς
1355 888 1584 951 ὁπλίσας

522 973 609 1036 Ὠς
640 980 846 1046 σμῆνος
874 977 989 1029 οἷον
1020 976 1126 1029 τῶν
1164 973 1435 1048 μελισσῶν
1478 972 1675 1034 συνέθει

523 1064 645 1118 Τῶν
680 1061 969 1136 βασιλείων
998 1062 1121 1126 εὐθὺ
1154 1064 1245 1119 σὺν
1265 1066 1560 1139 προθυμίᾳ.

341 1152 486 1207 3085
523 1150 821 1225 Ἀνερῥάγη
855 1155 984 1225 γοῦν
1016 1151 1283 1229 ἐμφύλιός
1314 1175 1394 1216 τις
1430 1155 1606 1229 μάχη,

524 1238 620 1293 Καὶ
648 1238 861 1308 πλῆθος
894 1240 954 1293 ού
992 1241 1284 1316 βράχιστον
1314 1241 1364 1295 ἐν
1394 1241 1515 1309 τῆδ⁹
1549 1242 1771 1320 ἐφθάρη.

517 1327 662 1389 Τέως
692 1326 921 1401 Μιχαὴλ
953 1327 1248 1404 ἀπορηθεὶς
1267 1335 1384 1392 τοῖς
1406 1330 1560 1394 ὅλοις

515 1413 698 1471 Πέλαν
728 1436 781 1469 τι
809 1410 1099 1488 τριϐώνιον
1130 1415 1281 1480 ἐνδύς
1320 1418 1523 1482 ἀθλίως

517 1505 675 1578 Μονῇ
701 1501 963 1558 Στουδίου
994 1509 1422 1581 προσπεφευγὼς
1446 1509 1631 1578 ἱκέτης

328 1594 479 1648 3090
514 1590 791 1647 Ὑπεισέδυ
814 1593 1081 1662 τράπεζαν
1113 1592 1463 1669 ἱλαστηρίου·

512 1682 617 1743 Ἦς
644 1675 963 1744 ἐκϐαλόντες
990 1681 1345 1760 ἐκτυφλοῦσιν
1377 1682 1599 1749 ἀθλίως·

513 1770 814 1841 Χειρίζεται
849 1768 906 1825 δὲ
938 1768 1063 1834 δυὰς
1092 1774 1126 1841 ἡ
1158 1776 1264 1826 τῶν
1298 1773 1569 1847 συγγόνων

515 1860 638 1928 Ζωή
671 1856 924 1934 Θεοδώρα
949 1880 1009 1915 τε
1034 1862 1134 1929 τὴν
1163 1861 1521 1937 κραταρχίαν.

441 1976 995 2033 ΚΩΝΣΤΑΝΤΙΝΟΣ
1043 1981 1082 2030 Ο
1129 1978 1573 2035 ΜΟΝΟΜΑΧΟΣ
1614 1980 1727 2036 ΕΤ.
1768 1981 1871 2037 ΙΒ“.

514 2072 640 2139 Ζωὴ
670 2068 720 2124 δ’
748 2070 925 2147 ἐρῶσα
952 2071 1115 2141 τήνδε
1143 2075 1394 2148 κατέχειν
1429 2076 1569 2147 μόνη

318 2160 474 2215 3095
511 2160 654 2233 Πρὸς
686 2158 970 2214 συνάφειαν
998 2163 1237 2236 γαμικὴν
1272 2162 1531 2238 συνεζύγη

508 2250 605 2318 Τῷ
627 2247 1017 2321 Κωνσταντίνῳ
1046 2249 1344 2319 τούπίκλην
1386 2252 1726 2326 Μονομάχῳ,

509 2337 618 2391 Καὶ
648 2338 884 2412 κράτορα
914 2336 1179 2393 δείκνυσιν
1214 2339 1373 2394 αὐτὸν
1404 2340 1677 2395 Αὐσόνων·

508 2426 659 2481 νΟντ’
692 2425 921 2500 εὐγενῶν
953 2448 1013 2482 τε
1041 2427 1130 2482 καὶ
1159 2425 1456 2503 περιδόξων
1488 2426 1578 2483 ἕνα

506 2512 595 2574 Ὦς
626 2511 959 2587 εὖπατριδῶν
990 2513 1249 2591 ὲκφυέντα
1281 2514 1551 2591 πατέρων,

325 2601 470 2656 3100
507 2599 707 2674 Λόγοις
729 2600 1075 2673 ὁμιλήσαντα
1102 2604 1242 2657 πάνυ
1277 2604 1529 2678 μετρίως,

502 2688 815 2763 Ἐρωτικῶς
845 2688 891 2745 δ’
919 2684 1120 2765 ἔχοντα
1146 2690 1293 2761 πλὴν
1324 2694 1461 2767 πρὸς
1488 2692 1612 2756 τοὺς
1644 2693 1843 2770 λόγους

504 2776 775 2848 Ῥᾴθυμον
800 2780 934 2846 ἦθος
960 2777 1203 2851 μαλακόν
1234 2781 1282 2834 τ’
1309 2780 1609 2854 ἀνειμένον,

503 2872 743 2943 Τρυφαῖς
770 2869 1172 2944 προσανέχοντσ
1199 2869 1618 2945 γλυκυθυμίαις.

505 2955 941 3031 Ἐρωτοληψίαις
970 2979 1029 3013 τε
1058 2979 1283 3034 συνισχη
1295 2960 1483 3033 μένον,

312 3047 467 3102 3105
505 3048 630 3102 Τῶν
661 3045 823 3116 ἀξιῶν
848 3047 1085 3119 νέμοντα
1110 3049 1205 3111 τὰς
1235 3048 1398 3122 τιμὰς
1427 3048 1622 3124 χύδην,

501 3134 600 3195 Οἷς
629 3134 689 3188 οὐ
719 3142 989 3208 προσῆκεν
1022 3136 1299 3211 ἀγοραίοις
1340 3136 1614 3211 ἀνδράσιν,

496 3224 601 3278 Καὶ
633 3220 915 3295 δημοσίων
948 3223 1251 3298 χρημάτων
1284 3220 1485 3288 ὅλϐους
1519 3225 1683 3292 ὅλους

492 3308 685 3373 Ὀλαις
714 3309 945 3384 ἀμάξαις
976 3310 1330 3368 ἀναλίσκοντα
1363 3315 1556 3386 μάτην,

498 3396 614 3455 Οὐκ
643 3398 722 3462 εἰς
748 3400 811 3454 τὸ
839 3403 994 3473 κοινῇ
1028 3405 1298 3477 συμφέρον
1331 3401 1614 3474 Ῥωμαΐδι,

293 3490 453 3545 3110
489 3488 564 3542 Ἦ
593 3488 871 3561 χρήσιμόν
897 3509 953 3543 τι
976 3492 1056 3559 τῷ
1084 3488 1267 3562 κράτει
1298 3492 1662 3567 συνεισφέρον.

490 3576 719 3650 Ἀντῆρε
746 3572 887 3646 τῷδε
920 3575 1136 3650 βασιλεῖ
1165 3577 1449 3647 Μανιάκης

487 3664 897 3733 Ἀποστατῆσας
928 3664 1017 3718 καὶ
1049 3666 1296 3738 στρατιὰν
1328 3665 1543 3738 ἀλίσας,

490 3753 653 3827 Ἀνὴρ
683 3752 982 3827 στρατηγὸς
1012 3751 1259 3821 εὐσθενής
1288 3755 1376 3809 καὶ
1408 3754 1684 3831 γεννάδας,

490 3842 672 3915 Οὗπερ
704 3839 866 3903 κλέος
898 3842 1146 3917 μέγιστον
1180 3841 1230 3896 ἐν
1266 3846 1634 3920 στρατηγίαις·

298 3931 451 3987 3115
486 3932 587 3991 "Oc:
622 3927 916 4003 μηδοτιοῦν
951 3929 1002 3983 ἐν
1033 3928 1305 4006 τυραννίδι
1338 3930 1535 4006 δράσας

486 4017 776 4089 Ἐξαπίνης
805 4017 1059 4089 τέθνηκεν
1091 4018 1298 4093 ἀρτύων
1323 4020 1530 4096 μάχην,

486 4107 622 4169 Μεθ’
647 4104 704 4160 ὅν
734 4126 818 4167 τις
848 4103 1019 4168 ἄλλος
1046 4107 1333 4181 Τορνίκιος
1360 4108 1668 4182 τούπίκλην

479 4197 669 4256 ’Ὁστις
700 4193 904 4263 ἐπῆλθε
934 4194 1025 4248 σὺν
1060 4200 1285 4269 στρατιᾷ
1312 4201 1380 4270 τῇ
1412 4196 1596 4253 πόλει·

481 4280 665 4371 Ἀλλά
695 4283 981 4358 κρατηθεὶς
1015 4282 1269 4358 ἐστέρητο
1298 4289 1396 4339 τοῦ
1428 4288 1612 4362 φάους.

302 4374 447 4429 3120
484 4368 589 4428 Καὶ
617 4371 873 4433 Ῥωσικὸς
905 4370 1068 4425 πάλιν
1102 4369 1157 4426 δὲ
1186 4375 1254 4445 τῇ
1288 4368 1445 4428 πόλει
1477 4374 1669 4440 στόλος

487 4458 878 4535 Ἐπεισέφρησι
910 4461 1102 4535 μυρίον
1135 4461 1359 4532 στρατὸν
1400 4461 1596 4540 φέρων,

483 4551 575 4609 "Oc
603 4548 879 4623 ναυμαχίᾳ
908 4552 1011 4609 πᾶς
1041 4546 1236 4625 σχεδὸν
1270 4547 1553 4626 διεφθάρη.

488 4635 585 4691 Καὶ
618 4637 947 4705 Πατζινάκαι
974 4640 1080 4690 τῶν
1115 4638 1450 4713 Παριστρίων
1479 4636 1625 4703 ἔθνος

487 4723 891 4795 Λεηλατοῦντες
922 4723 1256 4801 κατέδραμον
1287 4729 1386 4795 τὴν
1416 4734 1650 4803 Θρᾳκην·

310 4815 454 4870 3125
492 4811 736 4876 Σπονδάς
764 4811 1079 4889 δεδρακότες
1104 4812 1159 4869 δὲ
1189 4816 1486 4887 Ῥωμαίοις
1516 4816 1693 4889 τέλος,

488 4903 598 4966 Τὰς
622 4900 929 4967 πανοπλίας
956 4901 1233 4963 κατέθεντο
1265 4902 1352 4957 καὶ
1387 4903 1588 4979 μάχας.

488 4991 700 5047 Τούτου
728 4995 1054 5065 κρατοῦντος
1082 4990 1312 5048 Οὐνικὸν
1342 4992 1600 5066 Τούρκων
1626 4992 1776 5060 ἔθνος

491 5080 847 5153 Ὀρμώμενον
878 5081 1003 5155 πρὶν
1040 5079 1091 5151 ἒξ
1123 5080 1264 5154 ὀρῶν
1296 5081 1606 5137 Καυκασίων

490 5167 729 5233 Ἐπῆλθε
757 5173 972 5244 πρῶτον
1000 5166 1304 5243 Ῥωμαίδος
1333 5175 1451 5231 τοῖς
1481 5168 1649 5243 ὅροις·

313 5258 451 5314 3130
492 5258 602 5314 Κάκ
630 5255 775 5312 τοῦδ’
809 5257 1012 5321 ἐθισθὶν
1037 5262 1106 5322 τῆ
1136 5259 1251 5313 κατ’
1276 5257 1443 5327 αὐτῆς
1473 5260 1636 5333 μανίᾳ

485 5346 716 5423 Ἑληγεν
740 5344 894 5401 οὐδὲν
924 5344 1079 5416 τῆσδ’
1110 5346 1270 5423 ὅρους
1298 5351 1654 5424 κατατρέχον,

491 5437 585 5493 Ἐκ
610 5441 716 5491 τῶν
755 5440 932 5510 μερῶν
968 5434 1115 5499 ὅπως
1149 5433 1205 5490 δὲ
1228 5440 1333 5492 τῶν
1364 5439 1737 5515 προσαρκτίων

491 5530 594 5586 Οἴα
618 5527 773 5601 λύμη
805 5546 887 5587 τις
922 5526 981 5580 οὗ
1007 5524 1190 5588 καλῶς
1220 5525 1503 5604 εἷσεφθάρη

493 5617 584 5681 Εἰς
614 5620 717 5687 τὴν
746 5618 866 5680 καθ’
898 5617 1042 5687 ἡμᾶς
1075 5614 1363 5689 γειτνίασιν
1394 5616 1608 5674 λεκτέον

1865 326 2226 383 cusanus.

2014 451 2069 519 Α
2098 449 2320 506 Deinde
2350 449 2506 522 regio
2536 449 2762 522 pepulit
2792 449 3007 521 palatio

2098 538 2396 594 dominam
2428 555 2596 594 suam
2631 540 2951 595 beneficam
2984 538 3269 609 reginam,

2097 643 2345 698 eamque
2376 632 2667 683 attonsam
2700 627 2911 683 clausit
2941 628 3012 682 ad
3043 631 3367 681 extremum

2096 716 2382 787 Principis
2410 715 2470 771 in
2502 715 2717 782 insula,
2746 716 3071 771 calumnias
3101 715 3402 771 dictitans.

2096 804 2237 859 Rem
2271 810 2333 859 ut
2363 805 2630 875 cognovit
2657 804 2930 876 populus,
2964 804 3132 858 furiis
3163 803 3324 868 arsit,

2096 898 2154 947 et
2182 893 2585 948 tumultuariis
2616 893 2897 963 correptis
2929 891 3130 956 armis,

2094 984 2158 1035 ut
2188 998 2364 1053 apum
2396 982 2469 1037 ab
2500 983 2766 1037 examine
2796 982 2918 1036 ﬁeri
2951 979 3115 1046 solet,

2095 1070 2319 1140 regium
2353 1071 2421 1125 ad
2456 1070 2740 1142 palatium
2782 1068 2993 1140 raptim
3025 1066 3301 1123 cucurrit.

2090 1163 2241 1229 Ergo
2270 1158 2458 1213 civilis
2491 1175 2689 1229 pugna
2718 1161 2986 1212 conserta
3015 1161 3124 1225 est,

2090 1264 2196 1302 nec
2228 1248 2415 1303 brevis
2444 1247 2750 1302 hominum
2784 1261 3064 1301 numerus
3096 1242 3346 1312 occisus,

2089 1342 2280 1392 Donec
2312 1336 2436 1392 suis
2467 1337 2640 1391 rebus
2674 1336 2991 1405 desperans
3024 1332 3265 1388 Michael

2089 1424 2252 1497 pulla
2282 1424 2696 1480 miserabiliter
2726 1424 2966 1479 indutus
2996 1422 3196 1478 tunica

2092 1514 2162 1568 ad
2194 1512 2385 1569 Studii
2418 1512 2840 1567 monasterium
2873 1509 3118 1580 supplex
3148 1508 3321 1579 fugit,

2088 1606 2260 1672 atque
2291 1602 2400 1657 sub
2432 1617 2541 1657 arae
2574 1599 2733 1672 asylo
2764 1603 2949 1654 semet
2980 1597 3242 1652 condidit
3273 1612 3287 1650 :

2088 1692 2243 1745 unde
2275 1694 2604 1761 protractus
2632 1691 2949 1745 excmcatur
2982 1687 3180 1742 miser.

2009 1805 2059 1871 B
2088 1781 2323 1871 [Duabus
2355 1782 2551 1835 autem
2584 1777 2833 1833 traditur
2863 1776 3165 1871 sororibus

2090 1870 2212 1925 Zoae
2242 1868 2673 1938 Theodormque
2704 1864 2932 1936 imperii
2962 1866 3283 1934 sceptrum.

2206 1980 2757 2040 CONSTANTINUS
2789 1976 3283 2035 MONOMACHUS
3318 1975 3432 2031 AN.
3474 1973 3606 2031 XII.

2084 2082 2193 2136 Sed
2226 2097 2359 2135 cum
2391 2078 2516 2135 sola
2543 2081 2651 2135 Zoe
2682 2093 2925 2150 regnare
2954 2080 3213 2147 cuperet,

2083 2169 2526 2226 Constantinum
2561 2170 2947 2239 cognomento
2976 2162 3424 2219 Monomachum

2083 2258 2196 2313 sibi
2230 2257 2531 2329 conjunxit
2560 2256 2768 2311 faedere
2798 2252 3053 2325 conjugii

2082 2352 2141 2403 et
2172 2349 2565 2403 Romanorum
2598 2346 3008 2416 imperatorem
3042 2342 3195 2397 fecit.

2081 2423 2256 2491 Porro
2287 2436 2382 2490 hic
2413 2440 2482 2490 de
2512 2439 2662 2489 ccntu
2695 2433 2980 2487 nobilium
3012 2435 3157 2497 erat,

2082 2531 2255 2595 atque
2286 2524 2546 2595 patriciis
2577 2527 2739 2578 ortus
2770 2520 3112 2591 parentibus
3145 2534 3159 2571 :

2080 2618 2137 2669 et
2165 2614 2257 2669 vix
2284 2612 2517 2685 quidem
2550 2611 2775 2667 litteras
2806 2609 3099 2681 attigerat,

2079 2702 2313 2758 easdem
2346 2706 2543 2757 tamen
2576 2717 2771 2755 amore
2800 2698 3172 2769 dignabatur.

2079 2792 2364 2845 Caeterum
2394 2788 2623 2860 ignavis
2654 2787 2919 2842 moribus
2949 2785 3274 2853 solutisque
3302 2783 3447 2844 erat,

2078 2881 2304 2936 deliciis
2333 2881 2567 2935 deditus
2596 2883 2654 2934 et
2682 2876 3096 2940 hilaritatibus,

2077 2969 2295 3026 amoris
2326 2985 2552 3040 quoque
2581 2966 2866 3022 obnoxius
2893 2960 3203 3020 illecebris.

2078 3060 2228 3114 Tum
2259 3057 2571 3130 dignitates
2600 3054 2932 3111 conferebat
2962 3058 3182 3108 temere

2000 3143 2044 3211 C
2073 3146 2209 3202 viris
2237 3146 2578 3218 vulgaribus
2607 3161 2673 3199 ac
2705 3148 2912 3215 praeter
2947 3141 3244 3196 meritum.

2069 3234 2275 3290 Erarii
2308 3250 2539 3307 quoque
2565 3233 2859 3304 publicam
2893 3229 3201 3302 pecuniam

2069 3323 2254 3379 effuso
2286 3322 2422 3378 luxu
2458 3337 2524 3379 ac
2553 3321 2764 3377 stolido
2796 3320 3150 3385 effundebat,

2068 3411 2168 3483 qui
2196 3427 2301 3467 nec
2333 3410 2611 3466 Romanis
2642 3409 2817 3464 rebus
2847 3406 3176 3477 quidquam
3209 3401 3503 3475 proderat,

2067 3516 2175 3556 nec
2204 3500 2435 3569 imperii
2466 3499 2775 3553 commoda
2805 3496 3149 3566 adaugebat.

2066 3589 2360 3643 Adversus
2396 3603 2590 3659 regem
2623 3587 2780 3641 hunc
2808 3583 3101 3638 Maniaces
3131 3596 3297 3635 arma

2066 3676 2358 3732 rebellans
2391 3675 2634 3731 sustulit
2663 3676 3012 3745 congregato
3044 3668 3247 3737 milite,

2064 3769 2343 3822 strenuus
2372 3762 2689 3832 imperator
2717 3766 2773 3817 et
2802 3761 3217 3832 magnanimus

2064 3851 2375 3910 ductandis
2405 3850 2755 3905 exercitibus
2778 3849 3005 3919 jamdiu
3040 3849 3263 3913 clarus;

2063 3944 2160 3999 sed
2196 3946 2326 4013 post
2354 3939 2720 4012 tyrannidem
2754 3937 2915 3991 nulla
2944 3953 3005 3991 re
3033 3939 3261 4007 patrata

2062 4034 2298 4102 repente
2329 4029 2500 4101 periit
2529 4028 2667 4082 dum
2702 4042 2957 4097 pugnam
2988 4024 3326 4079 instrueret.

2060 4119 2205 4174 Exin
2239 4117 2547 4190 tyrannide
2575 4114 2882 4171 Tornicius
2912 4114 3157 4186 quidam

2060 4211 2314 4277 arrepta,
2344 4207 2414 4260 ad
2448 4205 2650 4260 urbem
2682 4203 2898 4273 regiam
2929 4205 3191 4257 armatus
3219 4198 3398 4263 venit,

2060 4296 2161 4353 sed
2188 4294 2403 4361 victus,
2434 4293 2737 4350 oculorum
2770 4290 3053 4347 multatur
3084 4288 3324 4344 lumine.

2060 4383 2301 4440 Rossica
2337 4384 2613 4453 praeterea
2642 4384 2843 4436 contra
2872 4378 3213 4452 Byzantium
3243 4375 3451 4432 classis

1982 4495 2029 4560 D
2061 4472 2393 4529 adventavit
2424 4469 2742 4542 plurimum
2773 4468 2989 4524 vehens
3021 4466 3291 4560 militem,

2062 4578 2188 4631 quae
2216 4576 2393 4632 prope
2423 4558 2614 4614 omnis
2646 4556 2835 4611 navali
2868 4555 3063 4627 praelio
3096 4552 3285 4626 periit.

2061 4652 2209 4706 Tum
2243 4647 2582 4710 Patzinacaa,
2614 4661 2758 4717 gens
2789 4644 2914 4700 Istri
2949 4641 3165 4710 accola,

2059 4737 2364 4793 Thraciam
2398 4736 2724 4806 praedantes
2755 4732 3246 4788 concursaverunt
3274 4746 3287 4786 :

2059 4828 2156 4898 qui
2188 4830 2383 4881 tamen
2412 4823 2622 4878 foedere
2651 4837 2784 4876 cum
2814 4822 3091 4876 Romanis
3121 4820 3237 4874 icto

2061 4931 2226 4970 arma
2254 4912 2596 4981 bellumque
2624 4911 2860 4965 demum
2892 4915 3235 4981 posuerunt.

2063 5002 2452 5059 Monomacho
2484 5005 2763 5071 regnante
2794 5015 2935 5070 gens
2964 5000 3285 5053 Turcarum

2063 5091 2347 5157 Hunnica,
2379 5088 2675 5145 Caucasiis
2704 5088 2953 5143 oriunda
2976 5088 3159 5159 jugis,

2063 5179 2307 5237 Romani
2346 5179 2602 5251 primum
2633 5177 2864 5249 imperii
2898 5178 3042 5232 ﬁnes
3073 5176 3267 5248 attigit
3299 5192 3312 5230 :

2062 5286 2177 5340 quo
2208 5273 2518 5340 postquam
2547 5266 2677 5323 odio
2710 5265 2887 5322 semel
2920 5270 3009 5320 est
3036 5265 3284 5333 imbuta,

2061 5357 2289 5413 nullum
2315 5357 2442 5427 jam
2475 5357 2611 5410 fecit
2637 5356 3038 5412 incursionum
3067 5354 3267 5408 finem.

2062 5447 2233 5503 Porro
2263 5446 2322 5500 hi
2356 5446 2426 5501 de
2464 5446 2649 5501 borets
2677 5444 2969 5517 quomodo
3000 5441 3339 5512 regionibus

2061 5554 2165 5593 ceu
2200 5535 2381 5607 pestis
2412 5535 2677 5605 quaedam
2710 5533 2903 5589 omine
2934 5531 3086 5588 tristi
3118 5530 3481 5599 advenerint,

2052 5628 2338 5697 juxtaque
2368 5641 2473 5680 nos
2502 5625 2847 5691 assederint,
2881 5621 3194 5677 dicendum
3225 5621 3513 5690 superest.

3631 320 3734 379 126
