4154 6304
415 361 518 417 λετ
1611 361 1982 416 EPHREMII
2020 358 2586 419 CHRONOGRAPHI

412 483 669 543 Persidis
701 484 973 557 princeps
1004 485 1374 541 Mabumetue
1406 483 1642 538 nomine

414 573 633 631 bellum
666 588 939 629 exercens
970 590 1101 629 cum
1137 573 1470 645 Babyloniis

415 668 587 733 atque
619 678 754 717 cum
789 662 947 718 Indis
978 662 1248 717 hostibus
1280 660 1579 716 acerrimis

413 750 737 806 Turcarum
766 750 977 805 auxilio
1008 767 1129 805 rem
1164 750 1309 805 bene
1338 749 1537 820 gessit.

420 840 601 909 [gitur
630 839 813 893 victor
842 854 974 892 cum
1010 838 1099 892 bis
1128 854 1432 908 regressus

415 928 485 982 ad
520 927 911 997 principatum
944 942 1117 980 suum
1149 926 1521 981 Mahumetue

413 1015 600 1070 socios
634 1016 703 1070 ad
738 1014 1031 1087 propriam
1066 1029 1326 1068 remeare
1360 1014 1603 1084 patriam

415 1101 672 1172 nolebat,
704 1104 982 1173 quoniam
1016 1102 1186 1157 utiles
1219 1107 1599 1173 compererat.

413 1190 601 1253 Quare
631 1190 689 1245 bi
725 1192 859 1262 fuga
891 1195 1116 1244 montes
1149 1191 1492 1259 petiverunt,

414 1277 612 1348 ibique
640 1277 821 1332 vitam
854 1278 1195 1348 aliquandiu
1228 1277 1553 1331 tolerarunt
1581 1294 1595 1332 :

413 1380 548 1420 mox
577 1366 989 1437 pradabantur
1016 1366 1261 1419 vicinam
1296 1366 1611 1431 regionem,

412 1469 607 1523 agros,
640 1455 836 1521 urbes,
871 1469 1161 1525 pagosque
1186 1455 1605 1524 Agarenorum.

409 1540 558 1611 Ergo
589 1546 914 1597 contractos
948 1542 1321 1596 Mabumetus
1353 1541 1567 1596 milites

412 1629 614 1700 viginti
652 1629 811 1685 mille
840 1634 1042 1686 contra
1072 1631 1291 1684 Turcas
1323 1630 1527 1697 mittit;

409 1718 510 1772 sed
543 1734 662 1772 una
694 1722 861 1773 nocte
890 1718 1084 1773 cuncti
1117 1734 1149 1771 a
1178 1717 1380 1772 Turcis
1410 1725 1647 1788 pereunt
1685 1733 1699 1771 :

410 1806 508 1875 qui
533 1806 659 1875 jam
688 1806 937 1861 audaces
970 1806 1078 1861 hac
1101 1805 1343 1861 victoria
1373 1805 1583 1859 redditi

407 1898 607 1964 aperto
639 1899 823 1950 marte
853 1910 1051 1965 gerere
1080 1894 1297 1949 bellum
1330 1893 1638 1964 incipiunt,

405 1986 463 2036 et
491 1998 622 2036 cum
657 1982 988 2036 Mahumeto
1018 1981 1300 2036 consertis
1330 1982 1623 2048 manibus,

401 2067 596 2140 ipsum
625 2070 918 2140 occidunt,
952 2070 1261 2142 potiuntur
1290 2071 1522 2136 castris,

392 2161 580 2229 atque
609 2159 906 2229 Agarenos
934 2158 1189 2229 spoliant
1219 2158 1485 2229 imperio,

400 2261 639 2317 suaeque
669 2247 828 2317 genti
860 2247 1155 2316 publicam
1188 2262 1308 2301 rem
1341 2245 1661 2313 vindicant,

394 2334 691 2403 Agarenos
722 2340 916 2389 autem
950 2334 1062 2389 sibi
1096 2334 1316 2389 faciunt
1347 2333 1636 2388 subditos.

398 2421 819 2477 Monomachue
850 2423 1273 2494 Manganorum
1307 2421 1729 2477 monasterium

397 2509 643 2581 pulchro
671 2511 947 2581 varioque
977 2527 1147 2582 opere
1180 2511 1531 2583 praefulgens

398 2597 555 2653 laute
585 2598 857 2654 excitavit
889 2600 1156 2653 maximis
1184 2600 1470 2669 impensis

399 2686 704 2741 victorion
736 2688 975 2758 martyri
1008 2687 1291 2757 Georgio;

397 2774 597 2845 ibique
625 2773 740 2829 vim
767 2774 1052 2844 ingentem
1087 2775 1345 2845 profudit
1373 2790 1572 2847 opum,

392 2861 613 2917 talenta
646 2863 831 2917 multa
859 2862 946 2917 vel
980 2865 1175 2934 potius
1206 2864 1535 2920 innumera.

393 2950 657 3020 Cumque
688 2951 803 3006 alia
833 2968 1038 3006 rursus
1069 2954 1357 3023 indigeret
1386 2953 1654 3023 pecunia,

394 3039 784 3107 periculosam
816 3039 999 3094 aleam
1029 3045 1277 3094 tractare
1309 3042 1503 3111 coepit.

393 3126 751 3190 Quibusdam
785 3128 941 3182 enim
974 3128 1206 3198 populis
1237 3130 1361 3183 ideo
1394 3129 1758 3184 immunibus

395 3214 535 3284 quia
564 3214 801 3269 tuendis
832 3213 1217 3285 invigilabaut
1251 3214 1487 3280 ﬁnibus,

394 3305 452 3356 et
482 3301 767 3356 Barbaros
798 3318 1034 3357 accessu
1071 3302 1457 3373 prohibebant

392 3389 682 3443 tributum
715 3390 926 3443 indixit
953 3396 1011 3445 et
1039 3391 1281 3462 vectigal
1314 3407 1576 3446 annuum
1611 3408 1624 3447 ε

395 3481 454 3531 et
485 3477 563 3531 sic
595 3476 856 3532 locorum
888 3479 1141 3548 perdidit
1170 3481 1464 3534 custodes.

395 3568 584 3635 Atque
613 3564 749 3619 hinc
773 3566 1044 3621 Barbarie
1072 3566 1257 3623 facilis
1289 3567 1593 3639 ingressus

397 3654 455 3707 in
500 3653 893 3709 Romanorum
924 3659 1110 3709 terrae
1141 3656 1351 3709 deinde
1382 3658 1591 3726 patuit.

626 3767 1016 3823 THEODORA
1057 3768 1148 3823 ΕΤ
1186 3768 1508 3825 MICHAEL
1548 3771 1664 3829 AN.
1707 3773 1802 3830 ΙΙΙ.

399 3865 715 3935 Postquam
748 3865 996 3920 excessit
1025 3880 1054 3920 e
1084 3866 1228 3922 vivis
1258 3868 1696 3935 Monomachus,

396 3968 666 4023 purpurae
698 3952 975 4009 ﬂosculus
1006 3953 1307 4011 Theodora
1335 3957 1495 4028 virgo

398 4039 789 4095 Romanorum
824 4046 1116 4111 sceptrum
1148 4048 1375 4114 gestare
1405 4046 1597 4116 coepit,

396 4128 467 4182 ad
501 4144 681 4198 quam
713 4129 933 4200 potiore
958 4130 1089 4199 jure
1128 4130 1476 4201 pertinebat.

399 4216 526 4270 Haec
557 4217 912 4271 monasterio
944 4218 1161 4273 teneris
1191 4219 1262 4272 ab
1288 4219 1456 4273 annis

395 4309 583 4359 semet
610 4304 985 4372 concludens,
1019 4311 1305 4375 tensaque
1334 4307 1597 4377 capillos,

395 4390 611 4447 Christi
646 4393 984 4463 conjugium
1013 4409 1247 4447 sacrum
1276 4400 1711 4465 preeoptavsrat.

394 4478 563 4536 Nunc
594 4479 791 4550 regina
821 4479 1150 4552 splendida,
1176 4482 1615 4552 jucundissima

392 4567 795 4638 virtutumque
824 4568 1131 4624 ornatibus
1164 4570 1453 4639 decorata,

389 4654 615 4725 hilaris,
648 4656 1094 4727 gloriosissima,
1129 4665 1408 4729 perpetua
1434 4661 1619 4732 virgo.

390 4746 525 4810 Quae
557 4760 685 4799 cum
717 4744 1051 4815 imperium,
1088 4751 1151 4800 ut
1174 4747 1315 4812 dixi,
1348 4748 1611 4820 adiisset,

390 4838 603 4887 cuncta
636 4848 737 4903 pro
769 4849 874 4886 suo
906 4833 1130 4887 naviter
1159 4836 1393 4904 gerebat
1424 4854 1685 4908 munere,

388 4919 617 4975 virilem
654 4936 767 4990 praa
799 4936 861 4975 se
892 4921 1081 4975 ferens
1112 4921 1227 4975 vim
1260 4939 1325 4977 ac
1366 4924 1661 4995 spiritum,

389 5014 454 5063 ut
481 5008 584 5063 illa
615 5008 779 5063 fortis
812 5008 1102 5064 celebrata
1133 5010 1376 5066 Debora.

390 5096 453 5151 In
485 5096 768 5151 tribunali
800 5097 1012 5167 quippe
1043 5098 1283 5152 sedebat
1313 5100 1471 5170 regio

388 5183 578 5238 aulica
611 5198 825 5253 pompa
854 5184 1315 5256 custodibusque
1345 5188 1535 5244 cincta

390 5270 722 5343 reipublicae
750 5273 1013 5343 gerendae
1046 5273 1393 5342 impendens
1419 5293 1619 5334 curam

389 5358 572 5430 inquis
601 5375 737 5414 cum
766 5358 996 5430 legibus
1018 5361 1380 5433 judiciisque
1411 5367 1609 5438 rectis,

388 5446 581 5503 ofﬁcia
611 5463 843 5518 quoque
874 5447 1095 5505 utiliter
1122 5451 1449 5521 conferens,

458 5622 576 5693 (45)
608 5622 751 5694 Lege
783 5624 1063 5681 Zonaram
1098 5625 1266 5700 XVII,
1295 5628 1388 5687 20.

2076 478 2133 545 Α
2160 483 2301 539 3135
2336 484 2671 559 Μουχούμετ
2702 483 2835 557 ἆνήρ
2866 481 3090 557 ἡγεμὼν
3120 487 3220 551 τῆς
3252 476 3513 554 Περσίδος

2332 574 2538 648 Ἥρατο
2574 575 2760 647 μάχην
2791 572 2929 627 κατά
2959 566 3322 627 Βαϐυλωνίων

2330 658 2513 717 Ἰνδῶν
2544 664 2593 715 θ’
2621 663 2796 733 ἑαυτῷ
2828 659 3103 732 δυσμενῶν
3144 656 3472 726 ἀντιπάλων,

2330 751 2408 803 Δι’
2442 751 2513 804 ὧν
2545 754 2839 826 τροποῦται
2866 747 2994 811 τοὺς
3023 745 3251 822 ἐχθροὺς
3274 746 3408 799 κατᾶ
3432 744 3651 816 κράτος.

2328 840 2647 915 Νικηφόρος
2679 842 2812 911 γοῦν
2846 836 2936 890 σὺν
2970 837 3149 912 σφίσιν
3180 834 3469 923 ἀφιγμένος

2150 926 2293 981 3140
2329 928 2474 1001 Πρὸς
2503 928 2601 994 τὴν
2632 927 2820 979 έαυτοῗι
2849 924 3182 997 Μουχούμετ
3213 921 3520 994 ἐθναρχίαν,

2329 1011 2778 1087 Παλινδρομῆσαι
2810 1014 2944 1087 πρὸς
2971 1007 3206 1082 πατρίδα
3236 1007 3565 1082 συμμάχους

2326 1103 2536 1158 Οὐκοῦν
2572 1101 2760 1174 μεθῄει
2795 1099 3104 1175 χρησίμους
3137 1094 3537 1170 δεδειγμένους’

2330 1192 2482 1254 Ὅθεν
2512 1190 2762 1267 φυγόντες
2793 1187 3091 1262 ἀνέδραμον
3125 1186 3200 1248 εἷς
3233 1180 3359 1259 ὅρη,

2325 1278 2427 1334 Καὶ
2455 1276 2586 1352 τῇδε
2612 1280 2710 1347 τήν
2744 1276 2951 1332 δίαιταν
2984 1276 3134 1350 εἶχον
3169 1273 3220 1328 έν
3254 1273 3458 1348 χρόνῳ,

2150 1367 2291 1421 3145
2328 1370 2433 1421 Καὶ
2460 1366 2735 1427 κατιόντες
2765 1362 3059 1436 κατεδῄουν
3085 1364 3153 1417 τὰ
3180 1361 3355 1436 πέριξ,

2325 1453 2571 1530 ’Λγροὺς,
2603 1453 2816 1522 πόλεις,
2848 1454 3037 1525 κώμας
3070 1471 3128 1505 τε
3155 1454 3262 1504 τῶν
3296 1448 3355 1503 ἰκ
3380 1454 3481 1517 τῆς
3507 1449 3703 1522 ’¹Αγαρ·

2327 1545 2648 1616 Στράτευμα
2674 1542 2853 1596 τοίνυν
2887 1540 3201 1614 εὐτρεπίσας
3244 1536 3582 1611 Μουχούμετ

2327 1628 2553 1686 Στέλλει
2583 1631 2698 1684 κατ’
2729 1630 2903 1683 αὐτῶν
2943 1625 3205 1703 μυριάδας
3234 1648 3340 1679 που
3373 1623 3490 1679 δύο·

2322 1720 2391 1774 ’Ὀ
2420 1718 2610 1778 νυκτὸς
2641 1715 2807 1792 ἄρδην
2839 1722 2955 1778 τοῖς
2984 1715 3251 1787 Τοόρκοις
3282 1714 3611 1790 κατεσφάγη’

2073 1837 2120 1900 Β
2150 1806 2289 1861 3150
2327 1806 2443 1861 Κᾶκ
2470 1803 2627 1860 τοῦδε
2656 1808 2871 1880 θρασεῖς
2901 1808 2966 1878 τῇ
2997 1806 3121 1877 νίκῃ
3155 1800 3506 1900 δεδειγμένοι,

2328 1893 2426 1947 Καὶ
2455 1895 2553 1962 τήν
2583 1895 2717 1947 κατὰ
2745 1894 3041 1967 πρόσωπον
3077 1891 3263 1945 ἷστῶσι
3296 1889 3503 1962 μάχην·

2327 1982 2421 2035 Καὶ
2457 1980 2859 2053 συμπλακέντες
2883 1981 3018 2035 γατὰ
3052 1980 3238 2052 μάχην
3271 1975 3648 2050 Μουχούμετ’,

2324 2070 2635 2124 Κτείνουσιν
2666 2070 2831 2124 αὐτὸν
2860 2070 2947 2123 καὶ
2980 2071 3235 2141 κρατοῦσι
3264 2069 3359 2120 τοῦ
3386 2065 3580 2121 τόπου.

2322 2160 2711 2235 Ἀποστεροῦσι
2734 2164 2832 2214 τοῦ
2861 2160 3091 2232 κράτους
3118 2158 3244 2218 τοὺς
3276 2156 3327 2227 ἐξ
3355 2160 3540 2231 Ἅγαρ,

2144 2250 2284 2305 3155
2322 2249 2423 2304 Καὶ
2452 2252 2613 2303 τοῦτο
2642 2250 2947 2324 χειρίζουσι
2977 2252 3094 2309 τοῖς
3124 2246 3183 2301 ἐκ
3210 2249 3307 2299 τοῦ
3337 2245 3552 2319 γένους,

2320 2336 2463 2398 Τοὺς
2494 2334 2539 2391 δ’
2572 2336 2902 2410 Ἀγαρηνοὺς
2933 2334 3093 2410 ἔσχον
3128 2333 3205 2395 εἷς
3239 2334 3537 2403 ὑπηκόους.

2318 2424 2489 2486 Οὗτος
2522 2423 2773 2499 βασιλεὺς
2804 2423 2893 2477 καὶ
2929 2425 3099 2495 μονὴν
3130 2426 3238 2477 τῶν
3272 2418 3575 2494 Μαγγάνων

2320 2519 2591 2587 Ἔχουσαν
2626 2512 2681 2567 εὖ
2712 2510 2951 2573 κάλλους
2982 2532 3040 2565 τε
3068 2510 3157 2565 καὶ
3189 2507 3466 2571 ποικιλίας

2319 2602 2539 2674 Ἔγειρε
2570 2600 2839 2675 λαμπρῶς
2865 2598 3123 2673 ἀφθόνοις
3154 2597 3470 2672 χορηγίαις]

2140 2691 2281 2745 3160
2319 2688 2574 2763 Γεωργίῳ
2608 2691 2836 2761 μάρτυρι
2866 2692 2944 2759 τῷ
2975 2686 3301 2758 καλλινίκῳ,

2320 2776 2408 2831 Ἐν
2439 2775 2474 2849 ᾗ
2511 2775 2706 2849 μυρίας
2738 2775 2985 2829 ἀνάλωσε
3016 2770 3250 2835 δαπάνας

2315 2861 2769 2923 Πολυταλάντους
2796 2862 2884 2915 καὶ
2917 2859 3137 2937 δυσαριθ
3148 2881 3250 2932 μου
3260 2860 3439 2931 μένας.

2317 2949 2467 3007 Ἐπεὶ
2500 2947 2547 3003 δ’
2578 2948 2751 3004 ἐδεῖτο
2779 2950 3083 3023 χρημάτων
3118 2946 3303 3003 ἄλλων
3332 2945 3516 3016 πάλιν,

2315 3038 2547 3113 Ἤρξατο
2578 3042 2744 3093 κινεῖν
2777 3035 2809 3091 ἃ
2844 3043 3011 3092 κινεῖν
3040 3037 3138 3091 οὐκ
3164 3036 3231 3104 ἦν
3263 3034 3403 3090 δέον⁸

2137 3128 2279 3183 3165
2314 3128 2529 3201 Χώραις
2554 3127 2657 3200 γὰρ
2688 3125 2932 3180 ἀτέλειαν
2966 3124 3262 3198 αὐχούσαις
3290 3123 3495 3191 τόπων,

2064 3182 2107 3247 C
2222 3182 2227 3183 7
2311 3182 2685 3289 έῖέφυλᾶκῆν
2718 3212 2774 3268 δὲ
2807 3182 3187 3274 συντελουῗσαις
3218 3182 3388 3266 πάλαι

2312 3302 2418 3357 Καὶ
2448 3300 2789 3363 κωλυοόσαις
2822 3296 3125 3375 Βαρϐάροις
3162 3298 3256 3362 τὰς
3294 3295 3530 3368 ἐξόδους,

2314 3388 2563 3462 Δασμοὺς
2594 3389 2792 3451 ἐπιθεὶς
2823 3390 2913 3444 καὶ
2945 3388 3144 3467 φόρους
3172 3388 3300 3449 τοὺς
3332 3385 3401 3441 δι’
3431 3384 3603 3457 ἔτους,

2314 3476 2594 3552 Φρουροὺς
2623 3483 2877 3552 καταργεῖ
2908 3477 2997 3531 καὶ
3028 3482 3371 3547 κατοπτῆρας
3399 3474 3603 3530 τόπων.

2136 3567 2277 3621 3170
2314 3565 2427 3619 Κάκ
2454 3564 2614 3620 τοῦδε
2640 3566 2831 3620 λοιπὸν
2862 3562 3106 3639 πάροδος
3135 3569 3253 3625 τοῖς
3284 3558 3587 3638 Βαρϐάροις

2313 3654 2542 3729 Ὑπῆρξε
2573 3653 2740 3729 ῥᾴστη
2771 3651 3078 3726 Ῥωμαΐδος
3105 3654 3240 3729 πρὸς
3271 3652 3494 3713 τόπους.

2419 3770 2731 3825 ΘΕΟΔΩΡΑ
2787 3770 2906 3824 ΚΑΙ
2954 3770 3233 3823 ΜΙΧΑΗΑ
3271 3769 3384 3823 ET.
3423 3767 3494 3822 I".

2312 3874 2654 3947 Μονομάχου
2687 3870 2743 3927 δὲ
2770 3873 2862 3927 τὸν
2896 3872 3009 3947 βίον
3043 3869 3394 3942 λελοιπότος,

2313 3961 2388 4015 Τὰ
2416 3963 2700 4034 Ῥωμαϊκὰ
2730 3968 2976 4037 σκῆπτρα
3002 3956 3418 4035 παραλαμϐάνει

2314 4052 2378 4107 Ἢ
2408 4050 2791 4126 πορφυρανθὴς
2820 4046 3079 4125 παρθένος
3113 4046 3386 4119 Θεοδώρα,

2136 4142 2277 4197 3175
2312 4138 2498 4211 Ταύτῃ
2530 4136 2849 4216 διαιρέροντα
2881 4137 3091 4211 μᾶλλον
3120 4135 3382 4211 πατρόθεν
3417 4137 3549 4209 (45)”

2310 4229 2464 4289 Ἢτις
2500 4230 2639 4299 μονῇ
2668 4247 2726 4281 τε
2753 4226 2843 4280 καὶ
2879 4230 3149 4301 μοναχαῖς
3187 4222 3438 4279 παιδόθεν

2312 4312 2557 4371 Ἐκδοῦσ’
2585 4316 2777 4384 ἑαυτὴν
2810 4315 2898 4368 καὶ
2925 4315 3092 4390 τρίχα
3117 4315 3411 4389 κειραμένη

2311 4405 2527 4477 Χριστῷ
2556 4402 2854 4477 καθιέρωτο
2885 4402 3038 4473 καλῷ
3065 4402 3304 4479 νυμφίῳ,

2312 4490 2537 4553 Βασιλὶς
2567 4490 2917 4564 ἑκλαμπουσα
2942 4496 3060 4554 ταῖς
3087 4490 3360 4567 ἀγλαΐαις,

2137 4583 2277 4637 3180
2312 4585 2443 4643 Ταῖς
2470 4581 2671 4655 ἀρετῶν
2700 4581 2917 4655 χάρισιν
2943 4579 3278 4654 ὠραϊσμένη,

2317 4666 2547 4742 Φαιδρὰ,
2580 4666 2825 4738 κυδίστη,
2857 4668 3121 4743 παρθένος
3150 4667 3238 4723 διὰ
3282 4667 3420 4743 βίου.

2314 4763 2474 4830 ’Ἄρτι
2508 4755 2564 4811 δὶ
2590 4757 2809 4831 κράτος,
2842 4758 2914 4819 ὡς
2944 4755 3099 4833 ἔφην,
3134 4754 3393 4829 δεξαμένη

2314 4847 2541 4902 ”Απαντ⁹
2568 4844 2738 4899 ἐποίει
2766 4846 2833 4899 τά
2862 4848 3205 4921 προσήκοντα
3233 4845 3440 4919 κράτει,

2316 4940 2395 5002 Λῆ
2408 4936 2462 5004 μ’
2490 4932 2792 5009 ἀρρενωπὸν
2827 4932 3141 4988 δεικνύουσα
3168 4932 3256 4988 καὶ
3288 4933 3492 5004 σθένος,

2136 5025 2278 5079 3185
2315 5022 2401 5082 Ὠς
2434 5020 2774 5097 ἀρῥενόφρων
2804 5019 3024 5096 Δεϐώρα
3055 5021 3421 5093 θρυλουμένη.

2314 5116 2561 5178 Καθῆστο
2590 5110 2678 5163 καὶ
2708 5109 2811 5184 γὰρ
2842 5108 2893 5163 έν
2930 5107 3195 5184 βασιλείῳ
3226 5108 3404 5183 θρόνῳ

2313 5196 2644 5275 Δορυφορίας
2680 5196 2967 5271 βασιλικῆς
2995 5198 3261 5272 ἠγμένης,

2312 5288 2700 5341 Ἐπιστατοῦσα
2726 5290 2843 5346 τοῖς
2874 5284 3029 5349 ὅλοις
3057 5284 3237 5361 ὥσπερ
3269 5283 3409 5357 δέον,

2314 5374 2417 5429 Σὺν
2450 5373 2677 5446 εὐνομίᾳ
2703 5373 2791 5427 καὶ
2824 5372 3205 5449 δικαιοκρισίᾳ,

2134 5467 2275 5523 3190
2312 5464 2830 5539 Ἀρχαιρεσιάζουσα
2859 5463 2996 5538 πρὸς
3018 5463 3080 5517 τὸ
3111 5464 3407 5539 συμφέρον,

2060 4537 2107 4601 Β

3691 355 3799 414 128
