4154 6304
344 313 447 369 129

514 438 745 514 Ψήφους
782 443 988 501 τιθεῖσα
1015 440 1104 493 καὶ
1137 437 1285 500 δίκας
1312 439 1449 493 κατὰ
1476 438 1667 511 λόγον,

518 525 618 581 Καὶ
654 525 951 601 βασιλικῶς
982 527 1396 601 χρηματίζουσα
1417 526 1580 581 πάλιν

512 617 642 675 Τοῖς
675 610 960 690 πρέσϐεσιν
992 616 1215 684 ἥκουσιν
1246 615 1298 686 ἐξ
1331 616 1637 691 ἐθναρχίας.

512 701 721 758 Οὐκοῦν
751 704 880 765 Θεὸς
907 702 1157 758 κύδιστον
1187 702 1441 776 εὔδαιμον
1470 704 1663 778 κράτος

332 789 476 845 3195
513 789 793 864 Παρέσχεν
827 790 963 863 αὐτῇ
994 790 1240 867 φυλακῆς
1270 794 1430 866 χάριν
1461 792 1666 863 νόμων,

510 878 697 932 Αὐτοῦ
725 899 784 932 τε
814 880 1019 932 σεπτῶν
1053 879 1246 934 ἐνθέων
1278 880 1705 955 προσταγμάτων

511 966 613 1022 Καὶ
642 962 915 1019 συνδιεῖπε
944 963 1078 1039 τῇδε
1105 967 1206 1034 τὴν
1235 967 1593 1041 κραταρχίαν,

510 1051 588 1109 Εὖ
617 1052 786 1107 πάντα
810 1054 980 1117 τιθεὶς
1005 1055 1082 1115 ὡς
1114 1054 1243 1115 Θεὸς
1275 1056 1679 1129 παντοκράτωρ·

514 1141 591 1195 Οὐ
620 1142 721 1215 γάρ
753 1142 873 1195 ποτ’
901 1143 1051 1196 ῶπτο
1080 1140 1244 1211 τῆσδε
1270 1143 1573 1217 κρατούσης
1603 1142 1747 1204 ὅλως

333 1230 476 1286 3200
519 1230 857 1298 Ἀποστάτης
884 1252 968 1293 τις
998 1232 1031 1300 ἢ
1062 1229 1375 1305 τυραννίδος
1410 1230 1623 1305 ρέκτης,

507 1316 623 1372 Οὐκ
653 1314 895 1390 ἕνδρομή
925 1338 1008 1378 τις
1036 1318 1252 1386 ἐθνικῆς
1283 1319 1591 1392 ὁμαιχμίας

508 1401 696 1460 Ὅπλα
724 1404 978 1474 κινούσης
1008 1407 1146 1460 κατὰ
1177 1406 1461 1475 Ῥωμαίων
1488 1409 1737 1480 κράτους,

506 1491 579 1545 Οὐ
612 1488 871 1566 δυσχερές
903 1513 954 1546 τι
984 1494 1073 1548 καὶ
1105 1494 1401 1569 πρόσαντες
1430 1500 1511 1567 τῷ
1544 1496 1667 1571 βίῳ.

506 1581 687 1637 Πάντα
718 1578 775 1635 δὲ
802 1580 945 1635 καλὰ
972 1583 1061 1636 καὶ
1093 1581 1248 1637 πλέω
1281 1582 1572 1656 θυμηδίας,

330 1670 472 1724 3205
508 1669 681 1741 Ὡρῶν
713 1670 901 1742 κράσις
934 1669 1211 1744 εὔκρατος,
1241 1672 1511 1747 εὐετηρία,

510 1756 752 1826 Εὐθηνία
778 1758 1117 1832 πάγκαρπος,
1146 1756 1376 1836 ἄφθονος
1402 1762 1580 1835 χύσις,

507 1844 604 1901 Καὶ
632 1851 703 1919 γῆ
739 1844 867 1917 μέλι
897 1845 1090 1921 ῥέουσα
1118 1847 1206 1901 καὶ
1236 1847 1361 1921 γαλ’
1392 1849 1660 1925 ἀφθόνως,

500 1933 606 1989 Καὶ
642 1933 759 2007 βίος
790 1932 1024 2008 ἡσύχιος
1056 1933 1297 2009 εὐτυχὴς
1327 1937 1479 2009 ἄγαν.

500 2021 651 2077 Ἐπεί
683 2018 740 2075 δὲ
775 2022 891 2096 βίον
924 2020 1163 2077 ἐκλιπεῖν
1196 2023 1407 2086 πάντως
1436 2020 1564 2093 ἔδει,

321 2112 463 2167 3210
502 2111 643 2184 Πρὸς
672 2111 846 2182 τέρμα
880 2111 999 2184 βίου
1030 2114 1265 2187 κράτορα
1302 2112 1612 2185 Ῥωμαίδος

495 2198 631 2255 de.
659 2199 893 2274 Μιχαὴλ
926 2202 1260 2274 στρατιώτην
1294 2201 1524 2256 δεικνύει

494 2287 723 2361 Γηραιὸν
756 2285 942 2361 ἄνδρα,
976 2292 1283 2344 παντάπασι
1313 2285 1646 2361 πρεσϐύτην,

495 2370 829 2450 Ἀϐληχρὸν,
863 2373 1070 2448 άδέξιον
1105 2377 1180 2438 εἷς
1209 2378 1542 2452 κραταρχίαν

500 2463 593 2518 Ἐκ
615 2462 885 2537 νωχελίας
915 2468 1146 2540 φυσικῆς
1178 2467 1386 2538 γήρους
1416 2468 1461 2519 θ’
1492 2466 1628 2538 ἅμα,

327 2550 465 2606 3215
500 2548 765 2604 Ἕλκοντα
795 2552 976 2626 σειρὰν
1007 2550 1067 2606 ἐκ
1096 2553 1389 2620 Βυζαντίου
1420 2555 1631 2628 γένους,

498 2638 622 2695 Ἐπὶ
656 2638 949 2714 βράχιστον
982 2644 1078 2693 τοῦ
1111 2641 1341 2715 κράτους
1372 2641 1696 2715 γεγευμένον

500 2728 601 2782 Καὶ
639 2725 938 2799 μηδοτιούν
970 2732 1078 2782 τῶν
1105 2727 1288 2783 καλῶν
1320 2732 1662 2805 πεπραχότα.

498 2815 615 2890 Ἐφ’
646 2814 708 2870 οὗ
741 2812 868 2877 δυὰς
901 2813 1115 2887 ἤκμασε
1143 2822 1251 2872 τῶν
1282 2818 1566 2892 άριστεων,

498 2905 619 2959 Τῶν
651 2923 709 2957 τε
735 2908 1053 2977 στρατηγῶν
1086 2904 1287 2960 συνέσει
1316 2907 1363 2959 τ’
1394 2904 1650 2981 εὐανδρίᾳ

320 2991 461 3046 3220
497 2989 626 3046 Βίου
655 3010 713 3044 τε
742 2988 1093 3064 λαμπρότητι
1122 2993 1208 3045 καὶ
1238 2996 1307 3065 τῇ
1338 2998 1432 3047 τοῦ
1458 2995 1644 3068 γένους

492 3084 531 3131 Κ
575 3078 587 3095 “
665 3084 693 3095 ”
854 3077 941 3133 ’δό
1148 3078 1171 3098 ”
1204 3078 1230 3133 δ
1335 3102 1354 3113 ·
1440 3080 1450 3096 ’

536 3099 590 3132 αι
622 3099 781 3133 πασιν
814 3099 874 3133 ευ
946 3100 1112 3152 κιμος
1146 3100 1197 3133 εν
1236 3082 1352 3150 οξο,
1384 3102 1521 3135 πάνυ

487 3168 549 3223 Ὁ
582 3167 887 3223 Κατακαλὼ
920 3167 1224 3238 τούπίκλην
1255 3172 1582 3242 κεκασμένος
1616 3172 1748 3244 (46),

491 3257 632 3329 Πρὸς
668 3255 799 3326 τῷδ’
830 3254 1097 3317 Ἰσαάκιος
1130 3262 1427 3327 Κομνηνῶν
1456 3259 1664 3332 γένους,

494 3350 677 3405 Ὅστις
708 3342 944 3404 ἀποστάς
972 3342 1279 3420 πορφυρίδα
1302 3345 1388 3399 καὶ
1418 3348 1608 3423 στέφος

317 3431 463 3487 3225
498 3431 664 3502 Αὐτῷ
692 3432 1012 3504 περιέθηκεν
1045 3431 1271 3507 ἀντάρας
1300 3434 1502 3503 κράτει,

493 3518 590 3572 Καὶ
620 3518 816 3593 κράτος
846 3516 1103 3590 ἀδήριτον
1134 3516 1289 3594 ἔσχεν
1331 3521 1573 3579 είσάπαν.

490 3606 792 3677 Ἐξίσταται
821 3605 879 3662 δὲ
910 3608 1145 3682 Μιχαὴλ
1184 3610 1536 3685 κραταρχίας.

542 3724 881 3779 ιΣΑΑΚΙΟΣ
923 3726 967 3777 Ο
1010 3724 1395 3779 ΚΟΜΝΗΝΟΣ
1437 3728 1544 3781 ΕΤ.
1589 3727 1648 3782 Η’
1687 3746 1737 3789 ς.

494 3817 851 3893 Αὐτοκράτωρ
885 3818 975 3873 οὗν
1003 3821 1286 3892 Κομνηνὸς
1314 3817 1651 3896 δεδειγμένος

494 3908 753 3969 Ἶσαάκιος
780 3907 1033 3976 εὐσθενής
1063 3912 1451 3982 στρατηγέτης,

312 3996 456 4051 3230
494 3995 572 4051 Οὐ
601 3998 681 4066 τῷ
713 3999 829 4065 Θεῷ
859 3992 1091 4070 γέγραφε
1114 3996 1213 4063 τὴν
1249 3994 1522 4068 εὐτυχίαν,

490 4082 653 4151 Αὐτῷ
685 4081 742 4137 δὲ
777 4080 987 4153 μᾶλλον
1021 4082 1168 4157 χειρί
1195 4104 1248 4138 τι
1279 4083 1588 4161 ξιφηφόρῳ.

490 4171 589 4226 Καὶ
618 4176 778 4225 τοῦτο
811 4168 1004 4240 δῆλον,
1038 4174 1121 4234 οἷς
1151 4171 1341 4227 ἑαυτοῦ
1368 4174 1458 4228 τὸν
1490 4174 1659 4229 τύπον

492 4265 729 4334 Στατῆρι
757 4264 939 4314 τυπῶν
973 4256 1143 4329 δεξιὰν
1174 4262 1470 4334 τεταμένην

494 4347 863 4419 Ἐσπασμένην
898 4346 1099 4425 ἔγραφε
1121 4349 1323 4421 γυμνὸν
1354 4351 1416 4405 τὸ
1447 4349 1619 4428 ξίφος.

312 4437 459 4494 3235
493 4438 563 4492 Ἥ
595 4433 641 4490 δ’
672 4434 831 4498 οὗτιις
869 4436 1027 4511 ἀνὴρ,
1061 4436 1111 4490 έν
1144 4436 1425 4513 κεφαλαίῳ
1456 4461 1638 4515 φαναι,

493 4525 659 4587 Ἦθος
688 4518 918 4598 σοϐαρὸς
949 4523 1039 4578 καὶ
1079 4528 1570 4602 κατωρρρυωμένος,

494 4611 644 4684 Ὀξὺς
675 4612 811 4687 πρὸς
845 4608 995 4688 ἔργα,
1026 4617 1133 4690 πῦρ
1164 4614 1337 4669 πνέων
1367 4614 1419 4669 ἐν
1447 4622 1564 4677 ταῖς
1598 4617 1826 4691 μάχαις,

493 4702 826 4776 Δραστήριος
862 4697 1097 4773 μάλιστα
1118 4702 1208 4756 καὶ
1236 4700 1568 4775 τολμητίας,

492 4787 824 4863 Στρατηγίαν
853 4786 1061 4860 ἅριστο,
1093 4786 1306 4862 ἀνδρεία
1336 4791 1513 4867 φύσις,

305 4877 455 4932 3240
492 4876 604 4932 Οὐκ
628 4876 934 4948 ὡμιληκὼς
965 4875 1112 4946 πλὴν
1143 4880 1497 4953 προσανέχων
1527 4878 1739 4956 λόγοις·

488 4964 722 5037 Χάριτας
749 4964 908 5025 οὗτος
939 4963 1159 5020 ἐκτίνων
1193 4966 1460 5041 ἀρχιθύτῃ

490 5054 604 5121 Τῆς
636 5052 712 5113 εἰς
744 5053 805 5107 τὸ
834 5054 1031 5128 κράτος
1058 5051 1371 5129 συνδρομῆς
1400 5056 1693 5130 συνεργίας,

491 5139 758 5214 Φροντίδα
787 5142 998 5195 πάντων
1030 5142 1360 5217 πραγμάτων
1394 5144 1716 5216 Ἐκκλησίας

492 5232 711 5301 ’Ένειμε
738 5226 900 5301 τῷδε,
934 5229 1023 5282 καὶ
1054 5227 1196 5284 δυεῖν
1229 5230 1496 5308 ὀφφικίων

309 5320 456 5375 3245
493 5316 803 5389 Οἷκονόμου
831 5337 890 5371 τε
921 5316 1323 5394 σκευοφύλακός
1351 5322 1396 5383 θ’
1420 5323 1532 5394 ἅμα

495 5401 807 5480 Ηρόϐλησιν
841 5404 1068 5477 ἀπέταξε
1093 5408 1164 5479 τῇ
1194 5407 1511 5483 Ἐκκλησίᾳ,

388 5588 501 5661 (46)
530 5589 666 5646 Cod.
697 5586 1054 5660 κεκαυμένος.

1857 315 2218 369 σΕεΑΒΕε.

1958 406 1969 415 ί
2008 442 2059 505 Α
2083 436 2183 504 jus
2216 440 2440 490 rectum
2470 437 2669 493 dicens
2700 441 2757 493 et
2784 439 3061 510 suffragia
3093 441 3281 496 ferens
3315 460 3328 495 :

2082 532 2328 595 insuper
2358 527 2519 597 regia
2549 543 2682 581 cum
2716 528 3019 595 majestate
3040 528 3337 600 excipiens

2083 629 2211 681 quae
2241 614 2627 669 mittebantur
2656 617 2921 685 gentium
2954 616 3295 687 legationes.

2087 700 2232 770 Ergo
2260 702 2581 772 gloriosum
2621 702 2731 771 ipsi
2768 703 2919 759 Deus
2952 707 3232 775 regimen.

2085 790 2375 844 concessit
2406 794 2639 860 propter
2668 790 2862 861 legum
2896 792 3323 848 observantiam
3361 811 3374 847 :

2085 881 2142 931 et
2171 878 2312 948 quia
2341 878 2555 933 divinis
2580 895 2691 933 non
2728 880 3063 935 discedebat
3094 882 3336 953 regulis,

2086 965 2302 1019 idcirco
2334 971 2505 1031 Deus,
2537 966 2801 1036 inquam,
2835 968 2970 1022 huic
3002 969 3313 1039 imperium

2085 1070 2427 1124 prosperum
2458 1054 2686 1119 tribuit,
2720 1062 2919 1127 utpote
2950 1059 3347 1128 omnipotens.

2086 1142 2347 1213 Namque
2379 1142 2487 1197 hac
2518 1148 2795 1214 regnante
2827 1144 3025 1199 nullus
3056 1146 3288 1201 rebellis
3319 1148 3567 1219 exstitit,

2086 1246 2255 1285 nemo
2286 1232 2650 1301 tyrannidem
2686 1236 2912 1303 uspiam
2945 1234 3229 1305 arripuit;

2085 1318 2285 1373 nullus
2312 1319 2587 1374 incursus
2617 1323 3053 1389 conjuratarum
3085 1324 3345 1391 gentium

2084 1407 2265 1461 armis
2295 1412 2620 1461 Romanum
2657 1408 2907 1478 pulsavit
2934 1410 3247 1480 imperium
3285 1430 3298 1479 ;

2085 1495 2166 1549 nil
2198 1494 2510 1551 molestum
2544 1496 2920 1551 adversumve
2952 1502 3168 1553 mundo
3201 1500 3432 1558 accidit.

2084 1583 2235 1646 Quin
2276 1583 2473 1638 omnia
2503 1584 2693 1638 fausta
2724 1583 3013 1656 plenaque
3040 1584 3272 1657 laetitias,

2083 1673 2208 1727 casti
2241 1674 2573 1743 temperies,
2606 1673 2905 1728 fructuum
2938 1675 3230 1745 fertilitas,

2003 1784 2052 1848 B
2084 1776 2326 1814 annona
2357 1761 2550 1815 vilitas
2580 1767 2635 1815 et
2666 1764 2831 1833 copia
2860 1778 3078 1830 rerum,

1989 4484 2037 4549 D

2076 1863 2233 1920 terra
2263 1848 2433 1904 melle
2464 1849 2651 1903 ﬂuens
2682 1854 2739 1904 et
2765 1849 2911 1905 lacte
2942 1852 3252 1923 uberrime,

2068 1938 2196 1991 vitea
2229 1938 2418 2007 quies,
2450 1936 2703 1993 felicitas
2734 1940 3067 2009 omnigena.

2068 2026 2177 2080 Sed
2209 2025 2348 2095 quia
2377 2040 2654 2096 suprema
2676 2026 2935 2082 instabat
2965 2030 3306 2096 necessitas,

2067 2117 2396 2168 Romanum
2427 2114 2675 2167 moriens
2706 2114 3119 2185 imperatorem
3151 2122 3310 2171 creat

2069 2201 2407 2257 Michaelem
2443 2202 2759 2273 quemdam
2793 2202 3105 2273 agnomine
3135 2205 3503 2274 Stratiotam,

2069 2306 2269 2344 senem
2299 2291 2385 2345 vel
2421 2290 2614 2360 potius
2650 2307 2765 2344 aevo
2797 2291 3116 2363 decrepito,

2071 2378 2342 2444 debilem,
2373 2382 2547 2447 atque
2577 2377 2843 2447 ineptum
2874 2380 2945 2433 ad
2978 2380 3291 2450 imperium

2069 2465 2317 2535 segnitie
2344 2464 2590 2520 naturali
2628 2465 2909 2535 senioque
2940 2466 3140 2535 simul,

2069 2556 2170 2623 qui
2202 2553 2515 2625 Byzantina
2545 2554 2601 2608 in
2631 2554 2775 2608 urbe
2806 2559 2979 2609 natus
3012 2561 3155 2610 erat.

2068 2642 2174 2696 Hic
2202 2642 2509 2712 degustato
2540 2642 2884 2697 brevissime
2914 2642 3187 2714 imperio,

2070 2730 2215 2783 nihil
2249 2731 2533 2784 memoria
2562 2730 2807 2799 dignum
2841 2746 3093 2800 regnans
3125 2734 3280 2788 fecit.

2069 2819 2186 2871 Sub
2218 2834 2283 2873 eo
2314 2819 2566 2872 virorum
2599 2834 2703 2889 par
2740 2818 2938 2873 ﬂoruit
2967 2821 3355 2889 egregiorum,

2070 2905 2275 2961 bellica
2300 2905 2545 2961 scientia
2574 2910 2748 2976 atque
2780 2906 3139 2973 fortitudine,

2071 2994 2381 3065 splendore
2403 2993 2579 3049 simul
2607 2995 2737 3050 vites
2769 2995 3023 3063 avitique
3053 2997 3315 3069 generis;

2072 3082 2168 3137 ille
2198 3082 2473 3137 nimirum
2505 3082 2752 3139 celebris
2784 3100 2849 3137 ac
2880 3083 3333 3142 laudatissimus

2067 3171 2165 3242 qui
2199 3176 2583 3241 cognomento
2614 3171 2806 3226 dictus
2837 3179 2926 3227 est
2955 3173 3224 3229 Catacalo
3262 3191 3276 3229 :

2065 3258 2212 3314 alter
2233 3258 2489 3314 Isaacius
2518 3258 2946 3314 Comnenorum
2980 3276 3209 3328 genere,

2065 3348 2165 3417 qui
2196 3346 2507 3402 manifeste
2538 3347 2609 3400 ab
2642 3346 2886 3417 imperio
2933 3348 3210 3403 deﬁciens

2068 3450 2387 3505 purpuram
2422 3433 2615 3487 induit
2646 3450 3038 3506 coronamque
3072 3436 3273 3502 cinxit,

2065 3527 2124 3576 et
2153 3522 2281 3575 sine
2311 3521 2461 3577 bello
2491 3522 2699 3577 stabile
2730 3538 2973 3593 regnum
3007 3523 3221 3579 tenuit.

2065 3608 2311 3663 Michael
2345 3616 2532 3662 autem
2566 3608 2809 3679 imperio
2833 3626 2893 3665 se
2924 3610 3240 3667 abdicavit.

2136 3722 2459 3778 ISAACIUS
2498 3722 2886 3777 COMNENUS
2926 3725 3040 3779 AN.
3093 3725 3242 3791 VIII,
3283 3726 3489 3783 MENS.
3534 3728 3627 3781 VI.

2064 3822 2211 3891 Ergo
2241 3818 2555 3891 imperator
2582 3819 2865 3888 processit
2886 3823 3223 3877 Comnenus

2062 3908 2198 3963 belli
2228 3907 2587 3963 fortissimus
2616 3906 2732 3960 dux
2765 3908 3045 3976 Isaacius,

2062 3998 2359 4051 fortunam
2394 4012 2562 4049 suam
2593 4010 2965 4065 nequaquam
3000 3998 3110 4052 Deo
3142 3997 3431 4070 tribuens,

2064 4087 2165 4142 sed
2198 4084 2310 4141 sibi
2345 4084 2529 4155 magis
2564 4083 2922 4155 brachiaque
2952 4086 3218 4143 ensifero.

2069 4175 2125 4229 Id
2158 4173 2494 4241 declaravit,
2527 4188 2659 4227 cum
2696 4189 2869 4227 suum
2902 4178 3104 4245 typum

2064 4268 2280 4319 statere
2309 4262 2551 4330 cudens,
2584 4265 2913 4333 protentam
2946 4264 3238 4320 dexteram

2063 4368 2317 4423 enseque
2344 4351 2502 4406 nudo
2535 4355 2820 4406 armatam
2854 4350 3172 4423 inscripsit.

2066 4440 2203 4495 Erat
2231 4439 2324 4494 hic
2354 4439 2461 4506 vir,
2493 4441 2554 4493 ut
2586 4438 2924 4492 summatim
2958 4440 3171 4509 dicam,

2069 4544 2230 4584 more
2255 4543 2474 4593 severo,
2508 4526 2760 4580 adducto
2783 4526 3114 4595 supercilio,

2064 4617 2318 4688 impigra
2346 4630 2541 4685 opera,
2574 4614 2780 4683 igneus
2812 4613 2873 4668 in
2906 4614 3145 4683 praeliis,

2066 4706 2271 4761 audaci
2304 4704 2519 4768 animo,
2553 4707 2827 4756 actuosus
2866 4702 3137 4767 maxime,

2066 4792 2332 4866 egregius
2358 4793 2495 4856 dux,
2524 4790 2734 4844 martio
2764 4791 2938 4846 corde
2972 4792 3269 4863 prmditus,

2065 4882 2229 4936 rudis
2259 4880 2607 4941 litterarum,
2643 4878 2742 4932 sed
2774 4883 2968 4933 tamen
3001 4880 3323 4935 studiosus.

2064 4970 2165 5024 Hic
2198 4967 2536 5040 patriarchae
2577 4965 2833 5020 debitam
2866 4966 3109 5034 gratiam
3142 4968 3398 5023 referens

2065 5057 2166 5128 qui
2196 5058 2308 5110 sibi
2338 5054 2650 5126 imperium
2684 5055 2917 5108 adeunti
2951 5054 3189 5119 faverat,

2064 5149 2411 5200 cunctarum
2443 5141 2530 5196 illi
2560 5158 2753 5197 rerum
2788 5140 3052 5195 Ecclesiae
3084 5158 3283 5197 curam

2061 5233 2287 5301 tribuit,
2319 5237 2375 5287 et
2404 5231 2653 5286 duorum
2687 5228 2865 5283 simul
2897 5228 3220 5284 officiorum

2063 5321 2345 5377 ceconomi
2373 5318 2639 5373 videlicet
2667 5322 2723 5372 et
2752 5316 3185 5388 scevophylacis

2062 5410 2295 5466 creandi
2329 5410 2677 5480 potestatem
2710 5405 2976 5461 Ecclesiae
3007 5405 3207 5472 dedit;

3628 321 3732 377 130
