4132 6300
440 415 545 473 431
1656 416 2028 472 ΕΡΗΒΕΜΠ
2064 422 2072 461 ε

2198 412 2635 469 LONOGRAPHI
3734 421 3830 479 432

454 559 582 611 quas
613 558 705 597 res
737 539 1008 610 suffragio
1041 539 1194 611 regis
1224 539 1400 595 ﬁebat
1428 542 1616 594 antea.

2110 536 2167 601 Α
2372 532 2485 606 Πρὸ
2512 536 2610 588 τοῦ
2639 532 2855 607 βασιλεῖ
2876 533 3039 605 τήνδε
3069 534 3195 612 δρᾷν
3227 538 3533 612 ἀνειμένην·

438 632 654 687 Deinde
682 630 924 701 Scythas
955 629 1402 699 Pannoniosque
1433 626 1796 699 aggrediens.

2370 620 2470 676 Καὶ
2496 621 2630 676 κατὰ
2662 624 2878 676 Σκυθῶν
2912 622 3296 698 ἐκστρατεύσας
3323 629 3412 682 καὶ
3466 624 3729 705 Οῧγγρων

437 718 588 775 bello
618 718 790 786 vicit;
824 717 955 773 illos
987 716 1182 788 prazlio
1210 716 1508 786 frangens,

2368 712 2624 779 ’Ἡττησιο
2654 709 2782 772 τοὺς
2816 712 2908 783 μὲν
2940 708 3265 769 καταϐαλὼν
3299 713 3350 769 ἒν
3388 718 3611 791 μάχαις,

436 808 529 863 his
560 824 691 862 vero
717 804 1070 877 postulatam
1103 805 1451 874 impertiens
1487 818 1708 875 pacem.

2192 799 2332 853 3250
2372 795 2617 859 Σπονδὰς
2651 795 2697 851 δ’
2723 796 2996 873 Οὕγγροις
3030 798 3215 871 ἔθηκεν
3250 802 3669 877 έξαιτουμένοις.

436 900 581 967 Ergo
609 911 743 950 cum
778 895 961 949 victor
984 892 1134 948 bello
1167 895 1580 956 reverteretur,

2367 884 2688 962 Νικηφόρος
2716 891 2843 960 γοῦν
2879 887 3332 967 ἀνθυποστρέφων
3368 891 3552 967 μάχης

437 984 563 1040 loco
594 982 806 1039 Moesiae
838 983 1093 1053 quodam
1120 981 1210 1036 cui
1244 995 1456 1035 nomen
1490 978 1726 1034 Lobitzo

2368 974 2545 1048 Χώρῳ
2575 969 2825 1043 Λοϐιτζῶ
2858 976 3066 1039 Μυσίας
3095 977 3420 1052 κεκλημένῳ

438 1072 631 1128 hieme
665 1070 1010 1127 desaeviente
1043 1069 1356 1125 tentorium
1390 1067 1618 1123 statuit.

2366 1063 2651 1135 Χειμῶνος
2680 1062 2795 1137 ὣρᾳ
2823 1064 3049 1139 πηγνύει
3084 1068 3288 1137 σκηνὴν
3320 1069 3517 1143 φέρων·

436 1160 653 1216 Verum
687 1162 953 1214 cessante
986 1160 1134 1221 nive,
1168 1159 1276 1212 sub
1310 1172 1588 1227 quercum
1620 1155 1763 1210 abiit

2366 1150 2601 1219 ’Υπῆλθε
2627 1148 2683 1205 δὲ
2714 1149 2859 1225 δρῦν,
2889 1158 3103 1230 νιφετοῦ
3132 1158 3503 1228 πεπαυμένου,

442 1247 941 1312 ramosissimam,
975 1248 1258 1318 grandem
1291 1254 1341 1300 el
1375 1244 1694 1314 insolitam,

2189 1240 2330 1295 3255
2370 1237 2475 1292 Σὺν
2504 1244 2620 1300 τοῖς
2657 1240 2771 1311 μεθ’
2801 1240 2964 1295 αὐτοῦ
2994 1242 3308 1316 προκρίτοις
3340 1244 3624 1319 γερουσίας

440 1352 573 1392 cum
608 1335 960 1406 optimatum
991 1333 1269 1388 comitatu
1301 1337 1490 1387 Caesar

2369 1330 2559 1380 Πασῶν
2594 1331 2852 1402 μεγίστην
2879 1327 2968 1383 καὶ
2999 1329 3357 1386 πολύκλωνον
3392 1332 3564 1404 ξένην·

441 1425 604 1497 regio
640 1412 1016 1495 progrediens
1044 1437 1255 1492 nempe
1285 1418 1684 1487 tabernaculo,

2368 1421 2582 1485 Σκηνῆς
2611 1414 2892 1490 προελθὼν
2924 1419 3022 1485 τῆς
3059 1417 3335 1492 βασιλείου
3363 1417 3485 1475 τότε

437 1514 537 1568 ubi
571 1512 629 1567 in
661 1511 907 1567 consilio
936 1510 1165 1581 negotia
1191 1509 1561 1580 expediverat
1594 1524 1607 1563 :

2366 1502 2545 1575 Οὗπερ
2576 1503 2840 1565 συνεστὼς
2874 1503 3071 1576 ὡμίλει
3105 1503 3420 1583 δεδογμένα·

436 1618 571 1657 cum
602 1616 734 1656 ecce
765 1599 960 1654 subito
992 1600 1189 1669 fragor
1215 1600 1500 1652 excitatus

2367 1596 2541 1664 Θροῦς
2573 1588 2617 1646 δ’
2649 1590 2903 1663 ἐξαπίνης
2932 1594 3020 1648 καὶ
3056 1594 3156 1669 βοή
3190 1616 3272 1657 τις
3298 1591 3547 1669 συμϐᾶσα

435 1705 631 1761 regem
663 1689 909 1758 ejusque
950 1686 1139 1741 socios
1167 1686 1237 1739 de
1269 1700 1485 1755 quercu
1522 1682 1759 1750 amovit,

2188 1680 2328 1735 3260
2367 1682 2570 1736 Τοῦτον
2607 1685 2829 1753 μεθιστᾷ
2857 1688 2957 1751 τῆς
2989 1680 3150 1758 δρυὸς
3178 1684 3304 1746 τούς
3332 1686 3379 1739 τ’
3413 1686 3466 1740 έν
3494 1683 3660 1742 τέλει·

434 1777 565 1850 ipsa
594 1780 787 1832 autem
818 1774 986 1831 vulsa
1018 1772 1299 1829 radicitus
1324 1771 1544 1828 corruit
1571 1796 1585 1839 ;

2362 1768 2427 1823 Ἡ
2459 1765 2504 1821 δ’
2534 1766 2722 1823 αὐτίκα
2750 1770 3030 1825 πέπτωκεν
3062 1771 3120 1825 ἐκ
3150 1770 3312 1848 ῥιζῶν
3344 1772 3471 1845 ὅλη,

436 1871 497 1922 at
526 1866 718 1922 Caesar
746 1880 947 1920 necem
980 1879 1115 1920 cum
1150 1862 1431 1918 comitatu
1463 1860 1687 1931 effugit.

2109 1872 2158 1936 B
2362 1855 2460 1909 Καὶ
2492 1854 2745 1931 βασιλεὺς
2771 1859 3005 1935 πέφευγε
3036 1858 3127 1913 σὺν
3157 1856 3350 1923 ἄλλοις
3381 1861 3573 1938 μόρον·

437 1955 828 2018 Quamobrem
861 1958 1056 2025 grates
1087 1953 1314 2007 debitas
1345 1956 1411 2005 ut
1440 1954 1552 2005 Deo
1585 1949 1851 2004 redderet

1670 1949 1851 2004 lderet
2358 1945 2514 2001 ⁸Οθεν
2547 1947 2880 2020 χαριστήρια
2906 1951 2986 2018 τῷ
3016 1952 3132 2018 Θεῷ
3160 1948 3302 2005 θύων

438 2043 596 2114 regio
626 2044 685 2098 in
719 2042 933 2115 palatio
963 2040 1185 2097 Theclae
1215 2038 1565 2112 apostolicae,

2356 2032 2445 2088 'Ev
2484 2031 2782 2108 βασιλείοις
2814 2032 3165 2107 ΐσαποστόλῳ
3194 2035 3389 2110 Θέκλῃ,

439 2134 590 2205 (ejus
619 2131 775 2187 enim
800 2131 945 2185 festo
976 2129 1069 2185 die
1099 2129 1310 2184 vitarat
1339 2128 1546 2197 fatum)

2182 2121 2322 2176 3265
2357 2122 2593 2195 (Μνήμῃ
2624 2122 2727 2196 γὰρ
2754 2121 2921 2192 αὐτῆς
2951 2120 3286 2198 ἐκδιδράσκει
3316 2127 3407 2180 τὸν
3437 2126 3617 2203 κόρον)

436 2219 901 2292 pulcherrimum
935 2217 1243 2273 delubrum
1275 2215 1561 2271 excitavit.

2356 2208 2664 2264 Κάλλιστον
2695 2210 2944 2283 ἀνήγειρε
2972 2213 3094 2266 ναὸν
3131 2212 3182 2267 ἐν
3220 2213 3454 2288 βάθρων.

438 2309 584 2365 Huic
612 2309 773 2363 visus
803 2312 892 2361 est
922 2306 1153 2361 venanti
1184 2306 1243 2358 in
1278 2304 1547 2376 angustis
1578 2302 1721 2357 locis

2356 2302 2600 2371 Θηρῶντι
2631 2297 2772 2371 τῷδε
2801 2301 2934 2374 πρὸς
2966 2307 3151 2356 στενοῦ
3182 2323 3286 2357 που
3318 2310 3551 2379 χωρίοις

431 2413 572 2469 aper
601 2412 872 2467 magnus,
908 2395 1257 2463 horrendus,
1292 2392 1541 2448 exsertis
1572 2390 1868 2452 dentibus,

2358 2392 2462 2449 Σῦς
2494 2386 2642 2442 ὦπτο
2675 2388 2897 2462 φρικτὸς
2923 2390 3012 2443 καὶ
3043 2390 3206 2464 μέγας
3239 2392 3592 2467 χαυλιόδους,

434 2502 608 2557 quem
641 2485 833 2540 Caesar
862 2499 999 2538 ense
1031 2484 1232 2538 stricto
1263 2482 1403 2536 dum
1437 2479 1835 2551 persequitur,

1773 2495 1835 2548 Γ,
2354 2478 2450 2532 ’Όν
2476 2476 2543 2544 ἦν
2577 2474 2788 2531 διώκων
2821 2478 3059 2548 ἱππότης
3089 2482 3405 2558 ξιφηφόρος.

432 2573 531 2630 ille
556 2591 618 2630 se
650 2574 830 2629 maris
859 2572 1136 2627 ﬂuctibus
1166 2571 1574 2640 submergens,

2176 2565 2316 2619 3270
2356 2568 2459 2618 Σῦν
2494 2562 2539 2619 δ’
2571 2562 2840 2620 ὑποδύντα
2878 2567 3289 2640 κυματούμενον
3320 2568 3483 2625 σάλον

431 2661 824 2733 spectantium
860 2661 1055 2716 subito
1087 2659 1322 2714 evanuit
1360 2657 1564 2712 oculis.

2352 2654 2584 2727 Ὁρῶσιν
2614 2651 2832 2707 ἀθέατον
2868 2653 3000 2707 εἶναι
3031 2656 3331 2711 παντάπαψ

430 2753 594 2807 Tunc
624 2751 790 2806 aiunt
830 2748 1098 2803 fulminis
1130 2746 1282 2802 velut
1312 2747 1430 2801 ictu
1462 2745 1749 2817 percitum

2350 2740 2438 2803 Ὡς
2468 2740 2744 2815 ἀστραπῆς
2775 2739 2822 2795 δ’
2853 2742 3056 2814 ἅλματι
3090 2742 3357 2817 βληθέντα
3388 2743 3556 2822 λόγος

428 2840 840 2911 imperatorem
874 2836 1043 2893 humi
1077 2836 1404 2892 concidisse
1435 2838 1711 2897 stratum,

2350 2833 2536 2882 Πεσεῖν
2568 2832 2866 2902 κρατοῦντα
2896 2830 3031 2904 πρὸς
3061 2830 3233 2903 χθόνα
3262 2836 3609 2907 παραυτίκως

428 2944 670 3000 spumas
702 2944 799 2982 ore
829 2930 1119 2997 agentem,
1154 2941 1258 2980 nec
1288 2926 1406 2995 jam
1442 2922 1655 2992 aliquid

2349 2916 2545 2994 Ἀφρόν
2575 2937 2631 2971 τε
2658 2921 2754 2970 τοῦ
2784 2917 3053 2989 στόματος
3083 2917 3379 2976 ἐκπτύοντά
3417 2944 3532 2986 πως

430 3015 853 3086 intelligentem
889 3016 1202 3079 sensibus;
1237 3013 1419 3067 donec
1450 3009 1757 3082 paululum

1714 3026 1757 3064 ἹΙ
2171 3007 2312 3061 3275
2351 3006 2446 3059 Καὶ
2478 3003 2722 3059 συνιέντα
2753 3001 3047 3077 μηδοτιοῦν
3085 3004 3346 3078 μηδόλως

429 3108 624 3159 mente
655 3106 906 3174 recepta,
938 3102 1182 3156 tradidit
1213 3100 1525 3170 imperium

2346 3095 2554 3167 Μικρὸν
2590 3090 2635 3147 δ’
2666 3093 3011 3166 ἀνανήψαντα
3044 3092 3225 3150 δοῦναι
3256 3098 3317 3152 τὸ
3347 3101 3565 3172 κράτος,

427 3193 721 3249 Ducarum
754 3190 1133 3245 Constantino
1175 3187 1394 3242 familia
1427 3193 1584 3241 nato.

2096 3230 2138 3263 ρ
2342 3186 2430 3253 Τῷ
2460 3182 2614 3258 φύντι
2648 3186 2862 3235 Δουκῶν
2896 3181 2954 3236 ἐκ
2981 3183 3168 3256 γένους
3199 3189 3603 3263 Κωνσταντίνῳ.

427 3230 721 3249 “cum...”
756 3230 1133 3245 υνμυυυιμιωυ
1175 3230 1394 3242 ...........
1427 3230 1584 3241 ...μω

426 3283 481 3336 Is
513 3284 711 3336 autem
745 3276 1099 3351 paupercula
1130 3277 1373 3331 indutus
1406 3274 1607 3329 tunica

2096 3230 2140 3295 ο
2346 3230 2525 3327 Atrei;
2543 3230 2614 3323 '8;
2638 3230 3329 3345 αἶρἰξρεᾯὶοῖἡᾉᾷέρζέἆεζέῼᾷ

427 3369 499 3424 ad
531 3367 953 3424 monasterium
988 3365 1178 3420 Studii
1211 3381 1271 3420 se
1302 3362 1568 3431 contulit,

2348 3360 2509 3430 Μονῇ
2539 3354 2858 3432 προσελθεῖν
2888 3358 3070 3434 εὖαγεῖ
3098 3365 3193 3414 τοῦ
3226 3361 3508 3437 Στουδίου,

422 3460 598 3527 atque
628 3454 710 3509 ibi
738 3454 1024 3526 reliquam
1057 3453 1249 3524 exegit
1276 3453 1457 3506 vitam

2168 3448 2308 3503 3280
2348 3446 2516 3501 Κάκεῖ
2537 3445 2599 3499 τὸ
2632 3444 2825 3499 λοιπὸν
2857 3450 2951 3500 τοῦ
2985 3448 3107 3522 βίου
3140 3444 3379 3505 διανύσαι

425 3545 669 3617 pulchre
709 3546 984 3600 recedens
1024 3560 1196 3615 pravo
1225 3543 1356 3596 vitae
1384 3555 1617 3612 genere.

2345 3534 2538 3596 Καλῶς
2570 3532 2949 3609 ἀνασφήλαντα
2973 3542 3071 3605 τῆς
3100 3537 3371 3611 καχεξίας.

423 3636 530 3690 Hic
560 3632 891 3705 tyrannidis
920 3632 1142 3686 crimen
1175 3628 1609 3698 objicientibus,

2343 3620 2663 3697 Τυραννίδος
2694 3619 2739 3675 δ’
2769 3618 2989 3699 ἔφασκεν
3022 3623 3368 3699 αἶτιωμένοις

423 3721 615 3786 Nolui,
641 3720 962 3791 respondit,
997 3733 1279 3773 conservo
1312 3716 1410 3771 diu
1443 3716 1707 3787 obsequi,

2346 3713 2469 3768 ’Ότι
2501 3731 2624 3784 περ,
2655 3713 2884 3766 Ὠκνουν
2916 3715 2994 3783 τῷ
3026 3716 3303 3789 συνοικέτῃ
3327 3718 3461 3781 τέως

425 3810 526 3882 qui
554 3808 697 3865 mihi
727 3808 984 3863 debitam
1016 3806 1263 3877 gratiam
1298 3822 1409 3860 non
1444 3806 1703 3859 referret.

2343 3801 2651 3874 Ὑπηρετῶν
2687 3798 2742 3852 εὖ
2774 3798 2995 3853 εἰκότων
3034 3802 3109 3873 μὴ
3139 3805 3446 3877 τυγχάνειν,

680 3894 1213 3953 CONSTANTINUS
1253 3892 1485 3948 DUCAS
1525 3892 1642 3947 AN.
1683 3891 1800 3947 ΧΙΙ.

2396 3889 2932 3945 ΚΩΝΣΤΑΝΤΙΝΟΣ
2973 3890 3017 3946 Ο
3059 3896 3320 3947 ΔΟΥΚΛΣ
3362 3897 3445 3951 ΕΤ
3485 3898 3584 3955 ΙΒ’.

423 3986 567 4043 Cum
592 3986 806 4053 Ducas,
846 3984 929 4039 uti
960 3983 1098 4049 dixi,
1130 3982 1358 4053 imperii
1389 3981 1650 4036 habenas

2164 3978 2306 4032 3285
2342 3975 2493 4032 Ἐπεὶ
2522 3974 2579 4030 δὲ
2610 3975 2832 4046 Δούκας,
2865 3978 2938 4039 ὡς
2980 3975 3134 4055 ἔφην,
3167 3979 3465 4055 αὐταρχίας

423 4074 807 4145 corripuisset
836 4072 1001 4128 facile
1031 4076 1087 4126 et
1108 4070 1305 4127 labore
1335 4070 1517 4133 nullo,

2342 4065 2734 4139 Ἀπραγμόνως
2766 4062 2926 4138 ἔτυχε
2955 4066 3043 4119 καὶ
3074 4067 3250 4140 χωρὶς
3274 4070 3463 4139 πόνου,

423 4162 647 4219 nobiles
672 4160 910 4227 multos,
944 4158 1121 4215 simul
1150 4163 1207 4213 et
1234 4157 1514 4228 plebeios,

2341 4150 2592 4213 Πολλοὺς
2624 4151 2907 4226 γερουσίας
2939 4172 2999 4206 τε
3028 4154 3117 4207 καὶ
3151 4160 3259 4210 τῶν
3292 4159 3574 4235 συρφάκων

424 4252 497 4307 ad
530 4249 846 4323 dignitates
878 4247 1086 4304 extulit
1116 4244 1437 4313 sublimes;

2340 4237 2435 4300 Εἷς
2466 4237 2599 4312 ὕψος
2632 4240 2893 4314 ἀνήγαγεν
2922 4239 3265 4314 ἀξιωμάτων·

418 4338 510 4395 vir
538 4340 750 4409 bonus,
782 4337 936 4409 pius,
970 4339 1274 4390 mansueto
1306 4331 1563 4402 ingenio,

2342 4329 2503 4400 Ἀνὴρ
2533 4328 2754 4401 ἀγαθὸς,
2784 4323 3028 4399 εὐσεϐὴς,
3055 4336 3225 4402 πρᾶος
3255 4332 3427 4410 φύσει,

420 4427 605 4493 mitis,
637 4425 1017 4496 tranquillus,
1050 4422 1303 4477 subditis
1336 4419 1676 4487 benevolus,

2162 4419 2303 4475 3290
2341 4416 2614 4488 Χρηστὸς,
2645 4416 2907 4490 γαληνὸς,
2942 4416 3170 4490 εὐμενὴς
3202 4420 3486 4493 ὑπηκόοις,

420 4513 625 4588 regula
648 4514 823 4585 juris,
851 4510 1212 4583 judiciorum
1242 4509 1376 4563 lanx
1406 4508 1675 4579 quaedam
1709 4523 1723 4563 :

2086 4581 2118 4588 _
2342 4506 2583 4577 Γνώμων
2615 4501 2824 4558 δικαίου
2854 4504 2944 4559 καὶ
2977 4502 3142 4562 δικῶν
3174 4512 3523 4586 ζυγοστάτηςι

423 4605 675 4676 Ignavus
707 4599 1061 4671 ceteroquin
1094 4602 1264 4668 atque
1295 4613 1523 4665 socors;

2082 4581 2129 4646 Ι)
2337 4593 2569 4665 Γνώμην
2603 4589 2661 4647 δὲ
2684 4593 2890 4668 νωθρὸς
2920 4594 3181 4670 νωχιλής
3208 4581 3267 4653 τὲ
3293 4581 3556 4674 καθάπαξ,

421 4698 480 4749 et
508 4690 661 4764 frugi
693 4690 930 4763 quidem
959 4688 1226 4743 homines
1258 4686 1529 4759 diligens,

2339 4679 2569 4755 "AvSpac
2599 4680 2819 4756 ἐραστὰς
2853 4682 3046 4756 ἀρετῆς
3076 4686 3313 4761 στέργων
3341 4688 3500 4761 πάνυ,

422 4782 523 4837 sed
558 4781 830 4835 laborans
862 4777 999 4832 audi
1031 4776 1285 4831 absurdo
1317 4791 1536 4839 amore,

2340 4773 2551 4825 ’Ήττων
2585 4775 2798 4846 χρυσοῦ
2829 4768 2887 4825 δὲ
2915 4791 3027 4847 χρη
3040 4772 3219 4846 μάτων
3254 4776 3319 4831 αὗ
3350 4777 3610 4852 ἐκτόπως,

422 4868 712 4931 minutus,
745 4864 1042 4933 sordidus,
1070 4862 1331 4917 minimis
1362 4862 1539 4917 lucris
1570 4861 1827 4917 inhians.

2164 4862 2306 4917 3295
2342 4858 2773 4934 Ματαιολοιχὸς,
2807 4858 3197 4937 δυσγρίπιστος
3223 4865 3312 4919 καὶ
3343 4867 3568 4946 γνίφων,

419 4957 641 5027 Nempe
672 4953 1031 5027 praecipuum
1063 4950 1383 5007 collocabat
1408 4950 1671 5007 studium

2343 4949 2641 5023 Ἀνώτερον
2672 4947 2995 5022 σπούδασμα
3022 4952 3193 5014 τιθεὶς
3224 4956 3510 5029 φροντίδος

422 5044 600 5116 idque
631 5042 894 5115 quotidie
926 5040 1129 5097 sedulo
1161 5040 1407 5095 curabat

2344 5036 2571 5110 Σχολῆς
2600 5057 2659 5091 τε
2688 5038 2866 5106 πάσης
2897 5038 3108 5114 ἡμέραν
3142 5038 3191 5111 ἐξ
3223 5044 3432 5119 ἡμέρας

423 5137 488 5188 ut
521 5131 706 5203 pluris
736 5131 1012 5185 dominus
1044 5129 1209 5184 ﬁeret
1240 5127 1519 5198 pecunias,

2344 5128 2470 5187 Πῶς
2497 5145 2607 5199 χρη
2620 5127 2801 5198 μάτων
2830 5125 3043 5201 γένοιτο
3074 5127 3301 5186 πολλῶν
3336 5130 3621 5207 δεσπότης,

422 5221 798 5293 splendidum
832 5218 958 5274 auri
989 5233 1308 5289 congerens
1338 5216 1679 5271 thesaurum

2342 5214 2619 5288 Θησαυρὸν
2653 5208 2814 5286 ἁϐρὸν
2846 5214 3120 5289 ἠρανικὼς
3151 5219 3374 5292 χρυσίου

424 5316 481 5365 et
509 5325 682 5382 grave
715 5308 942 5381 pondus
965 5304 1189 5377 argenti
1219 5304 1534 5360 innumeri.

2165 5305 2305 5360 3300
2344 5299 2531 5377 Ἀδρόν
2563 5321 2620 5355 τε
2652 5301 2823 5375 σωρὸν
2856 5301 3101 5358 άπλέτων
3129 5305 3415 5381 ἀργυρίων.

418 5398 716 5469 Augendis
748 5396 929 5467 igitur
957 5395 1169 5449 annuis
1200 5393 1486 5448 reditibus

2347 5390 2540 5448 Τοίνυν
2570 5388 2809 5459 έπαύξειν
2843 5390 3097 5469 εἰσφοράς
3128 5391 3372 5463 ἐτησίους

416 5486 652 5541 tributis
684 5483 934 5556 publicis
966 5488 1143 5553 atque
1172 5480 1555 5552 vectigalibus

2342 5476 2590 5550 Δασμούς
2621 5498 2678 5532 τε
2708 5477 2928 5542 κοινοὺς
2957 5476 3259 5551 δημοσίους
3293 5482 3342 5538 δ’
3371 5487 3435 5540 αὗ
3468 5488 3664 5565 φόρους

417 5574 672 5631 instabat
696 5570 1135 5644 impensissime
1162 5573 1218 5625 et
1248 5570 1419 5625 verbo
1447 5573 1504 5625 et
1532 5584 1726 5641 opere,

2341 5563 2605 5624 Ἐσπευδε
2632 5565 2722 5620 καὶ
2753 5565 3059 5643 πράγμασιν
3095 5568 3173 5622 ἀεὶ
3207 5571 3295 5625 καὶ
3328 5572 3513 5648 λόγοις

418 5677 601 5737 eaque
631 5659 1106 5734 redemptoribus
1136 5656 1364 5715 venalia
1395 5658 1596 5715 dabat.

2342 5660 2486 5735 Σφᾶς
2517 5653 2712 5720 ὠνίους
2742 5653 2883 5732 δρῶν
2914 5656 3219 5733 χρημάτων
3244 5659 3544 5737 ᾑρημένοις
