4154 6304
497 343 602 397 135
1701 344 2070 399 ΕΡΗΒΕΜῙῙ
2106 341 2137 396 C

2242 340 2679 400 LONOGRAPHI
3783 347 3882 404 I36

494 469 552 522 et
581 483 683 538 pro
714 466 1061 523 exercitibus
1094 468 1297 524 adibat
1327 467 1607 540 pericula.

2158 467 2213 533 Α
2418 464 2698 535 Ὑπηκόων
2732 464 2925 541 ἄριστα
2951 467 3041 520 καὶ
3073 463 3508 541 δτρατιυμάτων·

496 554 683 625 Hujus
712 556 971 611 diversas
1001 574 1134 611 cum
1166 557 1333 612 hoste
1365 573 1611 629 pugnas,

2425 553 2498 605 Οὗ
2526 554 2621 614 τὰς
2651 556 2766 608 κατ’
2792 553 3003 629 ἐχθρῶν
3034 552 3351 626 συμπλοκάς
3379 575 3437 609 τε
3463 555 3553 609 καὶ
3577 556 3776 631 μάχας,

492 643 784 710 victorias,
818 644 1067 715 palmas,
1099 650 1155 699 et
1185 646 1581 714 strennitates,

2246 642 2388 696 3365
2425 640 2606 711 Νίκας,
2639 642 2909 715 ἀριστείας
2934 663 3013 712 τε,
3043 642 3317 717 γενναίους
3348 641 3566 712 ἄθλους,

492 736 698 787 caetera
726 732 973 787 honesta
1004 733 1155 788 facta
1187 733 1374 787 verbis
1406 734 1596 787 dicere

2423 729 2521 782 Καὶ
2550 727 2728 784 τᾶλλα
2757 727 2939 783 καλῶν
2972 728 3325 805 παραδιδόναι
3346 729 3496 804 λόγῳ

490 822 812 876 summario
843 822 902 875 in
942 837 1113 892 opere
1146 823 1462 876 admodum
1496 819 1758 875 difﬁcile.

2419 814 2687 891 Ἐργῷδές
2719 816 2828 871 ἐστι
2861 818 3123 891 συντομία
3152 817 3485 893 χρωμένοις.

490 911 545 963 Is
576 914 778 964 contra
808 909 971 965 hotes
1005 910 1295 979 protectus
1328 910 1633 978 Barbaros,

2419 905 2589 966 Οὗτος
2622 906 2738 959 κατ’
2768 904 2978 981 ἐχθρῶν
3011 906 3396 979 ἐκστρατεύσας
3426 902 3719 984 Βαρϐάρων

492 998 695 1052 Persas
724 998 1013 1063 videlicet,
1047 1000 1146 1069 qui
1179 998 1303 1052 loca
1334 998 1584 1051 finitima

2421 997 2635 1067 Περσῶν
2660 995 2969 1048 κακούντων
2998 996 3066 1048 τὰ
3093 995 3360 1070 πρόσοικα
3385 995 3564 1069 χωρία

482 1084 738 1140 Ciliciam
763 1090 817 1139 et
838 1085 1174 1140 Phcenicem
1200 1087 1604 1152 devastabant,

2234 1082 2375 1135 3370
2414 1081 2495 1137 Τὰ
2524 1082 2659 1155 πρὸς
2690 1081 2907 1154 Κιλικίᾳ
2934 1103 2993 1137 τε
3020 1082 3109 1137 καὶ
3138 1086 3207 1156 τῇ
3241 1084 3468 1155 Φοινίκῃ

479 1172 734 1228 Orientis
767 1174 940 1228 urbes
969 1174 1162 1245 raptui
1197 1175 1518 1244 praedaeque
1560 1173 1894 1239 habebant;

2414 1167 2836 1237 Λεηλατούντων
2865 1171 2955 1225 καὶ
2986 1170 3175 1232 πόλεις
3204 1170 3297 1233 τὰς
3329 1173 3442 1226 καθ’
3471 1174 3608 1241 "Em,

481 1277 613 1315 cum
648 1262 760 1329 nis,
787 1261 1052 1331 inquam,
1085 1262 1247 1332 gravi
1279 1266 1547 1316 conserto
1583 1260 1777 1332 praelio

2410 1256 2514 1313 Καὶ
2546 1257 2903 1333 συῤῥαγείσης
2931 1264 3189 1334 καρτερᾶς
3222 1261 3424 1336 ἀμφοῖν
3461 1262 3668 1335 μάχης,

480 1353 689 1420 captus
718 1355 806 1404 est
837 1367 869 1403 a
901 1342 1189 1413 B'arbaris,
1222 1350 1333 1404 heu
1360 1350 1371 1403 Ι
1407 1349 1491 1403 vir
1520 1354 1823 1414 strenuus,

2410 1348 2519 1398 Φεῦ
2550 1350 2647 1421 φεῦ
2674 1348 2685 1401 !
2720 1346 2866 1400 έάλω
2898 1342 3200 1423 Βαρϐάροις
3231 1349 3259 1401 ὁ
3289 1346 3566 1423 γεννάδας,

478 1440 566 1491 vir
595 1438 691 1507 qui
724 1437 965 1492 hostiles
996 1437 1252 1507 legiones
1286 1437 1708 1507 prosternebat,

2405 1433 2466 1488 Ὀ
2496 1434 2668 1487 πάντα
2700 1433 2975 1509 λαμπρὸς,
3009 1436 3037 1488 ὁ
3066 1434 3279 1489 κλονῶν
3311 1436 3523 1511 ἐχθρῶν
3552 1435 3699 1507 ἴλας,

480 1525 724 1581 Romani
756 1525 985 1596 imperii
1017 1530 1195 1596 caput
1223 1529 1281 1579 et
1310 1526 1603 1580 defensor.

2224 1520 2365 1575 3375
2402 1520 2463 1575 Ὁ
2491 1519 2796 1593 Ῥωμαΐδος
2829 1524 3053 1597 ἡγεμὼν
3087 1525 3177 1577 καὶ
3220 1526 3553 1598 προστάτης

478 1614 623 1683 Ergo
646 1615 718 1668 ad
749 1620 1057 1669 Persarum
1092 1628 1286 1683 regem
1318 1614 1546 1667 vinctus
1578 1612 1852 1679 trahitur,

2400 1609 2586 1682 ’Ήχθη
2622 1630 2679 1663 τε
2708 1611 3038 1683 Περσάνακτι
3073 1608 3359 1683 δεσμώτης
3384 1610 3528 1683 ἄναξ·

477 1703 579 1756 sed
610 1702 836 1772 captivo
868 1702 999 1755 licet
1027 1707 1204 1766 statu,
1230 1710 1437 1755 nactus
1467 1706 1556 1755 est

2412 1697 2557 1767 Πρὸς
2589 1694 2636 1750 δ’
2665 1698 2729 1751 αὗ
2761 1695 3128 1773 δορυάλωτος,
3160 1700 3427 1774 ἀπαχθεὶς
3460 1698 3506 1755 δ’
3535 1702 3691 1774 ὅμως

474 1789 935 1845 benevolentiam
970 1788 1281 1860 plurimam
1316 1793 1490 1859 atque
1522 1805 1741 1844 curam.

2156 1822 2203 1886 Β
2418 1783 2837 1858 Φιλοφροσύνης
2864 1788 2953 1841 καὶ
2985 1789 3268 1859 θεραπείας
3298 1788 3452 1858 ὅσης·

480 1878 603 1933 Imo
634 1882 691 1934 et
727 1878 946 1933 honore
978 1879 1135 1950 regio
1169 1878 1449 1947 cultuque
1480 1882 1569 1932 est
1598 1877 1834 1932 habitus

2156 1874 2201 1886 ⁵’
2412 1878 2591 1944 Τιμῆς
2627 1874 2907 1947 βασιλείου
2935 1896 2993 1929 τε
3015 1877 3105 1930 καὶ
3138 1874 3296 1947 δόξης
3324 1876 3486 1932 πάλιν

480 1967 711 2037 egregio
743 1966 1004 2036 exemplo
1037 1966 1191 2035 apud
1222 1970 1529 2020 Persarum
1564 1966 1870 2020 dominum

2224 1962 2366 2017 3380
2403 1962 2606 2037 Ἔτυχε
2634 1962 2818 2025 καλῶς
2849 1964 2984 2038 πρὸς
3014 1969 3342 2040 κρατοῦντος
3372 1964 3634 2038 Περσίδος

477 2056 726 2108 Azanem
758 2053 923 2107 illum
959 2055 1113 2107 fama
1152 2053 1621 2118 celeberrimum,

2404 2049 2558 2116 Ἀζὰν
2592 2049 2797 2104 ἐκείνου
2826 2056 2922 2105 τοῦ
2952 2052 3496 2127 περιθρυλλουμένου

479 2141 678 2195 animo
708 2146 765 2195 et
794 2140 987 2195 verbis
1020 2140 1263 2195 milibus
1296 2140 1378 2194 uti
1406 2141 1662 2209 solitum,

2400 2135 2627 2212 Ἀνδρὸς
2660 2138 2879 2213 μετρίου
2909 2141 2971 2193 τὸ
3003 2139 3257 2215 φρόνημα
3284 2144 3372 2195 καί
3407 2140 3573 2217 λόγον

474 2229 623 2296 ωριιὶ
654 2234 996 2292 amatorem,
1030 2228 1286 2283 nominis
1317 2227 1457 2282 clari
1488 2227 1791 2298 cupidum.

2395 2226 2540 2281 Ἰσου
2569 2228 2616 2279 τ’
2647 2226 2871 2301 ἐραστοῦ
2900 2226 3196 2301 φιλοτίμου
3227 2230 3351 2291 τοὺς
3380 2230 3635 2303 τρόπους’

474 2316 625 2379 Quin
657 2316 831 2369 etiam
866 2314 1173 2385 splendido
1206 2331 1342 2369 mox
1368 2316 1675 2383 impetrato
1708 2314 1899 2369 reditu

2398 2311 2697 2368 Ἐπανόδου
2730 2312 2777 2368 δ’
2806 2312 2991 2369 ἔπειτα
3020 2315 3277 2389 λαμπρὰς
3306 2319 3562 2393 τυγχάνει

473 2420 608 2458 cum
649 2404 895 2474 captivis
927 2403 1244 2458 dimittitur
1282 2403 1620 2458 honoriﬁce.

2217 2401 2358 2456 3385
2398 2400 2501 2454 Σὺν
2534 2402 2921 2476 αῗχμαλώτοις
2951 2402 3243 2467 ἀπολυθεὶς
3276 2405 3521 2478 ἐντίμως.

473 2493 578 2547 Sed
607 2507 740 2546 cum
776 2492 1019 2547 Romani
1053 2492 1281 2562 imperii
1314 2492 1459 2547 fines
1487 2492 1701 2563 attigit,

2395 2488 2596 2544 Ἐπειδ’
2626 2491 2962 2564 ἐπανέζευξεν
2992 2493 3068 2546 είς
3100 2492 3398 2565 Ῥωμαίδα,

471 2579 648 2635 veluti
680 2596 746 2634 ex
776 2596 1009 2635 summa
1038 2584 1382 2651 tempestate
1415 2579 1728 2634 incolumis

2392 2578 2783 2642 Ἐπανασωθεὶς
2819 2580 2997 2654 ὥσπερ
3024 2579 3084 2635 ἐκ
3108 2581 3398 2655 τρικυμίας

471 2668 530 2721 in
556 2673 786 2739 portum
821 2669 977 2735 regni
1011 2670 1102 2721 sui
1133 2672 1328 2721 tutum
1362 2667 1619 2733 veniens,

2392 2666 2479 2725 Ὠς
2513 2665 2587 2726 είς
2618 2664 2881 2723 ἄκλυστον
2912 2666 3108 2740 λιμένα
3138 2669 3491 2744 κραταρχίαν,

471 2755 551 2810 ibi
586 2757 980 2827 naufragium,
1013 2772 1044 2810 ο
1076 2756 1202 2810 dira
1236 2756 1336 2809 tati
1368 2754 1622 2810 invidia!

2395 2754 2654 2808 Ἐνταῦθα
2678 2757 2955 2829 ναυάγιον,
2986 2755 3029 2809 ὢ
3061 2754 3238 2812 δεινοῦ
3268 2759 3496 2832 φθόνου]

472 2844 626 2913 fecit,
654 2848 711 2899 et
742 2843 894 2898 oculi
918 2845 1043 2898 vivo
1076 2848 1213 2898 sunt
1243 2844 1449 2914 erepti.

2215 2841 2357 2896 3390
2392 2839 2565 2911 Ἐτλη
2601 2844 2877 2917 στερηθεὶς
2907 2849 3005 2899 τοῦ
3036 2844 3203 2921 φάους
3232 2851 3341 2901 τῶν
3372 2845 3657 2919 ὀμμάτων.

469 2931 563 2987 Sic
592 2948 739 3000 aeger
777 2948 912 3002 ergo
946 2932 1090 2986 abiit
1113 2935 1169 2985 in
1206 2930 1463 2986 insulam

2391 2929 2544 2984 Οὕτω
2566 2928 2611 2984 δ’
2645 2929 2787 3005 ἔχων
2819 2930 2997 2986 ἄπεισι
3026 2934 3162 3006 πρὸς
3189 2932 3531 3007 καλουμένην

464 3018 587 3087 (cui
618 3036 828 3075 nomen
861 3020 1070 3090 prima)
1102 3019 1424 3088 proximam
1456 3018 1749 3089 Byzantio,

2390 3018 2619 3090 Πρώτην
2650 3039 2709 3093 γε
2738 3025 2899 3088 νῆσον
2933 3020 3167 3091 πλησίον
3198 3020 3542 3090 Βυζαντίδος·

467 3108 527 3162 in
561 3124 678 3178 qua
709 3108 761 3163 is
790 3106 927 3162 olim
964 3108 1382 3162 monasterium
1419 3111 1708 3160 struxerat
1736 3124 1749 3169 ;

2141 3174 2175 3184 Δ
2388 3104 2552 3168 Ἔνθα
2585 3108 2755 3177 μονὴν
2790 3105 3002 3182 ἤγειρεν
3034 3110 3189 3171 οὗτος
3222 3109 3281 3164 ἐκ
3316 3109 3551 3184 βάθρων,

462 3174 663 3265 ibique
697 3195 951 3249 moriens
984 3194 1244 3264 requiem
1277 3193 1538 3247 laborum
1573 3193 1795 3247 habuit.

2133 3174 2176 3240 Ο
2381 3191 2545 3245 Κάκεῖ
2571 3192 2797 3264 τελευτᾷ
2827 3191 3151 3258 σαϐϐατίσας
3181 3202 3287 3251 τῶν
3319 3197 3526 3252 πόνων’

462 3282 569 3337 Illo
600 3290 900 3353 regnante,
936 3281 1382 3336 Blachernorum
1417 3282 1701 3353 templum

2204 3279 2345 3333 3395
2384 3279 2499 3356 Ἐφ’
2532 3280 2591 3333 οὗ
2620 3280 2942 3355 Βλαχερνῶν
2976 3284 3249 3358 εὐπρεπὴς
3277 3285 3410 3347 νεὼς
3440 3287 3578 3347 ἅπας

462 3370 715 3441 insigne,
748 3371 986 3425 ﬂamma
1016 3369 1176 3425 edaci
1208 3371 1589 3439 absumptum
1625 3371 1833 3425 fuerat.

2378 3365 2772 3440 Ἑπυρπολήθη
2806 3374 2884 3441 τῷ
2914 3371 3042 3445 πυρὶ
3070 3376 3151 3443 τῷ
3191 3374 3492 3449 παμφάγῳ.

466 3484 781 3540 MICHAEL
821 3484 1307 3541 CONSTANTINI
1356 3483 1590 3538 DUCAE
1652 3483 1880 3539 FILIUS
1934 3483 2100 3539 SIVE

2210 3481 2472 3537 ΜΙΧΑΗΛ
2537 3486 2581 3537 Ο
2642 3484 2799 3539 ΥΙΟΣ
2859 3489 3397 3544 ΚΩΝΚΤΑΝΤΙΝΟΥ
3450 3490 3585 3545 ΤΟΥ
3622 3491 3850 3549 ΔΟΥΚΔ

725 3572 1216 3628 PARAPINACES
1242 3572 1357 3625 AN.
1393 3572 1488 3625 VI.
1527 3571 1715 3629 MENS
1747 3573 1833 3627 VI.

2479 3571 2635 3626 HTOI
2677 3572 2719 3627 0
2760 3574 3249 3630 ΠΑΡΑΠΙΝΑΚΗΣ
3292 3578 3396 3631 ET.
3443 3578 3482 3645 ξ
3520 3598 3570 3639 ς.

462 3678 678 3733 Deinde
707 3677 974 3748 Michael,
1006 3678 1181 3749 vulgo
1217 3678 1619 3749 Parapinaces,

2382 3676 2517 3730 Εἶτα
2553 3675 2786 3750 Μιχαὴλ
2819 3678 3201 3753 ΙΙαραπινάκης
3234 3685 3374 3744 θέσιν

462 3766 829 3822 Constantini
861 3767 1014 3823 filius
1047 3768 1361 3839 imperium
1396 3768 1557 3838 adiit,

2383 3765 2786 3818 Κωνσταντίνου
2817 3772 2945 3829 παῖς
2974 3764 3387 3843 παραλαμϐάνει
3418 3771 3481 3826 τὸ
3508 3773 3731 3847 κράτος,

464 3855 765 3926 ingenium
799 3855 920 3911 leve
952 3855 1328 3925 dissolutum,
1360 3856 1662 3924 stolidum,

2379 3853 2589 3917 Χαῦνὸς
2616 3875 2697 3916 τις
2726 3858 2881 3925 ἦθος,
2918 3855 3145 3933 ἀφελὴς,
3179 3860 3476 3932 ἀνειμένος,

463 3943 738 4012 ignavum
772 3948 827 3998 et
856 3942 1118 4014 ineptum
1146 3944 1215 3999 ad
1250 3944 1587 4016 imperium,

2201 3943 2343 3998 3400
2380 3940 2647 4011 Ἀπαλὸς,
2680 3942 2883 4015 ἀδέξιος
2916 3946 2991 4007 εἷς
3016 3947 3372 4023 κραταρχίαν,

459 4031 559 4103 qui
593 4048 664 4086 ne
694 4032 976 4103 privatam
1018 4032 1250 4102 quidem
1289 4049 1406 4088 rem
1442 4048 1609 4087 suam
1645 4047 1863 4103 gerere,

1814 4048 1863 4099 e,
2378 4030 2459 4087 Τὰ
2490 4033 2605 4095 καθ’
2638 4032 2820 4087 ἑαυτὸν
2855 4030 3055 4088 διέπειν
3086 4034 3183 4089 ούκ
3222 4035 3452 4111 ἰσχύων,

460 4120 675 4175 nedum
710 4119 938 4191 imperii
971 4121 1263 4191 publicam
1292 4120 1539 4175 valebat.

2379 4119 2472 4187 Μὴ
2503 4121 2587 4174 τοί
2618 4142 2676 4195 γε
2699 4121 2894 4197 κράτος
2923 4122 3011 4176 καὶ
3044 4120 3312 4193 διοίκησιν
3342 4125 3506 4183 ὅλων.

448 4208 599 4279 Ergo
631 4225 761 4264 cum
792 4208 935 4264 nihil
960 4208 1107 4278 frugi
1140 4210 1313 4264 sciret
1341 4225 1532 4279 agere,

2380 4208 2522 4281 Πρὸς
2556 4206 2834 4264 οὖδοτιοῦν
2866 4214 3257 4288 προσπεφυκὼς
3286 4216 3627 4289 κρειττόνων,

448 4297 582 4353 aliis
604 4298 860 4353 habenas
889 4297 1119 4367 imperii
1150 4297 1549 4360 committens,

2377 4294 2626 4357 ’Ἄλλους
2658 4296 2888 4374 ἐφιστων
2919 4298 3097 4369 ἡνίαις
3127 4307 3245 4363 ταῖς
3272 4308 3368 4357 τοῦ
3398 4306 3646 4380 κράτους,

452 4385 505 4440 is
535 4403 597 4441 se
620 4402 761 4441 cum
795 4384 1006 4441 litteris
1037 4385 1299 4455 quotidie
1331 4383 1682 4451 oblectabat,

2199 4384 2341 4437 3405
2379 4383 2545 4444 Αὐτὸς
2576 4392 2836 4460 προσεῖχε
2864 4393 2979 4449 τοῖς
3013 4386 3199 4464 λόγοις
3231 4392 3520 4469 ὁσημέραι,

444 4472 781 4546 ineptisque
813 4473 1019 4528 stolide
1051 4473 1556 4545 occupationibus.

2107 4541 2141 4557 ﬂ
2379 4474 2475 4533 Οἷς
2502 4474 2550 4527 τ’
2582 4474 2643 4527 οὐ
2676 4482 2944 4547 προσῆκεν
2980 4478 3202 4551 ἀμαθῶς
3233 4482 3598 4557 κεχρημένος.

444 4541 633 4627 Quare
665 4541 755 4618 res
790 4561 1026 4635 publica
1058 4541 1322 4618 laborare
1347 4562 1541 4634 ccepit,

2105 4541 2145 4605 ί)
2357 4562 2514 4617 Ὅθεν
2546 4567 2726 4624 κακῶς
2759 4559 2991 4639 ἔπασχεν
3024 4570 3178 4622 κοινά
3210 4541 3565 4643 πράγμάτων,

446 4650 797 4723 imperiique
827 4651 989 4705 navis
1024 4650 1363 4722 periclitari,

2365 4647 2565 4712 Ὁλκάς
2592 4651 2638 4704 τ’
2667 4649 2966 4708 ἐκινδύνευε
2991 4662 3092 4724 τῆς
3118 4657 3449 4733 κραταρχίας

448 4753 521 4793 ne
552 4738 721 4793 saevis
752 4738 925 4794 undis
956 4756 1021 4793 ac
1047 4739 1522 4810 tempestatibus.
1566 4810 1569 4813 Α

2367 4744 2571 4801 Δειναῖς
2600 4741 2913 4814 τρικυμίαις
2940 4763 2999 4797 τε
3027 4745 3114 4799 καὶ
3146 4746 3443 4821 καταιγίσιν

441 4826 500 4880 in
533 4826 918 4897 Amphitrites
951 4827 1221 4881 barathro
1254 4832 1634 4898 mergeretur.

2186 4824 2326 4880 3410
2366 4825 2457 4888 Εἰς
2489 4828 2847 4905 Ἀμφιτρίτης
2878 4831 2967 4885 τὸν
2998 4832 3159 4904 βυθὸν
3204 4833 3516 4890 καταδῦναι·

439 4913 705 4985 Namque
741 4921 799 4969 ut
829 4914 1047 4969 feroces
1086 4914 1293 4969 belluae
1317 4915 1693 4986 {arentesque

2363 4914 2449 4976 Ὠς
2484 4913 2664 4989 ἄγριοι
2696 4917 2798 4992 γὰρ
2821 4919 3001 4974 κακίαι
3035 4922 3390 4985 πεπνευκότες

438 5001 706 5056 nonnulli
739 5002 916 5057 duces
947 5003 1145 5072 cupidi
1178 5003 1508 5074 tyrannidis

2360 5002 2580 5078 ’Λνδρες
2612 5008 2907 5082 στρατηγοὶ
2943 5007 3321 5082 βασιλειῶντες
3347 5014 3470 5067 τότε

442 5104 646 5143 navem
679 5090 1008 5159 reipublicae
1039 5092 1384 5162 naufragam
1419 5092 1726 5147 dederunt.

2359 5091 2598 5149 Ὀλκάδα
2626 5097 2856 5171 κράτους
2886 5096 3174 5154 κατέδυσαν
3210 5100 3289 5163 εἷς
3324 5102 3507 5175 βάθος·

434 5179 656 5248 Nempe
688 5182 743 5232 et
773 5178 1021 5233 fecunda
1052 5180 1337 5251 capitibus
1367 5180 1575 5251 hydra,

2359 5182 2446 5243 Ὧς
2478 5183 2577 5259 γάρ
2610 5183 2993 5263 πολυκέφαλος
3019 5186 3164 5259 ἄλλη
3196 5210 3279 5251 τις
3310 5187 3441 5265 ὕδρα

436 5264 521 5319 sic
551 5266 851 5337 apostatici
885 5267 1201 5338 prodibant
1226 5268 1423 5325 duces.

2179 5269 2321 5325 3415
2358 5269 2547 5333 Οὕτως
2573 5271 2931 5338 ἀποστάτιδας
2962 5276 3026 5344 ἧν
3062 5278 3187 5351 ὁρᾷν
3211 5299 3398 5353 καρας.

434 5353 665 5409 Primus
694 5355 966 5411 Ruselius
997 5356 1233 5427 quidam
1263 5356 1529 5426 rebellat,

2354 5359 2664 5436 Ἀφίσταται
2698 5368 2886 5436 πρῶτα
2915 5369 3021 5419 τῶν
3053 5366 3359 5439 Ῥουσέλιός
3386 5389 3488 5439 τις,

435 5442 646 5497 deinde
675 5444 881 5515 Caesar,
904 5451 1031 5500 tum
1066 5449 1272 5500 Nestor
1300 5446 1607 5501 vestarcha
1639 5462 1653 5501 :

2356 5448 2499 5522 Πρὸς
2517 5447 2657 5521 τῶδε
2688 5453 2892 5527 Καισαρ
2924 5454 3013 5508 καὶ
3046 5438 3267 5528 Νέστωρ
3298 5477 3382 5518 τις
3418 5438 3746 5533 βεστάρχης,

431 5530 559 5586 evin
590 5532 951 5605 Nicephorus
984 5534 1297 5605 agnomina
1330 5534 1676 5607 Bryennius,

2353 5537 2668 5615 Νικηφόρος
2690 5560 2748 5594 τε
2774 5542 3056 5615 Βρυέννιος
3095 5542 3398 5615 τούπίκλην

427 5619 527 5693 qui
557 5636 625 5678 ex
652 5620 986 5679 illustribus
1017 5626 1139 5680 erat
1173 5622 1554 5695 optimatibus
1588 5642 1602 5681 :

2351 5626 2448 5687 Ὃς
2479 5630 2826 5703 παρασήμοις
2857 5628 3092 5707 ὡράϊστο
3122 5636 3218 5688 τοῦ
3248 5632 3499 5707 κράτους’
3593 5650 3606 5660 ·
