4154 6304
328 265 429 321 137

323 391 466 448 3420
501 391 702 457 ’Ἄλλος
733 401 1045 474 Νικηφόρος
1075 423 1156 464 τις
1187 403 1565 474 Βοτανειάτης,

500 483 595 546 Ὃς
621 485 710 538 καὶ
739 491 969 562 κατῆρξε
999 494 1090 544 τοῦ
1119 490 1344 565 κράτους
1371 498 1478 547 τῶν
1513 493 1756 549 Αὐσόνων
1795 514 1806 524 ·

500 570 604 624 Σὺν
638 577 719 635 οἷς
741 574 904 646 λιμός
933 599 993 631 τε
1021 581 1106 632 καὶ
1143 582 1351 654 βροτῶν
1381 581 1554 659 φθίσις

496 667 692 732 Βαριῖα
719 666 1014 740 κατετρυχε
1039 669 1164 729 τοὺς
1197 671 1492 739 ὑπηκέους,

501 749 599 803 Καί
626 771 711 812 τις
732 752 909 828 φόρων
937 753 1208 828 εἷ’σπραξις
1243 756 1568 828 ἀδικωτάτη.

315 838 459 893 3425
495 842 671 892 Ταῦτα
702 840 796 910 μὲν
829 841 970 895 οὕτω
1003 839 1362 914 συμϐέϐηκεν,
1395 846 1466 907 ὠς
1496 847 1646 919 ἔφην.

493 929 902 984 ΝΙΚΗΦΟΡΟΣ
942 931 985 985 Ο
1026 933 1505 990 ΒΟΤΑΝΕΙΑΤΗΣ
1556 938 1660 992 ΕΤ.
1699 939 1770 992 Γ’.

499 1015 804 1085 Φημίζιται
837 1015 892 1072 δὲ
922 1023 1280 1090 Βοτανειάτης
1312 1024 1546 1096 κράτωρ,

501 1102 606 1156 Καὶ
637 1099 894 1158 διαδεῖται
931 1106 1187 1182 βασιλικῇ
1217 1111 1394 1180 ταινίᾳ
1427 1133 1438 1142 ·

499 1189 596 1242 Καὶ
625 1197 918 1257 τηνικαῦτα
949 1195 1262 1268 φιλοτιμίαν
1296 1199 1446 1268 ξένην

492 1278 602 1343 Τήν
636 1284 742 1331 τῶν
774 1286 950 1352 χρεῶν
982 1285 1173 1337 ἅπασιν
1198 1285 1434 1356 ἐκτομήν
1465 1290 1614 1360 νέμει

310 1365 452 1420 3430
489 1367 839 1437 Χρεωκοπίαν
875 1367 1138 1437 δημόσιον
1169 1375 1420 1438 θεσπίσας
1453 1393 1464 1406 ·

486 1455 653 1544 »Ανῆρ
683 1454 892 1525 ἱλαρὸς,
926 1459 1153 1531 ἁπαλὸς,
1185 1466 1424 1537 χρηστὸς
1452 1469 1703 1544 τρόπους³

485 1541 706 1604 Ἀλλως
739 1543 794 1598 δὲ
818 1548 1020 1615 νωθὴς.
1051 1555 1274 1624 χαῦνος,
1305 1541 1686 1627 ἐκλελυμένος,

484 1631 624 1702 Πρὸς
655 1636 990 1707 πραγμάτων
1019 1640 1270 1712 πρόνοιαν
1305 1643 1402 1697 οὐκ
1433 1645 1487 1698 εὖ
1520 1667 1635 1708 πως
1667 1646 1810 1723 ἔχων
1850 1670 1865 1686 ⁶

480 1720 557 1774 Τὸ
590 1717 636 1772 δ’
665 1719 730 1774 αὖ
763 1723 895 1776 ἐτῶν
931 1727 1091 1796 μήκει
1115 1749 1170 1781 τε
1194 1729 1279 1782 καὶ
1311 1733 1495 1803 γήρως
1525 1717 1752 1797 νόσοις*-

292 1808 438 1862 3435
476 1808 632 1870 ’Όθεν
664 1809 939 1884 παραδοὺς
970 1815 1125 1882 ἡνίας
1154 1815 1345 1880 ἄλλοις
1374 1821 1624 1894 κράτους,

472 1897 652 1958 Αὐτὸς
679 1906 905 1975 τρυφαῖς
934 1900 1120 1976 ἔχαιρε
1148 1907 1234 1959 καὶ
1265 1911 1576 1981 συσσιτίοις,

473 1991 734 2060 Λουτροῖς
761 1991 1096 2064 πανημὲροις
1126 2015 1183 2047 τε
1207 1995 1294 2048 καὶ
1323 1995 1679 2065 πανδαισίαις.

471 2073 533 2129 Ὀ
563 2074 790 2149 Μιχαὴλ
825 2074 881 2132 δὲ
908 2081 1107 2153 γίνεται
1143 2081 1519 2159 μελαμφόρος,

469 2162 581 2252 Εἶτξ
608 2165 912 2238 ἀρχιθύτης
937 2169 1026 2221 καὶ
1055 2169 1320 2245 πρόεδρός
1348 2177 1395 2246 γ’
1428 2175 1652 2252 Ἐφέσου
1686 2197 1699 2210 ’

291 2249 434 2304 3440
471 2250 678 2305 Τούτου
711 2253 946 2326 συνεύνῳ
971 2258 1106 2331 πρὸς
1136 2259 1312 2332 γάμου
1339 2249 1623 2318 κοινωνίαν

471 2339 827 2411 Βοτανε·άτης
860 2343 923 2397 οὗ
951 2347 1134 2406 καλῶς
1165 2350 1448 2423 συνεζύγη.

471 2427 822 2491 Ἀποστασίας
853 2429 899 2485 δ’
929 2433 1091 2487 εἰσέτι
1125 2439 1432 2508 Βρυεννίου,

469 2516 791 2590 Τυραννίδος
820 2523 867 2573 τ’
897 2522 960 2574 αὗ
992 2523 1057 2576 οὐ
1087 2522 1270 2585 καλῶς
1301 2524 1628 2600 ἐξημμένου,

469 2603 565 2657 Καὶ
601 2605 673 2676 μὴ
702 2612 869 2669 θεῖναι
903 2606 1128 2682 δωρεαῖς
1154 2616 1534 2684 πεπεισμένου,

292 2691 434 2746 3445
472 2692 693 2748 Στὲλλει
725 2701 838 2749 κατ’
867 2698 1033 2751 αὐτοῦ
1067 2699 1318 2772 βασιλεὺς
1349 2703 1443 2764 τὰς
1473 2702 1744 2776 δυνάμεις,

472 2779 694 2854 Ἀλεξίῳ
723 2781 846 2844 δοὺς
880 2791 1152 2859 Κομνηνῷ
1179 2789 1374 2850 ταύτας
1406 2792 1547 2866 ἄγειν
1581 2815 1593 2827 ·

466 2869 561 2932 Ὀς
589 2873 926 2941 συμπλακεὶς
955 2873 1155 2944 ἥττησε
1181 2879 1436 2950 τύραννον
1467 2883 1647 2956 μάχῃ,

473 2959 570 3011 Καὶ
601 2961 776 3035 φωτὸς
810 2959 1089 3035 ἐστέρησεν
1121 2965 1277 3020 αὐτὸν
1305 2967 1590 3040 ὀμμάτων.

469 3048 608 3119 Πρὸς
642 3047 688 3102 δ’
719 3047 782 3102 αὗ
810 3055 1210 3124 τυραννήσαντα
1238 3057 1325 3109 καὶ
1355 3057 1662 3127 Βασιλάκην

286 3135 431 3190 3450
467 3137 738 3212 Πεμφθεὶς
771 3141 1074 3209 Κομνηνὸς,
1109 3143 1444 3213 συμπλακείς
1477 3147 1526 3200 οἱ
1558 3149 1690 3220 πρὸς
1737 3151 1919 3224 μάχην

467 3224 629 3294 Ἣττᾷ
657 3232 928 3300 κραταιῶς
958 3230 1045 3282 καὶ
1080 3231 1336 3304 στερίσκιι
1366 3238 1462 3287 τοῦ
1493 3237 1659 3312 φάους
1695 3255 1707 3268 ⁸

466 3314 561 3367 Καὶ
597 3317 890 3390 Βαράγγων
916 3318 1167 3390 σύστημα
1195 3325 1288 3374 τοῦ
1321 3325 1660 3400 στεφηφόρου

465 3403 856 3472 Κατεξαναστὰν
890 3406 1214 3481 ηὐτρέπιστο
1245 3411 1379 3483 πρὸς
1417 3413 1601 3487 μάχην
1638 3433 1649 3445 ·

461 3490 892 3566 Ἀντιπαρατάξει
922 3491 979 3548 δὲ
1007 3496 1194 3570 χειρὸς
1227 3494 1508 3574 δυσμάχου

277 3578 419 3632 3455
459 3579 840 3651 Καθυπεκλίθη
873 3583 961 3636 καὶ
995 3586 1348 3659 συνὲγνωσται
1380 3588 1565 3646 πάλιν.

451 3669 709 3722 Ὗστατον
738 3669 973 3744 ἀνταίρει
1007 3670 1063 3726 δὲ
1099 3675 1422 3749 Βοτανειάτῃ

454 3756 738 3827 Κομνηνὸς
771 3758 1007 3829 ’Δλέξιος
1033 3764 1454 3832 τυραννοκτόνος
1488 3784 1500 3796 ⁸

449 3844 547 3903 ⁸ος
577 3842 897 3901 καταλαϐὼν
921 3847 1204 3924 Ἀδριανοῦ
1239 3853 1336 3918 την
1379 3852 1557 3921 πόλιν,

455 3935 687 4005 Στρατόδ
719 3937 764 3988 τ’
795 3935 1038 4010 ἀγείρας,
1067 3936 1430 3992 ἀναδείκνυται
1462 3943 1696 4016 κράτωρ,

274 4027 417 4080 3460
457 4025 550 4078 Καὶ
587 4022 892 4098 βασιλικοῖς
921 4023 1185 4080 ἀναδεῖται
1220 4022 1541 4098 συμϐόλοις.

453 4115 581 4178 Μεθ’
603 4117 674 4168 ὧν
707 4114 912 4187 ἀπάρας
936 4116 1034 4181 τήν
1069 4115 1466 4169 Κωνσταντίνου
1499 4117 1702 4193 φθάνει,

453 4204 553 4259 Καὶ
580 4201 734 4272 τήνδ’
767 4202 904 4258 ἑλὼν
942 4203 1094 4277 μάχῃ
1117 4224 1175 4257 τε
1203 4205 1289 4258 καὶ
1325 4205 1619 4280 στρατηγίᾳ

445 4290 676 4347 Εῗσεισιν
705 4289 854 4351 ἐντὸς
882 4295 989 4344 τῶν
1026 4289 1312 4357 βασιλείων
1342 4290 1548 4364 δόμων.

443 4384 659 4436 Ἀπεισι
692 4379 740 4435 δ’
769 4382 944 4435 αὐτῶν
979 4383 1338 4456 Βοτανειάτης
1367 4383 1560 4458 τάχος,

257 4474 405 4528 3465
445 4471 547 4526 Καὶ
573 4470 742 4545 τρίχα
771 4470 949 4543 χαρεὶς
980 4469 1330 4545 ἀμφιέννυται
1363 4471 1521 4546 ῥάκος

443 4563 524 4615 Ἐν
558 4557 986 4634 Μητρανάνδρου
1013 4563 1080 4631 τῇ
1117 4563 1255 4630 μονῆ
1287 4557 1672 4635 περιϐλέπτου,

437 4649 600 4711 Ἔνθα
631 4649 800 4709 θανὼν
832 4644 992 4721 ἔτυχε
1018 4668 1185 4718 τιμης
1217 4646 1459 4720 ἐντίμου.

548 4738 844 4793 ΑΛΕΞῘΟΣ
886 4738 929 4793 Ο
970 4741 1344 4792 ΚΟΜΝΗΝΟΣ
1387 4740 1496 4794 ET.
1533 4743 1647 4794 AZ'.

441 4825 598 4883 Οὕτω
631 4828 724 4898 μὲν
755 4825 996 4897 Ἀλὲξιος
1027 4823 1216 4899 εὕρατο
1249 4827 1464 4898 κράτος,

441 4916 537 4974 ‘0:
565 4915 652 4968 καὶ
679 4914 997 4968 τεταινίωυο
1028 4913 1155 4986 παρ’
1187 4911 1484 4985 ἀρχιθύτου
1518 4929 1532 4946 ·

253 5007 402 5062 3470
441 5001 665 5076 Κράτωρ
695 5003 889 5075 ἀγαθὸς
915 5002 1001 5056 καὶ
1038 5001 1339 5075 στρατηγὸς
1374 4999 1648 5072 γεννάδας,

435 5090 673 5164 Φρικτὸς
706 5091 800 5162 μὲν
833 5089 1076 5162 ἐχθροῖς,
1111 5088 1339 5162 εὐμενὴς
1374 5086 1417 5142 δ’
1453 5089 1738 5162 ὑπηκόοις,

431 5179 600 5253 Ἀνὴρ
632 5175 951 5253 περιδέξιος,
985 5176 1104 5249 ὀξὺς
1136 5177 1187 5231 ἐν
1224 5178 1448 5250 μάχαις,

433 5264 597 5330 Εἶδος
626 5263 949 5341 προδεικνὺς
975 5266 1120 5338 ἄξιον
1142 5263 1483 5334 τυραννίδος,

423 5356 527 5412 Καὶ
560 5361 729 5430 πρᾶον
762 5355 894 5423 ἦθος
923 5355 1008 5408 καὶ
1046 5353 1381 5428 φιλαγάθους
1411 5355 1666 5428 τρόπους.

246 5448 398 5503 3475
432 5443 622 5504 Γένους
653 5443 797 5519 ἔχων
838 5442 916 5512 εὖ,
951 5442 1201 5513 σώματός
1229 5444 1275 5495 τ’
1307 5441 1620 5516 εὐρυθμίας,

433 5536 647 5608 Ἔργων
678 5532 1008 5606 στρατηγίας
1035 5551 1094 5585 τε
1121 5531 1211 5584 καὶ
1247 5532 1430 5605 μάχης
1458 5528 1614 5606 ἴδρις,

580 5654 839 5715 ΡΑτιιοι.
891 5655 1002 5712 Ga.
1053 5650 1308 5711 CXLIII.

1829 281 2188 336 CESARKS.

1983 408 2038 472 Α
2067 406 2317 478 denique
2345 408 2705 480 Nicephorus
2735 410 2886 466 alius
2916 411 3236 481 Botaniata,

2069 495 2168 564 qui
2199 500 2255 551 et
2284 495 2597 567 imperium
2625 499 2947 554 Romanum
2979 499 3253 554 obtinuit.

2069 583 2258 638 Pestis
2290 591 2564 655 praeterea
2594 587 3021 659 hominumque
3045 587 3172 644 lues

2066 673 2260 740 gravis
2289 673 2473 728 afﬂxit
2502 677 2749 746 populos
2781 677 3034 746 imperii,

2065 763 2121 812 et
2149 759 2541 829 injustissima
2571 765 2942 835 vectigalium
2974 765 3215 818 exactio.

2061 847 2152 902 Sic
2178 864 2311 920 ergo
2345 865 2434 904 res
2469 851 2738 907 humanae
2770 858 2906 908 tunc
2938 869 2999 907 se
3032 852 3342 906 habebant.

2281 937 2726 996 NICEPHORUS
2768 940 3172 995 BOTANIATA
3211 939 3325 994 AN.
3369 939 3468 995 III.

2059 1023 2206 1094 Ergo
2237 1025 2562 1096 appellatur
2594 1044 2688 1084 rex
2715 1029 3018 1083 Botaniata

2055 1116 2229 1182 atque
2261 1114 2502 1170 solemni
2537 1121 2844 1171 stemmate
2875 1121 3190 1171 exornatur
3220 1133 3232 1169 :

2057 1203 2155 1270 qui
2185 1204 2275 1256 sui
2308 1205 2562 1260 nominis
2591 1205 2919 1260 eelebrandi
2951 1206 3203 1276 cupidus

2051 1295 2322 1346 cunctam
2355 1294 2555 1347 aerario
2586 1295 2842 1348 debitam
2877 1294 3185 1364 pecuniam

2050 1381 2298 1450 remisit,
2329 1400 2503 1438 novas
2533 1384 2762 1438 tabulas
2787 1386 3100 1439 instituens
3129 1402 3140 1438 :

2047 1469 2134 1522 vir
2163 1469 2328 1524 laetus
2361 1471 2546 1526 facilis
2570 1474 2946 1542 moribusque
2978 1471 3320 1540 commodis,

2047 1566 2314 1613 caeterum
2349 1561 2565 1630 segnis,
2603 1563 2762 1624 levis,
2797 1561 3144 1624 dissolutus,

2044 1663 2230 1716 neque
2260 1649 2327 1702 ad
2357 1648 2496 1718 reip.
2531 1665 2725 1702 curam
2761 1649 3038 1714 idoneus;

1965 1765 2008 1826 Β
2048 1751 2178 1789 nam
2200 1740 2256 1790 et
2281 1743 2514 1791 senecta
2545 1741 2601 1791 et
2628 1737 2846 1791 morbis
2879 1736 3252 1807 premebatur
3285 1753 3296 1788 :

2042 1825 2418 1890 quamobrem
2449 1824 2594 1879 alios
2623 1825 2760 1895 reip.
2794 1841 3159 1895 praeponens,

2039 1911 2164 1980 ipse
2194 1911 2418 1966 deliciis
2439 1912 2625 1982 epulis
2655 1930 2718 1966 ac
2752 1913 2974 1968 balneis

2040 1999 2446 2054 comissabund
2461 2017 2528 2053 us
2560 2001 2819 2069 quotidie
2851 1998 3211 2070 indulgebat.

2040 2086 2282 2141 Michael
2315 2093 2510 2144 autem
2543 2088 2791 2143 clericus
2822 2089 3118 2152 tondetur,

2035 2174 2163 2228 exin
2199 2176 2507 2245 {itprimas
2537 2175 2746 2247 Ephesi
2790 2176 3101 2246 episcopus
3136 2190 3149 2228 :

2034 2265 2204 2333 cujus
2231 2280 2465 2318 uxorem
2500 2265 2609 2320 sibi
2644 2263 3001 2319 consociavit

2036 2349 2191 2405 haud
2224 2351 2597 2407 laudabiliter
2626 2353 2952 2407 Botaniata.

2033 2438 2162 2494 Jam
2196 2439 2510 2494 rebellante
2544 2447 2744 2511 postea
2773 2439 3058 2511 Bryennio

2033 2529 2514 2600 tyrannidemque
2537 2529 2752 2600 perﬁde
2772 2528 3096 2596 affectante,

2033 2632 2218 2689 neque
2247 2633 2309 2671 se
2339 2616 2509 2671 donis
2533 2616 2825 2689 placidum
2861 2616 3170 2686 praebente.

2035 2687 2214 2759 nTittit
2242 2705 2300 2759 in
2325 2705 2519 2775 ipsum
2535 2687 2746 2776 copias
2777 2706 3090 2774 imperator

2033 2791 2288 2862 bellique
2322 2793 2525 2846 ducem
2551 2791 2907 2846 Comnenum
2941 2789 3224 2855 Alexium,

2031 2882 2129 2952 qui
2164 2898 2357 2953 pugna
2386 2886 2697 2953 tyrannum
2734 2885 2960 2953 patrata
2993 2879 3145 2946 vicit,

2029 2975 2201 3041 atque
2232 2970 2528 3025 oculorum
2559 2970 2780 3024 lumine
2811 2969 3102 3040 spoliavit.

2034 3060 2170 3113 item
2199 3059 2478 3115 adversus
2508 3058 2810 3113 Basilicem
2844 3056 3118 3111 rebellem

2037 3147 2254 3202 missus
2281 3149 2632 3214 Comnenus,
2659 3147 2941 3202 consertis
2975 3145 3246 3200 manibus

2029 3240 2255 3293 fortiter
2284 3238 2418 3292 vicit
2449 3237 2733 3308 illumque
2764 3235 3090 3292 excaecavit.

2027 3327 2172 3390 Quin
2204 3335 2258 3380 et
2286 3325 2537 3396 Varangi
2574 3323 2860 3394 conjurati
2893 3325 2949 3376 in
2979 3328 3258 3378 Caesarem

2028 3415 2258 3484 publice
2288 3416 2357 3468 ad
2391 3431 2553 3468 arma
2583 3413 2858 3468 seditiosa
2887 3411 3121 3466 iverunt
3153 3427 3165 3462 :

2024 3505 2121 3558 sed
2158 3519 2332 3556 manu
2362 3502 2494 3557 forti
2528 3501 2794 3571 protinus
2819 3499 3150 3572 perdomiti,

2020 3591 2247 3646 veniam
2283 3589 2605 3644 moliminis
2637 3607 2768 3644 mox
2805 3590 3209 3660 impetrarunt.

2020 3683 2214 3750 Ipsum
2250 3682 2545 3748 postremo
2578 3678 2939 3731 Botaniatam
2977 3674 3317 3745 aggreditur

2016 3767 2384 3840 tyrannicida
2413 3764 2746 3819 Comnenus
2777 3764 3001 3817 Alexius
3035 3781 3046 3817 :

2017 3863 2190 3928 atque
2221 3858 2502 3926 occupata
2533 3852 2807 3907 Hadriani
2835 3851 2977 3905 urbe

2015 3945 2390 4014 collectisque
2421 3941 2622 4013 copiis,
2659 3940 2723 3994 ﬁt
2753 3941 3090 4010 imperator,

2015 4040 2188 4105 atque
2219 4031 2515 4102 regalibus
2545 4033 2783 4084 ornatur
2815 4027 3169 4097 insignibus.

2013 4123 2105 4178 Sic
2137 4137 2272 4191 ergo
2301 4118 2581 4173 accedens
2612 4117 2682 4172 ad
2716 4114 3082 4171 Constantini
3113 4113 3340 4180 urbem,

2011 4210 2164 4281 cepit
2195 4210 2345 4263 hanc
2372 4206 2570 4278 praelio
2602 4213 2656 4260 et
2688 4204 2894 4276 peritia
2924 4202 3153 4270 bellica,

2010 4305 2065 4354 et
2091 4298 2304 4362 regiam
2338 4296 2524 4366 ipsam
2559 4294 2863 4364 occupavit
2892 4292 3131 4346 domum
3157 4315 3169 4354 ;

2010 4404 2124 4457 qua
2154 4385 2494 4441 festinanter
2523 4384 2721 4438 exiens
2753 4380 3073 4444 Botaniata,

1932 4460 1978 4524 D
2011 4474 2280 4530 monachi
2311 4473 2594 4538 tunicam,
2627 4476 2796 4524 tonsa
2822 4485 2988 4524 coma
3019 4464 3211 4520 induit

2007 4566 2066 4620 in
2098 4562 2455 4618 monasterio
2486 4559 2827 4614 venerandae
2857 4555 3145 4627 Virginis,

2003 4653 2200 4724 ibique
2223 4651 2476 4705 moriens
2505 4646 2783 4716 sepelitur
2815 4642 3143 4713 magniﬁce.

2218 4737 2509 4794 ALEXIUS
2549 4731 2939 4789 COMNENUS
2981 4730 3096 4785 AN.
3139 4728 3424 4784 XXXVII.

2004 4830 2092 4884 Sic
2125 4843 2260 4898 ergo
2291 4825 2524 4880 Alexius
2554 4827 2761 4877 nactus
2785 4825 2873 4876 est
2896 4818 3230 4890 imperium,

2007 4917 2148 4989 quin
2180 4919 2236 4970 et
2264 4932 2293 4967 a
2324 4927 2533 4969 sumno
2566 4909 2815 4982 pressule
2840 4912 3150 4964 coronatus
3184 4923 3196 4960 :

2007 5007 2195 5060 bonus
2225 5003 2540 5071 imperator
2569 5003 2625 5053 et
2653 4999 2770 5052 dux
2800 5001 3097 5061 strenuus,

2006 5092 2193 5147 hostis
2223 5087 2584 5151 tremendus,
2611 5086 2836 5141 civibus
2869 5081 3190 5147 benivolus,

2007 5179 2276 5252 egregius
2297 5179 2405 5245 vir,
2440 5176 2689 5247 impiger
2717 5174 2776 5227 in
2809 5171 3048 5242 praeliis,

2007 5268 2231 5342 vultum
2266 5283 2379 5338 prae
2413 5282 2473 5320 se
2503 5265 2693 5318 ferens
2722 5260 2968 5332 imperio
2998 5259 3263 5330 dignum,

1906 5337 1917 5350 ⁸
2005 5337 2201 5413 mitem
2235 5337 2718 5410 consuetudinem
2753 5349 3147 5416 honestosque
3180 5359 3393 5398 mores.

2006 5447 2197 5515 Stirpe
2227 5448 2352 5500 erat
2382 5441 2584 5507 nobili,
2611 5454 2850 5508 corpore
2883 5433 3132 5498 decenti,

2013 5535 2203 5607 operis
2234 5530 2427 5587 bellici
2462 5529 2710 5584 maxime
2740 5525 2964 5598 peritus

3610 283 3713 338 138
