4132 6300
396 365 498 422 139
1603 356 1964 409 ΕιἮιῖᾸῖΜιι
2012 354 2028 402 (

2150 352 2450 408 εοΝοαιιΑ
2467 356 2578 405 Pili
3681 351 3782 405 140

397 503 504 543 nee
535 500 669 541 vero
700 483 827 539 auri
856 480 1119 555 cupidini
1151 478 1461 545 obnoxius,

2067 472 2122 538 Α
2328 473 2404 530 Οὐ
2438 474 2741 548 χρημάτων
2771 473 2975 545 ἥττητο
3005 475 3092 529 καὶ
3124 472 3527 549 χρυσαργόρου,

402 591 508 631 nec
539 588 748 629 rursus
779 571 877 626 ira!
910 568 1219 641 sanguinis
1245 566 1505 633 sitienti;

2324 559 2449 615 Oiit’
2480 560 2542 616 αὖ
2575 567 2749 635 θυμοῦ
2778 583 2837 617 τε
2858 563 2946 616 καὶ
2979 560 3160 636 ’χόλου
3191 557 3566 639 φθισιϐρότου,

403 679 591 734 neque
621 659 892 732 superbis
925 658 1233 713 fastosisve
1260 654 1544 719 moribus,

2324 649 2442 725 Οὐχ
2475 650 2785 722 ὑπερόπτης
2812 650 2901 704 καὶ
2933 644 3162 722 σοϐαρός
3190 670 3272 711 τις
3301 649 3565 723 τρόπους·

411 752 501 809 vel
532 765 794 821 unquam
827 746 1081 802 subditis
1113 745 1274 800 aditu
1308 742 1614 808 difﬁciliis,
1942 759 1950 768 ·

1942 759 1950 768 ⁸
2148 739 2288 794 3480
2324 740 2391 794 Ἠ
2423 736 2782 815 δυσπρόσιτος
2806 740 2872 808 ἦν
2910 738 3172 809 ὑπηκόοις
3203 737 3364 807 ὅλως,

391 840 481 897 vel
516 854 695 911 poenis
725 839 959 892 exactor
986 831 1363 888 inexorabilis
1389 849 1402 897 ;

2325 828 2393 883 Ἠ
2424 828 2557 900 πρὸς
2588 827 2811 882 κόλασιν
2844 828 3226 902 ἀπαραιτήτως
3253 823 3398 901 ἔχων
3435 845 3447 858 ·

400 929 502 986 sed
536 927 594 981 in
626 923 1050 996 benignitatem
1085 937 1409 993 propensus
1444 917 1649 989 magis,

2327 914 2646 983 Ἐπικλινὴς
2675 913 2733 969 δὲ
2759 915 2896 989 πρὸς
2924 914 3343 991 φιλανθρώπους
3371 914 3630 988 τρόπους,

401 1015 620 1082 suavis,
653 1013 1011 1078 moderatus,
1046 1010 1358 1081 gratiosus,
1389 1006 1600 1070 facilis,

2326 1004 2581 1077 Μὲτριος,
2615 1002 2770 1073 ἡδὺς,
2803 1003 3141 1077 εὐπρόσιτος,
3176 1004 3413 1077 χαρίεις,

399 1107 665 1178 prompto
696 1105 753 1155 et
779 1104 946 1155 acuto
978 1096 1213 1168 ingenio
1247 1110 1574 1165 arcanoque
1606 1091 1805 1161 simul,

2324 1096 2535 1164 Πτηνὸς
2562 1095 2845 1171 φρόνησιν,
2878 1094 3134 1168 ἀγχίνους
3165 1093 3200 1162 ἢ
3230 1092 3535 1166 κρυψίνους,

402 1192 661 1263 optimus
691 1188 1021 1244 orthodoxae
1054 1185 1327 1240 defensor
1359 1182 1513 1248 fidei,

2146 1183 2288 1238 3485
2323 1183 2667 1258 ’Υπέρμαχος
2698 1180 2992 1244 κάλλιστος
3025 1179 3359 1257 ὀρθοδοξίας,

402 1296 509 1337 nec
539 1277 935 1334 conviviorum
963 1290 1169 1328 amans
1197 1287 1383 1344 neque
1415 1270 1585 1325 luxus
1619 1286 1632 1324 :

2323 1269 2536 1325 Δίαιταν
2565 1272 2731 1346 ἀοράν
2763 1272 2828 1326 οὐ
2859 1275 3031 1348 φιλῶν
3065 1268 3180 1325 οὐδ’
3205 1268 3269 1324 αὖ
3298 1270 3499 1331 πότους
3534 1288 3545 1302 ·

395 1376 522 1424 tum
560 1371 616 1423 et
643 1365 877 1421 virtutis
905 1362 1295 1432 doctrinaeque
1316 1360 1615 1415 studiosos

2323 1357 2557 1435 ’Άνδρας
2590 1358 2813 1434 λογίους
2843 1359 3035 1434 ἀρετήν
3062 1361 3110 1412 τ’
3140 1358 3447 1428 ἠσκηκότας

397 1457 555 1514 viros
584 1455 880 1510 honorans
912 1456 969 1507 et
995 1449 1204 1505 ofﬁciis
1234 1447 1450 1504 colens.

2324 1442 2505 1501 Σέϐων
2539 1468 2596 1502 τε
2622 1452 2798 1519 τιμῶν
2830 1447 2918 1501 καὶ
2950 1446 3304 1522 προσανέχων
3339 1446 3535 1523 σφίσιν,

399 1544 541 1601 Huic
562 1542 622 1597 in
656 1540 885 1613 imperii
911 1540 1048 1595 sede
1082 1536 1361 1592 collocato

2324 1534 2591 1610 ’Ίιγγελτο
2617 1533 2756 1606 τῷδε
2783 1540 2879 1589 τοῦ
2908 1536 3136 1609 κράτους
3169 1532 3516 1610 δεδραγμένῳ

399 1631 646 1689 nuntius
679 1629 934 1697 advenit,
964 1626 1174 1682 Italum
1208 1625 1525 1679 ltobertum

2146 1627 2286 1681 3490
2322 1627 2414 1686 Ὣς
2437 1646 2519 1685 τις
2549 1624 2755 1687 Ἰταλὸς
2785 1626 3113 1698 Ῥομπέρτος
3142 1623 3476 1695 κεκλημένος

399 1719 700 1778 Dalmatiae
729 1718 935 1774 urbem
965 1715 1326 1786 Epidaurum

2321 1712 2416 1776 Είς
2445 1712 2756 1786 Δαλματίας
2784 1714 2882 1781 τὴν
2916 1710 3246 1784 Ἐπίδαμνον
3280 1711 3440 1765 πόλιν

398 1810 580 1866 armis
609 1806 834 1879 cepisse
864 1811 922 1861 et
952 1802 1224 1875 plurimis
1256 1800 1524 1873 navigiis.

2067 1825 2113 1889 Β
2324 1800 2426 1856 Σὺν
2453 1806 2673 1876 στρατιᾷ
2700 1808 2901 1881 κατῆρε
2920 1800 3009 1855 καὶ
3046 1801 3200 1876 βαρεῖ
3229 1797 3425 1871 στόλῳ.

396 1900 549 1970 Ergo
582 1895 878 1968 profectus
907 1892 1097 1948 Caesar
1126 1907 1257 1945 cum
1290 1889 1541 1945 exercitu

2321 1891 2521 1960 ’Ἐξεισι
2550 1891 2728 1945 τοίνυν
2762 1889 3141 1964 ἐκστρατεύσας
3175 1890 3202 1943 ὁ
3233 1889 3470 1960 κράτωρ,

400 1985 562 2052 illuc,
594 1987 650 2039 et
680 1998 877 2054 pugna
907 1996 1041 2035 cum
1068 1978 1230 2033 hoste
1261 1980 1504 2048 patrata,

2325 1979 2421 2032 Καὶ
2453 1976 2572 2051 τῇδ’
2599 1977 2817 2041 ἐπιστάς
2847 1975 3180 2048 συμπλακείς
3209 1978 3257 2030 τ’
3285 1975 3586 2048 ἀντιπάλῳ,

400 2078 597 2128 noster
629 2069 885 2143 prolugit
917 2067 1113 2140 pra‘lio
1140 2065 1446 2120 infeciliter

2144 2068 2285 2122 3i95
2324 2069 2584 2143 Πὲφευγεν
2618 2067 2773 2122 οὗτος
2806 2063 3082 2128 δυσκλεῶς
3112 2064 3168 2120 ἐκ
3194 2071 3295 2133 τῆς
3327 2067 3532 2139 μάχης,

401 2161 627 2217 cladem
661 2159 921 2214 Romano
953 2156 1236 2211 referente
1266 2154 1539 2219 exercitu,

2321 2159 2433 2223 Τῆς
2461 2156 2772 2227 Ῥωμαϊκῆς
2805 2160 3052 2225 στρατιᾶς
3085 2156 3220 2223 ἡττη
3235 2155 3401 2225 μὲνης
3428 2172 3439 2183 ·

405 2255 582 2321 atque
612 2245 951 2319 Byzantium
976 2249 1167 2299 Cmsar
1199 2248 1287 2297 est
1318 2257 1607 2296 reversus.

2320 2243 2416 2297 Καὶ
2454 2241 2704 2317 βασιλεὺς
2736 2242 2826 2313 μὲν
2857 2243 2955 2310 τὴν
2988 2243 3394 2297 Κωνσταντίνου
3433 2240 3618 2315 φθάνει
3653 2260 3665 2272 ·

403 2337 643 2392 Barbari
674 2340 869 2391 autem
901 2349 1033 2389 cum
1070 2331 1317 2386 Itoberto
1350 2332 1498 2383 duce

2317 2330 2384 2386 Οἱ
2414 2325 2687 2403 Βάρϐαροι
2722 2326 2776 2383 δὲ
2809 2329 2899 2382 σὺν
2934 2330 3244 2404 στρατάρχῃ
3271 2329 3590 2401 Ῥομπέρτῳ

399 2424 835 2498 populabantur
866 2420 1078 2493 oppida
1110 2419 1395 2482 Romana,

2317 2415 2717 2486 Λεηλατοῦντες
2749 2418 3032 2489 Ῥωμαϊκά
3061 2417 3241 2490 χωρία

395 2513 583 2586 captis
612 2510 844 2566 Larissa
873 2509 1251 2577 Castoriaquc
1285 2505 1551 2561 urbibus.

2141 2508 2281 2561 3500
2321 2506 2586 2579 Λάρισσαν
2617 2505 2767 2560 εἶλον
2796 2505 2886 2559 καὶ
2921 2504 3220 2579 Καστορίαν
3249 2503 3443 2566 πόλεις
3479 2524 3491 2538 ·

394 2603 606 2659 Contra
636 2599 947 2654 Robertum
981 2612 1186 2651 rursus
1216 2599 1306 2649 est
1336 2610 1609 2665 egressus

2318 2595 2514 2665 Ἕξεισι
2546 2592 2738 2649 λοιπὸν
2773 2594 2907 2647 κατὰ
2930 2593 3265 2665 Ῥομπέρτου
3296 2591 3458 2647 πάλιν

391 2689 648 2758 inclytus
677 2688 865 2743 Caesar
898 2700 1031 2740 cum
1068 2682 1292 2754 ingenti
1325 2682 1606 2745 exercitu,

2315 2682 2474 2751 Ἄναξ
2500 2683 2528 2735 ὁ
2557 2680 2769 2742 κλεινὸς
2798 2681 2890 2734 σὺν
2926 2685 3146 2755 στρατιᾷ
3180 2681 3364 2754 μυρίᾳ,

395 2784 570 2849 atque
596 2775 919 2832 Castoriam
953 2771 1337 2843 recuperavit.

2318 2776 2355 2823 Κ
2399 2768 2413 2787 ,
2465 2775 2477 2787 ,
2661 2768 2672 2787 ,
2780 2769 2793 2787 ,
3046 2771 3052 2777 .
3228 2771 3236 2783 .

2363 2790 2414 2823 αι
2444 2776 2736 2843 λαστοριαν
2769 2764 3138 2841 ἀναλαμϐάνει
3169 2768 3354 2838 πάλιν,

395 2867 710 2922 Robertum
738 2868 931 2918 autem
967 2867 1094 2916 astu
1126 2865 1214 2915 est
1238 2875 1570 2931 aggressus.

2315 2857 2413 2912 Καὶ
2440 2858 2772 2931 Ῥομπὲρτον
2805 2860 3008 2928 μέτεισι
3038 2854 3444 2930 δραματουργίᾳ
3476 2876 3487 2888 ⁸

390 2954 560 3023 cujus
593 2952 873 3007 rationem
906 2950 1147 3004 interest
1171 2963 1428 3002 narrare.

2138 2949 2279 3002 3505
2315 2948 2505 3006 ’Όπως
2528 2966 2587 3000 τε
2617 2942 2796 3018 δρᾶμα
2828 2944 3243 3016 συμπέπλασται
3279 2942 3467 3019 ῥητέον
3505 2963 3515 2976 ⁸

393 3044 579 3097 Caesar
603 3046 870 3094 ornatum
901 3037 1123 3107 regium
1153 3035 1573 3103 circumposuit

2317 3040 2436 3109 Σχῆ
2450 3054 2522 3105 μα
2550 3033 2890 3107 περιτίθησιν
2917 3033 3142 3107 ἀρχικὸν
3176 3033 3389 3107 κράτωρ

396 3144 668 3198 germano
703 3126 959 3198 proprio,
992 3125 1304 3194 copiasque
1336 3122 1615 3185 tradidit;

2063 3178 2100 3198 η
2316 3122 2494 3177 Λύτοῦ
2523 3122 2569 3176 τ’
2602 3118 2820 3198 ἀδελφῷ
2849 3121 2936 3174 καὶ
2969 3120 3217 3194 στρατιάν
3247 3119 3540 3194 προσνέμει

396 3178 663 3198 ιτ--η-τη
704 3178 867 3198 τηττ
917 3178 959 3192 -ι
1209 3178 1225 3193 .
1606 3178 1615 3185 .

391 3232 646 3287 cumque
670 3213 851 3283 jussit
875 3212 1167 3282 expositas
1201 3211 1453 3281 praebere

2059 3178 2102 3242 C
2319 3209 2419 3266 Καί
2450 3210 2500 3263 οἱ
2531 3210 2665 3263 κατὰ
2695 3178 2939 3284 φάΛαγγα
2968 3178 3132 3278 τήινδε
3160 3178 3496 3283 Ῥοιίπέρτόυ

395 3303 454 3358 in
488 3303 629 3368 acie,
663 3318 855 3357 coram
891 3300 1124 3371 agmine
1155 3298 1390 3353 Robcrti
1420 3313 1434 3364 ;

2316 3301 2522 3362 Στῆσαι
2551 3296 2932 3371 παρηγγύησεν
2968 3291 3319 3366 εὐεπηϐόλως
3353 3314 3363 3327 ·

392 3391 492 3463 qui
525 3391 572 3446 si
605 3389 800 3461 copias
832 3406 969 3443 suas
995 3392 1195 3443 contra
1224 3385 1655 3449 commovissat,

2143 3389 2283 3442 35l0
2322 3384 2423 3440 Κᾶν
2462 3386 2555 3458 μὲν
2586 3387 2700 3440 κατ’
2731 3385 2892 3439 αὐτοῦ
2924 3388 3149 3458 συγκινῇ
3181 3382 3593 3457 τὰς.δυνάμεις,

393 3484 702 3535 monuerat
733 3479 971 3532 fratrem
1001 3476 1203 3530 cedere
1234 3474 1413 3529 effusa
1443 3474 1601 3545 fuga.

2318 3472 2624 3548 Στρέψαντα
2653 3478 2795 3527 νῶτα
2820 3469 3206 3545 προτροπάδην
3240 3473 3532 3548 φυγγάνει»
3579 3491 3591 3505 ·

390 3567 629 3624 Interim
651 3568 841 3623 Caesar
874 3565 1101 3619 modico
1134 3580 1266 3618 cum
1301 3562 1486 3616 milite

2316 3565 2393 3616 Δι’
2425 3564 2638 3640 ἀφανῶν
2673 3560 2729 3617 δὲ
2760 3557 3043 3616 δυσϐάτων
3073 3582 3131 3617 τε
3163 3560 3384 3635 χωρίων

387 3672 489 3726 per
517 3672 665 3710 caeca
695 3659 932 3725 reptans
959 3650 1229 3707 difﬁcilia
1251 3650 1376 3706 loca

2313 3653 2474 3723 Ἀναξ
2508 3648 2717 3713 διεκδὺς
2751 3650 2843 3705 σὺν
2876 3647 3127 3711 ὁπλίταις
3161 3651 3410 3724 βραχέσι,

387 3747 509 3799 tota
538 3742 784 3815 diripuit
816 3740 1201 3795 Barbarorum
1235 3743 1446 3805 castra,

2311 3739 2568 3809 Ληΐζιται
2599 3741 2816 3815 χάρακα
2841 3740 3009 3795 πάντα
3042 3734 3378 3814 βαρϐάρων,²

386 3835 673 3903 quotquot
703 3830 785 3885 ibi
816 3829 1029 3899 reperit
1059 3830 1189 3883 οξεδί
1222 3828 1436 3901 gladio.

2135 3830 2275 3884 3515
2312 3829 2417 3885 Καὶ
2445 3828 2573 3891 τοὺς
2604 3828 2655 3883 ἐν
2692 3829 2834 3901 αὐτῷ
2861 3825 3196 3903 παραδίδωσι
3228 3826 3363 3903 ξίφει
3400 3847 3410 3858 ·

388 3920 635 3991 Cognita
666 3935 726 3973 re
757 3918 1057 3982 barbarus,
1093 3921 1248 3972 metu
1280 3917 1566 3973 attonitus

2308 3918 2374 3975 Ὃ
2401 3913 2682 3991 Βάρϐαρος
2713 3916 2875 3991 γνοὺς
2907 3915 3183 3991 συσχεῦεἶς
3216 3915 3419 3987 ἀθυμίᾳ

385 4008 584 4063 animo
616 4007 792 4062 simul
824 4006 1163 4078 viribusque
1193 4005 1465 4073 concidit,

2310 4011 2540 4081 Παρεῖτο
2571 4012 2760 4080 χεῖρας
2792 4005 2881 4059 καὶ
2914 4003 3077 4076 δέμας
3106 4003 3196 4057 καὶ
3225 4001 3466 4079 καρδίαν,

384 4096 695 4167 cunctique
727 4100 866 4149 sunt
899 4094 1116 4150 reversi
1142 4095 1200 4149 in
1235 4092 1484 4165 patriam
1520 4108 1685 4147 suam

2312 4094 2415 4150 Καὶ
2441 4095 2634 4158 πάντες
2660 4095 2951 4168 ἀπῴχοντο
2985 4092 3120 4163 πρὸς
3150 4097 3294 4170 σφῶν
3327 4090 3557 4166 πατρίδα

386 4186 571 4240 risum
607 4182 836 4251 lucrati,
870 4183 986 4238 imo
1018 4187 1074 4237 et
1106 4180 1510 4251 ignominiam.

2308 4181 2639 4260 Ὠφληκότες
2670 4182 2903 4255 γέλωτα,
2937 4182 3073 4255 πρὸς
3106 4178 3152 4235 δ’
3183 4179 3248 4235 αὖ
3272 4180 3540 4255 αῒσχύνην
3578 4201 3585 4209 ·

385 4273 586 4329 Postea
614 4273 823 4340 Turca,
849 4270 941 4326 cui
975 4286 1184 4325 nomen
1214 4269 1492 4336 Tzaehas,

2132 4272 2271 4326 3520
2311 4271 2414 4326 Καὶ
2445 4275 2692 4345 Τοῦρκος
2724 4268 2874 4332 αὖθις
2907 4273 3129 4343 Τζοιχᾶς
3154 4291 3235 4331 τις
3265 4268 3605 4341 κεκλημένος

380 4360 507 4418 Chii
534 4361 651 4430 jam
685 4359 981 4425 dominus,
1016 4359 1298 4413 adornata
1328 4357 1535 4426 classe,

2308 4359 2439 4415 Χίον
2466 4359 2754 4434 κατασχὼν
2788 4358 2873 4413 οιαὶ
2903 4358 3095 4414 στόλον
3127 4358 3446 4431 καταρτίσας

381 4454 623 4505 Samum
650 4456 705 4504 el
737 4448 988 4503 Lesbum
1017 4452 1192 4519 atque
1226 4446 1491 4500 Rhodum
1536 4444 1711 4516 capit,

2307 4450 2463 4523 Αἱρεῖ
2496 4449 2681 4520 Σάμον
2714 4442 2916 4503 Λέσϐον
2948 4468 3006 4501 τε
3028 4450 3226 4517 νήσους
3257 4445 3346 4500 καὶ
3375 4442 3589 4514 Ῥόδον,

378 4538 641 4607 aliasque
672 4536 1084 4608 praefecturas;
1119 4534 1219 4590 sed
1256 4535 1392 4589 inde
1432 4532 1635 4604 pulsus

2051 4534 2099 4596 Β
2304 4535 2513 4598 ’Ἄλλας
2545 4557 2601 4591 τε
2634 4533 2963 4607 δεσποτείας,
2994 4533 3315 4608 ἐξελήλαται
3345 4531 3506 4588 πάλιν

382 4623 596 4697 ρτωιίἰε
628 4623 940 4680 maritimis
971 4643 1004 4679 a
1033 4623 1313 4679 Romanis
1346 4623 1477 4679 fuit.

2306 4629 2599 4698 Ῥωμαϊκῷ
2630 4622 2810 4698 στόλῳ
2840 4624 2929 4679 καὶ
2959 4624 3258 4699 ναυμαχίᾳ.

375 4715 542 4769 Tunc
572 4712 746 4769 etiam
780 4714 1003 4785 Cyprus
1030 4713 1238 4768 defecit
1268 4713 1340 4767 ab
1386 4711 1630 4784 imperio

2129 4716 2269 4769 3525
2307 4715 2628 4768 ’Δποστατεῖ
2658 4711 2713 4767 δὲ
2741 4714 3035 4784 τηνικαῦτα
3064 4713 3154 4767 καὶ
3188 4713 3407 4787 Κύπρος

377 4807 662 4874 occupata
692 4801 959 4857 videlicet
990 4818 1021 4856 a
1056 4802 1533 4872 Rhapson'mato.

2300 4807 2408 4859 Τοῖ’)
2438 4802 2829 4875 Ῥαψομμάτου
2858 4799 3021 4873 τήνδε
3050 4802 3476 4876 κατεσχηκότος.

377 4891 650 4948 Fertilem
688 4891 993 4961 insupater
1022 4890 1380 4944 Cretensium
1404 4890 1656 4944 insulam

2304 4890 2407 4948 Καὶ
2436 4888 2599 4945 πάλιν
2630 4889 2966 4967 ἀμφίρρυτον
3000 4887 3225 4967 εὔφορον
3260 4891 3478 4958 Κρήτην

375 4980 621 5034 rabidus
652 4978 887 5049 quidam
920 4978 1165 5048 Caryces
1200 4978 1430 5033 rebellis

2299 4980 2461 5052 Ἀνὴρ
2497 4980 2743 5056 Καρύκης
2779 4976 3054 5049 δυσμενὴς
3085 4977 3398 5045 ἀποστάτης

371 5068 423 5122 vi
454 5072 705 5137 captam,
739 5066 1015 5121 dominus
1048 5065 1223 5121 veluti
1258 5067 1571 5122 insidebat.

2299 5068 2394 5139 Βία
2423 5067 2735 5142 κατασχὼν,
2773 5069 2887 5141 εἶχε
2915 5067 3051 5141 πρὸς
3082 5067 3360 5120 κατοικίαν
3392 5083 3404 5096 ·

370 5155 687 5226 Utramque
719 5159 913 5209 tamen
946 5154 1200 5209 insulam
1233 5155 1479 5225 imperio

2119 5158 2259 5211 3530
2298 5156 2643 5224 Ἐπανεσώθη
2678 5152 2723 5209 δ’
2755 5154 2908 5217 αὖθις
2938 5149 3191 5208 Αὐσόνων
3223 5154 3406 5229 κράτει

367 5242 574 5299 classis
608 5243 868 5298 Romana
898 5244 1091 5298 denuo
1124 5244 1402 5299 restituit.

2294 5245 2492 5314 Νήσων
2528 5241 2654 5306 δυάς
2684 5244 2817 5313 αὕτη
2849 5264 2909 5318 γε
2938 5243 3226 5315 Ῥωμαίων
3257 5240 3453 5313 στόλῳ.

365 5332 482 5387 Ηοο
515 5331 865 5402 impetrante
896 5336 1138 5397 Caesare,
1172 5339 1337 5387 terra:
1371 5336 1564 5387 motus

2040 5380 2045 5387 .
2290 5331 2493 5387 Τούτου
2522 5336 2843 5405 κρατοῦντος
2875 5332 2961 5385 καῖ
2995 5329 3191 5393 κλόνος
3221 5334 3327 5405 γῆς
3360 5323 3579 5397 συνέϐη,

363 5420 684 5475 admodum
719 5420 1032 5476 vehemens
1065 5426 1237 5487 atque
1268 5421 1562 5475 terrificus

2296 5421 2525 5494 Σεισμός
2556 5442 2615 5475 τε
2646 5418 2819 5482 δεινὸς
2850 5420 2940 5474 καὶ
2973 5418 3093 5474 λίαν
3126 5420 3436 5495 φρικαλὲος.

362 5507 658 5579 speciosas
688 5510 890 5563 domos
917 5507 1256 5579 templaque
1288 5508 1598 5579 magnifica

2289 5515 2299 5533 ε
2386 5510 2397 5528 ν
2462 5509 2489 5527 7⁵
2671 5510 2685 5529 \
2762 5504 2781 5523 ’1
3066 5509 3081 5529 \
3220 5506 3232 5524 ε
3303 5506 3313 5525 ν

2308 5516 2380 5585 Υφ
2430 5530 2491 5563 ου
2522 5506 2687 5563 καλοι
2721 5506 2882 5580 δομοι
2905 5530 2963 5562 τε
2994 5530 3081 5562 και
3116 5528 3232 5562 ναοι
3269 5508 3407 5577 ξενοι

363 5596 547 5652 diruit
575 5598 817 5666 passim,
844 5596 1014 5666 vique
1047 5613 1155 5651 sua
1187 5596 1475 5651 contrivit.

2113 5601 2255 5656 3535
2294 5598 2691 5660 Καταπεσὸντες
2723 5592 3103 5672 συνετρίϐησαν
3142 5595 3233 5670 βίᾳ
3263 5614 3275 5627 ⁸
