4154 6304
389 350 480 402 Mi

561 479 892 550 Συνηρεφεῖς
919 496 978 530 τε
1003 475 1092 529 καὶ
1126 478 1321 552 μακραὶ
1353 478 1504 532 στοαὶ
1537 479 1700 531 πάλιν

560 574 769 624 Πτῶσιν
802 575 1062 634 παθοῦσαι
1094 573 1398 649 συνὲχωσαν
1435 573 1717 634 ἀπλέτους.

558 658 661 712 Καὶ
697 659 1024 726 Πατζινάκαι
1059 663 1316 725 Σκυθικὸν
1344 663 1504 717 πάλιν
1540 662 1688 726 ἔθνος

555 744 768 818 Θρᾴκης
803 747 978 820 ἐπῄει,
1007 749 1337 811 Μακεδονίας
1369 750 1545 823 ὅρους,

379 834 519 888 3540
559 832 747 886 Αὐτῶν
782 835 951 905 νομάς
981 857 1036 890 τε
1064 839 1154 890 καὶ
1184 839 1382 899 τόπους
1409 838 1746 899 λελοιπότες.

553 917 730 976 Ἀλλά
761 923 880 975 κατ’
908 922 1079 977 αὐτῶν
1115 924 1494 996 ἐκστρατεύσας
1524 928 1550 980 ὁ
1589 929 1801 999 κράτωρ

559 1008 657 1063 Καὶ
690 1008 1051 1082 συμπλακεὶς,
1083 1011 1290 1083 ἥττητο
1321 1013 1500 1069 τοῖσδε
1529 1010 1846 1088 Βαρῧάροις,

554 1096 640 1156 Ὠς
673 1105 1013 1171 στρατιωτῶν
1039 1106 1156 1162 τοῖς
1186 1102 1379 1164 ὅπλοις
1411 1103 1766 1167 πεποιθότων,

560 1184 656 1237 Καὶ
695 1186 768 1256 μή
802 1190 998 1258 νικητῇ
1025 1193 1102 1259 τῷ
1134 1195 1250 1261 Θεῷ
1279 1191 1458 1246 καλῶν
1494 1191 1641 1265 δὸτῃ.

375 1271 516 1325 3545
557 1271 651 1324 Καὶ
685 1273 851 1326 πάλιν
880 1274 1189 1348 ἐστράτευσε
1219 1281 1334 1331 κατ’
1364 1279 1536 1332 αὐτῶν
1568 1277 1716 1348 ἅναξ,

549 1360 646 1413 Kal
679 1362 957 1434 σώφρονός
987 1386 1043 1436 γε
1077 1372 1323 1438 στρατιᾶς
1351 1365 1696 1442 δεδειγμένης

544 1447 743 1516 Ῥοπῆς
775 1470 830 1503 τε
857 1450 998 1512 θείας
1030 1451 1255 1515 ἐλπίδας
1285 1453 1566 1527 ἐξαψάσης,

543 1537 826 1608 Συμμίξας
860 1538 1043 1601 αὐτοῖς
1076 1540 1260 1611 ἐκνικᾷ
1287 1544 1422 1597 κατά
1449 1544 1664 1617 κράτος,

543 1624 638 1676 Καὶ
671 1630 814 1700 σφῶν
847 1627 908 1679 τὸ
940 1625 1153 1696 πλῆθος
1185 1630 1510 1703 ἐκθερίζουσι
1537 1632 1671 1705 ξίφει
1707 1653 1718 1664 ⁸

359 1714 502 1767 3550
540 1711 777 1776 ’Ἄλλους
809 1711 853 1768 δ’
885 1715 1096 1777 ἑλόντες
1127 1718 1518 1793 αῒχμαλώτους
1548 1720 1598 1774 ἐν
1635 1720 1784 1795 μέλῃ

533 1800 855 1872 ᾙρημὲνοις
886 1811 1020 1880 σφᾶς
1048 1805 1294 1861 ἀπέδοντ’
1326 1809 1604 1882 ἀργυρίου.

539 1888 598 1943 Ὁ
630 1886 676 1941 δ’
708 1888 1053 1966 αὐτοκράτωρ
1086 1893 1143 1947 ἐκ
1177 1897 1397 1948 Σκυθῶν
1431 1896 1723 1971 ἀποκρίνας

531 1978 695 2038 Νέους
725 1985 1056 2053 σφριγῶντας
1087 1982 1347 2047 εὐσθενεῖς
1371 1985 1459 2038 καὶ
1495 1985 1774 2059 μαχίμους

535 2064 617 2117 Ἐν
647 2063 934 2140 Μογλένων
969 2067 1132 2140 ᾤκισε
1155 2073 1368 2134 τούτοις
1401 2073 1652 2148 χωρῖοις,

353 2150 496 2204 3555
534 2150 747 2206 Οἷκεῖόν
781 2154 832 2207 οἱ
859 2154 1131 2229 σύνταγμα
1161 2159 1382 2220 τούτους
1415 2159 1666 2226 καλέσας,

527 2241 589 2293 Οἳ
621 2242 705 2294 καὶ
745 2241 909 2316 μέχρι
942 2244 1031 2298 νὺν
1067 2246 1170 2300 ἀπὸ
1203 2247 1486 2322 Μογλένου
1514 2250 1684 2302 τόπου

527 2333 657 2382 Πᾶσι
691 2327 976 2386 καλοῦνται
1001 2333 1594 2408 Μογλενοπατζινάκαι.

527 2418 622 2470 Καὶ
654 2421 872 2492 στρατιά
899 2443 984 2482 τις
1013 2422 1238 2478 Ἰταλῶν
1275 2423 1323 2495 ἐξ
1352 2425 1574 2498 ὲσπὲρας

523 2505 720 2559 Ἀνεισι
756 2506 1016 2581 βαδίσασα
1045 2510 1182 2584 πρὸς
1214 2510 1528 2580 Βυζαντίδα,

354 2591 494 2645 3560
531 2594 771 2665 Ἔχουσα
799 2595 862 2648 τὸ
887 2601 1171 2671 πρόθυμον
1205 2599 1277 2660 ὡς
1310 2601 1442 2674 πρὸς
1471 2603 1567 2668 τὴν
1598 2598 1670 2655 ἕω
1704 2620 1716 2632 ’

522 2682 619 2742 Ἠς
651 2683 958 2756 συγκίνησιν
993 2686 1244 2762 ἐμφανῶς
1274 2689 1577 2761 προμηνύει

521 2767 738 2836 Πληθυς
768 2769 1003 2844 ἀκρίδων
1036 2773 1258 2847 ἑσπέρας
1287 2777 1422 2848 πρὸς
1451 2779 1548 2846 τήν
1579 2774 1674 2847 ἕω,

520 2857 615 2910 Δια
643 2878 700 2911 τε
731 2859 964 2933 Θρᾴκης,
996 2861 1322 2925 Μακεδονίας
1356 2865 1494 2939 ὅρων

519 2949 628 3014 Τήν
659 2947 834 3021 ἀέριον
869 2957 1063 3018 πτῆσιν
1091 2953 1501 3028 ἐξεργασανένη.

338 3035 484 3090 3565
520 3036 782 3110 Φράγγων
811 3037 963 3110 ὅμως
994 3042 1296 3113 στράτευμα
1325 3045 1568 3116 πορθμὸν
1599 3039 1774 3114 διέϐη,

523 3122 831 3199 Ἐφίσταται
865 3123 922 3179 δὲ
950 3130 1018 3199 τῇ
1045 3128 1286 3182 Νικαέων
1318 3129 1475 3184 πόλει

517 3212 677 3283 Χερσῖ
711 3211 968 3284 Τούρκων
1003 3212 1254 3290 αἶ’σχιστα
1281 3219 1678 3294 τυραννουμένῃ
1716 3239 1729 3252 ⁶

517 3299 617 3354 Καὶ
652 3299 740 3353 σὺν
776 3303 964 3376 χρόνῳ
998 3300 1054 3356 δὲ
1083 3303 1168 3358 καὶ
1207 3307 1360 3380 μάχῃ
1395 3306 1658 3382 φρικαλέᾳ

519 3393 704 3462 Φθορᾷ
732 3409 790 3442 τε
819 3388 1007 3464 πολλῇ
1038 3392 1173 3466 πρὸς
1211 3399 1386 3464 μερῶν
1417 3396 1676 3470 ἑκατέρων

374 3476 479 3530 570
515 3476 745 3550 Αἱροῦσι
775 3478 1018 3552 Φράγγοι
1049 3481 1146 3545 τήν
1174 3479 1334 3534 πόλιν
1363 3484 1497 3537 κατά
1521 3485 1733 3558 κράτος,

517 3570 556 3617 Κ
596 3565 610 3584 κ
685 3569 710 3580 η.
951 3572 971 3582 -
1111 3565 1160 3598 ei
1354 3576 1379 3586 -
1630 3573 1640 3588 ι

561 3585 612 3617 αι
644 3586 723 3635 τῳ
759 3564 971 3640 βασιλει
999 3570 1162 3637 τήνοτ,
1189 3573 1419 3625 ποΛλων
1453 3592 1560 3646 χρη
1575 3594 1753 3644 ματων

515 3651 931 3725 Ἀπεμπολοῦσι
959 3657 1047 3709 καὶ
1080 3663 1434 3731 προχωροῦσι
1465 3661 1652 3734 πρόσω
1676 3681 1688 3693 ·

515 3740 616 3795 Καὶ
647 3736 1050 3816 προσϐαλόντες
1081 3746 1367 3821 Ἀντιόχου
1397 3753 1464 3820 τῇ
1497 3749 1656 3804 πόλει

519 3828 773 3902 Αἱροῦσιν
810 3829 978 3899 αὐτὴν
1005 3840 1281 3907 μηχαναῖς
1308 3856 1365 3888 τε
1394 3838 1482 3889 καὶ
1517 3837 1669 3912 μάχῃ
1701 3858 1713 3871 .

335 3919 480 3973 3575
514 3918 644 3972 Μεθ’
763 3919 961 3992 ἀγῶσιν
997 3919 1242 3994 ἰσχυροῖς
1275 3943 1329 3975 τε
1358 3923 1445 3976 καὶ
1480 3925 1631 3999 μάχῃ

520 4005 613 4060 Καὶ
646 4007 742 4073 τήν
779 4006 919 4060 Σιὼν
951 4008 1158 4081 αἱροῦσι
1190 4010 1289 4078 τήν
1322 4015 1452 4064 Θεοῦ
1483 4012 1641 4066 πόλιν
1679 4034 1691 4046 ·

517 4093 613 4148 Καὶ
640 4093 1015 4166 Ῥαϊμοῦνδος,
1047 4098 1106 4152 οὗ
1136 4100 1314 4170 πατὴρ
1346 4099 1410 4167 ἧν
1447 4104 1776 4177 Ρομπὲρτος,

515 4181 631 4237 Tth
665 4184 790 4256 παρ’
816 4183 1050 4245 Ἰταλοῖς
1084 4186 1158 4248 εἷς
1188 4185 1472 4260 ἐπισήμων
1498 4189 1698 4260 πέλων,

516 4270 722 4332 Πίστεις
757 4270 1006 4342 ἐνόρκους
1035 4268 1161 4348 ἔδρα
1189 4276 1323 4349 πρὸς
1361 4275 1584 4351 βασιλέα

333 4361 477 4414 3580
515 4359 627 4426 Τὴν
659 4356 724 4428 δὴ
752 4360 888 4433 πρὸς
921 4361 1078 4416 αὐτὸν
1114 4361 1448 4434 ἐμπεδοῦσας
1481 4365 1662 4439 φιλίαν

516 4447 617 4503 Καὶ
647 4445 909 4517 δουλικὴν
944 4446 1153 4505 εὔνοιαν
1184 4451 1266 4506 ἀεί
1289 4453 1377 4507 καὶ
1410 4455 1615 4529 σχέσιν.

513 4537 670 4591 ’Όθεν
706 4532 890 4591 λαϐὼν
917 4539 1178 4612 χρήματα
1208 4541 1342 4614 πρὸς
1379 4543 1672 4611 βασιλέως,

515 4622 610 4679 Καὶ
643 4621 850 4696 δωρεὰς
880 4626 944 4678 αὖ
976 4625 1291 4702 φιλοτιμίας
1324 4629 1488 4700 ξένας,

514 4711 659 4783 Ηρὸς
695 4711 890 4786 Συρίαν
925 4713 1179 4786 ὥρμησεν
1211 4717 1298 4770 καὶ
1333 4716 1580 4774 Κιλικίαν
1617 4741 1629 4752 ο

327 4799 475 4852 3585
513 4799 624 4867 Τῆς
658 4795 705 4852 δ’
734 4801 1028 4876 Ἀντιόχου
1058 4807 1470 4878 κατακρατήσας
1505 4808 1678 4882 μέλω

513 4883 614 4947 Οὓς
646 4887 793 4961 εἶχεν
829 4889 1022 4964 ὅρκους
1054 4889 1190 4965 πρὸς
1228 4891 1498 4967 βασιλέας,
1534 4893 1729 4969 δράσας

519 4973 763 5038 Σπονδςὶς
791 4999 849 5033 τε
881 4980 1104 5054 φρικτάς
1136 4984 1418 5053 ἠθετηκὼς
1451 4985 1660 5058 αὐτίκα,

515 5064 814 5127 Ἀσπονδος
846 5067 1047 5142 ἐχθρὸς
1080 5070 1266 5144 εὑρέθη
1298 5071 1623 5145 Ῥωμαΐδος.

516 5150 608 5206 Ἐκ
636 5155 741 5206 τῶν
771 5153 921 5225 ἑῴων
949 5161 1232 5230 τοιγαροῦν
1260 5159 1394 5230 πρὸς
1422 5160 1644 5236 ὲσπέραν

327 5238 475 5293 3590
514 5236 749 5295 Μᾶλλων
775 5241 1018 5316 ἀπαίρειν
1046 5245 1079 5312 ἡ
1117 5240 1352 5315 βέϐηλος
1379 5245 1588 5321 καρδία,

512 5325 690 5382 Αὐτοῦ
715 5330 1080 5402 κατεψεύσωο
1111 5333 1337 5388 θάνατον
1368 5331 1548 5408 φόϐῳ.

511 5412 598 5475 Ὧς
629 5417 815 5492 νεκρὸς
848 5417 940 5473 οὖν
974 5417 1202 5482 ἐντεθεὶς
1238 5420 1560 5495 ἐψευσμένος

511 5504 576 5559 Ἠ
607 5506 793 5581 νεκρὸς
823 5504 1064 5580 ἔμπνους
1095 5505 1431 5583 λαρνακιδίῳ
1465 5511 1593 5568 τότε

511 5590 752 5664 Ἀπῆκτο
787 5596 976 5672 χερσὶν
1012 5596 1233 5652 οἰκετῶν
1267 5599 1400 5675 πρὸς
1430 5599 1660 5676 πατρίδα

1935 351 2184 408 ΟΕΒΔΒ
2195 357 2291 407 ES.

2047 479 2100 540 Α
2132 476 2275 530 Tum
2308 493 2441 532 vero
2471 494 2660 550 opacas
2694 478 3046 550 prolixaeque
3081 479 3342 549 porticus

2127 570 2321 620 stratze
2353 566 2623 622 mortales
2653 573 3071 638 oppresserunt
3093 568 3400 638 plurimos.

2123 655 2195 706 At
2224 653 2537 708 Palzinacai
2571 654 2837 724 Scythica
2869 671 3011 725 gens
3041 656 3232 710 denuo

2122 742 2426 796 Thraciam
2460 744 2768 797 vastabant
2800 749 2975 813 atque
3003 742 3397 798 Micedoniam

2124 831 2249 884 suis
2281 831 2501 887 relictis
2529 833 2736 904 patriis
2765 841 2940 905 atque
2971 834 3227 904 pascuis.

2122 922 2335 974 Contra
2364 921 2470 975 hos
2497 922 2778 992 correptis
2809 923 2988 977 armis
3017 923 3352 990 imperator,

2123 1023 2296 1061 manu
2322 1016 2611 1067 conserta.
2642 1011 2828 1064 victus
2859 1016 2946 1064 est
2977 1028 3010 1064 a
3042 1010 3330 1075 Barbarie,

2122 1095 2258 1165 quia
2286 1097 2468 1150 nostri
2501 1097 2736 1152 millites
2767 1099 3136 1153 confidebant
3165 1099 3366 1165 armis,

2119 1201 2234 1237 non
2266 1190 2380 1240 Deo
2421 1185 2635 1241 victore
2660 1188 3064 1257 bonorumque
3091 1193 3342 1242 auctore.

2120 1273 2344 1328 Rursus
2375 1275 2665 1344 profectus
2696 1282 2898 1330 contra
2922 1276 3157 1330 eosdem
3189 1277 3378 1331 Caesar

2118 1363 2380 1416 modesto
2411 1379 2539 1417 cum
2576 1365 2830 1418 exercitu
2872 1370 3048 1434 atque
3081 1364 3175 1434 pio

2115 1452 2170 1499 et
2199 1447 2294 1515 qui
2326 1447 2624 1502 victoriam
2657 1449 2883 1502 cmlitus
2910 1450 3202 1519 sperabat,

2113 1533 2255 1589 inito
2291 1536 2484 1606 prwlio
2517 1537 2826 1591 debellavit
2861 1537 3078 1603 hostes,

2113 1639 2542 1695 numerumque
2586 1627 2904 1695 plurimum
2938 1626 3131 1696 gladio
3157 1625 3445 1680 messuit:

2110 1710 2395 1781 reliquam
2429 1719 2657 1784 captam
2688 1714 2820 1767 belli
2848 1715 2982 1784 jure
3015 1714 3248 1768 turbam

2033 1829 2076 1891 Β
2107 1799 2288 1854 victor
2317 1801 2603 1855 exercitus
2635 1803 2744 1856 sub
2777 1819 2989 1856 corona
3022 1803 3299 1857 vendidit.

2105 1889 2176 1940 At
2205 1887 2521 1958 imperator
2547 1891 2656 1944 sibi
2690 1891 2760 1943 de
2792 1892 3022 1961 Scythis
3055 1891 3196 1961 legit

2099 1975 2339 2031 eximios
2364 1978 2610 2046 juvenes
2644 1978 2889 2042 validos,
2923 1995 3219 2049 pugnaces

2097 2081 2240 2133 quos
2265 2065 2322 2119 in
2356 2067 2587 2136 regione
2621 2067 2814 2135 posuit
2839 2068 2991 2120 dicta
3025 2068 3308 2138 Mogleno,

2095 2169 2263 2208 suam
2295 2153 2446 2208 hanc
2477 2154 2778 2225 appellans
2821 2155 3200 2226 perculiarem
3236 2172 3516 2226 manum;

2092 2243 2186 2298 hic
2221 2261 2374 2298 nunc
2405 2245 2578 2299 etiam
2611 2264 2645 2300 a
2674 2246 2924 2300 statione
2956 2246 3199 2317 Mogleni

2091 2332 2256 2400 vulgo
2289 2332 2660 2403 appellantur
2689 2333 3317 2405 Moglenopatizinace.

2089 2420 2167 2474 En
2201 2424 2395 2475 autem
2419 2420 2596 2474 Italus
2626 2438 2694 2475 ex
2723 2423 3022 2477 occidente
3049 2423 3334 2477 exercitus

2089 2509 2390 2578 processit,
2425 2509 2629 2562 urbem
2663 2511 2732 2562 ad
2773 2510 3153 2580 Byzantinam
3186 2513 3449 2576 tendens,

2084 2597 2185 2651 sed
2217 2597 2526 2652 orientales
2555 2614 2764 2652 cursus
2802 2604 3002 2666 petens
3027 2599 3252 2669 plagas.

2084 2685 2270 2755 Hujus
2302 2686 2594 2756 portendit
2619 2686 2926 2741 manifeste
2959 2695 3184 2743 motum

2081 2775 2168 2828 vis
2198 2772 2556 2828 locustarum
2591 2775 2797 2845 ingens
2827 2793 2892 2829 ex
2926 2777 3208 2846 hesperiis

2081 2878 2214 2916 eoos
2248 2870 2446 2930 petens
2474 2861 2654 2928 locos,
2689 2879 2753 2916 ac
2785 2863 3040 2918 volatum

2083 2966 2182 3020 per
2206 2949 2600 3005 Macedoniam
2633 2951 3058 3022 Thracianzque
3088 2953 3366 3024 dirigens.

2078 3041 2431 3092 Francorum
2464 3054 2696 3108 quoque
2727 3039 3048 3093 excercitus
3082 3041 3289 3095 fretum
3322 3043 3559 3098 transiit

2087 3132 2253 3196 atque
2285 3127 2576 3181 Nicaenam
2613 3128 2811 3181 urbem
2844 3127 3222 3183 circumsedit

2088 3215 2405 3270 'l‘urcarum
2439 3215 2710 3270 manibus
2741 3215 2988 3286 turpiter
3016 3233 3356 3288 Oppressum
3383 3236 3396 3285 ;

2087 3320 2261 3375 quam
2293 3303 2587 3357 diuturnis
2621 3303 2989 3375 horridisqne
3023 3307 3236 3376 pugnis

2086 3392 2387 3462 multoque
2418 3389 2691 3460 utrinque
2722 3390 2974 3446 militum
3017 3394 3238 3449 excidio

2083 3486 2472 3552 expugnatam
2516 3480 2718 3535 Franci
2745 3497 2844 3551 per
2873 3480 2988 3534 vim
3019 3498 3333 3553 summam,

2082 3570 2287 3624 Caesari
2319 3585 2499 3634 graeco
2523 3570 2706 3624 multo
2740 3586 2984 3640 repenso
3018 3571 3201 3641 pretio

2085 3658 2553 3724 divendiderunt,
2590 3664 3084 3731 perrexeruntque
3118 3659 3363 3716 ulterius
3391 3679 3404 3715 :

2083 3745 2374 3816 delatique
2414 3745 2484 3798 ad
2521 3745 2723 3798 urbem
2755 3747 3144 3816 Antiochiam,

2084 3835 2233 3890 hanc
2265 3832 2510 3888 artificio
2543 3837 2599 3885 et
2630 3833 2844 3902 praeliis
2873 3835 3270 3893 obtinuerunt.

2082 3923 2352 3978 Posthinc
2382 3919 2763 3975 certaminum
2799 3938 3006 3992 magno
3025 3922 3220 3978 labore

2080 4013 2312 4066 Sionem
2336 4025 2563 4080 quoque
2594 4013 2873 4078 ceperunt
2904 4011 3102 4064 urbem
3140 4012 3258 4067 Dei.

2081 4103 2225 4155 Tum
2253 4105 2310 4154 et
2340 4098 2704 4152 Raimundus
2732 4097 2886 4150 {ilius
2921 4098 3172 4163 Roberti,

2084 4188 2295 4244 nobilis
2327 4185 2505 4242 Italus
2528 4184 2737 4241 Caesari
2769 4192 2968 4241 nostro
2990 4187 3164 4242 ﬁdem

2074 4280 2337 4349 juratam
2368 4275 2528 4330 dedit
2553 4275 2672 4329 fore
2707 4281 2771 4330 ut
2793 4276 3109 4332 amicitiam

2083 4370 2424 4439 perpetuam
2457 4380 2654 4419 secum
2686 4364 2916 4430 coleret,
2939 4370 2998 4419 et
3028 4367 3375 4437 obsequium

2083 4453 2272 4510 devoti
2304 4454 2481 4508 animi
2515 4452 3013 4522 reverentiamque
3041 4453 3302 4510 haberet.

2011 4540 2052 4602 D
2085 4542 2168 4597 Ob
2198 4540 2254 4594 id
2285 4544 2519 4609 accepta
2549 4555 2582 4592 a
2609 4542 2829 4592 Caesare
2862 4539 3128 4608 pecunia,

2085 4629 2252 4686 donis
2284 4629 2522 4682 affectus
2544 4625 2915 4696 insolitisque
2946 4626 3289 4696 honoribus,

2086 4717 2345 4791 perrexit
2373 4716 2434 4769 in
2465 4713 2726 4769 Ciciliam
2759 4729 3013 4783 moxque
3046 4714 3105 4769 in
3135 4716 3385 4788 Syriam.

2087 4813 2184 4864 Ast
2212 4803 2518 4860 Antiochia
2548 4801 2775 4855 fortiter
2795 4801 3042 4872 potitus.

2087 4912 2264 4968 quam
2304 4892 2426 4964 regi
2457 4888 2746 4946 obtulerat
2767 4891 3028 4960 juratam
3061 4893 3236 4951 fidem

2087 4998 2436 5052 sacrumque
2469 4979 2653 5033 fmdus
2685 4978 2837 5033 illico
2867 4979 3089 5045 fefellit,

2090 5074 2374 5146 perfidum
2408 5069 2629 5123 hostem
2663 5076 2844 5122 semel
2866 5068 3108 5139 imperio
3140 5072 3440 5131 exhibens.

2088 5169 2217 5218 Mox
2245 5160 2317 5213 ab
2347 5158 2566 5212 oriente
2598 5172 2801 5210 rursus
2831 5155 2889 5210 in
2921 5157 3258 5229 Hesperiam

2090 5253 2262 5306 homo
2286 5246 2565 5303 scelestus
2599 5261 2729 5299 cum
2761 5245 3053 5300 rediturus
3085 5256 3258 5316 esset,

2092 5344 2358 5395 metuens
2381 5334 2513 5403 sibi,
2549 5338 2796 5388 mortem
2829 5333 3144 5389 simulavit.

2094 5428 2240 5496 Ergo
2265 5421 2476 5490 fallaci,
2511 5424 2788 5488 tanquam
2823 5425 3107 5490 mortuus,
3140 5423 3270 5478 dolo

2095 5516 2182 5572 vel
2217 5509 2606 5568 moribundus
2638 5509 2909 5562 conditur
2937 5509 2994 5562 in
3029 5525 3202 5580 capsa

2097 5612 2270 5678 atque
2303 5602 2384 5656 ita
2415 5615 2446 5652 a
2481 5597 2717 5654 famulis
2750 5597 3008 5653 defertur
3038 5599 3096 5652 in
3140 5601 3388 5672 patriam

3666 356 3774 411 142
