4154 6304
389 347 492 400 143
1585 352 1954 404 EPHRJSMII
1993 347 2562 401 CHRONOGRAPHI

389 469 537 528 falso
568 469 897 528 dicentibus
928 474 1225 527 mortuum
1259 471 1416 527 hunc
1446 489 1596 528 esse.

389 560 536 615 Cum
567 560 650 615 sic
683 559 741 614 in
775 559 1023 630 patriam
1057 560 1344 615 evasisset.
1379 565 1533 628 astu,

389 647 600 704 Caesari
625 646 876 703 multum
907 648 1251 702 obtrectavit
1280 653 1518 717 temere,

392 739 855 807 congregatoque
885 735 1138 790 exercitu
1173 735 1378 790 Latino

392 826 462 880 ad
495 824 852 896 Epidaurum
887 825 1091 880 urbem
1123 823 1364 878 classem
1398 824 1645 896 appulit,

390 913 686 984 hujusque
720 911 932 967 moenia
963 910 1251 967 machinis
1283 911 1574 982 pulsabat.

391 1002 501 1056 Sed
525 1017 628 1072 spe
658 1001 974 1056 frustratus
999 1016 1132 1054 cum
1165 1000 1311 1054 nihil
1345 1000 1671 1070 proﬁceret,

391 1091 607 1145 omisso
638 1089 810 1158 bello,
835 1088 1016 1142 mittit
1043 1088 1412 1158 legationem,

401 1183 457 1233 et
480 1178 791 1248 impetrato
821 1175 1060 1232 Caesaris
1091 1175 1407 1246 colloquio,

394 1267 582 1322 foedus
608 1282 739 1321 cum
773 1265 900 1336 ipso
931 1265 1121 1319 denuo
1161 1281 1486 1335 pacemque
1519 1265 1672 1320 facit.

394 1353 820 1426 Bogomilarum
850 1355 959 1408 sub
993 1353 1190 1408 Alexio
1223 1353 1460 1408 haeresis

393 1443 580 1499 invisa
611 1442 726 1498 Deo
756 1441 990 1497 emersit
1019 1448 1078 1496 et
1106 1440 1506 1508 exsecrabilis,

391 1532 560 1602 cujus
588 1530 840 1586 Basilius
872 1530 1105 1601 quidam
1140 1535 1342 1585 auctor
1373 1535 1517 1600 erat,

389 1621 651 1676 medicus
673 1618 846 1690 vulgo
879 1617 1093 1684 dictus,
1129 1618 1396 1673 minister
1426 1620 1670 1682 Satanae,

391 1707 488 1778 qui
519 1705 668 1762 clam
703 1705 1014 1777 permultis
1048 1711 1270 1775 pestem
1303 1722 1472 1760 suam
1505 1707 1766 1772 afﬂabat,

391 1801 566 1868 atque
596 1795 907 1850 animabus
935 1794 1211 1865 dogmata
1239 1794 1501 1850 exitiosa.

391 1885 494 1939 Hic
525 1884 742 1939 multos
764 1899 948 1938 annos
975 1881 1083 1936 hac
1111 1881 1356 1952 illacque
1387 1899 1650 1950 cursans,

393 1973 552 2028 orbis
580 1971 905 2044 provincias
935 1985 1110 2040 atque
1134 1971 1306 2024 urbes
1349 1987 1686 2042 peragrans,

397 2060 552 2116 tristi
585 2065 947 2131 postremum
986 2058 1181 2113 omine
1208 2059 1540 2114 adventavit

396 2149 457 2204 in
488 2149 638 2204 hanc
657 2146 887 2218 imperii
920 2145 1236 2201 maximam
1271 2147 1651 2218 metropolim.

396 2238 506 2293 Sed
539 2237 854 2307 imperator
883 2235 1237 2290 orthodoxiaa
1269 2240 1440 2289 tenax

392 2324 651 2382 hominis
678 2325 940 2378 fraudem
971 2327 1139 2377 cauto
1169 2323 1416 2377 artiﬁcio
1449 2323 1799 2393 aggreditur.

393 2415 537 2470 Nam
569 2411 848 2468 simulata
873 2409 1082 2466 callide
1115 2427 1367 2482 persona

391 2500 698 2558 credulum
733 2517 796 2555 se
827 2499 1283 2570 benivolumque
1313 2499 1504 2570 ﬁnxit,

390 2606 541 2662 saepe
571 2605 637 2644 ac
668 2587 910 2658 benigne
939 2604 1072 2642 eum
1105 2587 1348 2642 scelesto
1379 2605 1640 2654 versans,

391 2696 456 2735 ac
486 2675 756 2733 familiari
789 2675 1132 2730 demulcens
1163 2675 1476 2744 colloquio,

390 2769 858 2835 servatoremque
887 2763 1208 2819 errantium
1243 2761 1564 2834 appellans.

392 2855 494 2911 His
524 2854 694 2909 homo
727 2853 944 2925 impius
976 2851 1263 2907 delenitus
1292 2852 1486 2906 verbis

393 2944 700 2999 exitiosum
733 2941 954 2996 vomuit
979 2957 1288 3009 venenum,

395 3032 662 3104 pessimis
693 3045 986 3100 exponens
1019 3029 1293 3099 dogmata
1323 3029 1618 3084 doctrinas.

395 3125 528 3187 Quae
564 3120 694 3190 pius
724 3118 914 3174 Caesar
945 3117 1122 3172 simul
1153 3133 1217 3171 ac
1248 3117 1501 3183 agnovit,

391 3208 620 3266 scelesti
651 3221 859 3276 nempe
889 3206 1061 3260 effata
1084 3203 1430 3274 magisterii,

390 3299 659 3369 protinus
690 3293 862 3364 vulgo
895 3290 1154 3363 pateﬁeri
1184 3289 1387 3358 voluit,

386 3387 884 3456 impostoremque
917 3379 1212 3434 hominem
1244 3380 1460 3436 Christi
1493 3381 1721 3435 hostem

389 3475 631 3531 tradidit
661 3471 913 3527 ﬂammis
945 3473 1240 3526 communi
1274 3470 1554 3542 suffragio

388 3561 604 3618 Multos
635 3566 913 3632 praeterea
940 3558 1286 3614 Manichaeos
1315 3559 1505 3613 Caesar

390 3656 514 3706 tum
547 3649 883 3720 magisterio
914 3653 1040 3701 tum
1072 3648 1218 3701 catis
1249 3646 1622 3701 suasionibus

391 3739 462 3794 ad
494 3737 832 3809 religionem
865 3751 1058 3790 veram
1089 3735 1396 3790 revocavit.

393 3825 682 3896 Orphanis
714 3839 946 3894 quoque
978 3823 1170 3894 pueris
1194 3823 1461 3879 attribuit

395 3915 635 3970 domum
669 3918 727 3968 et
756 3913 973 3968 victum
1005 3911 1323 3982 assignavit
1353 3913 1589 3969 uberem

391 4002 484 4058 his
516 4006 573 4056 et
602 4000 829 4056 alendis
858 4006 915 4055 et
945 4001 1186 4055 curandi
1218 4001 1437 4056 sedulo.

389 4089 538 4156 Quin
569 4094 628 4145 et
656 4087 1048 4160 grammaticas
1081 4088 1282 4143 ludum
1317 4089 1544 4159 aperuit

390 4177 552 4234 orbis
584 4177 1075 4244 adolescentibus,
1108 4177 1199 4232 vel
1231 4179 1302 4230 de
1333 4195 1583 4248 paupere

389 4267 572 4337 stirpe
603 4265 944 4338 progenitis,
981 4264 1311 4334 multosque
1343 4267 1608 4322 redditus

381 4361 437 4412 et
465 4355 659 4427 largos
691 4360 966 4425 sumptus
997 4353 1396 4425 suppeditavit

380 4442 552 4499 simul
585 4442 894 4514 discipulis
919 4446 1100 4513 atque
1132 4441 1452 4511 magistris.

379 4531 674 4588 Comneno
702 4531 900 4590 Alexio
934 4531 1274 4586 moderante
1305 4531 1640 4601 imperium,

379 4620 650 4674 incendia
679 4635 914 4691 quoque
940 4619 998 4672 in
1036 4623 1176 4674 urbe
1207 4620 1565 4684 acciderunt,

379 4707 594 4779 quibus
625 4709 949 4778 absumptas
981 4708 1178 4762 multa:
1211 4713 1403 4778 partes
1434 4713 1592 4785 sunt.

377 4795 704 4851 Vehemens
736 4811 966 4865 quoque
997 4800 1257 4864 tempore
1284 4799 1393 4851 sub
1426 4813 1600 4852 verno

375 4885 620 4953 spiritus
652 4883 839 4937 multa
867 4883 1218 4937 detrimenta
1249 4883 1381 4937 fecit

375 4973 540 5028 humi
573 4972 816 5042 dejectis
850 4971 1069 5040 passim
1103 4971 1362 5024 adiﬁciis
1396 4987 1410 5026 :

371 5061 848 5131 quibuscumque
877 5057 1095 5112 decidit
1127 5059 1471 5114 admiranda
1501 5067 1696 5118 statua

367 5148 644 5218 imposito
675 5145 960 5201 columna
992 5146 1416 5216 porphyreticaa

366 5238 536 5304 cujus
569 5239 627 5290 in
661 5233 893 5288 Placete
925 5233 1088 5286 basis
1120 5240 1244 5288 erat
1274 5233 1468 5303 posita
1500 5251 1511 5289 :

364 5323 464 5378 illa
494 5340 626 5378 cum
659 5322 912 5386 caderet,
947 5321 1092 5375 forte
1126 5328 1440 5390 prasentes
1475 5323 1554 5376 ibi

365 5411 586 5466 mu‘tos
618 5409 894 5465 mortales
927 5408 1078 5464 mole
1111 5426 1218 5464 sua
1249 5410 1538 5465 contrivit.

369 5499 649 5554 Imbrium
684 5513 910 5567 quoque
943 5496 1126 5551 nimia
1148 5498 1234 5552 vis
1266 5497 1406 5552 caelo

369 5585 636 5642 conchim
665 5586 849 5640 eﬁ'usa
893 5586 1230 5656 passimque
1257 5585 1554 5643 inundans

2049 476 2103 540 Α
2131 471 2272 526 3595
2310 470 2500 540 Μάτην
2532 468 2879 544 θρυλούντων
2909 470 3062 527 τόνδε
3093 472 3276 545 νεκρὸν
3307 468 3615 547 τυγχάνειν.

2309 559 2456 612 Ἐπεὶ
2492 555 2549 612 δὲ
2581 557 2759 622 λαθὼν
2792 560 3042 629 ἀπεσώθη
3075 557 3322 635 πατρίδι,

2309 645 2500 701 Πολλά
2529 647 2798 702 κατειπὼν
2828 651 2922 701 τοῦ
2947 653 3268 722 κρατοῦντος
3303 647 3520 724 ἀλόγως

2311 736 2407 789 Καὶ
2440 732 2724 795 συναλίσας
2757 736 3002 810 στρατιὰν
3032 735 3090 790 ἐκ
3117 736 3356 790 Λατίνων

2309 821 2672 895 Ἐπιδαμνίων
2707 825 3091 900 προσκαταίρει
3120 827 3189 896 τῇ
3229 823 3413 898 πόλει,

2132 913 2271 966 3600
2312 911 2408 967 Καὶ
2436 909 2588 981 τήνδ’
2619 911 2758 966 ἑλεῖν
2792 911 3011 967 ἔσπευδε
3037 914 3443 988 τειχομαχίαις.

2309 998 2462 1055 Ἀλλ’
2491 998 2727 1054 ἐλπίδων
2760 998 2983 1073 ἔψευστο
3021 999 3188 1074 μηδὲν
3223 1002 3415 1064 ἀνύσας
3449 1022 3460 1035 ·

2312 1083 2667 1160 Πρεσϐεύεται
2695 1093 2821 1164 γοῦν
2856 1088 3124 1164 ἀπογνοὺς
3155 1095 3260 1144 τῶν
3294 1088 3551 1162 ἐλπίδων,

2306 1175 2403 1228 Καὶ
2432 1181 2509 1247 τῷ
2538 1181 2822 1251 κρατοῦντι
2851 1178 2984 1252 πρὸς
3016 1177 3209 1252 Λόγους
3242 1180 3559 1255 ἀφιγμένος,

2311 1261 2554 1324 Σπονδὰς
2587 1266 2720 1339 πρὸς
2753 1266 2909 1320 αὐτὸν
2943 1264 3149 1320 ἐκτελεῖ
3173 1266 3260 1320 καὶ
3292 1264 3602 1341 συμϐάσεις.

2132 1353 2272 1408 3605
2311 1351 2520 1408 Τούτου
2553 1357 2878 1428 κρατοῦντος
2907 1352 3105 1430 α’ίρεσις
3139 1354 3461 1429 Βογομίλων

2310 1442 2606 1515 Θεοστυγῆς
2636 1443 2841 1517 πέφηνε
2871 1443 2958 1496 καὶ
2994 1440 3306 1516 βδελυκτέα,

2307 1531 2406 1589 Ἦς
2441 1530 2796 1603 μυσταγωγὸς
2829 1530 3012 1605 ἰατρός
3040 1553 3123 1593 τις
3153 1531 3452 1604 τούπίκλην

2309 1617 2513 1686 Κλῆσιν
2547 1616 2602 1672 δὲ
2633 1619 2935 1689 Βασίλειος,
2968 1620 3136 1674 Σατάν
3171 1619 3396 1696 ἐργάτης
3433 1643 3443 1654 ’

2305 1708 2399 1767 Ὃς
2431 1705 2603 1782 λάθρα
2632 1706 2875 1769 πολλοὺς
2908 1705 3221 1780 ἀνεπίμπλα
3244 1717 3340 1782 τῆς
3373 1709 3552 1784 λύμης

2055 1830 2102 1892 Β
2132 1797 2271 1850 3610
2309 1793 2410 1850 Καὶ
2440 1799 2545 1847 τῶν
2574 1799 2698 1867 παρ’
2725 1793 2887 1849 αὐτοῦ
2919 1794 3203 1869 δογμάτων
3245 1798 3605 1876 ψυχοφθόρων
3642 1821 3654 1832 ·

2308 1887 2541 1936 ΠοΛΛῶν
2575 1883 2705 1937 ἐτῶν
2738 1881 2964 1958 δρόμοις
2993 1907 3050 1940 τε
3078 1888 3166 1939 καὶ
3196 1886 3551 1963 περιδρόμοις

2309 1972 2500 2045 Χώρας
2530 1971 2693 2024 ἐπιὼν
2723 1972 2810 2026 καὶ
2841 1971 3030 2035 πόλεις
3063 1974 3410 2046 οἰκουμένης,

2311 2057 2660 2128 Ἐπιπολάζει
2693 2060 2780 2113 καὶ
2811 2059 3121 2115 τελευταῖον
3150 2062 3317 2126 τάλας

2311 2146 2474 2202 Πόλει
2510 2148 2738 2222 μεγίστῃ
2768 2147 2901 2221 τῇδε
2929 2150 3015 2203 καὶ
3043 2149 3308 2224 βασιλίδι.

2131 2237 2272 2291 3615
2311 2233 2468 2290 Ἀλλ’
2498 2237 2525 2289 ὁ
2555 2239 2868 2311 κρατάρχης
2896 2235 3203 2311 ὀρθοδοξίας
3225 2238 3382 2314 φίλος

2307 2325 2550 2378 Μέτεισιν
2584 2325 2747 2378 αὐτοῦ
2777 2326 3034 2402 πανσόφῳ
3061 2326 3227 2401 τέχνῃ
3258 2329 3467 2398 πλάνην
3504 2348 3514 2360 ·

2310 2409 2658 2484 Πλασάμενος
2689 2413 2786 2489 γὰρ
2817 2414 3125 2489 ὑποκριθείς
3151 2417 3197 2470 τ’
3229 2414 3492 2491 ἐντέχνως

2313 2500 2498 2555 Πίστιν
2537 2497 2774 2576 βεϐαίαν,
2809 2502 3078 2574 εὐμένειάν
3114 2505 3166 2557 οἱ
3195 2503 3428 2582 τρέφειν,

2312 2590 2468 2662 Θαμά
2495 2590 2716 2664 πρεσῄει
2747 2591 2825 2661 τῷ
2855 2588 3269 2666 τρισαλιτηρίῳ,

2133 2680 2273 2734 3620
2311 2680 2476 2751 Ἀγαν
2508 2682 2796 2752 προσηνῶς
2829 2678 3141 2752 καθομιλῶν
3176 2678 3454 2754 συχνάκις,

2312 2773 2544 2842 Σωτῆρα
2573 2766 2754 2821 καλῶν
2785 2763 2939 2820 τόνδε
2967 2765 3408 2840 πεπλανημένων.

2310 2852 2492 2909 Τοῖσδ⁹
2525 2855 2552 2908 ὁ
2587 2853 2848 2929 βδελυρὸς
2881 2854 3268 2930 καταθελχθεὶς
3297 2861 3410 2918 τοῖς
3442 2856 3627 2932 λόγοις

2311 2943 2410 2998 Ἰὸν
2443 2942 2627 3002 κακίας
2664 2941 2839 3014 ἐξεμεῖ
2867 2944 3236 3018 ψυχοφοόρον.

2310 3035 2585 3084 ’Έκπυστα
2614 3031 2779 3093 τιθεὶς
2812 3028 3053 3105 δόγματα
3078 3033 3344 3107 πονηρίας
3365 3053 3378 3066 °

2136 3122 2276 3175 3625
2313 3125 2381 3174 Ἀ
2413 3118 2574 3192 γνοὺς
2605 3120 2632 3172 ὁ
2663 3123 2871 3194 κρατῶν
2905 3119 3262 3197 φιλόχριστος
3294 3117 3487 3195 καρδία

2307 3204 2566 3282 Ὀλέθρια
2595 3203 2837 3283 δόγματα
2867 3204 3213 3269 διδασκαλίας

2308 3295 2512 3364 Γόητος
2545 3293 2756 3368 ἀνδρὸς,
2793 3297 3152 3371 μισοχρίστου
3183 3298 3272 3350 καὶ
3302 3295 3510 3351 πλάνου

2310 3384 2411 3438 Καὶ
2444 3383 2747 3454 στηλιτεόει
2777 3386 2862 3438 καὶ
2899 3379 3213 3460 θριαμϐεύει
3243 3385 3524 3460 πρόφρων,

2309 3474 2488 3548 Ψήφῳ
2517 3494 2575 3526 τε
2605 3476 2760 3545 κοινῇ
2790 3478 2869 3544 τῷ
2898 3473 3028 3547 πυρὶ
3058 3471 3210 3527 τόνδε
3237 3472 3444 3548 φλέγει.

2129 3563 2270 3616 3630
2308 3561 2474 3623 Οὗτος
2511 3560 2759 3634 βασιλεὺς
2792 3561 2880 3615 καὶ
2909 3563 3231 3636 Μανιχαίων
3266 3561 3427 3617 πάλιν

2306 3647 2558 3714 Πολλοὺς
2585 3652 2717 3725 πρὸς
2748 3646 3016 3705 εὐσέϐειαν
3046 3652 3111 3720 ἦν
3147 3651 3460 3728 ἐφελκύσας.

2309 3735 2697 3800 Διδασκαλίαις
2728 3739 2817 3793 καὶ
2846 3745 3034 3814 σοφαῖς
3065 3735 3448 3812 συμϐουλίαις.

2312 3828 2408 3881 Καὶ
2441 3827 2591 3882 παισὶ
2625 3826 2670 3882 δ’
2700 3829 2978 3903 ἀνήγειρεν
3016 3827 3270 3906 ὀρφανοῖς
3303 3827 3494 3902 δόμον,

2308 3917 2477 3989 Τάξας
2509 3920 2745 3988 σιτήσεις
2777 3915 3020 3990 δαψιλεῖς
3048 3917 3097 3972 ἐν
3130 3923 3206 3988 τῷ
3239 3916 3394 3990 δόμῳ

2131 4006 2272 4060 3635
2312 4007 2659 4078 ἘπιμεΛείας
2690 4005 2778 4060 καὶ
2809 4013 3017 4080 τροφῆς
3049 4008 3252 4060 τούτων
3285 4007 3442 4081 χάριν
3479 4025 3491 4038 ·

2306 4093 2406 4146 Καὶ
2433 4099 2828 4169 γραμματικῶν
2859 4095 3108 4164 ἀπέταξεν
3143 4092 3207 4148 αὖ
3239 4094 3402 4149 πάλιν

2306 4187 2571 4237 Μουσεῖον
2605 4183 2680 4246 εἷς
2709 4180 2980 4237 παίδευσιν
3013 4183 3258 4260 ὀρφανῶν
3288 4183 3419 4238 νέων

2307 4271 2416 4325 Οὐκ
2440 4271 2680 4344 εὐπόρων
2713 4293 2769 4326 τε
2798 4273 3040 4345 πατέρων
3073 4273 3412 4350 πεφηνότων,

2308 4359 2512 4431 Νείμας
2551 4363 2814 4433 μαθηταῖς
2844 4362 2932 4415 καὶ
2966 4357 3310 4422 διδασκάλοις
3341 4360 3469 4416 νέων

2128 4450 2268 4503 3640
2304 4446 2568 4510 Πλείστας
2603 4451 2860 4519 σιτήσεις,
2894 4448 3150 4520 δαπάνας,
3183 4450 3471 4524 χορηγίας.

2054 4528 2098 4590 D
2305 4537 2426 4593 Ἐπὶ
2460 4536 2672 4611 χρόνων
2705 4539 2898 4592 τούτου
2928 4535 2983 4593 δὲ
3011 4545 3110 4608 τῆς
3133 4539 3464 4614 κραταρχίας

2300 4625 2395 4681 Καὶ
2427 4628 2686 4701 πυρκαϊαὶ
2719 4622 3012 4696 συνέϐησαν
3046 4631 3111 4700 τῇ
3149 4627 3328 4699 πόλει,

2300 4716 2401 4770 Καὶ
2429 4715 2658 4771 πλεῖστα
2683 4713 2847 4784 τῆσδε
2877 4715 3264 4785 κατανήλωσαν
3305 4717 3442 4794 μέρη
3479 4736 3490 4748 ⁸

2297 4803 2554 4857 Ἔπνευσε
2585 4800 2629 4856 δ’
2660 4804 2796 4877 ἦρος
2826 4803 3025 4875 ἀνέμου
3055 4825 3136 4868 τις
3167 4803 3469 4881 σφοδρότης

2121 4893 2262 4948 3645
2301 4892 2644 4963 Βιαιοτάτου,
2676 4890 2938 4966 προξένου
2973 4913 3034 4967 γε
3059 4889 3342 4962 κινδύνων,

2296 4985 2358 5056 ᾪ
2385 4977 2570 5034 πολλὰ
2597 4983 2889 5055 κατηρειπε
2918 4985 3020 5035 τῶν
3055 4978 3390 5055 δομημάτων
3423 5001 3434 5014 ’

2297 5069 2425 5131 Μεθ’
2453 5067 2524 5122 ὦν
2559 5071 2735 5143 χαμαὶ
2761 5069 3036 5123 πέπτωκεν
3065 5069 3283 5145 ἁγαλμα
3321 5071 3489 5141 ξένον,

2296 5157 2533 5220 Ἀνωθεν
2563 5158 2752 5226 ἑστὼς,
2783 5157 2964 5218 κίονος
2998 5159 3308 5234 πορφυρέου

2296 5249 2400 5297 Τοῦ
2432 5247 2566 5318 πρὸς
2598 5245 2878 5318 Πλακωτῷ
2910 5249 3006 5314 τὴν
3045 5248 3194 5321 βάσιν
3229 5247 3519 5322 ἱδρυμένου
3551 5267 3564 5279 ⁸

2119 5335 2258 5388 3650
2295 5334 2356 5384 Ὃ
2387 5333 2703 5406 κατενεχθὶν
2732 5334 3157 5410 παρατυχόντων
3193 5337 3344 5408 τόπῳ

2294 5419 2546 5482 Πολλοὺς
2578 5420 2758 5476 ἀνεῖλε
2787 5425 3132 5501 συντετριφὸς
3164 5424 3431 5500 ἐσχάτως.

2293 5508 2610 5584 Κατερέάγη
2647 5507 2691 5564 δ’
2727 5511 2926 5574 ἄνωθεν
2964 5513 3112 5573 ὑετὸς
3145 5511 3305 5587 μέγας

2290 5594 2468 5666 Χόδην
2501 5599 2701 5652 κατιὼν
2734 5598 2825 5651 καὶ
2856 5597 3202 5667 κατακλύζων
3241 5603 3394 5676 μέγα,

3664 349 3768 404 144
