4132 6300
413 359 440 413 1
459 359 514 412 i7
1608 363 1979 416 EPHREMII
2028 360 2462 416 CHRONOGRA
2473 364 2592 414 PHI

411 481 514 554 qui
543 480 831 537 talentum
864 482 1094 554 imperii
1123 482 1290 538 valde
1317 484 1505 551 auxit;

411 585 648 641 semper
675 570 736 625 in
763 571 943 625 armis
973 588 1075 641 pro
1107 571 1293 626 salute
1323 572 1576 643 publica,

409 658 632 714 alienas
660 659 833 714 urbes
862 660 1163 714 vindicans
1194 661 1459 731 imperio,

409 747 675 815 consilio,
706 747 920 814 verbis,
954 763 1129 819 opera
1157 753 1213 803 et
1239 755 1362 804 arte
1390 748 1611 819 bellica,

407 837 592 891 victor
623 835 946 906 saepissime
978 836 1234 891 hostium
1270 837 1686 906 plurimorum,

410 941 513 980 ceu
548 924 845 995 quondam
875 924 1052 978 David
1091 924 1284 979 hostes
1312 925 1690 994 pr0pulsabat

407 1029 576 1082 prece
605 1013 718 1082 pia,
751 1011 880 1066 forti
917 1029 1116 1078 manu,
1147 1012 1355 1083 peritia
1376 1013 1564 1068 ducis.

412 1102 602 1172 Hujus
632 1100 910 1155 victorias
942 1100 1134 1155 dicere
1164 1100 1250 1155 vel
1273 1101 1470 1171 pralia

410 1189 815 1258 virtutumque
848 1205 1154 1242 numerum
1188 1195 1244 1243 et
1273 1195 1561 1253 ornatum,

412 1278 630 1332 rhetori
665 1293 898 1347 quoque
931 1293 1162 1331 summo
1193 1293 1505 1348 operosum
1538 1278 1636 1331 sit.

410 1370 529 1421 Nos
556 1382 624 1420 ex
655 1365 880 1436 ingenti
911 1381 1114 1420 acervo
1147 1381 1329 1434 pauca
1359 1365 1670 1420 sumimus.

410 1455 515 1509 Hic
545 1459 831 1523 occupato
863 1454 1104 1524 pacifica
1134 1454 1380 1523 imperio

410 1543 657 1614 largitus
687 1547 778 1597 est
807 1542 1058 1596 honores
1082 1547 1326 1612 cognato
1357 1542 1553 1613 generi

412 1631 755 1702 cunctisque
787 1631 991 1684 tribuit
1023 1647 1124 1701 pro
1158 1631 1439 1700 dignitate
1471 1646 1715 1686 munera
1748 1648 1760 1683 :

413 1736 623 1792 nempe
653 1720 924 1792 gerendis
955 1722 1094 1791 reip.
1131 1719 1340 1775 officiis

412 1809 775 1881 prOpinquos
803 1808 910 1863 sibi
944 1809 1230 1880 sanguine
1264 1808 1595 1879 praeposuit.

415 1898 482 1952 Hi
510 1914 642 1952 vero
671 1897 785 1968 ipsi
819 1898 1102 1966 conjurati
1139 1899 1193 1951 in
1227 1913 1424 1968 regem

419 1986 693 2041 exitiosae
725 1985 1050 2040 moliuntur
1078 1985 1325 2040 insidias

412 2074 588 2144 paulo
621 2078 752 2144 post
783 2073 993 2128 initum
1028 2074 1098 2127 ab
1131 2072 1229 2128 illo
1262 2073 1590 2143 imperium.

414 2165 604 2233 Atque
635 2161 725 2216 bis
758 2162 875 2215 dux
904 2166 1028 2216 erat
1059 2162 1384 2232 peragendo
1416 2162 1572 2231 operi

420 2250 574 2321 regis
605 2266 886 2320 germana
916 2266 1080 2305 soror
1101 2250 1374 2320 princeps
1407 2253 1587 2304 Anna.

411 2339 670 2402 Quorum
703 2354 838 2393 cum
872 2342 1072 2392 essent
1105 2341 1349 2391 detectae
1381 2337 1630 2406 insidiae,

414 2426 636 2483 nullius
667 2443 880 2498 corpus
909 2427 1191 2482 violatum
1227 2426 1357 2489 fuit,

412 2516 514 2571 sed
549 2515 903 2586 patrimonia
937 2520 1165 2569 tantum
1202 2519 1341 2570 sunt
1370 2517 1571 2584 erepta
1600 2531 1613 2568 :

410 2609 585 2675 atque
618 2604 737 2658 haec
769 2603 898 2674 ipsa
935 2603 1110 2674 paulo
1143 2608 1274 2674 post
1306 2601 1536 2656 restitui

413 2692 564 2748 mira
593 2691 906 2762 imperavit
937 2693 1124 2746 Caesar
1157 2689 1487 2745 clementia.

405 2781 638 2836 cunctis
669 2780 978 2835 remittens
1008 2779 1274 2834 criminis
1306 2784 1535 2833 reatum
1571 2796 1584 2846 ;

407 2885 656 2940 parcens
689 2869 744 2923 in
777 2868 984 2939 primis
1018 2867 1264 2938 principi
1301 2868 1508 2933 sorori,

408 2958 652 3029 ipsique
678 2972 818 3027 opes
852 2974 953 3027 pro
984 2956 1267 3026 dignitate
1298 2956 1570 3010 reddens.

412 3045 474 3100 Id
503 3046 795 3115 quomodo
827 3043 902 3099 sit
934 3052 1182 3113 geslum,
1214 3044 1376 3097 lubet
1407 3044 1622 3099 dicere.

415 3134 555 3188 Auri
587 3139 762 3204 atque
794 3133 1015 3202 argenti
1047 3148 1184 3186 vasa
1214 3147 1600 3202 gemmasque
1633 3131 1848 3185 nitidas

411 3231 467 3277 el
497 3222 669 3277 multi
701 3220 932 3292 generis
961 3223 1179 3274 vestem
1210 3223 1384 3288 atque
1410 3219 1724 3290 insignem,

415 3310 658 3365 maximi
691 3308 859 3379 pretii
892 3324 1031 3378 opes
1062 3307 1120 3360 in
1153 3307 1406 3377 quadam
1441 3308 1614 3361 domo

416 3398 636 3454 sororis
668 3415 785 3452 suae
819 3396 1100 3467 principis
1127 3397 1412 3466 repositas

419 3490 609 3541 Caesar
640 3485 944 3556 spectabat
973 3501 1103 3538 cum
1135 3487 1360 3537 Joanne
1400 3482 1602 3536 Axuch
1630 3500 1643 3548 ;

411 3575 563 3638 Quin
584 3572 760 3629 etiam
790 3578 930 3626 tunc
962 3573 1045 3626 sic
1076 3572 1269 3626 ferunt
1295 3571 1554 3625 locutum
1589 3587 1603 3624 :

410 3667 554 3716 Hcm
589 3667 650 3716 ut
679 3660 910 3733 generis
944 3659 1056 3714 mei
1089 3675 1215 3713 sors
1247 3665 1337 3713 est
1374 3659 1690 3713 conversa!

415 3756 595 3820 utque
627 3748 864 3804 inimica
896 3747 1040 3802 mihi
1066 3763 1222 3803 nunc
1247 3752 1335 3802 est
1365 3748 1654 3818 cognatio,

413 3844 470 3894 et
501 3839 602 3910 qui
634 3836 883 3893 benivoli
915 3835 1073 3902 olim,
1112 3853 1265 3891 nunc
1295 3841 1434 3891 sunt
1466 3836 1760 3892 malivoli!

413 3927 801 3993 Quamobrem
827 3926 1004 3995 jubeo
1037 3930 1349 3996 praesentes
1378 3943 1516 3996 opes

413 4021 477 4070 ut
507 4016 612 4069 tibi
645 4031 868 4078 sumas,
905 4015 1098 4068 Axuch
1130 4015 1495 4070 dulcissime.

412 4105 466 4157 Is
499 4103 726 4158 liberali
758 4103 878 4173 regi
909 4109 1100 4172 grates
1130 4104 1250 4172 agit
1283 4123 1297 4170 ;

412 4193 513 4246 sed
540 4191 693 4259 licet,
727 4191 942 4260 inquit,
977 4208 1187 4245 sensus
1221 4206 1379 4245 meos
1411 4191 1640 4245 dicere!

413 4281 567 4351 Rege
598 4285 912 4338 annuente.
947 4277 1029 4333 sic
1064 4295 1234 4334 orsus
1260 4286 1348 4333 est
1376 4277 1537 4347 loqui
1572 4295 1584 4331 :

413 4371 759 4438 Quanquam
789 4367 1074 4436 injustam
1107 4367 1221 4421 vim
1256 4371 1312 4421 et
1343 4366 1588 4420 insidias

414 4461 617 4512 contra
646 4460 724 4523 te,
757 4457 966 4518 Czesar,
998 4471 1162 4510 soror
1192 4458 1280 4508 est
1305 4454 1526 4520 molita,

414 4547 471 4597 et
497 4542 786 4598 abdicavit
817 4541 986 4596 factis
1016 4541 1462 4609 fraternitatem,

416 4636 629 4685 natura
658 4635 853 4684 tamen
886 4629 1022 4683 facit
1053 4631 1566 4700 consanguineam.

415 4719 678 4774 Vincesis
707 4718 886 4789 igitur
915 4717 1246 4774 Christiana
1277 4719 1586 4774 clementia

416 4807 638 4863 malum
671 4807 888 4861 sororis
913 4805 1180 4860 animum
1213 4812 1268 4861 et
1297 4808 1617 4878 injurium;

412 4895 614 4966 illique
645 4895 765 4949 hac
795 4893 993 4948 omnia
1023 4895 1234 4965 largire
1265 4897 1524 4952 benivole

411 4985 481 5040 ad
516 5000 693 5052 quam
727 4987 965 5053 paterno
998 4982 1186 5053 magis
1211 4985 1344 5054 jure
1375 4986 1689 5055 pertinent.

412 5073 519 5127 His
552 5088 773 5127 morem
808 5087 1018 5143 gerens
1041 5072 1280 5127 monitis
1307 5075 1500 5130 Casar

408 5165 619 5213 cuncta
647 5158 894 5214 libenter
922 5160 1129 5215 tribuit
1167 5163 1368 5216 sorori.

407 5248 655 5315 Etenim,
689 5248 898 5318 inquit,
930 5265 1106 5319 regno
1138 5250 1249 5304 sim
1283 5251 1582 5322 indignus,

408 5337 455 5391 si
489 5353 616 5392 meo
649 5337 844 5408 generi
879 5337 1077 5391 minus
1109 5340 1222 5393 sim
1255 5340 1580 5406 benivolus,

409 5442 584 5496 quam
619 5430 706 5494 tu,
740 5427 839 5497 qui
872 5426 1018 5481 lucri
1049 5428 1330 5500 prodigus
1359 5433 1725 5500 contemptor

481 5559 589 5629 (49)
621 5558 993 5613 Simultatem
1043 5576 1211 5614 suam
1269 5561 1548 5616 adversus
1582 5562 1842 5628 fratrem,
1877 5561 2034 5617 dolo~

405 5628 706 5700 loremque
736 5631 889 5700 quod
925 5630 974 5684 is
1004 5630 1314 5702 imperium
1348 5631 1616 5688 exstincti
1647 5630 1902 5704 parentis
1934 5649 2030 5689 oc-

3688 360 3790 413 148

2158 480 2298 536 3710
3267 486 3425 557 ,

2468 575 2844 644 ,
3351 571 3608 644 ,

3240 658 3444 733 ,

2319 746 2538 815 ,
2573 743 2745 818 ,
2781 747 3078 821 ,
3424 745 3630 820 ,

3027 832 3385 910 ,

2148 922 2288 976 3715

2323 1013 2533 1076 ,

3127 1099 3467 1171 ,

3235 1187 3538 1260 ,

3185 1274 3384 1349 .

2153 1365 2292 1418 3720

3287 1541 3499 1615 ,

3106 1627 3436 1700 ,

2154 1806 2296 1860 3725

3319 2069 3545 2144 ,

2157 2249 2296 2302 3730
3583 2251 3696 2321 (49)

3383 2333 3580 2410 ,

3345 2444 3421 2490 ,

3193 2509 3374 2581 ,

2333 2601 2428 2660 "Ac

2160 2689 2300 2743 3735
3217 2684 3429 2755 ,

2889 2774 3366 2848 ,

2156 3129 2296 3182 3740

2150 3567 2291 3622 3745

3328 3751 3612 3823 ,

2150 4014 2290 4068 3750
3267 4016 3540 4089 .

2970 4101 3402 4176 .

2150 4457 2290 4510 3755
2329 4457 2612 4525 ,
2647 4451 2791 4525 ,
3285 4457 3469 4530 ,

3022 4542 3400 4621 ,

2862 4807 3122 4882 ,
3152 4813 3487 4885 ,

2151 4899 2292 4952 3760
3317 4900 3502 4975 ,

3131 4989 3409 5063 .

2489 5249 2565 5316 ,
2596 5249 2782 5320 ,

2149 5339 2289 5392 3705
2641 5336 2873 5407 ,

3346 5450 3424 5502 ,

2147 5559 2500 5633 cupavisset,
2535 5557 2676 5612 satis
2709 5559 3080 5633 demonstrat
3118 5561 3245 5633 ipsa
3279 5569 3448 5618 Anna
3485 5564 3792 5620 Comnena

2143 5633 2202 5688 in
2224 5629 2522 5686 Alexiadis
2553 5645 2670 5686 suae
2699 5629 2874 5686 calce.
