4132 6300
381 371 483 422 149

541 489 839 563 Ἀνώτερος
867 484 1086 559 κέρδους
1117 508 1175 541 τε
1201 491 1442 558 κτήσεως
1469 488 1657 558 τόσης.

544 575 736 637 Οὕτως
770 573 1136 647 ἀμνησίκακος
1169 576 1234 643 ἦν
1270 573 1393 644 ἅναξ
1425 573 1536 646 ὅδε,

544 663 754 736 Θερμός
785 664 834 716 τ’
860 661 1090 735 ἐραστὴς
1121 667 1576 737 χριστομιμήτων
1617 664 1832 739 τρόπων
1859 666 1870 720 !

361 755 505 811 3770
547 753 750 825 Μήτηρ
785 748 842 804 δὲ
867 747 1023 804 τοῦδε
1050 749 1136 803 καὶ
1173 749 1389 824 βασιλὶς
1426 749 1657 824 Εῗργςνη,

547 839 608 893 Εἰ
638 839 726 893 καὶ
757 839 882 912 πρὶν
917 839 1208 911 άπέστεργε
1237 834 1381 891 τόνδ’
1413 840 1510 892 οὐκ
1544 837 1766 901 ἐνδίκως

545 927 659 985 Οὐκ
690 925 834 996 ἄξιον
866 926 1123 999 κρίνουσα
1153 927 1286 1000 πρὸς
1316 927 1675 1001 κραταρχίαν,

544 1018 630 1076 Ὠς
665 1020 731 1088 τῇ
765 1013 984 1089 θυγατρῖ
1023 1013 1276 1086 μνωμένη
1305 1016 1370 1069 τά
1399 1019 1494 1068 τοῦ
1524 1017 1776 1090 κράτους,

541 1099 777 1177 Γαμδρῷ
804 1124 860 1156 τε
888 1107 966 1172 τῷ
998 1102 1320 1177 Καίσαριτῷ
1356 1104 1655 1175 Βρυεννίῳ,

366 1195 506 1249 3775
546 1193 730 1265 Λὸχου
763 1195 1034 1264 φονῐῦντος
1064 1189 1128 1242 οὐ
1161 1190 1424 1266 συνίστωρ
1458 1192 1673 1263 εὑρέθη·

541 1279 767 1334 Μᾶλλον
803 1277 858 1332 δὲ
885 1284 1087 1350 γνοῦσα
1118 1279 1192 1340 εἷς
1219 1278 1403 1334 ἔπειτα
1432 1280 1491 1332 τὸ
1515 1275 1695 1352 δρᾶμα

539 1363 853 1435 Ἐπήϐολον
889 1364 1076 1440 λόγιον
1109 1367 1330 1435 ἐξειπεῖν
1364 1366 1545 1440 λόγος,

547 1457 780 1526 Γνώμην
806 1476 864 1508 τε
893 1452 1105 1522 κεδνὴν,
1138 1456 1359 1521 συνετὴν
1391 1453 1522 1526 μάλ’
1553 1453 1850 1528 εὐστόχως,

542 1547 630 1606 Ὠς
665 1543 770 1618 οὐχ
802 1543 1004 1597 ὑπόντα
1037 1544 1145 1616 χρὴ
1181 1542 1336 1616 διφᾷν
1371 1543 1618 1618 βασιλέα,

363 1637 507 1690 3780
546 1634 793 1706 Παρὸντα
826 1629 883 1685 δὲ
908 1632 1147 1704 στέργειν
1173 1652 1230 1685 τε
1259 1636 1450 1685 τοῦτον
1477 1631 1564 1686 καὶ
1597 1627 1792 1685 σέϐειν.

542 1722 710 1782 Οὗτος
744 1740 1066 1794 στρατευσας
1094 1719 1229 1773 κατά
1259 1724 1474 1793 Περσῶν
1511 1713 1794 1793 βαρϐάρων

539 1811 644 1871 Τάς
671 1809 804 1881 πρὸς
841 1807 1195 1879 Κομνηνάκτα
1222 1809 1489 1876 συνθήκας
1520 1805 1686 1860 πάλαι

541 1897 939 1966 Διαλυσάντων,
971 1897 1060 1948 καί
1093 1894 1282 1955 πόλεις
1305 1893 1617 1966 Ῥωμαίδος

536 1985 646 2048 Τὰς
674 1986 810 2059 πρὸς
844 1984 1057 2058 Φρυγίᾳ
1085 1984 1174 2037 καὶ
1208 1981 1504 2056 Μαιάνδρῳ
1534 1985 1783 2055 κειμένας

353 2077 501 2130 3785
539 2074 993 2148 Κατατρεχόντων
1023 2073 1112 2125 καὶ
1144 2077 1322 2132 κακῶς
1357 2069 1607 2145 δρώντων
1643 2069 1858 2131 ὅπλοις·

536 2162 634 2216 Καὶ
667 2157 963 2234 συμϐαλὼν
998 2161 1226 2229 ἥττησεν
1261 2159 1451 2220 αὐτοὺς
1482 2157 1773 2226 πολλάκις,

533 2250 877 2325 Τρεψάμενος
900 2255 1034 2326 σφᾶς
1065 2248 1300 2309 εὐκλεῶς
1331 2247 1380 2302 ἐν
1412 2254 1529 2309 ταῖς
1562 2249 1790 2321 μάχαις.

533 2339 630 2392 Καὶ
662 2336 967 2392 Λαοδικέων
1004 2335 1060 2390 δὲ
1091 2332 1357 2401 λαμϐάνει
1393 2337 1577 2405 πόλιν,

538 2427 636 2484 Καὶ
665 2424 825 2495 τήνδε
854 2430 1052 2498 τειχῶν
1075 2426 1466 2497 κατοχυρώσας
1495 2425 1701 2496 κράτει,

355 2519 498 2571 3790
537 2516 636 2569 Καὶ
667 2515 840 2568 πάντα
870 2513 978 2573 Θεῖς
1005 2511 1061 2566 εὖ
1093 2513 1182 2566 καὶ
1214 2513 1390 2575 καθὼς
1417 2515 1481 2580 ἦν
1515 2513 1806 2586 συμφέρον,

534 2604 676 2675 Πρὸς
711 2599 962 2677 βασιλίδα
987 2601 1412 2677 καθυποστρέφει
1444 2599 1630 2666 πόλιν,

533 2695 642 2746 Οἷα
675 2689 926 2765 βασιλεὺς
960 2689 1178 2762 ἀγαθὸς,
1211 2688 1507 2765 νικηφόρος

529 2783 662 2840 Τοῖς
699 2778 1004 2852 βασιλ.κοῖς
1039 2774 1402 2847 ἀναδούμενος
1437 2775 1672 2848 κρότοις.

533 2869 685 2925 Μετὰ
711 2865 766 2920 δὲ
801 2868 988 2940 μικρὸν
1023 2866 1372 2918 ἀπανίσταται
1401 2864 1590 2928 πάλιν,

342 2961 495 3014 3795
534 2958 631 3011 Καὶ
657 2957 858 3030 γίνεται
893 2953 958 3021 δὴ
991 2955 1126 3009 κατᾶ
1152 2956 1250 3021 τήν
1283 2953 1632 3028 Παμφυλίαν,

533 3047 686 3120 Αἱρεῖ
712 3066 769 3099 τε
803 3043 1124 3113 Σωζὸπολιν
1161 3042 1544 3118 μηχανουργίᾳ

533 3133 702 3188 Πόλιν
736 3131 971 3206 ἐρυμνὴν
1004 3130 1092 3184 καὶ
1122 3130 1660 3207 κατησιραλισμένην,

527 3223 712 3278 Ἀλλα
739 3243 800 3276 τε
823 3221 1054 3276 πλεῖστα
1080 3224 1187 3274 τῶν
1222 3220 1331 3274 ἐκεῖ
1368 3217 1674 3292 πολιχνίων

524 3315 919 3386 Στρατηγικαῖς
948 3310 1166 3383 τέχναις
1194 3329 1251 3362 τε
1279 3309 1369 3362 καὶ
1395 3306 1578 3380 μάχης
1611 3305 1785 3379 νόμῳ·

336 3403 492 3457 3800
529 3401 615 3455 Ἐν
649 3401 732 3459 οἷς
761 3418 858 3470 περ
890 3396 1170 3472 ἠρίθμητο
1199 3396 1288 3450 καὶ
1317 3393 1655 3466 κεκλημένον

532 3486 850 3557 Δῦσληπτον
883 3481 1054 3540 ὄντων
1078 3483 1533 3560 Ἱερακορυςρίτου,

523 3577 741 3650 Ἔρυμα
770 3573 1025 3650 τειχῆρές
1056 3596 1107 3628 τι
1139 3571 1421 3646 δύσμαχον
1453 3571 1610 3625 πάνυ.

525 3661 699 3717 Πάλαι
737 3663 828 3734 μὲν
859 3659 986 3716 ὅντα
1014 3666 1093 3734 τῷ
1121 3661 1302 3736 κράτει
1331 3657 1635 3731 Ῥωμαίδος

523 3749 764 3820 Ὕπτξκοά
793 3771 849 3804 τε
875 3750 964 3804 καὶ
998 3747 1468 3824 συνηριθμημένα,

325 3842 481 3897 3805
521 3843 674 3912 Ζυγῷ
707 3838 762 3892 δὲ
795 3843 1008 3913 Περσῶν
1040 3839 1429 3892 καθυπείκοντα
1465 3835 1605 3890 τότε·

522 3924 693 3987 Οὗτος
726 3926 847 3999 περὶ
877 3927 1123 3998 πέμπτον
1151 3947 1209 3999 γε
1238 3932 1334 3994 τῆς
1365 3925 1543 3999 ἀρχῆς
1573 3925 1772 3998 χρόνον

521 4017 742 4077 Ἐθνους
775 4019 1043 4077 Σκυθικοῦ
1073 4013 1480 4089 κατακείροντος
1513 4011 1724 4085 Θρᾴκην

525 4103 624 4156 Καὶ
655 4103 824 4156 πάντα
847 4103 1046 4171 ταῦτῆς
1083 4104 1352 4171 Σκυθικὴν
1377 4101 1626 4176 ἐρημίαν,

520 4193 586 4248 Ὃ
619 4211 765 4267 φασι,
799 4189 1031 4266 δρῶντος
1061 4189 1350 4264 ἐκδρομαῖς
1385 4188 1745 4263 πανημέροις,

331 4285 481 4337 3810
521 4284 672 4333 Κινεῖ
700 4280 816 4333 κατ’
846 4281 1020 4334 αὐτῶν
1049 4280 1358 4351 Ῥωμαϊκὰς
1393 4276 1666 4349 δυνάμεις,

520 4369 618 4421 Καὶ
652 4368 989 4439 συμπλακείς
1021 4367 1167 4440 σφίσι
1197 4387 1256 4442 γε
1282 4370 1362 4438 τῷ
1393 4369 1526 4420 Θεοῦ
1570 4367 1736 4418 σθένει

522 4457 964 4532 Κατατρομοῢται
989 4456 1253 4516 Σκυθικάς
1278 4454 1446 4515 πάσας
1471 4453 1622 4523 ἵλας,

521 4542 623 4597 Καὶ
651 4542 1023 4617 τρισαριστεὺς
1055 4540 1418 4597 ἀναδείκνυται
1450 4543 1665 4614 κράτωρ

521 4629 757 4692 Βουλαῖς
787 4632 1132 4706 στρατηγίαις
1161 4651 1238 4698 τε,
1273 4629 1450 4690 λιταῖς
1482 4627 1699 4689 ἐνθέοις

336 4721 484 4776 3815
523 4718 600 4776 Οὐ
628 4719 730 4795 γὰρ
763 4717 885 4791 ἄναξ
917 4714 1229 4791 σύμϐουλος
1259 4718 1326 4787 ἦν
1360 4717 1599 4791 χρηστὸς
1635 4718 1796 4789 μόνον

522 4804 624 4862 Καί
653 4827 714 4880 γε
742 4807 1043 4882 στρατηγὸς
1066 4805 1117 4861 ἐν
1152 4805 1353 4880 μάχαις
1387 4804 1693 4882 ῥωμολέος,

526 4892 705 4950 Ἀλλά
733 4894 868 4959 καθά
894 4917 978 4957 τις
1006 4896 1094 4968 καὶ
1130 4900 1332 4962 Μωσῆς
1362 4890 1533 4956 ἄλλος
1566 4894 1682 4954 νέος

523 4983 713 5056 Χεῖρας
743 4984 956 5058 ἀνυψῶν
990 4985 1152 5039 εἰκόνι
1186 4979 1452 5054 σεϐασμίᾳ

518 5074 628 5140 Τῆς
662 5070 1078 5148 μητρανάνδρου
1109 5071 1196 5126 καὶ
1229 5071 1579 5141 πανυμνήτου
1610 5069 1794 5144 Κόρης

336 5161 482 5215 3820
524 5161 644 5234 Σχή
657 5181 816 5231 μασιν
849 5161 1088 5233 οἰκτροῖς
1117 5159 1206 5213 καὶ
1239 5158 1572 5232 σταλαγμοῖς
1607 5155 1850 5232 δακρύων

519 5242 877 5321 Ηαρεμὸολᾶς
907 5247 1082 5323 ἔκρινε
1107 5247 1202 5309 τὰς
1226 5252 1332 5301 τῶν
1365 5241 1648 5322 βαρὲάρων

512 5338 647 5390 Θεοῦ
674 5334 920 5400 διδόντος
951 5339 1051 5406 τήν
1081 5335 1234 5406 νίκην
1271 5335 1560 5412 οὐρανόθεν

515 5424 792 5501 Περιφανῆ
817 5447 874 5480 τε
903 5425 993 5480 καὶ
1025 5423 1350 5498 περίπυστον
1383 5423 1523 5481 λίαν.

514 5513 619 5567 Καὶ
651 5513 754 5590 γὰρ
785 5518 1042 5569 τοσοῦτον
1081 5512 1441 5587 μυριάριθμον
1474 5513 1662 5589 στίφος

341 5597 479 5653 3825
518 5599 894 5674 Δορυαλώτων
928 5599 1238 5677 συνελήφθη
1277 5594 1584 5674 βαρϐαρων,

1884 372 2077 424 C/ESA
2091 374 2247 424 RES.

2041 495 2090 557 Α
2125 508 2281 546 nunc
2314 496 2395 546 tot
2425 491 2653 548 oblatas
2685 493 2963 564 respuisti
2996 507 3155 564 opes.

2122 580 2277 634 Adeo
2309 579 2590 636 clemente
2622 598 2720 636 rex
2751 580 2844 635 hic
2874 586 2997 636 erat
3027 581 3245 646 animo,

2125 671 2300 738 atque
2322 668 2585 724 imitator
2613 669 2825 724 Christi
2861 669 3163 725 studiosus
3190 669 3202 723 ι

2121 760 2400 812 Caeterum
2427 763 2614 812 mater
2643 775 2708 813 ac
2737 759 2936 829 regina
2968 759 3129 812 Ircne

2122 861 2456 916 quanquam
2485 846 2696 900 Joanni
2731 846 3062 901 immerenti
3096 847 3343 913 infensa,

2120 949 2290 1002 quem
2327 934 2479 987 haud
2517 934 2758 1003 imperio
2790 934 3034 1005 dignum
3069 935 3396 1005 reputabat,

2118 1021 2292 1090 idque
2320 1023 2622 1075 studuerat
2655 1023 2794 1076 olim
2826 1023 3194 1077 committere

2121 1108 2248 1161 filim
2282 1113 2450 1178 atque
2480 1126 2688 1178 genero
2720 1111 2925 1163 Cmsari
2962 1110 3272 1180 Brycnnio,

2119 1213 2275 1249 nunc
2307 1196 2650 1250 insidiarum
2685 1203 2881 1251 tamen
2915 1198 3118 1266 ignara
3151 1197 3277 1252 fuit.

2117 1283 2262 1345 Quin
2300 1285 2510 1338 certior
2544 1291 2744 1356 postea
2779 1285 3099 1339 moliminis
3141 1285 3292 1340 facta

2119 1373 2303 1448 fertur
2335 1372 2552 1427 dixisse
2583 1373 2956 1427 commodum
2991 1374 3253 1440 effatum,

2118 1467 2290 1532 atquc
2323 1468 2666 1532 prudentem
2693 1464 3008 1517 admodum
3045 1462 3413 1527 sententiam,

2117 1567 2228 1605 non
2263 1566 2390 1605 esse
2420 1551 2824 1620 vestigandum
2861 1550 3128 1605 latentem
3162 1567 3376 1620 regem,

2115 1639 2214 1692 sed
2248 1639 2382 1692 huic
2407 1640 2675 1710 praesenti
2711 1645 2974 1694 amanter
3004 1639 3463 1709 obsequendum.

2114 1725 2272 1780 Idem
2307 1727 2567 1797 suscepit
2587 1731 2790 1781 contra
2821 1731 3024 1781 Persas
3053 1725 3293 1788 bellum,

2114 1815 2368 1883 quicum
2402 1817 2696 1870 Comneno
2731 1816 2919 1869 foedus
2950 1815 3085 1870 olim
3123 1815 3328 1869 initum

2115 1902 2424 1974 fregerant,
2461 1907 2629 1973 atque
2664 1904 2908 1957 urbibus
2941 1902 3219 1956 Romanis

2113 1989 2169 2043 in
2208 1989 2452 2061 Phrygia
2481 1994 2537 2044 et
2558 1991 2683 2061 ripa
2717 1991 2989 2044 Maeandri
3025 1990 3227 2060 positis

2113 2078 2354 2132 armatis
2380 2077 2816 2132 incursionibus
2849 2077 3080 2131 molesti
3112 2080 3294 2131 erant.

2112 2166 2258 2235 Ergo
2291 2182 2403 2219 non
2429 2165 2608 2220 semel
2640 2165 2915 2219 manibus
2949 2165 3263 2229 consertis,

2113 2254 2476 2324 proﬂigando
2503 2254 2668 2308 hoste
2699 2253 2945 2324 gloriam
2981 2251 3198 2306 retulit.

2111 2341 2320 2396 Urbem
2351 2342 2491 2412 quin
2526 2343 2668 2396 adeo
2703 2342 2856 2412 cepit
2895 2341 3256 2401 Laodiceam,

2111 2445 2287 2498 quam
2319 2445 2452 2482 mox
2487 2429 2734 2483 munivit
2766 2429 3049 2482 mmnium
3085 2426 3376 2497 praesidio,

2111 2517 2457 2587 cunctisque
2485 2517 2632 2571 bene
2663 2521 2729 2570 ut
2755 2533 2902 2586 opus
2935 2517 3046 2569 fuit
3078 2514 3406 2585 dispositis,

2111 2605 2181 2658 ad
2216 2604 2414 2658 urbem
2448 2604 2666 2676 regiam
2700 2605 2888 2658 reditu
2914 2620 2974 2657 se
3003 2605 3256 2672 recepit;

2112 2692 2310 2762 ibique
2333 2691 2508 2746 veluti
2541 2709 2637 2747 rex
2668 2693 3014 2747 victoriosus

2111 2779 2317 2850 plausu
2352 2779 2599 2834 solemni
2635 2781 2832 2850 pepuli
2867 2786 2954 2834 est
2987 2782 3270 2847 receptus.

2112 2866 2274 2922 Brevi
2308 2867 2630 2934 intervallo,
2664 2867 2936 2922 discessit
2965 2867 3155 2920 denuo

2111 2959 2168 3008 et
2198 2971 2327 3008 cum
2362 2955 2614 3010 exercitu
2650 2971 2897 3026 pergens
2931 2956 2989 3007 in
3021 2953 3425 3026 Pamphyliam

2111 3042 2162 3095 vi
2199 3045 2630 3113 strategematis
2658 3044 2810 3114 cepit
2841 3044 3169 3112 SOZOpOllm

2111 3132 2315 3186 urbem
2342 3131 2628 3186 excelsam
2663 3132 2924 3203 undique
2956 3131 3267 3186 munitam.

2030 3208 2070 3271 C
2107 3217 2265 3272 Alias
2297 3235 2528 3290 quoque
2560 3218 2846 3290 plurimas
2881 3218 3189 3274 urbeculas

2105 3307 2316 3377 partim
2351 3309 2568 3361 astutia
2601 3307 2811 3377 partim
2841 3309 2894 3361 vi
2930 3307 3137 3362 bellica

2103 3395 2274 3465 cepit,
2309 3411 2456 3466 quas
2484 3395 2634 3449 inter
2666 3395 2822 3449 aditu
2860 3395 3098 3450 difficile

2100 3487 2381 3549 castrum,
2413 3483 2502 3537 cui
2537 3498 2750 3537 nomen
2787 3481 3309 3553 Hieracoryphites,

2101 3571 2390 3627 mmnibus
2417 3573 2636 3627 celsum
2671 3577 2728 3627 et
2757 3571 3232 3643 inexpugnabile.

2095 3663 2232 3723 Quae
2263 3665 2483 3715 cunctas
2515 3677 2675 3716 arces
2706 3661 2765 3715 in
2799 3661 3040 3716 Romani
3073 3660 3303 3730 imperii

2097 3747 2313 3802 ﬁnibus
2343 3749 2542 3818 positae
2575 3749 2882 3819 eidemque
2914 3749 3173 3803 obnoxiae

2097 3841 2397 3892 Persarum
2423 3836 2635 3906 jugum
2678 3840 2881 3905 postea
2913 3837 3234 3892 subierant.

2095 3928 2260 3979 Anno
2291 3922 2536 3979 Joannis
2569 3923 2916 3992 imperantis
2946 3924 3174 3993 quinto,

2091 4012 2359 4084 Scythica
2390 4027 2524 4067 cum
2556 4027 2696 4081 gens
2728 4009 3036 4065 Thraciam
3070 4016 3342 4078 vastaret,

2093 4107 2149 4155 et
2178 4100 2582 4166 solitudinem,
2616 4104 2676 4152 ut
2709 4104 2798 4153 est
2828 4098 2887 4152 in
2917 4100 3244 4168 proverbio,

2091 4189 2420 4261 Scythicam
2455 4189 2666 4242 faceret
2698 4187 2994 4258 perpetuis
3041 4187 3377 4243 incursibus
3403 4193 3426 4255 ς’

2094 4278 2387 4332 Romanas
2413 4279 2611 4346 cupias
2640 4277 2828 4331 Caesar
2855 4281 3055 4330 contra
3085 4275 3320 4331 eduxit:

2093 4365 2310 4435 Deique
2339 4381 2446 4436 ope
2478 4363 2672 4435 praelio
2705 4365 3023 4419 commisso

2091 4452 2386 4524 Scythicas
2416 4457 2657 4507 cunctas
2691 4452 2920 4521 disjecit
2949 4450 3291 4521 phalanges,

2092 4545 2149 4596 et
2177 4541 2524 4596 victoriosus
2552 4540 2871 4610 imperator
2903 4539 3129 4593 exstitit

2094 4629 2362 4698 consilio,
2394 4645 2595 4691 manu,
2631 4628 2900 4699 precibus
2932 4627 3000 4680 ad
3033 4627 3238 4680 Deum.

2094 4717 2219 4771 Non
2252 4716 2405 4772 enim
2440 4721 2670 4771 tantum
2697 4731 2792 4768 rex
2823 4712 3176 4768 consiliosus
3207 4719 3333 4770 erat

2096 4810 2270 4876 atque
2303 4821 2404 4876 per
2435 4819 2663 4876 pugnas
2694 4803 2859 4856 fortis
2892 4803 3235 4872 imperator,

2095 4894 2197 4948 sed
2221 4893 2377 4947 velut
2401 4892 2546 4947 alter
2575 4897 2802 4962 Moyses
2833 4889 3096 4944 novellus

2095 4998 2307 5036 manus
2339 4980 2610 5036 attollens
2642 4981 2710 5035 ad
2745 4983 3058 5050 augustam
3092 4979 3411 5052 imaginem

2094 5069 2513 5125 laudatissima:
2543 5068 2798 5140 Virginis
2829 5067 3084 5138 Deiparae

2094 5158 2344 5230 supplici
2377 5164 2546 5230 gestu
2575 5157 2949 5230 profusisque
2979 5155 3258 5228 lacrymis

2093 5250 2432 5306 barbaricos
2465 5250 2751 5306 exercitus
2785 5265 2849 5302 su
2863 5247 3106 5318 peravit,

2093 5339 2393 5395 victoriam
2426 5339 2653 5395 coalitus
2684 5339 2940 5393 donante
2969 5337 3112 5404 Deo,

2096 5427 2464 5499 splendidam
2501 5443 2738 5499 prorsus
2768 5429 2827 5481 et
2855 5424 3319 5481 celeberrimam.

2095 5515 2321 5570 Etenim
2355 5520 2555 5571 tantus
2586 5515 2977 5570 Barbarorum
3011 5526 3295 5568 numerus

2095 5603 2154 5658 in
2190 5608 2537 5674 potestatem
2569 5603 2785 5659 decidit
2815 5599 3066 5665 victoris,

3660 364 3764 418 150
