4154 6304
525 414 619 467 151
1723 410 2090 463 EPHRBMII
2129 408 2165 459 C

1723 410 2090 463 EPHRBMII
2129 406 2692 465 CHRONOGRAPHI

516 534 659 589 utin
694 534 971 590 Romanis
1005 533 1176 588 terris
1208 532 1467 587 occiduis

516 622 651 694 pagi
682 627 739 677 et
768 622 1006 677 coloniae
1030 626 1171 676 tunc
1203 622 1272 676 de
1308 621 1394 675 his
1439 620 1708 675 Barbaris

520 711 783 766 conflata
815 711 1053 766 fuerunt
1081 716 1138 765 et
1170 726 1323 764 nunc
1355 709 1545 764 adhuc
1576 711 1871 776 maneant,

520 800 737 870 quibus
769 804 825 854 et
853 799 1045 870 gentis
1076 798 1328 853 inditum
1362 804 1452 852 est
1475 814 1709 852 nomen.

522 887 634 942 Alii
665 887 979 958 conscripti
1011 892 1150 942 sunt
1171 886 1477 941 auxiliares

527 983 702 1048 atque
734 977 1010 1031 Romanis
1042 975 1279 1031 admisti
1311 974 1681 1029 exercitibus.

522 1065 794 1137 Magnam
826 1065 941 1119 vim
972 1080 1205 1133 quoque
1228 1063 1337 1117 sub
1368 1080 1581 1117 corona
1608 1059 1889 1116 vendidit.

521 1154 707 1207 victor
736 1152 1025 1207 exercitus
1053 1168 1194 1206 auro
1224 1151 1605 1205 licitantibus.

521 1240 701 1295 Paulo
730 1245 860 1311 post
888 1240 1081 1295 Caesar
1110 1238 1291 1293 armis
1321 1254 1527 1293 rursus
1560 1237 1735 1292 motis

524 1333 725 1383 contra
753 1328 1037 1383 Triballos
1069 1328 1348 1382 barbaros
1374 1332 1463 1381 est
1492 1327 1809 1396 profectus,

522 1417 698 1472 ﬁdem
720 1417 982 1486 juratam
1016 1417 1235 1486 perﬁde
1266 1416 1564 1482 fallentes;

520 1522 669 1576 quos
701 1503 1019 1559 debellatos
1048 1504 1303 1558 violento
1336 1508 1518 1557 marte

517 1594 708 1648 denuo
740 1608 943 1663 pacem
974 1595 1163 1647 tacere
1194 1592 1382 1662 coegit
1415 1610 1427 1646 :

517 1695 772 1751 cumque
821 1681 1130 1735 manubias
1160 1680 1321 1734 illinc
1352 1679 1659 1750 abegisset,

522 1767 772 1825 militem
804 1767 1104 1838 proprium
1137 1769 1332 1838 praeda
1362 1766 1621 1837 replevit,

520 1853 725 1925 spoliis
760 1853 1103 1915 innumeris,
1138 1854 1347 1924 opibus
1379 1853 1650 1924 copiosis.

520 1942 827 2013 Captivum
860 1946 1052 1997 autem
1082 1941 1289 2012 vulgus
1325 1942 1476 1996 ultra
1508 1943 1720 1996 fretum

522 2029 826 2085 transtulit
856 2030 916 2084 in
950 2030 1307 2101 Bythiniam,
1340 2030 1513 2101 eique
1540 2031 1708 2084 sedes

520 2116 678 2172 haud
710 2117 909 2188 procul
945 2119 1085 2173 urbe
1115 2119 1450 2173 Nicomedia
1497 2118 1784 2173 attribuit.

522 2206 803 2274 Idemque
834 2206 1045 2274 partim
1077 2206 1291 2261 milites
1324 2206 1694 2275 conscripsit,

520 2294 738 2365 partim
770 2295 914 2364 reip.
941 2295 1075 2349 fecit
1106 2294 1437 2364 vectigales.

520 2385 738 2438 Istrum
768 2384 968 2438 aestivo
997 2388 1261 2454 tempore
1306 2383 1657 2455 transgressi

518 2470 715 2526 Hunni
747 2476 1026 2541 ceperunt
1056 2473 1261 2527 urbem
1294 2472 1698 2542 Branitzoben,

520 2558 690 2628 cujus
720 2559 964 2629 dejectis
990 2560 1218 2615 cunctis
1250 2561 1529 2629 aedificiis,

517 2646 743 2717 lapides
774 2650 951 2703 etiam
980 2647 1294 2717 Zeugmion
1327 2648 1590 2703 tulerunt
1622 2664 1635 2701 :

520 2826 648 2877 tum
679 2823 854 2879 etiam
886 2840 1088 2894 agrum
1120 2824 1500 2880 incursarunt
1528 2824 1794 2881 Serdicae.

526 2910 710 2981 Igitur
740 2912 833 2968 his
867 2928 1179 2968 occurrens
1209 2912 1528 2983 imperator

522 2998 675 3053 inter
702 3000 947 3070 paludes
980 3001 1163 3055 valido
1193 3017 1327 3055 cum
1360 3001 1563 3055 milite.

517 3086 675 3143 haud
706 3088 908 3160 procul
941 3089 1085 3144 Istro
1116 3090 1384 3145 hostibus
1415 3106 1766 3160 congressus

518 3174 735 3230 claram
763 3178 833 3230 de
862 3176 1133 3231 Barbarie
1165 3176 1363 3232 retulit
1393 3178 1731 3245 victoriam;

515 3268 573 3317 et
602 3263 953 3319 Chrasmum
984 3266 1137 3334 cepit
1165 3281 1298 3319 cum
1336 3266 1775 3333 Francochorio,

516 3368 631 3421 que
664 3368 799 3423 pars
829 3353 1071 3407 Paeonia
1102 3356 1457 3424 preetantior
1484 3361 1625 3411 erat.

516 3440 665 3495 Tum
696 3440 873 3496 etiam
904 3441 1165 3513 Zeugmii
1197 3444 1412 3499 muenia
1442 3446 1813 3517 expugnavit.

517 3527 798 3599 illincque
830 3531 1085 3600 praedam
1119 3532 1364 3587 abstulit
1392 3534 1783 3603 innumeram,

519 3618 814 3672 manubiis
848 3619 970 3689 ipse
995 3619 1264 3689 plurimis
1295 3622 1514 3677 ditatus

519 3704 818 3777 simulque
848 3708 1040 3762 omnis
1064 3708 1361 3765 Romanus
1392 3712 1698 3766 exercitus.

521 3793 664 3850 Pace
690 3811 824 3849 cum
856 3796 1084 3852 Hunnis
1127 3796 1388 3853 barbaris
1420 3803 1758 3872 composita,

520 3880 581 3936 in
612 3883 892 3939 orientem
923 3886 1223 3941 transtulit
1250 3889 1565 3944 exercitum
1593 3908 1608 3959 ;

518 3986 739 4042 perque
773 3972 1047 4044 Bithynos
1078 3976 1369 4033 transiens
1400 3983 1457 4032 et
1485 3978 1889 4049 Paphaglonas

520 4057 691 4114 celeri
722 4076 897 4116 cursu
931 4064 1189 4133 pervenit
1220 4067 1653 4133 Castamonem,

520 4146 788 4219 hancque
817 4152 1075 4206 Romano
1106 4153 1420 4207 vindicavit
1451 4158 1704 4224 sceptro,

518 4234 719 4305 (quam
738 4240 1127 4293 Persarmenii
1146 4240 1500 4311 jampridem
1531 4242 1828 4313 tenebant)

519 4323 691 4379 scalis
722 4329 781 4380 et
811 4327 1097 4381 machinis
1129 4328 1514 4383 arietantibus

520 4412 593 4466 ad
617 4412 767 4468 hanc
805 4416 1148 4485 capiendam
1181 4418 1404 4471 naviter
1436 4433 1600 4471 usus.

520 4505 659 4556 Post
688 4502 829 4573 hac,
864 4506 1119 4575 captivos
1153 4504 1436 4574 plurimos
1479 4506 1699 4559 ducens

524 4605 622 4644 rex
652 4595 829 4661 atque
860 4594 1116 4662 prerdam
1150 4593 1661 4662 innumerabilem,

523 4678 744 4749 regiam
778 4679 848 4734 ad
883 4682 1084 4735 urbem
1118 4681 1314 4735 retulit
1345 4682 1550 4751 pedem

521 4772 796 4838 exceptus
827 4768 1125 4838 plausibus
1156 4769 1255 4839 qui
1287 4770 1493 4824 decent
1521 4769 1797 4827 victorem
1832 4788 1846 4827 :

522 4858 697 4925 atque
727 4857 799 4911 ob
833 4860 1122 4911 recentem
1156 4873 1322 4911 suam
1353 4857 1652 4912 victoriam

522 4945 712 4999 media
743 4945 982 5000 deduxit
1009 4945 1152 4999 urbe
1180 4944 1572 5016 triumphum.

516 5034 821 5089 Adornans
847 5034 998 5089 enim
1032 5033 1273 5089 artificio
1307 5034 1543 5090 insolito

518 5137 755 5177 currum
789 5126 1027 5193 argento
1058 5139 1317 5193 auroque
1348 5123 1657 5195 fulgidum,

520 5226 694 5281 quem
730 5211 1029 5265 niveorum
1059 5212 1348 5284 quadriga
1370 5229 1658 5284 equorum

518 5304 651 5368 apte
681 5303 737 5354 et
766 5300 1037 5355 decenter
1061 5302 1396 5370 junctorum
1428 5303 1718 5371 trahebat,

517 5387 654 5442 huic
684 5390 1075 5445 venerandam
1117 5390 1399 5462 imposuit
1426 5392 1617 5448 Caesar

517 5474 806 5532 inviolatae
836 5476 1098 5549 Deiparaa
1127 5479 1479 5552 imaginem;

593 5656 706 5729 (50)
740 5658 802 5712 In
832 5657 1049 5715 codicis
1082 5659 1344 5732 margine
1374 5677 1460 5732 γρ.
1493 5656 1777 5735 Ζιύγμιον.

2181 531 2233 590 Α

2185 1880 2234 1943 Β

2177 3227 2220 3293 C

2176 4583 2225 4648 D

2440 526 2529 587 Ὦς
2558 530 2691 583 κατὰ
2732 528 2940 601 δυσμήν
2968 533 3302 603 Ῥωμαϊκοῖς
3330 532 3382 586 ἐν
3414 535 3603 595 τόποις

2438 614 2530 668 Ἐκ
2558 615 2724 670 τῶνδε
2752 620 2943 689 κώμας
2972 620 3060 673 καὶ
3092 621 3358 681 συνοικίας
3390 619 3521 683 ὅλας

2438 702 2539 757 Καὶ
2572 707 2895 774 συσταθῆναι
2928 707 3015 760 καὶ
3046 710 3370 780 παραμένειν
3402 704 3501 777 ἔτι,

2438 790 2777 863 Ἐπωνυμίαν
2813 794 2862 865 ἐξ
2895 794 3077 858 ἔθνους
3108 798 3464 868 κεκτημένας.

3796 414 3894 467 152

2259 876 2398 932 3830
2438 880 2691 953 Τάγμασι
2722 878 2766 933 δ’
2798 881 3001 947 ἄλλους
3033 884 3360 958 συμμάχους
3395 884 3445 939 ἐν
3476 891 3592 946 ταῖς
3626 885 3831 961 μάχαις

2436 967 2809 1041 Καταλεγῆναι
2836 971 3162 1044 Ῥωμαϊκοῖς
3190 973 3277 1027 καὶ
3311 974 3543 1049 στίχαις·

2438 1054 2644 1127 Μοιρας
2678 1054 2735 1109 δὲ
2765 1056 2978 1120 πολλὰς
3010 1059 3306 1124 ἀποδόσθαι
3334 1061 3563 1135 χρυσίου

2435 1142 2563 1195 Ὑπὸ
2591 1152 2839 1217 στρατιᾶς
2874 1149 3020 1223 σφῶν
3051 1148 3214 1203 πάλιν
3247 1149 3571 1225 ᾑρημένοις.

2434 1231 2583 1283 Μετὰ
2613 1228 2667 1285 δὲ
2703 1235 2894 1307 μικρὸν
2929 1235 3145 1308 ὕστερον
3178 1237 3342 1292 πάλιν
3370 1240 3493 1307 ἅναξ

2259 1316 2400 1370 3835
2438 1317 2883 1391 Ἐπιστρατεύσας
2916 1330 3032 1387 τοῖς
3060 1321 3353 1399 Τριϐαλοῖς
3382 1322 3676 1403 βαρϐάροις

2434 1405 2627 1479 ’Ὁρκια
2658 1410 2978 1483 συγχέουσιν
3012 1413 3069 1466 ἐκ
3097 1414 3418 1489 κακουργίας

2436 1498 2583 1569 Σφᾶς
2611 1493 2894 1565 ἐκνικήσας
2929 1499 2979 1552 ἐν
3017 1501 3167 1573 μάχῃ
3195 1503 3330 1556 κατά
3358 1504 3553 1576 κράτος

2432 1580 2500 1634 Τὸ
2536 1578 2808 1657 βάρϐαρον
2840 1586 3053 1655 τίθησιν
3084 1586 3371 1644 ἔνσπονδον
3404 1591 3587 1646 πάλιν·

2436 1668 2594 1722 Λείαν
2628 1667 2673 1722 δ’
2704 1670 2901 1735 ἐκεῖθεν
2934 1674 3203 1737 ἀπελάσας
3238 1678 3428 1752 μυρίαν

2258 1755 2399 1810 3840
2438 1755 2657 1826 Πλήσας
2687 1781 2743 1813 τε
2770 1761 2832 1814 τὸ
2862 1762 3165 1836 στράτευμα
3192 1769 3298 1818 τῶν
3334 1766 3721 1839 σκυλευμάτων

2435 1842 2642 1901 ’Όλϐου
2672 1869 2727 1901 τε
2759 1848 2973 1903 πολλοῦ
3004 1852 3092 1905 καὶ
3122 1852 3378 1930 λαφύρων
3424 1857 3647 1929 μυρίων·

2442 1932 2665 2002 Πλῆθος
2695 1934 3040 2011 δορυάλωτον
3075 1940 3151 2004 εἰς
3179 1940 3442 2017 ἐπαρχίαν

2438 2023 2544 2089 Τὴν
2575 2028 2682 2077 τῶν
2717 2028 2953 2081 Βιθυνῶν
2982 2029 3117 2082 κατά
3142 2031 3239 2099 τὴν
3272 2031 3624 2104 Νικομήδους

2440 2106 2761 2175 Διαϐιϐάσας
2791 2114 3142 2187 ἐγκατοικίζει
3176 2118 3372 2192 φέρων,

2261 2198 2402 2253 3845
2440 2198 2541 2253 Καὶ
2570 2198 2742 2254 τῶνδε
2764 2202 2889 2263 τοὺς
2923 2204 3015 2277 μὶν
3046 2212 3265 2279 στρατιᾷ
3293 2205 3599 2283 καταλέγει,

2438 2288 2581 2348 Τοὺς
2612 2285 2659 2342 δ’
2688 2291 2754 2343 αὗ
2784 2299 2994 2365 παρῆκε
3025 2295 3294 2350 συντελεῖν
3324 2303 3491 2369 κοινῷ
3521 2295 3744 2373 φόρους.

2435 2374 2629 2431 Οὖννοι
2660 2379 2749 2431 τὸν
2785 2381 2988 2453 Ἴστρον
3019 2383 3398 2455 ἐκπεράσαντες
3431 2388 3617 2462 θέρους

2436 2466 2869 2539 Κατακρατοῦσιν
2895 2467 3095 2533 ἄστεως
3123 2471 3510 2545 Βρανιτζόϐης,

2435 2553 2533 2605 Καὶ
2562 2552 2725 2622 τῆσδε
2755 2558 2926 2620 πάσας
2954 2560 3358 2635 κατερείψαντες
3396 2563 3574 2639 βάρεις

2260 2639 2400 2695 3850
2437 2644 2755 2717 Μιτήγαγον
2804 2646 2939 2715 πρὸς
2990 2648 3275 2721 Ζεύγμινον
3486 2655 3571 2708 καὶ
3629 2654 3763 2718 τοὺς
3819 2655 3896 2711 λί-

2436 2813 2862 2891 Ἐπιδραμόντες
2894 2822 2983 2875 καὶ
3016 2821 3289 2897 Σαρδικῆς
3330 2828 3529 2902 χωρία,

2438 2904 2651 2959 Οὐκοῦν
2679 2906 2763 2960 ἐπὶ
2796 2916 2928 2984 σφᾶς
2956 2909 3340 2986 ἐκστρατεύσας
3380 2917 3406 2969 ὁ
3438 2919 3648 2993 κράτωρ

2437 2992 2524 3048 Ἐν
2564 2995 2883 3069 ὑγροχὲρσῳ
2913 3002 3024 3069 (51)
3056 3003 3144 3054 καὶ
3177 3004 3400 3077 σθεναρᾷ
3431 2992 3651 3079 δυνάμει

2438 3082 2584 3136 Κατά
2613 3084 2703 3137 τὸν
2736 3086 2941 3160 Ἳστρον
2975 3090 3312 3161 συμπλακεὶς
3344 3094 3665 3158 ἀντιπάλοις

2258 3169 2398 3223 2855
2435 3170 2644 3239 Ἵστησι
2678 3172 2928 3248 λαμπρὰν
2961 3178 3095 3231 κατά
3128 3176 3412 3256 βαρϐάρων
3444 3184 3620 3254 νίκην·

2436 3260 2532 3311 Καὶ
2566 3262 2825 3334 Χράσμον
2855 3262 2963 3318 εἷλε
2995 3264 3084 3319 σὺν
3114 3272 3195 3339 τῷ
3226 3273 3665 3346 Φραγγοχωρίῳ,

2433 3352 2539 3415 Γῆς
2572 3350 2815 3435 Παιόνων
2847 3354 3130 3424 κράτισσον
3170 3357 3413 3432 ὑπάρχον
3450 3362 3633 3435 μέροςο

2436 3436 2577 3504 Πρὸς
2606 3434 2651 3489 δ’
2681 3439 2744 3491 αὖ
2775 3445 3146 3514 παρεστήσατο
3176 3450 3361 3520 τεῖχος
3390 3434 3708 3522 Ζευγνμίνου,

2435 3526 2553 3579 Κάκ
2581 3524 2738 3580 τοῦδε
2769 3526 2915 3582 λείαν
2951 3530 3195 3601 ἀπήλασι
3230 3537 3441 3607 μυρίαν,

2256 3612 2396 3665 3860
2437 3614 2537 3667 Καὶ
2570 3611 2763 3690 λάιρυρ⁷
2793 3615 3052 3687 ἐκτήσατο
3084 3622 3171 3675 καὶ
3203 3622 3430 3679 πλεῖστα
3461 3625 3653 3698 σκύλα,

2432 3701 2608 3763 Αὐτός
2635 3723 2691 3756 τε
2718 3705 2806 3757 καὶ
2839 3708 3143 3780 στράτευμα
3171 3711 3453 3783 Ῥωμαίων
3488 3714 3622 3769 ἅπαν

2438 3790 2804 3862 Σπεισάμενος
2830 3791 2875 3847 δ’
2906 3792 3086 3850 ἔπειτα
3122 3794 3411 3875 βαρϐάροις
3440 3800 3665 3865 Οὕννοις

2438 3880 2579 3951 Πρὸς
2610 3882 2708 3949 τήν
2739 3880 2811 3936 ἕω
2843 3886 3145 3958 στράτευμα
3168 3884 3503 3958 διαϐιϐάσας,

2437 3969 2533 4022 Διά
2562 3973 2799 4026 Βιθυνῶν
2833 3975 3075 4049 χωρίων,
3104 3974 3470 4053 Παφλαγόνων

2257 4057 2402 4110 3865
2440 4056 2747 4134 Ἐιρίσταται
2778 4060 3008 4136 τάχιστα
3037 4067 3104 4136 τῇ
3139 4065 3470 4139 Κασταμόνι,

2436 4146 2535 4200 Καὶ
2564 4146 2710 4218 τήνδ’
2743 4150 3040 4205 ἐπανὲσωσε
3076 4154 3145 4223 τῇ
3174 4154 3435 4227 Ῥωμαίδι

2433 4238 2849 4310 Περσαρμενίοις
2880 4259 3109 4311 κεκρατη
3122 4242 3287 4312 μένην
3319 4244 3509 4317 πάλαι,

2432 4324 2785 4396 Χρησάμενος
2814 4325 3058 4400 κλίμαξι,
3090 4333 3480 4407 τειχομαχίαις

2435 4412 2528 4472 Εἷς
2558 4411 2723 4481 τῆσδε
2745 4416 2843 4481 τὴν
2878 4415 3081 4471 ἅλωσιν
3122 4418 3195 4479 ὡς
3222 4419 3572 4496 εὐμηχάνως.

2256 4501 2396 4554 3870
2431 4501 2661 4555 Τοιαῦτα
2690 4500 2885 4577 δράσας
2915 4504 3288 4580 αἰχμαλώτων
3318 4529 3375 4562 τε
3406 4509 3591 4587 στίφος

2432 4590 2533 4643 Καὶ
2565 4588 2709 4643 λείαν
2739 4591 3013 4662 ἀμύθητον
3047 4595 3288 4672 εἰληφὼς
3318 4599 3442 4668 ἄναξ

2435 4679 2577 4753 Πρὸς
2610 4678 2862 4753 βασιλίδα
2890 4683 2989 4749 τὴν
3019 4682 3177 4739 πόλιν
3220 4686 3536 4765 ὑποστρέφει

2431 4769 2535 4822 Οἴα
2563 4769 2791 4839 νικητὴς
2820 4768 3184 4843 ἀναδούμενος
3212 4773 3445 4849 κρότοις*

2431 4855 2568 4909 Κάπὶ
2601 4858 2845 4930 τροπαίῳ
2874 4859 3167 4933 προσφάτῳ
3198 4861 3286 4915 καὶ
3315 4866 3381 4934 τῇ
3414 4863 3534 4938 νίκῃ

2254 4944 2394 4998 3875
2432 4946 2711 5021 Κατήγαγε
2738 4942 3002 5020 Θρίαμϐον
3037 4949 3087 5002 ὲν
3119 4946 3251 5020 μέση
3275 4950 3455 5008 πόλει.

2430 5031 2630 5102 Τεύξας
2658 5034 2759 5108 γὰρ
2792 5036 2938 5107 ἅρμα
2962 5035 3051 5088 σὺν
3083 5039 3408 5113 τεχνουργίᾳ
3434 5039 3577 5111 ξένον

2429 5122 2805 5198 Χρυσαργύρῳ
2835 5121 3102 5179 κάλλιστα
3129 5123 3305 5197 διειλη
3318 5129 3519 5201 μμένον

2429 5212 2499 5265 ’Ό
2530 5209 2808 5285 χιονώδης
2838 5212 3127 5283 τετρακτὺς
3161 5218 3447 5291 συστοιχία

2428 5298 2631 5350 Ἳππων
2662 5319 2742 5359 τις
2773 5298 2944 5354 εἷλκεν
2978 5300 3183 5377 εὐφυῶς
3215 5304 3602 5377 ζευγνυμένων·

2253 5385 2392 5439 3880
2432 5385 2515 5440 Ἑν
2549 5383 2688 5455 τῷδε
2720 5388 2916 5454 σεπτὴν
2950 5384 3260 5457 ἀναϐιϐάζει
3293 5392 3508 5466 κράτωρ

2425 5478 2541 5547 Τῆς
2567 5472 2974 5551 μητρανάνδρου
3005 5479 3277 5551 Παρθένου
3300 5480 3401 5548 τήν
3433 5479 3634 5552 εἷ’κόνα,

2322 5659 2435 5731 (51)
2459 5659 2540 5716 De
2566 5659 2672 5716 hoc
2701 5657 2978 5717 vocabulo
2998 5658 3269 5731 judicent
3298 5660 3635 5719 hellenista.

3730 2748 3896 2818 [θους,
