4132 6300
315 350 410 405 153
1817 354 2182 408 ΟΕΒΑΒΕΒ.

485 475 572 529 Ἐν
670 475 944 535 πεποιθὼς
973 477 1058 528 καὶ
1091 482 1363 551 κατορθῶν
1396 479 1488 538 τὰς
1519 476 1664 535 νίκας

479 562 567 623 Ὣς
600 561 1042 638 συπρατηγὲτιδι
1073 566 1189 618 κατ’
1221 566 1431 640 ἐχθρῶν
1466 565 1651 638 μάχης

484 651 734 726 Προσῆγι
757 654 856 719 τήν
886 652 1189 725 πρέπουσαν
1224 652 1596 728 εὐχαριστίαν,

299 740 446 794 3885
482 742 583 798 Ἠς
611 739 699 792 καὶ
731 745 947 813 προῆγε
976 739 1066 794 σὺν
1104 739 1207 814 ὅλῃ
1238 741 1491 816 γερουσίᾳ

484 827 616 880 Hoc?
656 824 887 901 βαδίζων
914 830 1197 901 σταυρικὸν
1230 837 1505 903 σκῆπτρον
1540 827 1732 904 φέρων.

486 912 660 971 Ἀλλὰ
689 915 899 989 βραχὺς
925 914 1125 985 ἤνυστο
1157 920 1271 972 κατ’
1303 919 1446 973 οἷκον
1481 916 1705 991 χρόνος,

484 1004 585 1057 Καὶ
618 1003 783 1058 πάλιν
818 1003 1157 1080 ἐστράτευσεν
1189 1004 1312 1076 ἅναξ
1340 1006 1554 1080 χαρίεις

482 1092 627 1145 Μετὰ
652 1098 899 1166 στρατιᾶς
928 1093 1149 1167 ἀρεϊκῆς
1178 1096 1499 1168 προφρόνως

294 1181 440 1235 3890
476 1180 597 1235 Ἐπὶ
627 1182 987 1252 Τανισμάνιον
1016 1182 1090 1242 εἷς
1124 1183 1448 1255 Κασταμόνα

448 1270 757 1342 Στρατηγὸν
787 1266 954 1341 ἄνδρα
978 1272 1123 1345 παρά
1154 1276 1598 1344 Περσαρμενίοις,

481 1355 685 1425 Ταύτην
720 1354 911 1410 ἑλόντα
940 1358 1280 1433 τειχομαχίᾳ
1304 1357 1490 1425 πόλιν,

481 1441 577 1496 Καὶ
610 1442 854 1520 φύλακας
882 1446 1159 1500 κτείναντα
1189 1446 1494 1518 Ῥωμαίους
1526 1446 1668 1523 ξίφει

483 1531 589 1585 Καὶ
618 1529 771 1601 τήνδ’
802 1532 1105 1588 ἰπανέσωσε
1137 1537 1429 1606 Ῥωμαίων
1462 1536 1667 1608 κράτει’

295 1620 443 1675 3895
486 1619 625 1693 Πρὸς
651 1617 834 1674 τοῖσδε
864 1622 1106 1695 Γάγγραν
1139 1629 1471 1696 καταπορθεῖ
1497 1624 1596 1690 τὴν
1628 1622 1791 1676 πόλιν

483 1709 573 1762 Ἐν
669 1728 729 1782 γε
761 1709 1031 1784 φρουροὺς
1057 1709 1324 1780 ἀποτάξας
1358 1709 1584 1772 ὁπλίτας

485 1796 585 1851 Ἐκ
614 1797 926 1868 Ῥωμαϊκῆς
957 1805 1205 1873 στρατιᾶς
1240 1797 1554 1873 δισχιλίους

492 1884 587 1939 Καὶ
618 1886 791 1939 πάντα
822 1891 931 1949 θεῖς
966 1887 1042 1957 εὖ,
1076 1886 1151 1947 εἰς
1180 1885 1343 1942 πόλιν
1379 1887 1718 1963 ὑποστρέφει·

486 1970 585 2025 Καὶ
614 1969 747 2043 τῇδε
780 1975 969 2047 μικρὸν
1004 1972 1341 2048 ἐνδιατρίῴας
1372 1976 1569 2049 χρόνον

292 2061 447 2115 3900
489 2064 964 2133 Κατακρατοῦντος
990 2061 1278 2135 Ἀρμενίας
1306 2058 1583 2117 Λιϐοὐνου

486 2148 885 2219 Ἐπιστρατεύει
916 2150 1166 2221 στρατιὰν
1200 2149 1462 2219 πλείστην
1496 2147 1665 2223 ἄγων,

484 2237 812 2305 Κατηκόους
841 2236 1083 2299 σίνοντος
1115 2238 1367 2293 Αὐσόνων
1401 2238 1611 2310 πόλεις,

482 2324 694 2380 Οὐκοῦν
726 2320 917 2386 ἐπιϐὰς
946 2328 1037 2400 ’Δρ
1049 2326 1440 2399 μενοκιλικίας,

478 2413 682 2483 Ταρσὸν
709 2415 1082 2485 παρεστήσατο
1116 2417 1337 2492 φαεινὴν
1373 2414 1557 2484 πόλιν,

306 2503 451 2558 3905
489 2501 587 2554 Καὶ
616 2503 716 2569 τὴν
748 2499 982 2571 Ἀδάνην
1012 2504 1101 2557 καὶ
1135 2509 1299 2575 Βακᾶ,
1334 2502 1644 2578 στρατηγίᾳ.

484 2590 693 2644 Ἐπειτ³
724 2589 926 2663 ὀχυρὰν
963 2586 1296 2663 Ἀναζάρϐην
1329 2591 1420 2645 σὺν
1457 2591 1547 2664 βίᾳ

480 2675 811 2751 Περικλυτόν
842 2699 900 2732 τε
928 2678 1019 2732 καὶ
1051 2678 1365 2735 Κολώνειαν
1407 2680 1591 2733 πόλιν·

480 2764 585 2821 Καὶ
619 2763 684 2833 δὴ
722 2767 994 2838 μετελθὼν
1026 2788 1123 2828 τας
1153 2766 1305 2842 πέριξ
1330 2767 1523 2828 ταύτας
1550 2766 1741 2829 πόλεις

485 2854 728 2925 Ἐρυμνά
754 2874 813 2907 τε
843 2854 1074 2931 φρούρια
1097 2855 1187 2909 καὶ
1226 2857 1418 2928 κώμας
1448 2854 1599 2923 ὅλας,

294 2943 446 2997 3910
488 2940 799 3018 Ἑφίσταται
832 2940 888 2996 δὲ
916 2949 1032 3004 τοῖς
1056 2944 1247 3006 τόποις
1274 2950 1372 3012 τῆς
1418 2945 1635 3018 Συρίας,

490 3029 591 3085 Καὶ
623 3030 721 3097 τήν
749 3028 913 3083 πόλιν
946 3029 1139 3107 εἷ’φεισι
1163 3033 1262 3099 τήν
1294 3032 1606 3105 Ἀντιόχου,

485 3115 849 3189 Ῥαϊμούνδου
874 3118 1167 3193 πρίγκιπος
1200 3121 1312 3191 ἅμα
1340 3125 1453 3180 τοῖς
1485 3118 1636 3181 ὅλοις

495 3205 569 3259 Εὖ
595 3207 782 3279 χερσὶν
814 3206 972 3261 αὐτὸν
1007 3206 1219 3268 ὑπτίαις
1254 3205 1602 3281 δεδεγμένου,

495 3293 599 3348 Καὶ
628 3300 757 3348 πᾶσι
787 3297 1119 3367 τιμήσαντος
1152 3296 1313 3349 αὐτὸν
1344 3295 1566 3352 εἰκόσιν.

293 3383 451 3438 3915
490 3382 608 3445 Ἐφ’
637 3382 867 3458 ἠμὲραις
897 3384 988 3437 οὗν
1022 3381 1363 3457 ἐνδιατρίψας
1393 3382 1575 3453 πόλει,

495 3470 660 3540 Αὐτῷ
688 3492 747 3525 τε
773 3473 863 3526 τὸν
896 3472 1161 3545 πρίγκιπα
1190 3470 1361 3540 λίζιον
1397 3472 1614 3547 δράσας,

501 3558 605 3612 Σὺν
637 3559 775 3631 τῷδε
806 3560 1127 3632 Τριπόλεως
1155 3566 1453 3634 κρατοῦντα
1481 3562 1621 3631 τότε,

496 3648 659 3717 ’Λναξ
686 3650 1069 3722 χαριτώνυμος
1102 3648 1257 3721 ἔξεισι
1289 3649 1475 3716 πάλιν,

495 3737 600 3791 Καὶ
633 3737 768 3808 πρὸς
801 3735 1230 3814 παρευφράτιδεσς
1264 3737 1439 3793 ἄπεισι
1463 3737 1676 3805 πόλεις,

296 3826 452 3880 3920
497 3826 625 3899 ΙΙαρ¹
656 3831 957 3900 Δγαρηνῶν
986 3825 1046 3880 οὐ
1079 3823 1263 3889 καλῶς
1290 3827 1657 3901 κρατουμένας

496 3913 600 3968 Καὶ
630 3911 797 3968 τῶνδε
818 3919 1012 3989 πορθεῖ
1038 3913 1429 3989 τειχομαχίαις
1458 3912 1652 3976 ὅπλοις

494 4003 656 4073 ῙΙεζά,
687 4001 902 4071 Χάλεπ,
934 4002 1209 4079 Νίστριον,
1245 4006 1530 4079 Καρφαρᾶ,
1563 4004 1761 4077 Φὲρεπ·

500 4093 592 4146 Ἐκ
618 4095 723 4145 τῶν
753 4089 809 4145 δὲ
836 4090 1043 4145 λοιπῶν
1077 4092 1276 4146 ἀστέων
1311 4090 1459 4163 δῶρα
1488 4093 1606 4163 ξὲνα

494 4182 592 4233 Καὶ
623 4178 851 4235 πλεῖστα
878 4175 1059 4235 λαϐὼν
1091 4180 1177 4234 καὶ
1208 4180 1393 4241 λίθους
1423 4181 1512 4234 καὶ
1547 4178 1855 4255 μαργοὶρους

303 4270 455 4324 3925
495 4266 673 4321 Πολύν
704 4288 761 4321 τε
793 4269 992 4342 χρυσὸν
1023 4268 1113 4321 καὶ
1143 4267 1582 4344 λαφυραγωγίαν,

500 4356 602 4413 Καὶ
634 4354 895 4431 λυχνίτην
928 4358 1159 4431 φέροντα
1186 4361 1413 4431 σταυροῦ
1442 4356 1534 4411 τὸν
1576 4356 1741 4411 τύπον

498 4444 698 4519 Χρῆμά
721 4467 772 4499 τι
804 4445 1237 4518 πανθαύμαστον,
1270 4444 1598 4516 ἔκπληκτον,
1630 4446 1798 4516 ξένονο

502 4536 647 4608 Πρὸς
680 4532 727 4588 δ’
758 4536 820 4588 αὗ
852 4555 914 4609 γε
942 4534 1031 4589 καὶ
1061 4534 1323 4610 τράπεζαν
1352 4534 1668 4610 ἔκλαμπρον
1700 4536 1837 4590 πάνυ

500 4623 588 4692 Ἐξ
619 4622 901 4695 ἂμιμήτου
933 4622 1339 4695 συντεθειμένην
1368 4623 1565 4698 τέχνης

313 4713 461 4768 3930
500 4709 785 4781 Πολυτελῆ
816 4733 874 4766 τε
904 4712 1319 4787 χρυσότευκτον,
1360 4713 1639 4783 ποικίλην·

497 4802 561 4856 ’Ἃ
593 4803 762 4855 πάντα
793 4799 1119 4870 συνείληπτο
1146 4805 1263 4864 τοῖς
1294 4802 1519 4875 Πέρσαις
1548 4800 1715 4857 πάλαι

504 4894 806 4963 Συσχοῦσιν
838 4889 1137 4944 αὐτάνακτα
1164 4890 1254 4943 τὸν
1286 4890 1560 4964 Διογένην·

504 4978 649 5053 Πρὸς
678 4980 778 5047 τὴν
811 4977 1194 5052 βασιλεύουσαν
1233 4976 1451 5053 ἔρχεται
1482 4976 1643 5031 πόλιν

504 5071 683 5139 ’Ἂγων
717 5068 831 5138 μεθ’
859 5068 1047 5121 ἑαυτοῦ
1075 5066 1394 5142 κασίγνητον
1427 5065 1519 5120 σὺν
1547 5066 1691 5142 γόνῳ

321 5157 465 5213 3935
504 5157 612 5212 Τὸν
643 5150 1104 5231 σεϐαστοκράτορα
1130 5157 1222 5211 τὸν
1254 5159 1378 5229 πρὶν
1411 5153 1639 5232 φυγάδα,

500 5247 596 5317 Τῷ
622 5248 916 5316 τηνικαῦτα
943 5246 1277 5321 προσρυέντα
1304 5244 1542 5320 γνησίως

498 5335 728 5389 ’Ἃνακτι
753 5331 896 5405 τῷδε
924 5334 1013 5388 καὶ
1043 5336 1355 5409 κασιγνήτῳ
1385 5333 1549 5411 φίλῳ

496 5426 593 5487 ’⁸ος
622 5422 863 5478 ἐκλιπὼν
895 5422 1020 5498 πρὶν
1055 5417 1330 5496 διατριϐὰς
1358 5422 1609 5479 Αὐσόνων

503 5511 703 5587 Σχὲσιν
738 5512 1004 5585 ὁμογνίου
1033 5531 1091 5565 τε
1117 5510 1206 5565 καὶ
1242 5509 1507 5585 βασιλὶως

330 5601 465 5657 3940
504 5601 648 5675 Πρὸς
676 5602 1019 5676 Περσάνακτα
1044 5598 1215 5676 φυγὰς
1245 5598 1483 5670 ἐκλυπής
1521 5600 1724 5676 τρέχει·

1976 487 2026 548 Α
2058 478 2147 531 cui
2180 478 2312 547 quia
2340 478 2596 532 conﬁsus
2627 478 2808 530 victor
2838 474 3152 529 exstiterat.

2056 580 2214 621 nunc
2241 581 2344 621 ceu
2378 564 2513 621 belli
2544 566 2710 622 socia:
2742 567 2800 619 et
2832 560 3097 619 auxiliari

2057 655 2463 710 convenientes
2494 655 2774 709 reddebat
2805 657 3000 724 grates
3019 672 3037 717 ,-

2058 743 2389 810 praacedens
2422 743 2545 813 ipse
2575 758 2709 796 cum
2740 746 2859 795 toto
2893 742 3101 795 senatu

2058 830 2345 900 pedester,
2379 844 2673 901 sceptrum
2706 834 2943 899 gestans
2974 825 3345 881 cruciferum.

2056 921 2159 971 Sed
2194 919 2350 973 brevi
2378 919 2532 973 domi
2569 923 2827 988 tempore
2860 914 3218 986 permansit;

2060 1023 2385 1077 rursusque
2417 1008 2488 1061 ad
2521 1006 2739 1061 bellum
2776 1022 2870 1059 rex
2904 1002 3175 1058 amabilis

2058 1096 2350 1165 profectus
2381 1095 2629 1166 impigre
2660 1110 2793 1149 cum
2827 1092 3017 1146 valido
3048 1088 3299 1146 exercitu

2063 1183 2217 1237 venit
2243 1182 2650 1237 Castamonem
2680 1187 2882 1236 contra
2909 1176 3378 1245 Tanismanium,

2062 1270 2162 1340 qui
2195 1272 2309 1325 dux
2338 1270 2597 1325 delectus
2630 1289 2658 1324 a
2694 1266 3077 1323 Persameniis

2063 1359 2396 1428 praedictam
2429 1360 2632 1414 urbem
2666 1358 3121 1429 expugnaverat,

2024 1496 2029 1503 .
2060 1446 2254 1516 gladio
2286 1447 2614 1500 Romanum
2647 1446 2873 1499 candens
2906 1443 3267 1515 praesidium.

2060 1535 2219 1589 Hanc
2252 1551 2387 1607 ergo
2418 1535 2610 1590 Caesar
2640 1533 3021 1604 recuperavit.

2064 1624 2312 1696 Insuper
2342 1624 2572 1696 Gangra
2605 1628 2887 1694 occupata
2919 1622 3080 1688 urbe,

2061 1713 2258 1783 ibique
2290 1714 2582 1785 impositis
2616 1712 2868 1785 praesidii
2894 1727 3070 1766 causa

2061 1802 2132 1856 de
2164 1806 2363 1856 nostro
2394 1803 2648 1857 exercitu
2683 1801 2773 1856 bis
2805 1801 2961 1855 mille
2994 1797 3258 1863 armatis,

2060 1889 2286 1943 cunctis
2317 1890 2559 1959 pacatis,
2594 1888 2934 1961 Byzantium
2969 1887 3162 1941 rediit.

2059 1980 2331 2032 Attamen
2362 1978 2612 2032 breviter
2642 1978 2735 2032 hic
2767 1980 3185 2039 commoratus,

2060 2065 2353 2135 prolectus
2384 2070 2472 2121 est
2503 2082 2635 2120 cum
2668 2065 2891 2137 ingenti
2922 2062 3234 2130 excercitu,

2061 2153 2430 2225 imperitante
2459 2154 2732 2209 Armenia
2767 2159 3018 2220 Levuno,

2060 2249 2406 2314 nostrasque
2438 2244 2611 2298 urbes
2644 2243 2878 2297 damnis
2911 2240 3223 2297 afficiente.

2059 2330 2206 2402 Ergo
2238 2347 2587 2402 progressus
2621 2331 2679 2386 in
2718 2327 3269 2386 Armeno-Ciliciam

2060 2418 2420 2488 splendidam
2454 2420 2659 2473 urbem
2693 2419 2995 2490 occupavit
3024 2418 3298 2484 Tarsum,

2059 2506 2264 2560 Bacam
2295 2510 2351 2561 et
2382 2507 2635 2562 Adanem
2669 2507 2879 2578 peritia
2908 2505 3138 2561 bellica.

2057 2593 2187 2649 Mox
2210 2595 2540 2651 Anazabum
2575 2612 2806 2651 summa
2836 2595 2888 2649 vi
2920 2591 3291 2664 expugnavit,

2060 2686 2114 2736 et
2144 2682 2450 2739 Coloneam
2483 2688 2539 2741 et
2570 2682 2917 2752 Periclytum
2951 2682 3143 2737 urbes.

2060 2770 2345 2826 Proximis
2376 2788 2607 2841 quoque
2638 2772 2968 2841 subjugatis
3000 2770 3252 2840 oppidis,

2062 2873 2195 2911 cum
2231 2858 2474 2913 munitis
2505 2858 2760 2914 castellis
2790 2858 3134 2928 cunctisque
3166 2855 3349 2927 pagis,

2059 2946 2220 3000 venit
2252 2946 2310 3000 in
2341 2946 2517 3018 Syria:
2551 2963 2736 3017 usque
2768 2945 3034 3016 regiones

2065 3038 2240 3105 atque
2268 3035 2615 3091 Antochiam
2649 3037 2850 3091 urbem
2876 3033 3224 3105 ingreditur,

2069 3122 2399 3179 Raimundo
2430 3124 2694 3195 principe
2723 3139 2857 3178 cum
2885 3126 3093 3177 cuncto
3121 3119 3332 3192 populo

2071 3211 2224 3265 hunc
2256 3211 2575 3283 excipiente
2607 3212 2801 3267 studio
2833 3210 3072 3283 proclivi

2070 3297 2346 3369 omnique
2378 3300 2570 3354 debito
2602 3317 2737 3354 cum
2770 3300 3009 3355 honore.

2071 3387 2132 3441 In
2164 3386 2271 3442 hac
2302 3388 2600 3459 paulisper
2631 3389 2968 3443 demoratus
3002 3388 3144 3442 urbe

2070 3492 2202 3529 cum
2240 3476 2352 3531 sibi
2384 3477 2697 3533 obnoxium
2740 3476 3027 3532 effecisset
3057 3474 3381 3545 principem

2069 3579 2322 3633 cumque
2347 3581 2412 3620 eo
2444 3565 2741 3637 Tripoleos
2774 3566 2950 3620 etiam
2984 3564 3309 3630 dominum,

2070 3666 2169 3705 rex
2198 3652 2491 3723 gratiosus
2521 3671 2867 3725 progressus
2898 3652 3144 3708 ulterius

2070 3740 2139 3794 ad
2172 3740 2585 3811 Euphratesias
2616 3742 2909 3798 festinavit
2939 3742 3130 3809 urbes,

2070 3843 2218 3897 quas
2251 3830 2494 3899 Agareni
2521 3834 2723 3884 contra
2758 3832 2843 3884 fas
2875 3831 3173 3885 tenebant.

2068 3917 2148 3971 Ex
2182 3916 2270 3973 his
2302 3917 2634 3989 perdomuit
2669 3918 2958 3971 machinis
2990 3922 3045 3971 et
3076 3916 3256 3972 armis

2069 4003 2272 4074 Pezan,
2307 4004 2540 4077 Caleph,
2574 4004 2855 4069 Nistrion,
2889 4004 3248 4074 Carpharan,
3278 4002 3519 4074 Pherep.

2067 4096 2151 4145 Ex
2176 4092 2308 4147 aliis
2340 4098 2534 4148 autem
2570 4093 2815 4148 urbibus
2846 4092 3088 4147 donaria
3120 4092 3269 4145 mira

2069 4180 2371 4251 multaque
2403 4180 2621 4249 retulit,
2655 4197 2941 4253 gemmas,
2974 4180 3343 4251 margaritas,

2069 4285 2341 4338 magnam
2374 4269 2491 4324 vim
2524 4270 2672 4339 auri,
2708 4271 3029 4342 praedaeque
3062 4267 3385 4336 cumulum,

2068 4357 2386 4429 lychnitem
2422 4375 2653 4430 quoque
2684 4360 2776 4414 cui
2815 4376 2953 4413 crux
2984 4359 3271 4427 impressa
3304 4360 3449 4422 erat,

2068 4463 2188 4501 rem
2221 4447 2428 4502 miram
2460 4452 2517 4503 et
2544 4449 2895 4518 stupendam
2930 4451 3103 4516 atque
3135 4444 3431 4499 insolitam
3465 4461 3478 4498 :

1991 4531 2040 4592 D
2071 4535 2311 4607 insuper
2352 4552 2615 4591 mensam
2652 4536 2834 4591 multo
2865 4533 3407 4605 splendidissimam

2071 4624 2428 4681 elaboratam
2459 4629 2580 4679 arte
2607 4623 2968 4687 inimitabili,

2073 4713 2536 4784 pretiosissiman
2570 4728 2802 4767 auream
2835 4710 3189 4781 variegatam
3226 4726 3239 4763 :

2073 4819 2197 4872 quae
2228 4805 2431 4857 cuncta
2466 4806 2645 4855 Persae
2677 4800 2972 4871 quondam
3006 4798 3396 4870 diripuerant,

2074 4906 2204 4944 cum
2238 4890 2630 4961 captivassent
2658 4891 2938 4944 Caesarem
2971 4887 3309 4960 Diogenem.

2072 4979 2156 5032 Ad
2190 4979 2392 5034 urbem
2428 4982 2625 5034 autem
2658 4976 2831 5033 rediit
2859 4977 3115 5032 Joannes

2074 5066 2296 5123 habens
2317 5083 2661 5139 germanum
2694 5082 2826 5121 cum
2859 5069 3071 5136 nepote
3103 5079 3320 5120 secum.

2078 5157 2663 5223 sebastocratoreum,
2697 5156 2848 5222 dico,
2881 5154 3106 5227 pridem
3138 5154 3477 5226 profugum,

2076 5251 2215 5301 tunc
2243 5262 2375 5301 vero
2408 5250 2674 5302 amanter
2703 5249 2889 5300 semet
2917 5242 3350 5315 permiltentem

2077 5334 2197 5406 regi
2227 5335 2438 5391 Joanni
2471 5333 2795 5406 peramanti
2827 5332 3013 5387 fratri.

2079 5423 2179 5479 Hic
2212 5424 2503 5480 derelictis
2535 5422 2815 5479 Romanis
2846 5422 3085 5486 ﬁnibus,

2076 5516 2385 5585 spretoque
2417 5513 2624 5567 affectu
2660 5510 2854 5566 fratris
2885 5513 3057 5579 atque
3089 5506 3343 5571 caesaris,

2076 5602 2146 5657 ad
2177 5605 2411 5657 Persam
2446 5617 2636 5672 regem
2672 5602 2859 5655 tactus
2888 5596 3085 5653 dolore
3115 5595 3343 5666 fugerat
3377 5612 3390 5648 :

3589 336 3690 391 154
