4132 6300
494 280 598 334 155
1695 288 1735 336 Ε
1744 285 2061 338 PHREMII
2101 286 2126 334 ί

2245 283 2669 339 .ONOGRAPHI
3772 291 3877 344 156

494 406 597 459 sed
630 420 758 461 sero
789 407 1025 461 tandem
1060 406 1197 461 mali
1231 407 1319 460 sui
1353 406 1622 463 conscius

2149 405 2204 469 Α
2409 405 2588 468 Μόλις
2622 405 2679 461 δὲ
2707 411 2880 471 συνεὶς
2911 409 2971 465 οὗ
3001 433 3061 486 γε
3087 415 3254 466 κακοῦ
3282 413 3559 486 τυγχάνει,

494 493 739 548 consilio
767 494 996 565 egregio
1025 495 1198 550 rediit
1217 495 1290 562 ad
1323 499 1604 554 Caasarem

2411 495 2796 571 Μαλινδρομεῖ
2823 497 3091 554 κάλλιστα
3122 502 3255 574 πρὸς
3294 500 3535 576 βασιλέα,

493 582 722 652 tutique
754 583 924 638 fidem
959 585 1181 638 reditus
1208 584 1558 654 impetravit.

2410 589 2446 636 K
2492 584 2504 602 “
2540 582 2567 638 δ
2603 587 2623 614 ν
2661 587 2674 604 ‘
2742 583 2796 621 "-
2965 595 2997 619 °'
3239 587 3261 605 ³

2454 605 2506 637 αι
2575 606 2711 655 εςιας
2741 608 2901 662 ειυχε
2931 610 3030 657 της
3063 590 3353 644 ἐπανόοου.

490 670 754 740 Namque
788 687 1083 726 reversum
1118 689 1362 726 cernens
1387 671 1704 741 imperator

2408 675 2729 730 Ἐπανιόντα
2758 678 2847 731 καὶ
2880 677 2982 752 γὰρ
3017 675 3146 732 ξ’δὼν
3180 679 3206 732 ὁ
3236 677 3451 752 κράτωρ

491 758 731 814 Numini
762 760 980 830 gratias
1003 760 1256 814 reddidit
1282 776 1557 830 supremo

2232 759 2372 813 3945
2412 765 2528 832 Θεῷ
2557 767 2891 836 χαριστήρια
2918 771 3024 820 τῶν
3059 764 3202 821 ὅλων
3232 765 3343 820 Θύει

492 863 654 918 teque
686 863 748 902 re
779 849 1042 918 gaudens
1077 853 1138 902 ut
1167 847 1439 917 trophaeis
1472 847 1644 903 mille.

2409 848 2533 923 Οὐχ
2551 850 2720 917 ἦττον
2750 853 2935 921 ἡσθεὶς
2965 853 3000 922 ἢ
3032 855 3206 915 νίκαις
3239 859 3358 914 ταῖς
3392 853 3625 925 μυρίαις·

493 937 641 1008 Ergo
673 935 1007 1008 complexus
1039 937 1226 991 olﬁcio
1259 936 1451 992 debito

2409 939 2512 992 Καὶ
2544 940 2843 1014 χαριέντως
2873 943 3239 1017 προσπλακεῖς
3270 944 3403 997 κατά
3429 940 3550 998 δὲον

497 1029 830 1095 utrumque,
863 1032 927 1079 ut
953 1025 1112 1092 olim,
1146 1026 1353 1080 habuit
1384 1024 1819 1080 charissimum.

2408 1027 2477 1080 Τὸ
2510 1026 2738 1102 φίλτρον
2771 1030 3051 1103 ἀπένειμεν
3083 1033 3282 1109 ἀμφοῖν
3315 1032 3388 1093 ὡς
3421 1031 3612 1087 πάλαι.

493 1111 656 1166 Brevi
691 1118 952 1168 moratus
985 1114 1138 1184 apud
1164 1113 1363 1168 urbem
1399 1119 1683 1183 tempore,

2408 1111 2611 1187 Χρόνον
2647 1115 2702 1170 δὲ
2737 1119 2941 1193 βραχὺν
2972 1119 3315 1194 ἐνδιατρίψας
3344 1119 3502 1174 πόλει

492 1205 557 1255 ut
588 1215 717 1256 sese
749 1201 1020 1266 habebat,
1054 1201 1291 1256 transiit
1323 1200 1378 1254 in
1412 1201 1768 1272 Bithyniam,

2229 1203 2370 1257 3950
2407 1203 2494 1264 Ὡς
2528 1205 2668 1278 εἶχεν
2703 1205 2984 1282 ἐξώρμησε
3011 1209 3148 1282 πρὸς
3177 1208 3443 1276 Βιθυνίαν,

491 1294 827 1359 contempta
859 1290 1120 1361 corporis
1158 1290 1312 1345 mala
1339 1290 1672 1345 valetudine
1700 1309 1714 1356 ;

2407 1297 2833 1368 Καταφρονήσας
2866 1298 3119 1368 σώματος
3147 1295 3425 1371 καχεξίας,

491 1377 696 1432 Turcis
730 1379 1024 1434 Romanas
1054 1384 1238 1432 terras
1273 1378 1718 1445 infestantibus;
2067 1438 2086 1456 ι

2067 1438 2086 1456 ι
2403 1378 2654 1454 Τούρκων
2681 1383 2986 1438 κακούντων
3015 1385 3297 1455 Ῥωμαϊκά
3326 1384 3527 1459 χωρία,

492 1482 640 1535 quos
670 1467 768 1520 ubi
803 1466 926 1520 sola
957 1467 1166 1520 terruit
1198 1465 1526 1537 praesentia,

2407 1466 2510 1528 Οὓς
2543 1469 2839 1542 ἐκθροήσας
2867 1473 2958 1526 καὶ
2991 1473 3130 1546 μόνῃ
3163 1473 3431 1546 παρουσίᾳ

491 1569 679 1625 usque
706 1555 774 1608 ad
811 1554 1133 1624 Lopadium
1167 1556 1321 1608 venit
1351 1554 1643 1608 civitatem
1684 1571 1695 1606 :

2406 1556 2544 1625 Πρὸς
2577 1557 2848 1613 Λοπάδιον
2880 1559 3182 1636 ἀφικνεῖται
3208 1562 3306 1627 τήν
3340 1559 3519 1614 πόλιν*

492 1642 593 1696 ubi
625 1643 762 1696 dum
792 1647 1054 1698 moratur
1086 1643 1401 1712 copiasque
1428 1641 1739 1708 contrahit,

2227 1643 2370 1696 2955
2405 1648 2571 1699 Ἐνθα
2606 1643 2885 1718 βραδύνων
2917 1647 3153 1720 συνάγων
3183 1669 3240 1701 τε
3267 1645 3517 1718 δυνάμεις

494 1731 686 1801 gravis
706 1735 796 1786 est
824 1731 986 1786 visus
1018 1732 1187 1786 militi
1219 1733 1378 1786 mitis
1411 1734 1624 1799 Caesar,

2151 1755 2196 1815 Β
2407 1737 2628 1804 Στρατῷ
2662 1733 2826 1807 βαρὺς
2859 1733 3032 1804 ἔδοξεν
3062 1738 3082 1778 ἕ
3121 1737 3292 1808 πραῢς
3321 1734 3445 1804 ἄναξ

490 1819 769 1889 quoniam
801 1821 871 1873 ad
908 1821 1082 1874 fortes
1114 1820 1492 1875 extimulabat
1529 1835 1774 1890 pugnas,

2403 1819 2492 1880 Ὠς
2526 1817 2809 1874 διανιστών
2841 1823 3056 1896 ἀρεϊκὰς
3087 1823 3222 1896 πρὸς
3259 1824 3462 1896 μάχας,

490 1907 744 1978 bellique
766 1907 969 1980 longas
999 1910 1146 1963 ferre
1177 1910 1420 1980 cogebat
1444 1923 1658 1962 moras.

2406 1907 2503 1960 Καὶ
2534 1903 2876 1982 προσϐιάζων
2906 1916 3180 1982 καρτερεῖν
3209 1910 3260 1964 ἐν
3287 1914 3355 1981 τῇ
3387 1912 3558 1983 μάχῃ.

493 1995 674 2067 Igitur
705 2001 896 2052 castra
925 2013 1292 2052 commovens
1324 1997 1574 2067 Lopadio

2405 1995 2590 2049 Τοίνυν
2620 1996 2827 2071 ἀπάρας
2861 1997 3113 2072 βασιλεὺς
3147 1995 3425 2052 Λοπαδίου

493 2101 592 2139 rex
614 2101 744 2139 cum
777 2084 1084 2140 innumero
1117 2086 1352 2140 transiit
1382 2085 1633 2139 exercitu

2230 2084 2374 2136 3960
2413 2083 2812 2159 Ἐπιστρατεύει
2843 2085 2935 2140 σὺν
2969 2091 3191 2162 στρατιᾷ
3223 2086 3387 2160 μυρίᾳ

490 2176 692 2227 contra
723 2178 1014 2244 Agarenos
1044 2173 1321 2228 barbaros
1346 2173 1508 2227 Ponti
1539 2171 1784 2238 incolas,

2406 2174 2538 2233 Τοῖς
2567 2174 2701 2228 κατὰ
2729 2175 2920 2228 πόντον
2948 2177 3276 2250 Ἀγαρηνοῖς
3311 2169 3607 2249 βαρϐάροις

481 2262 625 2331 jugo
659 2265 992 2331 prementes
1021 2261 1452 2316 Neocaesaream
1490 2279 1502 2314 :

2409 2263 2837 2335 Κατακρατοῦσιν
2868 2265 2967 2330 τῆς
2996 2262 3423 2336 Νεοκαισαρέων·

491 2349 701 2420 punire
731 2365 964 2421 quoque
993 2350 1243 2405 studens
1270 2349 1712 2404 Constantinum

2409 2347 2662 2404 Σπεύδων
2745 2351 3020 2422 μετελθεῖν
3096 2351 3185 2405 καὶ
3264 2348 3466 2426 Γαϐρᾶν
3533 2356 3887 2405 Κωνσταντῖ-

3761 2441 3883 2512 [νον

488 2527 739 2584 Gabram
771 2533 1085 2597 tyrannum
1118 2529 1660 2601 Trapezuntiorum.

2405 2526 2943 2600 Κατατυραννεόοντα
2973 2527 3433 2602 Τραπεζουντίων.

490 2616 634 2687 Ergo
688 2617 1054 2688 progreditur
1083 2622 1513 2672 Neocaesaream

2226 2614 2369 2669 3965
2404 2614 2709 2690 Ἐφίσταται
2739 2619 2865 2688 γοῦν
2896 2619 2962 2688 τῇ
2995 2614 3420 2689 Νεοκαισαρέων,

490 2721 663 2775 quam
697 2705 1050 2760 circumfuso
1082 2705 1309 2760 obsidet
1339 2705 1612 2759 exercitu.

2408 2703 2506 2756 Καὶ
2537 2701 2654 2775 τῇδ’
2683 2701 2872 2778 ἐφιστῇ
2900 2703 2994 2764 τὰς
3023 2701 3274 2776 δυνάμεις
3305 2701 3589 2764 κυκλόθεν.

489 2796 675 2864 Atque
710 2793 857 2848 hanc
883 2797 1164 2864 capturus
1193 2794 1511 2864 imperator
1540 2797 1681 2861 erat,

2406 2792 2501 2844 Καὶ
2531 2793 2653 2866 τάχ’
2683 2793 2740 2847 ἂν
2768 2792 2878 2846 εἷλε
2908 2792 3067 2862 τήνδε
3095 2793 3408 2867 κρατάρχης
3435 2792 3555 2846 τότε

488 2881 600 2936 nisi
634 2882 947 2952 improvisa
975 2882 1243 2938 incidens
1273 2881 1577 2936 calamitas

2407 2880 2468 2937 Εἰ
2503 2883 2576 2953 μή
2609 2903 2661 2936 τι
2691 2878 2899 2954 συμϐὰν
2931 2883 3238 2954 ἀπρόοπτόν
3269 2904 3319 2937 τι
3351 2884 3517 2943 πάθος

486 2973 760 3040 suscepto
791 2969 1040 3025 militem
1072 2969 1222 3024 bello
1256 2970 1627 3024 retardasset.

2406 2969 2652 3042 ’Λπεῖρξε
2676 2970 2736 3022 τὸ
2767 2971 3073 3043 στράτευμα
3101 2978 3198 3038 τῆς
3225 2971 3526 3044 διαμάχης·

485 3058 632 3112 Nam
656 3074 791 3113 cum
821 3058 1067 3114 instaret
1095 3073 1290 3129 pugna
1321 3061 1518 3113 contra
1552 3057 1838 3112 Barbaros

2148 3111 2191 3134 η
2229 3057 2368 3111 3970
2409 3057 2549 3131 Πρὸς
2585 3053 2886 3132 βαρϐάρους
2915 3059 3016 3134 γὰρ
3049 3057 3298 3129 ἐνστάσης
3332 3060 3516 3134 μάχης
3545 3059 3687 3130 τότε,

489 3145 786 3218 egregium
821 3147 1134 3216 quemdam
1166 3163 1235 3202 ex
1267 3145 1431 3200 Italia
1461 3145 1715 3215 equitem

2147 3144 2192 3174 ν
2402 3146 2490 3214 Ἐξ
2523 3145 2756 3209 Ἰταλίας
2787 3144 2953 3218 δεξιόν
2987 3150 3081 3201 τιν’
3113 3148 3349 3217 ἱππότην

490 3251 640 3306 equo
672 3238 965 3289 carentem
999 3250 1240 3289 cernens
1274 3233 1614 3304 imperator,

2402 3234 2670 3288 Ἀνιππον
2698 3233 2829 3289 ἰδὼν
2861 3234 3196 3309 ἐγκελεόεται
3228 3237 3441 3310 κράτωρ

490 3323 688 3378 fratris
721 3323 812 3378 sui
843 3322 962 3378 ﬁlio
986 3323 1156 3392 juxta
1186 3322 1564 3393 adequitanti

2403 3323 2609 3396 Ἀγχοῢ
2645 3324 3034 3378 συνιππεόοντα
3058 3322 3329 3398 τάδελφοῦ
3359 3325 3513 3398 γόνον

489 3427 706 3483 equum
740 3410 1038 3466 mandavit
1068 3412 1270 3466 cedere
1303 3411 1525 3466 Latino.

2400 3411 2590 3465 Ἵππον
2622 3418 2922 3486 παρασχεῖν
2955 3410 3232 3466 ἀποϐάντα
3263 3412 3491 3484 Λατίνῳ.

488 3499 591 3555 Ille
621 3498 920 3556 enimvero
952 3499 1243 3554 facturum
1271 3499 1526 3570 negavit,

2225 3500 2366 3552 3975
2401 3499 2462 3554 Ὁ
2493 3496 2538 3551 δ’
2569 3499 2622 3552 o’
2793 3506 2814 3514 ”
2876 3497 2899 3519 ”
3159 3501 3228 3555 ’λ’
3271 3500 3303 3538 ἐ
3379 3498 3440 3555 ὶὲ
3530 3522 3542 3538 κ

2602 3522 2629 3552 υ
2659 3521 2840 3572 νεμειν
2874 3521 3067 3573 εφασκε
3100 3521 3174 3573 μα
3260 3521 3370 3554 αδτι
3400 3541 3409 3554 .
3445 3521 3576 3574 γωδ,

484 3587 695 3656 vixque
719 3593 951 3642 coactus
981 3587 1163 3659 equiti
1197 3588 1374 3642 cessit
1403 3602 1640 3657 equum.

2401 3584 2579 3648 Μόλις
2610 3585 2657 3640 δ’
2686 3591 2825 3642 ἄκων
2857 3587 3074 3643 δίδωσιν
3107 3589 3310 3663 ἱππότῃ

488 3675 571 3730 Ob
603 3675 660 3730 id
693 3675 891 3730 dolore
917 3676 1171 3730 maximo
1203 3675 1531 3746 perculsus,

2402 3674 2520 3730 Κάκ
2547 3673 2704 3730 τοῦδε
2733 3675 2996 3746 πλησθεὶς
3029 3677 3089 3731 οὐ
3124 3682 3318 3750 μικρᾶς
3344 3677 3576 3750 ἀθυμίας

488 3765 779 3834 praecipita
809 3764 1027 3835 exiguae
1051 3765 1263 3819 mentis
1295 3763 1537 3820 consilio

2399 3768 2831 3840 Μικροψυχτςσας
2865 3766 2923 3820 ἐκ
2953 3771 3156 3844 φρενῶν
3190 3761 3450 3839 ἀϐλεψίας

488 3851 727 3907 Caesaris
757 3852 852 3907 hic
886 3868 1082 3923 nepos,
1115 3851 1311 3923 praelio
1345 3853 1618 3918 fervente,

2403 3850 2759 3926 Ἀδελφόπαις
2788 3855 2946 3916 οὗτος
2973 3877 3031 3928 γε
3059 3859 3234 3929 καιρῷ
3262 3862 3360 3923 τῆς
3392 3854 3576 3929 μάχης

485 3959 554 3998 ex
582 3944 900 4014 improviso
931 3945 1186 4015 perfugit
1216 3945 1286 3999 ad
1316 3943 1622 4008 Barbaros,

2223 3941 2363 3996 3980
2403 3942 2486 4012 Ἐξ
2523 3942 2787 4016 ὑπογυίου
2817 3944 3140 4019 προστρέχει
3171 3948 3286 4004 τοῖς
3319 3938 3611 4017 βαρϐάροις

485 4049 519 4086 a
557 4031 772 4101 quibus
803 4032 1214 4088 lubentissimo
1246 4036 1524 4102 exceptus
1556 4029 1774 4098 animo,

2401 4030 2502 4086 Καὶ
2525 4029 2704 4086 τοῖσδε
2736 4029 2948 4106 δεχθεὶς
2972 4031 3346 4103 ἀσμενεστάτῳ
3376 4031 3551 4104 πόθῳ,

484 4119 658 4190 paulo
692 4124 824 4192 post
851 4121 1027 4176 etiam
1063 4120 1244 4175 cultui
1275 4121 1605 4175 Christiano

2397 4119 2548 4174 Μετά
2576 4141 2636 4193 γε
2671 4119 2850 4194 βραχὺ
2875 4119 2965 4174 καὶ
2992 4139 3031 4193 χ
3038 4121 3373 4193 ριστώνυμον
3406 4115 3563 4181 σὲϐας

483 4208 752 4263 nuntium
780 4209 892 4264 heu
917 4209 1184 4274 remittit,
1217 4224 1282 4263 ac
1306 4208 1682 4263 matrimonio

2397 4207 2716 4280 Ἐξόμνυται
2748 4209 2872 4281 φεῦί
2905 4209 2994 4260 καὶ
3027 4208 3282 4281 συνεζύγη
3314 4207 3480 4268 τάλας

479 4297 752 4368 jungitur
782 4296 912 4352 filiae
943 4296 1226 4367 principis
1258 4296 1463 4350 Iconii.

2398 4297 2631 4370 Θυγατρὶ
2665 4296 3034 4372 Περσάνακτος
3067 4299 3354 4358 Ἰκονιὲως.

483 4382 703 4437 Exinde
732 4382 924 4438 Caesar
951 4383 1120 4438 valde
1150 4388 1428 4438 mmrente
1467 4381 1662 4437 animo

2219 4387 2360 4440 3785
2397 4386 2670 4440 Ἐντεῦθεν
2701 4386 2824 4455 ἅναξ
2857 4387 3136 4460 συσχεθεὶς
3166 4385 3366 4460 ἀγωνίᾳ

482 4471 652 4542 erepit
678 4471 885 4526 reverti
915 4471 1201 4543 gradatim
1234 4471 1598 4542 Byzantium,

2146 4472 2188 4532 υ
2393 4473 2769 4549 Ὑποστρὲφειν
2797 4474 2997 4549 ἤρξατο
3023 4473 3158 4547 πρὸς
3189 4473 3350 4528 πόλιν
3387 4472 3553 4547 βάδην

479 4559 730 4613 reditum
762 4559 1148 4614 dissimulans
1177 4568 1231 4614 et
1263 4559 1491 4614 consilii
1522 4560 1711 4631 inops.

2395 4563 2650 4617 Κλέπτων
2678 4563 3030 4638 ἀναχώρησιν
3058 4563 3107 4635 ἐξ
3141 4557 3418 4622 ἀϐουλίας.

479 4647 741 4701 Tandem
772 4646 831 4701 in
864 4648 1068 4702 urbem
1094 4648 1308 4718 regiam
1337 4647 1588 4702 delatus.

2393 4654 2580 4723 Ὅμως
2608 4653 2894 4729 πεφθακὼς
2923 4655 3021 4722 τὴν
3059 4649 3311 4726 βασιλίδα
3338 4649 3523 4718 πόλιν,

480 4734 677 4805 ibique
707 4735 861 4791 brevi
895 4740 1155 4806 tempore
1189 4736 1519 4792 subsistens
1548 4754 1560 4790 :

2392 4741 2481 4795 Ἐν
2509 4738 2641 4814 τῇδε
2675 4741 2865 4816 μικρὸν
2896 4739 3240 4813 ἐνδιατρίψας
3276 4739 3499 4813 χρόνον,

479 4839 612 4878 mox
641 4825 829 4879 denuo
860 4840 1130 4895 egressus
1160 4842 1291 4880 cum
1324 4826 1543 4897 ingenti
1575 4826 1824 4882 exercitu

1765 4832 1824 4882 tu
2218 4830 2359 4885 3990
2404 4830 2603 4898 Ἕξεισι
2635 4829 2798 4884 πάλιν
2833 4829 2925 4884 σὺν
2958 4833 3180 4903 στρατιᾷ
3215 4827 3395 4903 μυρίᾷ.

480 4911 791 4983 Phrygiam
824 4914 1161 4983 praeteriens
1194 4918 1366 4984 atque
1394 4915 1648 4985 Lyciam,

2393 4917 2492 4972 Καὶ
2525 4915 2896 4991 παραδραμὼν
2929 4916 3170 4992 Φρυγίαν
3201 4916 3287 4969 καὶ
3322 4913 3538 4981 Λυκίαν,

481 4999 552 5054 ad
585 5000 838 5055 nobilem
873 5001 1134 5071 pervenit
1162 5002 1363 5057 urbem
1397 5005 1597 5070 Attali,

2391 5006 2500 5073 Τὴν
2533 5004 2797 5061 Ἀττάλου
2826 5005 3091 5078 πέφθακεν
3123 5003 3317 5058 εὐκλεᾶ
3343 5002 3503 5058 πόλιν

479 5105 651 5159 quam
679 5089 776 5143 ubi
809 5106 939 5146 cum
975 5090 1239 5146 ﬁnitimis
1271 5091 1579 5162 ordinavit,

2390 5095 2486 5147 Καὶ
2519 5093 2684 5163 τῆσδε
2715 5095 2825 5158 Θεὶς
2855 5094 2909 5147 εὗ
2940 5093 3014 5154 ὡς
3045 5099 3320 5164 προσῆκον
3351 5090 3418 5144 τά
3441 5091 3593 5164 πέριξ

480 5177 692 5246 palude
724 5194 955 5249 quoque
987 5183 1152 5248 capta
1186 5180 1513 5250 Pasgusaea,

2392 5181 2566 5236 Ἑλών
2598 5204 2656 5237 τε
2687 5181 2893 5255 λίμνην
2925 5181 3215 5256 Πασγούση
3248 5179 3617 5252 κεκλῃμένην,

475 5265 636 5320 venit
665 5266 723 5320 in
756 5267 988 5322 Isauriaa
1021 5268 1166 5324 lines
1197 5275 1255 5323 et
1284 5270 1344 5323 in
1375 5269 1597 5341 Syriam

2213 5273 2353 5327 3995
2394 5271 2535 5346 Πρὸς
2567 5272 2831 5348 Ἰσαυρίας
2860 5273 3159 5350 ἀφικνεῖται
3189 5269 3250 5324 τὸ
3281 5269 3473 5342 κΛίμα,

383 5433 388 5435 ν
477 5356 652 5423 atque
680 5355 1027 5410 Antochiam
1060 5373 1262 5412 versus
1293 5356 1722 5428 propinquavit,

2392 5359 2489 5413 Καὶ
2520 5361 2659 5434 πρὸς
2690 5362 2887 5435 Συρίαν
2919 5361 3009 5415 καὶ
3039 5357 3204 5414 πόλιν
3226 5358 3517 5432 Ἀντιόχου

478 5441 716 5498 ardente
745 5443 941 5499 studio
972 5444 1217 5500 moliens
1247 5444 1397 5500 hanc
1428 5445 1631 5500 urbem

2385 5446 2678 5521 Ἐπιμελὲς
2707 5447 3030 5521 σπούδασμα
3055 5447 3223 5508 τιθεὶς
3252 5447 3342 5501 καὶ
3383 5445 3566 5520 λόγον,

475 5529 633 5600 gravi
665 5530 909 5603 depulso
940 5533 1278 5588 Latinorum
1299 5533 1445 5604 jugo

2385 5536 2778 5610 Ἐλευθερῶσαι
2803 5540 2901 5607 τὴν
2931 5535 3225 5610 Ἀντιόχου
3251 5533 3416 5590 πόλιν
