4132 6300
293 337 385 392 157

449 466 560 528 Τῆς
585 469 884 533 Λατινικῆς
914 463 1214 542 δυσαχθοῦς
1243 467 1584 544 τυραννίδος,

276 550 416 604 4000
459 549 556 601 Καὶ
585 547 738 618 τήνδ’
773 552 966 607 ὲνῶσαι
996 558 1063 627 τῇ
1095 555 1252 611 πόλει
1286 556 1718 630 Κωνσταντίνου,

449 638 678 692 Ἔπειτα
709 640 850 694 Σιὼν
881 640 1161 714 ἀφικέσθαι
1196 646 1332 718 πρὸς
1365 643 1552 719 πόλιν,

450 727 548 779 Καὶ
584 725 903 803 φιλοτίμοις
934 728 1194 800 ἀναδῆσαι
1228 735 1318 787 καὶ
1351 735 1521 806 ξένοις

455 817 688 888 Δώροις,
719 815 1026 889 ἀναθήμασι
1057 821 1327 875 Δεσπότου
1359 823 1546 898 τάφον,

454 905 531 960 Τὸ
563 901 609 958 δ’
639 903 688 958 έν
721 905 911 978 κύκλῳ
940 913 1044 961 πᾶν
1074 907 1404 985 βαρϐαρικὸν
1430 917 1680 987 καθᾶραι.

263 994 409 1046 4005
451 991 660 1047 Οὐκοῦν
691 991 918 1055 ἐπιστάς
953 998 1278 1072 Ἀντιοχέων
1313 999 1470 1054 πόλει

449 1082 659 1153 Ταύτης
687 1080 875 1157 ἐδῄου,
901 1085 1176 1162 κατέκειρε
1202 1089 1270 1142 τᾶ
1300 1090 1450 1164 πέριξ
1481 1106 1494 1118 ·

453 1172 602 1226 Ἐπεὶ
629 1170 688 1226 δέ
721 1175 772 1226 οἱ
803 1174 1082 1248 πρόθυμον
1113 1178 1177 1231 οὐ
1209 1179 1326 1232 κατ’
1358 1176 1584 1240 ἐλπίδας

453 1255 763 1332 Συμϐαἷνον
797 1261 1096 1334 ἐσκόπησεν
1130 1266 1392 1340 ἀγχίνους
1426 1268 1546 1340 ἄναξ

449 1348 596 1422 Πρὸς
629 1349 870 1405 Κιλίκων
907 1350 1086 1406 ἄπεισι
1119 1355 1411 1430 πανστρατῖ
1450 1363 1585 1429 μέρη
1621 1376 1634 1388 ⁸

261 1438 413 1492 4010
459 1433 876 1506 Ένσκηνοϐατεῖ
905 1437 950 1493 δ’
983 1440 1032 1494 ἐν
1068 1441 1410 1518 φαραγγώδει
1440 1444 1610 1517 τόπῳ,

454 1525 620 1579 Ἔνθα
646 1528 915 1599 Κοράκων
949 1527 1154 1605 φωλεοὶ
1185 1529 1382 1599 κλῆσις
1412 1531 1583 1604 τόπῳ,

455 1613 560 1669 Καὶ
591 1615 725 1687 πρὸς
755 1615 1076 1690 κυνηγέσιον
1108 1619 1252 1691 ὁρμᾷ
1289 1621 1406 1673 κατ’
1439 1618 1556 1682 ἔθος
1589 1641 1601 1652 ·

458 1703 559 1756 Συῗ
591 1699 637 1755 δ’
670 1702 875 1773 ὑπαντᾷ
905 1705 1041 1759 κατὰ
1074 1703 1298 1780 λόχμην
1333 1706 1525 1783 ἀγρίῳ,

452 1791 560 1846 Καὶ
589 1787 744 1846 τόνδε
773 1798 852 1864 τῷ
882 1791 1067 1868 δόρατι
1100 1795 1328 1864 πλήττει
1362 1796 1572 1870 καιρίαν
1609 1817 1622 1828 '

258 1882 416 1936 4015
454 1883 540 1952 Τῇ
569 1876 617 1933 δ’
644 1881 933 1955 ἀντερείσει
963 1887 1062 1936 τοῦ
1095 1885 1219 1945 συὸς
1250 1885 1498 1958 καμοῦσά
1527 1907 1642 1950 πως

443 1968 757 2043 Δορυφὸρος
790 1969 914 2044 χεὶρ
943 1969 1270 2032 αὐτάνακτος
1305 1969 1585 2034 δεσπότου,

442 2056 546 2113 Καὶ
577 2059 973 2131 παρενεχθεῖσα
1001 2079 1053 2111 τι
1088 2061 1280 2135 μικρὸν
1309 2061 1504 2122 εὐθέως
1535 2064 1646 2135 (51)

441 2147 558 2212 Τῆς
589 2145 732 2220 παρά
771 2144 1000 2220 πλευρὸν
1028 2147 1330 2220 παραψαόει
1365 2150 1650 2224 φαρέτρας,

442 2234 695 2310 Ἰοτρόφα
723 2232 959 2307 βέλεμνα
992 2240 1170 2309 θηρῶν
1206 2235 1280 2297 εἷς
1311 2237 1472 2314 φόνον

265 2324 408 2378 4020
447 2318 641 2376 Ένδον
676 2321 945 2397 φερούσης
981 2342 993 2353 ·
1021 2322 1110 2377 καὶ
1143 2325 1420 2398 χυθέντων
1448 2327 1748 2402 ἀτράκτων,

444 2412 534 2470 Εἷς
563 2406 738 2463 τῶνδε
768 2411 898 2485 φεῦί
930 2407 1134 2482 ἔπληξε
1160 2412 1428 2487 κράτορος
1460 2415 1596 2487 χέρα

443 2498 544 2553 Καὶ
568 2499 836 2572 φθαρτική
872 2497 1098 2570 δύναμις
1130 2501 1164 2568 ἡ
1195 2504 1292 2554 τοῦ
1333 2502 1618 2576 φαρμάκου

439 2585 582 2639 Κατά
611 2606 670 2660 γε
705 2588 897 2660 μικρὸν
932 2587 1224 2663 ἀπονεκροῐ
1254 2589 1342 2643 καὶ
1376 2590 1546 2666 φθίνει

439 2677 680 2730 Ἄνακτα
709 2675 874 2741 θεῖον,
904 2675 1246 2750 τρισαριστέα
1281 2678 1470 2752 μέγαν,

249 2766 387 2820 4Οθ”
521 2763 536 2784 “
767 2763 790 2800 ”
833 2784 853 2794 ³
991 2763 1004 2779 ’
1110 2766 1122 2782 “
1161 2785 1189 2798 ’⁸
1228 2769 1253 2778 “
1337 2765 1348 2784 ’
1486 2767 1531 2798 ⁵⁸

313 2785 392 2820 ..ο
433 2769 538 2818 Και
569 2762 876 2817 συνελαυνιι
907 2783 1042 2837 προς
1071 2785 1132 2818 το
1171 2785 1257 2818 κου
1292 2766 1414 2840 βιου
1438 2787 1622 2834 πιρας.

472 2854 817 2908 ΜΑΝΟΙἮΛ
859 2853 902 2908 Ο
941 2853 1342 2909 ΚΟΜΝΗΝΟΣ
1384 2857 1494 2912 ET.
1540 2862 1666 2912 AH'.

429 2940 565 3012 Πρὶν
597 2940 633 3008 ἢ
662 2936 718 2993 δὲ
748 2941 920 2993 θανεῖν
954 2941 1216 3011 Μανουήλ
1253 2942 1478 3017 βασιλέα

432 3031 693 3081 ’Ὑστατον
725 3028 838 3080 υἱὸν
869 3034 1308 3103 συνομαρτοῦντα
1336 3030 1535 3105 στέφει,

435 3115 540 3172 Καὶ
569 3116 810 3190 κράτορα
841 3112 1076 3170 δείκνυσι
1101 3125 1200 3185 τῆς
1228 3117 1554 3192 Ῥωμαίδος.

437 3204 735 3277 Στράτευμ’
766 3203 853 3257 ἐπὶ
882 3204 1100 3267 τούτοις
1136 3203 1190 3260 δὲ
1220 3207 1506 3279 Ῥωμαίων
1543 3210 1676 3263 ἅπαν

241 3297 395 3351 4030
439 3293 544 3347 Σὺν
569 3298 686 3354 τοῖς
719 3299 1006 3368 στατηγοῖς
1037 3293 1126 3348 καὶ
1149 3295 1416 3369 λοχαγοῖς
1445 3299 1737 3371 ταγμάτων

440 3383 688 3438 Ἀνεῖπον
721 3380 878 3434 αὐτὸν
913 3380 1272 3457 Αὖσονάρχην
1306 3385 1576 3456 ἀσμένως.

431 3471 636 3524 Ἔπειέ
669 3467 976 3541 έπανέζευξε
1005 3471 1140 3541 πρὸς
1171 3469 1482 3539 Βυζαντίδα

430 3557 579 3610 Μετᾶ
605 3561 858 3629 στρατιᾶς
885 3556 1146 3624 Μανουήλ
1178 3555 1298 3630 ἅναξ
1335 3559 1474 3628 νέος,

433 3643 812 3716 Ἀνακομίζων
843 3643 930 3697 καὶ
963 3645 1163 3719 πατρὸς
1187 3646 1338 3699 ναυσὶ
1368 3645 1541 3702 νέκυν.

246 3737 393 3791 4035
438 3733 540 3788 Καὶ
570 3726 892 3786 καταλαϐὼν
923 3733 1021 3799 τήν
1057 3731 1310 3806 βασιλίδα
1335 3731 1496 3792 πόλιν

435 3820 734 3889 Βασιλικῆς
764 3815 923 3895 ἔτυχε
951 3827 1050 3888 τῆς
1083 3819 1370 3898 εὐφημίας,

434 3914 658 3984 Πρῶτον
694 3907 998 3962 σταλέντων
1031 3910 1119 3964 καὶ
1151 3914 1666 3985 προηυτρεπικότων

429 3999 545 4066 Τὴν
581 3994 791 4052 εἴσοδον
813 3995 1083 4052 κάλλιστα
1110 3999 1207 4066 τὴν
1237 3999 1313 4060 εἷς
1341 4002 1438 4070 τὴν
1471 4001 1632 4058 πόλιν

427 4085 629 4160 Ἀξοῦχ
659 4084 896 4158 μεγάλου
925 4087 1022 4153 τὴν
1055 4088 1221 4158 τιμὴν
1255 4085 1600 4160 δομεστίκου,

246 4179 389 4233 4040
432 4175 532 4231 Καὶ
570 4175 852 4249 βασιλείου
880 4173 1245 4246 Τζιτζιλοόκη
1275 4176 1579 4248 τούπίκλην
1612 4197 1625 4212 ·

428 4261 585 4332 Ηλὴν
617 4263 688 4324 ὡς
719 4259 850 4338 ἔφην
878 4265 991 4334 (52)
1014 4264 1146 4340 φθὰς
1179 4265 1442 4336 Μανουὴλ
1473 4266 1637 4323 πόλιν
1665 4267 1892 4346 κράτους

429 4353 563 4426 Παρ’
595 4350 894 4426 ἀρχιθότου
924 4356 1219 4406 ταινιοῦται
1249 4354 1363 4408 κατ’
1397 4352 1538 4424 ἔθος,

426 4440 531 4496 Καὶ
561 4445 724 4494 πᾶσιν
752 4439 933 4501 ἀστοῖς
965 4437 1324 4514 προσδέδεκτο
1356 4443 1679 4520 προφρόνως

428 4528 802 4603 Διαγορευθεὶς
838 4527 1094 4603 βασιλεὺς
1124 4527 1473 4606 αὐτοκράτωρ
1510 4552 1520 4563 ·

245 4621 389 4674 4045
423 4617 654 4679 Νεανίας
686 4612 756 4669 ὢν
792 4617 1006 4681 ἀρεϊκὸς
1037 4615 1087 4670 ἐν
1125 4619 1354 4694 μάχαις,

422 4703 748 4775 Κάλλιστος,
779 4701 932 4773 ἡδὺς,
967 4705 1201 4778 εὐμενὴς
1234 4707 1520 4776 ὑπηκόοις,

423 4797 557 4854 Τοῖς
584 4799 745 4847 πᾶσιν
775 4792 1032 4853 ἀσπάσιος
1065 4794 1137 4854 ὡς
1166 4793 1522 4872 μεγαλόφρων
1554 4813 1566 4827 ·

425 4883 568 4955 Ηρὸς
604 4878 648 4935 δ’
673 4879 736 4934 αὖ
769 4883 1063 4958 φρενήρης,
1097 4882 1328 4958 χαρίεις,
1356 4881 1690 4956 πεφιλμένος

421 4973 544 5026 Τῶν
577 4967 893 5041 δημοτικῶν
924 4965 1177 5045 ἐντριϐής
1208 4993 1268 5046 γε
1293 4973 1654 5046 πραγμάτων,

243 5062 388 5116 4050
420 5062 497 5131 Τῇ
527 5061 626 5112 τοῦ
655 5057 949 5132 προσώπου
980 5059 1225 5132 καλλονῇ
1257 5060 1604 5132 κεκασμένος,

420 5146 530 5206 Καὶ
560 5151 690 5202 πᾶσι
720 5144 914 5209 καλοῖς
941 5145 1235 5222 ἐμπρέπων
1261 5145 1544 5213 -θεοδότοις
1574 5151 1706 5223 (53),

418 5233 613 5308 Ῥώμῃ
640 5255 698 5289 τε
724 5237 822 5288 τοῦ
853 5235 1128 5308 σώματος,
1163 5233 1316 5304 εἷ’δει,
1349 5237 1574 5310 συνέσει,

420 5327 624 5399 Ψυχῆς
651 5325 1038 5399 παραστήματι
1063 5322 1453 5402 φιλοκινδόνῳ,

421 5415 672 5478 Ἰθυτενεῖ
697 5412 806 5486 σχή
818 5432 944 5484 ματι
964 5419 1063 5483 τῆς
1095 5412 1339 5486 ἡλικίας,

331 5537 437 5608 (51)
461 5538 603 5596 Cod.
635 5535 843 5608 εὐθέος.

333 5605 435 5682 (52)
463 5609 604 5666 Cod.
636 5605 827 5684 ἔφθην.

1794 350 2158 404 ΟΒΒΑΒΕΘ.

1947 473 1998 536 Α
2031 477 2302 540 praestare
2331 474 2598 546 liberam,
2633 477 2808 548 atque
2832 471 3199 529 Constantini

2034 559 2162 614 urbi
2193 562 2456 618 devotam
2484 581 2690 619 rursus
2723 563 3048 617 restituere.

2029 647 2167 702 Dein
2211 649 2439 706 Sionem
2475 652 2768 722 cogitabat
2800 651 3070 705 accedere

2028 739 2092 788 ut
2121 737 2393 804 pretiosis
2419 756 2659 809 prorsus
2682 744 2737 792 et
2768 737 3019 792 insolitis

2026 823 2240 880 Christi
2271 827 2604 896 sepulcrum
2631 828 2798 882 donis
2830 829 3154 892 exornaret,

2027 918 2383 984 cunctosque
2402 915 2685 970 Barbaros
2717 914 2941 969 accolas
2972 914 3207 967 deleret.

2030 999 2228 1070 Itaque
2259 1017 2567 1075 aggressus
2598 1001 2964 1058 Antiochiam
2997 1001 3200 1056 urbem

2031 1090 2206 1157 hujus
2233 1093 2499 1148 vastabat
2530 1091 2712 1146 milite
2743 1091 3012 1145 viciniam
3045 1108 3058 1145 :

2030 1181 2224 1233 tamen
2257 1196 2391 1234 cum
2419 1185 2618 1234 votum
2642 1180 2751 1234 sibi
2785 1195 2898 1233 non
2933 1180 3243 1234 succedere

2028 1285 2126 1323 rex
2157 1269 2413 1338 prudens
2446 1269 2648 1334 sensit,
2682 1273 2838 1323 moto
2871 1267 3004 1320 hinc
3030 1268 3286 1323 exercitu

2029 1357 2329 1412 transtulit
2344 1373 2472 1412 sese
2491 1357 2732 1411 Cilicum
2763 1357 2822 1410 in
2855 1361 3062 1410 terras.

2028 1445 2112 1499 Ibi
2141 1446 2197 1498 in
2227 1444 2441 1499 silvoso
2469 1449 2876 1516 prazruptoque
2907 1443 3055 1507 loco,

2027 1535 2177 1602 quod
2208 1534 2382 1604 vulgo
2413 1533 2627 1588 dicitur
2658 1532 2967 1587 Corvorum
3001 1531 3339 1602 latibulum,

2026 1622 2217 1678 Caesar
2244 1626 2517 1677 venatum
2549 1623 2620 1676 de
2644 1638 2801 1676 more
2831 1620 3126 1692 profectus

2024 1713 2258 1767 obvium
2283 1710 2489 1766 habuit
2516 1711 2575 1764 in
2609 1712 2845 1765 dumeto
2875 1725 3104 1783 aprum,

1948 1829 1994 1892 B
2027 1814 2199 1870 quem
2230 1798 2400 1853 hasta
2433 1798 2629 1892 statim
2663 1798 2912 1868 perculit
2942 1796 3268 1852 lethalitcr:

2025 1900 2225 1939 verum
2258 1884 2485 1954 objectu
2519 1883 2845 1938 resistentis
2875 1885 3000 1954 apri

2026 1976 2250 2027 armata
2271 1988 2481 2026 manus
2507 1970 2747 2026 Caesaris
2780 1987 3069 2044 repressa,

2022 2064 2290 2130 retroque
2314 2059 2426 2113 cito
2456 2061 2657 2112 cedere
2687 2063 2884 2112 coacta

2020 2148 2336 2204 haerentem
2369 2146 2536 2202 lateri
2565 2146 2753 2219 tetigit
2797 2148 3156 2218 pharetram,

2018 2251 2145 2306 quae
2178 2241 2458 2292 venenata
2485 2235 2544 2290 in
2577 2236 2828 2290 ferarum
2863 2236 3177 2308 perniciem

2027 2323 2140 2378 tela
2164 2326 2436 2395 gestabat
2465 2343 2477 2379 :
2502 2325 2596 2379 his
2628 2329 2861 2391 repente
2892 2324 3113 2390 effusis,

2017 2427 2200 2466 unum
2234 2413 2377 2482 proh
2408 2411 2572 2466 dolor
2599 2413 2609 2466 !
2647 2412 2888 2466 Caesaris
2918 2412 3040 2466 fixit
3072 2428 3347 2480 manum;

2016 2515 2266 2571 moxque
2296 2499 2503 2555 veneni
2533 2499 2618 2553 vis
2648 2498 2961 2554 exitiabilis

2015 2592 2232 2646 sensim
2259 2591 2570 2646 dimanans
2603 2590 2978 2661 membraque
3009 2607 3410 2662 corrumpens,

2015 2693 2208 2748 regem
2237 2678 2499 2733 divinum
2528 2677 2912 2733 victoriosum
2945 2694 3226 2748 magnum

2013 2764 2142 2819 vita;
2174 2765 2437 2820 mortalis
2467 2765 2651 2834 adigit
2683 2765 2750 2818 ad
2784 2766 3128 2820 terminum.

2155 2850 2450 2906 MANUEL
2478 2850 2861 2906 COMNENUS
2894 2852 3006 2908 AN.
3039 2852 3342 2908 XXXVIII.

2012 2939 2338 2994 Manuelem
2372 2939 2624 2994 moriens
2655 2945 2818 3009 pater
2850 2939 3033 2993 edixit
3063 2957 3258 3012 regem

2011 3027 2324 3082 minimum
2365 3032 2504 3082 natu
2537 3028 2720 3083 filium
2750 3033 3095 3099 praesentem
3129 3028 3259 3093 sibi,

2012 3119 2187 3186 atque
2219 3115 2354 3171 huic
2375 3120 2700 3172 Romanum
2735 3117 2977 3172 tradidit
3002 3118 3336 3189 imperium.

1930 3182 1972 3247 C
2011 3212 2170 3262 Tunc
2199 3209 2371 3264 etiam
2399 3214 2645 3264 cunctus
2676 3209 2968 3266 Romanus
3010 3210 3296 3265 exercitus

2009 3312 2144 3351 cum
2175 3297 2426 3352 ducibus
2454 3305 2508 3351 et
2537 3297 2812 3352 ordinum
2845 3299 3285 3354 centurionibus

2009 3386 2204 3455 ipsum
2235 3385 2488 3440 libenter
2517 3385 2795 3441 salutavit
2841 3403 3055 3458 regem.

2009 3472 2152 3527 Dein
2182 3475 2430 3544 perrexit
2457 3475 2539 3528 ire
2570 3473 2906 3545 Byzantium

2007 3561 2236 3617 Manuel
2269 3578 2404 3616 cum
2437 3562 2619 3632 copiis
2650 3563 2971 3634 imperator
3001 3579 3202 3634 novus,

2009 3650 2192 3721 patris
2224 3651 2521 3706 adducens
2553 3668 2696 3707 nave
2727 3653 2992 3707 cadaver.

2007 3739 2270 3809 Cumque
2299 3740 2372 3794 ad
2405 3737 2655 3809 regalem
2675 3743 3032 3810 pervenisset
3061 3742 3288 3812 urbem,

2009 3825 2236 3896 plausu,
2271 3825 2371 3896 qui
2402 3826 2567 3880 decet
2597 3841 2809 3895 regem,
2843 3833 2932 3882 est
2961 3833 3234 3899 exceptus
3271 3849 3285 3896 ;

2007 3915 2326 3985 praemissis
2373 3913 2594 3970 scilicet
2614 3916 2712 3983 qui
2746 3920 2900 3969 recto
2929 3916 3128 3971 ordine

2007 4004 2168 4058 urbis
2197 4005 2524 4072 ingressum
2557 4002 2677 4072 regi
2699 4008 3069 4072 appararent,

2007 4090 2231 4144 Azucho
2261 4106 2472 4159 magno
2496 4090 2553 4144 in
2586 4088 2722 4143 aula
2753 4090 3072 4145 domestico

2004 4181 2061 4232 et
2088 4176 2301 4233 Basilio
2331 4177 2484 4231 dicto
2512 4176 2840 4231 Tzitziluca.

2003 4270 2309 4337 Ingressus
2339 4268 2535 4320 autem
2567 4265 2795 4320 Manuel
2831 4265 3199 4338 metropolim

2003 4371 2037 4408 a
2057 4352 2389 4424 patriarcha
2419 4352 2528 4407 rite
2551 4358 2885 4422 coronatur,

2002 4439 2344 4512 cunctisque
2374 4459 2408 4496 a
2435 4441 2659 4496 civibus
2691 4441 2918 4496 volente
2976 4444 3172 4498 animo

1920 4544 1967 4605 ί)
1998 4545 2097 4585 rex
2125 4527 2416 4585 salutatur
2441 4531 2614 4599 atque
2644 4527 2982 4600 imperator.

1998 4620 2133 4674 Erat
2162 4619 2257 4673 hic
2284 4616 2513 4688 juvenis
2545 4622 2822 4672 strenuus
2852 4618 2914 4673 in
2945 4619 3179 4690 praeliis,

1997 4708 2278 4779 Egregius
2302 4721 2750 4776 usquequaque,
2788 4706 2969 4772 mitis,
3001 4707 3172 4772 lenis,

1997 4799 2222 4853 cunctis
2253 4801 2546 4867 acceptus,
2581 4799 2783 4865 utpote
2833 4799 3266 4868 magnanimus,

1996 4887 2268 4942 cordatus
2290 4885 2549 4955 insuper,
2581 4881 2838 4954 elegans,
2862 4886 3152 4954 amabilis,

1994 4979 2051 5031 et
2079 4975 2438 5048 publicorum
2461 4973 2720 5044 prudens
2750 4976 3139 5046 negotiorum,

1993 5063 2192 5119 vultus
2224 5061 2442 5134 insigni
2471 5068 2772 5117 venuslate
2796 5064 3096 5135 praeditus,

1995 5157 2167 5222 atque
2195 5150 2408 5206 divinis
2435 5149 2603 5205 donis
2633 5150 3107 5224 florentissimus,

1993 5241 2252 5312 corporis
2287 5241 2510 5307 robore,
2537 5239 2740 5306 forma,
2775 5240 3078 5311 sapientia,

1992 5333 2259 5402 prompto
2287 5329 2358 5384 ad
2390 5327 2648 5400 pericula
2677 5329 2984 5385 subeunda
3027 5333 3241 5401 animo,

1990 5425 2225 5477 artuum
2246 5435 2482 5492 procero
2517 5435 2620 5489 pro
2651 5422 2817 5474 atate
2849 5419 3074 5492 habitu,

2060 5547 2172 5617 (53)
2205 5546 2341 5601 Cod.
2374 5539 2699 5612 θεοσδότοις,
2731 5548 2799 5599 ut
2820 5561 2871 5600 ν.
2916 5546 3074 5600 3721.

3569 344 3669 399 158
