  <div class='ocr_page' id='page_1' title='image "/cluster/home/n/w/nwhite01/storage/ocr_20150623/143/mdp.39015078384784/087.png"; bbox 0 0 4132 6300; ppageno 0'>
   <div class='ocr_carea' id='block_1_1' title="bbox 527 342 2704 404">
    <p class='ocr_par' dir='ltr' id='par_1_1' title="bbox 527 342 2704 404">
     <span class='ocr_line' id='line_1_1' title="bbox 527 342 2704 404; baseline 0.004 -10"><span class='ocrx_word' id='word_1_1' title='bbox 527 342 629 395; x_wconf 86' lang='grc'>159</span> <span class='ocrx_word' id='word_1_2' title='bbox 1736 354 1868 404; x_wconf 77' lang='lat' dir='ltr'>EPH</span> <span class='ocrx_word' id='word_1_3' title='bbox 1879 351 2096 403; x_wconf 72' lang='lat' dir='ltr'>REMH</span> <span class='ocrx_word' id='word_1_4' title='bbox 2145 348 2580 404; x_wconf 79' lang='lat' dir='ltr'>CHRONOGRA</span> <span class='ocrx_word' id='word_1_5' title='bbox 2594 354 2704 403; x_wconf 77' lang='grc' dir='ltr'>Ι)Πί</span> 
     </span>
    </p>
   </div>
   <div class='ocr_carea' id='block_1_2' title="bbox 526 465 1587 541">
    <p class='ocr_par' dir='ltr' id='par_1_2' title="bbox 526 465 1587 541">
     <span class='ocr_line' id='line_1_2' title="bbox 526 465 1587 541; baseline 0.008 -22"><span class='ocrx_word' id='word_1_6' title='bbox 526 465 715 534; x_wconf 60' lang='lat' dir='ltr'>laetus,</span> <span class='ocrx_word' id='word_1_7' title='bbox 741 471 1066 541; x_wconf 79' lang='lat' dir='ltr'>jucundus,</span> <span class='ocrx_word' id='word_1_8' title='bbox 1093 473 1366 528; x_wconf 78' lang='lat' dir='ltr'>comitate</span> <span class='ocrx_word' id='word_1_9' title='bbox 1398 473 1587 528; x_wconf 89' lang='lat' dir='ltr'>obvia.</span> 
     </span>
    </p>
   </div>
   <div class='ocr_carea' id='block_1_3' title="bbox 527 559 1681 629">
    <p class='ocr_par' dir='ltr' id='par_1_3' title="bbox 527 559 1681 629">
     <span class='ocr_line' id='line_1_3' title="bbox 527 559 1681 629; baseline 0.008 -20"><span class='ocrx_word' id='word_1_10' title='bbox 527 571 724 612; x_wconf 87' lang='lat' dir='ltr'>verum</span> <span class='ocrx_word' id='word_1_11' title='bbox 754 559 1033 628; x_wconf 82' lang='lat' dir='ltr'>patientia</span> <span class='ocrx_word' id='word_1_12' title='bbox 1055 563 1309 617; x_wconf 79' lang='lat' dir='ltr'>maxime</span> <span class='ocrx_word' id='word_1_13' title='bbox 1343 563 1681 629; x_wconf 77' lang='lat' dir='ltr'>excellebat,</span> 
     </span>
    </p>
   </div>
   <div class='ocr_carea' id='block_1_4' title="bbox 524 643 1654 724">
    <p class='ocr_par' dir='ltr' id='par_1_4' title="bbox 524 643 1654 724">
     <span class='ocr_line' id='line_1_4' title="bbox 524 643 1654 724; baseline 0.009 -27"><span class='ocrx_word' id='word_1_14' title='bbox 524 647 582 698; x_wconf 87' lang='lat' dir='ltr'>et</span> <span class='ocrx_word' id='word_1_15' title='bbox 612 643 727 699; x_wconf 90' lang='lat' dir='ltr'>leni</span> <span class='ocrx_word' id='word_1_16' title='bbox 759 647 954 703; x_wconf 89' lang='lat' dir='ltr'>animo</span> <span class='ocrx_word' id='word_1_17' title='bbox 977 666 1091 720; x_wconf 64' lang='lat' dir='ltr'>prie</span> <span class='ocrx_word' id='word_1_18' title='bbox 1125 651 1348 706; x_wconf 63' lang='lat' dir='ltr'>caeteris</span> <span class='ocrx_word' id='word_1_19' title='bbox 1380 652 1654 724; x_wconf 82' lang='lat' dir='ltr'>regibus;</span> 
     </span>
    </p>
   </div>
   <div class='ocr_carea' id='block_1_5' title="bbox 527 731 1512 810">
    <p class='ocr_par' dir='ltr' id='par_1_5' title="bbox 527 731 1512 810">
     <span class='ocr_line' id='line_1_5' title="bbox 527 731 1512 810; baseline 0.011 -26"><span class='ocrx_word' id='word_1_20' title='bbox 527 731 700 787; x_wconf 82' lang='lat' dir='ltr'>heros</span> <span class='ocrx_word' id='word_1_21' title='bbox 731 736 1050 792; x_wconf 88' lang='lat' dir='ltr'>Herculeus</span> <span class='ocrx_word' id='word_1_22' title='bbox 1075 739 1512 810; x_wconf 83' lang='lat' dir='ltr'>insuperabilis,</span> 
     </span>
    </p>
   </div>
   <div class='ocr_carea' id='block_1_6' title="bbox 527 823 1500 898">
    <p class='ocr_par' dir='ltr' id='par_1_6' title="bbox 527 823 1500 898">
     <span class='ocr_line' id='line_1_6' title="bbox 527 823 1500 898; baseline 0.01 -23"><span class='ocrx_word' id='word_1_23' title='bbox 527 823 733 893; x_wconf 82' lang='lat' dir='ltr'>suique</span> <span class='ocrx_word' id='word_1_24' title='bbox 760 826 922 897; x_wconf 88' lang='lat' dir='ltr'>regni</span> <span class='ocrx_word' id='word_1_25' title='bbox 954 827 1182 884; x_wconf 90' lang='lat' dir='ltr'>validus</span> <span class='ocrx_word' id='word_1_26' title='bbox 1214 830 1500 898; x_wconf 81' lang='lat' dir='ltr'>defensor,</span> 
     </span>
    </p>
   </div>
   <div class='ocr_carea' id='block_1_7' title="bbox 528 915 1577 990">
    <p class='ocr_par' dir='ltr' id='par_1_7' title="bbox 528 915 1577 990">
     <span class='ocr_line' id='line_1_7' title="bbox 528 915 1577 990; baseline 0.01 -25"><span class='ocrx_word' id='word_1_27' title='bbox 528 918 726 982; x_wconf 81' lang='lat' dir='ltr'>pastor</span> <span class='ocrx_word' id='word_1_28' title='bbox 758 915 965 987; x_wconf 77' lang='lat' dir='ltr'>bonus,</span> <span class='ocrx_word' id='word_1_29' title='bbox 996 918 1131 990; x_wconf 84' lang='lat' dir='ltr'>vigil</span> <span class='ocrx_word' id='word_1_30' title='bbox 1165 920 1333 975; x_wconf 91' lang='lat' dir='ltr'>ovilis</span> <span class='ocrx_word' id='word_1_31' title='bbox 1359 925 1577 987; x_wconf 89' lang='lat' dir='ltr'>custos,</span> 
     </span>
    </p>
   </div>
   <div class='ocr_carea' id='block_1_8' title="bbox 526 1000 1655 1081">
    <p class='ocr_par' dir='ltr' id='par_1_8' title="bbox 526 1000 1655 1081">
     <span class='ocr_line' id='line_1_8' title="bbox 526 1000 1655 1081; baseline 0.008 -26"><span class='ocrx_word' id='word_1_32' title='bbox 526 1000 800 1072; x_wconf 88' lang='lat' dir='ltr'>luporum</span> <span class='ocrx_word' id='word_1_33' title='bbox 832 1006 1051 1062; x_wconf 88' lang='lat' dir='ltr'>rabiem</span> <span class='ocrx_word' id='word_1_34' title='bbox 1082 1025 1114 1062; x_wconf 88' lang='lat' dir='ltr'>a</span> <span class='ocrx_word' id='word_1_35' title='bbox 1135 1024 1307 1081; x_wconf 83' lang='lat' dir='ltr'>grege</span> <span class='ocrx_word' id='word_1_36' title='bbox 1337 1009 1655 1080; x_wconf 90' lang='lat' dir='ltr'>depellens,</span> 
     </span>
    </p>
   </div>
   <div class='ocr_carea' id='block_1_9' title="bbox 528 1093 1700 1170">
    <p class='ocr_par' dir='ltr' id='par_1_9' title="bbox 528 1093 1700 1170">
     <span class='ocr_line' id='line_1_9' title="bbox 528 1093 1700 1170; baseline 0.006 -26"><span class='ocrx_word' id='word_1_37' title='bbox 528 1095 700 1162; x_wconf 88' lang='lat' dir='ltr'>atque</span> <span class='ocrx_word' id='word_1_38' title='bbox 721 1093 856 1150; x_wconf 89' lang='lat' dir='ltr'>huic</span> <span class='ocrx_word' id='word_1_39' title='bbox 885 1095 1068 1152; x_wconf 89' lang='lat' dir='ltr'>libera</span> <span class='ocrx_word' id='word_1_40' title='bbox 1096 1115 1312 1168; x_wconf 89' lang='lat' dir='ltr'>pascua</span> <span class='ocrx_word' id='word_1_41' title='bbox 1345 1114 1662 1170; x_wconf 84' lang='lat' dir='ltr'>procurans</span> <span class='ocrx_word' id='word_1_42' title='bbox 1688 1116 1700 1151; x_wconf 91' lang='lat'>:</span> 
     </span>
    </p>
   </div>
   <div class='ocr_carea' id='block_1_10' title="bbox 527 1182 1594 1256">
    <p class='ocr_par' dir='ltr' id='par_1_10' title="bbox 527 1182 1594 1256">
     <span class='ocr_line' id='line_1_10' title="bbox 527 1182 1594 1256; baseline 0.006 -21"><span class='ocrx_word' id='word_1_43' title='bbox 527 1182 710 1236; x_wconf 89' lang='lat' dir='ltr'>comis</span> <span class='ocrx_word' id='word_1_44' title='bbox 743 1189 1034 1256; x_wconf 87' lang='lat' dir='ltr'>regnator,</span> <span class='ocrx_word' id='word_1_45' title='bbox 1067 1186 1296 1243; x_wconf 83' lang='lat' dir='ltr'>validus</span> <span class='ocrx_word' id='word_1_46' title='bbox 1328 1188 1594 1252; x_wconf 77' lang='lat' dir='ltr'>bellator,</span> 
     </span>
    </p>
   </div>
   <div class='ocr_carea' id='block_1_11' title="bbox 525 1272 1638 1346">
    <p class='ocr_par' dir='ltr' id='par_1_11' title="bbox 525 1272 1638 1346">
     <span class='ocr_line' id='line_1_11' title="bbox 525 1272 1638 1346; baseline 0.006 -21"><span class='ocrx_word' id='word_1_47' title='bbox 525 1272 689 1342; x_wconf 81' lang='lat' dir='ltr'>Ajax,</span> <span class='ocrx_word' id='word_1_48' title='bbox 721 1273 994 1344; x_wconf 85' lang='lat' dir='ltr'>Achilles,</span> <span class='ocrx_word' id='word_1_49' title='bbox 1029 1277 1237 1332; x_wconf 89' lang='lat' dir='ltr'>Nestor</span> <span class='ocrx_word' id='word_1_50' title='bbox 1265 1277 1638 1346; x_wconf 87' lang='lat' dir='ltr'>consiliosus,</span> 
     </span>
    </p>
   </div>
   <div class='ocr_carea' id='block_1_12' title="bbox 525 1359 1511 1432">
    <p class='ocr_par' dir='ltr' id='par_1_12' title="bbox 525 1359 1511 1432">
     <span class='ocr_line' id='line_1_12' title="bbox 525 1359 1511 1432; baseline 0.004 -20"><span class='ocrx_word' id='word_1_51' title='bbox 525 1373 700 1428; x_wconf 87' lang='lat' dir='ltr'>eques</span> <span class='ocrx_word' id='word_1_52' title='bbox 720 1359 805 1413; x_wconf 90' lang='lat' dir='ltr'>vel</span> <span class='ocrx_word' id='word_1_53' title='bbox 841 1360 966 1431; x_wconf 91' lang='lat' dir='ltr'>ipso</span> <span class='ocrx_word' id='word_1_54' title='bbox 1001 1362 1224 1417; x_wconf 85' lang='lat' dir='ltr'>Priamo</span> <span class='ocrx_word' id='word_1_55' title='bbox 1253 1363 1511 1432; x_wconf 86' lang='lat' dir='ltr'>peritior,</span> 
     </span>
    </p>
   </div>
   <div class='ocr_carea' id='block_1_13' title="bbox 528 1447 1694 1522">
    <p class='ocr_par' dir='ltr' id='par_1_13' title="bbox 528 1447 1694 1522">
     <span class='ocr_line' id='line_1_13' title="bbox 528 1447 1694 1522; baseline 0.007 -23"><span class='ocrx_word' id='word_1_56' title='bbox 528 1450 740 1501; x_wconf 84' lang='lat' dir='ltr'>Hector</span> <span class='ocrx_word' id='word_1_57' title='bbox 761 1447 1078 1518; x_wconf 83' lang='lat' dir='ltr'>phalangas</span> <span class='ocrx_word' id='word_1_58' title='bbox 1109 1455 1374 1505; x_wconf 87' lang='lat' dir='ltr'>sternens</span> <span class='ocrx_word' id='word_1_59' title='bbox 1399 1451 1694 1522; x_wconf 89' lang='lat' dir='ltr'>adversas,</span> 
     </span>
    </p>
   </div>
   <div class='ocr_carea' id='block_1_14' title="bbox 487 1537 1605 1614">
    <p class='ocr_par' dir='ltr' id='par_1_14' title="bbox 487 1537 1605 1614">
     <span class='ocr_line' id='line_1_14' title="bbox 487 1537 1605 1614; baseline 0.008 -26"><span class='ocrx_word' id='word_1_60' title='bbox 487 1567 490 1571; x_wconf 96' lang='lat'><strong><em>-</em></strong></span> <span class='ocrx_word' id='word_1_61' title='bbox 532 1537 793 1592; x_wconf 90' lang='lat' dir='ltr'>moribus</span> <span class='ocrx_word' id='word_1_62' title='bbox 819 1539 1120 1608; x_wconf 86' lang='lat' dir='ltr'>jucundis,</span> <span class='ocrx_word' id='word_1_63' title='bbox 1156 1546 1322 1596; x_wconf 90' lang='lat' dir='ltr'>acuto</span> <span class='ocrx_word' id='word_1_64' title='bbox 1350 1543 1605 1614; x_wconf 90' lang='lat' dir='ltr'>ingenio,</span> 
     </span>
    </p>
   </div>
   <div class='ocr_carea' id='block_1_15' title="bbox 529 1623 1797 1698">
    <p class='ocr_par' dir='ltr' id='par_1_15' title="bbox 529 1623 1797 1698">
     <span class='ocr_line' id='line_1_15' title="bbox 529 1623 1797 1698; baseline 0.006 -21"><span class='ocrx_word' id='word_1_65' title='bbox 529 1623 800 1680; x_wconf 87' lang='lat' dir='ltr'>hostibus</span> <span class='ocrx_word' id='word_1_66' title='bbox 840 1627 1268 1698; x_wconf 85' lang='lat' dir='ltr'>formidandus,</span> <span class='ocrx_word' id='word_1_67' title='bbox 1302 1630 1490 1685; x_wconf 90' lang='lat' dir='ltr'>bonus</span> <span class='ocrx_word' id='word_1_68' title='bbox 1522 1628 1797 1695; x_wconf 86' lang='lat' dir='ltr'>subditis,</span> 
     </span>
    </p>
   </div>
   <div class='ocr_carea' id='block_1_16' title="bbox 529 1711 1755 1788">
    <p class='ocr_par' dir='ltr' id='par_1_16' title="bbox 529 1711 1755 1788">
     <span class='ocr_line' id='line_1_16' title="bbox 529 1711 1755 1788; baseline 0.006 -21"><span class='ocrx_word' id='word_1_69' title='bbox 529 1711 748 1784; x_wconf 90' lang='lat' dir='ltr'>hilaris,</span> <span class='ocrx_word' id='word_1_70' title='bbox 781 1731 1018 1771; x_wconf 90' lang='lat' dir='ltr'>accessu</span> <span class='ocrx_word' id='word_1_71' title='bbox 1041 1717 1248 1786; x_wconf 79' lang='lat' dir='ltr'>facilis,</span> <span class='ocrx_word' id='word_1_72' title='bbox 1271 1718 1755 1788; x_wconf 83' lang='lat' dir='ltr'>gratiosissimus,</span> 
     </span>
    </p>
   </div>
   <div class='ocr_carea' id='block_1_17' title="bbox 528 1800 1593 1877">
    <p class='ocr_par' dir='ltr' id='par_1_17' title="bbox 528 1800 1593 1877">
     <span class='ocr_line' id='line_1_17' title="bbox 528 1800 1593 1877; baseline 0.006 -23"><span class='ocrx_word' id='word_1_73' title='bbox 528 1800 688 1856; x_wconf 88' lang='lat' dir='ltr'>mille</span> <span class='ocrx_word' id='word_1_74' title='bbox 721 1803 918 1858; x_wconf 84' lang='lat' dir='ltr'>relatis</span> <span class='ocrx_word' id='word_1_75' title='bbox 949 1820 1047 1859; x_wconf 90' lang='lat' dir='ltr'>rex</span> <span class='ocrx_word' id='word_1_76' title='bbox 1075 1804 1328 1874; x_wconf 88' lang='lat' dir='ltr'>inclytus</span> <span class='ocrx_word' id='word_1_77' title='bbox 1362 1805 1593 1877; x_wconf 87' lang='lat' dir='ltr'>palmis,</span> 
     </span>
    </p>
   </div>
   <div class='ocr_carea' id='block_1_18' title="bbox 528 1891 1700 1961">
    <p class='ocr_par' dir='ltr' id='par_1_18' title="bbox 528 1891 1700 1961">
     <span class='ocr_line' id='line_1_18' title="bbox 528 1891 1700 1961; baseline 0.003 -17"><span class='ocrx_word' id='word_1_78' title='bbox 528 1893 585 1945; x_wconf 88' lang='lat' dir='ltr'>et</span> <span class='ocrx_word' id='word_1_79' title='bbox 615 1891 791 1945; x_wconf 90' lang='lat' dir='ltr'>simul</span> <span class='ocrx_word' id='word_1_80' title='bbox 834 1894 1026 1948; x_wconf 89' lang='lat' dir='ltr'>omnis</span> <span class='ocrx_word' id='word_1_81' title='bbox 1073 1894 1418 1950; x_wconf 88' lang='lat' dir='ltr'>eruditionis</span> <span class='ocrx_word' id='word_1_82' title='bbox 1477 1911 1700 1961; x_wconf 79' lang='lat' dir='ltr'>amans,</span> 
     </span>
    </p>
   </div>
   <div class='ocr_carea' id='block_1_19' title="bbox 527 1977 1594 2053">
    <p class='ocr_par' dir='ltr' id='par_1_19' title="bbox 527 1977 1594 2053">
     <span class='ocr_line' id='line_1_19' title="bbox 527 1977 1594 2053; baseline 0.004 -21"><span class='ocrx_word' id='word_1_83' title='bbox 527 1977 768 2033; x_wconf 84' lang='lat' dir='ltr'>Mavorti</span> <span class='ocrx_word' id='word_1_84' title='bbox 807 1997 912 2050; x_wconf 88' lang='lat' dir='ltr'>par</span> <span class='ocrx_word' id='word_1_85' title='bbox 942 1982 1244 2038; x_wconf 88' lang='lat' dir='ltr'>decertans</span> <span class='ocrx_word' id='word_1_86' title='bbox 1276 1984 1331 2036; x_wconf 92' lang='lat' dir='ltr'>in</span> <span class='ocrx_word' id='word_1_87' title='bbox 1360 1981 1594 2053; x_wconf 80' lang='lat' dir='ltr'>praeliis,</span> 
     </span>
    </p>
   </div>
   <div class='ocr_carea' id='block_1_20' title="bbox 530 2067 1577 2143">
    <p class='ocr_par' dir='ltr' id='par_1_20' title="bbox 530 2067 1577 2143">
     <span class='ocr_line' id='line_1_20' title="bbox 530 2067 1577 2143; baseline 0.004 -21"><span class='ocrx_word' id='word_1_88' title='bbox 530 2067 720 2124; x_wconf 87' lang='lat' dir='ltr'>alacer</span> <span class='ocrx_word' id='word_1_89' title='bbox 750 2071 817 2124; x_wconf 90' lang='lat' dir='ltr'>ad</span> <span class='ocrx_word' id='word_1_90' title='bbox 842 2087 1069 2143; x_wconf 85' lang='lat' dir='ltr'>pugnas</span> <span class='ocrx_word' id='word_1_91' title='bbox 1100 2077 1276 2143; x_wconf 91' lang='lat' dir='ltr'>atque</span> <span class='ocrx_word' id='word_1_92' title='bbox 1303 2071 1577 2143; x_wconf 85' lang='lat' dir='ltr'>pericula,</span> 
     </span>
    </p>
   </div>
   <div class='ocr_carea' id='block_1_21' title="bbox 529 2157 2001 2231">
    <p class='ocr_par' dir='ltr' id='par_1_21' title="bbox 529 2157 2001 2231">
     <span class='ocr_line' id='line_1_21' title="bbox 529 2157 2001 2231; baseline 0.001 -19"><span class='ocrx_word' id='word_1_93' title='bbox 529 2171 762 2228; x_wconf 89' lang='lat' dir='ltr'>semper</span> <span class='ocrx_word' id='word_1_94' title='bbox 782 2157 1130 2230; x_wconf 89' lang='lat' dir='ltr'>belligerans</span> <span class='ocrx_word' id='word_1_95' title='bbox 1161 2160 1446 2231; x_wconf 87' lang='lat' dir='ltr'>hastaque</span> <span class='ocrx_word' id='word_1_96' title='bbox 1477 2160 1677 2215; x_wconf 86' lang='lat' dir='ltr'>hostes</span> <span class='ocrx_word' id='word_1_97' title='bbox 1709 2174 2001 2230; x_wconf 88' lang='lat' dir='ltr'>premens,</span> 
     </span>
    </p>
   </div>
   <div class='ocr_carea' id='block_1_22' title="bbox 535 2245 1646 2316">
    <p class='ocr_par' dir='ltr' id='par_1_22' title="bbox 535 2245 1646 2316">
     <span class='ocr_line' id='line_1_22' title="bbox 535 2245 1646 2316; baseline 0.004 -18"><span class='ocrx_word' id='word_1_98' title='bbox 535 2261 716 2316; x_wconf 90' lang='lat' dir='ltr'>seque</span> <span class='ocrx_word' id='word_1_99' title='bbox 745 2245 1084 2302; x_wconf 87' lang='lat' dir='ltr'>victricibus</span> <span class='ocrx_word' id='word_1_100' title='bbox 1102 2247 1318 2303; x_wconf 84' lang='lat' dir='ltr'>laureis</span> <span class='ocrx_word' id='word_1_101' title='bbox 1341 2265 1646 2302; x_wconf 86' lang='lat' dir='ltr'>exornans.</span> 
     </span>
    </p>
   </div>
   <div class='ocr_carea' id='block_1_23' title="bbox 523 2333 1811 2404">
    <p class='ocr_par' dir='ltr' id='par_1_23' title="bbox 523 2333 1811 2404">
     <span class='ocr_line' id='line_1_23' title="bbox 523 2333 1811 2404; baseline 0.003 -16"><span class='ocrx_word' id='word_1_102' title='bbox 523 2333 626 2389; x_wconf 90' lang='lat' dir='ltr'>Hic</span> <span class='ocrx_word' id='word_1_103' title='bbox 652 2334 800 2391; x_wconf 90' lang='lat' dir='ltr'>bello</span> <span class='ocrx_word' id='word_1_104' title='bbox 824 2341 978 2391; x_wconf 88' lang='lat' dir='ltr'>moto</span> <span class='ocrx_word' id='word_1_105' title='bbox 1009 2341 1212 2392; x_wconf 86' lang='lat' dir='ltr'>contra</span> <span class='ocrx_word' id='word_1_106' title='bbox 1237 2338 1456 2391; x_wconf 89' lang='lat' dir='ltr'>Turcas</span> <span class='ocrx_word' id='word_1_107' title='bbox 1502 2337 1811 2404; x_wconf 85' lang='lat' dir='ltr'>Barbaros,</span> 
     </span>
    </p>
   </div>
   <div class='ocr_carea' id='block_1_24' title="bbox 527 2422 1665 2496">
    <p class='ocr_par' dir='ltr' id='par_1_24' title="bbox 527 2422 1665 2496">
     <span class='ocr_line' id='line_1_24' title="bbox 527 2422 1665 2496; baseline 0.001 -18"><span class='ocrx_word' id='word_1_108' title='bbox 527 2423 650 2478; x_wconf 92' lang='lat' dir='ltr'>eois</span> <span class='ocrx_word' id='word_1_109' title='bbox 681 2422 823 2479; x_wconf 91' lang='lat' dir='ltr'>locis</span> <span class='ocrx_word' id='word_1_110' title='bbox 847 2425 1060 2496; x_wconf 89' lang='lat' dir='ltr'>quibus</span> <span class='ocrx_word' id='word_1_111' title='bbox 1084 2441 1330 2480; x_wconf 87' lang='lat' dir='ltr'>nomcen</span> <span class='ocrx_word' id='word_1_112' title='bbox 1354 2425 1665 2495; x_wconf 77' lang='lat' dir='ltr'>melangia,</span> 
     </span>
    </p>
   </div>
   <div class='ocr_carea' id='block_1_25' title="bbox 525 2512 1735 2588">
    <p class='ocr_par' dir='ltr' id='par_1_25' title="bbox 525 2512 1735 2588">
     <span class='ocr_line' id='line_1_25' title="bbox 525 2512 1735 2588; baseline 0.002 -20"><span class='ocrx_word' id='word_1_113' title='bbox 525 2512 1107 2570; x_wconf 83' lang='lat' dir='ltr'>hostiumincursum</span> <span class='ocrx_word' id='word_1_114' title='bbox 1139 2515 1318 2572; x_wconf 89' lang='lat' dir='ltr'>armis</span> <span class='ocrx_word' id='word_1_115' title='bbox 1351 2515 1691 2588; x_wconf 87' lang='lat' dir='ltr'>conpescuit</span> <span class='ocrx_word' id='word_1_116' title='bbox 1722 2531 1735 2582; x_wconf 87' lang='lat'><strong>;</strong></span> 
     </span>
    </p>
   </div>
   <div class='ocr_carea' id='block_1_26' title="bbox 526 2602 1506 2675">
    <p class='ocr_par' dir='ltr' id='par_1_26' title="bbox 526 2602 1506 2675">
     <span class='ocr_line' id='line_1_26' title="bbox 526 2602 1506 2675; baseline 0.001 -19"><span class='ocrx_word' id='word_1_117' title='bbox 526 2602 918 2675; x_wconf 85' lang='lat' dir='ltr'>impositoquo</span> <span class='ocrx_word' id='word_1_118' title='bbox 948 2604 1194 2660; x_wconf 91' lang='lat' dir='ltr'>urbibus</span> <span class='ocrx_word' id='word_1_119' title='bbox 1218 2605 1506 2675; x_wconf 68' lang='lat' dir='ltr'>praesidio,</span> 
     </span>
    </p>
   </div>
   <div class='ocr_carea' id='block_1_27' title="bbox 526 2686 1806 2765">
    <p class='ocr_par' dir='ltr' id='par_1_27' title="bbox 526 2686 1806 2765">
     <span class='ocr_line' id='line_1_27' title="bbox 526 2686 1806 2765; baseline 0.002 -20"><span class='ocrx_word' id='word_1_120' title='bbox 526 2692 745 2763; x_wconf 87' lang='lat' dir='ltr'>regiam</span> <span class='ocrx_word' id='word_1_121' title='bbox 771 2692 841 2748; x_wconf 88' lang='lat' dir='ltr'>ad</span> <span class='ocrx_word' id='word_1_122' title='bbox 877 2695 1244 2764; x_wconf 89' lang='lat' dir='ltr'>metropolim</span> <span class='ocrx_word' id='word_1_123' title='bbox 1271 2695 1449 2749; x_wconf 80' lang='lat' dir='ltr'>redux</span> <span class='ocrx_word' id='word_1_124' title='bbox 1479 2712 1540 2750; x_wconf 89' lang='lat' dir='ltr'>se</span> <span class='ocrx_word' id='word_1_125' title='bbox 1559 2686 1806 2765; x_wconf 59' lang='lat' dir='ltr'>&#39;recepit.</span> 
     </span>
    </p>
   </div>
   <div class='ocr_carea' id='block_1_28' title="bbox 526 2778 1727 2852">
    <p class='ocr_par' dir='ltr' id='par_1_28' title="bbox 526 2778 1727 2852">
     <span class='ocr_line' id='line_1_28' title="bbox 526 2778 1727 2852; baseline 0 -18"><span class='ocrx_word' id='word_1_126' title='bbox 526 2778 745 2834; x_wconf 88' lang='lat' dir='ltr'>Deinde</span> <span class='ocrx_word' id='word_1_127' title='bbox 776 2780 979 2836; x_wconf 88' lang='lat' dir='ltr'>Persas</span> <span class='ocrx_word' id='word_1_128' title='bbox 1013 2783 1448 2852; x_wconf 84' lang='lat' dir='ltr'>persequendos</span> <span class='ocrx_word' id='word_1_129' title='bbox 1480 2781 1727 2845; x_wconf 87' lang='lat' dir='ltr'>censuit,</span> 
     </span>
    </p>
   </div>
   <div class='ocr_carea' id='block_1_29' title="bbox 529 2867 1731 2940">
    <p class='ocr_par' dir='ltr' id='par_1_29' title="bbox 529 2867 1731 2940">
     <span class='ocr_line' id='line_1_29' title="bbox 529 2867 1731 2940; baseline 0.002 -20"><span class='ocrx_word' id='word_1_130' title='bbox 529 2867 629 2936; x_wconf 91' lang='lat' dir='ltr'>qui</span> <span class='ocrx_word' id='word_1_131' title='bbox 655 2868 723 2921; x_wconf 90' lang='lat' dir='ltr'>ad</span> <span class='ocrx_word' id='word_1_132' title='bbox 755 2867 1049 2925; x_wconf 88' lang='lat' dir='ltr'>Pithecam</span> <span class='ocrx_word' id='word_1_133' title='bbox 1082 2870 1298 2940; x_wconf 90' lang='lat' dir='ltr'>oppida</span> <span class='ocrx_word' id='word_1_134' title='bbox 1329 2869 1731 2934; x_wconf 86' lang='lat' dir='ltr'>incursabant,</span> 
     </span>
    </p>
   </div>
   <div class='ocr_carea' id='block_1_30' title="bbox 525 2955 1639 3029">
    <p class='ocr_par' dir='ltr' id='par_1_30' title="bbox 525 2955 1639 3029">
     <span class='ocr_line' id='line_1_30' title="bbox 525 2955 1639 3029; baseline 0 -20"><span class='ocrx_word' id='word_1_135' title='bbox 525 2955 837 3026; x_wconf 86' lang='lat' dir='ltr'>themaque</span> <span class='ocrx_word' id='word_1_136' title='bbox 863 2957 1232 3013; x_wconf 88' lang='lat' dir='ltr'>Thracesium</span> <span class='ocrx_word' id='word_1_137' title='bbox 1266 2958 1639 3029; x_wconf 88' lang='lat' dir='ltr'>diripiebant.</span> 
     </span>
    </p>
   </div>
   <div class='ocr_carea' id='block_1_31' title="bbox 527 3043 1922 3118">
    <p class='ocr_par' dir='ltr' id='par_1_31' title="bbox 527 3043 1922 3118">
     <span class='ocr_line' id='line_1_31' title="bbox 527 3043 1922 3118; baseline 0.001 -22"><span class='ocrx_word' id='word_1_138' title='bbox 527 3043 674 3115; x_wconf 86' lang='lat' dir='ltr'>Ergo</span> <span class='ocrx_word' id='word_1_139' title='bbox 705 3047 1078 3116; x_wconf 87' lang='lat' dir='ltr'>trangressus</span> <span class='ocrx_word' id='word_1_140' title='bbox 1108 3046 1344 3117; x_wconf 77' lang='lat' dir='ltr'>Lydiam</span> <span class='ocrx_word' id='word_1_141' title='bbox 1377 3050 1550 3118; x_wconf 82' lang='lat' dir='ltr'>atque</span> <span class='ocrx_word' id='word_1_142' title='bbox 1591 3044 1922 3116; x_wconf 85' lang='lat' dir='ltr'>Phrygiam,</span> 
     </span>
    </p>
   </div>
   <div class='ocr_carea' id='block_1_32' title="bbox 527 3133 1656 3204">
    <p class='ocr_par' dir='ltr' id='par_1_32' title="bbox 527 3133 1656 3204">
     <span class='ocr_line' id='line_1_32' title="bbox 527 3133 1656 3204; baseline 0.001 -17"><span class='ocrx_word' id='word_1_143' title='bbox 527 3133 779 3189; x_wconf 88' lang='lat' dir='ltr'>castellis</span> <span class='ocrx_word' id='word_1_144' title='bbox 809 3134 998 3190; x_wconf 88' lang='lat' dir='ltr'>adfuit</span> <span class='ocrx_word' id='word_1_145' title='bbox 1017 3135 1206 3190; x_wconf 66' lang='lat' dir='ltr'>Caesar</span> <span class='ocrx_word' id='word_1_146' title='bbox 1234 3134 1656 3204; x_wconf 88' lang='lat' dir='ltr'>laborantibus,</span> 
     </span>
    </p>
   </div>
   <div class='ocr_carea' id='block_1_33' title="bbox 521 3222 1688 3293">
    <p class='ocr_par' dir='ltr' id='par_1_33' title="bbox 521 3222 1688 3293">
     <span class='ocr_line' id='line_1_33' title="bbox 521 3222 1688 3293; baseline -0.001 -17"><span class='ocrx_word' id='word_1_147' title='bbox 521 3225 696 3293; x_wconf 91' lang='lat' dir='ltr'>atque</span> <span class='ocrx_word' id='word_1_148' title='bbox 725 3222 816 3277; x_wconf 90' lang='lat' dir='ltr'>his</span> <span class='ocrx_word' id='word_1_149' title='bbox 848 3223 1084 3277; x_wconf 85' lang='lat' dir='ltr'>ﬁrmum</span> <span class='ocrx_word' id='word_1_150' title='bbox 1107 3222 1305 3278; x_wconf 85' lang='lat' dir='ltr'>attulit</span> <span class='ocrx_word' id='word_1_151' title='bbox 1335 3222 1688 3288; x_wconf 82' lang='lat' dir='ltr'>subsidium,</span> 
     </span>
    </p>
   </div>
   <div class='ocr_carea' id='block_1_34' title="bbox 525 3311 1769 3384">
    <p class='ocr_par' dir='ltr' id='par_1_34' title="bbox 525 3311 1769 3384">
     <span class='ocr_line' id='line_1_34' title="bbox 525 3311 1769 3384; baseline 0 -19"><span class='ocrx_word' id='word_1_152' title='bbox 525 3311 934 3383; x_wconf 88' lang='lat' dir='ltr'>submovitque</span> <span class='ocrx_word' id='word_1_153' title='bbox 964 3318 1166 3368; x_wconf 88' lang='lat' dir='ltr'>Persas</span> <span class='ocrx_word' id='word_1_154' title='bbox 1199 3329 1372 3384; x_wconf 88' lang='lat' dir='ltr'>quam</span> <span class='ocrx_word' id='word_1_155' title='bbox 1405 3312 1769 3384; x_wconf 85' lang='lat' dir='ltr'>longissime.</span> 
     </span>
    </p>
   </div>
   <div class='ocr_carea' id='block_1_35' title="bbox 523 3400 1685 3476">
    <p class='ocr_par' dir='ltr' id='par_1_35' title="bbox 523 3400 1685 3476">
     <span class='ocr_line' id='line_1_35' title="bbox 523 3400 1685 3476; baseline -0.001 -20"><span class='ocrx_word' id='word_1_156' title='bbox 523 3400 610 3456; x_wconf 84' lang='lat' dir='ltr'>Ad</span> <span class='ocrx_word' id='word_1_157' title='bbox 645 3402 1058 3459; x_wconf 87' lang='lat' dir='ltr'>Philomelium</span> <span class='ocrx_word' id='word_1_158' title='bbox 1086 3409 1288 3476; x_wconf 90' lang='lat' dir='ltr'>postea</span> <span class='ocrx_word' id='word_1_159' title='bbox 1317 3417 1685 3475; x_wconf 86' lang='lat' dir='ltr'>progressus,</span> 
     </span>
    </p>
   </div>
   <div class='ocr_carea' id='block_1_36' title="bbox 525 3490 1700 3565">
    <p class='ocr_par' dir='ltr' id='par_1_36' title="bbox 525 3490 1700 3565">
     <span class='ocr_line' id='line_1_36' title="bbox 525 3490 1700 3565; baseline -0.003 -19"><span class='ocrx_word' id='word_1_160' title='bbox 525 3491 792 3547; x_wconf 88' lang='lat' dir='ltr'>barbaris</span> <span class='ocrx_word' id='word_1_161' title='bbox 824 3492 1031 3549; x_wconf 86' lang='lat' dir='ltr'>Turcis</span> <span class='ocrx_word' id='word_1_162' title='bbox 1057 3493 1138 3549; x_wconf 91' lang='lat' dir='ltr'>ibi</span> <span class='ocrx_word' id='word_1_163' title='bbox 1171 3509 1400 3565; x_wconf 90' lang='lat' dir='ltr'>quoque</span> <span class='ocrx_word' id='word_1_164' title='bbox 1427 3490 1700 3559; x_wconf 89' lang='lat' dir='ltr'>occurrit,</span> 
     </span>
    </p>
   </div>
   <div class='ocr_carea' id='block_1_37' title="bbox 522 3580 1656 3653">
    <p class='ocr_par' dir='ltr' id='par_1_37' title="bbox 522 3580 1656 3653">
     <span class='ocr_line' id='line_1_37' title="bbox 522 3580 1656 3653; baseline -0.002 -19"><span class='ocrx_word' id='word_1_165' title='bbox 522 3580 757 3651; x_wconf 90' lang='lat' dir='ltr'>imoque</span> <span class='ocrx_word' id='word_1_166' title='bbox 789 3581 848 3636; x_wconf 89' lang='lat' dir='ltr'>in</span> <span class='ocrx_word' id='word_1_167' title='bbox 877 3583 1018 3653; x_wconf 89' lang='lat' dir='ltr'>pede</span> <span class='ocrx_word' id='word_1_168' title='bbox 1042 3581 1240 3653; x_wconf 90' lang='lat' dir='ltr'>jaculo</span> <span class='ocrx_word' id='word_1_169' title='bbox 1275 3580 1656 3652; x_wconf 81' lang='lat' dir='ltr'>transﬁgitur,</span> 
     </span>
    </p>
   </div>
   <div class='ocr_carea' id='block_1_38' title="bbox 525 3667 1584 3741">
    <p class='ocr_par' dir='ltr' id='par_1_38' title="bbox 525 3667 1584 3741">
     <span class='ocr_line' id='line_1_38' title="bbox 525 3667 1584 3741; baseline 0.001 -19"><span class='ocrx_word' id='word_1_170' title='bbox 525 3667 596 3722; x_wconf 92' lang='lat' dir='ltr'>ab</span> <span class='ocrx_word' id='word_1_171' title='bbox 619 3671 877 3739; x_wconf 81' lang='lat' dir='ltr'>Agareno</span> <span class='ocrx_word' id='word_1_172' title='bbox 907 3670 1004 3740; x_wconf 90' lang='lat' dir='ltr'>qui</span> <span class='ocrx_word' id='word_1_173' title='bbox 1027 3669 1230 3725; x_wconf 88' lang='lat' dir='ltr'>lancea</span> <span class='ocrx_word' id='word_1_174' title='bbox 1260 3674 1584 3741; x_wconf 87' lang='lat' dir='ltr'>prostratus</span> 
     </span>
    </p>
   </div>
   <div class='ocr_carea' id='block_1_39' title="bbox 522 3756 1610 3828">
    <p class='ocr_par' dir='ltr' id='par_1_39' title="bbox 522 3756 1610 3828">
     <span class='ocr_line' id='line_1_39' title="bbox 522 3756 1610 3828; baseline 0 -18"><span class='ocrx_word' id='word_1_175' title='bbox 522 3756 707 3812; x_wconf 87' lang='lat' dir='ltr'>telum</span> <span class='ocrx_word' id='word_1_176' title='bbox 737 3757 984 3813; x_wconf 86' lang='lat' dir='ltr'>inferius</span> <span class='ocrx_word' id='word_1_177' title='bbox 1010 3758 1069 3813; x_wconf 93' lang='lat' dir='ltr'>in</span> <span class='ocrx_word' id='word_1_178' title='bbox 1092 3757 1310 3814; x_wconf 90' lang='lat' dir='ltr'>soleam</span> <span class='ocrx_word' id='word_1_179' title='bbox 1345 3758 1610 3828; x_wconf 87' lang='lat' dir='ltr'>conjecit.</span> 
     </span>
    </p>
   </div>
   <div class='ocr_carea' id='block_1_40' title="bbox 523 3845 1599 3919">
    <p class='ocr_par' dir='ltr' id='par_1_40' title="bbox 523 3845 1599 3919">
     <span class='ocr_line' id='line_1_40' title="bbox 523 3845 1599 3919; baseline 0.003 -20"><span class='ocrx_word' id='word_1_180' title='bbox 523 3845 791 3902; x_wconf 88' lang='lat' dir='ltr'>Indidem</span> <span class='ocrx_word' id='word_1_181' title='bbox 817 3851 1012 3903; x_wconf 86' lang='lat' dir='ltr'>autem</span> <span class='ocrx_word' id='word_1_182' title='bbox 1047 3865 1148 3903; x_wconf 91' lang='lat' dir='ltr'>ceu</span> <span class='ocrx_word' id='word_1_183' title='bbox 1171 3847 1372 3919; x_wconf 80' lang='lat' dir='ltr'>pernix</span> <span class='ocrx_word' id='word_1_184' title='bbox 1401 3847 1599 3918; x_wconf 89' lang='lat' dir='ltr'>aquila</span> 
     </span>
    </p>
   </div>
   <div class='ocr_carea' id='block_1_41' title="bbox 526 3937 1649 4002">
    <p class='ocr_par' dir='ltr' id='par_1_41' title="bbox 526 3937 1649 4002">
     <span class='ocr_line' id='line_1_41' title="bbox 526 3937 1649 4002; baseline -0.001 -11"><span class='ocrx_word' id='word_1_185' title='bbox 526 3937 596 3991; x_wconf 91' lang='lat' dir='ltr'>ad</span> <span class='ocrx_word' id='word_1_186' title='bbox 624 3937 980 3994; x_wconf 89' lang='lat' dir='ltr'>Iconiensem</span> <span class='ocrx_word' id='word_1_187' title='bbox 1015 3939 1218 3994; x_wconf 88' lang='lat' dir='ltr'>urbem</span> <span class='ocrx_word' id='word_1_188' title='bbox 1250 3937 1649 4002; x_wconf 87' lang='lat' dir='ltr'>transvolavit,</span> 
     </span>
    </p>
   </div>
   <div class='ocr_carea' id='block_1_42' title="bbox 529 4023 1502 4098">
    <p class='ocr_par' dir='ltr' id='par_1_42' title="bbox 529 4023 1502 4098">
     <span class='ocr_line' id='line_1_42' title="bbox 529 4023 1502 4098; baseline 0.003 -20"><span class='ocrx_word' id='word_1_189' title='bbox 529 4023 822 4096; x_wconf 90' lang='lat' dir='ltr'>hujusque</span> <span class='ocrx_word' id='word_1_190' title='bbox 853 4026 1010 4082; x_wconf 91' lang='lat' dir='ltr'>omni</span> <span class='ocrx_word' id='word_1_191' title='bbox 1041 4028 1339 4083; x_wconf 88' lang='lat' dir='ltr'>devastato</span> <span class='ocrx_word' id='word_1_192' title='bbox 1363 4043 1502 4098; x_wconf 85' lang='lat' dir='ltr'>agro</span> 
     </span>
    </p>
   </div>
   <div class='ocr_carea' id='block_1_43' title="bbox 525 4114 1672 4187">
    <p class='ocr_par' dir='ltr' id='par_1_43' title="bbox 525 4114 1672 4187">
     <span class='ocr_line' id='line_1_43' title="bbox 525 4114 1672 4187; baseline 0 -19"><span class='ocrx_word' id='word_1_193' title='bbox 525 4129 791 4170; x_wconf 88' lang='lat' dir='ltr'>reversus</span> <span class='ocrx_word' id='word_1_194' title='bbox 822 4119 910 4170; x_wconf 90' lang='lat' dir='ltr'>est</span> <span class='ocrx_word' id='word_1_195' title='bbox 939 4116 1008 4170; x_wconf 89' lang='lat' dir='ltr'>ad</span> <span class='ocrx_word' id='word_1_196' title='bbox 1033 4115 1260 4187; x_wconf 87' lang='lat' dir='ltr'>imperii</span> <span class='ocrx_word' id='word_1_197' title='bbox 1282 4114 1672 4186; x_wconf 88' lang='lat' dir='ltr'>metropolim.</span> 
     </span>
    </p>
   </div>
   <div class='ocr_carea' id='block_1_44' title="bbox 527 4201 1740 4275">
    <p class='ocr_par' dir='ltr' id='par_1_44' title="bbox 527 4201 1740 4275">
     <span class='ocr_line' id='line_1_44' title="bbox 527 4201 1740 4275; baseline -0.002 -17"><span class='ocrx_word' id='word_1_198' title='bbox 527 4202 657 4258; x_wconf 89' lang='lat' dir='ltr'>Jam</span> <span class='ocrx_word' id='word_1_199' title='bbox 687 4204 918 4274; x_wconf 85' lang='lat' dir='ltr'>qualem</span> <span class='ocrx_word' id='word_1_200' title='bbox 942 4209 1102 4275; x_wconf 85' lang='lat' dir='ltr'>pater</span> <span class='ocrx_word' id='word_1_201' title='bbox 1131 4203 1269 4258; x_wconf 91' lang='lat' dir='ltr'>olim</span> <span class='ocrx_word' id='word_1_202' title='bbox 1307 4221 1420 4274; x_wconf 70' lang='lat' dir='ltr'>pra:</span> <span class='ocrx_word' id='word_1_203' title='bbox 1446 4221 1504 4258; x_wconf 91' lang='lat' dir='ltr'>se</span> <span class='ocrx_word' id='word_1_204' title='bbox 1527 4201 1740 4257; x_wconf 85' lang='lat' dir='ltr'>tulerat</span> 
     </span>
    </p>
   </div>
   <div class='ocr_carea' id='block_1_45' title="bbox 531 4289 1734 4362">
    <p class='ocr_par' dir='ltr' id='par_1_45' title="bbox 531 4289 1734 4362">
     <span class='ocr_line' id='line_1_45' title="bbox 531 4289 1734 4362; baseline -0.002 -19"><span class='ocrx_word' id='word_1_205' title='bbox 531 4306 731 4344; x_wconf 91' lang='lat' dir='ltr'>curam</span> <span class='ocrx_word' id='word_1_206' title='bbox 763 4290 1117 4362; x_wconf 78' lang='lat' dir='ltr'>reipublicae,</span> <span class='ocrx_word' id='word_1_207' title='bbox 1153 4290 1324 4346; x_wconf 87' lang='lat' dir='ltr'>talem</span> <span class='ocrx_word' id='word_1_208' title='bbox 1353 4291 1533 4359; x_wconf 80' lang='lat' dir='ltr'>gessit</span> <span class='ocrx_word' id='word_1_209' title='bbox 1556 4289 1734 4343; x_wconf 77' lang='lat' dir='ltr'>ﬁlius.</span> 
     </span>
    </p>
   </div>
   <div class='ocr_carea' id='block_1_46' title="bbox 531 4378 1613 4450">
    <p class='ocr_par' dir='ltr' id='par_1_46' title="bbox 531 4378 1613 4450">
     <span class='ocr_line' id='line_1_46' title="bbox 531 4378 1613 4450; baseline -0.001 -17"><span class='ocrx_word' id='word_1_210' title='bbox 531 4379 688 4434; x_wconf 91' lang='lat' dir='ltr'>Idem</span> <span class='ocrx_word' id='word_1_211' title='bbox 723 4378 983 4450; x_wconf 88' lang='lat' dir='ltr'>conjugii</span> <span class='ocrx_word' id='word_1_212' title='bbox 1005 4379 1206 4449; x_wconf 87' lang='lat' dir='ltr'>junxit</span> <span class='ocrx_word' id='word_1_213' title='bbox 1257 4379 1368 4434; x_wconf 91' lang='lat' dir='ltr'>sibi</span> <span class='ocrx_word' id='word_1_214' title='bbox 1403 4379 1613 4433; x_wconf 67' lang='lat' dir='ltr'>findere</span> 
     </span>
    </p>
   </div>
   <div class='ocr_carea' id='block_1_47' title="bbox 532 4468 1742 4541">
    <p class='ocr_par' dir='ltr' id='par_1_47' title="bbox 532 4468 1742 4541">
     <span class='ocr_line' id='line_1_47' title="bbox 532 4468 1742 4541; baseline -0.002 -17"><span class='ocrx_word' id='word_1_215' title='bbox 532 4486 600 4524; x_wconf 87' lang='lat' dir='ltr'>ex</span> <span class='ocrx_word' id='word_1_216' title='bbox 629 4469 970 4525; x_wconf 86' lang='lat' dir='ltr'>Alamannis</span> <span class='ocrx_word' id='word_1_217' title='bbox 1002 4468 1258 4541; x_wconf 89' lang='lat' dir='ltr'>puellam</span> <span class='ocrx_word' id='word_1_218' title='bbox 1287 4469 1742 4534; x_wconf 87' lang='lat' dir='ltr'>nobilissimam,</span> 
     </span>
    </p>
   </div>
   <div class='ocr_carea' id='block_1_48' title="bbox 531 4555 1854 4613">
    <p class='ocr_par' dir='ltr' id='par_1_48' title="bbox 531 4555 1854 4613">
     <span class='ocr_line' id='line_1_48' title="bbox 531 4555 1854 4613; baseline -0.003 -2"><span class='ocrx_word' id='word_1_219' title='bbox 531 4559 814 4612; x_wconf 82' lang='lat' dir='ltr'>virtutum</span> <span class='ocrx_word' id='word_1_220' title='bbox 844 4558 1206 4613; x_wconf 91' lang='lat' dir='ltr'>ornamentis</span> <span class='ocrx_word' id='word_1_221' title='bbox 1227 4558 1382 4613; x_wconf 91' lang='lat' dir='ltr'>haud</span> <span class='ocrx_word' id='word_1_222' title='bbox 1420 4558 1611 4612; x_wconf 88' lang='lat' dir='ltr'>minus</span> <span class='ocrx_word' id='word_1_223' title='bbox 1644 4555 1854 4610; x_wconf 89' lang='lat' dir='ltr'>miram</span> 
     </span>
    </p>
   </div>
   <div class='ocr_carea' id='block_1_49' title="bbox 535 4645 1869 4718">
    <p class='ocr_par' dir='ltr' id='par_1_49' title="bbox 535 4645 1869 4718">
     <span class='ocr_line' id='line_1_49' title="bbox 535 4645 1869 4718; baseline -0.002 -18"><span class='ocrx_word' id='word_1_224' title='bbox 535 4662 711 4716; x_wconf 88' lang='lat' dir='ltr'>quam</span> <span class='ocrx_word' id='word_1_225' title='bbox 741 4645 997 4716; x_wconf 91' lang='lat' dir='ltr'>corporis</span> <span class='ocrx_word' id='word_1_226' title='bbox 1029 4663 1304 4718; x_wconf 85' lang='lat' dir='ltr'>compage</span> <span class='ocrx_word' id='word_1_227' title='bbox 1334 4652 1390 4702; x_wconf 88' lang='lat' dir='ltr'>et</span> <span class='ocrx_word' id='word_1_228' title='bbox 1419 4645 1869 4718; x_wconf 89' lang='lat' dir='ltr'>pulchritudine.</span> 
     </span>
    </p>
   </div>
   <div class='ocr_carea' id='block_1_50' title="bbox 534 4733 1682 4805">
    <p class='ocr_par' dir='ltr' id='par_1_50' title="bbox 534 4733 1682 4805">
     <span class='ocr_line' id='line_1_50' title="bbox 534 4733 1682 4805; baseline 0 -17"><span class='ocrx_word' id='word_1_229' title='bbox 534 4733 835 4805; x_wconf 78' lang='lat' dir='ltr'>Regnante</span> <span class='ocrx_word' id='word_1_230' title='bbox 864 4734 1147 4800; x_wconf 90' lang='lat' dir='ltr'>Manuele,</span> <span class='ocrx_word' id='word_1_231' title='bbox 1180 4752 1243 4790; x_wconf 82' lang='lat' dir='ltr'>ex</span> <span class='ocrx_word' id='word_1_232' title='bbox 1276 4735 1414 4790; x_wconf 92' lang='lat' dir='ltr'>orbe</span> <span class='ocrx_word' id='word_1_233' title='bbox 1444 4735 1682 4790; x_wconf 90' lang='lat' dir='ltr'>occiduo</span> 
     </span>
    </p>
   </div>
   <div class='ocr_carea' id='block_1_51' title="bbox 534 4821 1726 4893">
    <p class='ocr_par' dir='ltr' id='par_1_51' title="bbox 534 4821 1726 4893">
     <span class='ocr_line' id='line_1_51' title="bbox 534 4821 1726 4893; baseline 0.001 -16"><span class='ocrx_word' id='word_1_234' title='bbox 534 4821 906 4893; x_wconf 86' lang='lat' dir='ltr'>germanicus</span> <span class='ocrx_word' id='word_1_235' title='bbox 938 4822 1123 4878; x_wconf 87' lang='lat' dir='ltr'>instar</span> <span class='ocrx_word' id='word_1_236' title='bbox 1153 4824 1405 4878; x_wconf 89' lang='lat' dir='ltr'>turbinis</span> <span class='ocrx_word' id='word_1_237' title='bbox 1439 4822 1726 4879; x_wconf 89' lang='lat' dir='ltr'>exercitus</span> 
     </span>
    </p>
   </div>
   <div class='ocr_carea' id='block_1_52' title="bbox 536 4910 1577 4982">
    <p class='ocr_par' dir='ltr' id='par_1_52' title="bbox 536 4910 1577 4982">
     <span class='ocr_line' id='line_1_52' title="bbox 536 4910 1577 4982; baseline 0.003 -18"><span class='ocrx_word' id='word_1_238' title='bbox 536 4911 726 4982; x_wconf 87' lang='lat' dir='ltr'>gravis</span> <span class='ocrx_word' id='word_1_239' title='bbox 758 4913 813 4965; x_wconf 90' lang='lat' dir='ltr'>et</span> <span class='ocrx_word' id='word_1_240' title='bbox 842 4910 1070 4966; x_wconf 85' lang='lat' dir='ltr'>cunctis</span> <span class='ocrx_word' id='word_1_241' title='bbox 1094 4911 1265 4968; x_wconf 86' lang='lat' dir='ltr'>rebus</span> <span class='ocrx_word' id='word_1_242' title='bbox 1296 4913 1577 4967; x_wconf 86' lang='lat' dir='ltr'>exitiosus</span> 
     </span>
    </p>
   </div>
   <div class='ocr_carea' id='block_1_53' title="bbox 536 4997 1721 5071">
    <p class='ocr_par' dir='ltr' id='par_1_53' title="bbox 536 4997 1721 5071">
     <span class='ocr_line' id='line_1_53' title="bbox 536 4997 1721 5071; baseline -0.002 -16"><span class='ocrx_word' id='word_1_243' title='bbox 536 5001 798 5055; x_wconf 82' lang='lat' dir='ltr'>Romano</span> <span class='ocrx_word' id='word_1_244' title='bbox 825 4997 1068 5068; x_wconf 90' lang='lat' dir='ltr'>imperio</span> <span class='ocrx_word' id='word_1_245' title='bbox 1099 5000 1407 5071; x_wconf 88' lang='lat' dir='ltr'>derepente</span> <span class='ocrx_word' id='word_1_246' title='bbox 1439 5000 1721 5065; x_wconf 91' lang='lat' dir='ltr'>incubuit,</span> 
     </span>
    </p>
   </div>
   <div class='ocr_carea' id='block_1_54' title="bbox 536 5087 1709 5160">
    <p class='ocr_par' dir='ltr' id='par_1_54' title="bbox 536 5087 1709 5160">
     <span class='ocr_line' id='line_1_54' title="bbox 536 5087 1709 5160; baseline -0.003 -16"><span class='ocrx_word' id='word_1_247' title='bbox 536 5087 830 5144; x_wconf 88' lang='lat' dir='ltr'>Sionicam</span> <span class='ocrx_word' id='word_1_248' title='bbox 864 5089 1230 5156; x_wconf 74' lang='lat' dir='ltr'>praetendens</span> <span class='ocrx_word' id='word_1_249' title='bbox 1261 5088 1709 5160; x_wconf 85' lang='lat' dir='ltr'>expeditionem.</span> 
     </span>
    </p>
   </div>
   <div class='ocr_carea' id='block_1_55' title="bbox 539 5175 1706 5245">
    <p class='ocr_par' dir='ltr' id='par_1_55' title="bbox 539 5175 1706 5245">
     <span class='ocr_line' id='line_1_55' title="bbox 539 5175 1706 5245; baseline -0.001 -14"><span class='ocrx_word' id='word_1_250' title='bbox 539 5177 730 5245; x_wconf 85' lang='lat' dir='ltr'>Hujus</span> <span class='ocrx_word' id='word_1_251' title='bbox 761 5175 1054 5230; x_wconf 89' lang='lat' dir='ltr'>Corradus</span> <span class='ocrx_word' id='word_1_252' title='bbox 1077 5177 1194 5231; x_wconf 88' lang='lat' dir='ltr'>dux</span> <span class='ocrx_word' id='word_1_253' title='bbox 1224 5181 1348 5232; x_wconf 88' lang='lat' dir='ltr'>erat</span> <span class='ocrx_word' id='word_1_254' title='bbox 1396 5177 1706 5241; x_wconf 87' lang='lat' dir='ltr'>exercitus,</span> 
     </span>
    </p>
   </div>
   <div class='ocr_carea' id='block_1_56' title="bbox 543 5262 1738 5334">
    <p class='ocr_par' dir='ltr' id='par_1_56' title="bbox 543 5262 1738 5334">
     <span class='ocr_line' id='line_1_56' title="bbox 543 5262 1738 5334; baseline -0.001 -17"><span class='ocrx_word' id='word_1_255' title='bbox 543 5280 639 5317; x_wconf 90' lang='lat' dir='ltr'>rex</span> <span class='ocrx_word' id='word_1_256' title='bbox 675 5263 807 5334; x_wconf 87' lang='lat' dir='ltr'>pius</span> <span class='ocrx_word' id='word_1_257' title='bbox 839 5266 896 5318; x_wconf 87' lang='lat' dir='ltr'>et</span> <span class='ocrx_word' id='word_1_258' title='bbox 924 5262 1154 5319; x_wconf 89' lang='lat' dir='ltr'>Christo</span> <span class='ocrx_word' id='word_1_259' title='bbox 1189 5264 1434 5320; x_wconf 84' lang='lat' dir='ltr'>maxime</span> <span class='ocrx_word' id='word_1_260' title='bbox 1465 5264 1738 5328; x_wconf 89' lang='lat' dir='ltr'>devotus;</span> 
     </span>
    </p>
   </div>
   <div class='ocr_carea' id='block_1_57' title="bbox 540 5352 1415 5424">
    <p class='ocr_par' dir='ltr' id='par_1_57' title="bbox 540 5352 1415 5424">
     <span class='ocr_line' id='line_1_57' title="bbox 540 5352 1415 5424; baseline 0.001 -17"><span class='ocrx_word' id='word_1_261' title='bbox 540 5352 640 5424; x_wconf 90' lang='lat' dir='ltr'>qui</span> <span class='ocrx_word' id='word_1_262' title='bbox 673 5353 810 5407; x_wconf 87' lang='lat' dir='ltr'>data</span> <span class='ocrx_word' id='word_1_263' title='bbox 836 5352 1044 5408; x_wconf 68' lang='lat' dir='ltr'>Caesari</span> <span class='ocrx_word' id='word_1_264' title='bbox 1069 5353 1272 5423; x_wconf 88' lang='lat' dir='ltr'>jurata</span> <span class='ocrx_word' id='word_1_265' title='bbox 1302 5353 1415 5408; x_wconf 81' lang='lat' dir='ltr'>ﬁde</span> 
     </span>
    </p>
   </div>
   <div class='ocr_carea' id='block_1_58' title="bbox 539 5442 1721 5513">
    <p class='ocr_par' dir='ltr' id='par_1_58' title="bbox 539 5442 1721 5513">
     <span class='ocr_line' id='line_1_58' title="bbox 539 5442 1721 5513; baseline -0.002 -15"><span class='ocrx_word' id='word_1_266' title='bbox 539 5459 642 5513; x_wconf 91' lang='lat' dir='ltr'>per</span> <span class='ocrx_word' id='word_1_267' title='bbox 670 5443 815 5499; x_wconf 84' lang='lat' dir='ltr'>ﬁnes</span> <span class='ocrx_word' id='word_1_268' title='bbox 840 5447 1070 5499; x_wconf 88' lang='lat' dir='ltr'>nostros</span> <span class='ocrx_word' id='word_1_269' title='bbox 1094 5443 1278 5499; x_wconf 87' lang='lat' dir='ltr'>amice</span> <span class='ocrx_word' id='word_1_270' title='bbox 1311 5442 1721 5508; x_wconf 87' lang='lat' dir='ltr'>transiturum,</span> 
     </span>
    </p>
   </div>
   <div class='ocr_carea' id='block_1_59' title="bbox 540 5530 1740 5598">
    <p class='ocr_par' dir='ltr' id='par_1_59' title="bbox 540 5530 1740 5598">
     <span class='ocr_line' id='line_1_59' title="bbox 540 5530 1740 5598; baseline -0.001 -11"><span class='ocrx_word' id='word_1_271' title='bbox 540 5548 646 5588; x_wconf 89' lang='lat' dir='ltr'>nec</span> <span class='ocrx_word' id='word_1_272' title='bbox 678 5548 740 5588; x_wconf 88' lang='lat' dir='ltr'>se</span> <span class='ocrx_word' id='word_1_273' title='bbox 769 5546 876 5589; x_wconf 83' lang='lat' dir='ltr'>nec</span> <span class='ocrx_word' id='word_1_274' title='bbox 899 5530 1113 5586; x_wconf 89' lang='lat' dir='ltr'>milites</span> <span class='ocrx_word' id='word_1_275' title='bbox 1146 5531 1269 5586; x_wconf 86' lang='lat' dir='ltr'>fore</span> <span class='ocrx_word' id='word_1_276' title='bbox 1297 5530 1466 5586; x_wconf 89' lang='lat' dir='ltr'>nobis</span> <span class='ocrx_word' id='word_1_277' title='bbox 1497 5546 1740 5598; x_wconf 90' lang='lat' dir='ltr'>nocuos,</span> 
     </span>
    </p>
   </div>
   <div class='ocr_carea' id='block_1_60' title="bbox 543 5617 1723 5691">
    <p class='ocr_par' dir='ltr' id='par_1_60' title="bbox 543 5617 1723 5691">
     <span class='ocr_line' id='line_1_60' title="bbox 543 5617 1723 5691; baseline -0.002 -15"><span class='ocrx_word' id='word_1_278' title='bbox 543 5619 614 5676; x_wconf 90' lang='lat' dir='ltr'>ad</span> <span class='ocrx_word' id='word_1_279' title='bbox 646 5618 838 5691; x_wconf 84' lang='lat' dir='ltr'>ipsam</span> <span class='ocrx_word' id='word_1_280' title='bbox 868 5617 1235 5675; x_wconf 84' lang='lat' dir='ltr'>Constantini</span> <span class='ocrx_word' id='word_1_281' title='bbox 1263 5617 1490 5676; x_wconf 85' lang='lat' dir='ltr'>devenit</span> <span class='ocrx_word' id='word_1_282' title='bbox 1519 5619 1723 5676; x_wconf 85' lang='lat' dir='ltr'>urbem</span> 
     </span>
    </p>
   </div>
   <div class='ocr_carea' id='block_1_61' title="bbox 2194 469 3590 547">
    <p class='ocr_par' dir='ltr' id='par_1_61' title="bbox 2194 469 3590 547">
     <span class='ocr_line' id='line_1_61' title="bbox 2194 469 3590 547; baseline 0.001 -23"><span class='ocrx_word' id='word_1_283' title='bbox 2194 476 2246 538; x_wconf 79' lang='grc' dir='ltr'><strong>Α</strong></span> <span class='ocrx_word' id='word_1_284' title='bbox 2278 471 2418 526; x_wconf 82' lang='grc'>4055</span> <span class='ocrx_word' id='word_1_285' title='bbox 2455 471 2607 534; x_wconf 64' lang='lat' dir='ltr'>&quot;Heu</span> <span class='ocrx_word' id='word_1_286' title='bbox 2639 475 2922 546; x_wconf 81' lang='grc' dir='ltr'>προσηνεῖ,</span> <span class='ocrx_word' id='word_1_287' title='bbox 2956 473 3212 544; x_wconf 83' lang='grc' dir='ltr'>χαροπῷ,</span> <span class='ocrx_word' id='word_1_288' title='bbox 3234 469 3552 547; x_wconf 82' lang='grc' dir='ltr'>πεφιλμένῳ</span> <span class='ocrx_word' id='word_1_289' title='bbox 3577 490 3590 504; x_wconf 80' lang='grc'><strong><em>⁸</em></strong></span> 
     </span>
    </p>
   </div>
   <div class='ocr_carea' id='block_1_62' title="bbox 2444 557 3353 632">
    <p class='ocr_par' dir='ltr' id='par_1_62' title="bbox 2444 557 3353 632">
     <span class='ocr_line' id='line_1_62' title="bbox 2444 557 3353 632; baseline -0.002 -18"><span class='ocrx_word' id='word_1_290' title='bbox 2444 560 2772 630; x_wconf 79' lang='grc' dir='ltr'>Ἀνεξικακίᾳ</span> <span class='ocrx_word' id='word_1_291' title='bbox 2803 557 2860 613; x_wconf 74' lang='grc' dir='ltr'>δὲ</span> <span class='ocrx_word' id='word_1_292' title='bbox 2895 558 3110 632; x_wconf 84' lang='grc' dir='ltr'>μάλιστ’</span> <span class='ocrx_word' id='word_1_293' title='bbox 3143 557 3353 632; x_wconf 78' lang='grc' dir='ltr'>ἐκράτει</span> 
     </span>
    </p>
   </div>
   <div class='ocr_carea' id='block_1_63' title="bbox 2445 645 3626 722">
    <p class='ocr_par' dir='ltr' id='par_1_63' title="bbox 2445 645 3626 722">
     <span class='ocr_line' id='line_1_63' title="bbox 2445 645 3626 722; baseline 0 -20"><span class='ocrx_word' id='word_1_294' title='bbox 2445 648 2545 702; x_wconf 86' lang='grc' dir='ltr'>Καὶ</span> <span class='ocrx_word' id='word_1_295' title='bbox 2578 647 2844 722; x_wconf 76' lang='grc' dir='ltr'>πραότητι</span> <span class='ocrx_word' id='word_1_296' title='bbox 2865 651 2972 702; x_wconf 86' lang='grc' dir='ltr'>τῶν</span> <span class='ocrx_word' id='word_1_297' title='bbox 3005 649 3117 700; x_wconf 70' lang='grc' dir='ltr'>κατ’</span> <span class='ocrx_word' id='word_1_298' title='bbox 3145 645 3302 700; x_wconf 78' lang='grc' dir='ltr'>αὐτὸν</span> <span class='ocrx_word' id='word_1_299' title='bbox 3337 647 3576 702; x_wconf 75' lang='grc' dir='ltr'>ἀνάκτων</span> <span class='ocrx_word' id='word_1_300' title='bbox 3611 666 3626 680; x_wconf 90' lang='grc'><strong>·</strong></span> 
     </span>
    </p>
   </div>
   <div class='ocr_carea' id='block_1_64' title="bbox 2445 733 3557 812">
    <p class='ocr_par' dir='ltr' id='par_1_64' title="bbox 2445 733 3557 812">
     <span class='ocr_line' id='line_1_64' title="bbox 2445 733 3557 812; baseline 0 -23"><span class='ocrx_word' id='word_1_301' title='bbox 2445 737 2626 808; x_wconf 83' lang='grc' dir='ltr'>Ἥρως</span> <span class='ocrx_word' id='word_1_302' title='bbox 2658 734 2936 809; x_wconf 76' lang='grc' dir='ltr'>Ἡρακλῆς</span> <span class='ocrx_word' id='word_1_303' title='bbox 2965 733 3354 810; x_wconf 53' lang='grc' dir='ltr'>ἀπαράμιιιιλος</span> <span class='ocrx_word' id='word_1_304' title='bbox 3379 735 3557 812; x_wconf 82' lang='grc' dir='ltr'>φύσει,</span> 
     </span>
    </p>
   </div>
   <div class='ocr_carea' id='block_1_65' title="bbox 2444 820 3627 898">
    <p class='ocr_par' dir='ltr' id='par_1_65' title="bbox 2444 820 3627 898">
     <span class='ocr_line' id='line_1_65' title="bbox 2444 820 3627 898; baseline 0.001 -23"><span class='ocrx_word' id='word_1_305' title='bbox 2444 822 2800 898; x_wconf 80' lang='grc' dir='ltr'>Ὑπερμαχῶν</span> <span class='ocrx_word' id='word_1_306' title='bbox 2830 822 3101 878; x_wconf 85' lang='grc' dir='ltr'>κάλλιστα</span> <span class='ocrx_word' id='word_1_307' title='bbox 3127 828 3227 891; x_wconf 78' lang='grc' dir='ltr'>τῆς</span> <span class='ocrx_word' id='word_1_308' title='bbox 3263 820 3627 896; x_wconf 69' lang='grc' dir='ltr'>κληρουχίας,</span> 
     </span>
    </p>
   </div>
   <div class='ocr_carea' id='block_1_66' title="bbox 2269 908 3711 988">
    <p class='ocr_par' dir='ltr' id='par_1_66' title="bbox 2269 908 3711 988">
     <span class='ocr_line' id='line_1_66' title="bbox 2269 908 3711 988; baseline 0.001 -26"><span class='ocrx_word' id='word_1_309' title='bbox 2269 911 2407 965; x_wconf 82' lang='grc'>4060</span> <span class='ocrx_word' id='word_1_310' title='bbox 2445 912 2658 982; x_wconf 75' lang='grc' dir='ltr'>Ποιμήν</span> <span class='ocrx_word' id='word_1_311' title='bbox 2693 913 2912 986; x_wconf 80' lang='grc' dir='ltr'>ἀγαθὸς,</span> <span class='ocrx_word' id='word_1_312' title='bbox 2947 908 3216 986; x_wconf 72' lang='grc' dir='ltr'>ἄγρυπνος</span> <span class='ocrx_word' id='word_1_313' title='bbox 3247 910 3484 982; x_wconf 82' lang='grc' dir='ltr'>ποίμνης</span> <span class='ocrx_word' id='word_1_314' title='bbox 3516 909 3711 988; x_wconf 80' lang='grc' dir='ltr'>φύλαξ,</span> 
     </span>
    </p>
   </div>
   <div class='ocr_carea' id='block_1_67' title="bbox 2444 997 3645 1072">
    <p class='ocr_par' dir='ltr' id='par_1_67' title="bbox 2444 997 3645 1072">
     <span class='ocr_line' id='line_1_67' title="bbox 2444 997 3645 1072; baseline 0 -20"><span class='ocrx_word' id='word_1_315' title='bbox 2444 1000 2654 1061; x_wconf 86' lang='grc' dir='ltr'>Λύκους</span> <span class='ocrx_word' id='word_1_316' title='bbox 2686 997 2898 1054; x_wconf 86' lang='grc' dir='ltr'>διώκων</span> <span class='ocrx_word' id='word_1_317' title='bbox 2933 997 3211 1072; x_wconf 72' lang='grc' dir='ltr'>δυσμενεῖς</span> <span class='ocrx_word' id='word_1_318' title='bbox 3240 1002 3336 1052; x_wconf 81' lang='grc' dir='ltr'>τοῦ</span> <span class='ocrx_word' id='word_1_319' title='bbox 3365 999 3645 1070; x_wconf 76' lang='grc' dir='ltr'>ποιμνίου,</span> 
     </span>
    </p>
   </div>
   <div class='ocr_carea' id='block_1_68' title="bbox 2447 1086 3597 1161">
    <p class='ocr_par' dir='ltr' id='par_1_68' title="bbox 2447 1086 3597 1161">
     <span class='ocr_line' id='line_1_68' title="bbox 2447 1086 3597 1161; baseline -0.002 -19"><span class='ocrx_word' id='word_1_320' title='bbox 2447 1089 2542 1142; x_wconf 82' lang='grc' dir='ltr'>Καὶ</span> <span class='ocrx_word' id='word_1_321' title='bbox 2571 1087 2710 1161; x_wconf 83' lang='grc' dir='ltr'>τῷδε</span> <span class='ocrx_word' id='word_1_322' title='bbox 2742 1088 2923 1151; x_wconf 78' lang='grc' dir='ltr'>διδοὺς</span> <span class='ocrx_word' id='word_1_323' title='bbox 2946 1090 3044 1157; x_wconf 78' lang='grc' dir='ltr'>τὴν</span> <span class='ocrx_word' id='word_1_324' title='bbox 3076 1089 3250 1161; x_wconf 80' lang='grc' dir='ltr'>νομῆν</span> <span class='ocrx_word' id='word_1_325' title='bbox 3285 1086 3597 1160; x_wconf 74' lang='grc' dir='ltr'>ἐλευθέραν·</span> 
     </span>
    </p>
   </div>
   <div class='ocr_carea' id='block_1_69' title="bbox 2444 1173 3641 1253">
    <p class='ocr_par' dir='ltr' id='par_1_69' title="bbox 2444 1173 3641 1253">
     <span class='ocr_line' id='line_1_69' title="bbox 2444 1173 3641 1253; baseline -0.003 -21"><span class='ocrx_word' id='word_1_326' title='bbox 2444 1179 2605 1250; x_wconf 75' lang='grc' dir='ltr'>Ἄναξ</span> <span class='ocrx_word' id='word_1_327' title='bbox 2637 1180 2921 1253; x_wconf 73' lang='grc' dir='ltr'>προσηνὴς</span> <span class='ocrx_word' id='word_1_328' title='bbox 2953 1177 3041 1232; x_wconf 75' lang='grc' dir='ltr'>καὶ</span> <span class='ocrx_word' id='word_1_329' title='bbox 3078 1177 3334 1250; x_wconf 73' lang='grc' dir='ltr'>μαχητὴς</span> <span class='ocrx_word' id='word_1_330' title='bbox 3360 1173 3641 1249; x_wconf 79' lang='grc' dir='ltr'>γεννάδας,</span> 
     </span>
    </p>
   </div>
   <div class='ocr_carea' id='block_1_70' title="bbox 2447 1262 3734 1342">
    <p class='ocr_par' dir='ltr' id='par_1_70' title="bbox 2447 1262 3734 1342">
     <span class='ocr_line' id='line_1_70' title="bbox 2447 1262 3734 1342; baseline -0.002 -22"><span class='ocrx_word' id='word_1_331' title='bbox 2447 1264 2601 1334; x_wconf 79' lang='grc' dir='ltr'>Αἶάς,</span> <span class='ocrx_word' id='word_1_332' title='bbox 2635 1265 2952 1342; x_wconf 80' lang='grc' dir='ltr'>Ἀχιλλεὺς,</span> <span class='ocrx_word' id='word_1_333' title='bbox 2985 1266 3074 1320; x_wconf 78' lang='grc' dir='ltr'>καὶ</span> <span class='ocrx_word' id='word_1_334' title='bbox 3105 1266 3327 1339; x_wconf 88' lang='grc' dir='ltr'>Νέστωρ</span> <span class='ocrx_word' id='word_1_335' title='bbox 3363 1262 3734 1341; x_wconf 76' lang='grc' dir='ltr'>βουληφόρος,</span> 
     </span>
    </p>
   </div>
   <div class='ocr_carea' id='block_1_71' title="bbox 2270 1352 3468 1430">
    <p class='ocr_par' dir='ltr' id='par_1_71' title="bbox 2270 1352 3468 1430">
     <span class='ocr_line' id='line_1_71' title="bbox 2270 1352 3468 1430; baseline -0.002 -23"><span class='ocrx_word' id='word_1_336' title='bbox 2270 1354 2410 1410; x_wconf 81' lang='grc'>4065</span> <span class='ocrx_word' id='word_1_337' title='bbox 2447 1355 2601 1428; x_wconf 77' lang='grc' dir='ltr'>Ὑπὲρ</span> <span class='ocrx_word' id='word_1_338' title='bbox 2637 1355 2881 1430; x_wconf 87' lang='grc' dir='ltr'>Πρίαμον</span> <span class='ocrx_word' id='word_1_339' title='bbox 2925 1353 3178 1426; x_wconf 80' lang='grc' dir='ltr'>εὐμέλιος</span> <span class='ocrx_word' id='word_1_340' title='bbox 3204 1352 3468 1421; x_wconf 78' lang='grc' dir='ltr'>ἱππότης·</span> 
     </span>
    </p>
   </div>
   <div class='ocr_carea' id='block_1_72' title="bbox 2448 1439 3596 1519">
    <p class='ocr_par' dir='ltr' id='par_1_72' title="bbox 2448 1439 3596 1519">
     <span class='ocr_line' id='line_1_72' title="bbox 2448 1439 3596 1519; baseline -0.003 -22"><span class='ocrx_word' id='word_1_341' title='bbox 2448 1445 2662 1518; x_wconf 85' lang='grc' dir='ltr'>Ἕκτωρ</span> <span class='ocrx_word' id='word_1_342' title='bbox 2697 1442 2979 1519; x_wconf 82' lang='grc' dir='ltr'>φάλαγγας</span> <span class='ocrx_word' id='word_1_343' title='bbox 3013 1441 3256 1517; x_wconf 72' lang='grc' dir='ltr'>ρηγνύων</span> <span class='ocrx_word' id='word_1_344' title='bbox 3289 1439 3546 1494; x_wconf 83' lang='grc' dir='ltr'>ἐναντίων</span> <span class='ocrx_word' id='word_1_345' title='bbox 3584 1458 3596 1471; x_wconf 89' lang='grc'><strong>·</strong></span> 
     </span>
    </p>
   </div>
   <div class='ocr_carea' id='block_1_73' title="bbox 2444 1529 3587 1606">
    <p class='ocr_par' dir='ltr' id='par_1_73' title="bbox 2444 1529 3587 1606">
     <span class='ocr_line' id='line_1_73' title="bbox 2444 1529 3587 1606; baseline -0.003 -21"><span class='ocrx_word' id='word_1_346' title='bbox 2444 1532 2736 1606; x_wconf 83' lang='grc' dir='ltr'>Ἐπίχαρις</span> <span class='ocrx_word' id='word_1_347' title='bbox 2766 1531 2899 1600; x_wconf 75' lang='grc' dir='ltr'>ἦθός</span> <span class='ocrx_word' id='word_1_348' title='bbox 2930 1552 3005 1601; x_wconf 84' lang='grc' dir='ltr'>τε,</span> <span class='ocrx_word' id='word_1_349' title='bbox 3037 1530 3238 1599; x_wconf 81' lang='grc' dir='ltr'>πτηνὸς</span> <span class='ocrx_word' id='word_1_350' title='bbox 3267 1529 3365 1596; x_wconf 80' lang='grc' dir='ltr'>τήν</span> <span class='ocrx_word' id='word_1_351' title='bbox 3399 1529 3587 1603; x_wconf 81' lang='grc' dir='ltr'>φρένα,</span> 
     </span>
    </p>
   </div>
   <div class='ocr_carea' id='block_1_74' title="bbox 2451 1613 3764 1693">
    <p class='ocr_par' dir='ltr' id='par_1_74' title="bbox 2451 1613 3764 1693">
     <span class='ocr_line' id='line_1_74' title="bbox 2451 1613 3764 1693; baseline -0.002 -21"><span class='ocrx_word' id='word_1_352' title='bbox 2451 1620 2684 1692; x_wconf 83' lang='grc' dir='ltr'>Φρικτὸς</span> <span class='ocrx_word' id='word_1_353' title='bbox 2721 1619 2814 1692; x_wconf 72' lang='grc' dir='ltr'>μὲν</span> <span class='ocrx_word' id='word_1_354' title='bbox 2849 1619 3093 1693; x_wconf 75' lang='grc' dir='ltr'>ἰχθροῖς,</span> <span class='ocrx_word' id='word_1_355' title='bbox 3131 1617 3360 1690; x_wconf 76' lang='grc' dir='ltr'>εὐμενὴς</span> <span class='ocrx_word' id='word_1_356' title='bbox 3394 1613 3440 1669; x_wconf 83' lang='grc' dir='ltr'>δ’</span> <span class='ocrx_word' id='word_1_357' title='bbox 3475 1615 3764 1686; x_wconf 85' lang='grc' dir='ltr'>ὑπηκόοις,</span> 
     </span>
    </p>
   </div>
   <div class='ocr_carea' id='block_1_75' title="bbox 2447 1703 3470 1780">
    <p class='ocr_par' dir='ltr' id='par_1_75' title="bbox 2447 1703 3470 1780">
     <span class='ocr_line' id='line_1_75' title="bbox 2447 1703 3470 1780; baseline -0.004 -20"><span class='ocrx_word' id='word_1_358' title='bbox 2447 1707 2680 1780; x_wconf 85' lang='grc' dir='ltr'>Ἱλαρὸς,</span> <span class='ocrx_word' id='word_1_359' title='bbox 2714 1708 3071 1774; x_wconf 83' lang='grc' dir='ltr'>εύέντευκτος,</span> <span class='ocrx_word' id='word_1_360' title='bbox 3103 1703 3262 1774; x_wconf 77' lang='grc' dir='ltr'>ἡδεῖα</span> <span class='ocrx_word' id='word_1_361' title='bbox 3288 1704 3470 1779; x_wconf 85' lang='grc' dir='ltr'>χάρις,</span> 
     </span>
    </p>
   </div>
   <div class='ocr_carea' id='block_1_76' title="bbox 2192 1792 3461 1887">
    <p class='ocr_par' dir='ltr' id='par_1_76' title="bbox 2192 1792 3461 1887">
     <span class='ocr_line' id='line_1_76' title="bbox 2192 1792 3461 1887; baseline -0.006 -36"><span class='ocrx_word' id='word_1_362' title='bbox 2192 1824 2238 1887; x_wconf 82' lang='grc' dir='ltr'>Β</span> <span class='ocrx_word' id='word_1_363' title='bbox 2272 1797 2409 1851; x_wconf 82' lang='grc'>4070</span> <span class='ocrx_word' id='word_1_364' title='bbox 2450 1796 2780 1870; x_wconf 90' lang='grc' dir='ltr'>Μυριόνικος</span> <span class='ocrx_word' id='word_1_365' title='bbox 2809 1793 3182 1887; x_wconf 66' lang='grc' dir='ltr'>τρισαριστιὺς</span> <span class='ocrx_word' id='word_1_366' title='bbox 3212 1792 3461 1887; x_wconf 77' lang='grc' dir='ltr'>αὐτάναξ,</span> 
     </span>
    </p>
   </div>
   <div class='ocr_carea' id='block_1_77' title="bbox 2447 1879 3610 1958">
    <p class='ocr_par' dir='ltr' id='par_1_77' title="bbox 2447 1879 3610 1958">
     <span class='ocr_line' id='line_1_77' title="bbox 2447 1879 3610 1958; baseline -0.009 -16"><span class='ocrx_word' id='word_1_367' title='bbox 2447 1885 2654 1958; x_wconf 82' lang='grc' dir='ltr'>Ἑρμοῦ</span> <span class='ocrx_word' id='word_1_368' title='bbox 2683 1905 2741 1938; x_wconf 93' lang='grc' dir='ltr'>τε</span> <span class='ocrx_word' id='word_1_369' title='bbox 2772 1881 3018 1943; x_wconf 86' lang='grc' dir='ltr'>παιδείας</span> <span class='ocrx_word' id='word_1_370' title='bbox 3045 1903 3103 1935; x_wconf 91' lang='grc' dir='ltr'>τε</span> <span class='ocrx_word' id='word_1_371' title='bbox 3130 1881 3389 1940; x_wconf 82' lang='grc' dir='ltr'>παντοίας</span> <span class='ocrx_word' id='word_1_372' title='bbox 3423 1879 3610 1953; x_wconf 82' lang='grc' dir='ltr'>φίλος,</span> 
     </span>
    </p>
   </div>
   <div class='ocr_carea' id='block_1_78' title="bbox 2445 1967 3630 2047">
    <p class='ocr_par' dir='ltr' id='par_1_78' title="bbox 2445 1967 3630 2047">
     <span class='ocr_line' id='line_1_78' title="bbox 2445 1967 3630 2047; baseline -0.007 -20"><span class='ocrx_word' id='word_1_373' title='bbox 2445 1974 2730 2047; x_wconf 82' lang='grc' dir='ltr'>Ἀντικρυς</span> <span class='ocrx_word' id='word_1_374' title='bbox 2763 1978 2940 2045; x_wconf 77' lang='grc' dir='ltr'>’Ἄρης</span> <span class='ocrx_word' id='word_1_375' title='bbox 2973 1971 3024 2025; x_wconf 83' lang='grc' dir='ltr'>ἐν</span> <span class='ocrx_word' id='word_1_376' title='bbox 3063 1970 3265 2044; x_wconf 77' lang='grc' dir='ltr'>μάχαις</span> <span class='ocrx_word' id='word_1_377' title='bbox 3295 1967 3630 2037; x_wconf 87' lang='grc' dir='ltr'>ἀντιπάλων,</span> 
     </span>
    </p>
   </div>
   <div class='ocr_carea' id='block_1_79' title="bbox 2447 2053 3720 2137">
    <p class='ocr_par' dir='ltr' id='par_1_79' title="bbox 2447 2053 3720 2137">
     <span class='ocr_line' id='line_1_79' title="bbox 2447 2053 3720 2137; baseline -0.008 -20"><span class='ocrx_word' id='word_1_378' title='bbox 2447 2061 2778 2137; x_wconf 72' lang='grc' dir='ltr'>Ὀξύρῥοπός</span> <span class='ocrx_word' id='word_1_379' title='bbox 2808 2081 2890 2120; x_wconf 93' lang='grc' dir='ltr'>τις</span> <span class='ocrx_word' id='word_1_380' title='bbox 2919 2060 3055 2132; x_wconf 87' lang='grc' dir='ltr'>πρὸς</span> <span class='ocrx_word' id='word_1_381' title='bbox 3091 2057 3269 2132; x_wconf 84' lang='grc' dir='ltr'>μάχας</span> <span class='ocrx_word' id='word_1_382' title='bbox 3298 2057 3384 2111; x_wconf 80' lang='grc' dir='ltr'>καὶ</span> <span class='ocrx_word' id='word_1_383' title='bbox 3415 2053 3720 2124; x_wconf 80' lang='grc' dir='ltr'>κινδύνους,</span> 
     </span>
    </p>
   </div>
   <div class='ocr_carea' id='block_1_80' title="bbox 2447 2141 3734 2224">
    <p class='ocr_par' dir='ltr' id='par_1_80' title="bbox 2447 2141 3734 2224">
     <span class='ocr_line' id='line_1_80' title="bbox 2447 2141 3734 2224; baseline -0.007 -19"><span class='ocrx_word' id='word_1_384' title='bbox 2447 2152 2554 2207; x_wconf 84' lang='grc' dir='ltr'>Ἀεὶ</span> <span class='ocrx_word' id='word_1_385' title='bbox 2585 2152 2960 2224; x_wconf 88' lang='grc' dir='ltr'>στράταρχῶν,</span> <span class='ocrx_word' id='word_1_386' title='bbox 2993 2149 3110 2202; x_wconf 83' lang='grc' dir='ltr'>κατ’</span> <span class='ocrx_word' id='word_1_387' title='bbox 3141 2145 3352 2220; x_wconf 70' lang='grc' dir='ltr'>ἐχθρῶν</span> <span class='ocrx_word' id='word_1_388' title='bbox 3386 2148 3546 2198; x_wconf 80' lang='grc' dir='ltr'>κινῶν</span> <span class='ocrx_word' id='word_1_389' title='bbox 3581 2141 3734 2214; x_wconf 84' lang='grc' dir='ltr'>δόρυ,</span> 
     </span>
    </p>
   </div>
   <div class='ocr_carea' id='block_1_81' title="bbox 2270 2231 3661 2313">
    <p class='ocr_par' dir='ltr' id='par_1_81' title="bbox 2270 2231 3661 2313">
     <span class='ocr_line' id='line_1_81' title="bbox 2270 2231 3661 2313; baseline -0.006 -19"><span class='ocrx_word' id='word_1_390' title='bbox 2270 2241 2412 2295; x_wconf 83' lang='grc'>4075</span> <span class='ocrx_word' id='word_1_391' title='bbox 2451 2237 2548 2293; x_wconf 77' lang='grc' dir='ltr'>Καί</span> <span class='ocrx_word' id='word_1_392' title='bbox 2577 2244 2694 2299; x_wconf 90' lang='grc' dir='ltr'>ταῖς</span> <span class='ocrx_word' id='word_1_393' title='bbox 2723 2239 2860 2292; x_wconf 79' lang='grc' dir='ltr'>κατά</span> <span class='ocrx_word' id='word_1_394' title='bbox 2892 2241 3037 2313; x_wconf 75' lang='grc' dir='ltr'>σφῶν</span> <span class='ocrx_word' id='word_1_395' title='bbox 3069 2233 3438 2306; x_wconf 74' lang='grc' dir='ltr'>ἀναδούμενος</span> <span class='ocrx_word' id='word_1_396' title='bbox 3465 2231 3661 2293; x_wconf 83' lang='grc' dir='ltr'>νίκαις.</span> 
     </span>
    </p>
   </div>
   <div class='ocr_carea' id='block_1_82' title="bbox 2447 2315 3746 2401">
    <p class='ocr_par' dir='ltr' id='par_1_82' title="bbox 2447 2315 3746 2401">
     <span class='ocr_line' id='line_1_82' title="bbox 2447 2315 3746 2401; baseline -0.008 -19"><span class='ocrx_word' id='word_1_397' title='bbox 2447 2327 2616 2389; x_wconf 81' lang='grc' dir='ltr'>Οὗτος</span> <span class='ocrx_word' id='word_1_398' title='bbox 2650 2326 2970 2401; x_wconf 76' lang='grc' dir='ltr'>στρατεύσας</span> <span class='ocrx_word' id='word_1_399' title='bbox 3001 2325 3138 2378; x_wconf 84' lang='grc' dir='ltr'>κατά</span> <span class='ocrx_word' id='word_1_400' title='bbox 3167 2321 3424 2396; x_wconf 88' lang='grc' dir='ltr'>Τούρκων</span> <span class='ocrx_word' id='word_1_401' title='bbox 3459 2315 3746 2394; x_wconf 75' lang='grc' dir='ltr'>βαρϐάρων</span> 
     </span>
    </p>
   </div>
   <div class='ocr_carea' id='block_1_83' title="bbox 2449 2407 3474 2487">
    <p class='ocr_par' dir='ltr' id='par_1_83' title="bbox 2449 2407 3474 2487">
     <span class='ocr_line' id='line_1_83' title="bbox 2449 2407 3474 2487; baseline -0.009 -17"><span class='ocrx_word' id='word_1_402' title='bbox 2449 2415 2590 2470; x_wconf 81' lang='grc' dir='ltr'>Κατᾶ</span> <span class='ocrx_word' id='word_1_403' title='bbox 2617 2415 2683 2468; x_wconf 77' lang='grc' dir='ltr'>τὰ</span> <span class='ocrx_word' id='word_1_404' title='bbox 2716 2413 3016 2487; x_wconf 81' lang='grc' dir='ltr'>μιλάγγεια</span> <span class='ocrx_word' id='word_1_405' title='bbox 3045 2418 3145 2478; x_wconf 79' lang='grc' dir='ltr'>τῆς</span> <span class='ocrx_word' id='word_1_406' title='bbox 3171 2407 3244 2463; x_wconf 72' lang='grc' dir='ltr'>ἕω</span> <span class='ocrx_word' id='word_1_407' title='bbox 3273 2409 3474 2469; x_wconf 89' lang='grc' dir='ltr'>τόπους</span> 
     </span>
    </p>
   </div>
   <div class='ocr_carea' id='block_1_84' title="bbox 2445 2495 3625 2579">
    <p class='ocr_par' dir='ltr' id='par_1_84' title="bbox 2445 2495 3625 2579">
     <span class='ocr_line' id='line_1_84' title="bbox 2445 2495 3625 2579; baseline -0.01 -19"><span class='ocrx_word' id='word_1_408' title='bbox 2445 2504 2720 2579; x_wconf 84' lang='grc' dir='ltr'>Τούρκους</span> <span class='ocrx_word' id='word_1_409' title='bbox 2754 2500 3018 2575; x_wconf 83' lang='grc' dir='ltr'>μετῆλθεν</span> <span class='ocrx_word' id='word_1_410' title='bbox 3052 2497 3400 2572; x_wconf 86' lang='grc' dir='ltr'>ἀναχαιτίσας</span> <span class='ocrx_word' id='word_1_411' title='bbox 3431 2495 3625 2556; x_wconf 83' lang='grc' dir='ltr'>ὅπλοις</span> 
     </span>
    </p>
   </div>
   <div class='ocr_carea' id='block_1_85' title="bbox 2448 2585 3682 2668">
    <p class='ocr_par' dir='ltr' id='par_1_85' title="bbox 2448 2585 3682 2668">
     <span class='ocr_line' id='line_1_85' title="bbox 2448 2585 3682 2668; baseline -0.009 -21"><span class='ocrx_word' id='word_1_412' title='bbox 2448 2593 2553 2647; x_wconf 83' lang='grc' dir='ltr'>Καὶ</span> <span class='ocrx_word' id='word_1_413' title='bbox 2583 2598 2682 2660; x_wconf 80' lang='grc' dir='ltr'>τῆς</span> <span class='ocrx_word' id='word_1_414' title='bbox 2716 2589 2964 2668; x_wconf 79' lang='grc' dir='ltr'>φυλακῆς</span> <span class='ocrx_word' id='word_1_415' title='bbox 2996 2585 3283 2665; x_wconf 79' lang='grc' dir='ltr'>φροντίσας</span> <span class='ocrx_word' id='word_1_416' title='bbox 3315 2589 3420 2638; x_wconf 89' lang='grc' dir='ltr'>τῶν</span> <span class='ocrx_word' id='word_1_417' title='bbox 3456 2585 3682 2656; x_wconf 79' lang='grc' dir='ltr'>ἀστέων,</span> 
     </span>
    </p>
   </div>
   <div class='ocr_carea' id='block_1_86' title="bbox 2271 2671 3565 2755">
    <p class='ocr_par' dir='ltr' id='par_1_86' title="bbox 2271 2671 3565 2755">
     <span class='ocr_line' id='line_1_86' title="bbox 2271 2671 3565 2755; baseline -0.01 -18"><span class='ocrx_word' id='word_1_418' title='bbox 2271 2684 2409 2738; x_wconf 85' lang='grc'>4080</span> <span class='ocrx_word' id='word_1_419' title='bbox 2449 2682 2541 2742; x_wconf 63' lang='grc' dir='ltr'>Εἲς</span> <span class='ocrx_word' id='word_1_420' title='bbox 2573 2683 2670 2749; x_wconf 74' lang='grc' dir='ltr'>τὴν</span> <span class='ocrx_word' id='word_1_421' title='bbox 2708 2677 3095 2755; x_wconf 81' lang='grc' dir='ltr'>βασιλεύουσαν</span> <span class='ocrx_word' id='word_1_422' title='bbox 3120 2671 3565 2748; x_wconf 80' lang='grc' dir='ltr'>ἀνθυποστρέφει.</span> 
     </span>
    </p>
   </div>
   <div class='ocr_carea' id='block_1_87' title="bbox 2449 2759 3651 2844">
    <p class='ocr_par' dir='ltr' id='par_1_87' title="bbox 2449 2759 3651 2844">
     <span class='ocr_line' id='line_1_87' title="bbox 2449 2759 3651 2844; baseline -0.011 -19"><span class='ocrx_word' id='word_1_423' title='bbox 2449 2771 2560 2826; x_wconf 71' lang='grc' dir='ltr'>Εἶτ’</span> <span class='ocrx_word' id='word_1_424' title='bbox 2592 2767 2927 2844; x_wconf 75' lang='grc' dir='ltr'>έκστρατεύει</span> <span class='ocrx_word' id='word_1_425' title='bbox 2955 2765 3089 2819; x_wconf 84' lang='grc' dir='ltr'>κατά</span> <span class='ocrx_word' id='word_1_426' title='bbox 3120 2766 3336 2838; x_wconf 85' lang='grc' dir='ltr'>Περσῶν</span> <span class='ocrx_word' id='word_1_427' title='bbox 3369 2761 3457 2815; x_wconf 75' lang='grc' dir='ltr'>καὶ</span> <span class='ocrx_word' id='word_1_428' title='bbox 3488 2759 3651 2814; x_wconf 87' lang='grc' dir='ltr'>πάλιν</span> 
     </span>
    </p>
   </div>
   <div class='ocr_carea' id='block_1_88' title="bbox 2451 2847 3712 2931">
    <p class='ocr_par' dir='ltr' id='par_1_88' title="bbox 2451 2847 3712 2931">
     <span class='ocr_line' id='line_1_88' title="bbox 2451 2847 3712 2931; baseline -0.01 -18"><span class='ocrx_word' id='word_1_429' title='bbox 2451 2859 2560 2918; x_wconf 75' lang='grc' dir='ltr'>Τὰς</span> <span class='ocrx_word' id='word_1_430' title='bbox 2592 2857 2725 2931; x_wconf 89' lang='grc' dir='ltr'>πρὸς</span> <span class='ocrx_word' id='word_1_431' title='bbox 2754 2860 2992 2924; x_wconf 83' lang='grc' dir='ltr'>Πιθηκᾶν</span> <span class='ocrx_word' id='word_1_432' title='bbox 3023 2850 3460 2926; x_wconf 82' lang='grc' dir='ltr'>κατατρεχόντων</span> <span class='ocrx_word' id='word_1_433' title='bbox 3497 2847 3712 2918; x_wconf 84' lang='grc' dir='ltr'>πόλεις,</span> 
     </span>
    </p>
   </div>
   <div class='ocr_carea' id='block_1_89' title="bbox 2451 2938 3523 3015">
    <p class='ocr_par' dir='ltr' id='par_1_89' title="bbox 2451 2938 3523 3015">
     <span class='ocr_line' id='line_1_89' title="bbox 2451 2938 3523 3015; baseline -0.008 -14"><span class='ocrx_word' id='word_1_434' title='bbox 2451 2945 2873 3015; x_wconf 85' lang='grc' dir='ltr'>Λεηλατούντων</span> <span class='ocrx_word' id='word_1_435' title='bbox 2903 2943 2988 2996; x_wconf 82' lang='grc' dir='ltr'>καὶ</span> <span class='ocrx_word' id='word_1_436' title='bbox 3019 2938 3336 3010; x_wconf 82' lang='grc' dir='ltr'>Θρᾳκησίων</span> <span class='ocrx_word' id='word_1_437' title='bbox 3366 2938 3523 3009; x_wconf 81' lang='grc' dir='ltr'>θέμα.</span> 
     </span>
    </p>
   </div>
   <div class='ocr_carea' id='block_1_90' title="bbox 2450 3027 3535 3108">
    <p class='ocr_par' dir='ltr' id='par_1_90' title="bbox 2450 3027 3535 3108">
     <span class='ocr_line' id='line_1_90' title="bbox 2450 3027 3535 3108; baseline -0.01 -18"><span class='ocrx_word' id='word_1_438' title='bbox 2450 3036 2644 3092; x_wconf 88' lang='grc' dir='ltr'>Τοίνυν</span> <span class='ocrx_word' id='word_1_439' title='bbox 2681 3027 2914 3108; x_wconf 76' lang='grc' dir='ltr'>ὑπερϐὰς</span> <span class='ocrx_word' id='word_1_440' title='bbox 2950 3028 3144 3084; x_wconf 84' lang='grc' dir='ltr'>Δυδιαν</span> <span class='ocrx_word' id='word_1_441' title='bbox 3176 3028 3265 3082; x_wconf 87' lang='grc' dir='ltr'>καὶ</span> <span class='ocrx_word' id='word_1_442' title='bbox 3299 3027 3535 3102; x_wconf 85' lang='grc' dir='ltr'>Φρυγίαν</span> 
     </span>
    </p>
   </div>
   <div class='ocr_carea' id='block_1_91' title="bbox 2275 3117 3556 3198">
    <p class='ocr_par' dir='ltr' id='par_1_91' title="bbox 2275 3117 3556 3198">
     <span class='ocr_line' id='line_1_91' title="bbox 2275 3117 3556 3198; baseline -0.013 -15"><span class='ocrx_word' id='word_1_443' title='bbox 2275 3129 2413 3182; x_wconf 80' lang='grc'>4085</span> <span class='ocrx_word' id='word_1_444' title='bbox 2451 3124 2608 3194; x_wconf 78' lang='grc' dir='ltr'>’Ἁναξ</span> <span class='ocrx_word' id='word_1_445' title='bbox 2639 3121 2831 3191; x_wconf 84' lang='grc' dir='ltr'>ἐπέστη</span> <span class='ocrx_word' id='word_1_446' title='bbox 2867 3118 3144 3198; x_wconf 70' lang='grc' dir='ltr'>φρουρίοις</span> <span class='ocrx_word' id='word_1_447' title='bbox 3176 3117 3556 3188; x_wconf 74' lang='grc' dir='ltr'>κακουμένοις,</span> 
     </span>
    </p>
   </div>
   <div class='ocr_carea' id='block_1_92' title="bbox 2447 3203 3566 3283">
    <p class='ocr_par' dir='ltr' id='par_1_92' title="bbox 2447 3203 3566 3283">
     <span class='ocr_line' id='line_1_92' title="bbox 2447 3203 3566 3283; baseline -0.013 -14"><span class='ocrx_word' id='word_1_448' title='bbox 2447 3214 2548 3271; x_wconf 73' lang='grc' dir='ltr'>Καὶ</span> <span class='ocrx_word' id='word_1_449' title='bbox 2583 3210 2808 3279; x_wconf 69' lang='grc' dir='ltr'>δυνατὴν</span> <span class='ocrx_word' id='word_1_450' title='bbox 2842 3209 3089 3283; x_wconf 85' lang='grc' dir='ltr'>σύναρσιν</span> <span class='ocrx_word' id='word_1_451' title='bbox 3119 3205 3302 3265; x_wconf 79' lang='grc' dir='ltr'>αὐτοῖς</span> <span class='ocrx_word' id='word_1_452' title='bbox 3335 3203 3566 3279; x_wconf 86' lang='grc' dir='ltr'>εἰσφέρει</span> 
     </span>
    </p>
   </div>
   <div class='ocr_carea' id='block_1_93' title="bbox 2439 3291 3600 3374">
    <p class='ocr_par' dir='ltr' id='par_1_93' title="bbox 2439 3291 3600 3374">
     <span class='ocr_line' id='line_1_93' title="bbox 2439 3291 3600 3374; baseline -0.012 -18"><span class='ocrx_word' id='word_1_453' title='bbox 2439 3301 2537 3357; x_wconf 57' lang='lat' dir='ltr'>Kal</span> <span class='ocrx_word' id='word_1_454' title='bbox 2569 3301 2772 3374; x_wconf 88' lang='grc' dir='ltr'>Πέρσας</span> <span class='ocrx_word' id='word_1_455' title='bbox 2807 3297 3086 3366; x_wconf 81' lang='grc' dir='ltr'>ἀπήλασεν</span> <span class='ocrx_word' id='word_1_456' title='bbox 3116 3295 3187 3356; x_wconf 83' lang='grc' dir='ltr'>ὡς</span> <span class='ocrx_word' id='word_1_457' title='bbox 3219 3291 3558 3368; x_wconf 72' lang='grc' dir='ltr'>πορρωτάτω</span> <span class='ocrx_word' id='word_1_458' title='bbox 3588 3309 3600 3321; x_wconf 89' lang='grc'>·</span> 
     </span>
    </p>
   </div>
   <div class='ocr_carea' id='block_1_94' title="bbox 2440 3377 3554 3462">
    <p class='ocr_par' dir='ltr' id='par_1_94' title="bbox 2440 3377 3554 3462">
     <span class='ocr_line' id='line_1_94' title="bbox 2440 3377 3554 3462; baseline -0.014 -16"><span class='ocrx_word' id='word_1_459' title='bbox 2440 3391 2540 3446; x_wconf 77' lang='grc' dir='ltr'>Καὶ</span> <span class='ocrx_word' id='word_1_460' title='bbox 2569 3389 2704 3462; x_wconf 86' lang='grc' dir='ltr'>πρὸς</span> <span class='ocrx_word' id='word_1_461' title='bbox 2729 3383 3060 3457; x_wconf 82' lang='grc' dir='ltr'>Φιλομίλιον</span> <span class='ocrx_word' id='word_1_462' title='bbox 3094 3381 3342 3443; x_wconf 77' lang='grc' dir='ltr'>ἀπελθὼν</span> <span class='ocrx_word' id='word_1_463' title='bbox 3373 3377 3554 3445; x_wconf 92' lang='grc' dir='ltr'>πόλιν,</span> 
     </span>
    </p>
   </div>
   <div class='ocr_carea' id='block_1_95' title="bbox 2440 3465 3709 3546">
    <p class='ocr_par' dir='ltr' id='par_1_95' title="bbox 2440 3465 3709 3546">
     <span class='ocr_line' id='line_1_95' title="bbox 2440 3465 3709 3546; baseline -0.012 -13"><span class='ocrx_word' id='word_1_464' title='bbox 2440 3478 2668 3533; x_wconf 83' lang='grc' dir='ltr'>Κάκεῖσε</span> <span class='ocrx_word' id='word_1_465' title='bbox 2699 3474 2969 3546; x_wconf 86' lang='grc' dir='ltr'>Τούρκοις</span> <span class='ocrx_word' id='word_1_466' title='bbox 3008 3465 3300 3546; x_wconf 76' lang='grc' dir='ltr'>βαρϐάροις</span> <span class='ocrx_word' id='word_1_467' title='bbox 3335 3468 3653 3541; x_wconf 81' lang='grc' dir='ltr'>ἐντυγχάνει</span> <span class='ocrx_word' id='word_1_468' title='bbox 3699 3485 3709 3495; x_wconf 73' lang='grc'><strong><em>⁸</em></strong></span> 
     </span>
    </p>
   </div>
   <div class='ocr_carea' id='block_1_96' title="bbox 2264 3555 3601 3639">
    <p class='ocr_par' dir='ltr' id='par_1_96' title="bbox 2264 3555 3601 3639">
     <span class='ocr_line' id='line_1_96' title="bbox 2264 3555 3601 3639; baseline -0.012 -15"><span class='ocrx_word' id='word_1_469' title='bbox 2264 3569 2402 3624; x_wconf 85' lang='grc'>4090</span> <span class='ocrx_word' id='word_1_470' title='bbox 2442 3565 2540 3623; x_wconf 84' lang='grc' dir='ltr'>Καὶ</span> <span class='ocrx_word' id='word_1_471' title='bbox 2566 3565 2804 3639; x_wconf 84' lang='grc' dir='ltr'>πείρεται</span> <span class='ocrx_word' id='word_1_472' title='bbox 2831 3560 2896 3630; x_wconf 81' lang='grc' dir='ltr'><strong>δὴ</strong></span> <span class='ocrx_word' id='word_1_473' title='bbox 2923 3562 3012 3614; x_wconf 84' lang='grc' dir='ltr'>τὸν</span> <span class='ocrx_word' id='word_1_474' title='bbox 3037 3557 3202 3619; x_wconf 79' lang='grc' dir='ltr'>ποδὸς</span> <span class='ocrx_word' id='word_1_475' title='bbox 3230 3557 3424 3631; x_wconf 87' lang='grc' dir='ltr'>ταρσὸν</span> <span class='ocrx_word' id='word_1_476' title='bbox 3457 3555 3601 3630; x_wconf 87' lang='grc' dir='ltr'>βέλει</span> 
     </span>
    </p>
   </div>
   <div class='ocr_carea' id='block_1_97' title="bbox 2439 3644 3589 3727">
    <p class='ocr_par' dir='ltr' id='par_1_97' title="bbox 2439 3644 3589 3727">
     <span class='ocr_line' id='line_1_97' title="bbox 2439 3644 3589 3727; baseline -0.01 -18"><span class='ocrx_word' id='word_1_477' title='bbox 2439 3657 2552 3708; x_wconf 80' lang='grc' dir='ltr'>Ὑπ⁹</span> <span class='ocrx_word' id='word_1_478' title='bbox 2585 3654 2887 3727; x_wconf 72' lang='grc' dir='ltr'>Ἀγαρηνοῦ</span> <span class='ocrx_word' id='word_1_479' title='bbox 2918 3648 3308 3723; x_wconf 85' lang='grc' dir='ltr'>λογχοτρώτου</span> <span class='ocrx_word' id='word_1_480' title='bbox 3339 3644 3589 3718; x_wconf 83' lang='grc' dir='ltr'>κειμένου</span> 
     </span>
    </p>
   </div>
   <div class='ocr_carea' id='block_1_98' title="bbox 2439 3733 3550 3813">
    <p class='ocr_par' dir='ltr' id='par_1_98' title="bbox 2439 3733 3550 3813">
     <span class='ocr_line' id='line_1_98' title="bbox 2439 3733 3550 3813; baseline -0.012 -15"><span class='ocrx_word' id='word_1_481' title='bbox 2439 3746 2587 3799; x_wconf 75' lang='grc' dir='ltr'>’Ἃνω</span> <span class='ocrx_word' id='word_1_482' title='bbox 2617 3743 2752 3796; x_wconf 89' lang='grc' dir='ltr'>κατά</span> <span class='ocrx_word' id='word_1_483' title='bbox 2777 3738 3054 3812; x_wconf 87' lang='grc' dir='ltr'>πέλματος</span> <span class='ocrx_word' id='word_1_484' title='bbox 3092 3735 3313 3813; x_wconf 84' lang='grc' dir='ltr'>ἀφέντος</span> <span class='ocrx_word' id='word_1_485' title='bbox 3352 3733 3512 3808; x_wconf 85' lang='grc' dir='ltr'>βέλος</span> <span class='ocrx_word' id='word_1_486' title='bbox 3539 3749 3550 3762; x_wconf 91' lang='grc'><strong>·</strong></span> 
     </span>
    </p>
   </div>
   <div class='ocr_carea' id='block_1_99' title="bbox 2441 3822 3470 3896">
    <p class='ocr_par' dir='ltr' id='par_1_99' title="bbox 2441 3822 3470 3896">
     <span class='ocr_line' id='line_1_99' title="bbox 2441 3822 3470 3896; baseline -0.013 -10"><span class='ocrx_word' id='word_1_487' title='bbox 2441 3832 2696 3893; x_wconf 82' lang='grc' dir='ltr'>Κάκεῖθεν</span> <span class='ocrx_word' id='word_1_488' title='bbox 2733 3827 2804 3888; x_wconf 83' lang='grc' dir='ltr'>ὥς</span> <span class='ocrx_word' id='word_1_489' title='bbox 2837 3848 2918 3887; x_wconf 89' lang='grc' dir='ltr'>τις</span> <span class='ocrx_word' id='word_1_490' title='bbox 2951 3825 3101 3884; x_wconf 85' lang='grc' dir='ltr'>ἀετὸς</span> <span class='ocrx_word' id='word_1_491' title='bbox 3130 3822 3470 3896; x_wconf 83' lang='grc' dir='ltr'>ταχυπτέρυξ</span> 
     </span>
    </p>
   </div>
   <div class='ocr_carea' id='block_1_100' title="bbox 2441 3908 3495 3991">
    <p class='ocr_par' dir='ltr' id='par_1_100' title="bbox 2441 3908 3495 3991">
     <span class='ocr_line' id='line_1_100' title="bbox 2441 3908 3495 3991; baseline -0.013 -17"><span class='ocrx_word' id='word_1_492' title='bbox 2441 3921 2616 3988; x_wconf 85' lang='grc' dir='ltr'>’Ἑπτη</span> <span class='ocrx_word' id='word_1_493' title='bbox 2651 3917 2784 3991; x_wconf 79' lang='grc' dir='ltr'>πρὸς</span> <span class='ocrx_word' id='word_1_494' title='bbox 2818 3914 2982 3982; x_wconf 68' lang='grc' dir='ltr'>αὐτὴν</span> <span class='ocrx_word' id='word_1_495' title='bbox 3014 3913 3284 3967; x_wconf 83' lang='grc' dir='ltr'>Ἰκονιέων</span> <span class='ocrx_word' id='word_1_496' title='bbox 3309 3908 3495 3978; x_wconf 83' lang='grc' dir='ltr'>πόλιν,</span> 
     </span>
    </p>
   </div>
   <div class='ocr_carea' id='block_1_101' title="bbox 2267 3995 3599 4075">
    <p class='ocr_par' dir='ltr' id='par_1_101' title="bbox 2267 3995 3599 4075">
     <span class='ocr_line' id='line_1_101' title="bbox 2267 3995 3599 4075; baseline -0.014 -9"><span class='ocrx_word' id='word_1_497' title='bbox 2267 4011 2407 4067; x_wconf 83' lang='grc'>4095</span> <span class='ocrx_word' id='word_1_498' title='bbox 2445 4009 2548 4064; x_wconf 79' lang='grc' dir='ltr'>Καὶ</span> <span class='ocrx_word' id='word_1_499' title='bbox 2580 4003 2743 4075; x_wconf 75' lang='grc' dir='ltr'>τῆσδε</span> <span class='ocrx_word' id='word_1_500' title='bbox 2769 4005 2939 4058; x_wconf 87' lang='grc' dir='ltr'>πάντα</span> <span class='ocrx_word' id='word_1_501' title='bbox 2968 4001 3298 4074; x_wconf 86' lang='grc' dir='ltr'>κατακείρων</span> <span class='ocrx_word' id='word_1_502' title='bbox 3330 3998 3395 4051; x_wconf 77' lang='grc' dir='ltr'>τὰ</span> <span class='ocrx_word' id='word_1_503' title='bbox 3420 3995 3599 4070; x_wconf 77' lang='grc' dir='ltr'>πέριξ,</span> 
     </span>
    </p>
   </div>
   <div class='ocr_carea' id='block_1_102' title="bbox 2447 4086 3590 4172">
    <p class='ocr_par' dir='ltr' id='par_1_102' title="bbox 2447 4086 3590 4172">
     <span class='ocr_line' id='line_1_102' title="bbox 2447 4086 3590 4172; baseline -0.012 -21"><span class='ocrx_word' id='word_1_504' title='bbox 2447 4098 2589 4172; x_wconf 83' lang='grc' dir='ltr'>Πρὸς</span> <span class='ocrx_word' id='word_1_505' title='bbox 2622 4091 2876 4170; x_wconf 80' lang='grc' dir='ltr'>βασιλίδα</span> <span class='ocrx_word' id='word_1_506' title='bbox 2901 4091 2995 4157; x_wconf 83' lang='grc' dir='ltr'>τήν</span> <span class='ocrx_word' id='word_1_507' title='bbox 3030 4089 3190 4144; x_wconf 87' lang='grc' dir='ltr'>πόλιν</span> <span class='ocrx_word' id='word_1_508' title='bbox 3223 4086 3590 4172; x_wconf 53' lang='grc' dir='ltr'>ὑποστρέφεις</span> 
     </span>
    </p>
   </div>
   <div class='ocr_carea' id='block_1_103' title="bbox 2445 4170 3688 4258">
    <p class='ocr_par' dir='ltr' id='par_1_103' title="bbox 2445 4170 3688 4258">
     <span class='ocr_line' id='line_1_103' title="bbox 2445 4170 3688 4258; baseline -0.012 -19"><span class='ocrx_word' id='word_1_509' title='bbox 2445 4170 2668 4257; x_wconf 78' lang='grc' dir='ltr'>Ὑπῆρξε</span> <span class='ocrx_word' id='word_1_510' title='bbox 2699 4180 2936 4258; x_wconf 77' lang='grc' dir='ltr'>φροντὶς,</span> <span class='ocrx_word' id='word_1_511' title='bbox 2971 4179 3044 4240; x_wconf 84' lang='grc' dir='ltr'>ὡς</span> <span class='ocrx_word' id='word_1_512' title='bbox 3075 4177 3236 4252; x_wconf 85' lang='grc' dir='ltr'>πατρὶ</span> <span class='ocrx_word' id='word_1_513' title='bbox 3271 4175 3464 4229; x_wconf 81' lang='grc' dir='ltr'>τούτου</span> <span class='ocrx_word' id='word_1_514' title='bbox 3496 4170 3688 4243; x_wconf 86' lang='grc' dir='ltr'>πάλαι,</span> 
     </span>
    </p>
   </div>
   <div class='ocr_carea' id='block_1_104' title="bbox 2448 4262 3603 4343">
    <p class='ocr_par' dir='ltr' id='par_1_104' title="bbox 2448 4262 3603 4343">
     <span class='ocr_line' id='line_1_104' title="bbox 2448 4262 3603 4343; baseline -0.013 -15"><span class='ocrx_word' id='word_1_515' title='bbox 2448 4275 2551 4329; x_wconf 77' lang='grc' dir='ltr'>Καὶ</span> <span class='ocrx_word' id='word_1_516' title='bbox 2581 4267 2722 4343; x_wconf 78' lang='grc' dir='ltr'>τῷδε</span> <span class='ocrx_word' id='word_1_517' title='bbox 2749 4272 2945 4322; x_wconf 80' lang='grc' dir='ltr'>κοινῶν</span> <span class='ocrx_word' id='word_1_518' title='bbox 2980 4267 3221 4340; x_wconf 82' lang='grc' dir='ltr'>πράξεων</span> <span class='ocrx_word' id='word_1_519' title='bbox 3255 4262 3603 4338; x_wconf 82' lang='grc' dir='ltr'>στεφηφόρῳ,</span> 
     </span>
    </p>
   </div>
   <div class='ocr_carea' id='block_1_105' title="bbox 2190 3174 2232 3238">
    <p class='ocr_par' dir='ltr' id='par_1_105' title="bbox 2190 3174 2232 3238">
     <span class='ocr_line' id='line_1_105' title="bbox 2190 3174 2232 3238; baseline 0 -4"><span class='ocrx_word' id='word_1_520' title='bbox 2190 3174 2232 3238; x_wconf 88' lang='lat' dir='ltr'>C</span> 
     </span>
    </p>
   </div>
   <div class='ocr_carea' id='block_1_106' title="bbox 2446 4347 3624 4433">
    <p class='ocr_par' dir='ltr' id='par_1_106' title="bbox 2446 4347 3624 4433">
     <span class='ocr_line' id='line_1_106' title="bbox 2446 4347 3624 4433; baseline -0.014 -16"><span class='ocrx_word' id='word_1_521' title='bbox 2446 4364 2542 4422; x_wconf 88' lang='grc' dir='ltr'>Ὃς</span> <span class='ocrx_word' id='word_1_522' title='bbox 2573 4360 2661 4414; x_wconf 76' lang='grc' dir='ltr'>καὶ</span> <span class='ocrx_word' id='word_1_523' title='bbox 2689 4357 2929 4433; x_wconf 70' lang='grc' dir='ltr'>συνήφθη</span> <span class='ocrx_word' id='word_1_524' title='bbox 2964 4355 3098 4429; x_wconf 83' lang='grc' dir='ltr'>πρὸς</span> <span class='ocrx_word' id='word_1_525' title='bbox 3129 4351 3308 4427; x_wconf 83' lang='grc' dir='ltr'>γάμου</span> <span class='ocrx_word' id='word_1_526' title='bbox 3340 4347 3624 4404; x_wconf 90' lang='grc' dir='ltr'>κοινωνίαν</span> 
     </span>
    </p>
   </div>
   <div class='ocr_carea' id='block_1_107' title="bbox 2277 4440 3490 4519">
    <p class='ocr_par' dir='ltr' id='par_1_107' title="bbox 2277 4440 3490 4519">
     <span class='ocr_line' id='line_1_107' title="bbox 2277 4440 3490 4519; baseline -0.012 -11"><span class='ocrx_word' id='word_1_527' title='bbox 2277 4454 2416 4510; x_wconf 78' lang='grc'>4100</span> <span class='ocrx_word' id='word_1_528' title='bbox 2454 4451 2539 4518; x_wconf 80' lang='grc' dir='ltr'>Ἐξ</span> <span class='ocrx_word' id='word_1_529' title='bbox 2573 4447 2896 4518; x_wconf 86' lang='grc' dir='ltr'>Ἀλαμανῶν</span> <span class='ocrx_word' id='word_1_530' title='bbox 2928 4441 3268 4519; x_wconf 74' lang='grc' dir='ltr'>εὐγενεστάτη</span> <span class='ocrx_word' id='word_1_531' title='bbox 3297 4440 3490 4514; x_wconf 77' lang='grc' dir='ltr'>κόρῃς,</span> 
     </span>
    </p>
   </div>
   <div class='ocr_carea' id='block_1_108' title="bbox 2204 4528 3412 4610">
    <p class='ocr_par' dir='ltr' id='par_1_108' title="bbox 2204 4528 3412 4610">
     <span class='ocr_line' id='line_1_108' title="bbox 2204 4528 3412 4610; baseline -0.008 -19"><span class='ocrx_word' id='word_1_532' title='bbox 2204 4528 2246 4590; x_wconf 81' lang='grc' dir='ltr'>Ῑ)</span> <span class='ocrx_word' id='word_1_533' title='bbox 2453 4541 2587 4598; x_wconf 88' lang='grc' dir='ltr'>Ταῖς</span> <span class='ocrx_word' id='word_1_534' title='bbox 2620 4537 2822 4610; x_wconf 82' lang='grc' dir='ltr'>ἀρετῶν</span> <span class='ocrx_word' id='word_1_535' title='bbox 2858 4534 3074 4607; x_wconf 86' lang='grc' dir='ltr'>χάρισιν</span> <span class='ocrx_word' id='word_1_536' title='bbox 3106 4529 3412 4603; x_wconf 80' lang='grc' dir='ltr'>ὡραϊσμένῃ</span> 
     </span>
    </p>
   </div>
   <div class='ocr_carea' id='block_1_109' title="bbox 2459 4611 3650 4701">
    <p class='ocr_par' dir='ltr' id='par_1_109' title="bbox 2459 4611 3650 4701">
     <span class='ocr_line' id='line_1_109' title="bbox 2459 4611 3650 4701; baseline -0.014 -19"><span class='ocrx_word' id='word_1_537' title='bbox 2459 4627 2582 4701; x_wconf 83' lang='grc' dir='ltr'>Οὐχ</span> <span class='ocrx_word' id='word_1_538' title='bbox 2609 4628 2771 4694; x_wconf 78' lang='grc' dir='ltr'>ἧττον</span> <span class='ocrx_word' id='word_1_539' title='bbox 2802 4623 2837 4692; x_wconf 66' lang='grc' dir='ltr'>ἢ</span> <span class='ocrx_word' id='word_1_540' title='bbox 2889 4622 3140 4694; x_wconf 85' lang='grc' dir='ltr'>σώματος</span> <span class='ocrx_word' id='word_1_541' title='bbox 3172 4617 3288 4693; x_wconf 80' lang='grc' dir='ltr'>ὥρᾳ</span> <span class='ocrx_word' id='word_1_542' title='bbox 3314 4615 3403 4670; x_wconf 84' lang='grc' dir='ltr'>καὶ</span> <span class='ocrx_word' id='word_1_543' title='bbox 3434 4611 3650 4669; x_wconf 84' lang='grc' dir='ltr'>πλάσει.</span> 
     </span>
    </p>
   </div>
   <div class='ocr_carea' id='block_1_110' title="bbox 2456 4703 3691 4786">
    <p class='ocr_par' dir='ltr' id='par_1_110' title="bbox 2456 4703 3691 4786">
     <span class='ocr_line' id='line_1_110' title="bbox 2456 4703 3691 4786; baseline -0.014 -15"><span class='ocrx_word' id='word_1_544' title='bbox 2456 4716 2658 4770; x_wconf 87' lang='grc' dir='ltr'>Τούτου</span> <span class='ocrx_word' id='word_1_545' title='bbox 2688 4710 3032 4786; x_wconf 67' lang='grc' dir='ltr'>κρατούντος,</span> <span class='ocrx_word' id='word_1_546' title='bbox 3066 4708 3124 4762; x_wconf 79' lang='grc' dir='ltr'>ἐκ</span> <span class='ocrx_word' id='word_1_547' title='bbox 3152 4705 3436 4778; x_wconf 73' lang='grc' dir='ltr'>κλιμάτων</span> <span class='ocrx_word' id='word_1_548' title='bbox 3465 4703 3691 4776; x_wconf 71' lang='grc' dir='ltr'>ἑσπέρας</span> 
     </span>
    </p>
   </div>
   <div class='ocr_carea' id='block_1_111' title="bbox 2458 4792 3569 4876">
    <p class='ocr_par' dir='ltr' id='par_1_111' title="bbox 2458 4792 3569 4876">
     <span class='ocr_line' id='line_1_111' title="bbox 2458 4792 3569 4876; baseline -0.014 -16"><span class='ocrx_word' id='word_1_549' title='bbox 2458 4803 2785 4876; x_wconf 86' lang='grc' dir='ltr'>Ἀλαμανῶν</span> <span class='ocrx_word' id='word_1_550' title='bbox 2809 4801 3111 4874; x_wconf 88' lang='grc' dir='ltr'>στράτευμα</span> <span class='ocrx_word' id='word_1_551' title='bbox 3139 4795 3376 4866; x_wconf 85' lang='grc' dir='ltr'>καθάπερ</span> <span class='ocrx_word' id='word_1_552' title='bbox 3408 4792 3569 4865; x_wconf 78' lang='grc' dir='ltr'>νέφος</span> 
     </span>
    </p>
   </div>
   <div class='ocr_carea' id='block_1_112' title="bbox 2283 4880 3586 4966">
    <p class='ocr_par' dir='ltr' id='par_1_112' title="bbox 2283 4880 3586 4966">
     <span class='ocr_line' id='line_1_112' title="bbox 2283 4880 3586 4966; baseline -0.017 -12"><span class='ocrx_word' id='word_1_553' title='bbox 2283 4898 2422 4954; x_wconf 78' lang='grc'>4105</span> <span class='ocrx_word' id='word_1_554' title='bbox 2462 4894 2640 4949; x_wconf 86' lang='grc' dir='ltr'>Δεινὸν</span> <span class='ocrx_word' id='word_1_555' title='bbox 2670 4889 2911 4966; x_wconf 83' lang='grc' dir='ltr'>τετριγὸς</span> <span class='ocrx_word' id='word_1_556' title='bbox 2945 4887 3232 4964; x_wconf 80' lang='grc' dir='ltr'>φθαρτικόν</span> <span class='ocrx_word' id='word_1_557' title='bbox 3264 4903 3321 4937; x_wconf 84' lang='grc' dir='ltr'>τε</span> <span class='ocrx_word' id='word_1_558' title='bbox 3349 4880 3586 4949; x_wconf 78' lang='grc' dir='ltr'>καθάπαξ</span> 
     </span>
    </p>
   </div>
   <div class='ocr_carea' id='block_1_113' title="bbox 2458 4967 3423 5057">
    <p class='ocr_par' dir='ltr' id='par_1_113' title="bbox 2458 4967 3423 5057">
     <span class='ocr_line' id='line_1_113' title="bbox 2458 4967 3423 5057; baseline -0.018 -18"><span class='ocrx_word' id='word_1_559' title='bbox 2458 4982 2874 5057; x_wconf 80' lang='grc' dir='ltr'>Ἐπεισέφρησεν</span> <span class='ocrx_word' id='word_1_560' title='bbox 2906 4975 3100 5047; x_wconf 88' lang='grc' dir='ltr'>ἀθρόον</span> <span class='ocrx_word' id='word_1_561' title='bbox 3133 4967 3423 5044; x_wconf 74' lang='grc' dir='ltr'>Ῥωμαίδι,</span> 
     </span>
    </p>
   </div>
   <div class='ocr_carea' id='block_1_114' title="bbox 2457 5057 3589 5146">
    <p class='ocr_par' dir='ltr' id='par_1_114' title="bbox 2457 5057 3589 5146">
     <span class='ocr_line' id='line_1_114' title="bbox 2457 5057 3589 5146; baseline -0.014 -20"><span class='ocrx_word' id='word_1_562' title='bbox 2457 5075 2564 5141; x_wconf 78' lang='grc' dir='ltr'>Τὴν</span> <span class='ocrx_word' id='word_1_563' title='bbox 2595 5072 2732 5146; x_wconf 87' lang='grc' dir='ltr'>πρὸς</span> <span class='ocrx_word' id='word_1_564' title='bbox 2767 5069 2904 5122; x_wconf 88' lang='grc' dir='ltr'>Σιὼν</span> <span class='ocrx_word' id='word_1_565' title='bbox 2939 5063 3111 5139; x_wconf 78' lang='grc' dir='ltr'>ἄφιξιν</span> <span class='ocrx_word' id='word_1_566' title='bbox 3145 5063 3351 5136; x_wconf 75' lang='grc' dir='ltr'>αὐχοῢν</span> <span class='ocrx_word' id='word_1_567' title='bbox 3377 5057 3546 5113; x_wconf 72' lang='grc' dir='ltr'>αἷτίαν</span> <span class='ocrx_word' id='word_1_568' title='bbox 3577 5076 3589 5088; x_wconf 77' lang='grc'><strong><em>⁸</em></strong></span> 
     </span>
    </p>
   </div>
   <div class='ocr_carea' id='block_1_115' title="bbox 2459 5142 3762 5235">
    <p class='ocr_par' dir='ltr' id='par_1_115' title="bbox 2459 5142 3762 5235">
     <span class='ocr_line' id='line_1_115' title="bbox 2459 5142 3762 5235; baseline -0.015 -20"><span class='ocrx_word' id='word_1_569' title='bbox 2459 5163 2554 5214; x_wconf 85' lang='grc' dir='ltr'>Ὧν</span> <span class='ocrx_word' id='word_1_570' title='bbox 2719 5151 2998 5232; x_wconf 78' lang='grc' dir='ltr'>Κορῥάδος</span> <span class='ocrx_word' id='word_1_571' title='bbox 3025 5152 3089 5220; x_wconf 75' lang='grc' dir='ltr'>ἦν</span> <span class='ocrx_word' id='word_1_572' title='bbox 3125 5148 3426 5225; x_wconf 85' lang='grc' dir='ltr'>στρατηγὸς</span> <span class='ocrx_word' id='word_1_573' title='bbox 3453 5142 3762 5235; x_wconf 56' lang='grc' dir='ltr'>ταγμάτων,</span> 
     </span>
    </p>
   </div>
   <div class='ocr_carea' id='block_1_116' title="bbox 2462 5232 3663 5320">
    <p class='ocr_par' dir='ltr' id='par_1_116' title="bbox 2462 5232 3663 5320">
     <span class='ocr_line' id='line_1_116' title="bbox 2462 5232 3663 5320; baseline -0.014 -16"><span class='ocrx_word' id='word_1_574' title='bbox 2462 5232 2801 5316; x_wconf 77' lang='grc' dir='ltr'>Φιλευσεϐἠς</span> <span class='ocrx_word' id='word_1_575' title='bbox 2834 5244 2929 5320; x_wconf 76' lang='grc' dir='ltr'>ρήξ</span> <span class='ocrx_word' id='word_1_576' title='bbox 2959 5241 3047 5296; x_wconf 78' lang='grc' dir='ltr'>καὶ</span> <span class='ocrx_word' id='word_1_577' title='bbox 3082 5239 3442 5316; x_wconf 81' lang='grc' dir='ltr'>φιλόχριστος</span> <span class='ocrx_word' id='word_1_578' title='bbox 3475 5232 3663 5304; x_wconf 82' lang='grc' dir='ltr'>πλέον,</span> 
     </span>
    </p>
   </div>
   <div class='ocr_carea' id='block_1_117' title="bbox 2286 5326 3438 5410">
    <p class='ocr_par' dir='ltr' id='par_1_117' title="bbox 2286 5326 3438 5410">
     <span class='ocr_line' id='line_1_117' title="bbox 2286 5326 3438 5410; baseline -0.017 -12"><span class='ocrx_word' id='word_1_579' title='bbox 2286 5342 2425 5398; x_wconf 74' lang='grc'><strong>4110</strong></span> <span class='ocrx_word' id='word_1_580' title='bbox 2459 5341 2557 5400; x_wconf 62' lang='lat' dir='ltr'>“Oc</span> <span class='ocrx_word' id='word_1_581' title='bbox 2591 5336 2749 5410; x_wconf 78' lang='grc' dir='ltr'>ὅρκια</span> <span class='ocrx_word' id='word_1_582' title='bbox 2779 5333 2888 5397; x_wconf 73' lang='grc' dir='ltr'>θεὶς</span> <span class='ocrx_word' id='word_1_583' title='bbox 2919 5330 3102 5387; x_wconf 80' lang='grc' dir='ltr'>ἄνακτι</span> <span class='ocrx_word' id='word_1_584' title='bbox 3134 5326 3438 5396; x_wconf 79' lang='grc' dir='ltr'>πιστευτέα,</span> 
     </span>
    </p>
   </div>
   <div class='ocr_carea' id='block_1_118' title="bbox 2461 5411 3528 5500">
    <p class='ocr_par' dir='ltr' id='par_1_118' title="bbox 2461 5411 3528 5500">
     <span class='ocr_line' id='line_1_118' title="bbox 2461 5411 3528 5500; baseline -0.015 -17"><span class='ocrx_word' id='word_1_585' title='bbox 2461 5429 2532 5484; x_wconf 88' lang='grc' dir='ltr'><strong>Ἦ</strong></span> <span class='ocrx_word' id='word_1_586' title='bbox 2567 5427 2672 5500; x_wconf 74' lang='grc' dir='ltr'>μὴν</span> <span class='ocrx_word' id='word_1_587' title='bbox 2707 5421 2993 5498; x_wconf 83' lang='grc' dir='ltr'>παρελθεῖν</span> <span class='ocrx_word' id='word_1_588' title='bbox 3025 5416 3222 5498; x_wconf 86' lang='grc' dir='ltr'>φιλίως</span> <span class='ocrx_word' id='word_1_589' title='bbox 3248 5411 3528 5500; x_wconf 52' lang='grc' dir='ltr'>Ῥωμαίδα</span> 
     </span>
    </p>
   </div>
   <div class='ocr_carea' id='block_1_119' title="bbox 2465 5495 3726 5583">
    <p class='ocr_par' dir='ltr' id='par_1_119' title="bbox 2465 5495 3726 5583">
     <span class='ocr_line' id='line_1_119' title="bbox 2465 5495 3726 5583; baseline -0.018 -10"><span class='ocrx_word' id='word_1_590' title='bbox 2465 5495 2638 5574; x_wconf 75' lang='grc' dir='ltr'>Αὐτόν</span> <span class='ocrx_word' id='word_1_591' title='bbox 2668 5535 2727 5568; x_wconf 89' lang='grc' dir='ltr'>τε</span> <span class='ocrx_word' id='word_1_592' title='bbox 2753 5495 2844 5566; x_wconf 83' lang='grc' dir='ltr'>καὶ</span> <span class='ocrx_word' id='word_1_593' title='bbox 2872 5495 3174 5583; x_wconf 83' lang='grc' dir='ltr'>στράτευμα</span> <span class='ocrx_word' id='word_1_594' title='bbox 3203 5505 3293 5560; x_wconf 82' lang='grc' dir='ltr'>καὶ</span> <span class='ocrx_word' id='word_1_595' title='bbox 3328 5496 3541 5578; x_wconf 66' lang='grc' dir='ltr'>βλάϐης</span> <span class='ocrx_word' id='word_1_596' title='bbox 3575 5495 3726 5570; x_wconf 83' lang='grc' dir='ltr'>δίχα,</span> 
     </span>
    </p>
   </div>
   <div class='ocr_carea' id='block_1_120' title="bbox 2467 5583 3760 5678">
    <p class='ocr_par' dir='ltr' id='par_1_120' title="bbox 2467 5583 3760 5678">
     <span class='ocr_line' id='line_1_120' title="bbox 2467 5583 3760 5678; baseline -0.02 -17"><span class='ocrx_word' id='word_1_597' title='bbox 2467 5603 2572 5661; x_wconf 83' lang='grc' dir='ltr'>Καὶ</span> <span class='ocrx_word' id='word_1_598' title='bbox 2602 5603 2797 5678; x_wconf 79' lang='grc' dir='ltr'>μέχρις</span> <span class='ocrx_word' id='word_1_599' title='bbox 2826 5598 2990 5668; x_wconf 77' lang='grc' dir='ltr'>αὐτῆς</span> <span class='ocrx_word' id='word_1_600' title='bbox 3018 5597 3115 5665; x_wconf 72' lang='grc' dir='ltr'>τῆς</span> <span class='ocrx_word' id='word_1_601' title='bbox 3145 5588 3552 5652; x_wconf 85' lang='grc' dir='ltr'>Κωνσταντίνου</span> <span class='ocrx_word' id='word_1_602' title='bbox 3580 5583 3760 5662; x_wconf 75' lang='grc' dir='ltr'>φθάνει</span> 
     </span>
    </p>
   </div>
   <div class='ocr_carea' id='block_1_121' title="bbox 3807 351 3913 404">
    <p class='ocr_par' dir='ltr' id='par_1_121' title="bbox 3807 351 3913 404">
     <span class='ocr_line' id='line_1_121' title="bbox 3807 351 3913 404; baseline 0 0"><span class='ocrx_word' id='word_1_603' title='bbox 3807 351 3913 404; x_wconf 82' lang='grc'>160</span> 
     </span>
    </p>
   </div>
  </div>
