4132 6300
208 378 298 434 161

367 495 474 551 Σὺν
505 498 578 568 τῇ
611 495 836 569 στρατιᾷ
863 489 954 544 καὶ
984 488 1092 561 λεῲ
1121 487 1376 558 κατηκόῳ

191 584 340 644 41157
372 581 563 654 Μηδὲν
596 581 918 654 νεοχμώσας
947 598 997 632 τι
1027 577 1134 631 τῶν
1170 575 1532 649 συγκειμένων
1564 593 1576 607 ’

369 676 493 750 Ἀφ’
529 674 590 726 οὗ
619 691 680 745 γε
709 668 956 744 πορθμὸν
991 665 1376 740 ἐκπεράσαντες
1406 663 1577 738 τάχος

369 765 604 818 Ἥνυτον
625 759 798 813 αὐτῶν
831 757 921 811 τὸν
956 754 1306 828 προκείμενον
1337 751 1562 826 δρόμον.

373 854 439 908 ,Ο
474 849 518 904 ὃ.
547 847 914 920 αὐτοκράτωρ,
947 843 1212 917 κεκρικὼς
1246 842 1376 896 εἶναι
1411 838 1527 894 δέον

381 940 464 994 Δι’
497 937 830 1012 ὑγροχὲρσου
863 935 972 1004 (54)
1006 936 1255 1005 στρατιᾶς
1288 927 1575 1005 ῥωμαλέοις

190 1033 342 1088 4120
383 1028 827 1100 Ἐπιστρατεῦσαι
857 1025 924 1094 τῇ
955 1017 1302 1093 Κερκυραίων
1333 1018 1489 1092 ἄκρᾳ,

377 1118 474 1170 Ἐκ
511 1111 742 1176 Σικελῆς
770 1109 1094 1185 προσφάτως
1123 1105 1420 1179 ναυαρχίας

381 1202 687 1274 ’Υποστάσῃ
721 1197 988 1274 πόρθησιν
1017 1195 1069 1265 ἐξ
1101 1190 1381 1263 ἀϐουλίας,

374 1292 520 1365 Πρὸς
547 1290 694 1344 τοῦτ’
723 1284 1084 1360 ἀπησχόλητο
1114 1283 1301 1343 νυκτὸς
1336 1281 1546 1356 ἡμέρας
1580 1299 1592 1313 ⁸

374 1379 481 1436 Καὶ
512 1375 801 1435 συναλίσας
834 1373 1084 1446 στρατιὰν
1117 1369 1450 1445 πανταχόθεν

185 1474 335 1528 4123
382 1468 727 1542 Φρίσσουσαν
760 1463 992 1536 αἰχμαῖς
1026 1460 1385 1532 μυριάριθμον
1420 1457 1595 1526 ξένην,

380 1554 678 1611 Χιλιόναυν
708 1550 899 1606 στόλον
931 1570 990 1604 τε
1020 1549 1153 1622 πρὸς
1179 1552 1300 1608 τοῖς
1330 1545 1374 1600 δ’
1406 1543 1632 1606 ὁπλίτας

378 1643 524 1717 Πρὸς
555 1648 716 1709 νῆσον
752 1636 1062 1710 ἐστράτευσε
1088 1637 1186 1702 τὴν
1217 1638 1324 1687 τῶν
1356 1634 1631 1697 Φαιάκων,

383 1733 485 1785 Καὶ
517 1725 636 1801 τῇδ’
668 1727 853 1804 ἐφιστᾷ
884 1726 980 1786 τας
1007 1722 1261 1796 δυνάμεις
1289 1720 1570 1791 κυκλόθεν,

379 1819 486 1876 Καὶ
522 1819 844 1890 κατακρατεῖ
870 1811 1033 1880 τῆσδε
1058 1811 1210 1883 λιμῷ
1239 1810 1325 1864 καὶ
1357 1809 1447 1883 βίᾳ
1480 1827 1492 1840 ⁸

187 1911 342 1966 4130
384 1909 496 1962 Καὶ
521 1901 886 1977 τρισαριστεὺς
910 1900 1240 1974 Πελαγονίαν
1273 1899 1455 1974 φθάνει
1484 1916 1505 1968 _'

386 1995 507 2070 Ἀφ’
538 1995 603 2059 ἧς
634 1988 870 2044 ἆπελθὼν
904 1982 1199 2062 Ἰ¹ριϐαλοῖς
1229 1988 1406 2056 ὥσπερ
1440 1983 1576 2039 λὲων

379 2077 631 2139 Σπονδὰς
661 2076 944 2132 διαλόσασι
972 2077 1065 2137 τὰς
1098 2074 1462 2149 συγκειμένας,

381 2169 485 2225 Καὶ
517 2165 826 2238 Ῥωμαϊκὰς
857 2161 1180 2237 καταδῃοῦσι
1211 2158 1420 2222 πόλεις.

385 2259 577 2332 Βρυχή
591 2276 716 2327 ματι
750 2257 882 2330 σφᾶς
914 2249 1216 2321 κατέπληξε
1243 2251 1332 2305 καὶ
1369 2250 1516 2322 μόνῳ
1549 2268 1559 2278 ·

208 2350 349 2406 4135
393 2346 550 2401 Λείαν
586 2346 631 2406 θ’
664 2341 856 2402 ἐλάσας
885 2340 972 2395 καὶ
1000 2339 1416 2416 λαφυραγωγίαν

396 2438 630 2496 Ἐκεῖθεν
665 2430 944 2502 ἀμύθητον
979 2429 1071 2500 ἅμ’
1103 2423 1478 2502 ἀνδραπόδοις,

396 2520 535 2593 Πρὸς
553 2521 653 2588 τὴν
691 2516 1078 2592 βασιλεύουσαν
1111 2513 1528 2588 ἁνθυποστρέωει
1558 2534 1570 2545 ’

398 2610 539 2668 Κᾶπὶ
568 2606 814 2680 τροπαίῳ
844 2604 1140 2680 προσφάτῳ
1171 2603 1256 2657 καὶ
1288 2607 1355 2676 τῇ
1386 2601 1506 2676 νίκῃ⁸

399 2699 684 2769 Κατήγαγε
716 2687 985 2766 Θρίαμϐον
1013 2690 1064 2746 ἐν
1095 2690 1230 2764 μέσῃ
1263 2691 1442 2747 πόλει.

214 2792 356 2846 4140
394 2789 555 2860 ’Ἄρτι
587 2781 632 2836 δ’
664 2779 1115 2852 ὑπικλάμποντος
1145 2780 1279 2853 ἦρος
1313 2779 1400 2832 καὶ
1431 2778 1614 2847 πάλιν,
1686 2818 1691 2824 .

397 2873 563 2942 Ἀναξ
595 2870 789 2940 ἐπέστη
827 2867 1158 2942 Πελαγονίας
1189 2868 1406 2936 τόποις,

395 2963 494 3017 Καὶ
531 2955 967 3036 Τριϐαλλάρχην
1001 2953 1223 3032 Οὕρεσιν
1256 2957 1590 3031 κακεργάτην

396 3051 656 3106 Μετεισεν
686 3045 836 3109 αὖθις
865 3047 1001 3100 κατά
1021 3044 1302 3117 Ῥωμαίων
1336 3043 1481 3098 ὅπλα

403 3142 671 3193 Κινοῦντα
699 3139 879 3196 κακῶς
918 3130 1160 3188 Παιόνων
1193 3120 1484 3207 συμμαχίᾳ
1517 3153 1528 3165 ·

204 3231 357 3287 4145
394 3228 547 3280 “Qa-1’
573 3225 1015 3299 ἀναθαρσήσαντα
1043 3221 1178 3276 κατὰ
1210 3219 1474 3289 συστάδην

395 3316 506 3382 Τὴν
539 3313 674 3386 πρὸς
702 3315 1002 3384 κρατοῦντα
1036 3310 1112 3380 μὴ
1145 3316 1471 3376 κατοκνῆσαι
1510 3311 1716 3382 μάχην.

402 3403 556 3462 Τέως
593 3397 848 3474 βασιλεὺς
887 3395 1222 3469 συμπλακείς
1251 3418 1398 3474 σφισι
1433 3399 1586 3471 μάχῃ

404 3491 682 3564 Τρόπαιον
715 3488 834 3556 ἱστᾷ
860 3486 995 3540 κατὰ
1028 3481 1313 3560 βαρϐάρων
1348 3483 1501 3560 μέγα.

401 3581 474 3635 ’Ὀ
501 3578 552 3631 τ’
584 3574 1015 3650 Ἀρχιζουπάνος
1048 3594 1110 3648 γε
1137 3571 1332 3642 κλῆσιν
1369 3576 1641 3648 Βακχῖνος

223 3671 369 3725 4150
409 3665 582 3735 Μόνῳ
617 3664 830 3738 βασιλεῖ
857 3664 971 3717 κατ’
1003 3659 1292 3737 ἐπιλὲγδην
1328 3661 1491 3734 μόνος

404 3754 591 3826 Μέγας
617 3773 673 3806 τε
703 3753 838 3826 φυὴν
871 3752 960 3805 καὶ
996 3749 1322 3824 Βριαρόχειρ
1353 3750 1551 3824 γίγας,.

405 3839 620 3901 ’Ἄλλος
650 3837 848 3894 Τολιὰο
882 3837 1183 3914 ὑπὲροιρρυς
1213 3835 1339 3898 τδὺς
1369 3837 1601 3910 τρόπους

400 3933 629 3984 ’Ἀνακτι
660 3921 822 3981 Δαϐἱδ
854 3927 989 3997 πρὸς
1025 3926 1208 4000 μάχην
1244 3926 1549 3994 συνεπλάκη
1572 3944 1583 3957 ·

405 4016 506 4071 Καὶ
541 4013 643 4085 θλᾷ
674 4015 1067 4088 παραπέτασμα
1097 4011 1350 4084 σιδηροῦν
1382 4014 1610 4088 κράνους

220 4109 369 4163 4155
408 4105 488 4161 Τὸ
518 4104 623 4176 πρὸ
654 4103 950 4177 προσώπου
985 4095 1254 4174 βάρϐαρος
1279 4099 1490 4174 πλήξας
1515 4101 1654 4178 ξίφει
1681 4123 1692 4132 .

411 4195 577 4263 Ἀναξ
609 4189 666 4246 δὲ
697 4189 935 4263 διέπειρε
967 4184 1244 4264 βαρϐάρου
1275 4190 1408 4264 χὲρα

406 4285 629 4355 Τριχῶν
661 4300 719 4334 τε
742 4283 932 4333 τοῦτον
967 4278 1176 4353 εὐφυῶς
1209 4274 1588 4351 δεδραγμένος,

409 4373 597 4422 Ζῶντα
629 4371 850 4439 στρατιᾷ
876 4364 1088 4439 ταχέως
1121 4364 1432 4438 παριστάνει
1469 4384 1480 4395 ·

409 4457 506 4510 Καὶ
546 4450 878 4530 βαρϐαρικοῦ
909 4452 1252 4515 διαλυθέντος
1285 4452 1528 4528 στίφους,

225 4549 374 4602 4160
412 4545 590 4614 Νίκην
619 4545 991 4618 ἀπηνέγκαντο
1023 4548 1283 4614 Ῥωμαῖοι
1317 4542 1498 4600 πάλιν.

418 4636 537 4690 Ἔτι
573 4631 617 4686 δ’
650 4631 884 4707 ἱδρῶτας
919 4631 1184 4699 Μανουὴλ
1219 4631 1404 4706 μάχης
1436 4632 1607 4709 φὲρων

415 4719 546 4778 Οὐδ’
577 4721 850 4792 ἐκτινάξας
878 4724 974 4774 τοῦ
1004 4721 1300 4794 προσώπου
1331 4722 1426 4789 τὴν
1459 4717 1631 4788 κόνιν,

421 4811 657 4866 Ἐκεῖθεν
691 4808 972 4883 ἐξώρμησε
999 4808 1134 4862 κατὰ
1166 4809 1428 4877 Παιόνων,

411 4894 684 4972 ’Έγκλημ’
711 4895 924 4970 ἐπάγων
960 4895 1104 4966 σφίσι
1135 4897 1232 4963 τὴν
1265 4895 1581 4968 συμμαχίαν

228 4988 376 5044 4165
413 4986 530 5051 Τήν
561 4985 693 5058 πρὸς
720 4978 1026 5059 Τριϐαλοὺς
1056 4984 1374 5056 Ῥωμαϊκῶν
1414 4986 1532 5046 καθ’
1554 4983 1694 5058 ὅρων
1724 5001 1737 5015 ο

417 5067 663 5126 Σάουϐον
699 5069 898 5126 οὐκοῦκ
925 5071 1218 5145 ἐκπερασας
1252 5072 1324 5132 ὡς
1359 5069 1476 5124 δὲον

415 5159 849 5234 Φραγγοχωρίῳ
874 5157 963 5212 καί
995 5158 1276 5233 Ζευγμίνῳ
1301 5162 1370 5232 τῇ
1405 5157 1564 5213 πόλει

420 5249 786 5302 Ἐπεισπεσὼν
821 5244 992 5321 ἔκειρε
1015 5248 1189 5302 πάντα
1212 5247 1277 5300 τά
1306 5247 1480 5321 πέριξ,

417 5337 674 5399 Κάκεῖθεν
707 5333 987 5403 ἀπήλασεν
1020 5334 1166 5390 λείαν
1205 5334 1423 5410 μυρίαν,

232 5426 376 5480 4170
415 5425 520 5480 Καὶ
553 5423 795 5478 πλοῦτον
830 5421 943 5477 εἷλε
970 5423 1059 5477 καὶ
1087 5420 1300 5499 λάφυρα
1330 5423 1419 5478 καὶ
1453 5422 1625 5478 σκόλπι
1655 5444 1667 5457 ·

308 5552 423 5618 (54)
455 5549 533 5604 De
566 5550 746 5619 hujus
777 5549 1042 5603 vocabuli
1093 5551 1341 5603 novitate
1392 5557 1447 5604 et
1507 5551 1886 5621 ambiguitate

230 5623 360 5692 jam
393 5622 594 5677 monui
628 5621 906 5676 lectorem
956 5636 1010 5672 v.
1072 5621 1253 5688 3875;
1322 5621 1415 5675 ubi
1472 5622 1882 5694 etymologiam

1703 367 2065 420 CESARES.

1866 491 1917 555 Α
1949 500 2083 540 cum
2117 482 2242 538 suis
2272 482 2452 554 copiis
2476 482 2807 555 populoque
2840 483 3100 553 subdito,

1943 588 2049 628 nec
2081 576 2285 643 praeter
2316 571 2501 628 fmdus
2532 572 2854 644 quidquam
2878 578 2965 630 est
2995 574 3252 631 molitus.

1943 662 2131 730 Atque
2158 660 2292 714 hinc
2324 661 2569 729 trajectu
2601 663 2724 716 sine
2759 677 2920 716 mora
2950 661 3119 729 freto,

1945 753 2284 818 susceptum
2318 765 2488 819 porro
2521 750 2938 804 continuarunt
2971 751 3102 806 iter.

1942 836 2075 892 Jam
2109 836 2426 907 imperator
2456 838 2854 892 necessarium
2881 839 3158 908 judicans

1947 941 2078 980 cum
2107 930 2460 996 praepotente
2491 925 2797 997 validoque
2827 928 3082 982 exercitu

1947 1017 2095 1070 ferre
2125 1013 2427 1085 suppetias
2454 1014 2569 1068 arci
2593 1014 2922 1087 Corcyraeae,

1947 1118 2077 1173 qua;
2104 1118 2291 1173 nuper
2321 1103 2546 1157 cladem
2580 1120 2614 1157 a
2644 1103 2840 1159 Sicula
2870 1104 3058 1161 classe

1947 1191 2018 1246 ob
2047 1189 2275 1246 consilii
2305 1190 2762 1262 imprudentiam
2797 1209 2966 1262 passa
2993 1195 3182 1250 fuerat
3213 1215 3227 1262 ;

1949 1278 2085 1333 huic
2117 1295 2270 1333 curae
2301 1279 2400 1334 diu
2431 1284 2724 1350 noctuque
2754 1280 3016 1338 intentus
3047 1288 3172 1338 erat
3205 1301 3219 1337 :

1950 1373 2007 1422 et
2037 1371 2385 1438 congregato
2417 1369 2805 1440 undecunque
2835 1371 3090 1426 exercitu

1951 1455 2129 1511 armis
2161 1453 2432 1510 horriﬁco
2465 1455 2775 1512 innumero
2808 1459 2955 1514 miro

1950 1547 2006 1598 et
2032 1542 2192 1598 mille
2223 1543 2461 1598 navium
2494 1543 2680 1600 classe
2710 1546 2885 1616 plena
2913 1547 3130 1618 milite;

1951 1648 2082 1686 cum
2105 1631 2196 1685 his
2231 1631 2477 1687 accessit
2507 1633 2576 1686 ad
2607 1632 2913 1690 Phaeacum
2940 1637 3194 1693 insulam

1951 1738 2198 1792 eamque
2228 1721 2448 1776 viribus
2471 1723 2727 1794 undique
2755 1724 3164 1796 circumdedit,

1954 1814 2009 1865 et
2036 1810 2187 1864 fame
2218 1810 2454 1864 demum
2486 1811 2657 1881 vique
2684 1812 3010 1869 debellavit.

1953 1898 2076 1952 Mox
2104 1899 2284 1952 victor
2317 1899 2471 1953 venit
2502 1899 2558 1954 in
2594 1899 2990 1972 Pelagoniam,

1955 1985 2108 2039 unde
2137 1983 2422 2041 Triballos
2451 1987 2662 2042 invasit
2694 2005 2798 2043 ceu
2829 1989 2940 2059 leo,

1954 2072 2053 2143 qui
2087 2072 2276 2128 foedus
2305 2077 2436 2128 ante
2468 2074 2677 2129 initum
2706 2075 3092 2145 irritaverant,

1956 2166 2130 2233 atque
2161 2161 2437 2217 Romanis
2471 2163 2714 2219 urbibus
2747 2165 2977 2221 molesti
3009 2174 3196 2223 erant.

1962 2251 2072 2304 llos
2094 2265 2229 2320 ergo
2261 2253 2464 2304 terruit
2495 2251 2580 2305 vel
2612 2251 2734 2308 solo
2767 2255 2960 2326 rugitu
2989 2272 3002 2322 ;

1960 2346 2013 2392 et
2045 2339 2292 2407 praedam
2326 2339 2458 2393 inde
2486 2340 2738 2396 referens
2763 2359 2828 2396 ac
2861 2344 3173 2400 manubias

1963 2425 2421 2482 innumerabiles
2451 2443 2584 2481 cum
2618 2431 2951 2502 mancipiis,

1965 2531 2170 2568 rursus
2202 2515 2274 2568 ad
2305 2514 2519 2584 regiam
2553 2516 2755 2571 urbem
2789 2520 2994 2588 pedem
3028 2521 3226 2576 retulit
3259 2542 3272 2590 ;

1968 2607 2141 2672 atque
2171 2604 2241 2657 ob
2275 2607 2564 2659 recentem
2600 2604 2853 2661 nobilem
2886 2607 3190 2666 victoriam

1970 2691 2079 2745 rite
2111 2690 2479 2762 triumphum
2514 2694 2708 2750 media
2738 2695 2880 2751 urbe
2911 2697 3047 2768 egit.

1971 2780 2120 2834 Tum
2155 2795 2379 2846 rursus,
2415 2797 2544 2835 vere
2575 2781 2665 2835 vix
2696 2799 2757 2836 se
2789 2785 3102 2855 aperiente,

1973 2867 2160 2924 adfuit
2185 2867 2376 2922 Caesar
2405 2868 2725 2940 Pelagoniae
2759 2873 2931 2927 terris

1973 2962 2029 3011 et
2056 2955 2444 3011 Triballorum
2479 2957 2803 3030 principem
2833 2959 3116 3031 injurium

1977 3043 2198 3100 Uresim
2231 3044 2481 3115 impetit,
2514 3046 2610 3115 qui
2637 3064 2822 3118 nuper
2851 3066 3016 3104 arma

1975 3132 2147 3188 sociis
2178 3134 2485 3188 stonibus
2509 3135 2564 3190 in
2601 3135 2892 3193 Romanos
2923 3145 3214 3196 moverat:

1975 3235 2153 3292 quare
2183 3226 2239 3275 et
2269 3221 2520 3276 audebat
2553 3224 2861 3279 manifesto
2895 3231 3078 3288 marte

1975 3325 2108 3362 cum
2138 3312 2336 3362 nostro
2366 3310 2588 3364 Caesare
2623 3327 2876 3381 pugnam
2914 3331 3028 3368 non
3062 3331 3356 3384 respuere.

1975 3396 2186 3451 Verum
2218 3402 2446 3467 patrato
2478 3413 2609 3452 cum
2646 3399 2920 3455 Barbaris
2952 3403 3172 3473 praeho,

1975 3484 2296 3555 tr0pha3um
2331 3486 2538 3556 ingens
2567 3493 2767 3542 Caesar
2801 3491 3134 3559 reportavit.

1977 3573 2085 3628 Sed
2109 3572 2572 3643 Archizupanus,
2610 3575 2780 3648 vulgo
2813 3579 3166 3645 Bacchinus,

1977 3661 2275 3732 singulare
2307 3651 2440 3716 cum
2471 3667 2692 3719 Caesare
2725 3673 3019 3724 certamen

1977 3749 2254 3820 suscepit,
2290 3765 2499 3820 magna
2532 3753 2807 3821 praeditus
2845 3757 3239 3813 membrorum

1978 3836 2147 3907 mole,
2175 3842 2232 3892 et
2261 3837 2493 3892 Briareo
2527 3856 2631 3909 par
2661 3842 3011 3914 centimano,

1978 3925 2065 3981 vel
2091 3926 2257 3998 gigas
2284 3926 2513 3981 Goliath
2546 3929 2891 3997 superbiens
2921 3936 2981 3986 in
3013 3934 3313 3990 Davidem.

1979 4014 2267 4069 Barbarus
2297 4031 2432 4086 ergo
2464 4015 2894 4072 munimentum
2927 4024 3126 4091 galeae.

1978 4102 2061 4157 ori
2093 4107 2438 4172 praetentum
2471 4105 2736 4173 Caesaris,
2767 4124 2906 4163 ense
2939 4111 3156 4182 frangit
3183 4129 3196 4178 ',

1978 4194 2037 4244 at
2066 4207 2304 4245 manum
2338 4190 2570 4247 barbari
2603 4193 2794 4250 Caesar
2823 4197 3084 4269 conligit,

1977 4293 2229 4349 eumque
2261 4295 2428 4334 coma
2459 4280 2683 4338 fortiter
2713 4290 3068 4355 correptum,

1979 4366 2261 4438 pertrabit
2307 4367 2500 4423 vivum
2533 4371 2603 4424 ad
2637 4377 2902 4427 nostrum
2934 4374 3276 4429 exercitum.

1979 4456 2166 4520 Quare
2203 4455 2500 4512 barbarico
2532 4458 2818 4515 dissoluto
2847 4463 3100 4531 agmine,

1907 4555 1956 4620 Ι)
1987 4543 2228 4598 Romani
2261 4545 2451 4601 denuo
2476 4546 2734 4602 referunt
2765 4548 3087 4606 victoriam.

1988 4631 2218 4687 Manuel
2251 4633 2442 4687 adhuc
2475 4651 2682 4706 pugna:
2715 4637 2984 4692 sudorem
3019 4655 3248 4709 gerens,

1990 4721 2236 4775 necdum
2269 4721 2338 4776 de
2370 4721 2512 4777 facie
2545 4723 2782 4793 pulvere
2813 4725 3066 4791 deterso,

1989 4808 2149 4863 illinc
2183 4810 2238 4862 in
2272 4809 2508 4864 Paeonas
2543 4811 2845 4867 transtulit
2875 4815 3192 4871 exercitum

1987 4900 2206 4953 crimen
2241 4903 2471 4952 ulturus
2499 4899 2792 4956 societatis
2826 4901 3047 4958 bellicae

1990 5003 2167 5056 quam
2200 5003 2332 5040 cum
2365 4987 2636 5042 Triballis
2661 4997 2862 5047 contra
2893 5007 2998 5047 nos
3031 4993 3305 5049 inierant.

1989 5075 2138 5145 Ergo
2171 5076 2410 5144 trajecto
2440 5092 2572 5130 cum
2607 5078 2796 5148 copiis
2822 5079 2994 5144 Savo,

1992 5168 2049 5218 et
2083 5162 2562 5218 Francochorium
2585 5165 3044 5238 Zegminumque
3079 5170 3282 5224 urbem

1993 5267 2306 5322 occupans,
2338 5268 2506 5322 agros
2539 5269 2984 5324 quaquaversus
3013 5263 3274 5325 vastans,

1993 5339 2273 5411 illincque
2303 5340 2573 5396 abductis
2606 5341 2876 5412 plurimis
2910 5345 3232 5414 manubiis,

1994 5429 2204 5500 opibus
2237 5433 2442 5483 auctus
2474 5430 2784 5500 praedaque
2814 5437 3087 5499 onustus,

1994 5557 2229 5607 secutus
2261 5551 2320 5621 in
2373 5550 2810 5621 interpretando
2839 5570 2971 5608 sum
3002 5571 3015 5607 :
3051 5570 3206 5608 nunc
3246 5559 3440 5610 tamen
3490 5555 3635 5610 mihi

1997 5639 2235 5694 prorsus
2269 5620 2495 5676 videtur
2517 5620 2842 5692 epithetum
2877 5625 3226 5693 adjectivum
3251 5627 3632 5682 fortitudinis.

3478 367 3580 420 162
