4154 6304
532 364 634 417 163
1726 367 2093 420 ΕΡΗΒΕΜΙΙ
2134 363 2172 415 C

1726 367 2093 420 EPHREMII
2134 360 2567 422 CHRONOGRA
2582 372 2695 422 PH]

529 504 795 543 reversus
826 494 881 541 et
908 486 979 542 ad
1007 487 1233 557 imperii
1264 488 1651 556 inctrowlizn,

531 576 782 631 nobilem
816 591 991 646 agens
1025 591 1125 646 per
1154 575 1357 629 urbem
1390 575 1778 646 triumphum,

527 671 729 737 captos
761 664 1038 719 Triballos
1073 668 1423 733 Uunnosque
1450 665 1670 719 ducens

526 753 847 825 splendidis
877 753 1028 823 togis
1059 754 1329 807 decenter
1359 752 1617 823 indutos,

525 841 774 912 insignis
796 858 1019 911 pompae
1045 842 1261 896 mirum
1295 847 1728 897 ornamentum.

524 930 686 983 Brevi
718 929 1015 983 intervallo
1047 931 1104 984 in
1137 932 1279 984 urbe
1300 932 1658 999 demoratus,

524 1034 730 1072 rursus
761 1017 1048 1087 paeonium
1084 1017 1300 1071 bellum
1334 1024 1423 1072 est
1453 1034 1728 1088 egressus

526 1106 734 1171 Caesar,
760 1111 816 1159 et
837 1106 1131 1159 Sardicam
1168 1106 1367 1160 urbem
1405 1122 1590 1175 usque
1621 1106 1800 1170 venit,

524 1195 718 1265 ibique
749 1209 946 1264 pacem
980 1193 1248 1248 hostibus
1278 1200 1367 1249 est
1396 1193 1663 1264 largitus.

523 1282 690 1337 lllinc
721 1282 1013 1352 profectus
1042 1288 1242 1337 contra
1270 1282 1590 1336 Triballum
1616 1288 1925 1353 satrapam,

520 1371 670 1425 hunc
703 1371 759 1424 in
792 1370 997 1425 itinere
1022 1374 1325 1441 tantopere
1354 1371 1654 1437 exterruit,

524 1464 585 1513 ut
613 1459 974 1514 obedientem
1006 1460 1204 1514 fecerit
1231 1460 1474 1529 imperio
1500 1480 1512 1528 ;

522 1553 578 1602 et
610 1548 692 1602 sic
724 1548 1061 1618 Byzantium
1086 1550 1267 1602 redux
1295 1550 1451 1602 venit
1481 1549 1688 1603 Caesar.

517 1639 625 1694 Sed
660 1654 789 1692 vere
819 1642 1033 1703 exorto,
1065 1637 1277 1691 iterum
1302 1653 1573 1707 egressus

520 1727 590 1780 ad
623 1724 941 1796 Pelagoniae
972 1732 1156 1779 terras
1184 1730 1368 1779 semet
1401 1723 1739 1778 transtulit:

516 1814 715 1885 ibique
744 1813 1076 1884 intelligens
1108 1813 1297 1868 moliri
1326 1813 1711 1884 tyrannidem,

514 1904 874 1972 Hunnosque
904 1903 975 1955 ad
1005 1901 1222 1955 bellum
1254 1902 1628 1955 exstimulare

515 1991 874 2045 Comnenum
910 1989 1304 2043 Andronicum
1341 1994 1479 2041 tunc
1503 1992 1794 2057 regentem

515 2078 863 2133 Brenitzobae
896 2078 1095 2132 thema
1118 2082 1173 2131 et
1205 2076 1548 2146 Bellegradi,
1754 2086 1761 2089 ‘

514 2166 703 2221 ot‘licio
736 2167 966 2236 spoliat,
1002 2166 1341 2235 catenisque
1372 2170 1650 2218 onustum

513 2255 695 2309 mittit
726 2255 1089 2322 Byzantium,
1123 2254 1321 2322 ibique
1356 2252 1596 2305 mandat

509 2360 683 2414 quam
713 2342 1009 2397 tutissimo
1042 2357 1269 2396 carcere
1301 2339 1605 2395 custodiri.

508 2431 744 2485 Interim
767 2432 1037 2501 princeps
1067 2434 1364 2497 Paeonum,
1400 2428 1609 2483 violato

506 2521 735 2589 fcedere,
770 2526 954 2575 terras
976 2518 1314 2573 incursabat
1344 2532 1548 2572 omnes

509 2608 857 2663 Branitzoba:
882 2614 1055 2679 atque
1084 2606 1405 2675 Bellegradi
1444 2622 1454 2657 :

509 2698 606 2751 scd
636 2697 826 2751 Caesar
857 2712 1113 2767 praesens
1145 2697 1427 2749 damnum
1457 2692 1750 2764 perpessis

503 2786 637 2840 tulit
666 2786 966 2856 suppetias
992 2801 1124 2839 cum
1159 2783 1463 2838 vindiciis:

506 2892 638 2929 mox
668 2876 737 2928 ad
772 2875 1138 2944 metropolim
1173 2873 1377 2943 pedem
1411 2870 1711 2935 referebat,

504 2962 845 3034 compositis
878 2962 1101 3016 cunctis
1129 2962 1188 3013 in
1221 2960 1516 3014 occidente
1549 2958 1743 3011 rebus.

504 3055 707 3108 Postea
735 3049 1032 3104 transtulit
1066 3047 1276 3103 bellum
1311 3048 1370 3101 in
1396 3045 1656 3101 Ciliciam
1689 3062 1701 3111 ;

502 3144 917 3211 pcrvectusque
945 3139 1204 3191 Adanam
1238 3141 1412 3206 atque
1434 3136 1705 3199 Tarsum,

502 3230 707 3284 harum
742 3225 975 3280 castella
1004 3224 1350 3278 instauravit
1380 3223 1506 3287 rite,

502 3334 628 3389 quas
653 3316 914 3369 Romano
946 3312 1190 3382 imperio
1214 3311 1460 3366 obnoxia
1482 3313 1668 3375 erant,

500 3405 601 3459 sed
636 3418 821 3473 nuper
850 3420 882 3455 a
911 3402 1128 3455 Toruse
1159 3405 1357 3454 vexata
1391 3401 1620 3452 fuerant
1646 3416 1659 3464 ;

500 3498 557 3547 et
585 3489 950 3545 Antiochiam
984 3505 1167 3559 usque
1198 3503 1543 3559 progressus
1572 3491 1679 3553 est,

499 3580 557 3633 in
593 3596 769 3649 quam
802 3594 934 3632 cum
964 3575 1462 3643 suiscustodibus
1488 3577 1576 3627 est
1605 3577 1870 3642 receptus

499 3672 557 3722 et
587 3684 718 3722 cum
748 3665 974 3720 vexillis
1000 3665 1174 3734 regiis
1204 3668 1269 3717 ut
1298 3664 1634 3732 imperator,

499 3756 700 3811 effusis
732 3754 959 3809 obviam
992 3758 1153 3808 extra
1181 3756 1378 3822 portas
1410 3752 1654 3817 civibus,

496 3844 664 3913 eique
684 3842 847 3898 valde
878 3842 1188 3912 gloriosam
1214 3840 1555 3895 curantibus

496 3933 795 4004 ingressus
829 3948 1100 4002 pompam
1123 3946 1256 3984 cum
1292 3930 1568 3984 secundis
1607 3926 1931 3998 plausibus.

499 4027 757 4091 Dumque
791 4019 871 4073 ibi
904 4023 1098 4074 manet
1128 4019 1356 4074 Manuel
1392 4017 1710 4087 imperator

493 4109 551 4163 in
586 4108 853 4163 ludorum
888 4122 1071 4178 agone
1105 4104 1361 4161 ostendit
1391 4105 1615 4158 civibus

494 4196 698 4251 validae
732 4213 940 4251 manus
970 4212 1143 4265 opera
1175 4192 1365 4247 virilia

496 4285 741 4340 heroicae
772 4284 947 4355 digna
978 4296 1387 4354 generosaque
1419 4279 1652 4344 indolis,

493 4378 797 4427 contorum
825 4370 1253 4427 certaminibus
1282 4370 1519 4421 vincens
1550 4368 1782 4437 equites

492 4460 725 4515 Italicos
752 4460 1057 4515 hastarum
1094 4458 1262 4512 laude
1288 4455 1556 4526 inclytos.

492 4551 585 4604 Sic
619 4548 979 4603 fortitudinis
1012 4545 1252 4601 indiciis
1284 4543 1457 4599 editis

493 4642 668 4708 atque
692 4636 993 4707 prudentis
1024 4635 1079 4688 in
1114 4634 1326 4705 prazliis
1358 4631 1595 4701 peritia),

494 4726 703 4795 suique
735 4725 1121 4778 admiratione
1152 4722 1462 4787 concitata,

493 4815 563 4868 ad
598 4813 961 4867 Constantini
997 4812 1166 4866 rediit
1188 4811 1387 4864 urbem
1421 4808 1691 4880 patriam.

496 4902 652 4955 Idem
685 4904 1011 4955 consortem
1049 4898 1159 4951 tori
1191 4897 1615 4968 atqueimperii

496 4989 738 5043 duxerat
770 4988 955 5041 forma
980 4985 1254 5057 inclytam
1288 4985 1542 5055 puellam

495 5076 811 5131 Antiochia
850 5082 1085 5146 satrapa
1118 5078 1462 5145 prognatam

495 5166 767 5220 Petebino
802 5165 994 5234 equite
1027 5179 1094 5217 ex
1126 5162 1294 5216 Italia
1326 5177 1338 5216 :

497 5269 703 5321 nempe
736 5252 871 5323 quia
906 5251 1152 5321 primam
1186 5250 1493 5319 conjugem
1527 5248 1801 5305 amiserat

493 5358 562 5394 ex
596 5341 936 5396 Alamasnis
967 5339 1223 5409 genitam
1253 5337 1635 5408 principibus.

492 5433 681 5500 Atque
710 5430 829 5484 haec
855 5428 1192 5498 hujusmodi
1228 5427 1435 5481 sortita
1468 5431 1607 5481 sunt
1638 5428 1881 5483 exitum.

2194 490 2239 548 A

2185 1840 2225 1901 Β

2157 3190 2198 3253 C

2166 4542 2211 4602 Ι)

2453 490 2545 543 Καὶ
2579 490 2892 546 παλινοστεῗ
2924 492 3054 566 πρὸς
3088 488 3339 565 βασιλίδα
3369 491 3553 562 πόλιν,

2440 578 2538 631 Καὶ
2574 578 2787 654 κατάγει
2820 575 3087 652 θρίαμϐον
3117 576 3354 651 εὔσημον
3387 579 3545 634 πόλει

2441 666 2827 739 Δορυαλώτους
2860 664 3195 741 Τριϐαλοὺς,
3230 665 3464 728 Οῧννους
3498 669 3665 741 ἄγων,

2443 752 2649 815 Στολάς
2674 754 2965 832 τιμαλφεῖς
2996 756 3203 830 εὐφυῶς
3232 754 3570 827 ἡσθημένους

2264 841 2404 895 4175
2442 845 2673 912 Πομπῆν
2708 846 2752 896 θ’
2788 844 3167 919 ὑπεξαίροντας
3193 843 3365 897 αὐτῶν
3396 848 3463 915 τῇ
3496 843 3588 913 θέᾳ
3615 863 3627 875 '

2440 932 2636 1005 Καιρὸν
2670 929 2725 986 δὲ
2760 934 2965 1007 βραχὺν
3000 930 3336 1005 ἐνδιατρίψας
3367 931 3524 986 πόλει

2441 1020 2838 1093 Ἐπιστρατεύει
2874 1021 3091 1075 Παίοσιν
3123 1018 3277 1082 αὖθις
3309 1017 3452 1090 ἅναξ,

2438 1108 2542 1161 Καὶ
2574 1109 2706 1181 πρὸς
2742 1107 3010 1181 Σαρδικὴν
3044 1109 3340 1184 ἀφικνεῖται
3373 1107 3557 1176 πόλιν,

2437 1197 2599 1250 Κάκεῖ
2628 1199 2813 1270 παρὼν
2842 1200 3042 1251 τέθεικε
3073 1192 3364 1268 συμϐάσεις
3394 1197 3593 1269 σφίσιν.

2262 1287 2398 1341 4180
2439 1290 2622 1359 Χωρεῖ
2653 1283 2696 1337 δ’
2728 1284 2922 1338 ἐκεῖθεν
2955 1286 3088 1358 πρὸς
3120 1279 3409 1359 Τριϐαλῶν
3445 1286 3737 1357 σατράπην,

2437 1373 2539 1429 Καὶ
2571 1370 2717 1426 τόνδ’
2748 1371 2876 1426 ὁδοῦ
2908 1374 3175 1447 πάρεργον
3210 1371 3467 1445 ἔντρομον
3504 1369 3717 1445 δράσας,

2438 1461 2717 1530 Ιίειθνςνιόν
2744 1482 2801 1515 τε
2830 1465 2909 1531 τῷ
2938 1462 3117 1533 κράτει
3148 1465 3256 1513 τῶν
3286 1461 3538 1516 Αύσόνων

2376 1552 2394 1567 ⁶
2433 1552 2573 1623 ΙΙρὸς
2604 1552 2701 1617 τήν
2736 1549 3123 1621 βασιλεύουσαν
3160 1547 3343 1602 εἶ’σεισι
3376 1547 3539 1601 πόλιν
3572 1565 3585 1579 ·

2432 1640 2605 1712 Ἥρως
2639 1635 2684 1691 δ’
2717 1636 3119 1708 ἐπιλάμποντος
3151 1633 3307 1706 ἔξεισι
3340 1635 3527 1701 πάλιν,

2256 1728 2394 1781 4185
2432 1728 2531 1782 Καὶ
2566 1727 2700 1800 πρὸς
2731 1723 2887 1779 πεδία
2918 1726 3245 1798 Πελαγονίας
3274 1724 3456 1801 φθάνει
3487 1744 3499 1757 ·

2434 1814 2596 1867 Κάκεῖ
2626 1812 2878 1887 διαγνοὺς
2912 1811 3269 1886 βασιλειῶντα
3301 1809 3448 1883 δόλῳ

2431 1899 2679 1961 Ούννους
2694 1904 2739 1954 τ’
2771 1899 3125 1976 ἐπαλείφοντα
3155 1900 3289 1972 πρὸς
3319 1897 3631 1975 ξιφουλκῖαν

2430 1990 2710 2061 Κομνηνὸν
2744 1987 3082 2060 Ἀνδρόνικον
3115 1988 3356 2062 ἄρχοντα
3383 1988 3505 2041 τότε

2427 2072 2788 2151 Βρανιτζόϐης
2820 2077 3050 2148 θέματος
3083 2076 3171 2129 καὶ
3204 2073 3622 2149 Βελλαγράδων,

2250 2169 2389 2222 4100
2428 2169 2690 2221 Ἔπαυσεν
2716 2167 2916 2240 ἀρχῆς,
2950 2164 3038 2218 καὶ
3065 2164 3339 2238 καθείρξας
3372 2162 3421 2217 ἐν
3453 2160 3640 2225 πέδαις

2425 2253 2649 2326 Δέσμιον
2682 2251 2991 2307 ἀπέστειλεν
3019 2253 3071 2306 ἐν
3105 2249 3406 2320 Βυζαντίδι,

2424 2349 2457 2395 Κ
2506 2342 2518 2358 ⁸
2627 2341 2660 2396 λ
2737 2346 2763 2355 “’
2800 2338 2887 2394 διδ
3072 2340 3085 2358 ’
3204 2340 3227 2394 7
3354 2342 3363 2356 '

2466 2364 2521 2396 αι
2553 2365 2621 2419 φυ
2665 2363 2766 2414 ακῃ
2835 2375 2855 2395 ε
2895 2362 3027 2395 ωκεν
3061 2361 3460 2416 ασφαιεστατῃ.

2421 2431 2519 2485 Καὶ
2550 2435 2843 2499 τηνικαῦτα
2876 2429 3123 2483 Παιόνων
3158 2428 3470 2501 ἀρχηγέτης

2426 2517 2671 2580 Σπονδας
2703 2517 2949 2578 λελυκὼς
2981 2515 3285 2592 κατέὃραμε
3317 2517 3495 2590 χωρία

2246 2610 2384 2664 4195
2423 2603 2791 2681 Βρανιτζόϐης
2818 2607 3095 2677 ξύμπαντα
3124 2605 3212 2658 καὶ
3242 2602 3631 2679 Βελλεγράδων
3668 2622 3679 2634 ’

2425 2696 2574 2757 Τέως
2599 2696 2816 2756 ἐπιστάς
2849 2693 3101 2769 βασιλεὺς
3132 2693 3510 2764 κακουμένοις,

2416 2787 2653 2857 ’Ἡμυνεν
2686 2784 2869 2845 αὐτοῖς
2902 2784 2976 2843 ὡς
3009 2781 3059 2836 ἐν
3089 2782 3375 2854 παρουσίᾳ,

2418 2872 2517 2928 Καὶ
2550 2872 2684 2945 πρὸς
2718 2871 3101 2945 βασιλεύουσαν
3133 2867 3576 2941 ἀνθυποστρὲφει,

2419 2959 2493 3016 Εὖ
2523 2960 2814 3032 πράγματα
2846 2958 2955 3019 θεὶς
2983 2960 3153 3012 πάντα
3177 2958 3246 3012 τὰ
3273 2957 3409 3029 πρὸς
3440 2953 3661 3029 ἑσπέραν
3682 2973 3695 2985 ’

2240 3051 2379 3105 4200
2416 3048 2511 3101 Καὶ
2543 3048 2733 3102 λοιπὸν
2768 3048 3077 3120 ἐστράτευσε
3106 3046 3241 3121 πρὸς
3272 3044 3520 3101 Κιλικίαν
3555 3062 3567 3075 ·

2416 3136 2508 3191 Εξρ
2538 3144 2559 3161 υ
2576 3134 2638 3191 \a
2836 3134 2861 3154 τ
2992 3134 3006 3151 ι
3196 3134 3207 3149 ι
3286 3134 3299 3147 ε
3458 3132 3476 3163 ι

2434 3160 2445 3175 ε
2468 3176 2507 3199 ,ς
2562 3169 2577 3191 ε
2613 3156 2767 3189 οαναν
2803 3157 2892 3189 ουν
2920 3156 3007 3188 και
3040 3137 3247 3208 Ταρσον
3276 3153 3572 3209 αφιγμινος

2413 3225 2509 3278 Καὶ
2534 3221 2717 3278 ταῖσδε
2744 3225 2810 3277 τα
2838 3224 3103 3295 πρόσοικα
3134 3220 3341 3294 θάλψας
3373 3222 3447 3282 ὡς
3478 3218 3593 3275 δὲον

2410 3315 2646 3382 ’Υπήκοα
2680 3312 2908 3389 φρούρια
2935 3310 3219 3382 Ῥωμαίων
3252 3311 3435 3383 κράτει

2417 3404 2701 3476 Πάσχοντα
2732 3406 2909 3461 κακῶς
2942 3402 3077 3472 πρὸς
3108 3399 3360 3474 Τορούσῃ
3396 3401 3501 3471 (55)
3533 3398 3612 3469 τῷ
3642 3398 3765 3451 τότε

2236 3495 2375 3548 4205
2413 3492 2508 3545 Καὶ
2545 3489 2707 3563 μέχρι
2741 3488 2995 3561 λαμπρᾶς
3027 3486 3360 3560 Ἀντιοχείας
3388 3488 3589 3561 φθάνει,

2411 3582 2511 3640 Ἧς
2542 3577 2690 3633 ἔνδον
2727 3577 2985 3646 εἷ’σήλασε
3014 3577 3103 3629 σὺν
3140 3573 3462 3650 δορυφόροις

2414 3668 2517 3723 Καὶ
2547 3668 2893 3740 παρασήμοις
2928 3666 3233 3739 βασιλικοῖς
3268 3665 3340 3723 ὡς
3378 3664 3593 3736 κράτωρ

2413 3756 2807 3830 Διεκχυθὲντων
2842 3752 2899 3806 ἐκ
2928 3752 3116 3807 πυλῶν
3150 3752 3451 3823 οἰκητόρων

2411 3844 2509 3898 Καὶ
2541 3843 2910 3897 σκευασάντων
2940 3837 3230 3917 φιλότιμόν
3269 3840 3320 3892 οἱ
3352 3838 3473 3893 λίαν

2239 3937 2375 3989 4210
2414 3930 2705 4003 Πομπαίαν
2742 3928 3030 3983 εῗσέλευσιν
3063 3928 3333 4004 εὐφήμοις
3365 3926 3601 4002 κρότοις.

2413 4021 2578 4076 Ἔνθα
2610 4016 2804 4092 διάγων
2840 4015 3105 4082 Μανουήλ
3137 4013 3483 4088 αὐτοκράτωρ

2414 4111 2499 4164 Ἑν
2524 4104 2741 4167 παιδιᾶς
2775 4103 3010 4178 δέδειχεν
3040 4104 3203 4177 ἀγῶνι
3237 4103 3410 4180 σφίσιν

2412 4193 2678 4269 ’Λνδρείας
2710 4189 2841 4267 ἔργα
2870 4192 2958 4246 καὶ
2990 4192 3153 4266 χερὸς
3176 4190 3485 4265 ῥωμαλέοις,

2412 4286 2655 4356 Ἡρωϊκῇ
2689 4283 2961 4355 πρέποντα
2989 4279 3205 4354 γενναία
3236 4279 3386 4355 φύσει

2238 4378 2333 4430 421
2418 4376 2643 4429 Κοντῶν
2678 4368 2938 4440 ἁμίλλαις
2968 4368 3252 4436 ἐκνικήσας
3282 4365 3513 4428 ἱππότας

2412 4459 2727 4521 Ἰταλιώτας
2760 4458 3073 4532 ἀγερώχους
3106 4458 3240 4531 πρὸς
3270 4454 3421 4529 δόρυ.
3480 4506 3489 4515 ,

2419 4545 2711 4621 Εὐανδρίας
2745 4546 2885 4600 οὕτω
2913 4543 2968 4598 δὲ
3000 4543 3169 4613 δείξας
3197 4545 3259 4597 τὸ
3294 4543 3478 4607 σθίνος

2416 4634 2734 4708 Ἐμπειρίαν
2766 4655 2821 4687 τε
2853 4634 3070 4701 συνετὴν
3104 4634 3201 4700 τὴν
3230 4631 3280 4685 ἐν
3319 4636 3523 4705 μάχαις

2414 4725 2510 4781 Καὶ
2544 4723 2814 4795 θαύματος
2848 4722 3154 4794 ξύμπαντας
3186 4718 3473 4792 ἐμπλήσας
3504 4718 3625 4789 ἄναξ

2237 4816 2375 4870 4220
2413 4809 2596 4869 Οἶ’καδ’
2631 4808 2931 4877 ἐπανὲζευξε
2961 4808 3095 4881 πρὸς
3124 4805 3549 4861 Κωνσταντίνου.

2414 4902 2676 4957 Κοινωνὸν
2710 4900 2864 4959 οὗτος
2891 4902 2985 4951 τοῦ
3018 4897 3218 4971 λέχους
3249 4896 3337 4950 καὶ
3364 4900 3459 4950 τοῦ
3498 4894 3728 4967 κράτους

2411 4994 2551 5065 ’Έγη
2565 5011 2628 5063 με
2653 4986 2861 5050 κάλλος
2890 4985 3320 5060 εὐπρεπεστάτην
3352 4983 3518 5059 κόρην

2416 5077 2749 5151 Ἀντιοχείας
2782 5076 3056 5149 σατράπου
3088 5077 3352 5148 θυγατέρα

2417 5166 2729 5224 Ἰταλιώτου
2757 5158 3043 5218 Πετεϐίνου
3074 5162 3308 5216 ἱππότου
3345 5180 3357 5193 ·

2242 5260 2381 5313 4225
2423 5256 2646 5328 Πρώτην
2679 5252 2923 5307 σύνευνον
2958 5245 3248 5304 ἀποϐαλὼν
3276 5248 3485 5319 θανάτῳ

2421 5345 2506 5413 Ἐξ
2540 5339 2861 5413 Ἀλαμανῶν
2895 5340 3136 5413 ἀρχικῶν
3171 5335 3331 5390 οὖσαν
3365 5335 3572 5410 γένους.

2421 5432 2601 5485 Ταῖιτα
2635 5429 2727 5501 μὲν
2759 5425 2864 5482 ὧδε
2895 5425 3225 5499 συνὲκυρσεν,
3256 5426 3328 5487 ὡς
3357 5422 3486 5501 ἔφην
3515 5441 3527 5454 '

563 5654 674 5727 (55)
701 5653 780 5708 De
810 5653 1029 5712 Toruse
1056 5650 1328 5707 Armenio
1367 5649 1599 5705 Nicetas
1621 5649 1901 5707 Cboniala
1929 5653 2076 5711 Hist.
2112 5674 2197 5726 III,
2230 5658 2281 5715 1.

3804 372 3902 425 itii
