4154 6304
204 383 302 436 165

379 505 671 578 Κομνηνὸς
695 501 1040 578 Ἀνδρόνικος
1071 501 1115 557 δ’
1146 499 1597 577 ἐγκαθειργμένος

377 595 454 647 Δι’
480 593 543 656 ’ὰς
573 613 674 668 περ
707 591 988 666 ἱστόρησεν
1020 590 1194 653 αἰτίας
1225 590 1413 662 λόγος,

200 685 341 740 4230
383 683 620 755 Εἱρκτῆς
652 679 873 753 διαδρὰς
909 683 1135 753 μηχανῇ
1166 676 1499 751 πολυτρόπῳ

382 770 475 830 Εἷς
507 767 771 836 Γάλιτζαν
804 764 1003 840 ἔδραμε
1033 768 1297 834 Ῥωσικήν
1332 763 1518 830 πόλιν,

381 856 479 911 Καὶ
509 861 588 927 τῷ
623 855 1010 930 σατραπεύοντι
1039 853 1242 922 ταύτης
1273 853 1515 924 ἀσμένως

393 944 636 1019 Δεχθεῖς,
670 945 797 1018 παρ’
829 942 973 1013 αὖτῷ
1003 943 1258 996 πλεῖστον
1293 937 1509 1011 ἐμμένει
1539 939 1758 1012 χρόνον,

389 1033 547 1089 Οὕτω
579 1031 638 1086 δὲ
665 1029 946 1100 συνέδησεν
975 1030 1140 1083 αὐτοῦ
1170 1029 1304 1102 πρὸς
1333 1027 1500 1089 πόθον

221 1124 364 1177 4235
406 1120 504 1174 Καὶ
535 1119 718 1193 φιλίαν
753 1120 936 1192 σχέσιν
967 1138 1026 1172 τε
1057 1121 1335 1190 σατράπην
1368 1114 1574 1188 χρόνῳ,

397 1209 485 1268 Ὡς
515 1205 847 1280 συνεδρεύειν
883 1209 1195 1280 συναριστᾷν
1231 1205 1471 1276 σατράπῃ

401 1295 502 1351 Καὶ
535 1294 674 1366 τῷδε
705 1295 976 1349 συνέστιον
1005 1293 1083 1348 ἀεὶ
1113 1292 1420 1366 τυγχάνειν.

395 1386 588 1453 ⁹Ὀμως
616 1383 814 1456 κρίνων
849 1379 1054 1441 ὄνειδος
1083 1380 1280 1433 οἷ’κεῖον
1315 1380 1528 1451 κράτωρ

396 1467 854 1546 Πρωτεξαδέλφου
880 1470 978 1536 τήν
1013 1470 1189 1542 φογήν
1219 1464 1570 1539 Ἃνδρονίκου

217 1563 356 1617 4240
396 1556 718 1632 Ἀπὸδρασίν
751 1579 808 1611 τε
838 1557 971 1611 κάπὶ
1001 1559 1098 1625 τῆς
1131 1555 1284 1625 ξένης
1315 1553 1453 1623 ἁλην

391 1646 682 1718 Ἐπιμελὲς
713 1646 924 1715 τίθησιν
961 1642 1114 1719 ἔργον
1143 1643 1233 1697 καὶ
1269 1642 1424 1716 λόγον

397 1738 417 1754 τ’
532 1735 545 1753 ³
584 1735 597 1744 ·
765 1729 794 1756 Ρ
827 1740 848 1748 -σ
954 1733 964 1748 r
1009 1730 1032 1750 ικ
1242 1728 1284 1750 ΙΝ
1408 1728 1444 1746 ι-

422 1743 526 1789 Ωστ
575 1733 874 1788 απολαοειν
906 1751 1062 1786 τονοε
1092 1751 1322 1804 πατριοα
1350 1739 1511 1783 πάλιν
1549 1748 1561 1760 '

395 1824 490 1876 Καὶ
533 1820 744 1894 μᾶλλον
779 1825 860 1884 οἷς
887 1819 1122 1896 ἤγγελλε
1157 1822 1314 1892 φήμῃ
1346 1818 1434 1872 καὶ
1464 1815 1591 1871 τάδε

394 1913 516 1967 ’Ὁτι
543 1911 812 1977 Σκυθική-ι
847 1909 1095 1980 στρατιάν
1129 1907 1411 1981 παροξύνει

212 2003 360 2056 4245
402 1998 614 2071 Θρᾴκης
645 1995 890 2059 ἐπελθεῖν
917 1994 1249 2056 Μακεδονίας
1281 1996 1446 2068 ὅροις.

397 2088 632 2148 Ἐκεῖθεν
663 2085 857 2139 οὐκοῦν
885 2083 1121 2155 εὐμενῶς
1153 2081 1498 2155 αὐτοκράτωρ

401 2174 612 2233 Ιιίστεις
641 2172 938 2247 παρασχὼν
971 2172 1056 2224 καὶ
1091 2165 1274 2224 λαϐὼν
1309 2169 1557 2241 ἐπανάγει

409 2262 689 2333 Κομνηνὸν
718 2257 1061 2332 Ἀνδρόνικον
1095 2259 1231 2332 πρὸς
1263 2259 1358 2324 νῆν
1391 2253 1623 2330 πατρίδα
1658 2274 1669 2285 ’

406 2351 527 2402 Καθ’
557 2350 614 2403 ὃν
647 2348 844 2423 χρόνον
881 2348 1104 2410 Παίονες
1132 2345 1455 2415 ἠθετηκότες

228 2441 372 2494 4250
408 2442 501 2500 “Ac
529 2436 664 2507 πρὸς
695 2441 993 2509 κρατοῦντα
1024 2436 1300 2488 συνέθεντο
1332 2428 1641 2504 ξυμϐάσεις,

405 2527 617 2598 Χώραις
649 2524 882 2590 ἐπῆλθον
918 2524 1172 2578 Αὐσόνων
1201 2521 1544 2596 παριστρίοις
1579 2540 1590 2552 ·

413 2613 515 2668 Καὶ
547 2615 872 2684 Ῥωμαϊκοῖς
900 2606 1275 2683 συμϐαλόντες
1307 2609 1540 2684 τάγμασι

415 2701 579 2770 Νίκην
609 2700 975 2775 ἀπηνέγκαντο
1004 2699 1094 2752 καὶ
1124 2695 1336 2765 πλῆθος
1367 2695 1601 2749 σκύλων.

413 2789 595 2843 Τοίνυν
628 2788 845 2849 ἐπιστάς
877 2786 1130 2860 βασιλεὺς
1158 2791 1235 2856 τῷ
1260 2784 1536 2858 Ζευγμίνῳ

225 2882 374 2937 4255
409 2875 681 2934 Ἡλωκότι
716 2875 928 2930 Παίοσιν
964 2873 1081 2949 άρτι
1119 2869 1433 2948 βαρϐάροις,

412 2970 423 2987 ι
463 2983 466 2987 .
675 2965 684 2984 ρ
880 2964 894 2979 ς
985 2964 993 2977 ι
1126 2963 1139 2981 ρ
1343 2958 1366 2975 α

431 2969 776 3032 Επανασωζει
807 2984 896 3016 και
928 2962 1090 3016 παλιν
1148 2960 1389 3032 Ρωμαίοι

411 3048 740 3112 Εὑϐουλίαις
771 3051 940 3110 νίκαις
969 3070 1025 3101 τε
1056 3049 1143 3101 καὶ
1176 3047 1544 3122 στρατηγίαις.

413 3141 510 3195 Καὶ
545 3143 654 3210 μὴν
686 3140 1031 3211 περιώνυμον
1062 3135 1214 3211 ἔργον
1247 3137 1333 3189 καὶ
1365 3132 1489 3189 τόδε

419 3229 813 3304 ’Δναπέιρανται
841 3230 937 3279 τοῦ
966 3228 1138 3278 καλοῦ
1166 3225 1506 3301 στεφηιρόρου
1541 3244 1552 3255 ·

219 3321 375 3376 4260
416 3315 614 3378 Πόλεις
643 3311 943 3374 Ἀσιάτιδες
977 3311 1269 3386 εὕχρηστοι
1306 3312 1405 3384 βίῳ

414 3403 626 3480 Χλιαρά
655 3403 746 3457 καὶ
780 3402 1061 3476 Πέργαμος
1095 3399 1255 3454 ἄλλαι
1286 3401 1333 3454 τ’
1365 3397 1427 3453 αὖ
1459 3399 1669 3468 πόλεις,

411 3505 504 3556 Ὧν
533 3504 599 3555 τά
627 3501 779 3574 πέριξ
810 3498 1088 3572 πάσχοντα
1116 3499 1343 3570 Πέρσαις
1379 3493 1672 3572 βαρϐάροις

415 3588 694 3664 Δῃούμενά
722 3608 798 3658 τε,
831 3585 1259 3661 πυρπολούμενά
1289 3606 1434 3662 σφισι

425 3674 693 3750 Κωμηδὸν
728 3677 802 3738 ὡς
827 3673 1024 3748 ἔχοντα
1051 3675 1149 3742 τήν
1186 3673 1479 3740 συνοικίαν,

241 3772 392 3825 4265
429 3767 592 3834 ’Ἀναξ
621 3759 911 3837 περιέϐαλε
934 3763 1168 3836 τείχεσιν
1199 3760 1326 3815 τάδε
1359 3781 1371 3794 ·

433 3855 528 3909 Καὶ
563 3847 835 3907 διαλαϐὼν
867 3850 1147 3928 φρουρίοις
1175 3847 1436 3924 ἀσφαλέσι

432 3944 537 4000 Τὸν
571 3947 777 4016 χῶρον,
810 3938 1093 4009 ἀπήλλαξε
1124 3941 1387 4011 Περσικῆς
1418 3935 1620 4009 λύμης.

430 4031 744 4105 Οίκητόρων
776 4029 917 4083 οὕτω
950 4024 1006 4081 δὲ
1035 4026 1311 4096 πλήθουσι
1340 4023 1466 4078 τάδε

431 4118 530 4172 Καὶ
562 4125 688 4172 πᾶσι
719 4115 900 4176 καλῶς
931 4120 1045 4174 τοῖς
1073 4113 1210 4168 κατὰ
1244 4113 1356 4187 βίον
1395 4113 1585 4187 βρίθει,

245 4211 394 4265 4270
434 4211 652 4283 Ἀγροῖς
681 4227 739 4260 τε
765 4205 970 4282 ιρυτῶσί
1000 4223 1076 4269 τε,
1112 4205 1298 4276 χάρισι
1331 4203 1520 4272 ξέναις,

435 4295 680 4370 dego-Spw:
703 4298 874 4348 ταῦτα
902 4293 990 4346 καὶ
1025 4290 1216 4352 πόλεις
1248 4288 1526 4362 εἰρημέναι

433 4385 522 4448 Ὠς
550 4388 656 4438 τῶν
693 4381 942 4456 μεγάλων
971 4384 1318 4453 κατακρατεῖν
1347 4380 1569 4433 ἀστέων.

432 4477 608 4526 Ταῦτα
637 4472 730 4544 μὲν
761 4469 903 4524 οὕτω
937 4463 1300 4540 συμδέϐηκενν
1333 4464 1561 4541 dxi-197]"
1599 4487 1610 4500 ⁸

433 4564 665 4635 ’Ὀρκους
701 4557 756 4612 δὲ
787 4555 954 4612 πάλιν
987 4557 1330 4630 συγχεάντων
1365 4554 1631 4626 Παιόνων,

248 4653 402 4708 4275
442 4652 671 4721 ’Ἐξεισιν
706 4649 828 4719 ἅναξ
859 4651 966 4700 τῶν
1001 4644 1286 4719 βασιλείων
1322 4641 1530 4716 δόμων,

440 4735 538 4790 Καὶ
563 4736 700 4810 πρὸς
729 4733 1002 4808 Σαρδικήν
1035 4733 1334 4809 ἀφικνεῖται
1365 4733 1461 4799 τήν
1496 4730 1677 4795 πόλιν,

437 4826 512 4882 Οὗ
547 4820 842 4896 συμϐαλεῖν
875 4823 1106 4876 τέτακτπ
1134 4818 1414 4891 Ῥωμαίων
1451 4818 1614 4880 ἴλαις.

442 4914 592 4972 Ἐπεὶ
623 4911 680 4966 δέ
711 4913 1066 4983 συνήθροιστο
1098 4915 1199 4962 πᾶν
1231 4906 1641 4980 στρατευμάτων

441 5000 628 5074 Κρίσει
665 5002 980 5075 στρατηγῶν
1017 4994 1269 5071 βασιλεὺς
1307 4993 1689 5068 βουληφόρων,

255 5094 400 5149 4280
440 5087 878 5165 Κοντοστέτρανον
910 5083 1256 5158 Ἀνδρόνικον
1292 5080 1541 5154 δεικνύει,

439 5173 630 5252 ””Ανδρ’
662 5175 902 5249 ἀρεϊκὸν,
934 5173 1204 5242 ἁπτόητον
1239 5171 1289 5225 ἐν
1329 5172 1554 5244 μάχαις,

449 5267 548 5320 Καὶ
579 5265 676 5333 τὴν
709 5266 823 5318 κατ’
858 5259 1113 5334 Οὕγγρων
1146 5259 1426 5328 ἀνατίθησι
1462 5260 1644 5332 μάχην
1683 5279 1693 5291 ·

447 5357 538 5416 Ὃς
569 5345 901 5428 παραλαϐὼν
933 5349 1240 5422 Ῥωμαϊκὰς
1273 5345 1526 5420 δυνάμεις

438 5445 616 5514 Ὀρμᾷ
646 5440 784 5496 κατὰ
817 5442 960 5515 σφῶν
996 5437 1084 5490 σὺν
1119 5442 1234 5508 Θεῷ
1265 5435 1421 5504 νίκης
1454 5432 1582 5509 δότῃ
1615 5455 1626 5468 ·

264 5534 406 5588 4285
443 5531 551 5587 Καὶ
581 5528 648 5601 δὴ
673 5528 913 5603 περάσας
949 5521 1188 5580 Σάουϐον
1221 5526 1427 5592 Ἵστρον
1463 5525 1510 5577 θ’
1537 5526 1648 5597 ἅμα

444 5616 721 5674 Ὑπεισέδυ
756 5613 1049 5687 Ζεῦγμινον
1083 5612 1341 5671 Αὐσόνων
1370 5612 1555 5680 πόλιν,

1699 379 2061 432 ΟΕΒᾹΠΕΞ.

1869 503 1923 568 Α
1955 498 2286 553 Comnenus
2317 500 2511 552 autem
2541 495 2777 552 habitus
2810 494 2868 550 in
2898 495 3148 550 vinculis

1945 587 2018 642 ob
2044 588 2167 654 jam
2201 589 2467 639 narratas
2496 601 2704 640 causas
2734 585 3129 654 Andronicus,

1945 678 2180 730 versuto
2213 677 2340 726 astu
2376 690 2603 728 carcere
2635 691 2694 727 sc
2729 674 3058 745 proripiens

1947 762 2008 816 in
2040 762 2342 816 Russicam
2377 762 2638 831 confugit
2665 762 2948 817 Galitzam
2984 763 3211 822 urbem.

1952 852 2149 920 ibique
2181 868 2213 905 a
2244 857 2478 922 satrapa
2512 869 2691 922 prono
2723 852 2914 906 animo
2948 857 3248 922 exceptus,

1950 939 2124 1011 longo
2155 941 2477 1010 permansit
2509 940 2661 1012 apud
2696 940 2888 1012 ipsum
2925 945 3204 1012 tempore.

1954 1029 2142 1082 Tanta
2171 1031 2365 1081 autem
2399 1028 2509 1082 sibi
2534 1029 2733 1097 junxit
2765 1029 3028 1083 amicitia

1954 1120 2010 1170 et
2037 1116 2391 1184 quotidianis
2420 1122 2722 1187 satrapam
2757 1116 2986 1183 ofﬁciis,

1957 1207 2020 1257 ut
2047 1201 2132 1256 illi
2164 1218 2396 1274 semper
2426 1203 2483 1257 in
2516 1205 2784 1258 convictu
2819 1205 3051 1260 adesset

1956 1293 2199 1361 ejusque
2230 1308 2433 1346 mensa
2462 1292 2700 1347 assidue
2732 1297 3010 1348 uteretur.

1956 1382 2029 1434 At
2054 1379 2244 1434 Caesar
2273 1380 2383 1434 sibi
2417 1382 2759 1450 probrosam
2793 1382 3134 1438 existimans

1963 1467 2276 1523 Andronici
2309 1470 2508 1539 fugam
2541 1469 2824 1540 patruelis

1963 1561 2019 1612 ct
2047 1557 2106 1612 in
2139 1555 2328 1612 alieno
2360 1557 2483 1611 solo
2514 1574 2719 1630 vagam
2749 1559 2952 1626 vitam,

1965 1646 2138 1716 coepit
2168 1650 2371 1716 putare
2402 1662 2518 1716 qua
2549 1647 2772 1702 ratione
2806 1656 2998 1718 posset

1966 1733 2264 1788 hominem
2297 1733 2354 1787 in
2393 1734 2632 1803 patriam
2668 1752 2834 1790 suam
2868 1737 3159 1792 retrahere
3195 1755 3207 1792 :

1889 1843 1934 1906 Β
1966 1823 2286 1894 ριιωεθνιίω
2320 1821 2456 1890 quia
2484 1824 2670 1877 didita
2701 1823 2855 1878 fama
2884 1830 3008 1879 erat

1969 1928 2132 1965 arma
2160 1911 2502 1978 Scytharum
2533 1912 2604 1964 ab
2635 1911 2730 1966 illo
2765 1915 3132 1980 commoveri,

1967 1998 2428 2068 Macedoniaeque
2459 2007 2514 2052 et
2545 2000 2803 2053 Thracia:
2845 2002 3049 2057 adesse
3082 2003 3317 2058 tinibus.

1969 2089 2115 2155 Ergo
2147 2085 2412 2140 benivola
2443 2085 2637 2141 oblata
2671 2089 2781 2141 lide

1970 2177 2156 2230 Caesar
2185 2178 2242 2228 et
2273 2179 2504 2245 recepta
2533 2174 2804 2238 invicem,
2840 2177 3068 2232 reduxit

1971 2264 2350 2317 Commenum
2384 2264 2774 2318 Andronicum
2811 2266 2879 2318 ad
2914 2265 3064 2322 lares
3098 2269 3336 2338 patrios.

1972 2351 2090 2406 Sub
2120 2351 2271 2404 idem
2304 2355 2535 2420 tempus
2570 2352 2801 2406 Pisones
2831 2355 3067 2409 eti'racta

1975 2456 2147 2510 quain
2182 2438 2436 2492 Manueli
2469 2441 2904 2510 spoponderant
2933 2443 3066 2510 ﬁde,

1977 2535 2207 2582 nostras
2239 2527 2310 2581 ad
2341 2529 2551 2582 Istrum
2586 2528 2968 2584 incursabant
2998 2536 3203 2598 terras,

1977 2622 2031 2670 ct
2059 2633 2192 2670 cum
2226 2617 2498 2671 Romanis
2530 2618 2826 2688 congressi
2859 2618 3146 2675 militibus

1978 2703 2216 2758 victoria
2246 2709 2303 2758 et
2333 2703 2536 2774 spoliis
2566 2704 2835 2774 plurimis
2867 2713 3003 2762 sunt
3036 2709 3220 2772 potiti.

1979 2791 2367 2856 Quamobrem
2399 2791 2586 2846 Caesar
2616 2793 2996 2863 Zeugminum
3033 2813 3396 2866 progressus,

1981 2896 2156 2951 quam
2188 2880 2389 2934 urbem
2421 2896 2606 2950 nuper
2638 2880 2868 2936 Pmones
2899 2895 3345 2956 occupaverant,

1982 2984 2186 3022 rursus
2215 2967 2472 3022 Romano
2499 2969 2756 3024 vindicat
2786 2971 3032 3042 imperio

1981 3055 2239 3110 victoriis
2269 3060 2324 3110 et
2355 3056 2616 3112 consiliis
2647 3063 2702 3112 et
2734 3064 2854 3113 arte
2886 3060 3108 3115 ncllica.

1984 3142 2271 3215 lnclytum
2303 3144 2458 3199 aliud
2491 3151 2544 3200 et
2577 3146 2983 3217 famigeratum

1985 3232 2240 3303 praeclari
2274 3233 2428 3304 regis
2460 3250 2607 3304 Opus
2640 3235 2929 3292 inclaruit.

1985 3319 2166 3374 Urbes
2195 3321 2483 3374 Astaticas
2511 3321 2683 3376 utiles
2717 3324 3041 3393 reipublicae

1983 3407 2271 3462 Chliaram
2305 3409 2647 3480 Pergamum
2682 3412 2944 3480 aliasque
2975 3415 3218 3484 aliquot,

1988 3495 2261 3564 (quarum
2294 3511 2429 3565 ager
2459 3497 2666 3553 misere
2699 3501 2890 3554 Persis
2922 3503 3187 3557 barbaris

1987 3581 2291 3652 obnoxius,
2329 3584 2459 3654 igne
2489 3592 2544 3640 et
2576 3588 2722 3642 l'crro
2756 3591 3110 3656 vastabatur,

1992 3677 2293 3742 propterea
2325 3674 2478 3744 quod
2513 3677 2768 3746 pagatim
2801 3679 3238 3751 habitabantur)

1991 3760 2286 3815 mmnibus
2319 3760 2505 3816 Caasar
2535 3769 2775 3818 cunctas
2807 3767 3206 3823 circumclusit
3238 3787 3249 3822 :

1993 3854 2049 3903 et
2078 3850 2498 3904 communitam
2533 3851 2740 3906 validis
2777 3855 3030 3908 castellis

1998 3939 2372 4008 provinciam,
2406 3940 2619 3993 damno
2651 3941 2875 3995 Persico
2912 3943 3228 4012 prohibuit.

1996 4027 2084 4081 Sic
2116 4032 2310 4081 autem
2343 4028 2521 4082 crevit
2549 4028 2873 4084 incolarum
2908 4049 3208 4097 numerus,

2000 4114 2081 4168 sic
2110 4116 2385 4186 ampliata
2416 4123 2553 4171 sunt
2585 4117 2807 4172 vivendi
2840 4121 3148 4175 commoda

2001 4205 2175 4272 agris,
2200 4203 2526 4268 arboribus,
2554 4208 2990 4278 peregrinisquc
3023 4209 3206 4273 bonis,

2005 4296 2064 4344 ut
2087 4291 2207 4345 haec
2228 4292 2465 4347 castella
2499 4295 2899 4366 prtediclazque
2932 4298 3100 4351 urbes

2003 4381 2088 4432 vel
2121 4379 2264 4450 ipsis
2298 4382 2525 4452 magnis
2561 4383 2803 4437 urbibus
2835 4386 3136 4439 antistent.

2006 4468 2104 4521 llis
2138 4468 2215 4521 ita
2243 4469 2452 4536 gestis;
2491 4470 2722 4524 interim
2755 4473 3057 4526 Paeonibus

1933 4551 1973 4613 D
2004 4555 2176 4609 ﬁdem
2201 4557 2456 4626 juratam
2489 4557 2678 4612 denuo
2711 4561 3140 4630 rumpentibus,

2011 4643 2206 4697 relicta
2239 4646 2395 4715 regia
2429 4647 2614 4716 pergit
2645 4647 2958 4718 imperator

2009 4732 2306 4786 Sardicam
2341 4749 2526 4802 usque
2559 4735 2784 4802 urbem,
2821 4753 2933 4805 quo
2967 4738 3267 4791 condictus

2012 4820 2285 4875 Romanis
2320 4821 2642 4887 legionibus
2673 4829 2990 4879 conventus
3022 4832 3160 4880 erat.

2014 4909 2116 4963 Ubi
2152 4908 2431 4963 universas
2464 4916 2856 4966 convenerunt
2881 4915 3075 4983 coma).

2015 4999 2226 5052 ducum
2263 4998 2636 5068 prudentium
2665 5003 2850 5054 Cmsar
2884 5004 2951 5056 de
2981 5005 3223 5057 consilio

2018 5087 2408 5141 Andronicum
2441 5091 2596 5140 creat
2627 5089 3178 5159 contostephanum,

2017 5175 2202 5228 virum
2235 5175 2580 5229 mavortium
2615 5177 2827 5246 praeliis
2855 5178 3158 5243 invictum,

2019 5263 2188 5333 eique
2218 5262 2437 5317 bellum
2471 5264 2779 5318 committit
2813 5265 3232 5337 Ilungaricum.

2021 5351 2073 5405 le
2104 5367 2232 5405 vero
2263 5360 2563 5421 assumpto
2594 5351 2843 5406 exercitu
2879 5357 3138 5410 Romano

2025 5439 2212 5510 pergit
2243 5441 2299 5494 in
2328 5438 2523 5493 hostes
2557 5455 2687 5492 cum
2718 5446 2832 5494 Deo
2866 5441 3134 5512 propitio,

2021 5529 2400 5598 trajectisque
2431 5527 2574 5582 Savo
2606 5534 2660 5582 et
2695 5527 2840 5582 Istro
2876 5528 3068 5583 fluviis

2024 5617 2349 5688 ingreditur
2379 5615 2758 5685 Zeugminum
2794 5616 2994 5670 urbem
3030 5622 3320 5685 nostram;

1911 3194 1953 3260 C

3490 371 3581 420 ini";
