4154 6304
486 384 586 439 167
1698 378 2070 432 EPHREMII
2108 377 2667 435 CHRONOGRAPHI

478 511 535 562 et
564 522 695 561 cum
728 504 1007 560 Paeonicis
1037 517 1387 574 congressus
1418 500 1765 570 legionibus,

482 594 855 665 splendidum
887 610 954 647 ex
984 592 1151 646 hoste
1181 590 1505 659 trOphaaum
1540 587 1766 656 retulit;

480 688 655 754 atque
685 681 849 735 illinc
878 681 1035 735 venit
1074 683 1317 733 ornatus
1351 677 1561 731 adorea

492 772 563 825 ad
596 772 874 826 Caesarem
905 769 1005 839 qui
1041 768 1205 822 laetus
1236 782 1369 821 eum
1403 765 1642 835 excepit.

490 859 664 913 Paulo
698 862 826 930 post
858 857 1031 927 igitur
1062 860 1128 911 ad
1164 854 1415 926 regalem
1451 854 1655 908 urbem

486 952 674 1002 Caesar
704 962 969 1001 PBVBI‘SUS
1002 961 1133 999 cum
1166 944 1415 999 victorias
1450 946 1683 996 auctore

487 1037 654 1092 duxit
685 1034 1054 1103 triumphum
1089 1033 1350 1102 apprime
1383 1030 1780 1101 magniﬁcum,

488 1123 762 1180 confertis
796 1122 1028 1193 plenum
1063 1125 1456 1191 spectatorum
1489 1118 1676 1172 turbis

491 1212 778 1267 militibus
810 1210 1047 1282 captivis
1078 1226 1142 1265 ac
1170 1208 1486 1265 manubiis.

488 1301 632 1355 Nam
665 1300 1012 1371 procedebat
1043 1297 1257 1351 atl‘abre
1288 1294 1628 1365 composita,

488 1389 774 1460 quadriga
804 1392 1042 1457 argento
1080 1400 1335 1455 auroque
1367 1386 1663 1447 exornata,

487 1476 639 1531 nivei
670 1492 845 1546 quam
880 1474 1171 1528 ducebant
1202 1472 1474 1526 candoris
1502 1472 1655 1540 equi.

488 1565 573 1620 Ibi
604 1564 779 1618 locari
805 1564 1062 1631 jusserat
1094 1563 1409 1631 imperator

486 1653 743 1725 Virginis
778 1655 1085 1721 augustam
1121 1650 1380 1718 Deiparaa
1412 1646 1755 1717 imaginem,

484 1740 621 1796 belli
653 1739 812 1793 velut
844 1738 1011 1793 sociae
1044 1735 1371 1805 tutelaeque.

484 1836 645 1884 Hanc
679 1828 1075 1897 sequebantur
1109 1823 1246 1895 regii
1282 1823 1511 1893 cognati

484 1916 877 1988 pulcherrime
907 1914 1165 1967 exornati
1200 1912 1322 1965 suis
1353 1911 1707 1982 insignibus.

485 2005 705 2059 Deinde
736 2004 919 2057 Caesar
953 2007 1013 2055 ut
1044 2002 1206 2073 gigas
1238 1999 1617 2064 fortissimus,

486 2093 573 2148 vel
607 2093 801 2163 potius
835 2107 936 2145 ceu
971 2105 1219 2161 sponsus
1251 2089 1561 2142 adveniens
1592 2086 1874 2152 thalamo,

487 2182 775 2236 maximus
804 2178 1180 2233 admirandus
1212 2181 1337 2231 luce
1370 2176 1617 2230 rutilans

483 2271 757 2341 equitans
790 2267 1135 2338 procedebat
1166 2266 1434 2319 decenter
1462 2264 1777 2317 admodum
1814 2278 1827 2315 :

487 2363 620 2429 post
649 2372 822 2427 quem
854 2353 1365 2424 Contostepbanus
1396 2350 1743 2406 victoriosus

484 2446 718 2519 hymnis
750 2462 783 2498 a
812 2449 1018 2499 cuncto
1050 2442 1300 2497 exercitu
1336 2440 1683 2495 celebratus.

487 2540 801 2605 Postquam
836 2534 904 2586 ad
936 2532 1221 2602 templum
1255 2530 1613 2585 devenerunt
1643 2527 1987 2594 maximum,

484 2624 603 2679 illic
639 2626 940 2692 ingressus
972 2619 1161 2673 Caesar
1191 2618 1320 2673 laeto
1350 2618 1545 2671 animo

486 2711 704 2783 gratias
736 2709 850 2777 egit
881 2706 1128 2761 victoriae
1162 2706 1380 2760 auctori
1418 2706 1548 2774 Deo,

484 2801 728 2869 ejusque
759 2796 960 2851 laudes
992 2794 1165 2849 divite
1198 2794 1397 2865 lingua
1429 2792 1603 2860 dixit;

486 2892 607 2941 tum
641 2902 702 2940 se
735 2886 804 2940 ad
839 2885 1064 2955 regium
1097 2883 1344 2938 contulit
1371 2882 1677 2953 palatium.

488 2976 591 3030 llic
620 2973 849 3029 Manuel
884 2989 979 3026 rex
1012 2976 1185 3041 atque
1218 2970 1743 3041 porphyrogenitus

490 3078 764 3134 supremo
796 3060 1032 3115 Numini
1066 3060 1282 3129 gratias
1316 3056 1609 3127 persolvit,

491 3154 764 3221 suscepto
796 3148 913 3202 ﬁlio
945 3148 1015 3201 de
1047 3146 1319 3200 secundis
1352 3144 1571 3213 nuptiis
1604 3161 1617 3197 :

491 3242 563 3294 ob
594 3254 767 3309 quem
800 3235 998 3289 laetitia
1030 3233 1243 3303 publici
1279 3233 1523 3286 convivii

491 3329 647 3383 cives
677 3325 982 3379 universos
1013 3321 1251 3393 opipare
1283 3320 1532 3390 excepit;

490 3416 854 3483 oharumque
885 3410 1069 3465 filium
1104 3408 1415 3481 appeliavit
1442 3408 1729 3463 Alexium.

490 3505 794 3573 Regnante
825 3497 1111 3562 Manuale,
1144 3497 1335 3567 gentis
1368 3500 1602 3550 Venetas

489 3591 717 3645 colonia
745 3588 1006 3659 quaadam
1038 3586 1251 3641 civium
1286 3585 1563 3639 Italorum
1638 3598 1641 3599 '

488 3678 748 3733 Venetiis
780 3676 936 3730 venit
966 3676 1038 3729 ad
1074 3674 1293 3744 regiam
1329 3672 1695 3744 metropolim
1733 3690 1746 3727 :

489 3766 689 3836 ibique
719 3764 992 3835 genuinis
1030 3761 1324 3833 adscripta
1355 3762 1598 3827 civibus,

490 3855 623 3909 exin
655 3853 712 3906 in
746 3867 950 3907 omnes
982 3867 1189 3921 sparsa
1218 3856 1304 3905 est
1334 3850 1659 3921 provincias

491 3942 734 3996 Romani
767 3939 1019 4010 imperii,
1052 3938 1358 4009 lautosque
1389 3940 1697 3993 thesauros

485 4046 664 4100 opum
698 4028 991 4099 congessit
1020 4032 1077 4081 et
1106 4029 1421 4096 potentiam
1459 4026 1739 4097 amplam,

492 4119 797 4187 multoque
830 4115 1018 4186 magis
1049 4115 1301 4170 intendit
1326 4116 1655 4170 audaciam.

488 4206 603 4261 Nec
634 4204 824 4259 solum
859 4208 1054 4258 nostro
1087 4202 1300 4272 populo
1329 4203 1673 4256 diffidebant

489 4293 717 4358 Veneti,
750 4293 846 4347 sed
882 4292 1075 4345 edicta
1104 4290 1457 4360 spernebant
1491 4290 1669 4359 regia,

488 4397 678 4452 neque
712 4380 1001 4435 minarum
1034 4377 1421 4447 tangebantur
1451 4383 1629 4432 metu.

490 4469 705 4523 Horum
740 4467 1074 4539 superbiam
1108 4465 1262 4520 haud
1298 4465 1521 4521 diutius
1552 4466 1741 4520 Caesar

490 4562 655 4611 ratus
686 4556 984 4611 ferendam
1021 4559 1217 4625 utpote
1248 4553 1657 4619 insanabilem,

488 4644 713 4699 litteras
743 4643 932 4715 regias
965 4660 1066 4713 per
1098 4641 1424 4713 provincias
1458 4658 1661 4697 omnes

492 4732 738 4787 Romani
770 4732 998 4802 imperii
1031 4730 1361 4784 clanculum
1398 4730 1644 4800 dimisit,

492 4838 618 4891 quas
651 4825 715 4873 ut
745 4824 1095 4889 caperentur
1120 4819 1319 4872 Veneti
1358 4820 1739 4889 mandabant,

491 4915 547 4965 et
576 4908 656 4962 rei
689 4908 953 4977 gerendas
985 4911 1216 4975 tempus
1249 4907 1723 4976 praescribebant.

492 5001 639 5067 Ergo
672 4995 941 5050 condicta
970 4998 1126 5049 certa
1158 4993 1281 5047 dies
1316 4995 1445 5059 fuit,

492 5103 607 5157 qua
636 5088 776 5139 sunt
806 5098 1009 5153 reapse
1042 5082 1191 5150 capti
1230 5082 1419 5136 Latini
1451 5099 1677 5151 omnes,

491 5172 742 5244 improbi
780 5172 961 5225 moris
995 5188 1191 5240 poenas
1224 5170 1307 5224 uti
1336 5170 1581 5225 luerent.

492 5263 712 5317 Tamen
746 5260 842 5331 qui
877 5258 1079 5313 Veneti
1108 5259 1311 5313 urbem
1344 5259 1709 5315 Constantini

492 5356 631 5404 tunc
666 5348 1017 5412 incolebant,
1055 5345 1394 5402 festinanter
1424 5364 1627 5402 omnes

492 5454 813 5494 conscensa
846 5454 987 5491 nave
1021 5437 1346 5506 vespertino
1382 5441 1662 5505 tempore,

491 5526 728 5594 velaque
758 5525 944 5579 ventis
976 5526 1199 5580 naviter
1232 5526 1553 5596 pandentes

495 5618 555 5672 in
588 5630 755 5671 suam
787 5614 1032 5685 patriam
1066 5616 1202 5686 fuga
1232 5614 1590 5671 devenerunt
1624 5631 1635 5669 ;

2140 498 2195 563 Α
2408 499 2505 551 Καὶ
2538 505 2848 563 Παιοινκαῖς
2881 504 3219 576 συμπλακεὶς
3248 506 3552 583 ἱλαρχίαις,

2407 589 2695 663 Περιφανές
2724 592 2981 665 τρόπαιον
3012 595 3130 664 ἱστᾷ
3153 596 3241 649 καὶ
3274 596 3421 661 νίκην
3457 616 3470 629 ⁸

2404 675 2654 729 Κάκεῖθεν
2688 678 2953 749 ἀνέζευξεν
2987 682 3060 743 ὡς
3092 684 3409 759 νικηφόρος,

2232 763 2369 817 4290
2407 763 2507 817 Καὶ
2544 765 2755 838 βασιλεῖ
2786 765 2997 823 δέδεκτο
3029 769 3145 824 λίαν
3178 771 3441 843 ἀσμένως.

2408 854 2536 915 Μεθ’
2566 855 2772 928 ἡμέρας
2806 855 2896 910 οὖν
2927 858 3027 926 τὴν
3061 858 3333 933 βασίλειον
3367 859 3526 914 πόλιν

2412 945 2570 1012 "Aves
2606 945 2891 1020 πεφθακὼς
2924 945 3017 999 σὺν
3047 948 3197 1017 νίκης
3227 949 3495 1023 παραιτίῳ

2409 1032 2697 1105 Κατήγαγε
2730 1030 2995 1106 θρίαμϐον
3030 1034 3343 1109 ἔκλαμπρον
3376 1039 3537 1103 πάνυ,

2410 1120 2771 1192 Στενούμενον
2801 1121 2999 1191 πλήθει
3029 1145 3086 1178 τε
3114 1130 3219 1179 τῶν
3254 1126 3539 1197 θεωμένων

3766 391 3868 445 168

2234 1208 2370 1263 4295
2409 1212 2523 1260 Τῶν
2556 1210 2602 1259 τ’
2633 1209 3004 1284 αἰχμαλώτων
3032 1214 3117 1266 καὶ
3154 1212 3366 1267 σκύλων
3399 1214 3487 1268 καὶ
3519 1213 3795 1292 λαφύρων.

2408 1296 2621 1368 Ἠγεῖτο
2648 1298 2750 1371 γάρ
2780 1296 3045 1373 τέτρωρον
3081 1299 3136 1353 εὖ
3167 1300 3511 1373 ἡρμοσμένον

2405 1384 2696 1459 Ἀργύρεόν
2718 1406 2857 1453 πως,
2895 1387 3203 1461 ὑπόχρυσον
3241 1389 3497 1462 μετρίως,

2406 1480 2470 1527 Ὃ
2500 1470 2788 1545 χιονώδεις
2824 1473 3006 1528 εἷλκον
3034 1474 3197 1529 ’ίπποι
3223 1478 3321 1545 τήν
3346 1478 3467 1530 θὲαν
3502 1498 3514 1511 ·

2410 1561 2524 1635 Ἐφ’
2555 1561 2616 1613 οὗ
2642 1581 2699 1635 γε
2731 1563 2929 1629 σεπτήν
2961 1559 3271 1632 ἀναϐιϐάζει
3304 1564 3515 1639 κράτωρ

2232 1651 2370 1704 4300
2407 1650 2519 1717 Τῆς
2556 1648 2966 1723 μητρανάνδρου
2994 1654 3264 1725 Ιῐαρθένου
3294 1655 3391 1720 τὴν
3426 1653 3625 1723 εἰκόνα,

2405 1738 2493 1797 Ὡς
2526 1740 2893 1811 συστρατήγου
2925 1742 3223 1811 συμμάχου
3253 1741 3300 1793 τ’
3331 1740 3693 1815 ἀπροσμάχου
3726 1760 3739 1772 ·

2160 1847 2200 1908 Β
2408 1825 2557 1881 Μετὰ
2587 1823 2643 1879 δὲ
2676 1825 2921 1899 λαμπροὶ
2953 1827 3039 1880 καὶ
3078 1826 3337 1901 βασιλείῳ
3367 1826 3502 1900 γὲνει

2406 1911 2769 1988 Κυδρούμενοι
2800 1913 3069 1969 κάλλιστα
3098 1916 3185 1969 καὶ
3217 1923 3335 1977 ταῖς
3366 1916 3533 1987 ἀξίαις
3568 1935 3582 1950 °

2408 2004 2612 2056 Ἔπειθ’
2640 2004 2666 2055 ὁ
2689 2007 2897 2077 κρατῶν
2932 2004 3004 2063 ὠς
3032 2003 3189 2077 γίγας
3220 2004 3547 2078 Βριαρόχειρ

2230 2094 2369 2147 4305
2408 2093 2475 2147 ἸΙ
2507 2090 2718 2162 μᾶλλον
2748 2091 2913 2145 εἰπεῖν
2942 2092 3173 2169 νυμφίος
3201 2094 3249 2167 γ’
3281 2092 3339 2146 ἐκ
3363 2089 3634 2152 παστάδος

2405 2176 2669 2239 Κύδιστος
2702 2180 2735 2246 ἢ
2774 2178 3020 2253 μέγιστος
3052 2180 3367 2253 ἀστράπτων
3400 2180 3519 2253 φάει

2408 2266 2742 2341 Ὀχούμενος
2769 2267 3042 2342 προῆλθεν
3077 2268 3357 2343 εὐπρεπῶς
3383 2266 3510 2342 ἄγαν
3548 2286 3562 2299 ’

2405 2356 2532 2419 Μεθ’
2558 2356 2614 2409 ὃν
2645 2356 3075 2430 Κοντοστὲφανος
3109 2354 3283 2417 αἴτιος
3314 2358 3485 2424 νίκης,

2402 2444 2762 2516 ἰ’μνούμενος
2795 2443 3031 2515 ξύμπασι
3062 2451 3161 2511 τῆς
3192 2444 3513 2519 στρατηγίας
3546 2463 3559 2475 ·

2230 2536 2367 2589 4310
2405 2535 2583 2604 Μέγαν
2619 2530 2675 2585 δὲ
2703 2533 2825 2585 ναὸν
2858 2533 3145 2606 πεφθακὼς
3172 2532 3543 2607 αὐτοκράτωρ,

2406 2620 2505 2677 Καὶ
2530 2617 2673 2673 τόνδ’
2711 2617 2961 2680 ὑπεισδὺς
2994 2620 3305 2693 εὐχαριστεῖ
3333 2620 3653 2697 προφρόνως

2406 2712 2499 2779 Τῷ
2525 2713 2790 2778 νικοποιῷ
2821 2709 3139 2762 παντάνακτι
3174 2708 3439 2781 Δεσπότῃ,

2406 2798 2510 2853 Καὶ
2540 2794 2695 2851 τοῦδε
2722 2795 2991 2869 λαμπρῶς
3020 2796 3218 2851 αἶ’νεσιν
3240 2796 3462 2870 γλώσσῃ
3499 2796 3699 2873 φράσας

2405 2887 2635 2939 Ἐκεῖθεν
2666 2885 2787 2952 ἥκει
2817 2885 2952 2959 πρὸς
2987 2884 3295 2959 βασιλείους
3325 2883 3549 2955 δόμους.

2232 2980 2370 3034 4315
2407 2976 2577 3034 Οὗτος
2611 2972 2868 3041 Μανουήλ
2898 2976 3278 3051 πορφυρανθὴς
3309 2973 3533 3042 αὖτάναξ

2407 3068 2520 3134 Θεῷ
2551 3065 2881 3137 χαριστήρια
2900 3067 3007 3117 τῶν
3040 3062 3182 3117 ὅλων
3218 3063 3329 3116 θύει

2410 3154 2671 3221 Γεννήσας
2701 3152 2814 3205 υἱὸν
2850 3150 2907 3205 ἐκ
2934 3152 3124 3224 γάμων
3152 3156 3258 3205 τῶν
3299 3148 3579 3223 δευτέρων,

2405 3241 2523 3316 Ἐφ’
2552 3261 2596 3311 ῳ
2627 3238 2837 3299 θαλίαις
2869 3238 2957 3291 καὶ
2989 3237 3181 3298 καλαῖς
3214 3234 3549 3297 πανδαισίαις

2409 3328 2730 3385 Ἀστυπολίν
2742 3348 2797 3387 ας
2828 3328 2936 3381 εἱστ
2948 3327 3109 3389 ιακὼς
3138 3325 3443 3395 πλουσίως,

2234 3422 2371 3475 4320
2411 3418 2680 3485 ΚὲκΛηκεν
2718 3413 2957 3486 Ἀλὲξιον
2987 3415 3105 3468 υἱὲα
3135 3414 3315 3489 φίλον.

2407 3504 2615 3562 Τούτου
2644 3507 2969 3576 κρατοῦντος
2998 3502 3085 3556 καὶ
3120 3500 3410 3558 Βενετίκων
3437 3499 3589 3574 γίνος

2411 3589 2651 3664 Ἀνδρῶν
2685 3591 2914 3662 ὑπῆρξεν
2945 3588 3166 3643 ’[ταλῶν
3197 3588 3419 3642 ἀποικία

2411 3682 2505 3736 Ἐκ
2532 3676 2776 3740 Βενετίας
2808 3677 2881 3737 εἷς
2917 3674 3175 3751 βασιλίδα
3205 3673 3390 3745 πόλιν,

2409 3768 2507 3822 Καὶ
2538 3765 2691 3831 τῆσδ’
2723 3765 3083 3841 ἐνεργάφησαν
3116 3765 3299 3826 ἀστοῖς
3327 3761 3595 3836 γνησίοις,

2235 3861 2373 3914 4325
2410 3857 2515 3910 Κάν
2544 3852 2697 3919 τῆσδ’
2730 3853 3137 3928 ἰφηπλώθησαν
3170 3852 3244 3914 εἷς
3274 3856 3441 3905 πᾶσαν
3476 3851 3648 3923 χθόνα

2412 3943 2797 4016 Διασπαρέντες
2834 3940 3078 3997 Αὐσόνων
3119 3935 3478 4013 κραταρχίας,

2412 4029 2745 4103 Ἐνημμίνοι
2777 4026 3017 4083 πλοῦτον
3053 4024 3108 4080 δὲ
3144 4025 3304 4099 βαθὺν
3335 4025 3693 4099 πραγμάτων,

2408 4119 2585 4189 Αὕξην
2612 4138 2669 4171 τε
2701 4117 2927 4191 μακρὰν,
2962 4112 3243 4178 αὐθάδειάν
3275 4134 3332 4167 τε
3358 4112 3542 4179 πλέον,

2408 4206 2522 4263 Οὐκ
2547 4203 2786 4265 Αὕσονας
2812 4202 3023 4278 ἥγηντο
3057 4201 3334 4274 δυσμενεῖς
3371 4200 3556 4272 μόνον,

2234 4300 2372 4353 4330
2411 4294 2589 4351 Ἀλλά
2623 4292 2910 4368 βασιλείων
2938 4312 2998 4367 γε
3026 4290 3114 4345 καὶ
3142 4288 3571 4363 προσταγμάτων

2412 4383 2514 4439 Καὶ
2544 4387 2649 4436 τῶν
2684 4380 2920 4435 ἀπειλῶν
2954 4381 3102 4453 εἶχον
3138 4376 3541 4453 ἀνεπιστρόφως

2409 4473 2518 4538 Τὴν
2554 4475 2698 4544 σφῶν
2732 4471 2993 4525 τολοιπὸν
3028 4467 3318 4541 ὑπεροψίαν
3349 4462 3472 4537 ἅναξ

2164 4555 2203 4614 Ι)
2413 4558 2620 4616 Οὔκουν
2652 4560 2896 4635 φορητὴν
2932 4555 3042 4611 οὐδ’
3078 4555 3294 4627 ἷάσιμον
3326 4554 3546 4628 κρίνων,

2414 4649 2711 4724 Γράμματα
2748 4646 2993 4721 βασίλεια
3022 4645 3139 4699 κατ’
3172 4640 3437 4716 ἐπαρχίαν

2237 4741 2375 4795 4335
2409 4736 2720 4809 Ῥωμαϊκὴν
2753 4734 3032 4805 πέπομφεν
3066 4730 3269 4785 ἅπασαν
3300 4728 3473 4803 λάθρα

2414 4825 2749 4897 Κατάσχεσιν
2782 4820 3052 4890 δηλοῦντα
3076 4824 3182 4873 τῶν
3218 4815 3526 4883 Βενετίκων,

2412 4914 2612 4987 Χρόνον
2641 4933 2699 4965 τε
2728 4912 2845 4973 καθ’
2874 4910 2931 4963 ’ὸν
2964 4912 3128 4963 ταῦτα
3158 4912 3469 4981 πραχθῆναι
3500 4900 3633 4956 δεον.

2414 5005 2640 5076 Ὤριστο
2670 4999 2849 5055 τοίνυν
2882 4999 3063 5071 ἡμέρα
3094 4992 3448 5069 προθεσμίας,

2414 5093 2513 5151 Ἦς
2547 5089 2801 5158 ἐνστασης
2835 5093 2936 5147 πᾶς
2968 5084 3277 5159 συνελήφθη
3312 5080 3550 5135 Λατίνων

2239 5183 2377 5237 4340
2415 5181 2527 5246 Τῆς
2563 5176 2890 5250 δυστροπίας
2922 5170 3333 5248 εἰσπραχθέντες
3367 5167 3605 5227 εὐθύνας.

2415 5266 2701 5323 Βενετίκων
2733 5267 2851 5319 ὅσοι
2882 5262 2941 5317 δὲ
2968 5263 3065 5330 τήν
3095 5257 3501 5317 Κωνσταντίνου

2415 5351 2581 5408 Πόλιν
2611 5354 2885 5424 κατῴκουν
2914 5348 3311 5424 ἆποδράσαντες
3344 5345 3512 5419 τάχος

2415 5438 2835 5511 Ἐπιϐεϐηκότες
2862 5461 2918 5495 τε
2947 5439 3080 5507 νηὸς
3108 5436 3332 5509 ἑσπέρας

2415 5536 2544 5589 Τοῖς
2578 5531 2797 5603 ἀνέμοις
2832 5528 3001 5604 λαίφη
3035 5548 3091 5581 τε
3124 5523 3306 5584 δόντες
3341 5520 3415 5584 ὠς
3446 5521 3563 5574 δὲον

2240 5625 2381 5678 3445
2420 5622 2688 5694 ’Λπῄεσαν
2722 5618 2999 5695 φεύγοντες
3034 5616 3085 5675 ἐς
3114 5616 3261 5689 σφῶν
3293 5606 3525 5682 πατρίδα
3560 5627 3571 5638 ·
