4132 6300
283 396 386 451 169

462 516 571 573 Καὶ
604 518 740 590 σφ’άς
775 514 866 585 μὲν
901 513 1042 585 εἶχεν
1071 512 1106 579 ἡ
1139 506 1349 566 Βενετία
1372 507 1513 562 τότε·

470 603 625 661 Μετά
657 601 717 657 δὲ
746 600 951 675 μακρὸν
986 597 1385 673 ηὐτρεπικότες
1415 596 1608 651 στόλον

467 694 688 761 Νήσους
719 689 943 743 ἐκάκουν
972 685 1290 748 ἐκπλέοντες
1322 683 1624 760 εὐδρόμως’

465 777 632 836 Ἀλλ’
659 778 1003 851 ἀντίπρωρος
1035 774 1290 830 Αὐσόνων
1324 773 1539 835 σταλεὶς
1568 769 1759 830 στόλος

277 873 429 928 4350
469 867 620 923 1]λοῦ
652 865 1037 941 σφᾶςξάπεῖρξε
1065 867 1380 940 πειρατικοῦ
1408 862 1496 916 καὶ
1534 859 1740 933 μάχης.

468 955 661 1015 Τοίνυν
693 953 1020 1014 ἀποστάντες
1054 973 1112 1024 γε
1140 957 1237 1007 τοῦ
1278 949 1365 1005 διὰ
1397 951 1584 1023 μάχης

464 1043 734 1121 Ἐχθροὺς
760 1047 941 1105 κακῶς
971 1038 1097 1117 δρᾷν
1131 1040 1426 1113 ἀμύνεσθαι
1455 1040 1504 1092 τ’
1531 1037 1594 1091 αὗ
1627 1034 1829 1105 στόλῳ,

462 1135 608 1208 Πρὸς
640 1132 780 1208 ῥῆγα
807 1130 1089 1194 συνέθεντο
1117 1135 1216 1197 τῆς
1250 1126 1504 1188 Σικελίας

461 1223 659 1296 Ὀρκια
687 1220 851 1273 πιστά
880 1212 1175 1289 συμϐάσεις
1204 1237 1262 1271 τε
1292 1215 1494 1292 φιλίας.

280 1314 422 1368 4355
459 1312 528 1367 ’Ὀ
554 1306 714 1383 γνοὺς
750 1304 1007 1381 βασιλεὺς
1041 1305 1069 1358 ὁ
1099 1302 1416 1380 προμηθεὺς
1449 1301 1705 1358 Αὐσόνων

466 1397 565 1452 Καὶ
594 1398 690 1457 τὰς
718 1395 805 1450 ἐπὶ
839 1392 1077 1466 λύμῃῖγε
1106 1399 1203 1461 τῆς
1245 1389 1551 1464 Ῥωμαίδος

470 1482 807 1562 Συμφωνίας
829 1486 976 1549 σφῶν
1013 1479 1363 1554 ἐννοούμενος
1404 1477 1564 1533 λῦσαι

465 1576 563 1636 "Ac
592 1572 721 1647 ῥηγὶ
753 1570 1080 1643 συνέπραξαν
1110 1569 1324 1641 ἀμύνης
1353 1568 1534 1641 χάριν,

469 1661 850 1733 ’Δνεξικάκως,
882 1659 1145 1731 εὐμενῶς,
1186 1656 1517 1730 εὐμηχάνως

274 1762 424 1818 4360
466 1760 608 1832 Πρὸς
642 1755 829 1834 φιλίαν
864 1754 1105 1811 εἵλκυσεν
1141 1753 1335 1816 αὐτοὺς
1360 1754 1460 1821 τήν
1487 1750 1678 1807 πάλαι.

465 1849 526 1903 Ἀ
541 1845 801 1919 μνηστίαν
836 1842 963 1904 δοὺς
993 1848 1099 1898 τῶν
1133 1841 1280 1919 σφίσι
1313 1840 1729 1915 πεπραγμένων

471 1936 614 2009 Πρὸς
644 1932 691 1988 δ’
722 1934 787 1987 αὖ
818 1928 913 2001 ἔθη
949 1928 1165 1985 δίδωσιν
1198 1929 1382 1991 αὐτοῖς
1414 1929 1479 1983 τά
1508 1928 1701 1982 πάλαι’

468 2023 569 2077 Kal
600 2026 745 2099 σφῶν
780 2018 919 2074 ὅσων
948 2016 1144 2095 εἴληφε
1170 2017 1364 2093 τοπρὶν
1406 2015 1587 2070 οὐσίαν

469 2112 569 2165 Καὶ
601 2108 764 2180 τήνδε
797 2106 1072 2184 βασίλειος
1105 2105 1353 2182 ἐφρούρει
1381 2105 1563 2180 στέγη,

285 2204 433 2259 4365
471 2203 603 2261 Τοῖς
634 2199 941 2258 Βενετίκοις
969 2192 1212 2250 ἀπέδωκε
1232 2194 1556 2270 προφρόνως

468 2287 719 2344 Γενναίαν
748 2288 871 2358 ἄναξ
905 2284 1087 2340 οὐτοσὶ
1116 2282 1375 2337 πλουτῶν
1408 2282 1586 2349 φύσιν,

464 2375 799 2453 Ὀξύῤῥοπός
827 2375 873 2428 τ’
907 2372 979 2427 ὢν
1013 2374 1063 2427 ἐν
1103 2371 1306 2446 μάχαις
1338 2367 1671 2435 ἀντιπάλων,

466 2465 802 2540 Δραστηριός
832 2484 890 2517 τε
917 2463 1335 2536 καρτερόψυχος
1368 2457 1510 2526 λίαν,

474 2555 568 2607 Καὶ
605 2551 890 2627 διενεργῶν
925 2548 970 2605 δ’
1001 2551 1193 2604 ἑαυτοῦ
1218 2548 1312 2609 τὰς
1349 2547 1555 2620 μάχας,

297 2653 434 2708 4370
473 2656 676 2718 Δεῆσαν
702 2646 873 2702 ’ίππον
905 2642 1176 2700 ἀνέϐαινεν
1208 2643 1421 2710 αὐτίκα,

468 2738 569 2792 Καὶ
600 2744 701 2806 τῆς
735 2740 987 2811 στρατιᾶς
1017 2735 1083 2803 ἦν
1114 2735 1422 2808 προμαχῶν
1451 2728 1721 2801 εὐθύμως.

469 2827 673 2897 ’Ἐξεισι
702 2824 889 2879 τοίνυν
920 2822 1055 2877 κατά
1084 2819 1380 2876 σουλτάνου
1408 2815 1572 2873 πάλιν

470 2916 920 2990 Κατατρέχοντος
947 2911 1228 2983 Ῥωμαϊκᾶ
1258 2912 1458 2983 χωρῖα,

474 3005 582 3060 Καὶ
610 3004 816 3078 γίνεται
848 2999 915 3070 δὴ
948 3001 1084 3075 πρὸς
1116 2999 1252 3071 Θέμα
1284 2996 1576 3072 Δορυλέου,

290 3099 441 3153 4375
478 3095 644 3157 Ἔνθα
669 3090 941 3167 χρονίζων
974 3086 1031 3143 εὖ
1058 3085 1325 3155 ἀνακτίζει
1353 3082 1480 3140 τόδε

472 3181 658 3255 Τείχει
686 3186 733 3234 τ’
765 3179 956 3253 ὀχυρῷ
984 3177 1074 3231 καὶ
1097 3174 1396 3249 περιτείχῳ
1425 3171 1557 3243 ξένῳ

476 3264 795 3343 Περιϐαλὼν
828 3264 885 3321 εὗ
913 3264 1303 3339 κατοχυρώσας
1336 3263 1381 3316 θ’
1414 3259 1545 3333 ἅμαο

473 3358 582 3415 Καὶ
610 3354 735 3419 δοὺς
766 3353 1013 3432 φυλακήν
1048 3356 1123 3414 ὡς
1152 3352 1276 3421 ἐνῆν
1300 3347 1431 3422 τῷδ’
1462 3348 1630 3422 ἀξίαν,

474 3449 666 3520 Μερῶν
693 3442 1018 3498 ἀπανίστατο
1048 3444 1157 3496 τῶν
1190 3436 1481 3513 Δορυλέου’

284 3547 435 3603 4880
473 3542 785 3621 Ἐφίσταται
816 3538 873 3595 δε
902 3536 1145 3617 φρουρίῳ
1173 3540 1254 3608 τῷ
1286 3531 1565 3621 Σοοϐλέῳι

473 3620 691 3690 Κακεῖν’
718 3629 924 3701 ὁμοίως
954 3625 1239 3687 ἀνακτίσας
1270 3624 1343 3686 ὡς
1374 3620 1515 3693 δέον,

472 3721 577 3777 Kal
610 3718 781 3773 πάντα
811 3716 919 3780 θεὶς
951 3716 1029 3788 εὗ,
1060 3714 1197 3789 πρὸς
1228 3711 1390 3768 πόλιν
1428 3710 1767 3786 ὑποστρέφει·

468 3806 692 3883 Βραχὺς
724 3806 912 3883 ἐφεξῆς
940 3802 1291 3877 παρελήλυθε
1323 3800 1543 3876 χρόνος⁶

475 3897 580 3953 Kal
613 3896 731 3958 καθ’
760 3893 979 3955 ἑαυτοὺς
1013 3889 1268 3965 βασιλεὺς
1295 3890 1385 3943 καὶ
1416 3889 1709 3950 σουΛτάνος

298 3989 447 4044 4395
482 3984 825 4057 Ὑπέσμυχον
856 3984 963 4055 πῦρ
994 3978 1045 4033 ἐν
1079 3975 1275 4047 σποδιᾷ
1299 3975 1520 4051 καρδίας

478 4075 755 4145 Ἐναυσμα
788 4070 968 4146 βραχὺ
1012 4067 1361 4141 μνησικακίας
1394 4066 1593 4141 χόλου,

483 4161 588 4219 Καὶ
618 4160 762 4214 τοῦτ’
783 4158 982 4231 ἀνάψαι
1009 4152 1365 4211 κατὲσπευδον
1399 4156 1474 4218 εἷς
1506 4154 1706 4232 φλόγα⁶

482 4251 771 4322 Ἐκάτερος
798 4249 927 4320 γοῦν
961 4242 1210 4318 ἐγκαλῶν
1240 4241 1499 4318 ἐκατέρῳ,

475 4338 722 4411 Ὑπῆρχε
753 4337 933 4411 σαφῶς
956 4331 1047 4387 καὶ
1079 4329 1351 4401 διηπείλει
1386 4332 1541 4406 μέγα·

304 4438 451 4493 4390
485 4436 552 4492 Ὀ
582 4432 637 4488 ἐν
673 4429 927 4507 βασιλεὺς
954 4428 1050 4491 τὰς
1080 4427 1318 4490 ὐπούσας
1348 4425 1602 4501 δυνάμεις

480 4523 663 4583 Πάσας
694 4520 949 4595 ἀθροίσας
980 4518 1054 4579 ὡς
1087 4515 1209 4586 ἐνῆν
1241 4517 1577 4592 πανταχόθεν

482 4609 698 4671 Ἀλλας
725 4610 772 4662 τ’
801 4608 882 4662 ἐπ’
918 4603 1115 4667 ἄλλαις
1148 4606 1464 4680 συναγαγὼν
1496 4606 1571 4667 ὡς
1603 4603 1720 4661 δέον

484 4698 572 4769 Ἐξ
603 4695 827 4751 Ἰταλῶν
856 4714 916 4749 τε
943 4694 1034 4749 καὶ
1067 4697 1288 4757 Σκυθῶν
1320 4693 1651 4769 παριστρίων

488 4787 589 4841 Kal
623 4784 999 4860 συγκροτήσας
1037 4782 1403 4857 μυριάριθμον
1423 4781 1608 4858 στίφος

312 4879 457 4934 4395
494 4874 801 4951 Ἀφανίσων
833 4868 1011 4925 ἄπεισι
1040 4870 1300 4943 Περσικὸν
1333 4873 1527 4945 φῦλον,

494 4963 592 5017 Καὶ
622 4958 954 5036 κατερείψων
985 4958 1212 5014 Ἰκόνιον
1246 4957 1323 5021 εἷς
1341 4955 1489 5030 ἓδος,

494 5048 641 5123 Πρὸς
673 5045 719 5102 δ’
754 5048 815 5102 αὗ
843 5067 903 5123 γε
932 5046 1277 5121 Περσάνακτα
1304 5045 1543 5116 καθέξων
1577 5046 1667 5121 βίᾳ

492 5138 600 5194 Καὶ
632 5137 1027 5209 συμπατήσων,
1059 5134 1132 5197 ὡς
1164 5132 1306 5207 ἔθος,
1335 5135 1454 5189 κατ’
1486 5133 1734 5211 αὐχένος’

492 5226 734 5303 Ἀπάρας
770 5225 972 5279 οὐκοῦν
1005 5222 1066 5278 ἐκ
1092 5223 1389 5292 Βυζαντίου
1409 5224 1578 5299 τάχος

320 5321 455 5376 4400
481 5315 635 5375 Μετά
666 5316 915 5389 στρατιᾶς
948 5309 1038 5367 διά
1067 5311 1307 5387 Φρυγίας
1340 5311 1528 5387 μέσης,

488 5404 586 5467 Εἷς
614 5403 806 5464 Χώνας
836 5401 1006 5469 ἦλθεν
1040 5401 1095 5454 εὖ
1125 5400 1290 5456 πόλιν
1320 5401 1647 5475 ᾠκισμένην·

497 5494 753 5555 Κάκεῖθεν
782 5490 1099 5562 ἐξώρμησεν
1130 5488 1205 5550 είς
1237 5484 1409 5564 ἔρυμά
1434 5512 1486 5545 τι

505 5587 576 5661 ⁷ῼ
603 5577 1019 5656 Μυριοκέφαλον
1051 5581 1116 5647 ἦν
1148 5578 1343 5648 κλῆσις
1361 5579 1550 5654 πάλαι,

509 5672 634 5752 Ἀφ’
667 5667 829 5743 οὗπερ
863 5665 1179 5738 εἴσήλαυνεν
1210 5666 1331 5722 εὐθὺ
1363 5668 1621 5745 Περσίδος

614 5791 887 5850 Panos.
935 5786 1048 5848 Gn.
1094 5787 1354 5851 CXLIII.

1804 375 2167 432 CBSARES.

1959 497 2012 562 Α
2041 498 2251 571 Sicque
2280 502 2538 557 Venetiis
2570 500 2802 557 interim
2836 504 3196 555 manserunt.

2043 588 2225 644 Multo
2258 596 2391 661 post
2422 595 2616 645 tamen
2648 591 2919 646 ordinata
2948 588 3157 658 classe,

2044 676 2199 732 facili
2231 694 2404 733 cursu
2436 678 2793 734 infestabant
2818 674 3044 734 insulas
3078 695 3089 731 :

2043 782 2245 821 verum
2276 768 2544 838 opposita
2575 768 2970 823 Romanorum
3002 766 3209 821 classis

2044 853 2353 910 cohibebat
2382 855 2514 911 illos
2544 874 2575 911 a
2604 872 2710 911 suo
2744 854 3067 910 latrocinio.

2046 952 2233 1015 Quare
2264 953 2510 1009 dimisso
2541 953 2874 1009 decertandi
2905 953 3100 1008 studio

2048 1056 2234 1111 neque
2255 1042 2381 1112 jam
2413 1042 2568 1098 hosti
2600 1044 2845 1098 navibus
2880 1046 3174 1110 nocentes,

2046 1145 2178 1184 cum
2212 1146 2345 1200 rege
2376 1131 2569 1187 Siculo
2601 1132 2979 1188 conventione
3011 1132 3163 1185 facta

2048 1218 2222 1273 fidem
2248 1220 2503 1289 juratam
2536 1225 2802 1293 pangunt
2828 1219 3115 1275 amicitiae.

2045 1306 2287 1377 Cognita
2315 1325 2397 1378 re,
2428 1313 2617 1365 ϐαθυδι-
2644 1310 2871 1381 imperii
2906 1313 3081 1376 tutor,

2046 1396 2118 1449 ad
2153 1396 2549 1452 Romanorum
2582 1400 2797 1453 damna
2822 1398 3184 1467 conjuratam

2045 1482 2386 1540 deliberavit
2410 1485 2631 1541 solvere
2659 1486 2916 1541 amicitia

2047 1588 2223 1643 quam
2256 1573 2451 1628 studio
2485 1574 2723 1630 ultionis
2755 1590 2888 1630 cum
2923 1590 3053 1642 rege
3084 1574 3444 1644 pepigerant.

2046 1660 2263 1733 Nempe
2294 1662 2598 1733 patienter,
2632 1663 2858 1732 callide,
2891 1661 3163 1717 benevole

2046 1748 2178 1805 illos
2211 1752 2279 1805 ad
2312 1756 2562 1807 veterem
2594 1753 2771 1807 traxit
2799 1752 3141 1819 amicitiam,

2046 1838 2183 1893 facti
2217 1839 2480 1910 cujusvis
2510 1841 2805 1912 impertita
2834 1841 3020 1896 venia.

1972 1906 2017 1969 Β
2050 1906 2305 1998 Insuper
2327 1929 2515 2000 prisca
2544 1906 2843 2000 privilegia
2876 1928 3123 1985 indulsit
3155 1947 3168 1984 :

2051 2019 2107 2071 et
2136 2016 2423 2087 quidquid
2455 2018 2684 2073 Venetae
2721 2019 2798 2073 rei
2832 2023 3065 2089 captum
3101 2018 3289 2072 fuerat

2052 2107 2109 2157 et
2138 2105 2197 2158 in
2233 2107 2541 2175 quaestorio
2573 2107 2913 2162 servabatur
2943 2106 3122 2177 regio,

2052 2192 2308 2247 reddidit
2338 2191 2485 2265 ipsis
2514 2195 2711 2250 animo
2744 2194 2980 2250 libente.

2053 2289 2155 2343 llic
2185 2294 2302 2345 tam
2336 2292 2564 2362 egregio
2596 2293 2870 2364 praeditus
2903 2291 3134 2364 ingenio

2051 2380 2263 2443 Caesar,
2296 2379 2364 2432 ad
2402 2396 2625 2450 pugnas
2658 2380 2849 2436 alacer
2879 2381 3238 2452 pangendas,

2052 2465 2277 2533 efﬁcax,
2313 2466 2508 2521 animo
2541 2468 2855 2523 admodum
2889 2472 3214 2534 constante,

2053 2559 2109 2608 et
2141 2572 2242 2626 per
2271 2572 2334 2611 se
2358 2555 2483 2628 ipse
2516 2556 2667 2611 bella
2696 2557 3033 2622 conﬁciens,

2056 2644 2154 2699 ubi
2185 2662 2333 2717 opus
2363 2650 2505 2715 erat,
2540 2647 2739 2701 statim
2772 2664 2920 2718 equo
2952 2646 3223 2701 inscenso

2055 2734 2280 2804 primus
2313 2735 2371 2789 in
2403 2736 2524 2789 acie
2556 2740 2791 2791 strenue
2822 2736 3138 2806 perstabat.

2056 2822 2274 2879 Iterum
2306 2839 2440 2895 ergo
2471 2824 2659 2895 pergit
2687 2824 2745 2879 in
2780 2824 3078 2880 sultanum

2055 2929 2088 2967 a
2118 2929 2232 2984 quo
2265 2916 2533 2969 Romanae.
2563 2914 3014 2970 incursabantur
3038 2916 3226 2982 terrae,

2053 3004 2111 3056 et
2139 3018 2324 3072 usque
2355 3003 2425 3057 ad
2458 3002 2657 3058 thema
2687 3001 2948 3073 pervenit
2976 3000 3226 3074 Dorylei.

2054 3099 2139 3155 Ibi
2173 3100 2502 3157 subsistens
2531 3100 2879 3157 instauravit
2909 3100 3112 3156 urbem

2053 3187 2261 3244 validis
2293 3190 2584 3245 moenibus
2616 3190 2882 3262 miroque
2907 3188 3055 3244 vallo

1976 3260 2020 3328 (ἶ
2057 3277 2109 3332 ei
2140 3277 2576 3350 circumposita,
2608 3295 2742 3333 cum
2775 3260 3261 3350 propugnaculis;

2048 3365 2442 3438 impositoque
2472 3367 2680 3423 idoneo
2713 3366 2983 3439 praesidio

2047 3471 2117 3510 ex
2148 3472 2286 3527 agro
2315 3455 2543 3529 Dorylei
2576 3460 2767 3512 castra
2799 3455 3002 3524 movit,

2047 3548 2220 3615 atque
2250 3544 2461 3599 Subleo
2491 3545 2679 3600 adluit
2709 3544 2948 3600 castello
2979 3559 2994 3598 :

2048 3629 2294 3701 ipsoque
2324 3630 2541 3702 pariter
2568 3637 2699 3703 apte
2730 3632 3113 3697 communito,

2047 3724 2104 3774 et
2132 3718 2375 3789 reliquis
2406 3718 2730 3790 dispositis,
2762 3721 2831 3775 ad
2866 3721 3071 3776 urbem
3104 3719 3274 3775 redit.

2049 3808 2161 3863 Sed
2194 3806 2347 3864 brevi
2378 3806 2608 3879 requies
2639 3807 2940 3863 intervallo
2973 3809 3083 3863 fuit
3115 3826 3127 3863 :

2050 3897 2297 3953 invicem
2332 3895 2548 3967 quippe
2576 3899 2768 3951 Caesar
2797 3900 2853 3949 et
2882 3895 3152 3951 sultanus

2051 3984 2247 4055 ignem
2282 3984 2551 4039 fovebant
2580 3983 2689 4038 sub
2721 3984 2912 4039 cordis
2943 3983 3261 4051 cineribus,

2053 4071 2315 4128 fomitem
2349 4076 2683 4144 promptum
2717 4071 3003 4127 meditatas
3036 4071 3298 4141 ultionis,

2055 4166 2229 4233 atque
2258 4170 2598 4232 erupturum
2634 4160 2901 4233 protinus
2931 4160 2989 4215 in
3024 4161 3345 4216 ﬂammam.

2058 4250 2307 4321 Uterque
2339 4248 2563 4304 scilicet
2592 4249 2947 4305 accusabant
2973 4248 3219 4304 invicem

2058 4337 2311 4409 querelis
2342 4338 2674 4394 manifestis
2707 4336 2999 4409 minisque
3027 4338 3326 4409 gravibus.

2058 4436 2449 4502 Quamobrem
2481 4436 2671 4491 Caesar
2698 4435 2850 4491 vires
2882 4434 3188 4490 universas

2059 4524 2322 4597 undique
2352 4524 2724 4593 contrahens,
2758 4524 2969 4595 hisque
2998 4521 3407 4595 supplementa

1982 4613 2033 4680 D
2063 4614 2176 4670 alia
2201 4618 2378 4686 atque
2408 4613 2544 4683 alia,
2576 4617 2642 4691 ut
2671 4629 2774 4683 par
2803 4617 2951 4681 erat,
2984 4612 3207 4667 addens

2070 4720 2137 4759 ex
2168 4702 2326 4760 Italis
2358 4706 2531 4774 atque
2558 4701 2791 4773 Scythis
2822 4702 2891 4756 ad
2926 4702 3139 4755 Istrum
3172 4699 3401 4771 positis,

2072 4795 2533 4864 congregatoque
2560 4791 2870 4845 innumero
2899 4788 3176 4859 exercitu,

2071 4880 2363 4937 Persicam
2395 4879 2587 4952 pergit
2613 4895 2715 4935 ceu
2741 4879 3036 4934 deleturus
3064 4881 3317 4950 gentem,

2075 4969 2456 5041 Iconiumque
2484 4968 2651 5023 humi
2684 4971 3101 5039 prostraturus,

2077 5061 2322 5131 ejusque
2354 5073 2544 5130 regem
2576 5056 2819 5128 insuper
2842 5060 3145 5127 capturus,

2079 5153 2142 5205 ut
2173 5150 2318 5220 pede
2343 5147 2581 5213 collum,
2615 5147 2687 5201 de
2719 5162 2900 5209 more,
2932 5144 3200 5201 calcaret.

2080 5238 2267 5311 Igitur
2297 5235 2508 5308 raptim
2542 5235 2837 5306 profectus
2867 5232 3140 5304 Byzantio

2084 5342 2215 5382 cum
2248 5324 2373 5381 suis
2402 5324 2584 5396 copiis
2616 5322 2928 5393 Phrygiam
2961 5321 3384 5393 pertransiens,
3418 5354 3425 5361 -

2081 5414 2313 5470 Chonas
2343 5412 2576 5469 devenit
2603 5410 2928 5482 elegantem
2964 5410 3191 5464 urbem.

2087 5502 2255 5559 Illinc
2282 5501 2352 5557 ad
2385 5505 2641 5557 castrum
2672 5498 2967 5570 quoddam
3001 5502 3091 5552 est
3121 5511 3492 5566 progressus,

2086 5594 2178 5648 cui
2213 5606 2425 5648 nomen
2454 5593 2623 5644 vetus
2652 5593 2778 5643 erat
2804 5582 3271 5658 Myriocephalon
3310 5600 3323 5637 :

2086 5680 2242 5736 unde
2274 5675 2529 5751 pervasit
2558 5675 2617 5730 in
2650 5674 2930 5730 ditionem
2963 5670 3257 5727 Persicam

3416 5790 3459 5849 6

3573 370 3677 425 170
