4132 6300
454 340 556 396 171
1693 342 2061 396 EPHRIEMII
2097 338 2618 395 CHONOGRAPHI

457 465 710 521 tendens
741 464 812 521 ad
847 464 1059 520 moenia
1089 464 1288 537 inclyti
1322 464 1524 532 Iconii,

457 570 588 610 cum
624 554 875 610 exercitu
908 555 1117 624 valido,
1151 554 1470 613 fortissimo

455 648 678 700 etcum
713 646 963 716 expertis
996 644 1296 717 praaliandi
1329 646 1599 714 ducibus,

454 733 681 789 itineris
713 734 995 790 stationes
1027 735 1344 807 prudenter
1376 734 1621 791 metiens

455 828 689 895 propter
711 823 985 893 jumenta
1017 822 1304 878 machinis
1336 828 1548 880 onusta

454 928 587 967 cum
622 912 945 968 artiﬁcibus
978 914 1101 969 suis
1134 913 1457 968 inermibus

455 1018 645 1074 neque
673 1002 909 1073 gerendi
942 1000 1078 1057 belli
1111 1002 1334 1072 peritis.

453 1098 569 1154 Nec
598 1116 732 1155 vero
762 1099 1036 1155 sultauus
1069 1116 1183 1154 non
1216 1097 1458 1170 cogebat
1490 1096 1710 1169 copias.

455 1190 572 1246 imo
604 1189 854 1261 gentiles
885 1189 1222 1245 accersebat
1253 1187 1574 1260 suppetias,

456 1285 515 1334 et
545 1278 947 1334 defensionem
981 1282 1217 1333 strenue
1249 1277 1588 1349 apparabat.

454 1372 668 1423 Tamen
704 1367 926 1439 legatos
961 1367 1125 1422 misit
1155 1367 1224 1422 ad
1256 1366 1536 1422 Cresarem

448 1458 717 1529 juratum
749 1457 937 1511 foedus
971 1456 1071 1527 qui
1106 1459 1515 1519 memorarent,

455 1548 752 1617 fidemque
782 1553 966 1601 ratam
1002 1560 1131 1600 esse
1163 1544 1549 1617 postularent.

456 1636 568 1691 Sed
600 1636 758 1691 enim
789 1634 953 1689 irrita
983 1633 1200 1689 fcedera
1230 1649 1473 1689 cernens

455 1723 757 1791 Sultanus,
792 1722 947 1778 locos
978 1725 1223 1793 occupat
1252 1721 1523 1777 difﬁciles

459 1818 635 1885 atque
666 1813 888 1868 viarum
924 1811 1151 1867 obsidet
1182 1812 1505 1882 angustias,

461 1902 794 1958 clausuram
827 1901 965 1955 olim
1000 1900 1215 1955 dictam
1248 1898 1593 1969 Tzibritzen,

460 2008 566 2063 per
597 2008 773 2062 quam
807 1990 1105 2046 Romanus
1136 2005 1269 2043 cum
1303 1990 1522 2045 Caesare
1553 1988 1839 2047 exercitus

464 2096 778 2152 gressurus
808 2086 932 2135 erat
961 2077 1201 2135 veniens
1235 2078 1682 2151 Myriocephalo.

471 2170 616 2225 llluc
647 2169 917 2225 sultanus
950 2184 1089 2223 suas
1120 2166 1314 2239 copias
1343 2168 1582 2238 conjicit

468 2275 627 2315 more
659 2259 958 2314 barbarico
990 2256 1178 2312 latens
1211 2256 1267 2309 in
1300 2255 1553 2323 insidiis,

470 2353 533 2403 ut
564 2365 696 2404 mox
726 2348 923 2402 dolose
954 2350 1247 2401 Romanos
1278 2344 1594 2400 invaderet.

466 2446 568 2502 Est
598 2451 791 2501 autem
820 2445 985 2500 locus
1013 2445 1274 2515 undique
1304 2448 1651 2516 praeruptus,

466 2545 768 2607 Angustus
798 2534 963 2589 valde
993 2538 1049 2589 et
1080 2550 1323 2604 prorsus
1355 2534 1694 2605 impervius,

467 2627 749 2681 Taenarus
778 2624 1064 2693 infernus,
1096 2622 1404 2678 Charontis
1435 2639 1698 2694 campus,

466 2714 635 2769 vallis
664 2712 932 2768 difﬁciles
964 2713 1183 2768 ducens
1216 2710 1273 2765 in
1307 2712 1626 2770 anfractus.

466 2802 680 2874 Illapso
712 2801 895 2873 igitur
923 2800 981 2854 in
1009 2800 1310 2869 angustias
1341 2801 1616 2871 exercitu,

466 2891 669 2947 velites
701 2890 936 2962 quidem
968 2894 1023 2945 et
1053 2890 1325 2945 ordinum
1356 2890 1633 2960 praefecti,

468 2980 635 3053 queis
666 2980 1029 3051 praecedendi
1061 2978 1282 3035 caeteris
1309 2993 1449 3035 cura
1479 2980 1635 3051 data,

468 3073 884 3142 praetereuntes
915 3069 1041 3123 sine
1072 3068 1284 3122 damno
1314 3066 1507 3122 locum

469 3160 541 3214 ad
573 3157 829 3231 spatiosa
858 3157 967 3212 tuti
1000 3157 1376 3211 devenerunt.

465 3262 538 3316 At
566 3260 887 3332 imperator
914 3257 973 3313 in
1007 3260 1261 3315 extremo
1294 3256 1549 3329 agmine,

468 3353 602 3421 post
623 3350 749 3419 jam
781 3351 1010 3403 exortos
1039 3345 1275 3401 insidiis
1306 3346 1593 3404 Barbaros

464 3439 697 3509 telaque
727 3438 785 3491 in
819 3437 1013 3508 ipsum
1044 3451 1294 3508 saxaque
1316 3435 1630 3506 jacientes,

466 3531 667 3599 utpote
697 3525 900 3582 acclivi
932 3541 998 3580 ex
1030 3528 1278 3595 utroque
1309 3523 1510 3593 latere,

467 3632 574 3671 nec
604 3615 715 3671 iter
746 3613 1017 3686 persequi
1050 3612 1218 3668 facile
1248 3617 1495 3684 poterat,

465 3721 571 3761 nec
602 3703 948 3776 propulsare
977 3720 1011 3759 a
1041 3705 1230 3758 semet
1262 3701 1585 3774 periculum
1620 3718 1635 3760 ε

384 3830 393 3839 ι
470 3810 575 3849 nec
605 3792 920 3865 quisquam
953 3790 1175 3863 aliquid
1208 3806 1377 3864 agere
1408 3790 1469 3847 in
1499 3793 1753 3851 exercitu

470 3882 656 3938 milite
686 3882 931 3953 dignum
964 3885 1391 3952 strenuumque
1418 3885 1663 3954 poterat,

468 3971 761 4038 curribus,
798 3972 1004 4038 bobus,
1037 3970 1442 4041 machinisque
1473 3970 1718 4042 bellicis,

471 4060 697 4134 aggeris
727 4061 915 4117 instar
942 4059 1094 4117 viam
1128 4059 1608 4132 impedientibus.

465 4150 513 4206 A
543 4155 703 4223 tergo
736 4154 931 4207 autem
967 4149 1234 4206 Persicus
1265 4148 1553 4204 exercitus

468 4241 805 4296 nimborum
835 4241 1023 4295 instar
1045 4236 1246 4309 jacula
1275 4237 1593 4305 conjiciens

465 4331 717 4385 arduum
750 4344 990 4401 prorsus
1018 4326 1299 4382 reddebat
1330 4340 1681 4396 regressum.

464 4428 719 4483 Cadebat
750 4442 884 4497 ergo
916 4426 1021 4481 bos
1052 4440 1185 4479 cum
1217 4420 1469 4478 bubulco
1502 4439 1629 4494 suo,

464 4533 598 4572 cum
631 4532 780 4587 equo
811 4529 991 4585 eques
1021 4511 1351 4583 exspirabat
1380 4510 1592 4569 misere

463 4614 775 4665 Persarum
806 4606 938 4663 telis
969 4604 1229 4661 conﬁxus
1262 4604 1609 4675 mortiferis;

466 4702 640 4769 atque
664 4697 970 4753 turmatim
1003 4694 1373 4751 caedebantur
1402 4710 1627 4762 omnes,

463 4792 745 4858 tanquam
777 4787 1085 4841 brutarum
1116 4799 1256 4856 grex
1286 4783 1636 4855 belluarum,

465 4880 523 4932 et
551 4874 921 4932 circumclusi
954 4873 1311 4931 feriebantur
1338 4873 1533 4930 cuncti

464 4964 757 5037 imperviis
787 4963 845 5018 in
877 4964 1053 5018 furcis
1085 4965 1142 5017 et
1170 4962 1297 5018 sine
1326 4962 1482 5018 exitu
1517 4979 1531 5019 :

462 5059 531 5110 et—
549 5054 727 5125 plenae
757 5052 934 5109 valles
961 5056 1128 5108 erant
1155 5051 1539 5108 cadaveribus

458 5145 774 5215 faucesque
805 5141 1035 5198 hiantes
1066 5140 1356 5196 montium
1385 5144 1443 5197 et
1469 5156 1724 5197 caverna
1757 5159 1771 5199 :

456 5232 561 5287 rivi
594 5232 818 5288 cruoris
848 5230 1257 5300 decurrebant,
1291 5229 1437 5287 beul

456 5322 631 5378 misto
663 5321 968 5377 brutorum
1000 5319 1428 5389 hominumque
1468 5320 1774 5391 sanguine,

455 5414 666 5465 cuncta
695 5414 861 5467 erant
892 5410 1064 5481 plena
1099 5407 1345 5463 miseria:
1374 5411 1430 5463 et
1458 5408 1808 5479 gemituum.

454 5502 637 5570 Atque
667 5499 789 5554 haec
819 5500 1036 5555 fiebant
1067 5498 1290 5553 Caesare
1321 5499 1621 5567 spectante

456 5587 557 5659 qui
588 5588 711 5644 suis
740 5588 965 5645 nullam
999 5589 1147 5642 ferre
1178 5601 1344 5657 opem
1376 5589 1621 5656 poterat.

456 5676 605 5739 Quin
637 5694 870 5735 summo
899 5677 1023 5748 ipse
1056 5680 1180 5733 erat
1206 5675 1266 5731 in
1298 5674 1635 5732 discrimine
1667 5690 1683 5733 ι

2133 464 2180 530 Α
2214 462 2353 516 4405
2392 464 2608 537 Τειχῶν
2644 460 2868 519 Ἰκονίου
2896 482 2955 517 τε
2984 466 3079 517 τοῦ
3109 463 3436 539 περικλυτοῦ

2382 552 2533 606 Μετά
2564 558 2813 628 στρατιᾶς
2847 551 3121 615 εὖσθενοῦς
3157 551 3467 628 ῥωμαλέας·

2384 638 2482 693 Καὶ
2508 645 2911 717 ταγματαρχῶν
2944 640 3173 715 ἀρεϊκῶν
3205 642 3254 695 ἐν
3294 643 3521 717 μάχαις,

2382 729 2663 805 Σταθμοὺς
2694 731 2949 807 ἀπάρσεις
2982 737 3259 807 νουνεχῶς
3289 733 3376 786 καὶ
3409 731 3499 787 σὺν
3534 731 3681 815 λόγῳ

2380 819 2489 883 Τὰς
2521 821 2637 875 καθ’
2671 818 2794 875 ὁδὸν
2826 818 2964 896 δρῶν
3002 821 3160 897 χάριν
3192 821 3494 899 ὑποζυγίων

2207 908 2346 963 4410
2384 911 2446 963 "A
2485 910 2741 983 μηχανάς
2773 908 2829 965 ἂν
2866 909 2984 985 εἶχε
3014 910 3102 965 καὶ
3134 916 3277 987 σφῶν
3310 913 3558 988 τεχνίτας

2381 998 2576 1061 ’Όντας
2607 996 2847 1060 ἀόπλους
2881 996 3061 1063 ἀδαεῖς
3090 1021 3148 1056 τε
3176 1007 3275 1071 τῆς
3311 992 3516 1076 μάχης·

2384 1083 2534 1153 Πλὴν
2568 1083 2679 1139 οὐδ’
2712 1088 2739 1141 ὁ
2774 1084 3002 1142 σουλτάν
3026 1088 3222 1160 ἠμέλει
3257 1090 3694 1165 στρατευμάτων,

2384 1175 2749 1249 Συμμαχικὸν
2785 1173 2829 1229 δ’
2862 1174 3114 1250 ἤθροισεν
3149 1177 3206 1233 ἐκ
3234 1183 3340 1233 τῶν
3377 1179 3674 1257 συμφόλων

2384 1264 2525 1338 Πρὸς
2550 1264 2960 1339 ἀντιπαράταξιν
2992 1265 3442 1341 ηὐτρεπισμένον.

2208 1362 2348 1418 44-15
2386 1357 2642 1437 Πρέσϐεις
2675 1360 2721 1417 δ’
2751 1361 2904 1436 ὅμως
2934 1364 3190 1445 πέπομφε
3220 1366 3355 1441 πρὸς
3393 1364 3638 1440 βασιλέα,

2384 1450 2563 1508 Αἷ¹τῶν
2587 1452 2838 1527 ἐνόρκους
2869 1452 3051 1531 φιλίας
3085 1455 3173 1510 καὶ
3206 1451 3525 1530 συμϐάσεις,

2382 1542 2659 1613 Ἐξάνυσίν
2691 1563 2750 1597 τε
2784 1543 3000 1617 βασιλεῖ
3036 1541 3375 1617 βουλητὲων.

2385 1630 2534 1688 Ἐπεί
2567 1629 2611 1685 δ’
2644 1632 2788 1708 ἑώρα
2819 1629 3114 1707 συμϐάσεις
3146 1634 3460 1709 ἀνηνύτους,

2381 1722 2544 1799 Αἱρεῖ
2570 1724 2879 1800 προφθάτας
2907 1722 3201 1786 σουλτάνος
3237 1721 3550 1800 δυσχωρίας

2131 1828 2180 1893 Β
2210 1812 2348 1867 4420
2388 1810 2485 1868 Καὶ
2516 1810 2641 1875 τοὺς
2674 1812 2979 1875 στενωποὺς
3009 1813 3260 1890 ἀτραπῶν
3293 1814 3662 1890 πορευσίμων.

2387 1898 2720 1975 Κλεισούρας
2749 1900 2783 1970 ἢ
2815 1898 3053 1972 κέκλητο
3084 1900 3380 1976 Τζιβρίτζη
3413 1902 3600 1961 πάλαι·

2387 1995 2463 2043 Δι’
2483 1988 2552 2057 ἧς
2585 1992 2806 2064 στρατιὰ
2832 1993 3109 2064 Ῥωμαϊκή
3137 1992 3227 2047 καὶ
3248 1994 3464 2069 κράτωρ

2385 2074 2683 2132 Ἐσπευδον
2715 2077 2888 2141 ἐλθεῖν
2920 2078 2981 2133 ἐκ
3012 2079 3453 2157 Μυριοκεφάλοψ

2386 2164 2458 2218 Οὗ
2490 2160 2751 2240 παραϐύει
2783 2165 3079 2231 σουλτάνος
3104 2166 3197 2229 τὰς
3232 2165 3507 2240 δυνάμεις,

2212 2256 2352 2311 4425
2384 2254 2568 2329 Λόχον
2600 2256 2823 2320 καθίσας
2852 2256 2927 2319 ὡς
2952 2255 3067 2319 ἔθος
3095 2263 3212 2320 τοῖς
3243 2254 3568 2333 Βαρϐάροις,

2387 2346 2474 2410 Ὡς
2503 2345 2563 2401 ἃν
2596 2345 2949 2403 ἐπεισπέσωσι
2980 2350 3278 2421 Ῥωμαίοις
3309 2347 3480 2421 δόλῳ.

2386 2437 2536 2493 Ἔστι
2568 2434 2615 2490 δ’
2642 2440 2669 2493 ὁ
2702 2442 2886 2514 χῶρος
2928 2438 3283 2514 ἀπόκρημνος
3318 2439 3538 2496 εἶσάπαν

2389 2528 2583 2588 Στενὸς
2611 2525 2815 2601 κομιδῆ
2852 2524 3226 2591 δυσστίϐευτός
3258 2549 3316 2585 τε
3345 2527 3537 2603 πλέον,

2387 2615 2648 2689 Ταίναρον
2682 2611 2812 2686 ᾅδου
2841 2616 2932 2671 καὶ
2960 2617 3238 2692 Χαρώνεια
3263 2615 3424 2691 πέδοι,

2212 2716 2351 2771 4430
2389 2713 2587 2773 Αὐλὼν
2616 2717 2874 2788 προήκων
2907 2712 3265 2790 δυσπόρευτον
3300 2716 3376 2780 εἷς
3408 2713 3618 2794 τρίϐον.

2392 2804 2703 2875 Ἀψαμένης
2735 2804 2826 2859 οὗν
2862 2810 3110 2880 στρατιᾶς
3145 2803 3478 2881 δυσχωρίας,

2392 2890 2778 2968 Στρατεόματα
2804 2893 2896 2966 μὶν
2928 2893 3017 2949 καὶ
3048 2892 3289 2970 λοχαγοὶ
3315 2895 3609 2972 ταγμάτων

2390 2983 2489 3043 Οἷς
2518 2982 2584 3049 ἧν
2614 2981 2867 3058 προάγειν
2897 2988 3148 3059 στρατιᾶς
3177 2985 3499 3059 τεταγμένον

2390 3068 2815 3145 Διεκδραμόντες
2847 3072 3067 3135 ἀπαθεῖς
3095 3078 3272 3130 κακῶν
3302 3073 3491 3144 τόπον,

2137 3188 2179 3254 C
2214 3163 2353 3218 4435
2391 3161 2484 3223 Εἷς
2516 3158 2722 3254 πλάτυς
2750 3160 3087 3233 ηὐλίσθησαν
3128 3158 3229 3236 ἔξω
3257 3163 3551 3221 κινδόνουν

2132 3248 2178 3275 ~“
2390 3252 2594 3325 Ἀγχοῢ
2626 3248 2683 3307 δὶ
2706 3253 2923 3327 κρᾶτωρ
2953 3254 3162 3329 παριὼν
3196 3254 3455 3330 οὐραγίας

2390 3340 2847 3397 Ἐπεισπεσόντων
2883 3340 2933 3415 ἐξ
2964 3340 3209 3416 ἔνένδρας
3242 3339 3563 3419 Βαρϐάρων,

2390 3429 2535 3500 Βέλη
2568 3432 2613 3483 τ’
2645 3430 2727 3485 ἐπ’
2758 3431 2917 3486 αὐτὸν
2940 3432 3201 3505 ἀφιέντων
3231 3434 3321 3487 καὶ
3354 3431 3539 3497 λίθους

2391 3520 2479 3581 Ὠς
2508 3521 2645 3574 κατά
2671 3524 2909 3595 πρανοῦς
2940 3520 2991 3591 ἐξ
3023 3520 3275 3596 ἑκατέρου
3312 3521 3509 3599 μέρους

2215 3618 2353 3673 4440
2393 3616 2507 3673 Οὐκ
2536 3616 2651 3692 ἔχει
2694 3617 2856 3695 ῥᾷστα
2883 3619 2983 3687 τήν
3015 3617 3145 3675 ὁδὸν
3172 3620 3439 3695 παριέναι,

2390 3708 2595 3781 Ἤγουν
2627 3706 2802 3780 ἑαυτῷ
2828 3705 3189 3766 κινδυνεύοντ³
3214 3709 3460 3783 ἀμύνειν·

2387 3793 2546 3851 Ἀλλ’
2576 3793 2701 3851 οὐδὲ
2730 3794 2895 3851 πάλιν
2928 3795 2989 3853 ἐκ
3018 3804 3266 3873 στρατιᾶς
3294 3820 3377 3862 τις
3409 3796 3598 3874 δρᾶσαι

2390 3888 2633 3940 Γενναῖον
2665 3882 2903 3953 ἠδύνατο
2939 3891 3166 3962 μαχητῇ
3196 3886 3425 3964 πρέπον,

2390 3978 2560 4043 Βοῶν,
2594 3972 2836 4047 ἁμαξῶν,
2860 3977 3222 4051 τιιχομάχων
3251 3978 3518 4054 ὀργάνων,

2214 4064 2353 4118 4445
2389 4062 2475 4123 Ὦς
2503 4061 2849 4140 ἀντίφραγμα
2877 4070 2974 4133 τῆς
3003 4064 3133 4119 ὁδοῦ
3162 4067 3557 4139 προκειμένων·

2392 4149 2489 4204 Καὶ
2518 4150 2654 4205 κατὰ
2680 4151 2857 4204 νώτου
2888 4153 3122 4225 Περσική
3156 4154 3368 4229 φάλαγξ
3397 4153 3561 4210 πάλιν

2387 4238 2569 4294 Βιλῶν
2604 4235 2833 4316 νιφάδας
2861 4238 3078 4316 ἀφιεῖσα
3112 4241 3318 4315 μυρίων

2390 4325 2843 4403 ΙΙαλινδρόμησιν
2876 4327 3127 4403 χαλεπὴν
3161 4327 3290 4407 ἕδρα
3319 4330 3475 4390 πάνυ.

2388 4416 2620 4472 Ἐπιπτε
2644 4416 2824 4471 τοίνυν
2862 4418 2989 4491 βοῦς
3018 4419 3130 4491 ἅμα
3162 4418 3429 4494 βοηλάτῃ,

2213 4506 2351 4562 4450
2388 4504 2603 4568 Ἱππεὺς
2634 4504 2725 4560 σὺν
2752 4504 2909 4579 *ίππῳ
2938 4510 3316 4583 συναπέψυχον
3345 4509 3437 4585 βίᾳ

2387 4595 2472 4650 Ἐν
2505 4599 2753 4670 Περσικῷ
2788 4594 3031 4669 βλήματι
3064 4598 3443 4673 θανατηφόρῳ,

2385 4682 2484 4738 Καὶ
2515 4682 2705 4746 πάντες
2738 4684 3061 4761 ἐσφάττοντο
3093 4684 3226 4740 κατά
3254 4684 3504 4755 πληθύας

2382 4774 2471 4836 Ὠς
2501 4771 2671 4849 ἀγέλη
2701 4794 2784 4835 τις
2816 4775 3165 4849 θρεμμάτων,
3199 4777 3294 4851 φεῦ
3322 4775 3334 4830 ί
3369 4773 3603 4849 ἀλόγων,

2383 4862 2487 4920 Καὶ
2518 4863 2712 4924 πάντες
2741 4862 3052 4939 ἐφθείροντο
3092 4860 3574 4938 συγκεκλεισμένοι

2206 4963 2345 5019 4455
2383 4962 2469 5018 Ἐν
2505 4959 2855 5037 δυσπορεύτῳ
2887 4956 3134 5033 δυσϐάτῳ
3156 4980 3213 5015 τε
3244 4961 3463 5036 χωρίῳ·

2380 5052 2500 5108 Τῶν
2532 5048 2860 5126 νεκριμαίων
2888 5048 3155 5121 σωμάτων
3187 5049 3241 5104 αἱ
3283 5047 3537 5112 κοιλάδες

2379 5137 2575 5213 Τέμπη
2605 5157 2664 5193 τε
2692 5139 2777 5193 καὶ
2814 5140 3079 5214 σήραγγας
3110 5132 3363 5215 ὑπῆρχον
3390 5138 3574 5195 πλέαι·

2380 5222 2736 5303 Προῦϐαινον,
2772 5226 2942 5301 οἴμοι,
2980 5226 3171 5301 ρύακες
3205 5226 3419 5303 λύθρων
3454 5227 3576 5283 ὅλαι

2379 5318 2469 5387 Ἐξ
2500 5315 2714 5393 ἀλόγων
2748 5313 3001 5389 α’ίματος,
3034 5315 3093 5370 ἐκ
3126 5318 3334 5391 βροτῶν
3370 5319 3501 5390 ἅμα,

2203 5410 2342 5467 4460
2381 5406 2480 5461 Καὶ
2512 5405 2684 5462 πάντα
2717 5405 2887 5479 μεστᾶ
2915 5410 3198 5481 συμφορᾶς
3225 5404 3293 5474 ἦν
3323 5404 3414 5460 καὶ
3445 5405 3608 5481 γόων.

2377 5496 2479 5553 Καὶ
2508 5497 2655 5550 ταῦτ’
2688 5492 2893 5569 ἐδρᾶτο
2918 5495 3186 5570 κράτορος
3216 5490 3539 5569 δεδορκότος

2377 5583 2478 5639 Καὶ
2512 5583 2915 5658 συμπαρόντος,
2953 5583 3027 5656 μή
3066 5583 3349 5647 σθένοντος
3377 5580 3425 5637 δ’
3453 5580 3669 5655 ἀμύνειν

2374 5672 2465 5733 Ἐν
2498 5677 2623 5748 χρῷ
2653 5670 2712 5729 δὲ
2741 5671 2959 5746 μᾶλλον
2990 5669 3244 5729 κινδύνου
3274 5669 3574 5749 πεφυκότος

3747 344 3855 399 172
