  <div class='ocr_page' id='page_1' title='image "/cluster/home/n/w/nwhite01/storage/ocr_20150623/143/mdp.39015078384784/095.png"; bbox 0 0 4132 6300; ppageno 0'>
   <div class='ocr_carea' id='block_1_1' title="bbox 460 364 2092 439">
    <p class='ocr_par' dir='ltr' id='par_1_1' title="bbox 460 367 2092 439">
     <span class='ocr_line' id='line_1_1' title="bbox 460 367 2092 439; baseline -0.013 -2"><span class='ocrx_word' id='word_1_1' title='bbox 460 383 565 439; x_wconf 86' lang='grc'>175</span> <span class='ocrx_word' id='word_1_2' title='bbox 1674 367 2045 420; x_wconf 70' lang='grc' dir='ltr'>ΕΡΗΒᾸΞΜΙῙ</span> <span class='ocrx_word' id='word_1_3' title='bbox 2081 369 2092 413; x_wconf 77' lang='lat' dir='ltr'>t</span> 
     </span>
    </p>
   </div>
   <div class='ocr_carea' id='block_1_2' title="bbox 1010 364 2642 439">
    <p class='ocr_par' dir='ltr' id='par_1_2' title="bbox 1674 364 2642 420">
     <span class='ocr_line' id='line_1_2' title="bbox 1674 364 2642 420; baseline -0.003 0"><span class='ocrx_word' id='word_1_4' title='bbox 1674 367 2045 420; x_wconf 67' lang='lat' dir='ltr'>EPHREMII</span> <span class='ocrx_word' id='word_1_5' title='bbox 2081 364 2642 418; x_wconf 80' lang='lat' dir='ltr'>CHRONOGRAPHI</span> 
     </span>
    </p>
   </div>
   <div class='ocr_carea' id='block_1_3' title="bbox 455 492 1558 561">
    <p class='ocr_par' dir='ltr' id='par_1_3' title="bbox 455 492 1558 561">
     <span class='ocr_line' id='line_1_3' title="bbox 455 492 1558 561; baseline -0.015 0"><span class='ocrx_word' id='word_1_6' title='bbox 455 522 589 561; x_wconf 91' lang='lat' dir='ltr'>cum</span> <span class='ocrx_word' id='word_1_7' title='bbox 620 500 941 558; x_wconf 80' lang='lat' dir='ltr'>interfectis</span> <span class='ocrx_word' id='word_1_8' title='bbox 971 498 1150 554; x_wconf 89' lang='lat' dir='ltr'>variis</span> <span class='ocrx_word' id='word_1_9' title='bbox 1180 492 1558 559; x_wconf 77' lang='lat' dir='ltr'>animalibus,</span> 
     </span>
    </p>
   </div>
   <div class='ocr_carea' id='block_1_4' title="bbox 458 582 1534 665">
    <p class='ocr_par' dir='ltr' id='par_1_4' title="bbox 458 582 1534 665">
     <span class='ocr_line' id='line_1_4' title="bbox 458 582 1534 665; baseline -0.016 -15"><span class='ocrx_word' id='word_1_10' title='bbox 458 594 627 665; x_wconf 89' lang='lat' dir='ltr'>equis</span> <span class='ocrx_word' id='word_1_11' title='bbox 659 609 724 647; x_wconf 89' lang='lat' dir='ltr'>ac</span> <span class='ocrx_word' id='word_1_12' title='bbox 756 592 965 659; x_wconf 85' lang='lat' dir='ltr'>bobus,</span> <span class='ocrx_word' id='word_1_13' title='bbox 998 588 1204 650; x_wconf 83' lang='lat' dir='ltr'>asinis,</span> <span class='ocrx_word' id='word_1_14' title='bbox 1237 582 1534 650; x_wconf 90' lang='lat' dir='ltr'>mulabus,</span> 
     </span>
    </p>
   </div>
   <div class='ocr_carea' id='block_1_5' title="bbox 459 668 1654 755">
    <p class='ocr_par' dir='ltr' id='par_1_5' title="bbox 459 668 1654 755">
     <span class='ocr_line' id='line_1_5' title="bbox 459 668 1654 755; baseline -0.015 -17"><span class='ocrx_word' id='word_1_15' title='bbox 459 681 628 755; x_wconf 87' lang='lat' dir='ltr'>quasi</span> <span class='ocrx_word' id='word_1_16' title='bbox 660 682 716 735; x_wconf 91' lang='lat' dir='ltr'>in</span> <span class='ocrx_word' id='word_1_17' title='bbox 751 676 1049 734; x_wconf 88' lang='lat' dir='ltr'>communi</span> <span class='ocrx_word' id='word_1_18' title='bbox 1081 672 1334 730; x_wconf 90' lang='lat' dir='ltr'>conditis</span> <span class='ocrx_word' id='word_1_19' title='bbox 1365 668 1654 740; x_wconf 90' lang='lat' dir='ltr'>sepulcro.</span> 
     </span>
    </p>
   </div>
   <div class='ocr_carea' id='block_1_6' title="bbox 465 760 1531 827">
    <p class='ocr_par' dir='ltr' id='par_1_6' title="bbox 465 760 1531 827">
     <span class='ocr_line' id='line_1_6' title="bbox 465 760 1531 827; baseline -0.015 1"><span class='ocrx_word' id='word_1_20' title='bbox 465 772 586 827; x_wconf 89' lang='lat' dir='ltr'>lmo</span> <span class='ocrx_word' id='word_1_21' title='bbox 618 775 743 826; x_wconf 84' lang='lat' dir='ltr'>erat</span> <span class='ocrx_word' id='word_1_22' title='bbox 773 766 1077 822; x_wconf 87' lang='lat' dir='ltr'>hominum</span> <span class='ocrx_word' id='word_1_23' title='bbox 1111 760 1531 823; x_wconf 84' lang='lat' dir='ltr'>ecemeterium,</span> 
     </span>
    </p>
   </div>
   <div class='ocr_carea' id='block_1_7' title="bbox 463 847 1515 926">
    <p class='ocr_par' dir='ltr' id='par_1_7' title="bbox 463 847 1515 926">
     <span class='ocr_line' id='line_1_7' title="bbox 463 847 1515 926; baseline -0.016 -10"><span class='ocrx_word' id='word_1_24' title='bbox 463 861 512 915; x_wconf 90' lang='lat' dir='ltr'>si</span> <span class='ocrx_word' id='word_1_25' title='bbox 545 862 630 914; x_wconf 79' lang='lat' dir='ltr'>fas</span> <span class='ocrx_word' id='word_1_26' title='bbox 657 861 738 913; x_wconf 89' lang='lat' dir='ltr'>ita</span> <span class='ocrx_word' id='word_1_27' title='bbox 767 855 949 926; x_wconf 91' lang='lat' dir='ltr'>loqui,</span> <span class='ocrx_word' id='word_1_28' title='bbox 983 851 1249 907; x_wconf 87' lang='lat' dir='ltr'>admistis</span> <span class='ocrx_word' id='word_1_29' title='bbox 1284 847 1515 903; x_wconf 88' lang='lat' dir='ltr'>belluis.</span> 
     </span>
    </p>
   </div>
   <div class='ocr_carea' id='block_1_8' title="bbox 464 934 1498 1015">
    <p class='ocr_par' dir='ltr' id='par_1_8' title="bbox 464 934 1498 1015">
     <span class='ocr_line' id='line_1_8' title="bbox 464 934 1498 1015; baseline -0.016 -11"><span class='ocrx_word' id='word_1_30' title='bbox 464 947 709 1004; x_wconf 80' lang='lat' dir='ltr'>Romani</span> <span class='ocrx_word' id='word_1_31' title='bbox 742 961 881 1000; x_wconf 84' lang='lat' dir='ltr'>sane</span> <span class='ocrx_word' id='word_1_32' title='bbox 913 942 1209 1015; x_wconf 86' lang='lat' dir='ltr'>perierunt</span> <span class='ocrx_word' id='word_1_33' title='bbox 1241 934 1498 1009; x_wconf 81' lang='lat' dir='ltr'>plurimi,</span> 
     </span>
    </p>
   </div>
   <div class='ocr_carea' id='block_1_9' title="bbox 462 1033 1787 1116">
    <p class='ocr_par' dir='ltr' id='par_1_9' title="bbox 462 1033 1787 1116">
     <span class='ocr_line' id='line_1_9' title="bbox 462 1033 1787 1116; baseline -0.016 -16"><span class='ocrx_word' id='word_1_34' title='bbox 462 1063 605 1116; x_wconf 86' lang='lat' dir='ltr'>quos</span> <span class='ocrx_word' id='word_1_35' title='bbox 639 1046 789 1098; x_wconf 88' lang='lat' dir='ltr'>inter</span> <span class='ocrx_word' id='word_1_36' title='bbox 821 1043 1025 1111; x_wconf 81' lang='lat' dir='ltr'>ingens</span> <span class='ocrx_word' id='word_1_37' title='bbox 1059 1037 1228 1108; x_wconf 69' lang='lat' dir='ltr'>regim</span> <span class='ocrx_word' id='word_1_38' title='bbox 1262 1033 1463 1103; x_wconf 77' lang='lat' dir='ltr'>stirpis</span> <span class='ocrx_word' id='word_1_39' title='bbox 1492 1043 1787 1083; x_wconf 86' lang='lat' dir='ltr'>numerus.</span> 
     </span>
    </p>
   </div>
   <div class='ocr_carea' id='block_1_10' title="bbox 462 1120 1638 1204">
    <p class='ocr_par' dir='ltr' id='par_1_10' title="bbox 462 1120 1638 1204">
     <span class='ocr_line' id='line_1_10' title="bbox 462 1120 1638 1204; baseline -0.015 -14"><span class='ocrx_word' id='word_1_40' title='bbox 462 1138 651 1204; x_wconf 80' lang='lat' dir='ltr'>Atque</span> <span class='ocrx_word' id='word_1_41' title='bbox 681 1134 795 1187; x_wconf 69' lang='lat' dir='ltr'>tunc</span> <span class='ocrx_word' id='word_1_42' title='bbox 828 1130 1000 1184; x_wconf 75' lang='lat' dir='ltr'>talem</span> <span class='ocrx_word' id='word_1_43' title='bbox 1033 1127 1364 1181; x_wconf 86' lang='lat' dir='ltr'>habuerunt</span> <span class='ocrx_word' id='word_1_44' title='bbox 1395 1120 1638 1175; x_wconf 85' lang='lat' dir='ltr'>exitum.</span> 
     </span>
    </p>
   </div>
   <div class='ocr_carea' id='block_1_11' title="bbox 468 1204 1728 1294">
    <p class='ocr_par' dir='ltr' id='par_1_11' title="bbox 468 1204 1728 1294">
     <span class='ocr_line' id='line_1_11' title="bbox 468 1204 1728 1294; baseline -0.015 -17"><span class='ocrx_word' id='word_1_45' title='bbox 468 1224 792 1294; x_wconf 76' lang='lat' dir='ltr'>Imperator</span> <span class='ocrx_word' id='word_1_46' title='bbox 822 1224 1015 1273; x_wconf 87' lang='lat' dir='ltr'>autem</span> <span class='ocrx_word' id='word_1_47' title='bbox 1050 1216 1186 1269; x_wconf 88' lang='lat' dir='ltr'>dum</span> <span class='ocrx_word' id='word_1_48' title='bbox 1218 1214 1465 1266; x_wconf 88' lang='lat' dir='ltr'>conatur</span> <span class='ocrx_word' id='word_1_49' title='bbox 1494 1204 1728 1277; x_wconf 83' lang='lat' dir='ltr'>assequi</span> 
     </span>
    </p>
   </div>
   <div class='ocr_carea' id='block_1_12' title="bbox 465 1299 1628 1382">
    <p class='ocr_par' dir='ltr' id='par_1_12' title="bbox 465 1299 1628 1382">
     <span class='ocr_line' id='line_1_12' title="bbox 465 1299 1628 1382; baseline -0.015 -16"><span class='ocrx_word' id='word_1_50' title='bbox 465 1311 723 1382; x_wconf 81' lang='lat' dir='ltr'>legiones</span> <span class='ocrx_word' id='word_1_51' title='bbox 756 1324 917 1371; x_wconf 90' lang='lat' dir='ltr'>suas,</span> <span class='ocrx_word' id='word_1_52' title='bbox 953 1310 1014 1360; x_wconf 92' lang='lat' dir='ltr'>ut</span> <span class='ocrx_word' id='word_1_53' title='bbox 1046 1302 1183 1366; x_wconf 79' lang='lat' dir='ltr'>dixi,</span> <span class='ocrx_word' id='word_1_54' title='bbox 1220 1299 1628 1371; x_wconf 71' lang='lat' dir='ltr'>praecedentes,</span> 
     </span>
    </p>
   </div>
   <div class='ocr_carea' id='block_1_13' title="bbox 469 1383 1670 1456">
    <p class='ocr_par' dir='ltr' id='par_1_13' title="bbox 469 1383 1670 1456">
     <span class='ocr_line' id='line_1_13' title="bbox 469 1383 1670 1456; baseline -0.017 -2"><span class='ocrx_word' id='word_1_55' title='bbox 469 1417 499 1453; x_wconf 86' lang='lat' dir='ltr'>a</span> <span class='ocrx_word' id='word_1_56' title='bbox 530 1398 735 1453; x_wconf 89' lang='lat' dir='ltr'>Turcis</span> <span class='ocrx_word' id='word_1_57' title='bbox 765 1395 1071 1449; x_wconf 72' lang='lat' dir='ltr'>vetabatur</span> <span class='ocrx_word' id='word_1_58' title='bbox 1104 1387 1347 1443; x_wconf 89' lang='lat' dir='ltr'>ulterius</span> <span class='ocrx_word' id='word_1_59' title='bbox 1379 1383 1670 1456; x_wconf 85' lang='lat' dir='ltr'>progredi,</span> 
     </span>
    </p>
   </div>
   <div class='ocr_carea' id='block_1_14' title="bbox 471 1474 1546 1541">
    <p class='ocr_par' dir='ltr' id='par_1_14' title="bbox 471 1474 1546 1541">
     <span class='ocr_line' id='line_1_14' title="bbox 471 1474 1546 1541; baseline -0.017 1"><span class='ocrx_word' id='word_1_60' title='bbox 471 1504 575 1541; x_wconf 89' lang='lat' dir='ltr'>nec</span> <span class='ocrx_word' id='word_1_61' title='bbox 606 1484 884 1539; x_wconf 84' lang='lat' dir='ltr'>acervalis</span> <span class='ocrx_word' id='word_1_62' title='bbox 918 1482 1114 1535; x_wconf 88' lang='lat' dir='ltr'>minus</span> <span class='ocrx_word' id='word_1_63' title='bbox 1148 1474 1546 1531; x_wconf 83' lang='lat' dir='ltr'>cadaveribus.</span> 
     </span>
    </p>
   </div>
   <div class='ocr_carea' id='block_1_15' title="bbox 469 1562 1521 1629">
    <p class='ocr_par' dir='ltr' id='par_1_15' title="bbox 469 1562 1521 1629">
     <span class='ocr_line' id='line_1_15' title="bbox 469 1562 1521 1629; baseline -0.015 0"><span class='ocrx_word' id='word_1_64' title='bbox 469 1575 686 1629; x_wconf 85' lang='lat' dir='ltr'>Tamen</span> <span class='ocrx_word' id='word_1_65' title='bbox 719 1569 991 1625; x_wconf 75' lang='lat' dir='ltr'>difficiles</span> <span class='ocrx_word' id='word_1_66' title='bbox 1021 1568 1309 1621; x_wconf 87' lang='lat' dir='ltr'>eluctatus</span> <span class='ocrx_word' id='word_1_67' title='bbox 1343 1562 1521 1625; x_wconf 88' lang='lat' dir='ltr'>locos,</span> 
     </span>
    </p>
   </div>
   <div class='ocr_carea' id='block_1_16' title="bbox 474 1652 1388 1727">
    <p class='ocr_par' dir='ltr' id='par_1_16' title="bbox 474 1652 1388 1727">
     <span class='ocr_line' id='line_1_16' title="bbox 474 1652 1388 1727; baseline -0.015 -10"><span class='ocrx_word' id='word_1_68' title='bbox 474 1679 575 1717; x_wconf 91' lang='lat' dir='ltr'>nec</span> <span class='ocrx_word' id='word_1_69' title='bbox 607 1665 860 1717; x_wconf 86' lang='lat' dir='ltr'>torrente</span> <span class='ocrx_word' id='word_1_70' title='bbox 892 1659 1164 1727; x_wconf 90' lang='lat' dir='ltr'>superato</span> <span class='ocrx_word' id='word_1_71' title='bbox 1195 1652 1388 1714; x_wconf 88' lang='lat' dir='ltr'>ﬂuvio,</span> 
     </span>
    </p>
   </div>
   <div class='ocr_carea' id='block_1_17' title="bbox 471 1734 1626 1817">
    <p class='ocr_par' dir='ltr' id='par_1_17' title="bbox 471 1734 1626 1817">
     <span class='ocr_line' id='line_1_17' title="bbox 471 1734 1626 1817; baseline -0.016 -12"><span class='ocrx_word' id='word_1_72' title='bbox 471 1751 583 1805; x_wconf 89' lang='lat' dir='ltr'>alio</span> <span class='ocrx_word' id='word_1_73' title='bbox 616 1756 673 1804; x_wconf 89' lang='lat' dir='ltr'>ct</span> <span class='ocrx_word' id='word_1_74' title='bbox 702 1749 976 1817; x_wconf 86' lang='lat' dir='ltr'>adjuncto</span> <span class='ocrx_word' id='word_1_75' title='bbox 1006 1744 1399 1798; x_wconf 79' lang='lat' dir='ltr'>Romanorum</span> <span class='ocrx_word' id='word_1_76' title='bbox 1434 1734 1626 1806; x_wconf 82' lang='lat' dir='ltr'>globo,</span> 
     </span>
    </p>
   </div>
   <div class='ocr_carea' id='block_1_18' title="bbox 471 1822 1730 1906">
    <p class='ocr_par' dir='ltr' id='par_1_18' title="bbox 471 1822 1730 1906">
     <span class='ocr_line' id='line_1_18' title="bbox 471 1822 1730 1906; baseline -0.017 -13"><span class='ocrx_word' id='word_1_77' title='bbox 471 1841 647 1904; x_wconf 87' lang='lat' dir='ltr'>viam,</span> <span class='ocrx_word' id='word_1_78' title='bbox 686 1843 748 1891; x_wconf 90' lang='lat' dir='ltr'>ut</span> <span class='ocrx_word' id='word_1_79' title='bbox 780 1838 1022 1906; x_wconf 85' lang='lat' dir='ltr'>poterat,</span> <span class='ocrx_word' id='word_1_80' title='bbox 1057 1828 1392 1885; x_wconf 88' lang='lat' dir='ltr'>absolvebat</span> <span class='ocrx_word' id='word_1_81' title='bbox 1423 1822 1730 1893; x_wconf 81' lang='lat' dir='ltr'>reliquam.</span> 
     </span>
    </p>
   </div>
   <div class='ocr_carea' id='block_1_19' title="bbox 472 1909 1734 1989">
    <p class='ocr_par' dir='ltr' id='par_1_19' title="bbox 472 1909 1734 1989">
     <span class='ocr_line' id='line_1_19' title="bbox 472 1909 1734 1989; baseline -0.018 -6"><span class='ocrx_word' id='word_1_82' title='bbox 472 1930 653 1989; x_wconf 89' lang='lat' dir='ltr'>Quem</span> <span class='ocrx_word' id='word_1_83' title='bbox 686 1925 1090 1979; x_wconf 88' lang='lat' dir='ltr'>transeuntem</span> <span class='ocrx_word' id='word_1_84' title='bbox 1123 1914 1456 1983; x_wconf 87' lang='lat' dir='ltr'>conspicata</span> <span class='ocrx_word' id='word_1_85' title='bbox 1482 1909 1734 1981; x_wconf 81' lang='lat' dir='ltr'>phalanx</span> 
     </span>
    </p>
   </div>
   <div class='ocr_carea' id='block_1_20' title="bbox 474 2003 1752 2082">
    <p class='ocr_par' dir='ltr' id='par_1_20' title="bbox 474 2003 1752 2082">
     <span class='ocr_line' id='line_1_20' title="bbox 474 2003 1752 2082; baseline -0.017 -11"><span class='ocrx_word' id='word_1_86' title='bbox 474 2015 731 2071; x_wconf 82' lang='lat' dir='ltr'>Arabum</span> <span class='ocrx_word' id='word_1_87' title='bbox 764 2011 1028 2082; x_wconf 81' lang='lat' dir='ltr'>equitum</span> <span class='ocrx_word' id='word_1_88' title='bbox 1060 2003 1363 2078; x_wconf 83' lang='lat' dir='ltr'>splendide</span> <span class='ocrx_word' id='word_1_89' title='bbox 1394 2007 1752 2062; x_wconf 86' lang='lat' dir='ltr'>ornatorum,</span> 
     </span>
    </p>
   </div>
   <div class='ocr_carea' id='block_1_21' title="bbox 478 2095 1394 2171">
    <p class='ocr_par' dir='ltr' id='par_1_21' title="bbox 478 2095 1394 2171">
     <span class='ocr_line' id='line_1_21' title="bbox 478 2095 1394 2171; baseline -0.017 -12"><span class='ocrx_word' id='word_1_90' title='bbox 478 2103 593 2161; x_wconf 89' lang='lat' dir='ltr'>ruit</span> <span class='ocrx_word' id='word_1_91' title='bbox 620 2102 679 2156; x_wconf 85' lang='lat' dir='ltr'>in</span> <span class='ocrx_word' id='word_1_92' title='bbox 711 2102 906 2171; x_wconf 88' lang='lat' dir='ltr'>ipsum</span> <span class='ocrx_word' id='word_1_93' title='bbox 938 2095 1187 2151; x_wconf 90' lang='lat' dir='ltr'>violento</span> <span class='ocrx_word' id='word_1_94' title='bbox 1220 2107 1394 2147; x_wconf 87' lang='lat' dir='ltr'>cursu</span> 
     </span>
    </p>
   </div>
   <div class='ocr_carea' id='block_1_22' title="bbox 478 2178 1484 2263">
    <p class='ocr_par' dir='ltr' id='par_1_22' title="bbox 478 2178 1484 2263">
     <span class='ocr_line' id='line_1_22' title="bbox 478 2178 1484 2263; baseline -0.018 -16"><span class='ocrx_word' id='word_1_95' title='bbox 478 2198 542 2247; x_wconf 91' lang='lat' dir='ltr'>ut</span> <span class='ocrx_word' id='word_1_96' title='bbox 572 2190 741 2263; x_wconf 90' lang='lat' dir='ltr'>quasi</span> <span class='ocrx_word' id='word_1_97' title='bbox 773 2188 967 2259; x_wconf 82' lang='lat' dir='ltr'>praeda</span> <span class='ocrx_word' id='word_1_98' title='bbox 998 2183 1281 2257; x_wconf 82' lang='lat' dir='ltr'>potiretur</span> <span class='ocrx_word' id='word_1_99' title='bbox 1311 2178 1484 2232; x_wconf 89' lang='lat' dir='ltr'>illico.</span> 
     </span>
    </p>
   </div>
   <div class='ocr_carea' id='block_1_23' title="bbox 477 2272 1523 2336">
    <p class='ocr_par' dir='ltr' id='par_1_23' title="bbox 477 2272 1523 2336">
     <span class='ocr_line' id='line_1_23' title="bbox 477 2272 1523 2336; baseline -0.018 0"><span class='ocrx_word' id='word_1_100' title='bbox 477 2284 531 2336; x_wconf 92' lang='lat' dir='ltr'>Is</span> <span class='ocrx_word' id='word_1_101' title='bbox 561 2296 691 2334; x_wconf 90' lang='lat' dir='ltr'>vero</span> <span class='ocrx_word' id='word_1_102' title='bbox 724 2277 991 2332; x_wconf 90' lang='lat' dir='ltr'>hortatus</span> <span class='ocrx_word' id='word_1_103' title='bbox 1022 2272 1252 2327; x_wconf 88' lang='lat' dir='ltr'>animos</span> <span class='ocrx_word' id='word_1_104' title='bbox 1282 2281 1523 2322; x_wconf 89' lang='lat' dir='ltr'>suorum</span> 
     </span>
    </p>
   </div>
   <div class='ocr_carea' id='block_1_24' title="bbox 476 2351 1632 2431">
    <p class='ocr_par' dir='ltr' id='par_1_24' title="bbox 476 2351 1632 2431">
     <span class='ocr_line' id='line_1_24' title="bbox 476 2351 1632 2431; baseline -0.017 -7"><span class='ocrx_word' id='word_1_105' title='bbox 476 2367 846 2424; x_wconf 85' lang='lat' dir='ltr'>barbaricum</span> <span class='ocrx_word' id='word_1_106' title='bbox 882 2358 1250 2431; x_wconf 88' lang='lat' dir='ltr'>manipulum</span> <span class='ocrx_word' id='word_1_107' title='bbox 1282 2355 1419 2410; x_wconf 87' lang='lat' dir='ltr'>vicit</span> <span class='ocrx_word' id='word_1_108' title='bbox 1446 2351 1632 2407; x_wconf 78' lang='lat' dir='ltr'>facile.</span> 
     </span>
    </p>
   </div>
   <div class='ocr_carea' id='block_1_25' title="bbox 473 2448 1706 2525">
    <p class='ocr_par' dir='ltr' id='par_1_25' title="bbox 473 2448 1706 2525">
     <span class='ocr_line' id='line_1_25' title="bbox 473 2448 1706 2525; baseline -0.018 -4"><span class='ocrx_word' id='word_1_109' title='bbox 473 2464 765 2520; x_wconf 83' lang='lat' dir='ltr'>Paulatim</span> <span class='ocrx_word' id='word_1_110' title='bbox 796 2468 990 2515; x_wconf 89' lang='lat' dir='ltr'>autem</span> <span class='ocrx_word' id='word_1_111' title='bbox 1022 2458 1295 2525; x_wconf 89' lang='lat' dir='ltr'>lentequc</span> <span class='ocrx_word' id='word_1_112' title='bbox 1326 2448 1706 2523; x_wconf 85' lang='lat' dir='ltr'>progrediens</span> 
     </span>
    </p>
   </div>
   <div class='ocr_carea' id='block_1_26' title="bbox 474 2544 1501 2618">
    <p class='ocr_par' dir='ltr' id='par_1_26' title="bbox 474 2544 1501 2618">
     <span class='ocr_line' id='line_1_26' title="bbox 474 2544 1501 2618; baseline -0.019 -8"><span class='ocrx_word' id='word_1_113' title='bbox 474 2554 645 2609; x_wconf 89' lang='lat' dir='ltr'>modo</span> <span class='ocrx_word' id='word_1_114' title='bbox 676 2556 918 2608; x_wconf 89' lang='lat' dir='ltr'>cruenta</span> <span class='ocrx_word' id='word_1_115' title='bbox 950 2561 1147 2618; x_wconf 87' lang='lat' dir='ltr'>pugna</span> <span class='ocrx_word' id='word_1_116' title='bbox 1177 2544 1501 2607; x_wconf 88' lang='lat' dir='ltr'>decertans,</span> 
     </span>
    </p>
   </div>
   <div class='ocr_carea' id='block_1_27' title="bbox 471 2632 1706 2700">
    <p class='ocr_par' dir='ltr' id='par_1_27' title="bbox 471 2632 1706 2700">
     <span class='ocr_line' id='line_1_27' title="bbox 471 2632 1706 2700; baseline -0.017 -1"><span class='ocrx_word' id='word_1_117' title='bbox 471 2644 643 2698; x_wconf 90' lang='lat' dir='ltr'>modo</span> <span class='ocrx_word' id='word_1_118' title='bbox 674 2641 847 2697; x_wconf 90' lang='lat' dir='ltr'>etiam</span> <span class='ocrx_word' id='word_1_119' title='bbox 882 2639 1047 2693; x_wconf 89' lang='lat' dir='ltr'>hoste</span> <span class='ocrx_word' id='word_1_120' title='bbox 1078 2634 1243 2700; x_wconf 88' lang='lat' dir='ltr'>liber,</span> <span class='ocrx_word' id='word_1_121' title='bbox 1278 2632 1348 2685; x_wconf 88' lang='lat' dir='ltr'>ad</span> <span class='ocrx_word' id='word_1_122' title='bbox 1381 2634 1706 2684; x_wconf 85' lang='lat' dir='ltr'>extremum</span> 
     </span>
    </p>
   </div>
   <div class='ocr_carea' id='block_1_28' title="bbox 473 2713 1707 2802">
    <p class='ocr_par' dir='ltr' id='par_1_28' title="bbox 473 2713 1707 2802">
     <span class='ocr_line' id='line_1_28' title="bbox 473 2713 1707 2802; baseline -0.018 -15"><span class='ocrx_word' id='word_1_123' title='bbox 473 2748 682 2802; x_wconf 90' lang='lat' dir='ltr'>magno</span> <span class='ocrx_word' id='word_1_124' title='bbox 714 2745 846 2784; x_wconf 89' lang='lat' dir='ltr'>cum</span> <span class='ocrx_word' id='word_1_125' title='bbox 879 2725 1091 2798; x_wconf 87' lang='lat' dir='ltr'>gaudio</span> <span class='ocrx_word' id='word_1_126' title='bbox 1123 2723 1194 2777; x_wconf 83' lang='lat' dir='ltr'>ad</span> <span class='ocrx_word' id='word_1_127' title='bbox 1228 2735 1366 2775; x_wconf 80' lang='lat' dir='ltr'>suos</span> <span class='ocrx_word' id='word_1_128' title='bbox 1399 2713 1663 2789; x_wconf 86' lang='lat' dir='ltr'>pervenit</span> <span class='ocrx_word' id='word_1_129' title='bbox 1695 2728 1707 2765; x_wconf 93' lang='lat'><strong>:</strong></span> 
     </span>
    </p>
   </div>
   <div class='ocr_carea' id='block_1_29' title="bbox 471 2805 1609 2890">
    <p class='ocr_par' dir='ltr' id='par_1_29' title="bbox 471 2805 1609 2890">
     <span class='ocr_line' id='line_1_29' title="bbox 471 2805 1609 2890; baseline -0.018 -14"><span class='ocrx_word' id='word_1_130' title='bbox 471 2819 571 2890; x_wconf 92' lang='lat' dir='ltr'>qui</span> <span class='ocrx_word' id='word_1_131' title='bbox 600 2818 838 2890; x_wconf 90' lang='lat' dir='ltr'>quidem</span> <span class='ocrx_word' id='word_1_132' title='bbox 872 2813 1018 2870; x_wconf 87' lang='lat' dir='ltr'>nihil</span> <span class='ocrx_word' id='word_1_133' title='bbox 1050 2809 1284 2884; x_wconf 84' lang='lat' dir='ltr'>gravius</span> <span class='ocrx_word' id='word_1_134' title='bbox 1314 2805 1609 2867; x_wconf 85' lang='lat' dir='ltr'>dolebant,</span> 
     </span>
    </p>
   </div>
   <div class='ocr_carea' id='block_1_30' title="bbox 474 2891 1811 2980">
    <p class='ocr_par' dir='ltr' id='par_1_30' title="bbox 474 2891 1811 2980">
     <span class='ocr_line' id='line_1_30' title="bbox 474 2891 1811 2980; baseline -0.018 -15"><span class='ocrx_word' id='word_1_135' title='bbox 474 2924 652 2980; x_wconf 87' lang='lat' dir='ltr'>quam</span> <span class='ocrx_word' id='word_1_136' title='bbox 687 2907 822 2977; x_wconf 89' lang='lat' dir='ltr'>quia</span> <span class='ocrx_word' id='word_1_137' title='bbox 851 2920 985 2959; x_wconf 88' lang='lat' dir='ltr'>cum</span> <span class='ocrx_word' id='word_1_138' title='bbox 1017 2899 1164 2973; x_wconf 90' lang='lat' dir='ltr'>ipsis</span> <span class='ocrx_word' id='word_1_139' title='bbox 1195 2914 1309 2953; x_wconf 88' lang='lat' dir='ltr'>non</span> <span class='ocrx_word' id='word_1_140' title='bbox 1341 2895 1574 2950; x_wconf 87' lang='lat' dir='ltr'>adesset</span> <span class='ocrx_word' id='word_1_141' title='bbox 1602 2891 1811 2957; x_wconf 74' lang='lat' dir='ltr'>Caesar,</span> 
     </span>
    </p>
   </div>
   <div class='ocr_carea' id='block_1_31' title="bbox 476 2980 1501 3066">
    <p class='ocr_par' dir='ltr' id='par_1_31' title="bbox 476 2980 1501 3066">
     <span class='ocr_line' id='line_1_31' title="bbox 476 2980 1501 3066; baseline -0.019 -14"><span class='ocrx_word' id='word_1_142' title='bbox 476 3009 828 3066; x_wconf 86' lang='lat' dir='ltr'>summoque</span> <span class='ocrx_word' id='word_1_143' title='bbox 860 2996 1024 3048; x_wconf 83' lang='lat' dir='ltr'>erant</span> <span class='ocrx_word' id='word_1_144' title='bbox 1054 2992 1209 3043; x_wconf 87' lang='lat' dir='ltr'>metu</span> <span class='ocrx_word' id='word_1_145' title='bbox 1243 2980 1501 3040; x_wconf 76' lang='lat' dir='ltr'>Solliciti.</span> 
     </span>
    </p>
   </div>
   <div class='ocr_carea' id='block_1_32' title="bbox 474 3067 1585 3155">
    <p class='ocr_par' dir='ltr' id='par_1_32' title="bbox 474 3067 1585 3155">
     <span class='ocr_line' id='line_1_32' title="bbox 474 3067 1585 3155; baseline -0.017 -15"><span class='ocrx_word' id='word_1_146' title='bbox 474 3086 621 3140; x_wconf 83' lang='lat' dir='ltr'>Ante</span> <span class='ocrx_word' id='word_1_147' title='bbox 650 3098 829 3155; x_wconf 91' lang='lat' dir='ltr'>quam</span> <span class='ocrx_word' id='word_1_148' title='bbox 860 3083 1052 3136; x_wconf 87' lang='lat' dir='ltr'>autem</span> <span class='ocrx_word' id='word_1_149' title='bbox 1086 3074 1432 3131; x_wconf 88' lang='lat' dir='ltr'>misceretur</span> <span class='ocrx_word' id='word_1_150' title='bbox 1461 3067 1585 3123; x_wconf 88' lang='lat' dir='ltr'>suis</span> 
     </span>
    </p>
   </div>
   <div class='ocr_carea' id='block_1_33' title="bbox 474 3162 1532 3228">
    <p class='ocr_par' dir='ltr' id='par_1_33' title="bbox 474 3162 1532 3228">
     <span class='ocr_line' id='line_1_33' title="bbox 474 3162 1532 3228; baseline -0.018 1"><span class='ocrx_word' id='word_1_151' title='bbox 474 3172 702 3228; x_wconf 83' lang='lat' dir='ltr'>Manuel</span> <span class='ocrx_word' id='word_1_152' title='bbox 735 3170 889 3225; x_wconf 89' lang='lat' dir='ltr'>rivos</span> <span class='ocrx_word' id='word_1_153' title='bbox 920 3167 1294 3222; x_wconf 83' lang='lat' dir='ltr'>decurrentes</span> <span class='ocrx_word' id='word_1_154' title='bbox 1324 3162 1532 3213; x_wconf 90' lang='lat' dir='ltr'>nactus</span> 
     </span>
    </p>
   </div>
   <div class='ocr_carea' id='block_1_34' title="bbox 476 3246 1448 3333">
    <p class='ocr_par' dir='ltr' id='par_1_34' title="bbox 476 3246 1448 3333">
     <span class='ocr_line' id='line_1_34' title="bbox 476 3246 1448 3333; baseline -0.019 -16"><span class='ocrx_word' id='word_1_155' title='bbox 476 3278 629 3333; x_wconf 89' lang='lat' dir='ltr'>aqua</span> <span class='ocrx_word' id='word_1_156' title='bbox 658 3258 850 3315; x_wconf 89' lang='lat' dir='ltr'>levare</span> <span class='ocrx_word' id='word_1_157' title='bbox 879 3250 1215 3326; x_wconf 87' lang='lat' dir='ltr'>depoposcit</span> <span class='ocrx_word' id='word_1_158' title='bbox 1243 3246 1401 3304; x_wconf 86' lang='lat' dir='ltr'>sitim</span> <span class='ocrx_word' id='word_1_159' title='bbox 1435 3262 1448 3300; x_wconf 88' lang='lat'>:</span> 
     </span>
    </p>
   </div>
   <div class='ocr_carea' id='block_1_35' title="bbox 472 3331 1741 3419">
    <p class='ocr_par' dir='ltr' id='par_1_35' title="bbox 472 3331 1741 3419">
     <span class='ocr_line' id='line_1_35' title="bbox 472 3331 1741 3419; baseline -0.018 -14"><span class='ocrx_word' id='word_1_160' title='bbox 472 3331 728 3419; x_wconf 79' lang='lat' dir='ltr'>cumque</span> <span class='ocrx_word' id='word_1_161' title='bbox 756 3346 808 3400; x_wconf 88' lang='lat' dir='ltr'>ei</span> <span class='ocrx_word' id='word_1_162' title='bbox 839 3342 1133 3415; x_wconf 87' lang='lat' dir='ltr'>quispiam</span> <span class='ocrx_word' id='word_1_163' title='bbox 1166 3352 1377 3408; x_wconf 86' lang='lat' dir='ltr'>aquam</span> <span class='ocrx_word' id='word_1_164' title='bbox 1412 3331 1741 3397; x_wconf 84' lang='lat' dir='ltr'>obtulisset,</span> 
     </span>
    </p>
   </div>
   <div class='ocr_carea' id='block_1_36' title="bbox 478 3426 1587 3496">
    <p class='ocr_par' dir='ltr' id='par_1_36' title="bbox 478 3426 1587 3496">
     <span class='ocr_line' id='line_1_36' title="bbox 478 3426 1587 3496; baseline -0.016 -4"><span class='ocrx_word' id='word_1_165' title='bbox 478 3437 586 3491; x_wconf 87' lang='lat' dir='ltr'>hac</span> <span class='ocrx_word' id='word_1_166' title='bbox 612 3434 864 3491; x_wconf 85' lang='lat' dir='ltr'>summis</span> <span class='ocrx_word' id='word_1_167' title='bbox 894 3431 1074 3487; x_wconf 85' lang='lat' dir='ltr'>labris</span> <span class='ocrx_word' id='word_1_168' title='bbox 1105 3427 1309 3484; x_wconf 88' lang='lat' dir='ltr'>leviter</span> <span class='ocrx_word' id='word_1_169' title='bbox 1332 3426 1587 3496; x_wconf 87' lang='lat' dir='ltr'>gustata,</span> 
     </span>
    </p>
   </div>
   <div class='ocr_carea' id='block_1_37' title="bbox 478 3510 1516 3589">
    <p class='ocr_par' dir='ltr' id='par_1_37' title="bbox 478 3510 1516 3589">
     <span class='ocr_line' id='line_1_37' title="bbox 478 3510 1516 3589; baseline -0.017 -8"><span class='ocrx_word' id='word_1_170' title='bbox 478 3525 677 3581; x_wconf 87' lang='lat' dir='ltr'>statim</span> <span class='ocrx_word' id='word_1_171' title='bbox 709 3540 778 3578; x_wconf 87' lang='lat' dir='ltr'>ex</span> <span class='ocrx_word' id='word_1_172' title='bbox 808 3536 904 3577; x_wconf 87' lang='lat' dir='ltr'>ore</span> <span class='ocrx_word' id='word_1_173' title='bbox 936 3518 1219 3589; x_wconf 91' lang='lat' dir='ltr'>reliquam</span> <span class='ocrx_word' id='word_1_174' title='bbox 1254 3510 1516 3586; x_wconf 78' lang='lat' dir='ltr'>proiecit,</span> 
     </span>
    </p>
   </div>
   <div class='ocr_carea' id='block_1_38' title="bbox 467 3599 1552 3683">
    <p class='ocr_par' dir='ltr' id='par_1_38' title="bbox 467 3599 1552 3683">
     <span class='ocr_line' id='line_1_38' title="bbox 467 3599 1552 3683; baseline -0.018 -13"><span class='ocrx_word' id='word_1_175' title='bbox 467 3630 570 3669; x_wconf 90' lang='lat' dir='ltr'>ceu</span> <span class='ocrx_word' id='word_1_176' title='bbox 606 3613 655 3668; x_wconf 89' lang='lat' dir='ltr'>si</span> <span class='ocrx_word' id='word_1_177' title='bbox 690 3616 861 3683; x_wconf 88' lang='lat' dir='ltr'>potus</span> <span class='ocrx_word' id='word_1_178' title='bbox 896 3608 990 3663; x_wconf 90' lang='lat' dir='ltr'>ille</span> <span class='ocrx_word' id='word_1_179' title='bbox 1023 3624 1137 3661; x_wconf 91' lang='lat' dir='ltr'>non</span> <span class='ocrx_word' id='word_1_180' title='bbox 1173 3599 1552 3659; x_wconf 88' lang='lat' dir='ltr'>descenderet</span> 
     </span>
    </p>
   </div>
   <div class='ocr_carea' id='block_1_39' title="bbox 479 3682 1858 3757">
    <p class='ocr_par' dir='ltr' id='par_1_39' title="bbox 479 3682 1858 3757">
     <span class='ocr_line' id='line_1_39' title="bbox 479 3682 1858 3757; baseline -0.016 0"><span class='ocrx_word' id='word_1_181' title='bbox 479 3704 549 3757; x_wconf 87' lang='lat' dir='ltr'>ad</span> <span class='ocrx_word' id='word_1_182' title='bbox 581 3682 767 3756; x_wconf 84' lang='lat' dir='ltr'>imum</span> <span class='ocrx_word' id='word_1_183' title='bbox 794 3696 1168 3754; x_wconf 83' lang='lat' dir='ltr'>stomachum</span> <span class='ocrx_word' id='word_1_184' title='bbox 1204 3689 1490 3745; x_wconf 89' lang='lat' dir='ltr'>renitente</span> <span class='ocrx_word' id='word_1_185' title='bbox 1522 3682 1858 3754; x_wconf 74' lang='lat' dir='ltr'>msophago.</span> 
     </span>
    </p>
   </div>
   <div class='ocr_carea' id='block_1_40' title="bbox 476 3772 1712 3858">
    <p class='ocr_par' dir='ltr' id='par_1_40' title="bbox 476 3772 1712 3858">
     <span class='ocr_line' id='line_1_40' title="bbox 476 3772 1712 3858; baseline -0.015 -12"><span class='ocrx_word' id='word_1_186' title='bbox 476 3791 607 3846; x_wconf 80' lang='lat' dir='ltr'>Mox</span> <span class='ocrx_word' id='word_1_187' title='bbox 640 3789 736 3843; x_wconf 91' lang='lat' dir='ltr'>ubi</span> <span class='ocrx_word' id='word_1_188' title='bbox 770 3784 1007 3858; x_wconf 86' lang='lat' dir='ltr'>agnovit</span> <span class='ocrx_word' id='word_1_189' title='bbox 1036 3782 1283 3837; x_wconf 87' lang='lat' dir='ltr'>tinctam</span> <span class='ocrx_word' id='word_1_190' title='bbox 1316 3792 1524 3847; x_wconf 89' lang='lat' dir='ltr'>aquam</span> <span class='ocrx_word' id='word_1_191' title='bbox 1559 3772 1712 3839; x_wconf 84' lang='lat' dir='ltr'>tabo,</span> 
     </span>
    </p>
   </div>
   <div class='ocr_carea' id='block_1_41' title="bbox 476 3862 1673 3950">
    <p class='ocr_par' dir='ltr' id='par_1_41' title="bbox 476 3862 1673 3950">
     <span class='ocr_line' id='line_1_41' title="bbox 476 3862 1673 3950; baseline -0.018 -16"><span class='ocrx_word' id='word_1_192' title='bbox 476 3876 786 3950; x_wconf 78' lang='lat' dir='ltr'>ingemuit,</span> <span class='ocrx_word' id='word_1_193' title='bbox 819 3874 930 3929; x_wconf 88' lang='lat' dir='ltr'>sibi</span> <span class='ocrx_word' id='word_1_194' title='bbox 961 3871 1118 3926; x_wconf 89' lang='lat' dir='ltr'>haud</span> <span class='ocrx_word' id='word_1_195' title='bbox 1153 3865 1443 3941; x_wconf 89' lang='lat' dir='ltr'>placuisse</span> <span class='ocrx_word' id='word_1_196' title='bbox 1472 3862 1673 3917; x_wconf 89' lang='lat' dir='ltr'>dicens</span> 
     </span>
    </p>
   </div>
   <div class='ocr_carea' id='block_1_42' title="bbox 477 3952 1695 4037">
    <p class='ocr_par' dir='ltr' id='par_1_42' title="bbox 477 3952 1695 4037">
     <span class='ocr_line' id='line_1_42' title="bbox 477 3952 1695 4037; baseline -0.017 -15"><span class='ocrx_word' id='word_1_197' title='bbox 477 3982 691 4037; x_wconf 89' lang='lat' dir='ltr'>aquam</span> <span class='ocrx_word' id='word_1_198' title='bbox 723 3961 1049 4020; x_wconf 85' lang='lat' dir='ltr'>Christiano</span> <span class='ocrx_word' id='word_1_199' title='bbox 1082 3957 1367 4028; x_wconf 83' lang='lat' dir='ltr'>sanguine</span> <span class='ocrx_word' id='word_1_200' title='bbox 1401 3952 1695 4007; x_wconf 68' lang='lat' dir='ltr'>faadatam.</span> 
     </span>
    </p>
   </div>
   <div class='ocr_carea' id='block_1_43' title="bbox 475 4043 1857 4134">
    <p class='ocr_par' dir='ltr' id='par_1_43' title="bbox 475 4043 1857 4134">
     <span class='ocr_line' id='line_1_43' title="bbox 475 4043 1857 4134; baseline -0.017 -15"><span class='ocrx_word' id='word_1_201' title='bbox 475 4065 623 4119; x_wconf 91' lang='lat' dir='ltr'>Tum</span> <span class='ocrx_word' id='word_1_202' title='bbox 658 4062 893 4134; x_wconf 88' lang='lat' dir='ltr'>quidem</span> <span class='ocrx_word' id='word_1_203' title='bbox 928 4072 1185 4131; x_wconf 76' lang='lat' dir='ltr'>praesens</span> <span class='ocrx_word' id='word_1_204' title='bbox 1216 4053 1609 4122; x_wconf 87' lang='lat' dir='ltr'>importunus,</span> <span class='ocrx_word' id='word_1_205' title='bbox 1638 4043 1857 4109; x_wconf 84' lang='lat' dir='ltr'>audax;</span> 
     </span>
    </p>
   </div>
   <div class='ocr_carea' id='block_1_44' title="bbox 474 4138 1813 4224">
    <p class='ocr_par' dir='ltr' id='par_1_44' title="bbox 474 4138 1813 4224">
     <span class='ocr_line' id='line_1_44' title="bbox 474 4138 1813 4224; baseline -0.017 -16"><span class='ocrx_word' id='word_1_206' title='bbox 474 4153 790 4224; x_wconf 88' lang='lat' dir='ltr'>impudens</span> <span class='ocrx_word' id='word_1_207' title='bbox 820 4148 1042 4204; x_wconf 89' lang='lat' dir='ltr'>blatero</span> <span class='ocrx_word' id='word_1_208' title='bbox 1073 4149 1129 4200; x_wconf 89' lang='lat' dir='ltr'>et</span> <span class='ocrx_word' id='word_1_209' title='bbox 1159 4142 1361 4213; x_wconf 88' lang='lat' dir='ltr'>lingua</span> <span class='ocrx_word' id='word_1_210' title='bbox 1392 4138 1813 4205; x_wconf 89' lang='lat' dir='ltr'>intemperans,</span> 
     </span>
    </p>
   </div>
   <div class='ocr_carea' id='block_1_45' title="bbox 481 4225 1580 4296">
    <p class='ocr_par' dir='ltr' id='par_1_45' title="bbox 481 4225 1580 4296">
     <span class='ocr_line' id='line_1_45' title="bbox 481 4225 1580 4296; baseline -0.019 1"><span class='ocrx_word' id='word_1_211' title='bbox 481 4239 673 4296; x_wconf 91' lang='lat' dir='ltr'>Semel</span> <span class='ocrx_word' id='word_1_212' title='bbox 706 4236 971 4294; x_wconf 89' lang='lat' dir='ltr'>novellus</span> <span class='ocrx_word' id='word_1_213' title='bbox 1001 4228 1315 4289; x_wconf 89' lang='lat' dir='ltr'>conviciari</span> <span class='ocrx_word' id='word_1_214' title='bbox 1348 4225 1580 4290; x_wconf 87' lang='lat' dir='ltr'>solitus,</span> 
     </span>
    </p>
   </div>
   <div class='ocr_carea' id='block_1_46' title="bbox 477 4312 1707 4389">
    <p class='ocr_par' dir='ltr' id='par_1_46' title="bbox 477 4312 1707 4389">
     <span class='ocr_line' id='line_1_46' title="bbox 477 4312 1707 4389; baseline -0.015 -6"><span class='ocrx_word' id='word_1_215' title='bbox 477 4330 562 4384; x_wconf 84' lang='lat' dir='ltr'>sic</span> <span class='ocrx_word' id='word_1_216' title='bbox 595 4326 814 4383; x_wconf 86' lang='lat' dir='ltr'>christo</span> <span class='ocrx_word' id='word_1_217' title='bbox 845 4322 1076 4380; x_wconf 90' lang='lat' dir='ltr'>Domini</span> <span class='ocrx_word' id='word_1_218' title='bbox 1107 4318 1283 4389; x_wconf 87' lang='lat' dir='ltr'>coepit</span> <span class='ocrx_word' id='word_1_219' title='bbox 1315 4312 1661 4369; x_wconf 85' lang='lat' dir='ltr'>maledicere</span> <span class='ocrx_word' id='word_1_220' title='bbox 1694 4325 1707 4364; x_wconf 92' lang='lat'>:</span> 
     </span>
    </p>
   </div>
   <div class='ocr_carea' id='block_1_47' title="bbox 474 4406 1691 4484">
    <p class='ocr_par' dir='ltr' id='par_1_47' title="bbox 474 4406 1691 4484">
     <span class='ocr_line' id='line_1_47' title="bbox 474 4406 1691 4484; baseline -0.018 -11"><span class='ocrx_word' id='word_1_221' title='bbox 474 4418 643 4473; x_wconf 85' lang='lat' dir='ltr'>Haud</span> <span class='ocrx_word' id='word_1_222' title='bbox 678 4430 834 4470; x_wconf 90' lang='lat' dir='ltr'>nunc</span> <span class='ocrx_word' id='word_1_223' title='bbox 865 4413 1143 4484; x_wconf 90' lang='lat' dir='ltr'>primum,</span> <span class='ocrx_word' id='word_1_224' title='bbox 1177 4406 1278 4461; x_wconf 88' lang='lat' dir='ltr'>sed</span> <span class='ocrx_word' id='word_1_225' title='bbox 1316 4408 1488 4459; x_wconf 89' lang='lat' dir='ltr'>antea</span> <span class='ocrx_word' id='word_1_226' title='bbox 1519 4414 1691 4469; x_wconf 80' lang='lat' dir='ltr'>saepe,</span> 
     </span>
    </p>
   </div>
   <div class='ocr_carea' id='block_1_48' title="bbox 474 4484 1787 4577">
    <p class='ocr_par' dir='ltr' id='par_1_48' title="bbox 474 4484 1787 4577">
     <span class='ocr_line' id='line_1_48' title="bbox 474 4484 1787 4577; baseline -0.017 -16"><span class='ocrx_word' id='word_1_227' title='bbox 474 4506 713 4577; x_wconf 88' lang='lat' dir='ltr'>plenum</span> <span class='ocrx_word' id='word_1_228' title='bbox 747 4506 971 4558; x_wconf 85' lang='lat' dir='ltr'>cratera</span> <span class='ocrx_word' id='word_1_229' title='bbox 999 4494 1467 4554; x_wconf 85' lang='lat' dir='ltr'>Christianorum</span> <span class='ocrx_word' id='word_1_230' title='bbox 1502 4484 1787 4558; x_wconf 85' lang='lat' dir='ltr'>sanguine</span> 
     </span>
    </p>
   </div>
   <div class='ocr_carea' id='block_1_49' title="bbox 473 4578 1603 4661">
    <p class='ocr_par' dir='ltr' id='par_1_49' title="bbox 473 4578 1603 4661">
     <span class='ocr_line' id='line_1_49' title="bbox 473 4578 1603 4661; baseline -0.015 -14"><span class='ocrx_word' id='word_1_231' title='bbox 473 4592 692 4661; x_wconf 89' lang='lat' dir='ltr'>bibisti,</span> <span class='ocrx_word' id='word_1_232' title='bbox 726 4588 991 4645; x_wconf 87' lang='lat' dir='ltr'>subditos</span> <span class='ocrx_word' id='word_1_233' title='bbox 1023 4586 1300 4640; x_wconf 82' lang='lat' dir='ltr'>divexans</span> <span class='ocrx_word' id='word_1_234' title='bbox 1334 4578 1603 4651; x_wconf 89' lang='lat' dir='ltr'>populos,</span> 
     </span>
    </p>
   </div>
   <div class='ocr_carea' id='block_1_50' title="bbox 479 4664 1728 4738">
    <p class='ocr_par' dir='ltr' id='par_1_50' title="bbox 479 4664 1728 4738">
     <span class='ocr_line' id='line_1_50' title="bbox 479 4664 1728 4738; baseline -0.017 -2"><span class='ocrx_word' id='word_1_235' title='bbox 479 4685 750 4735; x_wconf 89' lang='lat' dir='ltr'>maturus</span> <span class='ocrx_word' id='word_1_236' title='bbox 782 4675 963 4731; x_wconf 87' lang='lat' dir='ltr'>veluti</span> <span class='ocrx_word' id='word_1_237' title='bbox 995 4687 1263 4728; x_wconf 90' lang='lat' dir='ltr'>racemus</span> <span class='ocrx_word' id='word_1_238' title='bbox 1294 4664 1728 4738; x_wconf 90' lang='lat' dir='ltr'>comprimitur,</span> 
     </span>
    </p>
   </div>
   <div class='ocr_carea' id='block_1_51' title="bbox 476 4755 1612 4839">
    <p class='ocr_par' dir='ltr' id='par_1_51' title="bbox 476 4755 1612 4839">
     <span class='ocr_line' id='line_1_51' title="bbox 476 4755 1612 4839; baseline -0.016 -15"><span class='ocrx_word' id='word_1_239' title='bbox 476 4785 579 4839; x_wconf 90' lang='lat' dir='ltr'>per</span> <span class='ocrx_word' id='word_1_240' title='bbox 606 4767 957 4823; x_wconf 87' lang='lat' dir='ltr'>tributorum</span> <span class='ocrx_word' id='word_1_241' title='bbox 985 4760 1251 4834; x_wconf 88' lang='lat' dir='ltr'>gravium</span> <span class='ocrx_word' id='word_1_242' title='bbox 1286 4755 1612 4812; x_wconf 86' lang='lat' dir='ltr'>exactiones</span> 
     </span>
    </p>
   </div>
   <div class='ocr_carea' id='block_1_52' title="bbox 478 4842 1754 4927">
    <p class='ocr_par' dir='ltr' id='par_1_52' title="bbox 478 4842 1754 4927">
     <span class='ocr_line' id='line_1_52' title="bbox 478 4842 1754 4927; baseline -0.016 -14"><span class='ocrx_word' id='word_1_243' title='bbox 478 4861 685 4927; x_wconf 88' lang='lat' dir='ltr'>potans</span> <span class='ocrx_word' id='word_1_244' title='bbox 717 4853 949 4910; x_wconf 89' lang='lat' dir='ltr'>illorum</span> <span class='ocrx_word' id='word_1_245' title='bbox 980 4849 1349 4905; x_wconf 87' lang='lat' dir='ltr'>abundanter</span> <span class='ocrx_word' id='word_1_246' title='bbox 1381 4842 1754 4914; x_wconf 87' lang='lat' dir='ltr'>sanguinem.</span> 
     </span>
    </p>
   </div>
   <div class='ocr_carea' id='block_1_53' title="bbox 479 4939 1702 5023">
    <p class='ocr_par' dir='ltr' id='par_1_53' title="bbox 479 4939 1702 5023">
     <span class='ocr_line' id='line_1_53' title="bbox 479 4939 1702 5023; baseline -0.015 -14"><span class='ocrx_word' id='word_1_247' title='bbox 479 4954 639 5009; x_wconf 88' lang='lat' dir='ltr'>Tulit</span> <span class='ocrx_word' id='word_1_248' title='bbox 670 4952 956 5023; x_wconf 89' lang='lat' dir='ltr'>patienter</span> <span class='ocrx_word' id='word_1_249' title='bbox 984 4948 1174 5003; x_wconf 64' lang='lat' dir='ltr'>Caesar</span> <span class='ocrx_word' id='word_1_250' title='bbox 1203 4945 1354 4999; x_wconf 91' lang='lat' dir='ltr'>hanc</span> <span class='ocrx_word' id='word_1_251' title='bbox 1382 4939 1702 5004; x_wconf 86' lang='lat' dir='ltr'>vesaniam,</span> 
     </span>
    </p>
   </div>
   <div class='ocr_carea' id='block_1_54' title="bbox 479 5024 1811 5110">
    <p class='ocr_par' dir='ltr' id='par_1_54' title="bbox 479 5024 1811 5110">
     <span class='ocr_line' id='line_1_54' title="bbox 479 5024 1811 5110; baseline -0.015 -12"><span class='ocrx_word' id='word_1_252' title='bbox 479 5058 582 5097; x_wconf 88' lang='lat' dir='ltr'>nec</span> <span class='ocrx_word' id='word_1_253' title='bbox 613 5044 814 5096; x_wconf 86' lang='lat' dir='ltr'>contra</span> <span class='ocrx_word' id='word_1_254' title='bbox 844 5038 1082 5110; x_wconf 87' lang='lat' dir='ltr'>quidem</span> <span class='ocrx_word' id='word_1_255' title='bbox 1118 5034 1440 5105; x_wconf 90' lang='lat' dir='ltr'>quidquam</span> <span class='ocrx_word' id='word_1_256' title='bbox 1475 5024 1811 5083; x_wconf 86' lang='lat' dir='ltr'>mussitavit</span> 
     </span>
    </p>
   </div>
   <div class='ocr_carea' id='block_1_55' title="bbox 483 5114 1832 5191">
    <p class='ocr_par' dir='ltr' id='par_1_55' title="bbox 483 5114 1832 5191">
     <span class='ocr_line' id='line_1_55' title="bbox 483 5114 1832 5191; baseline -0.015 -6"><span class='ocrx_word' id='word_1_257' title='bbox 483 5129 640 5185; x_wconf 87' lang='lat' dir='ltr'>mitis</span> <span class='ocrx_word' id='word_1_258' title='bbox 671 5127 1003 5191; x_wconf 86' lang='lat' dir='ltr'>monarcba,</span> <span class='ocrx_word' id='word_1_259' title='bbox 1040 5140 1143 5178; x_wconf 91' lang='lat' dir='ltr'>nec</span> <span class='ocrx_word' id='word_1_260' title='bbox 1185 5117 1508 5176; x_wconf 77' lang='lat' dir='ltr'>infrenduit</span> <span class='ocrx_word' id='word_1_261' title='bbox 1538 5114 1832 5170; x_wconf 87' lang='lat' dir='ltr'>dentibus.</span> 
     </span>
    </p>
   </div>
   <div class='ocr_carea' id='block_1_56' title="bbox 477 5204 1640 5275">
    <p class='ocr_par' dir='ltr' id='par_1_56' title="bbox 477 5204 1640 5275">
     <span class='ocr_line' id='line_1_56' title="bbox 477 5204 1640 5275; baseline -0.015 0"><span class='ocrx_word' id='word_1_262' title='bbox 477 5221 697 5275; x_wconf 87' lang='lat' dir='ltr'>Iterum</span> <span class='ocrx_word' id='word_1_263' title='bbox 727 5218 918 5272; x_wconf 76' lang='lat' dir='ltr'>Cmsar</span> <span class='ocrx_word' id='word_1_264' title='bbox 949 5216 1091 5269; x_wconf 91' lang='lat' dir='ltr'>dum</span> <span class='ocrx_word' id='word_1_265' title='bbox 1121 5212 1344 5265; x_wconf 89' lang='lat' dir='ltr'>videret</span> <span class='ocrx_word' id='word_1_266' title='bbox 1375 5204 1640 5262; x_wconf 89' lang='lat' dir='ltr'>sacculos</span> 
     </span>
    </p>
   </div>
   <div class='ocr_carea' id='block_1_57' title="bbox 475 5293 1472 5380">
    <p class='ocr_par' dir='ltr' id='par_1_57' title="bbox 475 5293 1472 5380">
     <span class='ocr_line' id='line_1_57' title="bbox 475 5293 1472 5380; baseline -0.017 -16"><span class='ocrx_word' id='word_1_267' title='bbox 475 5307 697 5380; x_wconf 90' lang='lat' dir='ltr'>publici</span> <span class='ocrx_word' id='word_1_268' title='bbox 731 5303 954 5361; x_wconf 89' lang='lat' dir='ltr'>nummi</span> <span class='ocrx_word' id='word_1_269' title='bbox 989 5300 1264 5357; x_wconf 89' lang='lat' dir='ltr'>custodes</span> <span class='ocrx_word' id='word_1_270' title='bbox 1296 5293 1472 5365; x_wconf 89' lang='lat' dir='ltr'>diripi</span> 
     </span>
    </p>
   </div>
   <div class='ocr_carea' id='block_1_58' title="bbox 476 5381 1711 5467">
    <p class='ocr_par' dir='ltr' id='par_1_58' title="bbox 476 5381 1711 5467">
     <span class='ocr_line' id='line_1_58' title="bbox 476 5381 1711 5467; baseline -0.018 -15"><span class='ocrx_word' id='word_1_271' title='bbox 476 5414 509 5451; x_wconf 93' lang='lat' dir='ltr'>a</span> <span class='ocrx_word' id='word_1_272' title='bbox 538 5394 1014 5467; x_wconf 87' lang='lat' dir='ltr'>persequentium</span> <span class='ocrx_word' id='word_1_273' title='bbox 1043 5389 1434 5444; x_wconf 88' lang='lat' dir='ltr'>Barbarorum</span> <span class='ocrx_word' id='word_1_274' title='bbox 1467 5381 1711 5450; x_wconf 87' lang='lat' dir='ltr'>impetu,</span> 
     </span>
    </p>
   </div>
   <div class='ocr_carea' id='block_1_59' title="bbox 477 5476 1584 5555">
    <p class='ocr_par' dir='ltr' id='par_1_59' title="bbox 477 5476 1584 5555">
     <span class='ocr_line' id='line_1_59' title="bbox 477 5476 1584 5555; baseline -0.018 -15"><span class='ocrx_word' id='word_1_275' title='bbox 477 5489 652 5555; x_wconf 89' lang='lat' dir='ltr'>atque</span> <span class='ocrx_word' id='word_1_276' title='bbox 686 5484 755 5537; x_wconf 87' lang='lat' dir='ltr'>ad</span> <span class='ocrx_word' id='word_1_277' title='bbox 784 5480 1027 5536; x_wconf 81' lang='lat' dir='ltr'>tutelam</span> <span class='ocrx_word' id='word_1_278' title='bbox 1060 5476 1391 5532; x_wconf 88' lang='lat' dir='ltr'>hortaretur</span> <span class='ocrx_word' id='word_1_279' title='bbox 1423 5484 1584 5534; x_wconf 90' lang='lat' dir='ltr'>suos,</span> 
     </span>
    </p>
   </div>
   <div class='ocr_carea' id='block_1_60' title="bbox 477 5558 1627 5643">
    <p class='ocr_par' dir='ltr' id='par_1_60' title="bbox 477 5558 1627 5643">
     <span class='ocr_line' id='line_1_60' title="bbox 477 5558 1627 5643; baseline -0.018 -14"><span class='ocrx_word' id='word_1_280' title='bbox 477 5588 688 5643; x_wconf 83' lang='lat' dir='ltr'>nempe</span> <span class='ocrx_word' id='word_1_281' title='bbox 718 5577 783 5626; x_wconf 89' lang='lat' dir='ltr'>ut</span> <span class='ocrx_word' id='word_1_282' title='bbox 814 5569 1007 5626; x_wconf 91' lang='lat' dir='ltr'>aliena</span> <span class='ocrx_word' id='word_1_283' title='bbox 1036 5564 1209 5638; x_wconf 89' lang='lat' dir='ltr'>pulsa</span> <span class='ocrx_word' id='word_1_284' title='bbox 1238 5562 1295 5615; x_wconf 89' lang='lat' dir='ltr'>vi</span> <span class='ocrx_word' id='word_1_285' title='bbox 1327 5558 1627 5614; x_wconf 86' lang='lat' dir='ltr'>servarent</span> 
     </span>
    </p>
   </div>
   <div class='ocr_carea' id='block_1_61' title="bbox 476 5648 1539 5728">
    <p class='ocr_par' dir='ltr' id='par_1_61' title="bbox 476 5648 1539 5728">
     <span class='ocr_line' id='line_1_61' title="bbox 476 5648 1539 5728; baseline -0.016 -13"><span class='ocrx_word' id='word_1_286' title='bbox 476 5661 733 5715; x_wconf 89' lang='lat' dir='ltr'>futuram</span> <span class='ocrx_word' id='word_1_287' title='bbox 770 5659 914 5728; x_wconf 86' lang='lat' dir='ltr'>ipsis</span> <span class='ocrx_word' id='word_1_288' title='bbox 948 5655 1148 5710; x_wconf 90' lang='lat' dir='ltr'>utilem</span> <span class='ocrx_word' id='word_1_289' title='bbox 1182 5648 1488 5722; x_wconf 89' lang='lat' dir='ltr'>pecuniam</span> <span class='ocrx_word' id='word_1_290' title='bbox 1525 5660 1539 5699; x_wconf 87' lang='lat'><strong>:</strong></span> 
     </span>
    </p>
   </div>
   <div class='ocr_carea' id='block_1_62' title="bbox 2123 470 3507 557">
    <p class='ocr_par' dir='ltr' id='par_1_62' title="bbox 2123 470 3507 557">
     <span class='ocr_line' id='line_1_62' title="bbox 2123 470 3507 557; baseline -0.001 -20"><span class='ocrx_word' id='word_1_291' title='bbox 2123 485 2175 550; x_wconf 84' lang='grc' dir='ltr'><strong>Α</strong></span> <span class='ocrx_word' id='word_1_292' title='bbox 2210 482 2349 541; x_wconf 85' lang='grc'>4520</span> <span class='ocrx_word' id='word_1_293' title='bbox 2389 482 2489 538; x_wconf 76' lang='grc' dir='ltr'>Καὶ</span> <span class='ocrx_word' id='word_1_294' title='bbox 2521 481 2858 555; x_wconf 66' lang='grc' dir='ltr'>θνησιμαίιον</span> <span class='ocrx_word' id='word_1_295' title='bbox 2880 478 3236 535; x_wconf 81' lang='grc' dir='ltr'>παντοδαπῶν</span> <span class='ocrx_word' id='word_1_296' title='bbox 3270 470 3507 557; x_wconf 83' lang='grc' dir='ltr'>ἀλόγων,</span> 
     </span>
    </p>
   </div>
   <div class='ocr_carea' id='block_1_63' title="bbox 2377 567 3504 645">
    <p class='ocr_par' dir='ltr' id='par_1_63' title="bbox 2377 567 3504 645">
     <span class='ocr_line' id='line_1_63' title="bbox 2377 567 3504 645; baseline -0.003 -19"><span class='ocrx_word' id='word_1_297' title='bbox 2377 573 2610 641; x_wconf 82' lang='grc' dir='ltr'>Ἵππων,</span> <span class='ocrx_word' id='word_1_298' title='bbox 2649 572 2814 645; x_wconf 87' lang='grc' dir='ltr'>βοῶν,</span> <span class='ocrx_word' id='word_1_299' title='bbox 2848 567 2986 623; x_wconf 70' lang='grc' dir='ltr'>ὄνων</span> <span class='ocrx_word' id='word_1_300' title='bbox 3016 590 3074 623; x_wconf 91' lang='grc' dir='ltr'>τε</span> <span class='ocrx_word' id='word_1_301' title='bbox 3105 571 3195 624; x_wconf 75' lang='grc' dir='ltr'>σὺν</span> <span class='ocrx_word' id='word_1_302' title='bbox 3229 571 3504 642; x_wconf 78' lang='grc' dir='ltr'>ἡμιόνοις,</span> 
     </span>
    </p>
   </div>
   <div class='ocr_carea' id='block_1_64' title="bbox 2381 656 3586 737">
    <p class='ocr_par' dir='ltr' id='par_1_64' title="bbox 2381 656 3586 737">
     <span class='ocr_line' id='line_1_64' title="bbox 2381 656 3586 737; baseline -0.003 -21"><span class='ocrx_word' id='word_1_303' title='bbox 2381 661 2562 737; x_wconf 75' lang='grc' dir='ltr'>Τάφον</span> <span class='ocrx_word' id='word_1_304' title='bbox 2588 680 2646 714; x_wconf 90' lang='grc' dir='ltr'>τε</span> <span class='ocrx_word' id='word_1_305' title='bbox 2673 659 2854 713; x_wconf 84' lang='grc' dir='ltr'>κοινὸν</span> <span class='ocrx_word' id='word_1_306' title='bbox 2883 663 3000 719; x_wconf 86' lang='grc' dir='ltr'>τοῖς</span> <span class='ocrx_word' id='word_1_307' title='bbox 3032 656 3191 722; x_wconf 76' lang='grc' dir='ltr'>ὅλοις</span> <span class='ocrx_word' id='word_1_308' title='bbox 3221 660 3586 733; x_wconf 81' lang='grc' dir='ltr'>χρηματίσαι,</span> 
     </span>
    </p>
   </div>
   <div class='ocr_carea' id='block_1_65' title="bbox 2384 743 3529 822">
    <p class='ocr_par' dir='ltr' id='par_1_65' title="bbox 2384 743 3529 822">
     <span class='ocr_line' id='line_1_65' title="bbox 2384 743 3529 822; baseline -0.001 -21"><span class='ocrx_word' id='word_1_309' title='bbox 2384 746 2606 801; x_wconf 81' lang='grc' dir='ltr'>Μᾶλλον</span> <span class='ocrx_word' id='word_1_310' title='bbox 2644 743 3033 821; x_wconf 78' lang='grc' dir='ltr'>πολυάνδριον,</span> <span class='ocrx_word' id='word_1_311' title='bbox 3061 745 3106 800; x_wconf 80' lang='grc' dir='ltr'>εἰ</span> <span class='ocrx_word' id='word_1_312' title='bbox 3138 747 3317 821; x_wconf 85' lang='grc' dir='ltr'>χρεὼν</span> <span class='ocrx_word' id='word_1_313' title='bbox 3348 746 3529 822; x_wconf 73' lang='grc' dir='ltr'>φάναι,</span> 
     </span>
    </p>
   </div>
   <div class='ocr_carea' id='block_1_66' title="bbox 2386 833 3588 909">
    <p class='ocr_par' dir='ltr' id='par_1_66' title="bbox 2386 833 3588 909">
     <span class='ocr_line' id='line_1_66' title="bbox 2386 833 3588 909; baseline 0.001 -20"><span class='ocrx_word' id='word_1_314' title='bbox 2386 836 2479 889; x_wconf 86' lang='grc' dir='ltr'>Ἐκ</span> <span class='ocrx_word' id='word_1_315' title='bbox 2509 840 2751 909; x_wconf 79' lang='grc' dir='ltr'>γηγενῶν</span> <span class='ocrx_word' id='word_1_316' title='bbox 2785 836 3102 906; x_wconf 84' lang='grc' dir='ltr'>πάμμικτον</span> <span class='ocrx_word' id='word_1_317' title='bbox 3131 833 3343 908; x_wconf 83' lang='grc' dir='ltr'>ἀλόγων</span> <span class='ocrx_word' id='word_1_318' title='bbox 3381 835 3428 898; x_wconf 88' lang='grc' dir='ltr'>θ’</span> <span class='ocrx_word' id='word_1_319' title='bbox 3457 835 3588 906; x_wconf 79' lang='grc' dir='ltr'>ἅμα.</span> 
     </span>
    </p>
   </div>
   <div class='ocr_carea' id='block_1_67' title="bbox 2210 928 3539 1005">
    <p class='ocr_par' dir='ltr' id='par_1_67' title="bbox 2210 928 3539 1005">
     <span class='ocr_line' id='line_1_67' title="bbox 2210 928 3539 1005; baseline -0.002 -18"><span class='ocrx_word' id='word_1_320' title='bbox 2210 934 2349 988; x_wconf 82' lang='grc'>4525</span> <span class='ocrx_word' id='word_1_321' title='bbox 2388 933 2708 986; x_wconf 85' lang='grc' dir='ltr'>Πεπτὼκασι</span> <span class='ocrx_word' id='word_1_322' title='bbox 2738 930 2959 991; x_wconf 87' lang='grc' dir='ltr'>πλείους</span> <span class='ocrx_word' id='word_1_323' title='bbox 2983 928 3039 984; x_wconf 74' lang='grc' dir='ltr'>δὲ</span> <span class='ocrx_word' id='word_1_324' title='bbox 3067 930 3353 1002; x_wconf 85' lang='grc' dir='ltr'>Ῥωμαίων</span> <span class='ocrx_word' id='word_1_325' title='bbox 3387 930 3539 1005; x_wconf 85' lang='grc' dir='ltr'>μάχη</span> 
     </span>
    </p>
   </div>
   <div class='ocr_carea' id='block_1_68' title="bbox 2386 1017 3628 1093">
    <p class='ocr_par' dir='ltr' id='par_1_68' title="bbox 2386 1017 3628 1093">
     <span class='ocr_line' id='line_1_68' title="bbox 2386 1017 3628 1093; baseline -0.002 -18"><span class='ocrx_word' id='word_1_326' title='bbox 2386 1019 2489 1076; x_wconf 85' lang='grc' dir='ltr'>Καὶ</span> <span class='ocrx_word' id='word_1_327' title='bbox 2519 1017 2690 1074; x_wconf 87' lang='grc' dir='ltr'>τῶνδε</span> <span class='ocrx_word' id='word_1_328' title='bbox 2718 1018 2942 1081; x_wconf 81' lang='grc' dir='ltr'>πλείους</span> <span class='ocrx_word' id='word_1_329' title='bbox 2973 1022 3068 1073; x_wconf 78' lang='grc' dir='ltr'>τοῦ</span> <span class='ocrx_word' id='word_1_330' title='bbox 3104 1017 3384 1093; x_wconf 78' lang='grc' dir='ltr'>βασιλείου</span> <span class='ocrx_word' id='word_1_331' title='bbox 3414 1020 3628 1092; x_wconf 79' lang='grc' dir='ltr'>γένους,</span> 
     </span>
    </p>
   </div>
   <div class='ocr_carea' id='block_1_69' title="bbox 2390 1103 3697 1181">
    <p class='ocr_par' dir='ltr' id='par_1_69' title="bbox 2390 1103 3697 1181">
     <span class='ocr_line' id='line_1_69' title="bbox 2390 1103 3697 1181; baseline -0.004 -19"><span class='ocrx_word' id='word_1_332' title='bbox 2390 1109 2492 1163; x_wconf 76' lang='grc' dir='ltr'>Καὶ</span> <span class='ocrx_word' id='word_1_333' title='bbox 2524 1113 2688 1162; x_wconf 74' lang='grc' dir='ltr'>ταῦτα</span> <span class='ocrx_word' id='word_1_334' title='bbox 2725 1108 2818 1180; x_wconf 76' lang='grc' dir='ltr'>μὲν</span> <span class='ocrx_word' id='word_1_335' title='bbox 2848 1106 3123 1181; x_wconf 88' lang='grc' dir='ltr'>πέπρακτο</span> <span class='ocrx_word' id='word_1_336' title='bbox 3148 1103 3303 1160; x_wconf 84' lang='grc' dir='ltr'>τόνδε</span> <span class='ocrx_word' id='word_1_337' title='bbox 3332 1105 3423 1160; x_wconf 88' lang='grc' dir='ltr'>τὸν</span> <span class='ocrx_word' id='word_1_338' title='bbox 3455 1104 3657 1181; x_wconf 84' lang='grc' dir='ltr'>τρόπον</span> <span class='ocrx_word' id='word_1_339' title='bbox 3684 1124 3697 1138; x_wconf 90' lang='grc'><strong>·</strong></span> 
     </span>
    </p>
   </div>
   <div class='ocr_carea' id='block_1_70' title="bbox 2388 1190 3577 1271">
    <p class='ocr_par' dir='ltr' id='par_1_70' title="bbox 2388 1190 3577 1271">
     <span class='ocr_line' id='line_1_70' title="bbox 2388 1190 3577 1271; baseline -0.003 -20"><span class='ocrx_word' id='word_1_340' title='bbox 2388 1197 2449 1251; x_wconf 90' lang='grc' dir='ltr'>Ὁ</span> <span class='ocrx_word' id='word_1_341' title='bbox 2482 1193 2528 1249; x_wconf 82' lang='grc' dir='ltr'>δ’</span> <span class='ocrx_word' id='word_1_342' title='bbox 2558 1194 2930 1269; x_wconf 81' lang='grc' dir='ltr'>αὐτοκράτωρ,</span> <span class='ocrx_word' id='word_1_343' title='bbox 2958 1196 3031 1255; x_wconf 80' lang='grc' dir='ltr'>ὡς</span> <span class='ocrx_word' id='word_1_344' title='bbox 3064 1190 3218 1271; x_wconf 78' lang='grc' dir='ltr'>ἔφην,</span> <span class='ocrx_word' id='word_1_345' title='bbox 3250 1194 3577 1267; x_wconf 82' lang='grc' dir='ltr'>ἀπειγμένος</span> 
     </span>
    </p>
   </div>
   <div class='ocr_carea' id='block_1_71' title="bbox 2390 1280 3561 1355">
    <p class='ocr_par' dir='ltr' id='par_1_71' title="bbox 2390 1280 3561 1355">
     <span class='ocr_line' id='line_1_71' title="bbox 2390 1280 3561 1355; baseline -0.004 -17"><span class='ocrx_word' id='word_1_346' title='bbox 2390 1280 2565 1344; x_wconf 84' lang='grc' dir='ltr'>Ἵλαις</span> <span class='ocrx_word' id='word_1_347' title='bbox 2598 1280 2866 1345; x_wconf 85' lang='grc' dir='ltr'>συνελθεῖν</span> <span class='ocrx_word' id='word_1_348' title='bbox 2899 1286 3018 1343; x_wconf 88' lang='grc' dir='ltr'>ταῖς</span> <span class='ocrx_word' id='word_1_349' title='bbox 3054 1280 3561 1355; x_wconf 86' lang='grc' dir='ltr'>προηγησαμέναις,</span> 
     </span>
    </p>
   </div>
   <div class='ocr_carea' id='block_1_72' title="bbox 2214 1367 3647 1444">
    <p class='ocr_par' dir='ltr' id='par_1_72' title="bbox 2214 1367 3647 1444">
     <span class='ocr_line' id='line_1_72' title="bbox 2214 1367 3647 1444; baseline -0.003 -18"><span class='ocrx_word' id='word_1_350' title='bbox 2214 1373 2351 1426; x_wconf 87' lang='grc'>4530</span> <span class='ocrx_word' id='word_1_351' title='bbox 2391 1370 2654 1442; x_wconf 83' lang='grc' dir='ltr'>Τούρκοις</span> <span class='ocrx_word' id='word_1_352' title='bbox 2682 1371 2904 1444; x_wconf 83' lang='grc' dir='ltr'>πορείας</span> <span class='ocrx_word' id='word_1_353' title='bbox 2938 1367 3171 1444; x_wconf 84' lang='grc' dir='ltr'>εἷ’ργεται</span> <span class='ocrx_word' id='word_1_354' title='bbox 3200 1375 3300 1437; x_wconf 85' lang='grc' dir='ltr'>τῆς</span> <span class='ocrx_word' id='word_1_355' title='bbox 3329 1368 3404 1430; x_wconf 74' lang='grc' dir='ltr'>εἷς</span> <span class='ocrx_word' id='word_1_356' title='bbox 3436 1367 3647 1442; x_wconf 88' lang='grc' dir='ltr'>πρόσω,</span> 
     </span>
    </p>
   </div>
   <div class='ocr_carea' id='block_1_73' title="bbox 2392 1456 3607 1530">
    <p class='ocr_par' dir='ltr' id='par_1_73' title="bbox 2392 1456 3607 1530">
     <span class='ocr_line' id='line_1_73' title="bbox 2392 1456 3607 1530; baseline -0.002 -15"><span class='ocrx_word' id='word_1_357' title='bbox 2392 1456 2560 1516; x_wconf 75' lang='grc' dir='ltr'>Οὐδὲν</span> <span class='ocrx_word' id='word_1_358' title='bbox 2596 1456 2654 1513; x_wconf 77' lang='grc' dir='ltr'>δὲ</span> <span class='ocrx_word' id='word_1_359' title='bbox 2686 1464 2839 1530; x_wconf 86' lang='grc' dir='ltr'>μεῖον</span> <span class='ocrx_word' id='word_1_360' title='bbox 2868 1458 2957 1512; x_wconf 87' lang='grc' dir='ltr'>καὶ</span> <span class='ocrx_word' id='word_1_361' title='bbox 2990 1456 3265 1519; x_wconf 69' lang='grc' dir='ltr'>κολωνοῖς</span> <span class='ocrx_word' id='word_1_362' title='bbox 3296 1458 3607 1529; x_wconf 81' lang='grc' dir='ltr'>πτωμάτων</span> 
     </span>
    </p>
   </div>
   <div class='ocr_carea' id='block_1_74' title="bbox 2388 1543 3608 1619">
    <p class='ocr_par' dir='ltr' id='par_1_74' title="bbox 2388 1543 3608 1619">
     <span class='ocr_line' id='line_1_74' title="bbox 2388 1543 3608 1619; baseline -0.001 -19"><span class='ocrx_word' id='word_1_363' title='bbox 2388 1549 2578 1619; x_wconf 86' lang='grc' dir='ltr'>Ὅμως</span> <span class='ocrx_word' id='word_1_364' title='bbox 2607 1544 2837 1610; x_wconf 87' lang='grc' dir='ltr'>διελθὼν</span> <span class='ocrx_word' id='word_1_365' title='bbox 2869 1543 3167 1619; x_wconf 85' lang='grc' dir='ltr'>δυσπόρους</span> <span class='ocrx_word' id='word_1_366' title='bbox 3204 1543 3365 1616; x_wconf 84' lang='grc' dir='ltr'>μόλις</span> <span class='ocrx_word' id='word_1_367' title='bbox 3407 1544 3608 1608; x_wconf 84' lang='grc' dir='ltr'>τόπους</span> 
     </span>
    </p>
   </div>
   <div class='ocr_carea' id='block_1_75' title="bbox 2389 1632 3506 1709">
    <p class='ocr_par' dir='ltr' id='par_1_75' title="bbox 2389 1632 3506 1709">
     <span class='ocr_line' id='line_1_75' title="bbox 2389 1632 3506 1709; baseline -0.003 -18"><span class='ocrx_word' id='word_1_368' title='bbox 2389 1637 2490 1692; x_wconf 84' lang='grc' dir='ltr'>Καὶ</span> <span class='ocrx_word' id='word_1_369' title='bbox 2522 1635 2613 1689; x_wconf 85' lang='grc' dir='ltr'>τὸν</span> <span class='ocrx_word' id='word_1_370' title='bbox 2645 1632 3019 1709; x_wconf 78' lang='grc' dir='ltr'>παραρῥεοντα</span> <span class='ocrx_word' id='word_1_371' title='bbox 3043 1632 3351 1708; x_wconf 76' lang='grc' dir='ltr'>χειμάῤῥου</span> <span class='ocrx_word' id='word_1_372' title='bbox 3381 1633 3506 1709; x_wconf 79' lang='grc' dir='ltr'>ῥόον</span> 
     </span>
    </p>
   </div>
   <div class='ocr_carea' id='block_1_76' title="bbox 2392 1719 3443 1798">
    <p class='ocr_par' dir='ltr' id='par_1_76' title="bbox 2392 1719 3443 1798">
     <span class='ocr_line' id='line_1_76' title="bbox 2392 1719 3443 1798; baseline -0.005 -20"><span class='ocrx_word' id='word_1_373' title='bbox 2392 1722 2494 1780; x_wconf 84' lang='grc' dir='ltr'>Καὶ</span> <span class='ocrx_word' id='word_1_374' title='bbox 2527 1723 2714 1798; x_wconf 77' lang='grc' dir='ltr'>στίφος</span> <span class='ocrx_word' id='word_1_375' title='bbox 2744 1720 2884 1777; x_wconf 76' lang='grc' dir='ltr'>ἄλλο</span> <span class='ocrx_word' id='word_1_376' title='bbox 2914 1721 3220 1794; x_wconf 79' lang='grc' dir='ltr'>Ῥωμαϊκὸν</span> <span class='ocrx_word' id='word_1_377' title='bbox 3251 1719 3443 1782; x_wconf 80' lang='grc' dir='ltr'>ἁλίσας</span> 
     </span>
    </p>
   </div>
   <div class='ocr_carea' id='block_1_77' title="bbox 2137 1809 3460 1907">
    <p class='ocr_par' dir='ltr' id='par_1_77' title="bbox 2137 1809 3460 1907">
     <span class='ocr_line' id='line_1_77' title="bbox 2137 1809 3460 1907; baseline -0.006 -37"><span class='ocrx_word' id='word_1_378' title='bbox 2137 1842 2184 1907; x_wconf 82' lang='grc' dir='ltr'><strong>Β</strong></span> <span class='ocrx_word' id='word_1_379' title='bbox 2216 1815 2355 1870; x_wconf 87' lang='grc'>4535</span> <span class='ocrx_word' id='word_1_380' title='bbox 2391 1818 2477 1875; x_wconf 87' lang='grc' dir='ltr'>Ὡς</span> <span class='ocrx_word' id='word_1_381' title='bbox 2504 1814 2641 1886; x_wconf 71' lang='grc' dir='ltr'>εἶχε,</span> <span class='ocrx_word' id='word_1_382' title='bbox 2673 1809 2891 1881; x_wconf 83' lang='grc' dir='ltr'>διήνυτε</span> <span class='ocrx_word' id='word_1_383' title='bbox 2916 1812 3016 1879; x_wconf 79' lang='grc' dir='ltr'>τήν</span> <span class='ocrx_word' id='word_1_384' title='bbox 3047 1811 3411 1885; x_wconf 67' lang='grc' dir='ltr'>προκειμένην</span> <span class='ocrx_word' id='word_1_385' title='bbox 3448 1828 3460 1841; x_wconf 91' lang='grc'><strong>·</strong></span> 
     </span>
    </p>
   </div>
   <div class='ocr_carea' id='block_1_78' title="bbox 2391 1894 3464 1975">
    <p class='ocr_par' dir='ltr' id='par_1_78' title="bbox 2391 1894 3464 1975">
     <span class='ocr_line' id='line_1_78' title="bbox 2391 1894 3464 1975; baseline -0.006 -17"><span class='ocrx_word' id='word_1_386' title='bbox 2391 1903 2488 1958; x_wconf 93' lang='grc' dir='ltr'>Ὃν</span> <span class='ocrx_word' id='word_1_387' title='bbox 2510 1899 2774 1975; x_wconf 86' lang='grc' dir='ltr'>παριόντα</span> <span class='ocrx_word' id='word_1_388' title='bbox 2803 1894 3107 1975; x_wconf 78' lang='grc' dir='ltr'>βαρϐαρική</span> <span class='ocrx_word' id='word_1_389' title='bbox 3140 1920 3223 1961; x_wconf 90' lang='grc' dir='ltr'>τις</span> <span class='ocrx_word' id='word_1_390' title='bbox 3257 1896 3464 1975; x_wconf 79' lang='grc' dir='ltr'>φάλαγξ</span> 
     </span>
    </p>
   </div>
   <div class='ocr_carea' id='block_1_79' title="bbox 2392 1983 3585 2064">
    <p class='ocr_par' dir='ltr' id='par_1_79' title="bbox 2392 1983 3585 2064">
     <span class='ocr_line' id='line_1_79' title="bbox 2392 1983 3585 2064; baseline -0.005 -17"><span class='ocrx_word' id='word_1_391' title='bbox 2392 1994 2609 2052; x_wconf 87' lang='grc' dir='ltr'>Ἵπποις</span> <span class='ocrx_word' id='word_1_392' title='bbox 2642 1990 2940 2063; x_wconf 83' lang='grc' dir='ltr'>ὁπλισμοῖς</span> <span class='ocrx_word' id='word_1_393' title='bbox 2969 1988 3242 2062; x_wconf 79' lang='grc' dir='ltr'>ἐκπρεπὴς</span> <span class='ocrx_word' id='word_1_394' title='bbox 3275 1983 3585 2064; x_wconf 75' lang='grc' dir='ltr'>Ἀῤῥαϐίοις</span> 
     </span>
    </p>
   </div>
   <div class='ocr_carea' id='block_1_80' title="bbox 2399 2077 3600 2149">
    <p class='ocr_par' dir='ltr' id='par_1_80' title="bbox 2399 2077 3600 2149">
     <span class='ocr_line' id='line_1_80' title="bbox 2399 2077 3600 2149; baseline -0.002 -16"><span class='ocrx_word' id='word_1_395' title='bbox 2399 2077 2607 2147; x_wconf 72' lang='grc' dir='ltr'>Ἰδοῦσ’,</span> <span class='ocrx_word' id='word_1_396' title='bbox 2637 2077 2718 2132; x_wconf 81' lang='grc' dir='ltr'>ἐπ’</span> <span class='ocrx_word' id='word_1_397' title='bbox 2749 2078 2909 2131; x_wconf 83' lang='grc' dir='ltr'>αὐτὸν</span> <span class='ocrx_word' id='word_1_398' title='bbox 2943 2077 3198 2149; x_wconf 86' lang='grc' dir='ltr'>έμμανῶς</span> <span class='ocrx_word' id='word_1_399' title='bbox 3229 2097 3345 2138; x_wconf 87' lang='grc' dir='ltr'>πως</span> <span class='ocrx_word' id='word_1_400' title='bbox 3376 2077 3600 2143; x_wconf 85' lang='grc' dir='ltr'>συνέθει,</span> 
     </span>
    </p>
   </div>
   <div class='ocr_carea' id='block_1_81' title="bbox 2395 2161 3611 2241">
    <p class='ocr_par' dir='ltr' id='par_1_81' title="bbox 2395 2161 3611 2241">
     <span class='ocr_line' id='line_1_81' title="bbox 2395 2161 3611 2241; baseline -0.001 -21"><span class='ocrx_word' id='word_1_401' title='bbox 2395 2168 2483 2230; x_wconf 73' lang='grc' dir='ltr'>Ὠς</span> <span class='ocrx_word' id='word_1_402' title='bbox 2514 2168 2734 2241; x_wconf 89' lang='grc' dir='ltr'>θήραμα</span> <span class='ocrx_word' id='word_1_403' title='bbox 2765 2162 3068 2219; x_wconf 79' lang='grc' dir='ltr'>σπεύδουσα</span> <span class='ocrx_word' id='word_1_404' title='bbox 3097 2161 3243 2219; x_wconf 83' lang='grc' dir='ltr'>τόνδ’</span> <span class='ocrx_word' id='word_1_405' title='bbox 3270 2162 3414 2218; x_wconf 71' lang='grc' dir='ltr'>ἑλεῖν</span> <span class='ocrx_word' id='word_1_406' title='bbox 3446 2166 3611 2239; x_wconf 87' lang='grc' dir='ltr'>τάχα.</span> 
     </span>
    </p>
   </div>
   <div class='ocr_carea' id='block_1_82' title="bbox 2220 2252 3643 2329">
    <p class='ocr_par' dir='ltr' id='par_1_82' title="bbox 2220 2252 3643 2329">
     <span class='ocr_line' id='line_1_82' title="bbox 2220 2252 3643 2329; baseline -0.003 -18"><span class='ocrx_word' id='word_1_407' title='bbox 2220 2258 2359 2312; x_wconf 80' lang='grc'>4540</span> <span class='ocrx_word' id='word_1_408' title='bbox 2395 2257 2456 2312; x_wconf 76' lang='grc' dir='ltr'>Ὀ</span> <span class='ocrx_word' id='word_1_409' title='bbox 2488 2253 2534 2308; x_wconf 87' lang='grc' dir='ltr'>δ’</span> <span class='ocrx_word' id='word_1_410' title='bbox 2564 2254 2868 2329; x_wconf 73' lang='grc' dir='ltr'>ἀρῥενώσας</span> <span class='ocrx_word' id='word_1_411' title='bbox 2894 2258 3001 2307; x_wconf 88' lang='grc' dir='ltr'>τῶν</span> <span class='ocrx_word' id='word_1_412' title='bbox 3038 2253 3299 2307; x_wconf 85' lang='grc' dir='ltr'>συνόντων</span> <span class='ocrx_word' id='word_1_413' title='bbox 3326 2252 3418 2314; x_wconf 72' lang='grc' dir='ltr'>τὰς</span> <span class='ocrx_word' id='word_1_414' title='bbox 3449 2252 3643 2329; x_wconf 80' lang='grc' dir='ltr'>φρένας</span> 
     </span>
    </p>
   </div>
   <div class='ocr_carea' id='block_1_83' title="bbox 2395 2336 3504 2417">
    <p class='ocr_par' dir='ltr' id='par_1_83' title="bbox 2395 2336 3504 2417">
     <span class='ocr_line' id='line_1_83' title="bbox 2395 2336 3504 2417; baseline -0.003 -19"><span class='ocrx_word' id='word_1_415' title='bbox 2395 2341 2718 2405; x_wconf 82' lang='grc' dir='ltr'>Ὀδοστάτας</span> <span class='ocrx_word' id='word_1_416' title='bbox 2746 2341 2946 2411; x_wconf 77' lang='grc' dir='ltr'>ἥττησε</span> <span class='ocrx_word' id='word_1_417' title='bbox 2978 2341 3140 2417; x_wconf 70' lang='grc' dir='ltr'>ῥᾷστα</span> <span class='ocrx_word' id='word_1_418' title='bbox 3170 2336 3504 2416; x_wconf 75' lang='grc' dir='ltr'>Βαρϐάρους.</span> 
     </span>
    </p>
   </div>
   <div class='ocr_carea' id='block_1_84' title="bbox 2398 2426 3519 2505">
    <p class='ocr_par' dir='ltr' id='par_1_84' title="bbox 2398 2426 3519 2505">
     <span class='ocr_line' id='line_1_84' title="bbox 2398 2426 3519 2505; baseline -0.004 -20"><span class='ocrx_word' id='word_1_419' title='bbox 2398 2430 2545 2486; x_wconf 82' lang='grc' dir='ltr'>Κατὰ</span> <span class='ocrx_word' id='word_1_420' title='bbox 2577 2429 2757 2505; x_wconf 77' lang='grc' dir='ltr'>βραχὺ</span> <span class='ocrx_word' id='word_1_421' title='bbox 2789 2426 2846 2483; x_wconf 69' lang='grc' dir='ltr'>δὲ</span> <span class='ocrx_word' id='word_1_422' title='bbox 2877 2429 3197 2501; x_wconf 85' lang='grc' dir='ltr'>συμπροϊὼν</span> <span class='ocrx_word' id='word_1_423' title='bbox 3225 2429 3314 2482; x_wconf 80' lang='grc' dir='ltr'>καὶ</span> <span class='ocrx_word' id='word_1_424' title='bbox 3351 2426 3519 2503; x_wconf 86' lang='grc' dir='ltr'>βάδην</span> 
     </span>
    </p>
   </div>
   <div class='ocr_carea' id='block_1_85' title="bbox 2396 2516 3685 2591">
    <p class='ocr_par' dir='ltr' id='par_1_85' title="bbox 2396 2516 3685 2591">
     <span class='ocr_line' id='line_1_85' title="bbox 2396 2516 3685 2591; baseline -0.005 -15"><span class='ocrx_word' id='word_1_425' title='bbox 2396 2523 2506 2576; x_wconf 81' lang='grc' dir='ltr'>Νῦν</span> <span class='ocrx_word' id='word_1_426' title='bbox 2544 2520 2637 2590; x_wconf 81' lang='grc' dir='ltr'>μὲν</span> <span class='ocrx_word' id='word_1_427' title='bbox 2670 2518 2825 2590; x_wconf 89' lang='grc' dir='ltr'>νόμῳ</span> <span class='ocrx_word' id='word_1_428' title='bbox 2860 2516 3045 2591; x_wconf 82' lang='grc' dir='ltr'>μάχης</span> <span class='ocrx_word' id='word_1_429' title='bbox 3072 2537 3130 2571; x_wconf 85' lang='grc' dir='ltr'>τε</span> <span class='ocrx_word' id='word_1_430' title='bbox 3158 2518 3246 2571; x_wconf 87' lang='grc' dir='ltr'>καὶ</span> <span class='ocrx_word' id='word_1_431' title='bbox 3270 2518 3387 2589; x_wconf 88' lang='grc' dir='ltr'>μεθ’</span> <span class='ocrx_word' id='word_1_432' title='bbox 3419 2516 3685 2590; x_wconf 76' lang='grc' dir='ltr'>αἱμάτων,</span> 
     </span>
    </p>
   </div>
   <div class='ocr_carea' id='block_1_86' title="bbox 2401 2603 3447 2681">
    <p class='ocr_par' dir='ltr' id='par_1_86' title="bbox 2401 2603 3447 2681">
     <span class='ocr_line' id='line_1_86' title="bbox 2401 2603 3447 2681; baseline -0.002 -20"><span class='ocrx_word' id='word_1_433' title='bbox 2401 2609 2659 2681; x_wconf 87' lang='grc' dir='ltr'>Ἐνιαχοῦ</span> <span class='ocrx_word' id='word_1_434' title='bbox 2690 2604 2746 2660; x_wconf 75' lang='grc' dir='ltr'>δὲ</span> <span class='ocrx_word' id='word_1_435' title='bbox 2774 2605 2863 2660; x_wconf 85' lang='grc' dir='ltr'>καὶ</span> <span class='ocrx_word' id='word_1_436' title='bbox 2900 2606 3088 2680; x_wconf 85' lang='grc' dir='ltr'>μάχης</span> <span class='ocrx_word' id='word_1_437' title='bbox 3118 2604 3280 2661; x_wconf 88' lang='grc' dir='ltr'>πάλιν</span> <span class='ocrx_word' id='word_1_438' title='bbox 3314 2603 3447 2679; x_wconf 86' lang='grc' dir='ltr'>δίχα</span> 
     </span>
    </p>
   </div>
   <div class='ocr_carea' id='block_1_87' title="bbox 2222 2694 3596 2769">
    <p class='ocr_par' dir='ltr' id='par_1_87' title="bbox 2222 2694 3596 2769">
     <span class='ocr_line' id='line_1_87' title="bbox 2222 2694 3596 2769; baseline -0.003 -18"><span class='ocrx_word' id='word_1_439' title='bbox 2222 2697 2365 2751; x_wconf 88' lang='grc'>4545</span> <span class='ocrx_word' id='word_1_440' title='bbox 2402 2694 2774 2769; x_wconf 85' lang='grc' dir='ltr'>Τρισάσμενος</span> <span class='ocrx_word' id='word_1_441' title='bbox 2808 2695 3041 2767; x_wconf 87' lang='grc' dir='ltr'>μέμικτο</span> <span class='ocrx_word' id='word_1_442' title='bbox 3071 2698 3186 2755; x_wconf 90' lang='grc' dir='ltr'>τοῖς</span> <span class='ocrx_word' id='word_1_443' title='bbox 3215 2694 3596 2767; x_wconf 84' lang='grc' dir='ltr'>ποθουμένοις,</span> 
     </span>
    </p>
   </div>
   <div class='ocr_carea' id='block_1_88' title="bbox 2400 2779 3574 2858">
    <p class='ocr_par' dir='ltr' id='par_1_88' title="bbox 2400 2779 3574 2858">
     <span class='ocr_line' id='line_1_88' title="bbox 2400 2779 3574 2858; baseline -0.003 -19"><span class='ocrx_word' id='word_1_444' title='bbox 2400 2783 2475 2841; x_wconf 81' lang='grc' dir='ltr'>Οὐ</span> <span class='ocrx_word' id='word_1_445' title='bbox 2511 2783 2723 2857; x_wconf 80' lang='grc' dir='ltr'>μᾶλλον</span> <span class='ocrx_word' id='word_1_446' title='bbox 2756 2782 2931 2837; x_wconf 76' lang='grc' dir='ltr'>αύτῶν</span> <span class='ocrx_word' id='word_1_447' title='bbox 2964 2779 3379 2858; x_wconf 87' lang='grc' dir='ltr'>δυσχεραίνουσι</span> <span class='ocrx_word' id='word_1_448' title='bbox 3414 2782 3574 2857; x_wconf 89' lang='grc' dir='ltr'>χάριν</span> 
     </span>
    </p>
   </div>
   <div class='ocr_carea' id='block_1_89' title="bbox 2399 2869 3597 2947">
    <p class='ocr_par' dir='ltr' id='par_1_89' title="bbox 2399 2869 3597 2947">
     <span class='ocr_line' id='line_1_89' title="bbox 2399 2869 3597 2947; baseline -0.004 -18"><span class='ocrx_word' id='word_1_449' title='bbox 2399 2874 2571 2947; x_wconf 90' lang='grc' dir='ltr'>Ἥπερ</span> <span class='ocrx_word' id='word_1_450' title='bbox 2604 2869 2672 2925; x_wconf 85' lang='grc' dir='ltr'>δι’</span> <span class='ocrx_word' id='word_1_451' title='bbox 2703 2870 2862 2925; x_wconf 83' lang='grc' dir='ltr'>αὐτὸν</span> <span class='ocrx_word' id='word_1_452' title='bbox 2901 2873 2976 2942; x_wconf 81' lang='grc' dir='ltr'>μὴ</span> <span class='ocrx_word' id='word_1_453' title='bbox 3008 2871 3250 2945; x_wconf 88' lang='grc' dir='ltr'>παρόντα</span> <span class='ocrx_word' id='word_1_454' title='bbox 3272 2876 3393 2932; x_wconf 88' lang='grc' dir='ltr'>ταῖς</span> <span class='ocrx_word' id='word_1_455' title='bbox 3428 2870 3597 2938; x_wconf 68' lang='grc' dir='ltr'>ἴλαις,</span> 
     </span>
    </p>
   </div>
   <div class='ocr_carea' id='block_1_90' title="bbox 2400 2956 3379 3035">
    <p class='ocr_par' dir='ltr' id='par_1_90' title="bbox 2400 2956 3379 3035">
     <span class='ocr_line' id='line_1_90' title="bbox 2400 2956 3379 3035; baseline -0.002 -18"><span class='ocrx_word' id='word_1_456' title='bbox 2400 2963 2699 3035; x_wconf 90' lang='grc' dir='ltr'>Ἀγωνιῶσι</span> <span class='ocrx_word' id='word_1_457' title='bbox 2729 2960 2819 3013; x_wconf 85' lang='grc' dir='ltr'>καὶ</span> <span class='ocrx_word' id='word_1_458' title='bbox 2853 2956 3120 3014; x_wconf 82' lang='grc' dir='ltr'>δεδοικόσι</span> <span class='ocrx_word' id='word_1_459' title='bbox 3152 2956 3379 3035; x_wconf 73' lang='grc' dir='ltr'>σφόδρα.</span> 
     </span>
    </p>
   </div>
   <div class='ocr_carea' id='block_1_91' title="bbox 2400 3044 3651 3123">
    <p class='ocr_par' dir='ltr' id='par_1_91' title="bbox 2400 3044 3651 3123">
     <span class='ocr_line' id='line_1_91' title="bbox 2400 3044 3651 3123; baseline 0 -22"><span class='ocrx_word' id='word_1_460' title='bbox 2400 3050 2586 3118; x_wconf 85' lang='grc' dir='ltr'>Μήπω</span> <span class='ocrx_word' id='word_1_461' title='bbox 2617 3044 2675 3101; x_wconf 72' lang='grc' dir='ltr'>δὲ</span> <span class='ocrx_word' id='word_1_462' title='bbox 2702 3051 2818 3108; x_wconf 90' lang='grc' dir='ltr'>τοῖς</span> <span class='ocrx_word' id='word_1_463' title='bbox 2848 3048 3082 3122; x_wconf 85' lang='grc' dir='ltr'>τάγμασι</span> <span class='ocrx_word' id='word_1_464' title='bbox 3113 3046 3380 3120; x_wconf 77' lang='grc' dir='ltr'>συμμίξας</span> <span class='ocrx_word' id='word_1_465' title='bbox 3414 3047 3651 3123; x_wconf 88' lang='grc' dir='ltr'>κράτωρ,</span> 
     </span>
    </p>
   </div>
   <div class='ocr_carea' id='block_1_92' title="bbox 2224 3142 3568 3219">
    <p class='ocr_par' dir='ltr' id='par_1_92' title="bbox 2224 3142 3568 3219">
     <span class='ocr_line' id='line_1_92' title="bbox 2224 3142 3568 3219; baseline -0.005 -15"><span class='ocrx_word' id='word_1_466' title='bbox 2224 3148 2365 3203; x_wconf 87' lang='grc'>4550</span> <span class='ocrx_word' id='word_1_467' title='bbox 2402 3143 2561 3201; x_wconf 81' lang='grc' dir='ltr'>Ἀλλ’</span> <span class='ocrx_word' id='word_1_468' title='bbox 2588 3143 2639 3198; x_wconf 80' lang='grc' dir='ltr'>ἐν</span> <span class='ocrx_word' id='word_1_469' title='bbox 2672 3142 3034 3219; x_wconf 80' lang='grc' dir='ltr'>παραῤῥέοντι</span> <span class='ocrx_word' id='word_1_470' title='bbox 3064 3142 3355 3219; x_wconf 69' lang='grc' dir='ltr'>χειμάρρῳ</span> <span class='ocrx_word' id='word_1_471' title='bbox 3385 3142 3568 3198; x_wconf 81' lang='grc' dir='ltr'>πέλων</span> 
     </span>
    </p>
   </div>
   <div class='ocr_carea' id='block_1_93' title="bbox 2402 3230 3408 3306">
    <p class='ocr_par' dir='ltr' id='par_1_93' title="bbox 2402 3230 3408 3306">
     <span class='ocr_line' id='line_1_93' title="bbox 2402 3230 3408 3306; baseline -0.004 -17"><span class='ocrx_word' id='word_1_472' title='bbox 2402 3236 2548 3289; x_wconf 87' lang='grc' dir='ltr'>Πιεῖν</span> <span class='ocrx_word' id='word_1_473' title='bbox 2582 3230 2726 3306; x_wconf 76' lang='grc' dir='ltr'>ὕδωρ</span> <span class='ocrx_word' id='word_1_474' title='bbox 2755 3232 2926 3305; x_wconf 75' lang='grc' dir='ltr'>ᾕτησε</span> <span class='ocrx_word' id='word_1_475' title='bbox 2957 3230 3188 3305; x_wconf 77' lang='grc' dir='ltr'>διψήσας</span> <span class='ocrx_word' id='word_1_476' title='bbox 3221 3232 3361 3306; x_wconf 86' lang='grc' dir='ltr'>μέγα</span> <span class='ocrx_word' id='word_1_477' title='bbox 3396 3251 3408 3265; x_wconf 72' lang='grc'><strong>⁸</strong></span> 
     </span>
    </p>
   </div>
   <div class='ocr_carea' id='block_1_94' title="bbox 2394 3317 3612 3396">
    <p class='ocr_par' dir='ltr' id='par_1_94' title="bbox 2394 3317 3612 3396">
     <span class='ocr_line' id='line_1_94' title="bbox 2394 3317 3612 3396; baseline -0.004 -19"><span class='ocrx_word' id='word_1_478' title='bbox 2394 3321 2497 3378; x_wconf 77' lang='grc' dir='ltr'>Καί</span> <span class='ocrx_word' id='word_1_479' title='bbox 2528 3342 2608 3375; x_wconf 83' lang='grc' dir='ltr'>τις</span> <span class='ocrx_word' id='word_1_480' title='bbox 2638 3317 2783 3395; x_wconf 77' lang='grc' dir='ltr'>ὕδωρ</span> <span class='ocrx_word' id='word_1_481' title='bbox 2814 3319 3034 3396; x_wconf 75' lang='grc' dir='ltr'>ἤνεγκεν</span> <span class='ocrx_word' id='word_1_482' title='bbox 3063 3318 3210 3391; x_wconf 81' lang='grc' dir='ltr'>αὐτῷ</span> <span class='ocrx_word' id='word_1_483' title='bbox 3240 3320 3375 3392; x_wconf 88' lang='grc' dir='ltr'>πρὸς</span> <span class='ocrx_word' id='word_1_484' title='bbox 3406 3318 3561 3373; x_wconf 89' lang='grc' dir='ltr'>πόσιν</span> <span class='ocrx_word' id='word_1_485' title='bbox 3597 3338 3612 3352; x_wconf 88' lang='grc'><strong>·</strong></span> 
     </span>
    </p>
   </div>
   <div class='ocr_carea' id='block_1_95' title="bbox 2398 3405 3573 3482">
    <p class='ocr_par' dir='ltr' id='par_1_95' title="bbox 2398 3405 3573 3482">
     <span class='ocr_line' id='line_1_95' title="bbox 2398 3405 3573 3482; baseline -0.002 -18"><span class='ocrx_word' id='word_1_486' title='bbox 2398 3411 2618 3471; x_wconf 89' lang='grc' dir='ltr'>Σπάσας</span> <span class='ocrx_word' id='word_1_487' title='bbox 2649 3405 2706 3463; x_wconf 79' lang='grc' dir='ltr'>δὲ</span> <span class='ocrx_word' id='word_1_488' title='bbox 2728 3405 2887 3463; x_wconf 79' lang='grc' dir='ltr'>τοῦδε</span> <span class='ocrx_word' id='word_1_489' title='bbox 2915 3408 3004 3462; x_wconf 80' lang='grc' dir='ltr'>καὶ</span> <span class='ocrx_word' id='word_1_490' title='bbox 3037 3406 3370 3482; x_wconf 76' lang='grc' dir='ltr'>περικλύσας</span> <span class='ocrx_word' id='word_1_491' title='bbox 3400 3406 3573 3479; x_wconf 79' lang='grc' dir='ltr'>στόμα</span> 
     </span>
    </p>
   </div>
   <div class='ocr_carea' id='block_1_96' title="bbox 2144 3194 2186 3260">
    <p class='ocr_par' dir='ltr' id='par_1_96' title="bbox 2144 3194 2186 3260">
     <span class='ocr_line' id='line_1_96' title="bbox 2144 3194 2186 3260; baseline 0 0"><span class='ocrx_word' id='word_1_492' title='bbox 2144 3194 2186 3260; x_wconf 89' lang='lat' dir='ltr'><strong><em>C</em></strong></span> 
     </span>
    </p>
   </div>
   <div class='ocr_carea' id='block_1_97' title="bbox 2395 3494 3608 3571">
    <p class='ocr_par' dir='ltr' id='par_1_97' title="bbox 2395 3494 3608 3571">
     <span class='ocr_line' id='line_1_97' title="bbox 2395 3494 3608 3571; baseline -0.004 -17"><span class='ocrx_word' id='word_1_493' title='bbox 2395 3499 2470 3555; x_wconf 86' lang='grc' dir='ltr'>Τὸ</span> <span class='ocrx_word' id='word_1_494' title='bbox 2502 3498 2696 3554; x_wconf 88' lang='grc' dir='ltr'>λοιπὸν</span> <span class='ocrx_word' id='word_1_495' title='bbox 2730 3497 2789 3552; x_wconf 78' lang='grc' dir='ltr'>ἐκ</span> <span class='ocrx_word' id='word_1_496' title='bbox 2818 3496 3088 3570; x_wconf 88' lang='grc' dir='ltr'>στόματος</span> <span class='ocrx_word' id='word_1_497' title='bbox 3120 3496 3275 3571; x_wconf 81' lang='grc' dir='ltr'>έκχεῖ</span> <span class='ocrx_word' id='word_1_498' title='bbox 3304 3495 3397 3550; x_wconf 82' lang='grc' dir='ltr'>σὺν</span> <span class='ocrx_word' id='word_1_499' title='bbox 3426 3494 3608 3571; x_wconf 86' lang='grc' dir='ltr'>τάχει,</span> 
     </span>
    </p>
   </div>
   <div class='ocr_carea' id='block_1_98' title="bbox 2224 3583 3528 3657">
    <p class='ocr_par' dir='ltr' id='par_1_98' title="bbox 2224 3583 3528 3657">
     <span class='ocr_line' id='line_1_98' title="bbox 2224 3583 3528 3657; baseline -0.004 -13"><span class='ocrx_word' id='word_1_500' title='bbox 2224 3590 2363 3644; x_wconf 84' lang='grc'>4555</span> <span class='ocrx_word' id='word_1_501' title='bbox 2399 3588 2486 3649; x_wconf 77' lang='grc' dir='ltr'>Ὠς</span> <span class='ocrx_word' id='word_1_502' title='bbox 2515 3591 2613 3641; x_wconf 77' lang='grc' dir='ltr'>τοῦ</span> <span class='ocrx_word' id='word_1_503' title='bbox 2645 3587 2905 3649; x_wconf 87' lang='grc' dir='ltr'>ποθέντος</span> <span class='ocrx_word' id='word_1_504' title='bbox 2942 3586 3018 3657; x_wconf 81' lang='grc' dir='ltr'>μὴ</span> <span class='ocrx_word' id='word_1_505' title='bbox 3048 3583 3528 3655; x_wconf 82' lang='grc' dir='ltr'>κατωλισθηκότος</span> 
     </span>
    </p>
   </div>
   <div class='ocr_carea' id='block_1_99' title="bbox 2394 3671 3491 3752">
    <p class='ocr_par' dir='ltr' id='par_1_99' title="bbox 2394 3671 3491 3752">
     <span class='ocr_line' id='line_1_99' title="bbox 2394 3671 3491 3752; baseline -0.001 -23"><span class='ocrx_word' id='word_1_506' title='bbox 2394 3677 2471 3729; x_wconf 85' lang='grc' dir='ltr'>Δι’</span> <span class='ocrx_word' id='word_1_507' title='bbox 2504 3674 2798 3752; x_wconf 73' lang='grc' dir='ltr'>οῗσοφάγου</span> <span class='ocrx_word' id='word_1_508' title='bbox 2823 3674 2959 3748; x_wconf 83' lang='grc' dir='ltr'>πρὸς</span> <span class='ocrx_word' id='word_1_509' title='bbox 2985 3674 3051 3727; x_wconf 80' lang='grc' dir='ltr'>τὰ</span> <span class='ocrx_word' id='word_1_510' title='bbox 3081 3674 3228 3727; x_wconf 87' lang='grc' dir='ltr'>κάτω</span> <span class='ocrx_word' id='word_1_511' title='bbox 3253 3671 3491 3734; x_wconf 83' lang='grc' dir='ltr'>κοιλίας.</span> 
     </span>
    </p>
   </div>
   <div class='ocr_carea' id='block_1_100' title="bbox 2396 3758 3604 3839">
    <p class='ocr_par' dir='ltr' id='par_1_100' title="bbox 2396 3758 3604 3839">
     <span class='ocr_line' id='line_1_100' title="bbox 2396 3758 3604 3839; baseline -0.005 -18"><span class='ocrx_word' id='word_1_512' title='bbox 2396 3764 2527 3821; x_wconf 80' lang='grc' dir='ltr'>Εἶτα</span> <span class='ocrx_word' id='word_1_513' title='bbox 2556 3764 2721 3819; x_wconf 83' lang='grc' dir='ltr'>ποτὸν</span> <span class='ocrx_word' id='word_1_514' title='bbox 2749 3763 2909 3839; x_wconf 77' lang='grc' dir='ltr'>γνοὺς</span> <span class='ocrx_word' id='word_1_515' title='bbox 2940 3762 3389 3839; x_wconf 74' lang='grc' dir='ltr'>συμπεφυρμένον</span> <span class='ocrx_word' id='word_1_516' title='bbox 3418 3758 3604 3837; x_wconf 84' lang='grc' dir='ltr'>λύθρῳ</span> 
     </span>
    </p>
   </div>
   <div class='ocr_carea' id='block_1_101' title="bbox 2396 3849 3499 3929">
    <p class='ocr_par' dir='ltr' id='par_1_101' title="bbox 2396 3849 3499 3929">
     <span class='ocr_line' id='line_1_101' title="bbox 2396 3849 3499 3929; baseline -0.004 -21"><span class='ocrx_word' id='word_1_517' title='bbox 2396 3853 2664 3929; x_wconf 82' lang='grc' dir='ltr'>ᾯμωξεν,</span> <span class='ocrx_word' id='word_1_518' title='bbox 2697 3851 2861 3907; x_wconf 73' lang='grc' dir='ltr'>εἰπὼν</span> <span class='ocrx_word' id='word_1_519' title='bbox 2896 3850 2956 3906; x_wconf 81' lang='grc' dir='ltr'>οὗ</span> <span class='ocrx_word' id='word_1_520' title='bbox 2987 3849 3171 3912; x_wconf 87' lang='grc' dir='ltr'>καλῶς</span> <span class='ocrx_word' id='word_1_521' title='bbox 3198 3849 3499 3926; x_wconf 84' lang='grc' dir='ltr'>γεγευκέναι</span> 
     </span>
    </p>
   </div>
   <div class='ocr_carea' id='block_1_102' title="bbox 2395 3937 3471 4017">
    <p class='ocr_par' dir='ltr' id='par_1_102' title="bbox 2395 3937 3471 4017">
     <span class='ocr_line' id='line_1_102' title="bbox 2395 3937 3471 4017; baseline -0.003 -22"><span class='ocrx_word' id='word_1_522' title='bbox 2395 3938 2800 4017; x_wconf 81' lang='grc' dir='ltr'>Ὑδατοφύρτων</span> <span class='ocrx_word' id='word_1_523' title='bbox 2834 3944 3169 4015; x_wconf 80' lang='grc' dir='ltr'>Χριστιανῶν</span> <span class='ocrx_word' id='word_1_524' title='bbox 3205 3937 3471 4010; x_wconf 72' lang='grc' dir='ltr'>αἱμάτων.</span> 
     </span>
    </p>
   </div>
   <div class='ocr_carea' id='block_1_103' title="bbox 2220 4025 3539 4103">
    <p class='ocr_par' dir='ltr' id='par_1_103' title="bbox 2220 4025 3539 4103">
     <span class='ocr_line' id='line_1_103' title="bbox 2220 4025 3539 4103; baseline -0.006 -16"><span class='ocrx_word' id='word_1_525' title='bbox 2220 4032 2360 4087; x_wconf 76' lang='grc'>4560</span> <span class='ocrx_word' id='word_1_526' title='bbox 2398 4028 2500 4085; x_wconf 81' lang='grc' dir='ltr'>Καί</span> <span class='ocrx_word' id='word_1_527' title='bbox 2527 4050 2611 4091; x_wconf 88' lang='grc' dir='ltr'>τις</span> <span class='ocrx_word' id='word_1_528' title='bbox 2640 4028 2918 4103; x_wconf 85' lang='grc' dir='ltr'>παρεστὼς</span> <span class='ocrx_word' id='word_1_529' title='bbox 2950 4027 3143 4099; x_wconf 69' lang='grc' dir='ltr'>ἰταμὸς</span> <span class='ocrx_word' id='word_1_530' title='bbox 3172 4025 3369 4100; x_wconf 82' lang='grc' dir='ltr'>θρασὺς</span> <span class='ocrx_word' id='word_1_531' title='bbox 3397 4025 3539 4094; x_wconf 90' lang='grc' dir='ltr'>τότε,</span> 
     </span>
    </p>
   </div>
   <div class='ocr_carea' id='block_1_104' title="bbox 2394 4111 3657 4192">
    <p class='ocr_par' dir='ltr' id='par_1_104' title="bbox 2394 4111 3657 4192">
     <span class='ocr_line' id='line_1_104' title="bbox 2394 4111 3657 4192; baseline -0.005 -19"><span class='ocrx_word' id='word_1_532' title='bbox 2394 4120 2509 4186; x_wconf 82' lang='grc' dir='ltr'>Τήν</span> <span class='ocrx_word' id='word_1_533' title='bbox 2540 4115 2790 4192; x_wconf 88' lang='grc' dir='ltr'>γλῶτταν</span> <span class='ocrx_word' id='word_1_534' title='bbox 2823 4114 3147 4183; x_wconf 82' lang='grc' dir='ltr'>ἀκόλαστος,</span> <span class='ocrx_word' id='word_1_535' title='bbox 3178 4111 3425 4183; x_wconf 77' lang='grc' dir='ltr'>ἀναιδὴς,</span> <span class='ocrx_word' id='word_1_536' title='bbox 3461 4112 3657 4183; x_wconf 89' lang='grc' dir='ltr'>λάλος,</span> 
     </span>
    </p>
   </div>
   <div class='ocr_carea' id='block_1_105' title="bbox 2398 4201 3439 4277">
    <p class='ocr_par' dir='ltr' id='par_1_105' title="bbox 2398 4201 3439 4277">
     <span class='ocr_line' id='line_1_105' title="bbox 2398 4201 3439 4277; baseline -0.005 -17"><span class='ocrx_word' id='word_1_537' title='bbox 2398 4206 2549 4262; x_wconf 80' lang='grc' dir='ltr'>Κατὰ</span> <span class='ocrx_word' id='word_1_538' title='bbox 2581 4203 2772 4276; x_wconf 79' lang='grc' dir='ltr'>Σεμεεὶ</span> <span class='ocrx_word' id='word_1_539' title='bbox 2805 4201 3078 4277; x_wconf 88' lang='grc' dir='ltr'>λοιδορεῖν</span> <span class='ocrx_word' id='word_1_540' title='bbox 3113 4201 3439 4274; x_wconf 86' lang='grc' dir='ltr'>εἰθισμένος,</span> 
     </span>
    </p>
   </div>
   <div class='ocr_carea' id='block_1_106' title="bbox 2397 4289 3534 4368">
    <p class='ocr_par' dir='ltr' id='par_1_106' title="bbox 2397 4289 3534 4368">
     <span class='ocr_line' id='line_1_106' title="bbox 2397 4289 3534 4368; baseline -0.006 -18"><span class='ocrx_word' id='word_1_541' title='bbox 2397 4297 2614 4368; x_wconf 84' lang='grc' dir='ltr'>Χριστῷ</span> <span class='ocrx_word' id='word_1_542' title='bbox 2643 4291 2845 4366; x_wconf 79' lang='grc' dir='ltr'>Κυρίου</span> <span class='ocrx_word' id='word_1_543' title='bbox 2876 4289 3305 4365; x_wconf 88' lang='grc' dir='ltr'>λοιδορούμενος</span> <span class='ocrx_word' id='word_1_544' title='bbox 3336 4290 3483 4365; x_wconf 83' lang='grc' dir='ltr'>λέγει</span> <span class='ocrx_word' id='word_1_545' title='bbox 3518 4305 3534 4322; x_wconf 80' lang='lat'>&#39;</span> 
     </span>
    </p>
   </div>
   <div class='ocr_carea' id='block_1_107' title="bbox 2396 4376 3621 4456">
    <p class='ocr_par' dir='ltr' id='par_1_107' title="bbox 2396 4376 3621 4456">
     <span class='ocr_line' id='line_1_107' title="bbox 2396 4376 3621 4456; baseline -0.005 -19"><span class='ocrx_word' id='word_1_546' title='bbox 2396 4383 2507 4438; x_wconf 81' lang='grc' dir='ltr'>Οὒκ</span> <span class='ocrx_word' id='word_1_547' title='bbox 2536 4384 2654 4456; x_wconf 80' lang='grc' dir='ltr'>ἄρτι</span> <span class='ocrx_word' id='word_1_548' title='bbox 2686 4381 2938 4453; x_wconf 84' lang='grc' dir='ltr'>πρώτως,</span> <span class='ocrx_word' id='word_1_549' title='bbox 2971 4377 3116 4435; x_wconf 78' lang='grc' dir='ltr'>ἀλλὰ</span> <span class='ocrx_word' id='word_1_550' title='bbox 3144 4376 3441 4447; x_wconf 78' lang='grc' dir='ltr'>πολλάκις,</span> <span class='ocrx_word' id='word_1_551' title='bbox 3474 4376 3621 4447; x_wconf 77' lang='grc' dir='ltr'>ἄναξ,</span> 
     </span>
    </p>
   </div>
   <div class='ocr_carea' id='block_1_108' title="bbox 2222 4475 3514 4555">
    <p class='ocr_par' dir='ltr' id='par_1_108' title="bbox 2222 4475 3514 4555">
     <span class='ocr_line' id='line_1_108' title="bbox 2222 4475 3514 4555; baseline -0.007 -16"><span class='ocrx_word' id='word_1_552' title='bbox 2222 4484 2362 4539; x_wconf 81' lang='grc'>4565</span> <span class='ocrx_word' id='word_1_553' title='bbox 2401 4478 2596 4555; x_wconf 87' lang='grc' dir='ltr'>Πλήρη</span> <span class='ocrx_word' id='word_1_554' title='bbox 2627 4480 2873 4553; x_wconf 73' lang='grc' dir='ltr'>κρατῆρα</span> <span class='ocrx_word' id='word_1_555' title='bbox 2903 4480 3238 4552; x_wconf 77' lang='grc' dir='ltr'>Χριστιανῶν</span> <span class='ocrx_word' id='word_1_556' title='bbox 3270 4475 3514 4547; x_wconf 76' lang='grc' dir='ltr'>αἱμάτων</span> 
     </span>
    </p>
   </div>
   <div class='ocr_carea' id='block_1_109' title="bbox 2148 4547 3488 4638">
    <p class='ocr_par' dir='ltr' id='par_1_109' title="bbox 2148 4547 3488 4638">
     <span class='ocr_line' id='line_1_109' title="bbox 2148 4547 3488 4638; baseline -0.005 -14"><span class='ocrx_word' id='word_1_557' title='bbox 2148 4547 2191 4610; x_wconf 83' lang='lat' dir='ltr'>D</span> <span class='ocrx_word' id='word_1_558' title='bbox 2400 4569 2666 4638; x_wconf 81' lang='grc' dir='ltr'>Ὑπήκοον</span> <span class='ocrx_word' id='word_1_559' title='bbox 2699 4571 2803 4620; x_wconf 79' lang='grc' dir='ltr'>πᾶν</span> <span class='ocrx_word' id='word_1_560' title='bbox 2834 4565 3239 4638; x_wconf 77' lang='grc' dir='ltr'>καλαμώμενος</span> <span class='ocrx_word' id='word_1_561' title='bbox 3271 4564 3441 4625; x_wconf 82' lang='grc' dir='ltr'>πίνεις</span> <span class='ocrx_word' id='word_1_562' title='bbox 3475 4583 3488 4597; x_wconf 78' lang='grc' dir='ltr'><strong>ο</strong></span> 
     </span>
    </p>
   </div>
   <div class='ocr_carea' id='block_1_110' title="bbox 2402 4647 3627 4729">
    <p class='ocr_par' dir='ltr' id='par_1_110' title="bbox 2402 4647 3627 4729">
     <span class='ocr_line' id='line_1_110' title="bbox 2402 4647 3627 4729; baseline -0.007 -18"><span class='ocrx_word' id='word_1_563' title='bbox 2402 4658 2470 4711; x_wconf 88' lang='grc' dir='ltr'><strong>Ἢ</strong></span> <span class='ocrx_word' id='word_1_564' title='bbox 2498 4656 2587 4710; x_wconf 88' lang='grc' dir='ltr'>καὶ</span> <span class='ocrx_word' id='word_1_565' title='bbox 2618 4653 2905 4729; x_wconf 84' lang='grc' dir='ltr'>πεπείρους</span> <span class='ocrx_word' id='word_1_566' title='bbox 2934 4653 3070 4708; x_wconf 80' lang='grc' dir='ltr'>καθᾶ</span> <span class='ocrx_word' id='word_1_567' title='bbox 3095 4647 3399 4716; x_wconf 76' lang='grc' dir='ltr'>συνθλίϐων</span> <span class='ocrx_word' id='word_1_568' title='bbox 3433 4650 3627 4726; x_wconf 90' lang='grc' dir='ltr'>βότρυς</span> 
     </span>
    </p>
   </div>
   <div class='ocr_carea' id='block_1_111' title="bbox 2404 4738 3518 4820">
    <p class='ocr_par' dir='ltr' id='par_1_111' title="bbox 2404 4738 3518 4820">
     <span class='ocr_line' id='line_1_111' title="bbox 2404 4738 3518 4820; baseline -0.007 -20"><span class='ocrx_word' id='word_1_569' title='bbox 2404 4745 2724 4820; x_wconf 81' lang='grc' dir='ltr'>Εἷσπράξεσι</span> <span class='ocrx_word' id='word_1_570' title='bbox 2749 4742 2927 4819; x_wconf 76' lang='grc' dir='ltr'>φόρων</span> <span class='ocrx_word' id='word_1_571' title='bbox 2958 4762 3018 4796; x_wconf 89' lang='grc' dir='ltr'>τε</span> <span class='ocrx_word' id='word_1_572' title='bbox 3036 4740 3125 4795; x_wconf 85' lang='grc' dir='ltr'>καὶ</span> <span class='ocrx_word' id='word_1_573' title='bbox 3154 4738 3326 4795; x_wconf 86' lang='grc' dir='ltr'>τελῶν</span> <span class='ocrx_word' id='word_1_574' title='bbox 3365 4739 3518 4815; x_wconf 90' lang='grc' dir='ltr'>βάρει</span> 
     </span>
    </p>
   </div>
   <div class='ocr_carea' id='block_1_112' title="bbox 2404 4828 3468 4908">
    <p class='ocr_par' dir='ltr' id='par_1_112' title="bbox 2404 4828 3468 4908">
     <span class='ocr_line' id='line_1_112' title="bbox 2404 4828 3468 4908; baseline -0.005 -19"><span class='ocrx_word' id='word_1_575' title='bbox 2404 4833 2643 4905; x_wconf 68' lang='grc' dir='ltr'>Αἵματος</span> <span class='ocrx_word' id='word_1_576' title='bbox 2672 4831 2848 4885; x_wconf 78' lang='grc' dir='ltr'>αὐτῶν</span> <span class='ocrx_word' id='word_1_577' title='bbox 2882 4828 3097 4908; x_wconf 77' lang='grc' dir='ltr'>ἐμφορῇ</span> <span class='ocrx_word' id='word_1_578' title='bbox 3129 4829 3468 4903; x_wconf 86' lang='grc' dir='ltr'>κατακόρως.</span> 
     </span>
    </p>
   </div>
   <div class='ocr_carea' id='block_1_113' title="bbox 2228 4916 3479 4995">
    <p class='ocr_par' dir='ltr' id='par_1_113' title="bbox 2228 4916 3479 4995">
     <span class='ocr_line' id='line_1_113' title="bbox 2228 4916 3479 4995; baseline -0.01 -14"><span class='ocrx_word' id='word_1_579' title='bbox 2228 4926 2365 4981; x_wconf 88' lang='grc'>4570</span> <span class='ocrx_word' id='word_1_580' title='bbox 2401 4924 2462 4979; x_wconf 76' lang='grc' dir='ltr'><strong>Ὀ</strong></span> <span class='ocrx_word' id='word_1_581' title='bbox 2494 4920 2540 4975; x_wconf 87' lang='grc' dir='ltr'>δ’</span> <span class='ocrx_word' id='word_1_582' title='bbox 2570 4922 2794 4995; x_wconf 80' lang='grc' dir='ltr'>ἡμέρως</span> <span class='ocrx_word' id='word_1_583' title='bbox 2821 4916 3019 4993; x_wconf 78' lang='grc' dir='ltr'>ἤνεγκε</span> <span class='ocrx_word' id='word_1_584' title='bbox 3046 4919 3144 4987; x_wconf 75' lang='grc' dir='ltr'>τὴν</span> <span class='ocrx_word' id='word_1_585' title='bbox 3174 4917 3479 4991; x_wconf 86' lang='grc' dir='ltr'>παροινίαν,</span> 
     </span>
    </p>
   </div>
   <div class='ocr_carea' id='block_1_114' title="bbox 2405 5002 3442 5082">
    <p class='ocr_par' dir='ltr' id='par_1_114' title="bbox 2405 5002 3442 5082">
     <span class='ocr_line' id='line_1_114' title="bbox 2405 5002 3442 5082; baseline -0.007 -17"><span class='ocrx_word' id='word_1_586' title='bbox 2405 5010 2759 5079; x_wconf 78' lang='grc' dir='ltr'>Ἀνεξικάκως</span> <span class='ocrx_word' id='word_1_587' title='bbox 2788 5005 3120 5082; x_wconf 73' lang='grc' dir='ltr'>τονθορύσας</span> <span class='ocrx_word' id='word_1_588' title='bbox 3156 5002 3442 5078; x_wconf 87' lang='grc' dir='ltr'>μηδόλως,</span> 
     </span>
    </p>
   </div>
   <div class='ocr_carea' id='block_1_115' title="bbox 2402 5088 3558 5169">
    <p class='ocr_par' dir='ltr' id='par_1_115' title="bbox 2402 5088 3558 5169">
     <span class='ocr_line' id='line_1_115' title="bbox 2402 5088 3558 5169; baseline -0.005 -16"><span class='ocrx_word' id='word_1_589' title='bbox 2402 5095 2545 5168; x_wconf 82' lang='grc' dir='ltr'>Μηδ’</span> <span class='ocrx_word' id='word_1_590' title='bbox 2577 5098 2665 5151; x_wconf 85' lang='grc' dir='ltr'>ὑπ’</span> <span class='ocrx_word' id='word_1_591' title='bbox 2697 5093 2892 5150; x_wconf 80' lang='grc' dir='ltr'>ὀδόντα</span> <span class='ocrx_word' id='word_1_592' title='bbox 2916 5093 3113 5169; x_wconf 76' lang='grc' dir='ltr'>γρύξας</span> <span class='ocrx_word' id='word_1_593' title='bbox 3146 5095 3174 5148; x_wconf 85' lang='grc' dir='ltr'>ὁ</span> <span class='ocrx_word' id='word_1_594' title='bbox 3204 5091 3377 5166; x_wconf 77' lang='grc' dir='ltr'>πραῢς</span> <span class='ocrx_word' id='word_1_595' title='bbox 3410 5088 3558 5163; x_wconf 77' lang='grc' dir='ltr'>ἅναξ.</span> 
     </span>
    </p>
   </div>
   <div class='ocr_carea' id='block_1_116' title="bbox 2403 5180 3565 5256">
    <p class='ocr_par' dir='ltr' id='par_1_116' title="bbox 2403 5180 3565 5256">
     <span class='ocr_line' id='line_1_116' title="bbox 2403 5180 3565 5256; baseline -0.006 -17"><span class='ocrx_word' id='word_1_596' title='bbox 2403 5186 2502 5243; x_wconf 90' lang='grc' dir='ltr'>Καὶ</span> <span class='ocrx_word' id='word_1_597' title='bbox 2537 5183 2702 5239; x_wconf 85' lang='grc' dir='ltr'>πάλιν</span> <span class='ocrx_word' id='word_1_598' title='bbox 2733 5182 2897 5237; x_wconf 76' lang='grc' dir='ltr'>αὐτοῦ</span> <span class='ocrx_word' id='word_1_599' title='bbox 2926 5183 3268 5256; x_wconf 83' lang='grc' dir='ltr'>καθορῶντος</span> <span class='ocrx_word' id='word_1_600' title='bbox 3295 5180 3565 5243; x_wconf 86' lang='grc' dir='ltr'>θυλάκους</span> 
     </span>
    </p>
   </div>
   <div class='ocr_carea' id='block_1_117' title="bbox 2401 5267 3632 5348">
    <p class='ocr_par' dir='ltr' id='par_1_117' title="bbox 2401 5267 3632 5348">
     <span class='ocr_line' id='line_1_117' title="bbox 2401 5267 3632 5348; baseline -0.009 -19"><span class='ocrx_word' id='word_1_601' title='bbox 2401 5271 2542 5335; x_wconf 73' lang='grc' dir='ltr'>Τοὺς</span> <span class='ocrx_word' id='word_1_602' title='bbox 2563 5276 2659 5326; x_wconf 79' lang='grc' dir='ltr'>τοῦ</span> <span class='ocrx_word' id='word_1_603' title='bbox 2689 5275 2895 5345; x_wconf 78' lang='grc' dir='ltr'>χρυσοῦ</span> <span class='ocrx_word' id='word_1_604' title='bbox 2925 5269 3169 5348; x_wconf 77' lang='grc' dir='ltr'>φύλακας</span> <span class='ocrx_word' id='word_1_605' title='bbox 3200 5267 3632 5344; x_wconf 78' lang='grc' dir='ltr'>ἐκρηγνυμένους</span> 
     </span>
    </p>
   </div>
   <div class='ocr_carea' id='block_1_118' title="bbox 2226 5350 3623 5435">
    <p class='ocr_par' dir='ltr' id='par_1_118' title="bbox 2226 5350 3623 5435">
     <span class='ocr_line' id='line_1_118' title="bbox 2226 5350 3623 5435; baseline -0.011 -13"><span class='ocrx_word' id='word_1_606' title='bbox 2226 5367 2367 5422; x_wconf 84' lang='grc'>4575</span> <span class='ocrx_word' id='word_1_607' title='bbox 2404 5365 2501 5419; x_wconf 88' lang='grc' dir='ltr'>Ἐκ</span> <span class='ocrx_word' id='word_1_608' title='bbox 2529 5358 2861 5435; x_wconf 82' lang='grc' dir='ltr'>θρασύτητος</span> <span class='ocrx_word' id='word_1_609' title='bbox 2892 5359 2982 5413; x_wconf 80' lang='grc' dir='ltr'>καὶ</span> <span class='ocrx_word' id='word_1_610' title='bbox 3019 5357 3137 5433; x_wconf 82' lang='grc' dir='ltr'>βίας</span> <span class='ocrx_word' id='word_1_611' title='bbox 3161 5363 3260 5426; x_wconf 86' lang='grc' dir='ltr'>τῆς</span> <span class='ocrx_word' id='word_1_612' title='bbox 3300 5350 3623 5430; x_wconf 79' lang='grc' dir='ltr'>Βαρϐάρων,</span> 
     </span>
    </p>
   </div>
   <div class='ocr_carea' id='block_1_119' title="bbox 2404 5441 3495 5521">
    <p class='ocr_par' dir='ltr' id='par_1_119' title="bbox 2404 5441 3495 5521">
     <span class='ocr_line' id='line_1_119' title="bbox 2404 5441 3495 5521; baseline -0.007 -17"><span class='ocrx_word' id='word_1_613' title='bbox 2404 5450 2506 5507; x_wconf 84' lang='grc' dir='ltr'>Καὶ</span> <span class='ocrx_word' id='word_1_614' title='bbox 2534 5446 2660 5511; x_wconf 70' lang='grc' dir='ltr'>τοὺς</span> <span class='ocrx_word' id='word_1_615' title='bbox 2691 5448 2880 5501; x_wconf 75' lang='grc' dir='ltr'>ἑαυτοῦ</span> <span class='ocrx_word' id='word_1_616' title='bbox 2913 5445 3245 5521; x_wconf 76' lang='grc' dir='ltr'>ῥωννύοντος</span> <span class='ocrx_word' id='word_1_617' title='bbox 3274 5443 3349 5505; x_wconf 86' lang='grc' dir='ltr'>ὠς</span> <span class='ocrx_word' id='word_1_618' title='bbox 3378 5441 3495 5497; x_wconf 83' lang='grc' dir='ltr'>δέον</span> 
     </span>
    </p>
   </div>
   <div class='ocr_carea' id='block_1_120' title="bbox 2404 5527 3563 5611">
    <p class='ocr_par' dir='ltr' id='par_1_120' title="bbox 2404 5527 3563 5611">
     <span class='ocr_line' id='line_1_120' title="bbox 2404 5527 3563 5611; baseline -0.009 -16"><span class='ocrx_word' id='word_1_619' title='bbox 2404 5540 2771 5595; x_wconf 88' lang='grc' dir='ltr'>Ἐπεισπεσεῖν</span> <span class='ocrx_word' id='word_1_620' title='bbox 2798 5535 2857 5589; x_wconf 83' lang='grc' dir='ltr'>τέ</span> <span class='ocrx_word' id='word_1_621' title='bbox 2885 5555 3031 5611; x_wconf 82' lang='grc' dir='ltr'>σφισι</span> <span class='ocrx_word' id='word_1_622' title='bbox 3061 5532 3149 5588; x_wconf 79' lang='grc' dir='ltr'>καὶ</span> <span class='ocrx_word' id='word_1_623' title='bbox 3178 5538 3402 5596; x_wconf 81' lang='grc' dir='ltr'>κτᾶσθαι</span> <span class='ocrx_word' id='word_1_624' title='bbox 3437 5527 3563 5585; x_wconf 85' lang='grc' dir='ltr'>τάδε</span> 
     </span>
    </p>
   </div>
   <div class='ocr_carea' id='block_1_121' title="bbox 2400 5619 3522 5700">
    <p class='ocr_par' dir='ltr' id='par_1_121' title="bbox 2400 5619 3522 5700">
     <span class='ocr_line' id='line_1_121' title="bbox 2400 5619 3522 5700; baseline -0.007 -18"><span class='ocrx_word' id='word_1_625' title='bbox 2400 5629 2658 5699; x_wconf 74' lang='grc' dir='ltr'>’Ἄμεινον</span> <span class='ocrx_word' id='word_1_626' title='bbox 2689 5624 2886 5694; x_wconf 81' lang='grc' dir='ltr'>αὐτῶν,</span> <span class='ocrx_word' id='word_1_627' title='bbox 2919 5622 3332 5700; x_wconf 72' lang='grc' dir='ltr'>ουμφερώτερον</span> <span class='ocrx_word' id='word_1_628' title='bbox 3363 5619 3522 5692; x_wconf 86' lang='grc' dir='ltr'>πάνυ,</span> 
     </span>
    </p>
   </div>
   <div class='ocr_carea' id='block_1_122' title="bbox 3739 361 3848 417">
    <p class='ocr_par' dir='ltr' id='par_1_122' title="bbox 3739 361 3848 417">
     <span class='ocr_line' id='line_1_122' title="bbox 3739 361 3848 417; baseline -0.028 0"><span class='ocrx_word' id='word_1_629' title='bbox 3739 361 3848 417; x_wconf 88' lang='grc'>176</span> 
     </span>
    </p>
   </div>
  </div>
