  <div class='ocr_page' id='page_1' title='image "/cluster/home/n/w/nwhite01/storage/ocr_20150623/143/mdp.39015078384784/096.png"; bbox 0 0 4154 6304; ppageno 0'>
   <div class='ocr_carea' id='block_1_1' title="bbox 275 405 380 458">
    <p class='ocr_par' dir='ltr' id='par_1_1' title="bbox 275 405 380 458">
     <span class='ocr_line' id='line_1_1' title="bbox 275 405 380 458; baseline -0.019 0"><span class='ocrx_word' id='word_1_1' title='bbox 275 405 380 458; x_wconf 86' lang='grc'><strong>177</strong></span> 
     </span>
    </p>
   </div>
   <div class='ocr_carea' id='block_1_2' title="bbox 440 525 1532 603">
    <p class='ocr_par' dir='ltr' id='par_1_2' title="bbox 440 525 1532 603">
     <span class='ocr_line' id='line_1_2' title="bbox 440 525 1532 603; baseline -0.001 -21"><span class='ocrx_word' id='word_1_2' title='bbox 440 526 603 588; x_wconf 75' lang='grc' dir='ltr'>Αὖθις</span> <span class='ocrx_word' id='word_1_3' title='bbox 633 525 843 589; x_wconf 78' lang='grc' dir='ltr'>έπιδιᾶς</span> <span class='ocrx_word' id='word_1_4' title='bbox 878 529 904 583; x_wconf 85' lang='grc' dir='ltr'>ὁ</span> <span class='ocrx_word' id='word_1_5' title='bbox 936 528 1129 603; x_wconf 70' lang='grc' dir='ltr'>Θρασὺς</span> <span class='ocrx_word' id='word_1_6' title='bbox 1165 526 1532 601; x_wconf 83' lang='grc' dir='ltr'>μωμοσκόπος</span> 
     </span>
    </p>
   </div>
   <div class='ocr_carea' id='block_1_3' title="bbox 256 612 1563 691">
    <p class='ocr_par' dir='ltr' id='par_1_3' title="bbox 256 612 1563 691">
     <span class='ocr_line' id='line_1_3' title="bbox 256 612 1563 691; baseline -0.001 -21"><span class='ocrx_word' id='word_1_7' title='bbox 256 616 402 670; x_wconf 73' lang='grc'>4580</span> <span class='ocrx_word' id='word_1_8' title='bbox 440 612 818 689; x_wconf 84' lang='grc' dir='ltr'>Ἐλοιδορεῖτο</span> <span class='ocrx_word' id='word_1_9' title='bbox 846 621 928 687; x_wconf 78' lang='grc' dir='ltr'><strong>τῷ</strong></span> <span class='ocrx_word' id='word_1_10' title='bbox 954 618 1237 691; x_wconf 80' lang='grc' dir='ltr'>κρατάρχῃ</span> <span class='ocrx_word' id='word_1_11' title='bbox 1263 617 1351 670; x_wconf 87' lang='grc' dir='ltr'><strong>καὶ</strong></span> <span class='ocrx_word' id='word_1_12' title='bbox 1375 616 1483 670; x_wconf 74' lang='grc' dir='ltr'><strong>πάλ</strong></span> <span class='ocrx_word' id='word_1_13' title='bbox 1496 638 1563 687; x_wconf 88' lang='grc' dir='ltr'><strong>ιν,</strong></span> 
     </span>
    </p>
   </div>
   <div class='ocr_carea' id='block_1_4' title="bbox 438 699 1473 777">
    <p class='ocr_par' dir='ltr' id='par_1_4' title="bbox 438 699 1473 777">
     <span class='ocr_line' id='line_1_4' title="bbox 438 699 1473 777; baseline -0.002 -18"><span class='ocrx_word' id='word_1_14' title='bbox 438 703 664 759; x_wconf 80' lang='grc' dir='ltr'>Ἀνακτι</span> <span class='ocrx_word' id='word_1_15' title='bbox 699 699 865 758; x_wconf 74' lang='grc' dir='ltr'><strong>Δαόὶδ</strong></span> <span class='ocrx_word' id='word_1_16' title='bbox 899 705 1089 777; x_wconf 81' lang='grc' dir='ltr'>Σεμεεὶ</span> <span class='ocrx_word' id='word_1_17' title='bbox 1120 705 1257 759; x_wconf 85' lang='grc' dir='ltr'><strong>καθά</strong></span> <span class='ocrx_word' id='word_1_18' title='bbox 1285 704 1473 759; x_wconf 64' lang='grc' dir='ltr'>πάλαν</span> 
     </span>
    </p>
   </div>
   <div class='ocr_carea' id='block_1_5' title="bbox 440 791 1721 867">
    <p class='ocr_par' dir='ltr' id='par_1_5' title="bbox 440 791 1721 867">
     <span class='ocr_line' id='line_1_5' title="bbox 440 791 1721 867; baseline -0.002 -20"><span class='ocrx_word' id='word_1_19' title='bbox 440 792 615 847; x_wconf 83' lang='grc' dir='ltr'>Ἐκὼν</span> <span class='ocrx_word' id='word_1_20' title='bbox 643 792 768 866; x_wconf 81' lang='grc' dir='ltr'>πρὶν</span> <span class='ocrx_word' id='word_1_21' title='bbox 804 791 973 867; x_wconf 71' lang='grc' dir='ltr'>ἐχρῆν</span> <span class='ocrx_word' id='word_1_22' title='bbox 1004 798 1169 847; x_wconf 72' lang='grc' dir='ltr'>ταῦτα</span> <span class='ocrx_word' id='word_1_23' title='bbox 1196 792 1489 865; x_wconf 83' lang='grc' dir='ltr'>Ῥωμαίοις</span> <span class='ocrx_word' id='word_1_24' title='bbox 1514 794 1721 865; x_wconf 81' lang='grc' dir='ltr'>νέμειν,</span> 
     </span>
    </p>
   </div>
   <div class='ocr_carea' id='block_1_6' title="bbox 443 877 1559 954">
    <p class='ocr_par' dir='ltr' id='par_1_6' title="bbox 443 877 1559 954">
     <span class='ocr_line' id='line_1_6' title="bbox 443 877 1559 954; baseline -0.001 -19"><span class='ocrx_word' id='word_1_25' title='bbox 443 877 655 935; x_wconf 70' lang='grc' dir='ltr'>Οὔκουν</span> <span class='ocrx_word' id='word_1_26' title='bbox 683 901 743 954; x_wconf 87' lang='grc' dir='ltr'><strong>γε</strong></span> <span class='ocrx_word' id='word_1_27' title='bbox 767 880 906 951; x_wconf 86' lang='grc' dir='ltr'>νυνὶ,</span> <span class='ocrx_word' id='word_1_28' title='bbox 939 878 1207 954; x_wconf 83' lang='grc' dir='ltr'>δυσχερὴς</span> <span class='ocrx_word' id='word_1_29' title='bbox 1230 885 1419 945; x_wconf 77' lang='grc' dir='ltr'>κτῆσις</span> <span class='ocrx_word' id='word_1_30' title='bbox 1450 880 1559 934; x_wconf 77' lang='grc' dir='ltr'>ὅτε⁶</span> 
     </span>
    </p>
   </div>
   <div class='ocr_carea' id='block_1_7' title="bbox 439 964 1597 1042">
    <p class='ocr_par' dir='ltr' id='par_1_7' title="bbox 439 964 1597 1042">
     <span class='ocr_line' id='line_1_7' title="bbox 439 964 1597 1042; baseline -0.001 -19"><span class='ocrx_word' id='word_1_31' title='bbox 439 966 504 1023; x_wconf 80' lang='grc' dir='ltr'><strong>Εἰ</strong></span> <span class='ocrx_word' id='word_1_32' title='bbox 539 964 586 1020; x_wconf 88' lang='grc' dir='ltr'>δ’</span> <span class='ocrx_word' id='word_1_33' title='bbox 617 966 778 1028; x_wconf 73' lang='grc' dir='ltr'>αὐτὸς</span> <span class='ocrx_word' id='word_1_34' title='bbox 812 968 947 1041; x_wconf 80' lang='grc' dir='ltr'>ἀνὴρ</span> <span class='ocrx_word' id='word_1_35' title='bbox 974 969 1267 1042; x_wconf 78' lang='grc' dir='ltr'>τυγχάνεις</span> <span class='ocrx_word' id='word_1_36' title='bbox 1300 968 1373 1022; x_wconf 81' lang='grc' dir='ltr'>ὣν</span> <span class='ocrx_word' id='word_1_37' title='bbox 1405 967 1597 1041; x_wconf 76' lang='grc' dir='ltr'>ἰσχύος</span> 
     </span>
    </p>
   </div>
   <div class='ocr_carea' id='block_1_8' title="bbox 265 1054 1542 1129">
    <p class='ocr_par' dir='ltr' id='par_1_8' title="bbox 265 1054 1542 1129">
     <span class='ocr_line' id='line_1_8' title="bbox 265 1054 1542 1129; baseline -0.001 -19"><span class='ocrx_word' id='word_1_38' title='bbox 265 1057 408 1110; x_wconf 70' lang='grc'>4585</span> <span class='ocrx_word' id='word_1_39' title='bbox 443 1056 782 1129; x_wconf 81' lang='grc' dir='ltr'>Ἠρπαγμέν’</span> <span class='ocrx_word' id='word_1_40' title='bbox 813 1057 1092 1110; x_wconf 86' lang='grc' dir='ltr'>ἀνάσωσον</span> <span class='ocrx_word' id='word_1_41' title='bbox 1122 1054 1327 1111; x_wconf 74' lang='grc' dir='ltr'>Αὕσοσι</span> <span class='ocrx_word' id='word_1_42' title='bbox 1356 1054 1542 1110; x_wconf 88' lang='grc' dir='ltr'>πάλιν·</span> 
     </span>
    </p>
   </div>
   <div class='ocr_carea' id='block_1_9' title="bbox 444 1139 1702 1219">
    <p class='ocr_par' dir='ltr' id='par_1_9' title="bbox 444 1139 1702 1219">
     <span class='ocr_line' id='line_1_9' title="bbox 444 1139 1702 1219; baseline 0 -21"><span class='ocrx_word' id='word_1_43' title='bbox 444 1142 506 1198; x_wconf 80' lang='grc' dir='ltr'>Ὀ</span> <span class='ocrx_word' id='word_1_44' title='bbox 539 1139 582 1195; x_wconf 87' lang='grc' dir='ltr'>δ’</span> <span class='ocrx_word' id='word_1_45' title='bbox 611 1140 675 1195; x_wconf 74' lang='grc' dir='ltr'>αὖ</span> <span class='ocrx_word' id='word_1_46' title='bbox 703 1148 994 1215; x_wconf 78' lang='grc' dir='ltr'>προσηνῶς</span> <span class='ocrx_word' id='word_1_47' title='bbox 1024 1145 1297 1218; x_wconf 80' lang='grc' dir='ltr'><strong>κερτόμου</strong></span> <span class='ocrx_word' id='word_1_48' title='bbox 1321 1146 1468 1219; x_wconf 92' lang='grc' dir='ltr'>φέρει</span> <span class='ocrx_word' id='word_1_49' title='bbox 1500 1142 1702 1219; x_wconf 77' lang='grc' dir='ltr'>λόγους</span> 
     </span>
    </p>
   </div>
   <div class='ocr_carea' id='block_1_10' title="bbox 446 1230 1629 1306">
    <p class='ocr_par' dir='ltr' id='par_1_10' title="bbox 446 1230 1629 1306">
     <span class='ocr_line' id='line_1_10' title="bbox 446 1230 1629 1306; baseline 0.003 -22"><span class='ocrx_word' id='word_1_50' title='bbox 446 1230 533 1290; x_wconf 82' lang='grc' dir='ltr'>Ὠς</span> <span class='ocrx_word' id='word_1_51' title='bbox 561 1232 742 1306; x_wconf 86' lang='grc' dir='ltr'>κωφὸς</span> <span class='ocrx_word' id='word_1_52' title='bbox 774 1231 1104 1305; x_wconf 79' lang='grc' dir='ltr'>αὐτόχρημα</span> <span class='ocrx_word' id='word_1_53' title='bbox 1137 1233 1213 1304; x_wconf 82' lang='grc' dir='ltr'>μὴ</span> <span class='ocrx_word' id='word_1_54' title='bbox 1247 1230 1426 1286; x_wconf 82' lang='grc' dir='ltr'>κλύων</span> <span class='ocrx_word' id='word_1_55' title='bbox 1462 1232 1629 1295; x_wconf 80' lang='grc' dir='ltr'>ὅλως.</span> 
     </span>
    </p>
   </div>
   <div class='ocr_carea' id='block_1_11' title="bbox 446 1315 1554 1394">
    <p class='ocr_par' dir='ltr' id='par_1_11' title="bbox 446 1315 1554 1394">
     <span class='ocr_line' id='line_1_11' title="bbox 446 1315 1554 1394; baseline 0.002 -23"><span class='ocrx_word' id='word_1_56' title='bbox 446 1317 593 1372; x_wconf 84' lang='grc' dir='ltr'><strong>Ἐπεέ</strong></span> <span class='ocrx_word' id='word_1_57' title='bbox 625 1315 681 1372; x_wconf 77' lang='grc' dir='ltr'>δὲ</span> <span class='ocrx_word' id='word_1_58' title='bbox 709 1317 867 1372; x_wconf 89' lang='grc' dir='ltr'>παύει</span> <span class='ocrx_word' id='word_1_59' title='bbox 896 1319 984 1388; x_wconf 76' lang='grc' dir='ltr'><strong>νὺξ</strong></span> <span class='ocrx_word' id='word_1_60' title='bbox 1016 1319 1310 1383; x_wconf 77' lang='grc' dir='ltr'><strong>ἐπελθοῦσα</strong></span> <span class='ocrx_word' id='word_1_61' title='bbox 1344 1319 1554 1394; x_wconf 72' lang='grc' dir='ltr'>μάχην,</span> 
     </span>
    </p>
   </div>
   <div class='ocr_carea' id='block_1_12' title="bbox 437 1402 1658 1483">
    <p class='ocr_par' dir='ltr' id='par_1_12' title="bbox 437 1402 1658 1483">
     <span class='ocr_line' id='line_1_12' title="bbox 437 1402 1658 1483; baseline 0.001 -23"><span class='ocrx_word' id='word_1_62' title='bbox 437 1405 685 1472; x_wconf 81' lang='grc' dir='ltr'>Καθῆστο</span> <span class='ocrx_word' id='word_1_63' title='bbox 716 1410 821 1466; x_wconf 91' lang='grc' dir='ltr'><strong>πᾶς</strong></span> <span class='ocrx_word' id='word_1_64' title='bbox 851 1402 1144 1483; x_wconf 81' lang='grc' dir='ltr'>ἕμφροντις</span> <span class='ocrx_word' id='word_1_65' title='bbox 1184 1405 1487 1481; x_wconf 82' lang='grc' dir='ltr'><strong>ἀσχάλλων</strong></span> <span class='ocrx_word' id='word_1_66' title='bbox 1522 1405 1658 1483; x_wconf 85' lang='grc' dir='ltr'>μέγα</span> 
     </span>
    </p>
   </div>
   <div class='ocr_carea' id='block_1_13' title="bbox 255 1501 1671 1582">
    <p class='ocr_par' dir='ltr' id='par_1_13' title="bbox 255 1501 1671 1582">
     <span class='ocr_line' id='line_1_13' title="bbox 255 1501 1671 1582; baseline 0.005 -26"><span class='ocrx_word' id='word_1_67' title='bbox 255 1501 399 1556; x_wconf 78' lang='grc'>4590</span> <span class='ocrx_word' id='word_1_68' title='bbox 432 1501 517 1555; x_wconf 84' lang='grc' dir='ltr'><strong>Ἐν</strong></span> <span class='ocrx_word' id='word_1_69' title='bbox 549 1506 626 1573; x_wconf 80' lang='grc' dir='ltr'>νῷ</span> <span class='ocrx_word' id='word_1_70' title='bbox 654 1507 941 1578; x_wconf 78' lang='grc' dir='ltr'>προαθρῶν</span> <span class='ocrx_word' id='word_1_71' title='bbox 973 1504 1064 1557; x_wconf 86' lang='grc' dir='ltr'>τὸν</span> <span class='ocrx_word' id='word_1_72' title='bbox 1093 1504 1446 1579; x_wconf 82' lang='grc' dir='ltr'>προκείμενον</span> <span class='ocrx_word' id='word_1_73' title='bbox 1482 1505 1671 1582; x_wconf 80' lang='grc' dir='ltr'>μόρον.</span> 
     </span>
    </p>
   </div>
   <div class='ocr_carea' id='block_1_14' title="bbox 430 1587 1831 1670">
    <p class='ocr_par' dir='ltr' id='par_1_14' title="bbox 430 1587 1831 1670">
     <span class='ocr_line' id='line_1_14' title="bbox 430 1587 1831 1670; baseline 0.003 -24"><span class='ocrx_word' id='word_1_74' title='bbox 430 1589 492 1646; x_wconf 90' lang='grc' dir='ltr'>Ὁ</span> <span class='ocrx_word' id='word_1_75' title='bbox 523 1587 569 1643; x_wconf 87' lang='grc' dir='ltr'>δ’</span> <span class='ocrx_word' id='word_1_76' title='bbox 599 1588 948 1664; x_wconf 74' lang='grc' dir='ltr'><strong>αὐτοκράτωρ</strong></span> <span class='ocrx_word' id='word_1_77' title='bbox 978 1600 1079 1661; x_wconf 81' lang='grc' dir='ltr'><strong>τῆς</strong></span> <span class='ocrx_word' id='word_1_78' title='bbox 1111 1594 1305 1669; x_wconf 86' lang='grc' dir='ltr'>φρενὸς</span> <span class='ocrx_word' id='word_1_79' title='bbox 1338 1592 1425 1648; x_wconf 75' lang='grc' dir='ltr'>καί</span> <span class='ocrx_word' id='word_1_80' title='bbox 1457 1598 1553 1649; x_wconf 70' lang='grc' dir='ltr'><strong>τοῦ</strong></span> <span class='ocrx_word' id='word_1_81' title='bbox 1599 1596 1831 1670; x_wconf 78' lang='grc' dir='ltr'>κράτους</span> 
     </span>
    </p>
   </div>
   <div class='ocr_carea' id='block_1_15' title="bbox 433 1674 1415 1755">
    <p class='ocr_par' dir='ltr' id='par_1_15' title="bbox 433 1674 1415 1755">
     <span class='ocr_line' id='line_1_15' title="bbox 433 1674 1415 1755; baseline 0.002 -21"><span class='ocrx_word' id='word_1_82' title='bbox 433 1676 673 1748; x_wconf 79' lang='grc' dir='ltr'>Ἀναξίαν</span> <span class='ocrx_word' id='word_1_83' title='bbox 698 1674 894 1755; x_wconf 77' lang='grc' dir='ltr'>ἔφρασε</span> <span class='ocrx_word' id='word_1_84' title='bbox 924 1678 1133 1755; x_wconf 72' lang='grc' dir='ltr'>βουλὴν</span> <span class='ocrx_word' id='word_1_85' title='bbox 1159 1677 1213 1735; x_wconf 75' lang='grc' dir='ltr'>ἓν</span> <span class='ocrx_word' id='word_1_86' title='bbox 1248 1682 1415 1753; x_wconf 86' lang='grc' dir='ltr'>μέσῳ,</span> 
     </span>
    </p>
   </div>
   <div class='ocr_carea' id='block_1_16' title="bbox 433 1766 1577 1845">
    <p class='ocr_par' dir='ltr' id='par_1_16' title="bbox 433 1766 1577 1845">
     <span class='ocr_line' id='line_1_16' title="bbox 433 1766 1577 1845; baseline 0.002 -23"><span class='ocrx_word' id='word_1_87' title='bbox 433 1767 532 1827; x_wconf 83' lang='grc' dir='ltr'><strong>Οἷς</strong></span> <span class='ocrx_word' id='word_1_88' title='bbox 560 1767 675 1840; x_wconf 75' lang='grc' dir='ltr'>εἷχε</span> <span class='ocrx_word' id='word_1_89' title='bbox 704 1766 919 1841; x_wconf 63' lang='grc' dir='ltr'>θαρρεῖν</span> <span class='ocrx_word' id='word_1_90' title='bbox 943 1766 1161 1843; x_wconf 77' lang='grc' dir='ltr'>ἀνδράσι</span> <span class='ocrx_word' id='word_1_91' title='bbox 1186 1768 1577 1845; x_wconf 72' lang='grc' dir='ltr'>βουληφόροιςο</span> 
     </span>
    </p>
   </div>
   <div class='ocr_carea' id='block_1_17' title="bbox 430 1851 1665 1935">
    <p class='ocr_par' dir='ltr' id='par_1_17' title="bbox 430 1851 1665 1935">
     <span class='ocr_line' id='line_1_17' title="bbox 430 1851 1665 1935; baseline 0.004 -27"><span class='ocrx_word' id='word_1_92' title='bbox 430 1854 495 1909; x_wconf 81' lang='grc' dir='ltr'><em>Ἢ</em></span> <span class='ocrx_word' id='word_1_93' title='bbox 528 1851 575 1909; x_wconf 90' lang='grc' dir='ltr'>δ’</span> <span class='ocrx_word' id='word_1_94' title='bbox 604 1856 671 1923; x_wconf 81' lang='grc' dir='ltr'><strong>ἧν</strong></span> <span class='ocrx_word' id='word_1_95' title='bbox 700 1852 934 1931; x_wconf 83' lang='grc' dir='ltr'>λαθραία</span> <span class='ocrx_word' id='word_1_96' title='bbox 964 1854 1228 1925; x_wconf 73' lang='grc' dir='ltr'>δυσκλεὴς</span> <span class='ocrx_word' id='word_1_97' title='bbox 1262 1859 1404 1934; x_wconf 80' lang='grc' dir='ltr'><strong>φυγὴ</strong></span> <span class='ocrx_word' id='word_1_98' title='bbox 1433 1858 1665 1935; x_wconf 89' lang='grc' dir='ltr'>νύκτωρ,</span> 
     </span>
    </p>
   </div>
   <div class='ocr_carea' id='block_1_18' title="bbox 247 1941 1645 2023">
    <p class='ocr_par' dir='ltr' id='par_1_18' title="bbox 247 1941 1645 2023">
     <span class='ocr_line' id='line_1_18' title="bbox 247 1941 1645 2023; baseline 0.001 -24"><span class='ocrx_word' id='word_1_99' title='bbox 247 1944 393 1999; x_wconf 71' lang='grc'>4595</span> <span class='ocrx_word' id='word_1_100' title='bbox 433 1947 640 2019; x_wconf 86' lang='grc' dir='ltr'>Ψυχῶν</span> <span class='ocrx_word' id='word_1_101' title='bbox 674 1941 731 1998; x_wconf 74' lang='grc' dir='ltr'>δὲ</span> <span class='ocrx_word' id='word_1_102' title='bbox 762 1943 971 1999; x_wconf 79' lang='grc' dir='ltr'>λοιπῶν</span> <span class='ocrx_word' id='word_1_103' title='bbox 1002 1946 1255 2022; x_wconf 76' lang='grc' dir='ltr'>ἐπαγωγή</span> <span class='ocrx_word' id='word_1_104' title='bbox 1290 1948 1423 2021; x_wconf 88' lang='grc' dir='ltr'>πρὸς</span> <span class='ocrx_word' id='word_1_105' title='bbox 1456 1948 1645 2023; x_wconf 85' lang='grc' dir='ltr'>μόρον,</span> 
     </span>
    </p>
   </div>
   <div class='ocr_carea' id='block_1_19' title="bbox 431 2031 1561 2110">
    <p class='ocr_par' dir='ltr' id='par_1_19' title="bbox 431 2031 1561 2110">
     <span class='ocr_line' id='line_1_19' title="bbox 431 2031 1561 2110; baseline 0.003 -25"><span class='ocrx_word' id='word_1_106' title='bbox 431 2031 575 2103; x_wconf 84' lang='grc' dir='ltr'>Πρὸς</span> <span class='ocrx_word' id='word_1_107' title='bbox 607 2031 988 2107; x_wconf 77' lang='grc' dir='ltr'>αἰχμαλωσίαν</span> <span class='ocrx_word' id='word_1_108' title='bbox 1018 2055 1076 2089; x_wconf 89' lang='grc' dir='ltr'><strong>τε</strong></span> <span class='ocrx_word' id='word_1_109' title='bbox 1106 2032 1561 2110; x_wconf 79' lang='grc' dir='ltr'>δυστυχεστάτην,</span> 
     </span>
    </p>
   </div>
   <div class='ocr_carea' id='block_1_20' title="bbox 426 2118 1453 2197">
    <p class='ocr_par' dir='ltr' id='par_1_20' title="bbox 426 2118 1453 2197">
     <span class='ocr_line' id='line_1_20' title="bbox 426 2118 1453 2197; baseline 0.001 -20"><span class='ocrx_word' id='word_1_110' title='bbox 426 2122 530 2177; x_wconf 86' lang='grc' dir='ltr'>Ἤν</span> <span class='ocrx_word' id='word_1_111' title='bbox 558 2124 663 2183; x_wconf 88' lang='grc' dir='ltr'><strong>πᾶς</strong></span> <span class='ocrx_word' id='word_1_112' title='bbox 694 2118 992 2197; x_wconf 80' lang='grc' dir='ltr'>διωλύγιον</span> <span class='ocrx_word' id='word_1_113' title='bbox 1021 2119 1216 2195; x_wconf 79' lang='grc' dir='ltr'>ᾤμῶξι</span> <span class='ocrx_word' id='word_1_114' title='bbox 1245 2122 1453 2192; x_wconf 80' lang='grc' dir='ltr'>κλύων,</span> 
     </span>
    </p>
   </div>
   <div class='ocr_carea' id='block_1_21' title="bbox 430 2207 1439 2287">
    <p class='ocr_par' dir='ltr' id='par_1_21' title="bbox 430 2207 1439 2287">
     <span class='ocr_line' id='line_1_21' title="bbox 430 2207 1439 2287; baseline 0.002 -22"><span class='ocrx_word' id='word_1_115' title='bbox 430 2210 537 2265; x_wconf 74' lang='grc' dir='ltr'>Καὶ</span> <span class='ocrx_word' id='word_1_116' title='bbox 571 2207 780 2285; x_wconf 82' lang='grc' dir='ltr'>βαρέως</span> <span class='ocrx_word' id='word_1_117' title='bbox 809 2208 1003 2285; x_wconf 82' lang='grc' dir='ltr'>ἤνεγκε</span> <span class='ocrx_word' id='word_1_118' title='bbox 1030 2212 1096 2266; x_wconf 84' lang='grc' dir='ltr'><strong>τά</strong></span> <span class='ocrx_word' id='word_1_119' title='bbox 1127 2210 1439 2287; x_wconf 74' lang='grc' dir='ltr'>δεδογμένα,</span> 
     </span>
    </p>
   </div>
   <div class='ocr_carea' id='block_1_22' title="bbox 433 2298 1556 2375">
    <p class='ocr_par' dir='ltr' id='par_1_22' title="bbox 433 2298 1556 2375">
     <span class='ocr_line' id='line_1_22' title="bbox 433 2298 1556 2375; baseline 0.004 -23"><span class='ocrx_word' id='word_1_120' title='bbox 433 2302 914 2375; x_wconf 78' lang='grc' dir='ltr'>Παραφρονοῠντος</span> <span class='ocrx_word' id='word_1_121' title='bbox 942 2300 1055 2374; x_wconf 78' lang='grc' dir='ltr'>οὐχ</span> <span class='ocrx_word' id='word_1_122' title='bbox 1084 2301 1263 2374; x_wconf 79' lang='grc' dir='ltr'>ὑγιοῦς</span> <span class='ocrx_word' id='word_1_123' title='bbox 1294 2298 1556 2357; x_wconf 83' lang='grc' dir='ltr'>δεσπότου</span> 
     </span>
    </p>
   </div>
   <div class='ocr_carea' id='block_1_23' title="bbox 254 2395 1650 2473">
    <p class='ocr_par' dir='ltr' id='par_1_23' title="bbox 254 2395 1650 2473">
     <span class='ocr_line' id='line_1_23' title="bbox 254 2395 1650 2473; baseline 0.001 -21"><span class='ocrx_word' id='word_1_124' title='bbox 254 2398 394 2453; x_wconf 70' lang='grc'>4600</span> <span class='ocrx_word' id='word_1_125' title='bbox 430 2398 500 2450; x_wconf 89' lang='grc' dir='ltr'><strong>Τὸ</strong></span> <span class='ocrx_word' id='word_1_126' title='bbox 530 2395 747 2469; x_wconf 87' lang='grc' dir='ltr'>σκέμμα</span> <span class='ocrx_word' id='word_1_127' title='bbox 774 2397 957 2471; x_wconf 88' lang='grc' dir='ltr'>κρίνας</span> <span class='ocrx_word' id='word_1_128' title='bbox 987 2399 1078 2452; x_wconf 87' lang='grc' dir='ltr'><strong>καὶ</strong></span> <span class='ocrx_word' id='word_1_129' title='bbox 1109 2397 1433 2473; x_wconf 75' lang='grc' dir='ltr'>κατακρίνας</span> <span class='ocrx_word' id='word_1_130' title='bbox 1462 2399 1650 2454; x_wconf 86' lang='grc' dir='ltr'>πλέον.</span> 
     </span>
    </p>
   </div>
   <div class='ocr_carea' id='block_1_24' title="bbox 430 2484 1668 2561">
    <p class='ocr_par' dir='ltr' id='par_1_24' title="bbox 430 2484 1668 2561">
     <span class='ocr_line' id='line_1_24' title="bbox 430 2484 1668 2561; baseline 0.002 -23"><span class='ocrx_word' id='word_1_131' title='bbox 430 2484 652 2546; x_wconf 87' lang='grc' dir='ltr'>Τούτοις</span> <span class='ocrx_word' id='word_1_132' title='bbox 689 2484 993 2561; x_wconf 80' lang='grc' dir='ltr'>μαλαχθεὶς</span> <span class='ocrx_word' id='word_1_133' title='bbox 1026 2486 1292 2556; x_wconf 77' lang='grc' dir='ltr'>Μανουήλ</span> <span class='ocrx_word' id='word_1_134' title='bbox 1320 2488 1420 2556; x_wconf 76' lang='grc' dir='ltr'>τὴν</span> <span class='ocrx_word' id='word_1_135' title='bbox 1447 2485 1668 2561; x_wconf 81' lang='grc' dir='ltr'>καρδίαν</span> 
     </span>
    </p>
   </div>
   <div class='ocr_carea' id='block_1_25' title="bbox 430 2570 1782 2649">
    <p class='ocr_par' dir='ltr' id='par_1_25' title="bbox 430 2570 1782 2649">
     <span class='ocr_line' id='line_1_25' title="bbox 430 2570 1740 2629; baseline 0.003 -3"><span class='ocrx_word' id='word_1_136' title='bbox 430 2577 470 2626; x_wconf 83' lang='grc' dir='ltr'><strong>Κ</strong></span> <span class='ocrx_word' id='word_1_137' title='bbox 513 2571 529 2593; x_wconf 79' lang='lat'><strong>‘</strong></span> <span class='ocrx_word' id='word_1_138' title='bbox 649 2574 664 2592; x_wconf 82' lang='lat'><strong>‘</strong></span> <span class='ocrx_word' id='word_1_139' title='bbox 740 2570 773 2627; x_wconf 90' lang='grc' dir='ltr'><strong>λ</strong></span> <span class='ocrx_word' id='word_1_140' title='bbox 956 2575 969 2590; x_wconf 82' lang='grc'><em>“</em></span> <span class='ocrx_word' id='word_1_141' title='bbox 1186 2576 1209 2629; x_wconf 90' lang='grc' dir='ltr'><strong>έ</strong></span> <span class='ocrx_word' id='word_1_142' title='bbox 1409 2577 1423 2596; x_wconf 84' lang='lat'><strong>‘</strong></span> <span class='ocrx_word' id='word_1_143' title='bbox 1630 2574 1662 2629; x_wconf 86' lang='grc' dir='ltr'><strong>ά</strong></span> <span class='ocrx_word' id='word_1_144' title='bbox 1730 2598 1740 2612; x_wconf 74' lang='grc' dir='ltr'><strong>ο</strong></span> 
     </span>
     <span class='ocr_line' id='line_1_26' title="bbox 475 2590 1782 2649; baseline 0.004 -24"><span class='ocrx_word' id='word_1_145' title='bbox 475 2593 529 2626; x_wconf 89' lang='grc' dir='ltr'><strong>αι</strong></span> <span class='ocrx_word' id='word_1_146' title='bbox 562 2590 711 2646; x_wconf 87' lang='grc' dir='ltr'>σχων</span> <span class='ocrx_word' id='word_1_147' title='bbox 781 2594 1007 2647; x_wconf 89' lang='grc' dir='ltr'>ογισμον</span> <span class='ocrx_word' id='word_1_148' title='bbox 1040 2594 1182 2646; x_wconf 88' lang='grc' dir='ltr'>ποιμ</span> <span class='ocrx_word' id='word_1_149' title='bbox 1211 2595 1307 2633; x_wconf 91' lang='grc' dir='ltr'><strong>νος</strong></span> <span class='ocrx_word' id='word_1_150' title='bbox 1336 2596 1424 2629; x_wconf 88' lang='grc' dir='ltr'><strong>και</strong></span> <span class='ocrx_word' id='word_1_151' title='bbox 1456 2596 1628 2649; x_wconf 90' lang='grc' dir='ltr'>προστ</span> <span class='ocrx_word' id='word_1_152' title='bbox 1666 2596 1782 2642; x_wconf 69' lang='grc' dir='ltr'>το),</span> 
     </span>
    </p>
   </div>
   <div class='ocr_carea' id='block_1_26' title="bbox 435 2658 1897 2738">
    <p class='ocr_par' dir='ltr' id='par_1_26' title="bbox 435 2658 1897 2738">
     <span class='ocr_line' id='line_1_27' title="bbox 435 2658 1897 2738; baseline 0 -22"><span class='ocrx_word' id='word_1_153' title='bbox 435 2660 599 2716; x_wconf 77' lang='grc' dir='ltr'>Πάντ¹</span> <span class='ocrx_word' id='word_1_154' title='bbox 655 2658 805 2716; x_wconf 85' lang='grc' dir='ltr'>ὧπτο</span> <span class='ocrx_word' id='word_1_155' title='bbox 852 2661 943 2716; x_wconf 87' lang='grc' dir='ltr'><strong>καὶ</strong></span> <span class='ocrx_word' id='word_1_156' title='bbox 1006 2659 1146 2737; x_wconf 89' lang='grc' dir='ltr'>δρῶν</span> <span class='ocrx_word' id='word_1_157' title='bbox 1203 2663 1294 2717; x_wconf 87' lang='grc' dir='ltr'><strong>καὶ</strong></span> <span class='ocrx_word' id='word_1_158' title='bbox 1340 2661 1516 2738; x_wconf 80' lang='grc' dir='ltr'>λέγων</span> <span class='ocrx_word' id='word_1_159' title='bbox 1570 2664 1705 2738; x_wconf 89' lang='grc' dir='ltr'>πρὸς</span> <span class='ocrx_word' id='word_1_160' title='bbox 1759 2684 1897 2735; x_wconf 82' lang='grc' dir='ltr'>συμ-</span> 
     </span>
    </p>
   </div>
   <div class='ocr_carea' id='block_1_27' title="bbox 1688 2751 1894 2829">
    <p class='ocr_par' dir='ltr' id='par_1_27' title="bbox 1688 2751 1894 2829">
     <span class='ocr_line' id='line_1_28' title="bbox 1688 2751 1894 2829; baseline 0.015 -23"><span class='ocrx_word' id='word_1_161' title='bbox 1688 2751 1894 2829; x_wconf 84' lang='grc' dir='ltr'>[φέρον.</span> 
     </span>
    </p>
   </div>
   <div class='ocr_carea' id='block_1_28' title="bbox 432 2834 1624 2912">
    <p class='ocr_par' dir='ltr' id='par_1_28' title="bbox 432 2834 1624 2912">
     <span class='ocr_line' id='line_1_29' title="bbox 432 2834 1624 2912; baseline 0.001 -22"><span class='ocrx_word' id='word_1_162' title='bbox 432 2836 559 2898; x_wconf 73' lang='grc' dir='ltr'>Θεὸς</span> <span class='ocrx_word' id='word_1_163' title='bbox 590 2834 637 2891; x_wconf 89' lang='grc' dir='ltr'>δ’</span> <span class='ocrx_word' id='word_1_164' title='bbox 669 2838 697 2891; x_wconf 84' lang='grc' dir='ltr'>ὁ</span> <span class='ocrx_word' id='word_1_165' title='bbox 726 2841 897 2891; x_wconf 87' lang='grc' dir='ltr'>ποιῶν</span> <span class='ocrx_word' id='word_1_166' title='bbox 928 2837 1101 2893; x_wconf 79' lang='grc' dir='ltr'>πάντα</span> <span class='ocrx_word' id='word_1_167' title='bbox 1129 2840 1215 2894; x_wconf 81' lang='grc' dir='ltr'><strong>καὶ</strong></span> <span class='ocrx_word' id='word_1_168' title='bbox 1252 2840 1624 2912; x_wconf 81' lang='grc' dir='ltr'>μετατρέπων,</span> 
     </span>
    </p>
   </div>
   <div class='ocr_carea' id='block_1_29' title="bbox 252 2926 1561 3003">
    <p class='ocr_par' dir='ltr' id='par_1_29' title="bbox 252 2926 1561 3003">
     <span class='ocr_line' id='line_1_30' title="bbox 252 2926 1561 3003; baseline -0.001 -21"><span class='ocrx_word' id='word_1_169' title='bbox 252 2926 398 2983; x_wconf 72' lang='grc'>4605</span> <span class='ocrx_word' id='word_1_170' title='bbox 433 2926 496 2982; x_wconf 91' lang='grc' dir='ltr'>Ὀ</span> <span class='ocrx_word' id='word_1_171' title='bbox 529 2929 801 3001; x_wconf 82' lang='grc' dir='ltr'>μαστιγῶν</span> <span class='ocrx_word' id='word_1_172' title='bbox 830 2947 889 2981; x_wconf 88' lang='grc' dir='ltr'><strong>τε</strong></span> <span class='ocrx_word' id='word_1_173' title='bbox 912 2926 1003 2981; x_wconf 81' lang='grc' dir='ltr'><strong>καὶ</strong></span> <span class='ocrx_word' id='word_1_174' title='bbox 1033 2926 1340 3003; x_wconf 83' lang='grc' dir='ltr'>θεραπεύων</span> <span class='ocrx_word' id='word_1_175' title='bbox 1372 2926 1561 2997; x_wconf 82' lang='grc' dir='ltr'>πάλιν,</span> 
     </span>
    </p>
   </div>
   <div class='ocr_carea' id='block_1_30' title="bbox 430 3014 1587 3089">
    <p class='ocr_par' dir='ltr' id='par_1_30' title="bbox 430 3014 1587 3089">
     <span class='ocr_line' id='line_1_31' title="bbox 430 3014 1587 3089; baseline 0.004 -23"><span class='ocrx_word' id='word_1_176' title='bbox 430 3014 489 3066; x_wconf 76' lang='grc' dir='ltr'><strong>Ὀ</strong></span> <span class='ocrx_word' id='word_1_177' title='bbox 520 3017 757 3077; x_wconf 82' lang='grc' dir='ltr'>θανατῶν</span> <span class='ocrx_word' id='word_1_178' title='bbox 787 3034 846 3068; x_wconf 82' lang='grc' dir='ltr'><strong>τε</strong></span> <span class='ocrx_word' id='word_1_179' title='bbox 877 3014 968 3068; x_wconf 83' lang='grc' dir='ltr'><strong>καὶ</strong></span> <span class='ocrx_word' id='word_1_180' title='bbox 1000 3017 1171 3084; x_wconf 78' lang='grc' dir='ltr'>πνοὴν</span> <span class='ocrx_word' id='word_1_181' title='bbox 1202 3017 1352 3078; x_wconf 74' lang='grc' dir='ltr'>αὖθις</span> <span class='ocrx_word' id='word_1_182' title='bbox 1383 3018 1587 3089; x_wconf 90' lang='grc' dir='ltr'>νέμων,</span> 
     </span>
    </p>
   </div>
   <div class='ocr_carea' id='block_1_31' title="bbox 432 3095 1571 3179">
    <p class='ocr_par' dir='ltr' id='par_1_31' title="bbox 432 3095 1571 3179">
     <span class='ocr_line' id='line_1_32' title="bbox 432 3095 1571 3179; baseline 0.001 -21"><span class='ocrx_word' id='word_1_183' title='bbox 432 3102 495 3158; x_wconf 83' lang='grc' dir='ltr'>Ὀ</span> <span class='ocrx_word' id='word_1_184' title='bbox 524 3095 722 3175; x_wconf 74' lang='grc' dir='ltr'>ῥάϐδον</span> <span class='ocrx_word' id='word_1_185' title='bbox 757 3102 909 3179; x_wconf 77' lang='grc' dir='ltr'>ἀφεὶς</span> <span class='ocrx_word' id='word_1_186' title='bbox 939 3098 1144 3158; x_wconf 78' lang='grc' dir='ltr'>ἀσεϐῶν</span> <span class='ocrx_word' id='word_1_187' title='bbox 1180 3105 1282 3159; x_wconf 78' lang='grc' dir='ltr'>οὐκ</span> <span class='ocrx_word' id='word_1_188' title='bbox 1312 3104 1385 3166; x_wconf 72' lang='grc' dir='ltr'>εἷς</span> <span class='ocrx_word' id='word_1_189' title='bbox 1414 3104 1571 3166; x_wconf 87' lang='grc' dir='ltr'>τέλος</span> 
     </span>
    </p>
   </div>
   <div class='ocr_carea' id='block_1_32' title="bbox 430 3185 1678 3266">
    <p class='ocr_par' dir='ltr' id='par_1_32' title="bbox 430 3185 1678 3266">
     <span class='ocr_line' id='line_1_33' title="bbox 430 3185 1678 3266; baseline 0.002 -23"><span class='ocrx_word' id='word_1_190' title='bbox 430 3185 633 3263; x_wconf 72' lang='grc' dir='ltr'>Κλήρῳ</span> <span class='ocrx_word' id='word_1_191' title='bbox 662 3186 909 3259; x_wconf 83' lang='grc' dir='ltr'>δικαίων,</span> <span class='ocrx_word' id='word_1_192' title='bbox 939 3189 1027 3244; x_wconf 87' lang='grc' dir='ltr'><strong>καὶ</strong></span> <span class='ocrx_word' id='word_1_193' title='bbox 1060 3189 1221 3266; x_wconf 84' lang='grc' dir='ltr'>λάχει</span> <span class='ocrx_word' id='word_1_194' title='bbox 1255 3193 1678 3265; x_wconf 81' lang='grc' dir='ltr'>Χριστωνύμων,</span> 
     </span>
    </p>
   </div>
   <div class='ocr_carea' id='block_1_33' title="bbox 428 3275 1570 3355">
    <p class='ocr_par' dir='ltr' id='par_1_33' title="bbox 428 3275 1570 3355">
     <span class='ocr_line' id='line_1_34' title="bbox 428 3275 1570 3355; baseline 0.034 -32"><span class='ocrx_word' id='word_1_195' title='bbox 428 3277 491 3334; x_wconf 88' lang='lat'><strong>&#39;0</strong></span> <span class='ocrx_word' id='word_1_196' title='bbox 515 3276 642 3351; x_wconf 81' lang='grc' dir='ltr'>πρὶν</span> <span class='ocrx_word' id='word_1_197' title='bbox 672 3275 909 3332; x_wconf 88' lang='grc' dir='ltr'>λεόντων</span> <span class='ocrx_word' id='word_1_198' title='bbox 940 3280 1231 3352; x_wconf 81' lang='grc' dir='ltr'>ἡμερώσας</span> <span class='ocrx_word' id='word_1_199' title='bbox 1261 3281 1323 3335; x_wconf 79' lang='grc' dir='ltr'><strong>τὸ</strong></span> <span class='ocrx_word' id='word_1_200' title='bbox 1357 3280 1570 3355; x_wconf 64' lang='grc' dir='ltr'><strong>θράσοςθ</strong></span> 
     </span>
    </p>
   </div>
   <div class='ocr_carea' id='block_1_34' title="bbox 236 3364 1433 3440">
    <p class='ocr_par' dir='ltr' id='par_1_34' title="bbox 236 3364 1433 3440">
     <span class='ocr_line' id='line_1_35' title="bbox 236 3364 1433 3440; baseline 0.002 -18"><span class='ocrx_word' id='word_1_201' title='bbox 236 3366 392 3422; x_wconf 78' lang='grc'>4610</span> <span class='ocrx_word' id='word_1_202' title='bbox 427 3366 526 3421; x_wconf 82' lang='grc' dir='ltr'><strong>Ἵν⁹</strong></span> <span class='ocrx_word' id='word_1_203' title='bbox 555 3364 745 3434; x_wconf 74' lang='grc' dir='ltr'>ἀσινὴς</span> <span class='ocrx_word' id='word_1_204' title='bbox 766 3364 981 3440; x_wconf 88' lang='grc' dir='ltr'>γένοιτο</span> <span class='ocrx_word' id='word_1_205' title='bbox 1012 3364 1216 3432; x_wconf 85' lang='grc' dir='ltr'>δίκαιος</span> <span class='ocrx_word' id='word_1_206' title='bbox 1244 3366 1433 3437; x_wconf 88' lang='grc' dir='ltr'>πάλαι,</span> 
     </span>
    </p>
   </div>
   <div class='ocr_carea' id='block_1_35' title="bbox 431 3453 1548 3531">
    <p class='ocr_par' dir='ltr' id='par_1_35' title="bbox 431 3453 1548 3531">
     <span class='ocr_line' id='line_1_36' title="bbox 431 3453 1548 3531; baseline 0.004 -23"><span class='ocrx_word' id='word_1_207' title='bbox 431 3454 692 3516; x_wconf 78' lang='grc' dir='ltr'>Κάκεῖνος</span> <span class='ocrx_word' id='word_1_208' title='bbox 718 3454 882 3517; x_wconf 76' lang='grc' dir='ltr'>οὗτος</span> <span class='ocrx_word' id='word_1_209' title='bbox 909 3456 1114 3530; x_wconf 78' lang='grc' dir='ltr'>ἡμεροῖ</span> <span class='ocrx_word' id='word_1_210' title='bbox 1140 3460 1237 3512; x_wconf 85' lang='grc' dir='ltr'>τοῦ</span> <span class='ocrx_word' id='word_1_211' title='bbox 1267 3453 1548 3531; x_wconf 76' lang='grc' dir='ltr'>Βαρϐάρου</span> 
     </span>
    </p>
   </div>
   <div class='ocr_carea' id='block_1_36' title="bbox 427 3540 1487 3620">
    <p class='ocr_par' dir='ltr' id='par_1_36' title="bbox 427 3540 1487 3620">
     <span class='ocr_line' id='line_1_37' title="bbox 427 3540 1487 3620; baseline 0.007 -25"><span class='ocrx_word' id='word_1_212' title='bbox 427 3542 535 3611; x_wconf 79' lang='grc' dir='ltr'><strong>Τὴν</strong></span> <span class='ocrx_word' id='word_1_213' title='bbox 569 3540 817 3617; x_wconf 84' lang='grc' dir='ltr'>θηριώδη</span> <span class='ocrx_word' id='word_1_214' title='bbox 848 3544 933 3598; x_wconf 75' lang='grc' dir='ltr'><strong>καὶ</strong></span> <span class='ocrx_word' id='word_1_215' title='bbox 966 3549 1211 3620; x_wconf 84' lang='grc' dir='ltr'>φονῶσαν</span> <span class='ocrx_word' id='word_1_216' title='bbox 1241 3544 1487 3620; x_wconf 86' lang='grc' dir='ltr'>καρδίσν.</span> 
     </span>
    </p>
   </div>
   <div class='ocr_carea' id='block_1_37' title="bbox 435 3626 1663 3712">
    <p class='ocr_par' dir='ltr' id='par_1_37' title="bbox 435 3626 1663 3712">
     <span class='ocr_line' id='line_1_38' title="bbox 435 3626 1663 3712; baseline 0.005 -27"><span class='ocrx_word' id='word_1_217' title='bbox 435 3626 729 3705; x_wconf 73' lang='grc' dir='ltr'>Πρεσεείαν</span> <span class='ocrx_word' id='word_1_218' title='bbox 760 3630 953 3685; x_wconf 77' lang='grc' dir='ltr'>οὐκοῦν</span> <span class='ocrx_word' id='word_1_219' title='bbox 987 3632 1351 3712; x_wconf 75' lang='grc' dir='ltr'>ἐκπεπομφὼς</span> <span class='ocrx_word' id='word_1_220' title='bbox 1380 3634 1663 3704; x_wconf 83' lang='grc' dir='ltr'>σουλτάνο,</span> 
     </span>
    </p>
   </div>
   <div class='ocr_carea' id='block_1_38' title="bbox 439 3716 1541 3798">
    <p class='ocr_par' dir='ltr' id='par_1_38' title="bbox 439 3716 1541 3798">
     <span class='ocr_line' id='line_1_39' title="bbox 439 3716 1541 3798; baseline 0.006 -26"><span class='ocrx_word' id='word_1_221' title='bbox 439 3716 681 3780; x_wconf 76' lang='grc' dir='ltr'>Σπονδᾶς</span> <span class='ocrx_word' id='word_1_222' title='bbox 712 3718 927 3774; x_wconf 86' lang='grc' dir='ltr'>ἀπαιτεῖ</span> <span class='ocrx_word' id='word_1_223' title='bbox 953 3723 1187 3796; x_wconf 79' lang='grc' dir='ltr'>καθαράς</span> <span class='ocrx_word' id='word_1_224' title='bbox 1215 3726 1304 3777; x_wconf 81' lang='grc' dir='ltr'><strong>καὶ</strong></span> <span class='ocrx_word' id='word_1_225' title='bbox 1335 3723 1541 3798; x_wconf 83' lang='grc' dir='ltr'>φιλίαν·</span> 
     </span>
    </p>
   </div>
   <div class='ocr_carea' id='block_1_39' title="bbox 251 3814 1659 3896">
    <p class='ocr_par' dir='ltr' id='par_1_39' title="bbox 251 3814 1659 3896">
     <span class='ocr_line' id='line_1_40' title="bbox 251 3814 1659 3896; baseline 0.003 -23"><span class='ocrx_word' id='word_1_226' title='bbox 251 3818 402 3873; x_wconf 71' lang='grc'>4615</span> <span class='ocrx_word' id='word_1_227' title='bbox 438 3815 540 3873; x_wconf 85' lang='grc' dir='ltr'>Καὶ</span> <span class='ocrx_word' id='word_1_228' title='bbox 568 3814 845 3870; x_wconf 73' lang='grc' dir='ltr'>σπένδεται</span> <span class='ocrx_word' id='word_1_229' title='bbox 878 3815 935 3872; x_wconf 72' lang='grc' dir='ltr'>δὲ</span> <span class='ocrx_word' id='word_1_230' title='bbox 968 3816 1220 3893; x_wconf 81' lang='grc' dir='ltr'>βασιλεὺς</span> <span class='ocrx_word' id='word_1_231' title='bbox 1258 3826 1337 3893; x_wconf 81' lang='grc' dir='ltr'>τῷ</span> <span class='ocrx_word' id='word_1_232' title='bbox 1358 3821 1659 3896; x_wconf 83' lang='grc' dir='ltr'>σουλτάνῳ·</span> 
     </span>
    </p>
   </div>
   <div class='ocr_carea' id='block_1_40' title="bbox 436 3904 1598 3984">
    <p class='ocr_par' dir='ltr' id='par_1_40' title="bbox 436 3904 1598 3984">
     <span class='ocr_line' id='line_1_41' title="bbox 436 3904 1598 3984; baseline 0.007 -27"><span class='ocrx_word' id='word_1_233' title='bbox 436 3904 548 3961; x_wconf 73' lang='grc' dir='ltr'><strong>Εἶτ’</strong></span> <span class='ocrx_word' id='word_1_234' title='bbox 576 3906 880 3967; x_wconf 76' lang='grc' dir='ltr'>ἀπαναστὰς</span> <span class='ocrx_word' id='word_1_235' title='bbox 908 3910 1014 3960; x_wconf 87' lang='grc' dir='ltr'><strong>τῶν</strong></span> <span class='ocrx_word' id='word_1_236' title='bbox 1048 3912 1328 3982; x_wconf 85' lang='grc' dir='ltr'>στυγητῶν</span> <span class='ocrx_word' id='word_1_237' title='bbox 1357 3911 1598 3984; x_wconf 81' lang='grc' dir='ltr'>χωρίων,</span> 
     </span>
    </p>
   </div>
   <div class='ocr_carea' id='block_1_41' title="bbox 434 3993 1549 4072">
    <p class='ocr_par' dir='ltr' id='par_1_41' title="bbox 434 3993 1549 4072">
     <span class='ocr_line' id='line_1_42' title="bbox 434 3993 1549 4072; baseline 0.006 -26"><span class='ocrx_word' id='word_1_238' title='bbox 434 3993 514 4046; x_wconf 89' lang='grc' dir='ltr'><strong>Δι’</strong></span> <span class='ocrx_word' id='word_1_239' title='bbox 542 3995 607 4061; x_wconf 75' lang='grc' dir='ltr'>ἧς</span> <span class='ocrx_word' id='word_1_240' title='bbox 635 4000 873 4067; x_wconf 83' lang='grc' dir='ltr'>προῆκεν</span> <span class='ocrx_word' id='word_1_241' title='bbox 898 3994 1143 4066; x_wconf 86' lang='grc' dir='ltr'>ἀσμένως</span> <span class='ocrx_word' id='word_1_242' title='bbox 1176 3996 1549 4072; x_wconf 81' lang='grc' dir='ltr'>ὑποστρέφων,</span> 
     </span>
    </p>
   </div>
   <div class='ocr_carea' id='block_1_42' title="bbox 434 4079 1621 4162">
    <p class='ocr_par' dir='ltr' id='par_1_42' title="bbox 434 4079 1621 4162">
     <span class='ocr_line' id='line_1_43' title="bbox 434 4079 1621 4162; baseline 0.003 -24"><span class='ocrx_word' id='word_1_243' title='bbox 434 4079 680 4153; x_wconf 78' lang='grc' dir='ltr'>Οἶκτρὸν⁶</span> <span class='ocrx_word' id='word_1_244' title='bbox 702 4081 891 4155; x_wconf 87' lang='grc' dir='ltr'>βλέπει</span> <span class='ocrx_word' id='word_1_245' title='bbox 924 4084 1096 4155; x_wconf 85' lang='grc' dir='ltr'>θέαμα</span> <span class='ocrx_word' id='word_1_246' title='bbox 1130 4086 1321 4156; x_wconf 86' lang='grc' dir='ltr'>μεστὸν</span> <span class='ocrx_word' id='word_1_247' title='bbox 1355 4083 1621 4162; x_wconf 88' lang='grc' dir='ltr'>δακρύων,</span> 
     </span>
    </p>
   </div>
   <div class='ocr_carea' id='block_1_43' title="bbox 432 4167 1522 4249">
    <p class='ocr_par' dir='ltr' id='par_1_43' title="bbox 432 4167 1522 4249">
     <span class='ocr_line' id='line_1_44' title="bbox 432 4167 1522 4249; baseline 0.007 -27"><span class='ocrx_word' id='word_1_248' title='bbox 432 4167 532 4223; x_wconf 83' lang='grc' dir='ltr'>Καὶ</span> <span class='ocrx_word' id='word_1_249' title='bbox 562 4169 844 4246; x_wconf 72' lang='grc' dir='ltr'>συμφορὰν</span> <span class='ocrx_word' id='word_1_250' title='bbox 876 4169 1143 4226; x_wconf 70' lang='grc' dir='ltr'>οἴκτιστον</span> <span class='ocrx_word' id='word_1_251' title='bbox 1175 4173 1323 4243; x_wconf 80' lang='grc' dir='ltr'>ἀξίαν</span> <span class='ocrx_word' id='word_1_252' title='bbox 1354 4176 1522 4249; x_wconf 87' lang='grc' dir='ltr'>γόων,</span> 
     </span>
    </p>
   </div>
   <div class='ocr_carea' id='block_1_44' title="bbox 251 4254 1631 4334">
    <p class='ocr_par' dir='ltr' id='par_1_44' title="bbox 251 4254 1631 4334">
     <span class='ocr_line' id='line_1_45' title="bbox 251 4254 1631 4334; baseline 0.003 -21"><span class='ocrx_word' id='word_1_253' title='bbox 251 4259 401 4313; x_wconf 73' lang='grc'>4620</span> <span class='ocrx_word' id='word_1_254' title='bbox 432 4254 751 4332; x_wconf 77' lang='grc' dir='ltr'>Τραγῳδὶαν</span> <span class='ocrx_word' id='word_1_255' title='bbox 783 4259 831 4312; x_wconf 91' lang='grc' dir='ltr'>τ’</span> <span class='ocrx_word' id='word_1_256' title='bbox 865 4257 1101 4333; x_wconf 74' lang='grc' dir='ltr'>ἅρῥητον</span> <span class='ocrx_word' id='word_1_257' title='bbox 1134 4261 1279 4334; x_wconf 80' lang='grc' dir='ltr'>ὤμοι</span> <span class='ocrx_word' id='word_1_258' title='bbox 1309 4268 1405 4317; x_wconf 80' lang='grc' dir='ltr'><strong>τοῦ</strong></span> <span class='ocrx_word' id='word_1_259' title='bbox 1429 4264 1631 4326; x_wconf 79' lang='grc' dir='ltr'>πάθους</span> 
     </span>
    </p>
   </div>
   <div class='ocr_carea' id='block_1_45' title="bbox 434 4344 1396 4424">
    <p class='ocr_par' dir='ltr' id='par_1_45' title="bbox 434 4344 1396 4424">
     <span class='ocr_line' id='line_1_46' title="bbox 434 4344 1396 4424; baseline 0.008 -26"><span class='ocrx_word' id='word_1_260' title='bbox 434 4344 702 4424; x_wconf 71' lang='grc' dir='ltr'>Ἰερεμίου</span> <span class='ocrx_word' id='word_1_261' title='bbox 725 4352 829 4415; x_wconf 81' lang='grc' dir='ltr'><strong>τῆς</strong></span> <span class='ocrx_word' id='word_1_262' title='bbox 859 4345 1145 4423; x_wconf 86' lang='grc' dir='ltr'>φιλοίκτου</span> <span class='ocrx_word' id='word_1_263' title='bbox 1174 4348 1396 4424; x_wconf 83' lang='grc' dir='ltr'>καρδίας</span> 
     </span>
    </p>
   </div>
   <div class='ocr_carea' id='block_1_46' title="bbox 433 4419 1561 4514">
    <p class='ocr_par' dir='ltr' id='par_1_46' title="bbox 433 4419 1561 4514">
     <span class='ocr_line' id='line_1_47' title="bbox 433 4419 1561 4514; baseline 0.003 -24"><span class='ocrx_word' id='word_1_264' title='bbox 433 4431 565 4506; x_wconf 72' lang='grc' dir='ltr'>Τῇδ’</span> <span class='ocrx_word' id='word_1_265' title='bbox 598 4432 656 4487; x_wconf 81' lang='grc' dir='ltr'><strong>ἃν</strong></span> <span class='ocrx_word' id='word_1_266' title='bbox 676 4419 1106 4509; x_wconf 24' lang='grc' dir='ltr'>ἀποχρῂτςσοντος</span> <span class='ocrx_word' id='word_1_267' title='bbox 1140 4437 1215 4492; x_wconf 80' lang='grc' dir='ltr'>εἷς</span> <span class='ocrx_word' id='word_1_268' title='bbox 1245 4419 1561 4514; x_wconf 69' lang='grc' dir='ltr'><strong>⁷θρηνῳδιαν</strong></span> 
     </span>
    </p>
   </div>
   <div class='ocr_carea' id='block_1_47' title="bbox 434 4521 1442 4602">
    <p class='ocr_par' dir='ltr' id='par_1_47' title="bbox 434 4521 1442 4602">
     <span class='ocr_line' id='line_1_48' title="bbox 434 4521 1442 4602; baseline 0.004 -24"><span class='ocrx_word' id='word_1_269' title='bbox 434 4525 529 4584; x_wconf 79' lang='grc' dir='ltr'>⁸ος</span> <span class='ocrx_word' id='word_1_270' title='bbox 558 4521 761 4590; x_wconf 77' lang='grc' dir='ltr'>έξισοῦν</span> <span class='ocrx_word' id='word_1_271' title='bbox 796 4522 1015 4578; x_wconf 81' lang='grc' dir='ltr'>κάτοιδε</span> <span class='ocrx_word' id='word_1_272' title='bbox 1046 4525 1233 4580; x_wconf 83' lang='grc' dir='ltr'>πάθεσι</span> <span class='ocrx_word' id='word_1_273' title='bbox 1263 4528 1442 4602; x_wconf 87' lang='grc' dir='ltr'>γόους·</span> 
     </span>
    </p>
   </div>
   <div class='ocr_carea' id='block_1_48' title="bbox 436 4610 1635 4692">
    <p class='ocr_par' dir='ltr' id='par_1_48' title="bbox 436 4610 1635 4692">
     <span class='ocr_line' id='line_1_49' title="bbox 436 4610 1635 4692; baseline 0.009 -30"><span class='ocrx_word' id='word_1_274' title='bbox 436 4610 674 4682; x_wconf 87' lang='grc' dir='ltr'>Ὧρῶντο</span> <span class='ocrx_word' id='word_1_275' title='bbox 700 4611 805 4685; x_wconf 74' lang='grc' dir='ltr'><strong>γὰρ</strong></span> <span class='ocrx_word' id='word_1_276' title='bbox 837 4613 1130 4687; x_wconf 83' lang='grc' dir='ltr'>φάραγγες,</span> <span class='ocrx_word' id='word_1_277' title='bbox 1163 4612 1333 4692; x_wconf 79' lang='grc' dir='ltr'>ἄλφη,</span> <span class='ocrx_word' id='word_1_278' title='bbox 1366 4615 1635 4685; x_wconf 67' lang='grc' dir='ltr'>κοιλάδες,</span> 
     </span>
    </p>
   </div>
   <div class='ocr_carea' id='block_1_49' title="bbox 250 4693 1620 4779">
    <p class='ocr_par' dir='ltr' id='par_1_49' title="bbox 250 4693 1620 4779">
     <span class='ocr_line' id='line_1_50' title="bbox 250 4693 1620 4779; baseline 0.004 -24"><span class='ocrx_word' id='word_1_279' title='bbox 250 4698 403 4755; x_wconf 76' lang='grc'>4652</span> <span class='ocrx_word' id='word_1_280' title='bbox 441 4693 626 4768; x_wconf 85' lang='grc' dir='ltr'>Πεδία,</span> <span class='ocrx_word' id='word_1_281' title='bbox 655 4698 865 4770; x_wconf 87' lang='grc' dir='ltr'>τέμπη,</span> <span class='ocrx_word' id='word_1_282' title='bbox 897 4701 987 4754; x_wconf 84' lang='grc' dir='ltr'><strong>καὶ</strong></span> <span class='ocrx_word' id='word_1_283' title='bbox 1018 4701 1200 4771; x_wconf 86' lang='grc' dir='ltr'>νάπαι,</span> <span class='ocrx_word' id='word_1_284' title='bbox 1233 4705 1317 4758; x_wconf 82' lang='grc' dir='ltr'><strong>καὶ</strong></span> <span class='ocrx_word' id='word_1_285' title='bbox 1353 4702 1620 4779; x_wconf 81' lang='grc' dir='ltr'>χαράδραι</span> 
     </span>
    </p>
   </div>
   <div class='ocr_carea' id='block_1_50' title="bbox 436 4785 1623 4865">
    <p class='ocr_par' dir='ltr' id='par_1_50' title="bbox 436 4785 1623 4865">
     <span class='ocr_line' id='line_1_51' title="bbox 436 4785 1623 4865; baseline 0.003 -25"><span class='ocrx_word' id='word_1_286' title='bbox 436 4785 558 4840; x_wconf 88' lang='grc' dir='ltr'>Τῶν</span> <span class='ocrx_word' id='word_1_287' title='bbox 589 4785 915 4859; x_wconf 78' lang='grc' dir='ltr'>νικριμαίων</span> <span class='ocrx_word' id='word_1_288' title='bbox 949 4786 1212 4860; x_wconf 71' lang='grc' dir='ltr'>σωμάτων</span> <span class='ocrx_word' id='word_1_289' title='bbox 1244 4790 1623 4865; x_wconf 80' lang='grc' dir='ltr'>πεπλησμέναι</span> 
     </span>
    </p>
   </div>
   <div class='ocr_carea' id='block_1_51' title="bbox 440 4870 1462 4950">
    <p class='ocr_par' dir='ltr' id='par_1_51' title="bbox 440 4870 1462 4950">
     <span class='ocr_line' id='line_1_52' title="bbox 440 4870 1462 4950; baseline 0.009 -26"><span class='ocrx_word' id='word_1_290' title='bbox 440 4872 531 4934; x_wconf 81' lang='grc' dir='ltr'>Ὠς</span> <span class='ocrx_word' id='word_1_291' title='bbox 558 4871 634 4933; x_wconf 81' lang='grc' dir='ltr'>εἷς</span> <span class='ocrx_word' id='word_1_292' title='bbox 663 4870 909 4928; x_wconf 79' lang='grc' dir='ltr'>κολωνὸν</span> <span class='ocrx_word' id='word_1_293' title='bbox 944 4876 1462 4950; x_wconf 81' lang='grc' dir='ltr'>ὑπερανῳκισμέναι.</span> 
     </span>
    </p>
   </div>
   <div class='ocr_carea' id='block_1_52' title="bbox 440 4957 1592 5041">
    <p class='ocr_par' dir='ltr' id='par_1_52' title="bbox 440 4957 1592 5041">
     <span class='ocr_line' id='line_1_53' title="bbox 440 4957 1592 5041; baseline 0.006 -28"><span class='ocrx_word' id='word_1_294' title='bbox 440 4957 540 5013; x_wconf 80' lang='grc' dir='ltr'>Κάὶ</span> <span class='ocrx_word' id='word_1_295' title='bbox 571 4961 837 5032; x_wconf 83' lang='grc' dir='ltr'>κειμένων</span> <span class='ocrx_word' id='word_1_296' title='bbox 868 4966 972 5025; x_wconf 91' lang='grc' dir='ltr'><strong>πᾶς</strong></span> <span class='ocrx_word' id='word_1_297' title='bbox 999 4965 1065 5032; x_wconf 77' lang='grc' dir='ltr'>ἦν</span> <span class='ocrx_word' id='word_1_298' title='bbox 1100 4967 1409 5036; x_wconf 86' lang='grc' dir='ltr'>σεσειμένος</span> <span class='ocrx_word' id='word_1_299' title='bbox 1437 4964 1592 5041; x_wconf 84' lang='grc' dir='ltr'>δέρας</span> 
     </span>
    </p>
   </div>
   <div class='ocr_carea' id='block_1_53' title="bbox 440 5047 1692 5129">
    <p class='ocr_par' dir='ltr' id='par_1_53' title="bbox 440 5047 1692 5129">
     <span class='ocr_line' id='line_1_54' title="bbox 440 5047 1692 5129; baseline 0.004 -26"><span class='ocrx_word' id='word_1_300' title='bbox 440 5047 522 5103; x_wconf 89' lang='grc' dir='ltr'><strong>Τὸ</strong></span> <span class='ocrx_word' id='word_1_301' title='bbox 545 5053 646 5115; x_wconf 87' lang='grc' dir='ltr'><strong>τῆς</strong></span> <span class='ocrx_word' id='word_1_302' title='bbox 676 5057 938 5127; x_wconf 83' lang='grc' dir='ltr'>κορυφῆς,</span> <span class='ocrx_word' id='word_1_303' title='bbox 968 5053 1057 5106; x_wconf 85' lang='grc' dir='ltr'><strong>καὶ</strong></span> <span class='ocrx_word' id='word_1_304' title='bbox 1096 5052 1301 5129; x_wconf 74' lang='grc' dir='ltr'>φαλοὺς</span> <span class='ocrx_word' id='word_1_305' title='bbox 1332 5054 1692 5127; x_wconf 81' lang='grc' dir='ltr'>τετμημένος·</span> 
     </span>
    </p>
   </div>
   <div class='ocr_carea' id='block_1_54' title="bbox 252 5143 1633 5225">
    <p class='ocr_par' dir='ltr' id='par_1_54' title="bbox 252 5143 1633 5225">
     <span class='ocr_line' id='line_1_55' title="bbox 252 5143 1633 5225; baseline 0.001 -23"><span class='ocrx_word' id='word_1_306' title='bbox 252 5146 400 5202; x_wconf 73' lang='grc'>4630</span> <span class='ocrx_word' id='word_1_307' title='bbox 437 5143 527 5204; x_wconf 82' lang='grc' dir='ltr'>Ὧς</span> <span class='ocrx_word' id='word_1_308' title='bbox 556 5143 625 5212; x_wconf 77' lang='grc' dir='ltr'><strong>ἧν</strong></span> <span class='ocrx_word' id='word_1_309' title='bbox 655 5144 866 5201; x_wconf 85' lang='grc' dir='ltr'>ἀκούειν</span> <span class='ocrx_word' id='word_1_310' title='bbox 904 5149 1199 5223; x_wconf 83' lang='grc' dir='ltr'>βαροάροις</span> <span class='ocrx_word' id='word_1_311' title='bbox 1230 5150 1633 5225; x_wconf 70' lang='grc' dir='ltr'>πεπραγμένον,</span> 
     </span>
    </p>
   </div>
   <div class='ocr_carea' id='block_1_55' title="bbox 436 5231 1527 5314">
    <p class='ocr_par' dir='ltr' id='par_1_55' title="bbox 436 5231 1527 5314">
     <span class='ocr_line' id='line_1_56' title="bbox 436 5231 1527 5314; baseline 0.01 -30"><span class='ocrx_word' id='word_1_312' title='bbox 436 5232 528 5293; x_wconf 73' lang='grc' dir='ltr'>Ὠς</span> <span class='ocrx_word' id='word_1_313' title='bbox 560 5231 622 5285; x_wconf 72' lang='grc' dir='ltr'>ἂν</span> <span class='ocrx_word' id='word_1_314' title='bbox 650 5234 713 5287; x_wconf 85' lang='grc' dir='ltr'>τὸ</span> <span class='ocrx_word' id='word_1_315' title='bbox 744 5239 903 5289; x_wconf 87' lang='grc' dir='ltr'>νικῶν</span> <span class='ocrx_word' id='word_1_316' title='bbox 934 5235 1230 5314; x_wconf 80' lang='grc' dir='ltr'>ἀμφίδοξον</span> <span class='ocrx_word' id='word_1_317' title='bbox 1260 5240 1527 5314; x_wconf 87' lang='grc' dir='ltr'>τυγχάνῃ,</span> 
     </span>
    </p>
   </div>
   <div class='ocr_carea' id='block_1_56' title="bbox 435 5319 1462 5396">
    <p class='ocr_par' dir='ltr' id='par_1_56' title="bbox 435 5319 1462 5396">
     <span class='ocr_line' id='line_1_57' title="bbox 435 5319 1462 5396; baseline 0.006 -21"><span class='ocrx_word' id='word_1_318' title='bbox 435 5319 797 5393; x_wconf 78' lang='grc' dir='ltr'>Ἐκατέρωθεν</span> <span class='ocrx_word' id='word_1_319' title='bbox 835 5323 1041 5396; x_wconf 88' lang='grc' dir='ltr'>μυρίων</span> <span class='ocrx_word' id='word_1_320' title='bbox 1074 5327 1462 5381; x_wconf 70' lang='grc' dir='ltr'>πεπτωκότων*</span> 
     </span>
    </p>
   </div>
   <div class='ocr_carea' id='block_1_57' title="bbox 438 5408 1626 5489">
    <p class='ocr_par' dir='ltr' id='par_1_57' title="bbox 438 5408 1626 5489">
     <span class='ocr_line' id='line_1_58' title="bbox 438 5408 1626 5489; baseline 0.004 -24"><span class='ocrx_word' id='word_1_321' title='bbox 438 5409 630 5479; x_wconf 84' lang='grc' dir='ltr'>Ὀμως</span> <span class='ocrx_word' id='word_1_322' title='bbox 663 5408 918 5483; x_wconf 77' lang='grc' dir='ltr'>βασιλεὺς</span> <span class='ocrx_word' id='word_1_323' title='bbox 953 5411 1194 5489; x_wconf 71' lang='grc' dir='ltr'>ἰφθακὼς</span> <span class='ocrx_word' id='word_1_324' title='bbox 1226 5413 1410 5477; x_wconf 83' lang='grc' dir='ltr'>Χώνας</span> <span class='ocrx_word' id='word_1_325' title='bbox 1440 5414 1626 5484; x_wconf 89' lang='grc' dir='ltr'>πόλιν,</span> 
     </span>
    </p>
   </div>
   <div class='ocr_carea' id='block_1_58' title="bbox 443 5496 1556 5575">
    <p class='ocr_par' dir='ltr' id='par_1_58' title="bbox 443 5496 1556 5575">
     <span class='ocr_line' id='line_1_59' title="bbox 443 5496 1556 5575; baseline 0.007 -26"><span class='ocrx_word' id='word_1_326' title='bbox 443 5496 640 5551; x_wconf 81' lang='grc' dir='ltr'>Ἐκεῖσ’</span> <span class='ocrx_word' id='word_1_327' title='bbox 667 5498 991 5567; x_wconf 82' lang='grc' dir='ltr'>ἐνηυλίσατο</span> <span class='ocrx_word' id='word_1_328' title='bbox 1022 5499 1115 5554; x_wconf 76' lang='grc' dir='ltr'>σὺν</span> <span class='ocrx_word' id='word_1_329' title='bbox 1158 5502 1355 5563; x_wconf 78' lang='grc' dir='ltr'>πάσαις</span> <span class='ocrx_word' id='word_1_330' title='bbox 1388 5499 1556 5575; x_wconf 80' lang='grc' dir='ltr'>ἶλαις,</span> 
     </span>
    </p>
   </div>
   <div class='ocr_carea' id='block_1_59' title="bbox 262 5584 1603 5659">
    <p class='ocr_par' dir='ltr' id='par_1_59' title="bbox 262 5584 1603 5659">
     <span class='ocr_line' id='line_1_60' title="bbox 262 5584 1603 5659; baseline 0.004 -19"><span class='ocrx_word' id='word_1_331' title='bbox 262 5586 407 5641; x_wconf 71' lang='grc'>4635</span> <span class='ocrx_word' id='word_1_332' title='bbox 448 5584 619 5641; x_wconf 76' lang='grc' dir='ltr'>Αὐτόν</span> <span class='ocrx_word' id='word_1_333' title='bbox 650 5606 708 5640; x_wconf 89' lang='grc' dir='ltr'><strong>τε</strong></span> <span class='ocrx_word' id='word_1_334' title='bbox 739 5588 965 5659; x_wconf 89' lang='grc' dir='ltr'>στρατὸν</span> <span class='ocrx_word' id='word_1_335' title='bbox 997 5588 1281 5643; x_wconf 82' lang='grc' dir='ltr'>ἀναπαύων</span> <span class='ocrx_word' id='word_1_336' title='bbox 1315 5589 1373 5645; x_wconf 73' lang='grc' dir='ltr'>ἐκ</span> <span class='ocrx_word' id='word_1_337' title='bbox 1401 5591 1603 5646; x_wconf 87' lang='grc' dir='ltr'>πόνων·</span> 
     </span>
    </p>
   </div>
   <div class='ocr_carea' id='block_1_60' title="bbox 441 5672 1565 5754">
    <p class='ocr_par' dir='ltr' id='par_1_60' title="bbox 441 5672 1565 5754">
     <span class='ocr_line' id='line_1_61' title="bbox 441 5672 1565 5754; baseline 0.004 -24"><span class='ocrx_word' id='word_1_338' title='bbox 441 5673 554 5730; x_wconf 74' lang='grc' dir='ltr'>Εἶτ’</span> <span class='ocrx_word' id='word_1_339' title='bbox 587 5673 664 5738; x_wconf 79' lang='grc' dir='ltr'>εἷς</span> <span class='ocrx_word' id='word_1_340' title='bbox 699 5672 1099 5754; x_wconf 80' lang='grc' dir='ltr'>Φιλαδελφείαν</span> <span class='ocrx_word' id='word_1_341' title='bbox 1127 5679 1226 5746; x_wconf 81' lang='grc' dir='ltr'><strong>ἧκε</strong></span> <span class='ocrx_word' id='word_1_342' title='bbox 1254 5680 1352 5748; x_wconf 76' lang='grc' dir='ltr'><strong>τήν</strong></span> <span class='ocrx_word' id='word_1_343' title='bbox 1380 5677 1565 5748; x_wconf 85' lang='grc' dir='ltr'>πόλιν,</span> 
     </span>
    </p>
   </div>
   <div class='ocr_carea' id='block_1_61' title="bbox 1787 407 2153 462">
    <p class='ocr_par' dir='ltr' id='par_1_61' title="bbox 1787 407 2153 462">
     <span class='ocr_line' id='line_1_62' title="bbox 1787 407 2153 462; baseline -0.011 -1"><span class='ocrx_word' id='word_1_344' title='bbox 1787 407 2153 462; x_wconf 76' lang='lat' dir='ltr'><strong>CESARES.</strong></span> 
     </span>
    </p>
   </div>
   <div class='ocr_carea' id='block_1_62' title="bbox 1949 525 3043 596">
    <p class='ocr_par' dir='ltr' id='par_1_62' title="bbox 1949 525 3043 596">
     <span class='ocr_line' id='line_1_63' title="bbox 1949 525 3043 596; baseline 0.003 -16"><span class='ocrx_word' id='word_1_345' title='bbox 1949 535 1997 596; x_wconf 80' lang='grc' dir='ltr'><strong>Α</strong></span> <span class='ocrx_word' id='word_1_346' title='bbox 2032 527 2225 581; x_wconf 90' lang='lat' dir='ltr'><strong>denuo</strong></span> <span class='ocrx_word' id='word_1_347' title='bbox 2256 531 2457 581; x_wconf 80' lang='lat' dir='ltr'><strong>astans</strong></span> <span class='ocrx_word' id='word_1_348' title='bbox 2490 525 2583 581; x_wconf 93' lang='lat' dir='ltr'><strong>ille</strong></span> <span class='ocrx_word' id='word_1_349' title='bbox 2614 527 2802 582; x_wconf 81' lang='lat' dir='ltr'><strong>audax</strong></span> <span class='ocrx_word' id='word_1_350' title='bbox 2832 528 3043 583; x_wconf 90' lang='lat' dir='ltr'><strong>nebulo</strong></span> 
     </span>
    </p>
   </div>
   <div class='ocr_carea' id='block_1_63' title="bbox 2026 615 3076 685">
    <p class='ocr_par' dir='ltr' id='par_1_63' title="bbox 2026 615 3076 685">
     <span class='ocr_line' id='line_1_64' title="bbox 2026 615 3076 685; baseline 0 -14"><span class='ocrx_word' id='word_1_351' title='bbox 2026 630 2173 671; x_wconf 89' lang='lat' dir='ltr'><strong>novo</strong></span> <span class='ocrx_word' id='word_1_352' title='bbox 2205 615 2461 669; x_wconf 89' lang='lat' dir='ltr'><strong>convicio</strong></span> <span class='ocrx_word' id='word_1_353' title='bbox 2494 630 2681 685; x_wconf 82' lang='lat' dir='ltr'><strong>regem</strong></span> <span class='ocrx_word' id='word_1_354' title='bbox 2714 616 3076 682; x_wconf 82' lang='lat' dir='ltr'><strong>verberabat,</strong></span> 
     </span>
    </p>
   </div>
   <div class='ocr_carea' id='block_1_64' title="bbox 2022 698 3211 772">
    <p class='ocr_par' dir='ltr' id='par_1_64' title="bbox 2022 698 3211 772">
     <span class='ocr_line' id='line_1_65' title="bbox 2022 698 3211 772; baseline 0.004 -16"><span class='ocrx_word' id='word_1_355' title='bbox 2022 702 2181 757; x_wconf 88' lang='lat' dir='ltr'><strong>velut</strong></span> <span class='ocrx_word' id='word_1_356' title='bbox 2214 700 2310 756; x_wconf 90' lang='lat' dir='ltr'><strong>ille</strong></span> <span class='ocrx_word' id='word_1_357' title='bbox 2338 698 2524 755; x_wconf 90' lang='lat' dir='ltr'><strong>Semei</strong></span> <span class='ocrx_word' id='word_1_358' title='bbox 2556 704 2854 772; x_wconf 85' lang='lat' dir='ltr'><strong>quondam</strong></span> <span class='ocrx_word' id='word_1_359' title='bbox 2892 705 3161 760; x_wconf 87' lang='lat' dir='ltr'><strong>Davidcm</strong></span> <span class='ocrx_word' id='word_1_360' title='bbox 3197 723 3211 761; x_wconf 88' lang='lat'>:</span> 
     </span>
    </p>
   </div>
   <div class='ocr_carea' id='block_1_65' title="bbox 2023 799 3503 870">
    <p class='ocr_par' dir='ltr' id='par_1_65' title="bbox 2023 799 3503 870">
     <span class='ocr_line' id='line_1_66' title="bbox 2023 799 3503 870; baseline 0.004 -16"><span class='ocrx_word' id='word_1_361' title='bbox 2023 800 2240 870; x_wconf 80' lang='lat' dir='ltr'><strong>Sponte</strong></span> <span class='ocrx_word' id='word_1_362' title='bbox 2271 799 2574 868; x_wconf 87' lang='lat' dir='ltr'><strong>oportebat</strong></span> <span class='ocrx_word' id='word_1_363' title='bbox 2604 799 2757 853; x_wconf 91' lang='lat' dir='ltr'><strong>hunc</strong></span> <span class='ocrx_word' id='word_1_364' title='bbox 2791 800 2957 855; x_wconf 90' lang='lat' dir='ltr'><strong>nobis</strong></span> <span class='ocrx_word' id='word_1_365' title='bbox 2990 807 3162 856; x_wconf 86' lang='lat' dir='ltr'><strong>antea</strong></span> <span class='ocrx_word' id='word_1_366' title='bbox 3193 821 3503 860; x_wconf 88' lang='lat' dir='ltr'><strong>nummum</strong></span> 
     </span>
    </p>
   </div>
   <div class='ocr_carea' id='block_1_66' title="bbox 2021 888 3155 959">
    <p class='ocr_par' dir='ltr' id='par_1_66' title="bbox 2021 888 3155 959">
     <span class='ocr_line' id='line_1_67' title="bbox 2021 888 3155 959; baseline 0.004 -18"><span class='ocrx_word' id='word_1_367' title='bbox 2021 889 2180 952; x_wconf 88' lang='lat' dir='ltr'><strong>dare,</strong></span> <span class='ocrx_word' id='word_1_368' title='bbox 2216 902 2328 940; x_wconf 91' lang='lat' dir='ltr'><strong>non</strong></span> <span class='ocrx_word' id='word_1_369' title='bbox 2364 903 2517 940; x_wconf 91' lang='lat' dir='ltr'><strong>nunc</strong></span> <span class='ocrx_word' id='word_1_370' title='bbox 2551 902 2699 957; x_wconf 71' lang='lat' dir='ltr'><strong>aegre</strong></span> <span class='ocrx_word' id='word_1_371' title='bbox 2733 888 3155 959; x_wconf 90' lang='lat' dir='ltr'><strong>recipiendum.</strong></span> 
     </span>
    </p>
   </div>
   <div class='ocr_carea' id='block_1_67' title="bbox 2020 973 3118 1050">
    <p class='ocr_par' dir='ltr' id='par_1_67' title="bbox 2020 973 3118 1050">
     <span class='ocr_line' id='line_1_68' title="bbox 2020 973 3118 1050; baseline 0.006 -23"><span class='ocrx_word' id='word_1_372' title='bbox 2020 974 2181 1037; x_wconf 84' lang='lat' dir='ltr'><strong>Quod</strong></span> <span class='ocrx_word' id='word_1_373' title='bbox 2214 975 2259 1030; x_wconf 92' lang='lat' dir='ltr'><strong>si</strong></span> <span class='ocrx_word' id='word_1_374' title='bbox 2298 979 2357 1028; x_wconf 90' lang='lat' dir='ltr'><strong>tu</strong></span> <span class='ocrx_word' id='word_1_375' title='bbox 2388 973 2619 1029; x_wconf 90' lang='lat' dir='ltr'><strong>validus</strong></span> <span class='ocrx_word' id='word_1_376' title='bbox 2648 975 2735 1029; x_wconf 93' lang='lat' dir='ltr'><strong>vir</strong></span> <span class='ocrx_word' id='word_1_377' title='bbox 2764 992 2825 1031; x_wconf 92' lang='lat' dir='ltr'><strong>es</strong></span> <span class='ocrx_word' id='word_1_378' title='bbox 2856 982 2912 1031; x_wconf 92' lang='lat' dir='ltr'><strong>et</strong></span> <span class='ocrx_word' id='word_1_379' title='bbox 2942 978 3118 1050; x_wconf 81' lang='lat' dir='ltr'><strong>frugi,</strong></span> 
     </span>
    </p>
   </div>
   <div class='ocr_carea' id='block_1_68' title="bbox 2020 1063 3118 1135">
    <p class='ocr_par' dir='ltr' id='par_1_68' title="bbox 2020 1063 3118 1135">
     <span class='ocr_line' id='line_1_69' title="bbox 2020 1063 3118 1135; baseline 0.004 -18"><span class='ocrx_word' id='word_1_380' title='bbox 2020 1068 2249 1133; x_wconf 79' lang='lat' dir='ltr'><strong>raptam</strong></span> <span class='ocrx_word' id='word_1_381' title='bbox 2282 1079 2561 1133; x_wconf 85' lang='lat' dir='ltr'><strong>recupera</strong></span> <span class='ocrx_word' id='word_1_382' title='bbox 2591 1063 2759 1119; x_wconf 90' lang='lat' dir='ltr'><strong>nobis</strong></span> <span class='ocrx_word' id='word_1_383' title='bbox 2789 1066 3118 1135; x_wconf 86' lang='lat' dir='ltr'><strong>pecuniam.</strong></span> 
     </span>
    </p>
   </div>
   <div class='ocr_carea' id='block_1_69' title="bbox 2017 1150 3300 1225">
    <p class='ocr_par' dir='ltr' id='par_1_69' title="bbox 2017 1150 3300 1225">
     <span class='ocr_line' id='line_1_70' title="bbox 2017 1150 3300 1225; baseline 0.004 -19"><span class='ocrx_word' id='word_1_384' title='bbox 2017 1153 2208 1206; x_wconf 71' lang='lat' dir='ltr'><strong>Caesar</strong></span> <span class='ocrx_word' id='word_1_385' title='bbox 2237 1150 2552 1222; x_wconf 83' lang='lat' dir='ltr'><strong>tranquille</strong></span> <span class='ocrx_word' id='word_1_386' title='bbox 2583 1152 3005 1208; x_wconf 87' lang='lat' dir='ltr'><strong>conviciantem</strong></span> <span class='ocrx_word' id='word_1_387' title='bbox 3040 1157 3300 1225; x_wconf 75' lang='lat' dir='ltr'><strong>pertulit,</strong></span> 
     </span>
    </p>
   </div>
   <div class='ocr_carea' id='block_1_70' title="bbox 2018 1238 3138 1310">
    <p class='ocr_par' dir='ltr' id='par_1_70' title="bbox 2018 1238 3138 1310">
     <span class='ocr_line' id='line_1_71' title="bbox 2018 1238 3138 1310; baseline 0.004 -18"><span class='ocrx_word' id='word_1_388' title='bbox 2018 1238 2409 1310; x_wconf 62' lang='lat' dir='ltr'><strong>praeteriitque</strong></span> <span class='ocrx_word' id='word_1_389' title='bbox 2441 1240 2616 1294; x_wconf 87' lang='lat' dir='ltr'><strong>verba</strong></span> <span class='ocrx_word' id='word_1_390' title='bbox 2646 1240 2842 1296; x_wconf 81' lang='lat' dir='ltr'><strong>surdis</strong></span> <span class='ocrx_word' id='word_1_391' title='bbox 2874 1242 3138 1299; x_wconf 78' lang='lat' dir='ltr'><strong>auribus.</strong></span> 
     </span>
    </p>
   </div>
   <div class='ocr_carea' id='block_1_71' title="bbox 2015 1328 3197 1400">
    <p class='ocr_par' dir='ltr' id='par_1_71' title="bbox 2015 1328 3197 1400">
     <span class='ocr_line' id='line_1_72' title="bbox 2015 1328 3197 1400; baseline 0.003 -17"><span class='ocrx_word' id='word_1_392' title='bbox 2015 1328 2126 1383; x_wconf 91' lang='lat' dir='ltr'><strong>Sed</strong></span> <span class='ocrx_word' id='word_1_393' title='bbox 2161 1332 2469 1399; x_wconf 84' lang='lat' dir='ltr'><strong>postquam</strong></span> <span class='ocrx_word' id='word_1_394' title='bbox 2503 1344 2758 1399; x_wconf 82' lang='lat' dir='ltr'><strong>pugnam</strong></span> <span class='ocrx_word' id='word_1_395' title='bbox 2794 1347 2906 1385; x_wconf 85' lang='lat' dir='ltr'><strong>nox</strong></span> <span class='ocrx_word' id='word_1_396' title='bbox 2936 1331 3197 1400; x_wconf 89' lang='lat' dir='ltr'><strong>diremit,</strong></span> 
     </span>
    </p>
   </div>
   <div class='ocr_carea' id='block_1_72' title="bbox 2016 1416 3196 1490">
    <p class='ocr_par' dir='ltr' id='par_1_72' title="bbox 2016 1416 3196 1490">
     <span class='ocr_line' id='line_1_73' title="bbox 2016 1416 3196 1490; baseline 0.003 -20"><span class='ocrx_word' id='word_1_397' title='bbox 2016 1416 2254 1471; x_wconf 86' lang='lat' dir='ltr'><strong>sedebat</strong></span> <span class='ocrx_word' id='word_1_398' title='bbox 2283 1416 2691 1487; x_wconf 82' lang='lat' dir='ltr'><strong>unusquisque</strong></span> <span class='ocrx_word' id='word_1_399' title='bbox 2721 1418 2886 1472; x_wconf 83' lang='lat' dir='ltr'><strong>valde</strong></span> <span class='ocrx_word' id='word_1_400' title='bbox 2919 1435 3196 1490; x_wconf 68' lang='lat' dir='ltr'><strong>mosrens,</strong></span> 
     </span>
    </p>
   </div>
   <div class='ocr_carea' id='block_1_73' title="bbox 2016 1504 3215 1575">
    <p class='ocr_par' dir='ltr' id='par_1_73' title="bbox 2016 1504 3215 1575">
     <span class='ocr_line' id='line_1_74' title="bbox 2016 1504 3215 1575; baseline 0.005 -17"><span class='ocrx_word' id='word_1_401' title='bbox 2016 1508 2208 1559; x_wconf 89' lang='lat' dir='ltr'><strong>mente</strong></span> <span class='ocrx_word' id='word_1_402' title='bbox 2234 1508 2579 1575; x_wconf 66' lang='lat' dir='ltr'><strong>praesentem</strong></span> <span class='ocrx_word' id='word_1_403' title='bbox 2613 1504 2713 1559; x_wconf 91' lang='lat' dir='ltr'><strong>fati</strong></span> <span class='ocrx_word' id='word_1_404' title='bbox 2748 1505 2861 1559; x_wconf 88' lang='lat' dir='ltr'><strong>vim</strong></span> <span class='ocrx_word' id='word_1_405' title='bbox 2897 1506 3215 1564; x_wconf 83' lang='lat' dir='ltr'><strong>revolvens.</strong></span> 
     </span>
    </p>
   </div>
   <div class='ocr_carea' id='block_1_74' title="bbox 2014 1591 3158 1663">
    <p class='ocr_par' dir='ltr' id='par_1_74' title="bbox 2014 1591 3158 1663">
     <span class='ocr_line' id='line_1_75' title="bbox 2014 1591 3158 1663; baseline 0.003 -18"><span class='ocrx_word' id='word_1_406' title='bbox 2014 1592 2164 1646; x_wconf 92' lang='lat' dir='ltr'><strong>Tum</strong></span> <span class='ocrx_word' id='word_1_407' title='bbox 2194 1594 2383 1645; x_wconf 59' lang='lat' dir='ltr'><strong>Caesar</strong></span> <span class='ocrx_word' id='word_1_408' title='bbox 2412 1591 2609 1646; x_wconf 87' lang='lat' dir='ltr'><strong>animo</strong></span> <span class='ocrx_word' id='word_1_409' title='bbox 2638 1608 2703 1646; x_wconf 90' lang='lat' dir='ltr'><strong>ac</strong></span> <span class='ocrx_word' id='word_1_410' title='bbox 2734 1592 3018 1663; x_wconf 84' lang='lat' dir='ltr'><strong>dignitate</strong></span> <span class='ocrx_word' id='word_1_411' title='bbox 3049 1612 3158 1649; x_wconf 90' lang='lat' dir='ltr'><strong>sua</strong></span> 
     </span>
    </p>
   </div>
   <div class='ocr_carea' id='block_1_75' title="bbox 2013 1667 3250 1752">
    <p class='ocr_par' dir='ltr' id='par_1_75' title="bbox 2013 1667 3250 1752">
     <span class='ocr_line' id='line_1_76' title="bbox 2013 1667 3250 1752; baseline 0.004 -18"><span class='ocrx_word' id='word_1_412' title='bbox 2013 1667 2319 1751; x_wconf 76' lang='lat' dir='ltr'><strong>indignam</strong></span> <span class='ocrx_word' id='word_1_413' title='bbox 2352 1696 2593 1750; x_wconf 89' lang='lat' dir='ltr'><strong>prorsus</strong></span> <span class='ocrx_word' id='word_1_414' title='bbox 2628 1681 2868 1752; x_wconf 87' lang='lat' dir='ltr'><strong>protulit</strong></span> <span class='ocrx_word' id='word_1_415' title='bbox 2897 1684 3250 1739; x_wconf 89' lang='lat' dir='ltr'><strong>sententiam</strong></span> 
     </span>
    </p>
   </div>
   <div class='ocr_carea' id='block_1_76' title="bbox 2012 1767 3123 1828">
    <p class='ocr_par' dir='ltr' id='par_1_76' title="bbox 2012 1767 3123 1828">
     <span class='ocr_line' id='line_1_77' title="bbox 2012 1767 3123 1828; baseline 0.005 -6"><span class='ocrx_word' id='word_1_416' title='bbox 2012 1767 2167 1822; x_wconf 89' lang='lat' dir='ltr'><strong>inter</strong></span> <span class='ocrx_word' id='word_1_417' title='bbox 2193 1768 2494 1822; x_wconf 88' lang='lat' dir='ltr'><strong>adstantes</strong></span> <span class='ocrx_word' id='word_1_418' title='bbox 2523 1767 2677 1822; x_wconf 89' lang='lat' dir='ltr'><strong>viros</strong></span> <span class='ocrx_word' id='word_1_419' title='bbox 2711 1769 3079 1826; x_wconf 88' lang='lat' dir='ltr'><strong>consiliarios</strong></span> <span class='ocrx_word' id='word_1_420' title='bbox 3108 1787 3123 1828; x_wconf 90' lang='lat'><strong>:</strong></span> 
     </span>
    </p>
   </div>
   <div class='ocr_carea' id='block_1_77' title="bbox 2011 1858 3142 1930">
    <p class='ocr_par' dir='ltr' id='par_1_77' title="bbox 2011 1858 3142 1930">
     <span class='ocr_line' id='line_1_78' title="bbox 2011 1858 3142 1930; baseline 0.004 -21"><span class='ocrx_word' id='word_1_421' title='bbox 2011 1871 2221 1926; x_wconf 85' lang='lat' dir='ltr'><strong>nempe</strong></span> <span class='ocrx_word' id='word_1_422' title='bbox 2254 1859 2551 1909; x_wconf 73' lang='lat' dir='ltr'><strong>nocturnae</strong></span> <span class='ocrx_word' id='word_1_423' title='bbox 2580 1861 2786 1911; x_wconf 89' lang='lat' dir='ltr'><strong>auctor</strong></span> <span class='ocrx_word' id='word_1_424' title='bbox 2815 1863 2939 1912; x_wconf 90' lang='lat' dir='ltr'><strong>erat</strong></span> <span class='ocrx_word' id='word_1_425' title='bbox 2968 1858 3142 1930; x_wconf 68' lang='lat' dir='ltr'><strong>fugae,</strong></span> 
     </span>
    </p>
   </div>
   <div class='ocr_carea' id='block_1_78' title="bbox 2029 1944 3130 2015">
    <p class='ocr_par' dir='ltr' id='par_1_78' title="bbox 2029 1944 3130 2015">
     <span class='ocr_line' id='line_1_79' title="bbox 2029 1944 3130 2015; baseline 0.005 -17"><span class='ocrx_word' id='word_1_426' title='bbox 2029 1944 2145 1998; x_wconf 83' lang='lat' dir='ltr'><strong>fato</strong></span> <span class='ocrx_word' id='word_1_427' title='bbox 2178 1944 2466 2015; x_wconf 86' lang='lat' dir='ltr'><strong>permissa</strong></span> <span class='ocrx_word' id='word_1_428' title='bbox 2497 1944 2721 2015; x_wconf 89' lang='lat' dir='ltr'><strong>reliqua</strong></span> <span class='ocrx_word' id='word_1_429' title='bbox 2755 1945 3130 2003; x_wconf 81' lang='lat' dir='ltr'><strong>multitudine</strong></span> 
     </span>
    </p>
   </div>
   <div class='ocr_carea' id='block_1_79' title="bbox 2011 2032 2874 2105">
    <p class='ocr_par' dir='ltr' id='par_1_79' title="bbox 2011 2032 2874 2105">
     <span class='ocr_line' id='line_1_80' title="bbox 2011 2032 2874 2105; baseline 0.002 -18"><span class='ocrx_word' id='word_1_430' title='bbox 2011 2032 2472 2103; x_wconf 60' lang='lat' dir='ltr'><strong>miserrimaque</strong></span> <span class='ocrx_word' id='word_1_431' title='bbox 2502 2033 2823 2105; x_wconf 88' lang='lat' dir='ltr'><strong>captivitati</strong></span> <span class='ocrx_word' id='word_1_432' title='bbox 2862 2053 2874 2089; x_wconf 89' lang='lat'>:</span> 
     </span>
    </p>
   </div>
   <div class='ocr_carea' id='block_1_80' title="bbox 2009 2129 3449 2207">
    <p class='ocr_par' dir='ltr' id='par_1_80' title="bbox 2009 2129 3449 2207">
     <span class='ocr_line' id='line_1_81' title="bbox 2009 2129 3449 2207; baseline 0.004 -24"><span class='ocrx_word' id='word_1_433' title='bbox 2009 2145 2187 2201; x_wconf 86' lang='lat' dir='ltr'><strong>quam</strong></span> <span class='ocrx_word' id='word_1_434' title='bbox 2220 2129 2471 2200; x_wconf 89' lang='lat' dir='ltr'><strong>quisque</strong></span> <span class='ocrx_word' id='word_1_435' title='bbox 2500 2130 2746 2186; x_wconf 87' lang='lat' dir='ltr'><strong>audiens</strong></span> <span class='ocrx_word' id='word_1_436' title='bbox 2778 2149 3131 2206; x_wconf 87' lang='lat' dir='ltr'><strong>magnopere</strong></span> <span class='ocrx_word' id='word_1_437' title='bbox 3163 2135 3449 2207; x_wconf 87' lang='lat' dir='ltr'><strong>ingemuit</strong></span> 
     </span>
    </p>
   </div>
   <div class='ocr_carea' id='block_1_81' title="bbox 2009 2218 3093 2289">
    <p class='ocr_par' dir='ltr' id='par_1_81' title="bbox 2009 2218 3093 2289">
     <span class='ocr_line' id='line_1_82' title="bbox 2009 2218 3093 2289; baseline 0.006 -17"><span class='ocrx_word' id='word_1_438' title='bbox 2009 2233 2275 2289; x_wconf 77' lang='lat' dir='ltr'><strong>aegroque</strong></span> <span class='ocrx_word' id='word_1_439' title='bbox 2306 2218 2440 2273; x_wconf 89' lang='lat' dir='ltr'><strong>tulit</strong></span> <span class='ocrx_word' id='word_1_440' title='bbox 2470 2219 2667 2274; x_wconf 89' lang='lat' dir='ltr'><strong>animo</strong></span> <span class='ocrx_word' id='word_1_441' title='bbox 2697 2223 3051 2277; x_wconf 89' lang='lat' dir='ltr'><strong>sententiam</strong></span> <span class='ocrx_word' id='word_1_442' title='bbox 3080 2240 3093 2289; x_wconf 94' lang='lat'><strong>;</strong></span> 
     </span>
    </p>
   </div>
   <div class='ocr_carea' id='block_1_82' title="bbox 2007 2304 3118 2377">
    <p class='ocr_par' dir='ltr' id='par_1_82' title="bbox 2007 2304 3118 2377">
     <span class='ocr_line' id='line_1_83' title="bbox 2007 2304 3118 2377; baseline 0.005 -17"><span class='ocrx_word' id='word_1_443' title='bbox 2007 2304 2186 2377; x_wconf 91' lang='lat' dir='ltr'><strong>idque</strong></span> <span class='ocrx_word' id='word_1_444' title='bbox 2215 2307 2525 2361; x_wconf 86' lang='lat' dir='ltr'><strong>consilium</strong></span> <span class='ocrx_word' id='word_1_445' title='bbox 2559 2307 2736 2363; x_wconf 87' lang='lat' dir='ltr'><strong>veluti</strong></span> <span class='ocrx_word' id='word_1_446' title='bbox 2770 2310 3118 2366; x_wconf 88' lang='lat' dir='ltr'><strong>insanientis</strong></span> 
     </span>
    </p>
   </div>
   <div class='ocr_carea' id='block_1_83' title="bbox 2008 2394 3137 2468">
    <p class='ocr_par' dir='ltr' id='par_1_83' title="bbox 2008 2394 3137 2468">
     <span class='ocr_line' id='line_1_84' title="bbox 2008 2394 3137 2468; baseline 0.005 -21"><span class='ocrx_word' id='word_1_447' title='bbox 2008 2394 2249 2448; x_wconf 73' lang='lat' dir='ltr'><strong>Caesaris</strong></span> <span class='ocrx_word' id='word_1_448' title='bbox 2273 2395 2571 2463; x_wconf 87' lang='lat' dir='ltr'><strong>judicans,</strong></span> <span class='ocrx_word' id='word_1_449' title='bbox 2606 2396 2758 2451; x_wconf 88' lang='lat' dir='ltr'><strong>ultro</strong></span> <span class='ocrx_word' id='word_1_450' title='bbox 2788 2400 3137 2468; x_wconf 88' lang='lat' dir='ltr'><strong>reprobavit.</strong></span> 
     </span>
    </p>
   </div>
   <div class='ocr_carea' id='block_1_84' title="bbox 2009 2482 3206 2553">
    <p class='ocr_par' dir='ltr' id='par_1_84' title="bbox 2009 2482 3206 2553">
     <span class='ocr_line' id='line_1_85' title="bbox 2009 2482 3206 2553; baseline 0.006 -18"><span class='ocrx_word' id='word_1_451' title='bbox 2009 2482 2156 2553; x_wconf 89' lang='lat' dir='ltr'><strong>Ergo</strong></span> <span class='ocrx_word' id='word_1_452' title='bbox 2179 2483 2306 2552; x_wconf 89' lang='lat' dir='ltr'><strong>jam</strong></span> <span class='ocrx_word' id='word_1_453' title='bbox 2336 2488 2590 2538; x_wconf 90' lang='lat' dir='ltr'><strong>mentem</strong></span> <span class='ocrx_word' id='word_1_454' title='bbox 2622 2485 2851 2539; x_wconf 85' lang='lat' dir='ltr'><strong>Manuel</strong></span> <span class='ocrx_word' id='word_1_455' title='bbox 2885 2488 3206 2543; x_wconf 87' lang='lat' dir='ltr'><strong>immutans</strong></span> 
     </span>
    </p>
   </div>
   <div class='ocr_carea' id='block_1_85' title="bbox 2009 2573 3256 2645">
    <p class='ocr_par' dir='ltr' id='par_1_85' title="bbox 2009 2573 3256 2645">
     <span class='ocr_line' id='line_1_86' title="bbox 2009 2573 3256 2645; baseline 0.005 -20"><span class='ocrx_word' id='word_1_456' title='bbox 2009 2586 2187 2640; x_wconf 89' lang='lat' dir='ltr'><strong>seque</strong></span> <span class='ocrx_word' id='word_1_457' title='bbox 2219 2575 2509 2641; x_wconf 89' lang='lat' dir='ltr'><strong>pastorem</strong></span> <span class='ocrx_word' id='word_1_458' title='bbox 2541 2576 2713 2643; x_wconf 92' lang='lat' dir='ltr'><strong>atque</strong></span> <span class='ocrx_word' id='word_1_459' title='bbox 2745 2573 2951 2627; x_wconf 89' lang='lat' dir='ltr'><strong>ducem</strong></span> <span class='ocrx_word' id='word_1_460' title='bbox 2992 2576 3256 2645; x_wconf 68' lang='lat' dir='ltr'><strong>praebens</strong></span> 
     </span>
    </p>
   </div>
   <div class='ocr_carea' id='block_1_86' title="bbox 2008 2658 3013 2733">
    <p class='ocr_par' dir='ltr' id='par_1_86' title="bbox 2008 2658 3013 2733">
     <span class='ocr_line' id='line_1_87' title="bbox 2008 2658 3013 2733; baseline 0.004 -20"><span class='ocrx_word' id='word_1_461' title='bbox 2008 2659 2137 2713; x_wconf 78' lang='lat' dir='ltr'><strong>exin</strong></span> <span class='ocrx_word' id='word_1_462' title='bbox 2171 2658 2347 2713; x_wconf 87' lang='lat' dir='ltr'><strong>saluti</strong></span> <span class='ocrx_word' id='word_1_463' title='bbox 2380 2659 2718 2716; x_wconf 80' lang='lat' dir='ltr'><strong>consulebat</strong></span> <span class='ocrx_word' id='word_1_464' title='bbox 2750 2662 3013 2733; x_wconf 69' lang='lat' dir='ltr'><strong>publicae.</strong></span> 
     </span>
    </p>
   </div>
   <div class='ocr_carea' id='block_1_87' title="bbox 2006 2836 3187 2908">
    <p class='ocr_par' dir='ltr' id='par_1_87' title="bbox 2006 2836 3187 2908">
     <span class='ocr_line' id='line_1_88' title="bbox 2006 2836 3187 2908; baseline 0.003 -17"><span class='ocrx_word' id='word_1_465' title='bbox 2006 2836 2111 2893; x_wconf 85' lang='lat' dir='ltr'><strong>Sed</strong></span> <span class='ocrx_word' id='word_1_466' title='bbox 2142 2836 2297 2892; x_wconf 88' lang='lat' dir='ltr'><strong>Deus</strong></span> <span class='ocrx_word' id='word_1_467' title='bbox 2327 2840 2530 2891; x_wconf 88' lang='lat' dir='ltr'><strong>auctor</strong></span> <span class='ocrx_word' id='word_1_468' title='bbox 2562 2839 2933 2908; x_wconf 90' lang='lat' dir='ltr'><strong>mutatorque</strong></span> <span class='ocrx_word' id='word_1_469' title='bbox 2966 2855 3187 2906; x_wconf 91' lang='lat' dir='ltr'><strong>rerum,</strong></span> 
     </span>
    </p>
   </div>
   <div class='ocr_carea' id='block_1_88' title="bbox 2008 2924 3229 2999">
    <p class='ocr_par' dir='ltr' id='par_1_88' title="bbox 2008 2924 3229 2999">
     <span class='ocr_line' id='line_1_89' title="bbox 2008 2924 3229 2999; baseline 0.004 -20"><span class='ocrx_word' id='word_1_470' title='bbox 2008 2924 2211 2997; x_wconf 88' lang='lat' dir='ltr'><strong>plagas</strong></span> <span class='ocrx_word' id='word_1_471' title='bbox 2242 2924 2550 2997; x_wconf 89' lang='lat' dir='ltr'><strong>imponens</strong></span> <span class='ocrx_word' id='word_1_472' title='bbox 2579 2924 2962 2997; x_wconf 89' lang='lat' dir='ltr'><strong>vicissimque</strong></span> <span class='ocrx_word' id='word_1_473' title='bbox 2993 2944 3229 2999; x_wconf 89' lang='lat' dir='ltr'><strong>curans,</strong></span> 
     </span>
    </p>
   </div>
   <div class='ocr_carea' id='block_1_89' title="bbox 2005 3014 3215 3086">
    <p class='ocr_par' dir='ltr' id='par_1_89' title="bbox 2005 3014 3215 3086">
     <span class='ocr_line' id='line_1_90' title="bbox 2005 3014 3215 3086; baseline 0.001 -16"><span class='ocrx_word' id='word_1_474' title='bbox 2005 3014 2357 3070; x_wconf 80' lang='lat' dir='ltr'><strong>mortificans</strong></span> <span class='ocrx_word' id='word_1_475' title='bbox 2385 3019 2441 3069; x_wconf 89' lang='lat' dir='ltr'><strong>et</strong></span> <span class='ocrx_word' id='word_1_476' title='bbox 2470 3014 2649 3068; x_wconf 89' lang='lat' dir='ltr'><strong>vitam</strong></span> <span class='ocrx_word' id='word_1_477' title='bbox 2680 3031 2887 3070; x_wconf 90' lang='lat' dir='ltr'><strong>rursus</strong></span> <span class='ocrx_word' id='word_1_478' title='bbox 2918 3015 3215 3086; x_wconf 88' lang='lat' dir='ltr'><strong>tribuens;</strong></span> 
     </span>
    </p>
   </div>
   <div class='ocr_carea' id='block_1_90' title="bbox 2007 3102 3243 3176">
    <p class='ocr_par' dir='ltr' id='par_1_90' title="bbox 2007 3102 3243 3176">
     <span class='ocr_line' id='line_1_91' title="bbox 2007 3102 3243 3176; baseline 0.002 -19"><span class='ocrx_word' id='word_1_479' title='bbox 2007 3102 2108 3172; x_wconf 92' lang='lat' dir='ltr'><strong>qui</strong></span> <span class='ocrx_word' id='word_1_480' title='bbox 2140 3103 2361 3174; x_wconf 88' lang='lat' dir='ltr'><strong>virgam</strong></span> <span class='ocrx_word' id='word_1_481' title='bbox 2394 3102 2556 3173; x_wconf 86' lang='lat' dir='ltr'><strong>impii</strong></span> <span class='ocrx_word' id='word_1_482' title='bbox 2586 3120 2698 3159; x_wconf 88' lang='lat' dir='ltr'><strong>non</strong></span> <span class='ocrx_word' id='word_1_483' title='bbox 2729 3102 2871 3159; x_wconf 91' lang='lat' dir='ltr'><strong>sinit</strong></span> <span class='ocrx_word' id='word_1_484' title='bbox 2900 3109 3243 3176; x_wconf 90' lang='lat' dir='ltr'><strong>perpetuam</strong></span> 
     </span>
    </p>
   </div>
   <div class='ocr_carea' id='block_1_91' title="bbox 2007 3191 3294 3262">
    <p class='ocr_par' dir='ltr' id='par_1_91' title="bbox 2007 3191 3294 3262">
     <span class='ocr_line' id='line_1_92' title="bbox 2007 3191 3294 3262; baseline 0.002 -16"><span class='ocrx_word' id='word_1_485' title='bbox 2007 3196 2208 3246; x_wconf 85' lang='lat' dir='ltr'><strong>contra</strong></span> <span class='ocrx_word' id='word_1_486' title='bbox 2226 3191 2518 3259; x_wconf 88' lang='lat' dir='ltr'><strong>justorum</strong></span> <span class='ocrx_word' id='word_1_487' title='bbox 2553 3195 2769 3246; x_wconf 88' lang='lat' dir='ltr'><strong>sortem</strong></span> <span class='ocrx_word' id='word_1_488' title='bbox 2799 3191 3294 3262; x_wconf 86' lang='lat' dir='ltr'><strong>Christianorum;</strong></span> 
     </span>
    </p>
   </div>
   <div class='ocr_carea' id='block_1_92' title="bbox 1921 3253 3166 3350">
    <p class='ocr_par' dir='ltr' id='par_1_92' title="bbox 1921 3253 3166 3350">
     <span class='ocr_line' id='line_1_93' title="bbox 1921 3253 3166 3350; baseline 0 -15"><span class='ocrx_word' id='word_1_489' title='bbox 1921 3253 1965 3320; x_wconf 67' lang='grc' dir='ltr'>α</span> <span class='ocrx_word' id='word_1_490' title='bbox 2002 3279 2139 3335; x_wconf 91' lang='lat' dir='ltr'><strong>olim</strong></span> <span class='ocrx_word' id='word_1_491' title='bbox 2174 3253 2407 3335; x_wconf 75' lang='lat' dir='ltr'><strong>leonum</strong></span> <span class='ocrx_word' id='word_1_492' title='bbox 2439 3280 2537 3349; x_wconf 89' lang='lat' dir='ltr'><strong>qui</strong></span> <span class='ocrx_word' id='word_1_493' title='bbox 2572 3278 2829 3334; x_wconf 89' lang='lat' dir='ltr'><strong>inhibuit</strong></span> <span class='ocrx_word' id='word_1_494' title='bbox 2858 3280 3166 3350; x_wconf 87' lang='lat' dir='ltr'><strong>impetum,</strong></span> 
     </span>
    </p>
   </div>
   <div class='ocr_carea' id='block_1_93' title="bbox 2002 3366 3076 3439">
    <p class='ocr_par' dir='ltr' id='par_1_93' title="bbox 2002 3366 3076 3439">
     <span class='ocr_line' id='line_1_94' title="bbox 2002 3366 3076 3439; baseline -0.001 -15"><span class='ocrx_word' id='word_1_495' title='bbox 2002 3376 2067 3424; x_wconf 91' lang='lat' dir='ltr'><strong>ut</strong></span> <span class='ocrx_word' id='word_1_496' title='bbox 2087 3369 2289 3439; x_wconf 90' lang='lat' dir='ltr'><strong>justus</strong></span> <span class='ocrx_word' id='word_1_497' title='bbox 2318 3366 2416 3422; x_wconf 87' lang='lat' dir='ltr'><strong>ille</strong></span> <span class='ocrx_word' id='word_1_498' title='bbox 2448 3371 2708 3421; x_wconf 86' lang='lat' dir='ltr'><strong>maneret</strong></span> <span class='ocrx_word' id='word_1_499' title='bbox 2738 3367 3076 3435; x_wconf 85' lang='lat' dir='ltr'><strong>incolumis;</strong></span> 
     </span>
    </p>
   </div>
   <div class='ocr_carea' id='block_1_94' title="bbox 2002 3455 3071 3527">
    <p class='ocr_par' dir='ltr' id='par_1_94' title="bbox 2002 3455 3071 3527">
     <span class='ocr_line' id='line_1_95' title="bbox 2002 3455 3071 3527; baseline -0.001 -15"><span class='ocrx_word' id='word_1_500' title='bbox 2002 3457 2156 3512; x_wconf 91' lang='lat' dir='ltr'><strong>idem</strong></span> <span class='ocrx_word' id='word_1_501' title='bbox 2191 3472 2345 3511; x_wconf 90' lang='lat' dir='ltr'><strong>nunc</strong></span> <span class='ocrx_word' id='word_1_502' title='bbox 2374 3455 2609 3511; x_wconf 88' lang='lat' dir='ltr'><strong>barbari</strong></span> <span class='ocrx_word' id='word_1_503' title='bbox 2641 3455 2883 3510; x_wconf 85' lang='lat' dir='ltr'><strong>ferinam</strong></span> <span class='ocrx_word' id='word_1_504' title='bbox 2918 3456 3071 3527; x_wconf 85' lang='lat' dir='ltr'><strong>regis</strong></span> 
     </span>
    </p>
   </div>
   <div class='ocr_carea' id='block_1_95' title="bbox 1999 3543 3160 3615">
    <p class='ocr_par' dir='ltr' id='par_1_95' title="bbox 1999 3543 3160 3615">
     <span class='ocr_line' id='line_1_96' title="bbox 1999 3543 3160 3615; baseline 0 -16"><span class='ocrx_word' id='word_1_505' title='bbox 1999 3550 2058 3600; x_wconf 91' lang='lat' dir='ltr'><strong>et</strong></span> <span class='ocrx_word' id='word_1_506' title='bbox 2086 3544 2525 3615; x_wconf 86' lang='lat' dir='ltr'><strong>sanguinariam</strong></span> <span class='ocrx_word' id='word_1_507' title='bbox 2559 3544 2851 3615; x_wconf 79' lang='lat' dir='ltr'><strong>mitigavit</strong></span> <span class='ocrx_word' id='word_1_508' title='bbox 2882 3543 3160 3599; x_wconf 90' lang='lat' dir='ltr'><strong>indolem.</strong></span> 
     </span>
    </p>
   </div>
   <div class='ocr_carea' id='block_1_96' title="bbox 2002 3630 2966 3704">
    <p class='ocr_par' dir='ltr' id='par_1_96' title="bbox 2002 3630 2966 3704">
     <span class='ocr_line' id='line_1_97' title="bbox 2002 3630 2966 3704; baseline 0 -16"><span class='ocrx_word' id='word_1_509' title='bbox 2002 3634 2198 3701; x_wconf 92' lang='lat' dir='ltr'><strong>Itaque</strong></span> <span class='ocrx_word' id='word_1_510' title='bbox 2231 3630 2428 3686; x_wconf 89' lang='lat' dir='ltr'><strong>missis</strong></span> <span class='ocrx_word' id='word_1_511' title='bbox 2457 3631 2728 3688; x_wconf 88' lang='lat' dir='ltr'><strong>sultanus</strong></span> <span class='ocrx_word' id='word_1_512' title='bbox 2757 3630 2966 3704; x_wconf 87' lang='lat' dir='ltr'><strong>legatis</strong></span> 
     </span>
    </p>
   </div>
   <div class='ocr_carea' id='block_1_97' title="bbox 2004 3719 3075 3777">
    <p class='ocr_par' dir='ltr' id='par_1_97' title="bbox 2004 3719 3075 3777">
     <span class='ocr_line' id='line_1_98' title="bbox 2004 3719 3075 3777; baseline 0 -1"><span class='ocrx_word' id='word_1_513' title='bbox 2004 3721 2292 3777; x_wconf 87' lang='lat' dir='ltr'><strong>sincerum</strong></span> <span class='ocrx_word' id='word_1_514' title='bbox 2326 3719 2512 3774; x_wconf 74' lang='lat' dir='ltr'><strong>fmdus</strong></span> <span class='ocrx_word' id='word_1_515' title='bbox 2542 3720 2810 3775; x_wconf 73' lang='lat' dir='ltr'><strong>amicitiae</strong></span> <span class='ocrx_word' id='word_1_516' title='bbox 2842 3720 3075 3777; x_wconf 89' lang='lat' dir='ltr'><strong>obtulit.</strong></span> 
     </span>
    </p>
   </div>
   <div class='ocr_carea' id='block_1_98' title="bbox 2005 3817 3502 3891">
    <p class='ocr_par' dir='ltr' id='par_1_98' title="bbox 2005 3817 3502 3891">
     <span class='ocr_line' id='line_1_99' title="bbox 2005 3817 3502 3891; baseline -0.002 -15"><span class='ocrx_word' id='word_1_517' title='bbox 2005 3820 2100 3877; x_wconf 90' lang='lat' dir='ltr'><strong>Sic</strong></span> <span class='ocrx_word' id='word_1_518' title='bbox 2132 3820 2285 3874; x_wconf 88' lang='lat' dir='ltr'><strong>inter</strong></span> <span class='ocrx_word' id='word_1_519' title='bbox 2309 3820 2593 3873; x_wconf 62' lang='lat' dir='ltr'><strong>Cassarem</strong></span> <span class='ocrx_word' id='word_1_520' title='bbox 2627 3833 2734 3886; x_wconf 88' lang='lat' dir='ltr'><strong>pax</strong></span> <span class='ocrx_word' id='word_1_521' title='bbox 2766 3817 3185 3891; x_wconf 86' lang='lat' dir='ltr'><strong>sultanumque</strong></span> <span class='ocrx_word' id='word_1_522' title='bbox 3214 3818 3502 3874; x_wconf 89' lang='lat' dir='ltr'><strong>convenit.</strong></span> 
     </span>
    </p>
   </div>
   <div class='ocr_carea' id='block_1_99' title="bbox 2010 3904 3136 3979">
    <p class='ocr_par' dir='ltr' id='par_1_99' title="bbox 2010 3904 3136 3979">
     <span class='ocr_line' id='line_1_100' title="bbox 2010 3904 3136 3979; baseline 0 -18"><span class='ocrx_word' id='word_1_523' title='bbox 2010 3908 2149 3962; x_wconf 84' lang='lat' dir='ltr'><strong>Inde</strong></span> <span class='ocrx_word' id='word_1_524' title='bbox 2179 3906 2500 3979; x_wconf 87' lang='lat' dir='ltr'><strong>digressus,</strong></span> <span class='ocrx_word' id='word_1_525' title='bbox 2530 3920 2630 3974; x_wconf 91' lang='lat' dir='ltr'><strong>per</strong></span> <span class='ocrx_word' id='word_1_526' title='bbox 2660 3904 2949 3959; x_wconf 88' lang='lat' dir='ltr'><strong>infaustos</strong></span> <span class='ocrx_word' id='word_1_527' title='bbox 2980 3906 3136 3961; x_wconf 90' lang='lat' dir='ltr'><strong>locos</strong></span> 
     </span>
    </p>
   </div>
   <div class='ocr_carea' id='block_1_100' title="bbox 2008 3992 3398 4065">
    <p class='ocr_par' dir='ltr' id='par_1_100' title="bbox 2008 3992 3398 4065">
     <span class='ocr_line' id='line_1_101' title="bbox 2008 3992 3398 4065; baseline -0.002 -15"><span class='ocrx_word' id='word_1_528' title='bbox 2008 3996 2220 4065; x_wconf 90' lang='lat' dir='ltr'><strong>quibus</strong></span> <span class='ocrx_word' id='word_1_529' title='bbox 2251 3996 2631 4065; x_wconf 87' lang='lat' dir='ltr'><strong>processerat,</strong></span> <span class='ocrx_word' id='word_1_530' title='bbox 2667 4009 2821 4047; x_wconf 91' lang='lat' dir='ltr'><strong>nunc</strong></span> <span class='ocrx_word' id='word_1_531' title='bbox 2852 3992 3059 4047; x_wconf 86' lang='lat' dir='ltr'><strong>lubens</strong></span> <span class='ocrx_word' id='word_1_532' title='bbox 3092 3995 3398 4049; x_wconf 85' lang='lat' dir='ltr'><strong>revertitur</strong></span> 
     </span>
    </p>
   </div>
   <div class='ocr_carea' id='block_1_101' title="bbox 2007 4080 3285 4151">
    <p class='ocr_par' dir='ltr' id='par_1_101' title="bbox 2007 4080 3285 4151">
     <span class='ocr_line' id='line_1_102' title="bbox 2007 4080 3285 4151; baseline -0.002 -14"><span class='ocrx_word' id='word_1_533' title='bbox 2007 4081 2255 4148; x_wconf 87' lang='lat' dir='ltr'><strong>Manuel,</strong></span> <span class='ocrx_word' id='word_1_534' title='bbox 2287 4087 2342 4136; x_wconf 90' lang='lat' dir='ltr'><strong>et</strong></span> <span class='ocrx_word' id='word_1_535' title='bbox 2373 4080 2556 4135; x_wconf 89' lang='lat' dir='ltr'><strong>cernit</strong></span> <span class='ocrx_word' id='word_1_536' title='bbox 2587 4080 2833 4149; x_wconf 71' lang='lat' dir='ltr'><strong>lugubre</strong></span> <span class='ocrx_word' id='word_1_537' title='bbox 2862 4081 3285 4151; x_wconf 87' lang='lat' dir='ltr'><strong>spectaculum,</strong></span> 
     </span>
    </p>
   </div>
   <div class='ocr_carea' id='block_1_102' title="bbox 2009 4168 3132 4243">
    <p class='ocr_par' dir='ltr' id='par_1_102' title="bbox 2009 4168 3132 4243">
     <span class='ocr_line' id='line_1_103' title="bbox 2009 4168 3132 4243; baseline -0.004 -16"><span class='ocrx_word' id='word_1_538' title='bbox 2009 4174 2247 4243; x_wconf 84' lang='lat' dir='ltr'><strong>dignam</strong></span> <span class='ocrx_word' id='word_1_539' title='bbox 2278 4168 2526 4224; x_wconf 82' lang='lat' dir='ltr'><strong>infinitis</strong></span> <span class='ocrx_word' id='word_1_540' title='bbox 2557 4173 2809 4239; x_wconf 88' lang='lat' dir='ltr'><strong>stragem</strong></span> <span class='ocrx_word' id='word_1_541' title='bbox 2840 4168 3132 4240; x_wconf 83' lang='lat' dir='ltr'><strong>Iacrymis,</strong></span> 
     </span>
    </p>
   </div>
   <div class='ocr_carea' id='block_1_103' title="bbox 2010 4256 3081 4327">
    <p class='ocr_par' dir='ltr' id='par_1_103' title="bbox 2010 4256 3081 4327">
     <span class='ocr_line' id='line_1_104' title="bbox 2010 4256 3081 4327; baseline -0.003 -12"><span class='ocrx_word' id='word_1_542' title='bbox 2010 4261 2299 4315; x_wconf 89' lang='lat' dir='ltr'><strong>malorum</strong></span> <span class='ocrx_word' id='word_1_543' title='bbox 2332 4256 2680 4312; x_wconf 74' lang='lat' dir='ltr'><strong>ineffabilem</strong></span> <span class='ocrx_word' id='word_1_544' title='bbox 2715 4258 3081 4327; x_wconf 75' lang='lat' dir='ltr'><strong>tragmdiam,</strong></span> 
     </span>
    </p>
   </div>
   <div class='ocr_carea' id='block_1_104' title="bbox 2010 4346 3095 4418">
    <p class='ocr_par' dir='ltr' id='par_1_104' title="bbox 2010 4346 3095 4418">
     <span class='ocr_line' id='line_1_105' title="bbox 2010 4346 3095 4418; baseline -0.003 -16"><span class='ocrx_word' id='word_1_545' title='bbox 2010 4350 2099 4402; x_wconf 89' lang='lat' dir='ltr'><strong>cui</strong></span> <span class='ocrx_word' id='word_1_546' title='bbox 2132 4346 2567 4418; x_wconf 86' lang='lat' dir='ltr'><strong>gemebundum</strong></span> <span class='ocrx_word' id='word_1_547' title='bbox 2598 4346 2861 4400; x_wconf 84' lang='lat' dir='ltr'><strong>Jeremiae</strong></span> <span class='ocrx_word' id='word_1_548' title='bbox 2897 4352 3095 4414; x_wconf 89' lang='lat' dir='ltr'><strong>pectus</strong></span> 
     </span>
    </p>
   </div>
   <div class='ocr_carea' id='block_1_105' title="bbox 2013 4434 3039 4507">
    <p class='ocr_par' dir='ltr' id='par_1_105' title="bbox 2013 4434 3039 4507">
     <span class='ocr_line' id='line_1_106' title="bbox 2013 4434 3039 4507; baseline -0.003 -18"><span class='ocrx_word' id='word_1_549' title='bbox 2013 4454 2113 4507; x_wconf 94' lang='lat' dir='ltr'><strong>pro</strong></span> <span class='ocrx_word' id='word_1_550' title='bbox 2147 4434 2350 4490; x_wconf 89' lang='lat' dir='ltr'><strong>merito</strong></span> <span class='ocrx_word' id='word_1_551' title='bbox 2381 4434 2660 4489; x_wconf 64' lang='lat' dir='ltr'><strong>deflenda:</strong></span> <span class='ocrx_word' id='word_1_552' title='bbox 2690 4451 2836 4504; x_wconf 90' lang='lat' dir='ltr'><strong>opus</strong></span> <span class='ocrx_word' id='word_1_553' title='bbox 2874 4436 3039 4501; x_wconf 85' lang='lat' dir='ltr'><strong>foret,</strong></span> 
     </span>
    </p>
   </div>
   <div class='ocr_carea' id='block_1_106' title="bbox 2013 4520 3260 4594">
    <p class='ocr_par' dir='ltr' id='par_1_106' title="bbox 2013 4520 3260 4594">
     <span class='ocr_line' id='line_1_107' title="bbox 2013 4520 3260 4594; baseline -0.003 -16"><span class='ocrx_word' id='word_1_554' title='bbox 2013 4530 2182 4592; x_wconf 87' lang='lat' dir='ltr'><strong>atque</strong></span> <span class='ocrx_word' id='word_1_555' title='bbox 2212 4522 2566 4594; x_wconf 64' lang='lat' dir='ltr'><strong>exequando</strong></span> <span class='ocrx_word' id='word_1_556' title='bbox 2596 4520 2868 4591; x_wconf 80' lang='lat' dir='ltr'><strong>lacrymis</strong></span> <span class='ocrx_word' id='word_1_557' title='bbox 2900 4526 3058 4575; x_wconf 89' lang='lat' dir='ltr'><strong>tanto</strong></span> <span class='ocrx_word' id='word_1_558' title='bbox 3087 4522 3260 4575; x_wconf 91' lang='lat' dir='ltr'><strong>malo.</strong></span> 
     </span>
    </p>
   </div>
   <div class='ocr_carea' id='block_1_107' title="bbox 1934 4599 3222 4676">
    <p class='ocr_par' dir='ltr' id='par_1_107' title="bbox 1934 4599 3222 4676">
     <span class='ocr_line' id='line_1_108' title="bbox 1934 4599 3222 4676; baseline 0 -14"><span class='ocrx_word' id='word_1_559' title='bbox 1934 4599 1979 4662; x_wconf 87' lang='lat' dir='ltr'><strong>D</strong></span> <span class='ocrx_word' id='word_1_560' title='bbox 2010 4613 2155 4667; x_wconf 83' lang='lat' dir='ltr'><strong>Nam</strong></span> <span class='ocrx_word' id='word_1_561' title='bbox 2186 4612 2378 4667; x_wconf 90' lang='lat' dir='ltr'><strong>videre</strong></span> <span class='ocrx_word' id='word_1_562' title='bbox 2407 4615 2531 4665; x_wconf 91' lang='lat' dir='ltr'><strong>erat</strong></span> <span class='ocrx_word' id='word_1_563' title='bbox 2562 4610 2770 4676; x_wconf 87' lang='lat' dir='ltr'><strong>foveas,</strong></span> <span class='ocrx_word' id='word_1_564' title='bbox 2806 4608 2989 4674; x_wconf 90' lang='lat' dir='ltr'><strong>lucos,</strong></span> <span class='ocrx_word' id='word_1_565' title='bbox 3022 4610 3222 4676; x_wconf 88' lang='lat' dir='ltr'><strong>valles,</strong></span> 
     </span>
    </p>
   </div>
   <div class='ocr_carea' id='block_1_108' title="bbox 2010 4697 3438 4771">
    <p class='ocr_par' dir='ltr' id='par_1_108' title="bbox 2010 4697 3438 4771">
     <span class='ocr_line' id='line_1_109' title="bbox 2010 4697 3438 4771; baseline -0.002 -16"><span class='ocrx_word' id='word_1_566' title='bbox 2010 4716 2268 4771; x_wconf 90' lang='lat' dir='ltr'><strong>campos,</strong></span> <span class='ocrx_word' id='word_1_567' title='bbox 2301 4699 2511 4763; x_wconf 89' lang='lat' dir='ltr'><strong>saltus,</strong></span> <span class='ocrx_word' id='word_1_568' title='bbox 2542 4698 2865 4768; x_wconf 82' lang='lat' dir='ltr'><strong>voragines,</strong></span> <span class='ocrx_word' id='word_1_569' title='bbox 2900 4698 3095 4752; x_wconf 80' lang='lat' dir='ltr'><strong>fauces</strong></span> <span class='ocrx_word' id='word_1_570' title='bbox 3126 4697 3438 4764; x_wconf 89' lang='lat' dir='ltr'><strong>montium,</strong></span> 
     </span>
    </p>
   </div>
   <div class='ocr_carea' id='block_1_109' title="bbox 2012 4783 3020 4856">
    <p class='ocr_par' dir='ltr' id='par_1_109' title="bbox 2012 4783 3020 4856">
     <span class='ocr_line' id='line_1_110' title="bbox 2012 4783 3020 4856; baseline -0.004 -13"><span class='ocrx_word' id='word_1_571' title='bbox 2012 4787 2332 4843; x_wconf 86' lang='lat' dir='ltr'><strong>interfectis</strong></span> <span class='ocrx_word' id='word_1_572' title='bbox 2362 4785 2703 4856; x_wconf 89' lang='lat' dir='ltr'><strong>corporibus</strong></span> <span class='ocrx_word' id='word_1_573' title='bbox 2735 4783 3020 4855; x_wconf 84' lang='lat' dir='ltr'><strong>Oppletas,</strong></span> 
     </span>
    </p>
   </div>
   <div class='ocr_carea' id='block_1_110' title="bbox 2014 4871 3207 4948">
    <p class='ocr_par' dir='ltr' id='par_1_110' title="bbox 2014 4871 3207 4948">
     <span class='ocr_line' id='line_1_111' title="bbox 2014 4871 3207 4948; baseline -0.002 -17"><span class='ocrx_word' id='word_1_574' title='bbox 2014 4892 2261 4948; x_wconf 91' lang='lat' dir='ltr'><strong>quorum</strong></span> <span class='ocrx_word' id='word_1_575' title='bbox 2292 4872 2478 4929; x_wconf 89' lang='lat' dir='ltr'><strong>acervi</strong></span> <span class='ocrx_word' id='word_1_576' title='bbox 2505 4871 2724 4943; x_wconf 91' lang='lat' dir='ltr'><strong>passim</strong></span> <span class='ocrx_word' id='word_1_577' title='bbox 2757 4874 3207 4944; x_wconf 86' lang='lat' dir='ltr'><strong>consurgebant.</strong></span> 
     </span>
    </p>
   </div>
   <div class='ocr_carea' id='block_1_111' title="bbox 2011 4969 3188 5029">
    <p class='ocr_par' dir='ltr' id='par_1_111' title="bbox 2011 4969 3188 5029">
     <span class='ocr_line' id='line_1_112' title="bbox 2011 4969 3188 5029; baseline -0.004 0"><span class='ocrx_word' id='word_1_578' title='bbox 2011 4972 2341 5029; x_wconf 88' lang='lat' dir='ltr'><strong>Jacentium</strong></span> <span class='ocrx_word' id='word_1_579' title='bbox 2370 4975 2562 5025; x_wconf 91' lang='lat' dir='ltr'><strong>autem</strong></span> <span class='ocrx_word' id='word_1_580' title='bbox 2594 4969 2742 5023; x_wconf 91' lang='lat' dir='ltr'><strong>cutis</strong></span> <span class='ocrx_word' id='word_1_581' title='bbox 2774 4969 3032 5025; x_wconf 89' lang='lat' dir='ltr'><strong>detracta</strong></span> <span class='ocrx_word' id='word_1_582' title='bbox 3063 4976 3188 5025; x_wconf 88' lang='lat' dir='ltr'><strong>erat</strong></span> 
     </span>
    </p>
   </div>
   <div class='ocr_carea' id='block_1_112' title="bbox 2014 5056 3197 5132">
    <p class='ocr_par' dir='ltr' id='par_1_112' title="bbox 2014 5056 3197 5132">
     <span class='ocr_line' id='line_1_113' title="bbox 2014 5056 3197 5132; baseline -0.005 -16"><span class='ocrx_word' id='word_1_583' title='bbox 2014 5061 2329 5132; x_wconf 88' lang='lat' dir='ltr'><strong>capitibus,</strong></span> <span class='ocrx_word' id='word_1_584' title='bbox 2360 5064 2418 5113; x_wconf 90' lang='lat' dir='ltr'><strong>et</strong></span> <span class='ocrx_word' id='word_1_585' title='bbox 2449 5056 2632 5111; x_wconf 77' lang='lat' dir='ltr'><strong>virilia</strong></span> <span class='ocrx_word' id='word_1_586' title='bbox 2674 5074 2906 5128; x_wconf 92' lang='lat' dir='ltr'><strong>quoque</strong></span> <span class='ocrx_word' id='word_1_587' title='bbox 2936 5063 3197 5125; x_wconf 80' lang='lat' dir='ltr'><strong>exsecta;</strong></span> 
     </span>
    </p>
   </div>
   <div class='ocr_carea' id='block_1_113' title="bbox 2016 5145 3322 5216">
    <p class='ocr_par' dir='ltr' id='par_1_113' title="bbox 2016 5145 3322 5216">
     <span class='ocr_line' id='line_1_114' title="bbox 2016 5145 3322 5216; baseline -0.003 -12"><span class='ocrx_word' id='word_1_588' title='bbox 2016 5150 2399 5205; x_wconf 90' lang='lat' dir='ltr'><strong>barbarorum</strong></span> <span class='ocrx_word' id='word_1_589' title='bbox 2429 5162 2597 5216; x_wconf 92' lang='lat' dir='ltr'><strong>opus,</strong></span> <span class='ocrx_word' id='word_1_590' title='bbox 2626 5162 2696 5199; x_wconf 91' lang='lat' dir='ltr'><strong>ne</strong></span> <span class='ocrx_word' id='word_1_591' title='bbox 2728 5145 3109 5201; x_wconf 87' lang='lat' dir='ltr'><strong>circumcisus</strong></span> <span class='ocrx_word' id='word_1_592' title='bbox 3145 5147 3322 5200; x_wconf 83' lang='lat' dir='ltr'><strong>victor</strong></span> 
     </span>
    </p>
   </div>
   <div class='ocr_carea' id='block_1_114' title="bbox 2015 5233 3125 5302">
    <p class='ocr_par' dir='ltr' id='par_1_114' title="bbox 2015 5233 3125 5302">
     <span class='ocr_line' id='line_1_115' title="bbox 2015 5233 3125 5302; baseline -0.004 -11"><span class='ocrx_word' id='word_1_593' title='bbox 2015 5240 2058 5292; x_wconf 83' lang='lat' dir='ltr'><strong>A</strong></span> <span class='ocrx_word' id='word_1_594' title='bbox 2090 5238 2234 5290; x_wconf 87' lang='lat' dir='ltr'><strong>victo</strong></span> <span class='ocrx_word' id='word_1_595' title='bbox 2261 5234 2669 5289; x_wconf 92' lang='lat' dir='ltr'><strong>incircumciso</strong></span> <span class='ocrx_word' id='word_1_596' title='bbox 2696 5233 2815 5302; x_wconf 90' lang='lat' dir='ltr'><strong>jam</strong></span> <span class='ocrx_word' id='word_1_597' title='bbox 2850 5234 3125 5296; x_wconf 78' lang='lat' dir='ltr'><strong>differret,</strong></span> 
     </span>
    </p>
   </div>
   <div class='ocr_carea' id='block_1_115' title="bbox 2018 5321 3299 5395">
    <p class='ocr_par' dir='ltr' id='par_1_115' title="bbox 2018 5321 3299 5395">
     <span class='ocr_line' id='line_1_116' title="bbox 2018 5321 3299 5395; baseline -0.004 -17"><span class='ocrx_word' id='word_1_598' title='bbox 2018 5324 2293 5395; x_wconf 89' lang='lat' dir='ltr'><strong>quoniam</strong></span> <span class='ocrx_word' id='word_1_599' title='bbox 2327 5322 2600 5391; x_wconf 88' lang='lat' dir='ltr'><strong>utrinque</strong></span> <span class='ocrx_word' id='word_1_600' title='bbox 2631 5321 2922 5374; x_wconf 90' lang='lat' dir='ltr'><strong>innumeri</strong></span> <span class='ocrx_word' id='word_1_601' title='bbox 2955 5322 3299 5375; x_wconf 89' lang='lat' dir='ltr'><strong>ceciderant.</strong></span> 
     </span>
    </p>
   </div>
   <div class='ocr_carea' id='block_1_116' title="bbox 2020 5409 3222 5481">
    <p class='ocr_par' dir='ltr' id='par_1_116' title="bbox 2020 5409 3222 5481">
     <span class='ocr_line' id='line_1_117' title="bbox 2020 5409 3222 5481; baseline -0.007 -14"><span class='ocrx_word' id='word_1_602' title='bbox 2020 5412 2275 5481; x_wconf 89' lang='lat' dir='ltr'><strong>Denique</strong></span> <span class='ocrx_word' id='word_1_603' title='bbox 2306 5412 2496 5465; x_wconf 67' lang='lat' dir='ltr'><strong>Caesar</strong></span> <span class='ocrx_word' id='word_1_604' title='bbox 2524 5409 2752 5463; x_wconf 89' lang='lat' dir='ltr'><strong>Chonas</strong></span> <span class='ocrx_word' id='word_1_605' title='bbox 2781 5410 2981 5462; x_wconf 90' lang='lat' dir='ltr'><strong>urbem</strong></span> <span class='ocrx_word' id='word_1_606' title='bbox 3016 5409 3222 5473; x_wconf 87' lang='lat' dir='ltr'><strong>tenuit,</strong></span> 
     </span>
    </p>
   </div>
   <div class='ocr_carea' id='block_1_117' title="bbox 2017 5495 3179 5571">
    <p class='ocr_par' dir='ltr' id='par_1_117' title="bbox 2017 5495 3179 5571">
     <span class='ocr_line' id='line_1_118' title="bbox 2017 5495 3179 5571; baseline -0.007 -16"><span class='ocrx_word' id='word_1_607' title='bbox 2017 5500 2215 5571; x_wconf 88' lang='lat' dir='ltr'><strong>ibique</strong></span> <span class='ocrx_word' id='word_1_608' title='bbox 2245 5498 2527 5569; x_wconf 90' lang='lat' dir='ltr'><strong>requievit</strong></span> <span class='ocrx_word' id='word_1_609' title='bbox 2555 5513 2687 5552; x_wconf 93' lang='lat' dir='ltr'><strong>cum</strong></span> <span class='ocrx_word' id='word_1_610' title='bbox 2720 5497 2877 5551; x_wconf 90' lang='lat' dir='ltr'><strong>omni</strong></span> <span class='ocrx_word' id='word_1_611' title='bbox 2905 5495 3179 5562; x_wconf 85' lang='lat' dir='ltr'><strong>exercitu,</strong></span> 
     </span>
    </p>
   </div>
   <div class='ocr_carea' id='block_1_118' title="bbox 2021 5582 3203 5645">
    <p class='ocr_par' dir='ltr' id='par_1_118' title="bbox 2021 5582 3203 5645">
     <span class='ocr_line' id='line_1_119' title="bbox 2021 5582 3203 5645; baseline -0.008 0"><span class='ocrx_word' id='word_1_612' title='bbox 2021 5596 2200 5645; x_wconf 88' lang='lat' dir='ltr'><strong>semet</strong></span> <span class='ocrx_word' id='word_1_613' title='bbox 2229 5592 2285 5642; x_wconf 92' lang='lat' dir='ltr'><strong>et</strong></span> <span class='ocrx_word' id='word_1_614' title='bbox 2314 5586 2557 5641; x_wconf 90' lang='lat' dir='ltr'><strong>militem</strong></span> <span class='ocrx_word' id='word_1_615' title='bbox 2590 5585 2855 5639; x_wconf 85' lang='lat' dir='ltr'><strong>relaxans</strong></span> <span class='ocrx_word' id='word_1_616' title='bbox 2884 5582 3203 5638; x_wconf 88' lang='lat' dir='ltr'><strong>laboribus.</strong></span> 
     </span>
    </p>
   </div>
   <div class='ocr_carea' id='block_1_119' title="bbox 2025 5673 3116 5746">
    <p class='ocr_par' dir='ltr' id='par_1_119' title="bbox 2025 5673 3116 5746">
     <span class='ocr_line' id='line_1_120' title="bbox 2025 5673 3116 5746; baseline -0.009 -13"><span class='ocrx_word' id='word_1_617' title='bbox 2025 5673 2485 5746; x_wconf 86' lang='lat' dir='ltr'><strong>Philadelphiam</strong></span> <span class='ocrx_word' id='word_1_618' title='bbox 2518 5676 2719 5744; x_wconf 88' lang='lat' dir='ltr'><strong>postea</strong></span> <span class='ocrx_word' id='word_1_619' title='bbox 2749 5686 3116 5743; x_wconf 86' lang='lat' dir='ltr'><strong>progressus,</strong></span> 
     </span>
    </p>
   </div>
   <div class='ocr_carea' id='block_1_120' title="bbox 3566 413 3674 467">
    <p class='ocr_par' dir='ltr' id='par_1_120' title="bbox 3566 413 3674 467">
     <span class='ocr_line' id='line_1_121' title="bbox 3566 413 3674 467; baseline -0.019 -1"><span class='ocrx_word' id='word_1_620' title='bbox 3566 413 3674 467; x_wconf 82' lang='grc'>178</span> 
     </span>
    </p>
   </div>
  </div>
