  <div class='ocr_page' id='page_1' title='image "/cluster/home/n/w/nwhite01/storage/ocr_20150623/143/mdp.39015078384784/097.png"; bbox 0 0 4138 6296; ppageno 0'>
   <div class='ocr_carea' id='block_1_1' title="bbox 415 414 2049 475">
    <p class='ocr_par' dir='ltr' id='par_1_1' title="bbox 415 414 2049 475">
     <span class='ocr_line' id='line_1_1' title="bbox 415 414 2049 475; baseline 0.001 -6"><span class='ocrx_word' id='word_1_1' title='bbox 415 414 519 469; x_wconf 87' lang='grc'>179</span> <span class='ocrx_word' id='word_1_2' title='bbox 1620 419 1992 475; x_wconf 69' lang='grc' dir='ltr'>ΕΡΗΒΕΜΙΙ</span> <span class='ocrx_word' id='word_1_3' title='bbox 2029 419 2049 471; x_wconf 91' lang='grc'>(</span> 
     </span>
    </p>
   </div>
   <div class='ocr_carea' id='block_1_2' title="bbox 964 414 2598 475">
    <p class='ocr_par' dir='ltr' id='par_1_2' title="bbox 1620 415 2598 475">
     <span class='ocr_line' id='line_1_2' title="bbox 1620 415 2598 475; baseline -0.005 -1"><span class='ocrx_word' id='word_1_4' title='bbox 1620 419 1992 475; x_wconf 69' lang='grc' dir='ltr'>ΕΡΗΒΕΜΙΙ</span> <span class='ocrx_word' id='word_1_5' title='bbox 2029 415 2598 472; x_wconf 81' lang='lat' dir='ltr'>CHRONOGRAPHI</span> 
     </span>
    </p>
   </div>
   <div class='ocr_carea' id='block_1_3' title="bbox 413 538 1374 612">
    <p class='ocr_par' dir='ltr' id='par_1_3' title="bbox 413 538 1374 612">
     <span class='ocr_line' id='line_1_3' title="bbox 413 538 1374 612; baseline 0.003 -20"><span class='ocrx_word' id='word_1_6' title='bbox 413 538 493 593; x_wconf 91' lang='lat' dir='ltr'>ibi</span> <span class='ocrx_word' id='word_1_7' title='bbox 526 539 834 609; x_wconf 75' lang='lat' dir='ltr'>permultis</span> <span class='ocrx_word' id='word_1_8' title='bbox 866 540 1119 612; x_wconf 78' lang='lat' dir='ltr'>perstitit</span> <span class='ocrx_word' id='word_1_9' title='bbox 1146 542 1374 598; x_wconf 85' lang='lat' dir='ltr'>diebus.</span> 
     </span>
    </p>
   </div>
   <div class='ocr_carea' id='block_1_4' title="bbox 416 627 1587 703">
    <p class='ocr_par' dir='ltr' id='par_1_4' title="bbox 416 627 1587 703">
     <span class='ocr_line' id='line_1_4' title="bbox 416 627 1587 703; baseline 0.003 -20"><span class='ocrx_word' id='word_1_10' title='bbox 416 627 584 683; x_wconf 85' lang='lat' dir='ltr'>Illinc</span> <span class='ocrx_word' id='word_1_11' title='bbox 616 629 933 700; x_wconf 72' lang='lat' dir='ltr'>praemissis</span> <span class='ocrx_word' id='word_1_12' title='bbox 964 630 1189 687; x_wconf 85' lang='lat' dir='ltr'>nuntiis</span> <span class='ocrx_word' id='word_1_13' title='bbox 1222 630 1587 703; x_wconf 77' lang='lat' dir='ltr'>Byzantium,</span> 
     </span>
    </p>
   </div>
   <div class='ocr_carea' id='block_1_5' title="bbox 415 719 1545 791">
    <p class='ocr_par' dir='ltr' id='par_1_5' title="bbox 415 719 1545 791">
     <span class='ocr_line' id='line_1_5' title="bbox 415 719 1545 791; baseline 0.002 -18"><span class='ocrx_word' id='word_1_14' title='bbox 415 733 647 773; x_wconf 90' lang='lat' dir='ltr'>omnem</span> <span class='ocrx_word' id='word_1_15' title='bbox 681 719 759 774; x_wconf 90' lang='lat' dir='ltr'>rei</span> <span class='ocrx_word' id='word_1_16' title='bbox 794 725 967 790; x_wconf 58' lang='lat' dir='ltr'>gestas</span> <span class='ocrx_word' id='word_1_17' title='bbox 997 720 1259 775; x_wconf 83' lang='lat' dir='ltr'>ordinem</span> <span class='ocrx_word' id='word_1_18' title='bbox 1291 720 1545 791; x_wconf 84' lang='lat' dir='ltr'>exponit,</span> 
     </span>
    </p>
   </div>
   <div class='ocr_carea' id='block_1_6' title="bbox 413 806 1649 864">
    <p class='ocr_par' dir='ltr' id='par_1_6' title="bbox 413 806 1649 864">
     <span class='ocr_line' id='line_1_6' title="bbox 413 806 1649 864; baseline 0.003 -4"><span class='ocrx_word' id='word_1_19' title='bbox 413 810 470 861; x_wconf 91' lang='lat' dir='ltr'>et</span> <span class='ocrx_word' id='word_1_20' title='bbox 501 806 691 862; x_wconf 91' lang='lat' dir='ltr'>dirum</span> <span class='ocrx_word' id='word_1_21' title='bbox 724 824 925 862; x_wconf 89' lang='lat' dir='ltr'>casum</span> <span class='ocrx_word' id='word_1_22' title='bbox 957 808 1154 863; x_wconf 79' lang='lat' dir='ltr'>verbis</span> <span class='ocrx_word' id='word_1_23' title='bbox 1182 824 1295 863; x_wconf 88' lang='lat' dir='ltr'>non</span> <span class='ocrx_word' id='word_1_24' title='bbox 1329 807 1649 864; x_wconf 82' lang='lat' dir='ltr'>imminuit.</span> 
     </span>
    </p>
   </div>
   <div class='ocr_carea' id='block_1_7' title="bbox 411 907 1527 980">
    <p class='ocr_par' dir='ltr' id='par_1_7' title="bbox 411 907 1527 980">
     <span class='ocr_line' id='line_1_7' title="bbox 411 907 1527 980; baseline -0.002 -17"><span class='ocrx_word' id='word_1_25' title='bbox 411 914 559 964; x_wconf 91' lang='lat' dir='ltr'>Tum</span> <span class='ocrx_word' id='word_1_26' title='bbox 592 908 728 980; x_wconf 85' lang='lat' dir='ltr'>quia</span> <span class='ocrx_word' id='word_1_27' title='bbox 759 907 1067 963; x_wconf 72' lang='lat' dir='ltr'>Dorilaeum</span> <span class='ocrx_word' id='word_1_28' title='bbox 1103 924 1214 963; x_wconf 88' lang='lat' dir='ltr'>non</span> <span class='ocrx_word' id='word_1_29' title='bbox 1250 907 1527 975; x_wconf 82' lang='lat' dir='ltr'>diruerat,</span> 
     </span>
    </p>
   </div>
   <div class='ocr_carea' id='block_1_8' title="bbox 418 997 1415 1068">
    <p class='ocr_par' dir='ltr' id='par_1_8' title="bbox 418 997 1415 1068">
     <span class='ocr_line' id='line_1_8' title="bbox 418 997 1415 1068; baseline -0.002 -15"><span class='ocrx_word' id='word_1_30' title='bbox 418 999 588 1068; x_wconf 86' lang='lat' dir='ltr'>cujus</span> <span class='ocrx_word' id='word_1_31' title='bbox 619 998 841 1053; x_wconf 83' lang='lat' dir='ltr'>eversio</span> <span class='ocrx_word' id='word_1_32' title='bbox 874 1000 998 1052; x_wconf 88' lang='lat' dir='ltr'>rata</span> <span class='ocrx_word' id='word_1_33' title='bbox 1030 1001 1153 1052; x_wconf 88' lang='lat' dir='ltr'>erat</span> <span class='ocrx_word' id='word_1_34' title='bbox 1184 997 1415 1062; x_wconf 62' lang='lat' dir='ltr'>foedere,</span> 
     </span>
    </p>
   </div>
   <div class='ocr_carea' id='block_1_9' title="bbox 421 1085 1570 1157">
    <p class='ocr_par' dir='ltr' id='par_1_9' title="bbox 421 1085 1570 1157">
     <span class='ocr_line' id='line_1_9' title="bbox 421 1085 1570 1157; baseline -0.003 -15"><span class='ocrx_word' id='word_1_35' title='bbox 421 1086 582 1142; x_wconf 87' lang='lat' dir='ltr'>misit</span> <span class='ocrx_word' id='word_1_36' title='bbox 611 1086 831 1157; x_wconf 78' lang='lat' dir='ltr'>legatos</span> <span class='ocrx_word' id='word_1_37' title='bbox 861 1085 1132 1141; x_wconf 87' lang='lat' dir='ltr'>sultanus</span> <span class='ocrx_word' id='word_1_38' title='bbox 1165 1088 1233 1141; x_wconf 87' lang='lat' dir='ltr'>ad</span> <span class='ocrx_word' id='word_1_39' title='bbox 1263 1086 1570 1153; x_wconf 67' lang='lat' dir='ltr'>Caesarem,</span> 
     </span>
    </p>
   </div>
   <div class='ocr_carea' id='block_1_10' title="bbox 420 1175 1414 1247">
    <p class='ocr_par' dir='ltr' id='par_1_10' title="bbox 420 1175 1414 1247">
     <span class='ocr_line' id='line_1_10' title="bbox 420 1175 1414 1247; baseline 0.002 -17"><span class='ocrx_word' id='word_1_40' title='bbox 420 1176 519 1247; x_wconf 87' lang='lat' dir='ltr'>qui</span> <span class='ocrx_word' id='word_1_41' title='bbox 551 1176 620 1230; x_wconf 91' lang='lat' dir='ltr'>de</span> <span class='ocrx_word' id='word_1_42' title='bbox 643 1175 841 1245; x_wconf 89' lang='lat' dir='ltr'>jurata</span> <span class='ocrx_word' id='word_1_43' title='bbox 873 1175 1250 1229; x_wconf 84' lang='lat' dir='ltr'>admonerent</span> <span class='ocrx_word' id='word_1_44' title='bbox 1284 1175 1414 1232; x_wconf 75' lang='lat' dir='ltr'>fide.</span> 
     </span>
    </p>
   </div>
   <div class='ocr_carea' id='block_1_11' title="bbox 419 1262 1555 1329">
    <p class='ocr_par' dir='ltr' id='par_1_11' title="bbox 419 1262 1555 1329">
     <span class='ocr_line' id='line_1_11' title="bbox 419 1262 1555 1329; baseline 0.001 -10"><span class='ocrx_word' id='word_1_45' title='bbox 419 1269 607 1320; x_wconf 66' lang='lat' dir='ltr'>Umsar</span> <span class='ocrx_word' id='word_1_46' title='bbox 637 1262 849 1319; x_wconf 84' lang='lat' dir='ltr'>coactis</span> <span class='ocrx_word' id='word_1_47' title='bbox 881 1280 996 1318; x_wconf 91' lang='lat' dir='ltr'>non</span> <span class='ocrx_word' id='word_1_48' title='bbox 1029 1264 1303 1319; x_wconf 91' lang='lat' dir='ltr'>standum</span> <span class='ocrx_word' id='word_1_49' title='bbox 1337 1263 1555 1329; x_wconf 90' lang='lat' dir='ltr'>dicens,</span> 
     </span>
    </p>
   </div>
   <div class='ocr_carea' id='block_1_12' title="bbox 419 1440 1519 1511">
    <p class='ocr_par' dir='ltr' id='par_1_12' title="bbox 419 1440 1519 1511">
     <span class='ocr_line' id='line_1_12' title="bbox 419 1440 1519 1511; baseline -0.002 -14"><span class='ocrx_word' id='word_1_50' title='bbox 419 1443 637 1511; x_wconf 81' lang='lat' dir='ltr'>legatos</span> <span class='ocrx_word' id='word_1_51' title='bbox 671 1456 729 1495; x_wconf 90' lang='lat' dir='ltr'>re</span> <span class='ocrx_word' id='word_1_52' title='bbox 761 1440 972 1495; x_wconf 76' lang='lat' dir='ltr'>infecta</span> <span class='ocrx_word' id='word_1_53' title='bbox 1002 1440 1071 1494; x_wconf 87' lang='lat' dir='ltr'>ad</span> <span class='ocrx_word' id='word_1_54' title='bbox 1106 1456 1237 1495; x_wconf 90' lang='lat' dir='ltr'>eum</span> <span class='ocrx_word' id='word_1_55' title='bbox 1277 1440 1519 1495; x_wconf 91' lang='lat' dir='ltr'>remisit.</span> 
     </span>
    </p>
   </div>
   <div class='ocr_carea' id='block_1_13' title="bbox 420 1526 1662 1598">
    <p class='ocr_par' dir='ltr' id='par_1_13' title="bbox 420 1526 1662 1598">
     <span class='ocr_line' id='line_1_13' title="bbox 420 1526 1662 1598; baseline 0 -15"><span class='ocrx_word' id='word_1_56' title='bbox 420 1535 596 1585; x_wconf 80' lang='lat' dir='ltr'>Persa</span> <span class='ocrx_word' id='word_1_57' title='bbox 628 1531 846 1598; x_wconf 80' lang='lat' dir='ltr'>furens,</span> <span class='ocrx_word' id='word_1_58' title='bbox 881 1529 1090 1582; x_wconf 85' lang='lat' dir='ltr'>iterum</span> <span class='ocrx_word' id='word_1_59' title='bbox 1123 1526 1357 1584; x_wconf 90' lang='lat' dir='ltr'>colleclo</span> <span class='ocrx_word' id='word_1_60' title='bbox 1387 1528 1662 1597; x_wconf 84' lang='lat' dir='ltr'>exercitu,</span> 
     </span>
    </p>
   </div>
   <div class='ocr_carea' id='block_1_14' title="bbox 420 1617 1585 1690">
    <p class='ocr_par' dir='ltr' id='par_1_14' title="bbox 420 1617 1585 1690">
     <span class='ocr_line' id='line_1_14' title="bbox 420 1617 1585 1690; baseline -0.001 -17"><span class='ocrx_word' id='word_1_61' title='bbox 420 1618 625 1690; x_wconf 85' lang='lat' dir='ltr'>viginti</span> <span class='ocrx_word' id='word_1_62' title='bbox 657 1622 907 1689; x_wconf 79' lang='lat' dir='ltr'>quatuor</span> <span class='ocrx_word' id='word_1_63' title='bbox 937 1621 1293 1672; x_wconf 85' lang='lat' dir='ltr'>armatorum</span> <span class='ocrx_word' id='word_1_64' title='bbox 1324 1617 1585 1687; x_wconf 88' lang='lat' dir='ltr'>millibus</span> 
     </span>
    </p>
   </div>
   <div class='ocr_carea' id='block_1_15' title="bbox 419 1705 1477 1778">
    <p class='ocr_par' dir='ltr' id='par_1_15' title="bbox 419 1705 1477 1778">
     <span class='ocr_line' id='line_1_15' title="bbox 419 1705 1477 1778; baseline -0.001 -15"><span class='ocrx_word' id='word_1_65' title='bbox 419 1726 485 1763; x_wconf 82' lang='lat' dir='ltr'>ex</span> <span class='ocrx_word' id='word_1_66' title='bbox 514 1707 792 1762; x_wconf 84' lang='lat' dir='ltr'>validiore</span> <span class='ocrx_word' id='word_1_67' title='bbox 822 1705 1178 1762; x_wconf 90' lang='lat' dir='ltr'>delectorum</span> <span class='ocrx_word' id='word_1_68' title='bbox 1212 1723 1477 1778; x_wconf 85' lang='lat' dir='ltr'>numero,</span> 
     </span>
    </p>
   </div>
   <div class='ocr_carea' id='block_1_16' title="bbox 420 1796 1637 1869">
    <p class='ocr_par' dir='ltr' id='par_1_16' title="bbox 420 1796 1637 1869">
     <span class='ocr_line' id='line_1_16' title="bbox 420 1796 1637 1869; baseline 0.001 -17"><span class='ocrx_word' id='word_1_69' title='bbox 420 1812 759 1869; x_wconf 75' lang='lat' dir='ltr'>prmponens</span> <span class='ocrx_word' id='word_1_70' title='bbox 789 1797 933 1867; x_wconf 87' lang='lat' dir='ltr'>ipsis</span> <span class='ocrx_word' id='word_1_71' title='bbox 965 1796 1115 1851; x_wconf 91' lang='lat' dir='ltr'>bello</span> <span class='ocrx_word' id='word_1_72' title='bbox 1146 1797 1395 1867; x_wconf 81' lang='lat' dir='ltr'>gerendo</span> <span class='ocrx_word' id='word_1_73' title='bbox 1432 1798 1637 1853; x_wconf 90' lang='lat' dir='ltr'>ducem</span> 
     </span>
    </p>
   </div>
   <div class='ocr_carea' id='block_1_17' title="bbox 419 1884 1485 1957">
    <p class='ocr_par' dir='ltr' id='par_1_17' title="bbox 419 1884 1485 1957">
     <span class='ocr_line' id='line_1_17' title="bbox 419 1884 1485 1957; baseline 0.002 -18"><span class='ocrx_word' id='word_1_74' title='bbox 419 1888 487 1941; x_wconf 93' lang='lat' dir='ltr'>de</span> <span class='ocrx_word' id='word_1_75' title='bbox 518 1885 642 1941; x_wconf 89' lang='lat' dir='ltr'>suis</span> <span class='ocrx_word' id='word_1_76' title='bbox 672 1884 967 1940; x_wconf 81' lang='lat' dir='ltr'>nobilibus</span> <span class='ocrx_word' id='word_1_77' title='bbox 1001 1885 1250 1957; x_wconf 86' lang='lat' dir='ltr'>satrapis</span> <span class='ocrx_word' id='word_1_78' title='bbox 1284 1902 1485 1957; x_wconf 86' lang='lat' dir='ltr'>unum,</span> 
     </span>
    </p>
   </div>
   <div class='ocr_carea' id='block_1_18' title="bbox 420 1971 1404 2030">
    <p class='ocr_par' dir='ltr' id='par_1_18' title="bbox 420 1971 1404 2030">
     <span class='ocr_line' id='line_1_18' title="bbox 420 1971 1404 2030; baseline 0.001 -1"><span class='ocrx_word' id='word_1_79' title='bbox 420 1974 598 2029; x_wconf 88' lang='lat' dir='ltr'>mittit</span> <span class='ocrx_word' id='word_1_80' title='bbox 626 1973 683 2028; x_wconf 92' lang='lat' dir='ltr'>in</span> <span class='ocrx_word' id='word_1_81' title='bbox 716 1976 925 2029; x_wconf 79' lang='lat' dir='ltr'>nostrae</span> <span class='ocrx_word' id='word_1_82' title='bbox 958 1971 1198 2028; x_wconf 89' lang='lat' dir='ltr'>ditionis</span> <span class='ocrx_word' id='word_1_83' title='bbox 1230 1974 1404 2030; x_wconf 90' lang='lat' dir='ltr'>urbes</span> 
     </span>
    </p>
   </div>
   <div class='ocr_carea' id='block_1_19' title="bbox 413 2061 1706 2136">
    <p class='ocr_par' dir='ltr' id='par_1_19' title="bbox 413 2061 1706 2136">
     <span class='ocr_line' id='line_1_19' title="bbox 413 2061 1706 2136; baseline 0 -17"><span class='ocrx_word' id='word_1_84' title='bbox 413 2080 540 2136; x_wconf 66' lang='lat' dir='ltr'>quas</span> <span class='ocrx_word' id='word_1_85' title='bbox 574 2062 643 2118; x_wconf 90' lang='lat' dir='ltr'>ad</span> <span class='ocrx_word' id='word_1_86' title='bbox 678 2061 1035 2117; x_wconf 66' lang='lat' dir='ltr'>Maeandrum</span> <span class='ocrx_word' id='word_1_87' title='bbox 1065 2062 1281 2118; x_wconf 87' lang='lat' dir='ltr'>ﬂumen</span> <span class='ocrx_word' id='word_1_88' title='bbox 1315 2068 1453 2119; x_wconf 92' lang='lat' dir='ltr'>sunt</span> <span class='ocrx_word' id='word_1_89' title='bbox 1484 2064 1706 2136; x_wconf 65' lang='lat' dir='ltr'>positae.</span> 
     </span>
    </p>
   </div>
   <div class='ocr_carea' id='block_1_20' title="bbox 414 2148 1560 2221">
    <p class='ocr_par' dir='ltr' id='par_1_20' title="bbox 414 2148 1560 2221">
     <span class='ocr_line' id='line_1_20' title="bbox 414 2148 1560 2221; baseline 0 -14"><span class='ocrx_word' id='word_1_90' title='bbox 414 2154 470 2209; x_wconf 91' lang='lat' dir='ltr'>Is</span> <span class='ocrx_word' id='word_1_91' title='bbox 500 2153 618 2207; x_wconf 85' lang='lat' dir='ltr'>dux</span> <span class='ocrx_word' id='word_1_92' title='bbox 646 2148 869 2207; x_wconf 87' lang='lat' dir='ltr'>Tralles</span> <span class='ocrx_word' id='word_1_93' title='bbox 902 2150 1106 2205; x_wconf 88' lang='lat' dir='ltr'>urbem</span> <span class='ocrx_word' id='word_1_94' title='bbox 1140 2149 1250 2206; x_wconf 90' lang='lat' dir='ltr'>sibi</span> <span class='ocrx_word' id='word_1_95' title='bbox 1284 2149 1560 2221; x_wconf 87' lang='lat' dir='ltr'>vindicat,</span> 
     </span>
    </p>
   </div>
   <div class='ocr_carea' id='block_1_21' title="bbox 416 2247 1675 2321">
    <p class='ocr_par' dir='ltr' id='par_1_21' title="bbox 416 2247 1675 2321">
     <span class='ocr_line' id='line_1_21' title="bbox 416 2247 1675 2321; baseline 0.002 -18"><span class='ocrx_word' id='word_1_96' title='bbox 416 2257 596 2305; x_wconf 76' lang='lat' dir='ltr'>Luma</span> <span class='ocrx_word' id='word_1_97' title='bbox 627 2253 685 2305; x_wconf 91' lang='lat' dir='ltr'>et</span> <span class='ocrx_word' id='word_1_98' title='bbox 711 2247 1076 2304; x_wconf 87' lang='lat' dir='ltr'>Antiochiam</span> <span class='ocrx_word' id='word_1_99' title='bbox 1110 2248 1168 2303; x_wconf 92' lang='lat' dir='ltr'>in</span> <span class='ocrx_word' id='word_1_100' title='bbox 1204 2248 1447 2321; x_wconf 84' lang='lat' dir='ltr'>Phrygia</span> <span class='ocrx_word' id='word_1_101' title='bbox 1479 2250 1675 2318; x_wconf 87' lang='lat' dir='ltr'>sitam,</span> 
     </span>
    </p>
   </div>
   <div class='ocr_carea' id='block_1_22' title="bbox 409 2339 1639 2413">
    <p class='ocr_par' dir='ltr' id='par_1_22' title="bbox 409 2339 1639 2413">
     <span class='ocr_line' id='line_1_22' title="bbox 409 2339 1639 2413; baseline 0 -17"><span class='ocrx_word' id='word_1_102' title='bbox 409 2344 544 2397; x_wconf 87' lang='lat' dir='ltr'>item</span> <span class='ocrx_word' id='word_1_103' title='bbox 572 2339 914 2396; x_wconf 81' lang='lat' dir='ltr'>Pentacbira</span> <span class='ocrx_word' id='word_1_104' title='bbox 943 2356 1076 2394; x_wconf 90' lang='lat' dir='ltr'>cum</span> <span class='ocrx_word' id='word_1_105' title='bbox 1109 2339 1366 2396; x_wconf 87' lang='lat' dir='ltr'>castellis</span> <span class='ocrx_word' id='word_1_106' title='bbox 1396 2341 1639 2413; x_wconf 86' lang='lat' dir='ltr'>aliquot,</span> 
     </span>
    </p>
   </div>
   <div class='ocr_carea' id='block_1_23' title="bbox 409 2427 1513 2503">
    <p class='ocr_par' dir='ltr' id='par_1_23' title="bbox 409 2427 1513 2503">
     <span class='ocr_line' id='line_1_23' title="bbox 409 2427 1513 2503; baseline -0.001 -16"><span class='ocrx_word' id='word_1_107' title='bbox 409 2437 584 2503; x_wconf 88' lang='lat' dir='ltr'>atque</span> <span class='ocrx_word' id='word_1_108' title='bbox 616 2428 941 2485; x_wconf 87' lang='lat' dir='ltr'>maritimos</span> <span class='ocrx_word' id='word_1_109' title='bbox 970 2427 1284 2499; x_wconf 87' lang='lat' dir='ltr'>populatur</span> <span class='ocrx_word' id='word_1_110' title='bbox 1314 2447 1513 2501; x_wconf 83' lang='lat' dir='ltr'>pagos.</span> 
     </span>
    </p>
   </div>
   <div class='ocr_carea' id='block_1_24' title="bbox 409 2514 1529 2585">
    <p class='ocr_par' dir='ltr' id='par_1_24' title="bbox 409 2514 1529 2585">
     <span class='ocr_line' id='line_1_24' title="bbox 409 2514 1529 2585; baseline -0.002 -10"><span class='ocrx_word' id='word_1_111' title='bbox 409 2521 517 2575; x_wconf 90' lang='lat' dir='ltr'>Sed</span> <span class='ocrx_word' id='word_1_112' title='bbox 551 2522 736 2573; x_wconf 68' lang='lat' dir='ltr'>Caesar</span> <span class='ocrx_word' id='word_1_113' title='bbox 769 2514 969 2572; x_wconf 90' lang='lat' dir='ltr'>missis</span> <span class='ocrx_word' id='word_1_114' title='bbox 1001 2516 1123 2571; x_wconf 90' lang='lat' dir='ltr'>suis</span> <span class='ocrx_word' id='word_1_115' title='bbox 1155 2517 1529 2585; x_wconf 84' lang='lat' dir='ltr'>exercitibus,</span> 
     </span>
    </p>
   </div>
   <div class='ocr_carea' id='block_1_25' title="bbox 409 2605 1719 2677">
    <p class='ocr_par' dir='ltr' id='par_1_25' title="bbox 409 2605 1719 2677">
     <span class='ocr_line' id='line_1_25' title="bbox 409 2605 1719 2677; baseline 0 -14"><span class='ocrx_word' id='word_1_116' title='bbox 409 2608 611 2663; x_wconf 90' lang='lat' dir='ltr'>multis</span> <span class='ocrx_word' id='word_1_117' title='bbox 644 2605 972 2676; x_wconf 80' lang='lat' dir='ltr'>legionibus</span> <span class='ocrx_word' id='word_1_118' title='bbox 1004 2621 1137 2660; x_wconf 93' lang='lat' dir='ltr'>cum</span> <span class='ocrx_word' id='word_1_119' title='bbox 1165 2606 1416 2676; x_wconf 86' lang='lat' dir='ltr'>egregiis</span> <span class='ocrx_word' id='word_1_120' title='bbox 1447 2607 1719 2677; x_wconf 89' lang='lat' dir='ltr'>ducibus,</span> 
     </span>
    </p>
   </div>
   <div class='ocr_carea' id='block_1_26' title="bbox 409 2694 1419 2767">
    <p class='ocr_par' dir='ltr' id='par_1_26' title="bbox 409 2694 1419 2767">
     <span class='ocr_line' id='line_1_26' title="bbox 409 2694 1419 2767; baseline -0.002 -15"><span class='ocrx_word' id='word_1_121' title='bbox 409 2698 604 2752; x_wconf 79' lang='lat' dir='ltr'>hostes</span> <span class='ocrx_word' id='word_1_122' title='bbox 637 2694 945 2767; x_wconf 68' lang='lat' dir='ltr'>praevalida</span> <span class='ocrx_word' id='word_1_123' title='bbox 977 2710 1148 2747; x_wconf 89' lang='lat' dir='ltr'>manu</span> <span class='ocrx_word' id='word_1_124' title='bbox 1182 2695 1419 2765; x_wconf 90' lang='lat' dir='ltr'>cecidit;</span> 
     </span>
    </p>
   </div>
   <div class='ocr_carea' id='block_1_27' title="bbox 410 2786 1601 2860">
    <p class='ocr_par' dir='ltr' id='par_1_27' title="bbox 410 2786 1601 2860">
     <span class='ocr_line' id='line_1_27' title="bbox 410 2786 1601 2860; baseline -0.002 -17"><span class='ocrx_word' id='word_1_125' title='bbox 410 2803 661 2860; x_wconf 88' lang='lat' dir='ltr'>quorum</span> <span class='ocrx_word' id='word_1_126' title='bbox 694 2802 762 2840; x_wconf 85' lang='lat' dir='ltr'>ex</span> <span class='ocrx_word' id='word_1_127' title='bbox 790 2790 951 2840; x_wconf 90' lang='lat' dir='ltr'>tanto</span> <span class='ocrx_word' id='word_1_128' title='bbox 984 2802 1227 2840; x_wconf 89' lang='lat' dir='ltr'>numero</span> <span class='ocrx_word' id='word_1_129' title='bbox 1260 2786 1601 2857; x_wconf 88' lang='lat' dir='ltr'>paucissimi</span> 
     </span>
    </p>
   </div>
   <div class='ocr_carea' id='block_1_28' title="bbox 410 2875 1408 2933">
    <p class='ocr_par' dir='ltr' id='par_1_28' title="bbox 410 2875 1408 2933">
     <span class='ocr_line' id='line_1_28' title="bbox 410 2875 1408 2933; baseline -0.003 -1"><span class='ocrx_word' id='word_1_130' title='bbox 410 2877 570 2933; x_wconf 89' lang='lat' dir='ltr'>necis</span> <span class='ocrx_word' id='word_1_131' title='bbox 601 2878 855 2930; x_wconf 72' lang='lat' dir='ltr'>cruentae</span> <span class='ocrx_word' id='word_1_132' title='bbox 889 2875 1069 2927; x_wconf 84' lang='lat' dir='ltr'>fatum</span> <span class='ocrx_word' id='word_1_133' title='bbox 1106 2875 1364 2929; x_wconf 88' lang='lat' dir='ltr'>vitarunt</span> <span class='ocrx_word' id='word_1_134' title='bbox 1396 2892 1408 2929; x_wconf 87' lang='lat'><strong>:</strong></span> 
     </span>
    </p>
   </div>
   <div class='ocr_carea' id='block_1_29' title="bbox 411 2952 1446 3026">
    <p class='ocr_par' dir='ltr' id='par_1_29' title="bbox 411 2952 1446 3026">
     <span class='ocr_line' id='line_1_29' title="bbox 411 2952 1446 3026; baseline -0.003 -13"><span class='ocrx_word' id='word_1_135' title='bbox 411 2956 779 3026; x_wconf 88' lang='lat' dir='ltr'>multamque</span> <span class='ocrx_word' id='word_1_136' title='bbox 810 2952 1005 3009; x_wconf 86' lang='lat' dir='ltr'>attulit</span> <span class='ocrx_word' id='word_1_137' title='bbox 1031 2956 1446 3010; x_wconf 89' lang='lat' dir='ltr'>recreationem</span> 
     </span>
    </p>
   </div>
   <div class='ocr_carea' id='block_1_30' title="bbox 411 3040 1465 3114">
    <p class='ocr_par' dir='ltr' id='par_1_30' title="bbox 411 3040 1465 3114">
     <span class='ocr_line' id='line_1_30' title="bbox 411 3040 1465 3114; baseline -0.003 -12"><span class='ocrx_word' id='word_1_138' title='bbox 411 3047 588 3103; x_wconf 90' lang='lat' dir='ltr'>rebus</span> <span class='ocrx_word' id='word_1_139' title='bbox 617 3042 899 3100; x_wconf 82' lang='lat' dir='ltr'>Romanis</span> <span class='ocrx_word' id='word_1_140' title='bbox 929 3040 1155 3097; x_wconf 86' lang='lat' dir='ltr'>facinus</span> <span class='ocrx_word' id='word_1_141' title='bbox 1190 3059 1465 3114; x_wconf 80' lang='lat' dir='ltr'>praesens,</span> 
     </span>
    </p>
   </div>
   <div class='ocr_carea' id='block_1_31' title="bbox 412 3131 1593 3208">
    <p class='ocr_par' dir='ltr' id='par_1_31' title="bbox 412 3131 1593 3208">
     <span class='ocr_line' id='line_1_31' title="bbox 412 3131 1593 3208; baseline -0.003 -17"><span class='ocrx_word' id='word_1_142' title='bbox 412 3135 693 3208; x_wconf 89' lang='lat' dir='ltr'>quoniam</span> <span class='ocrx_word' id='word_1_143' title='bbox 725 3132 1033 3186; x_wconf 86' lang='lat' dir='ltr'>Persarum</span> <span class='ocrx_word' id='word_1_144' title='bbox 1067 3131 1238 3202; x_wconf 83' lang='lat' dir='ltr'>fregit</span> <span class='ocrx_word' id='word_1_145' title='bbox 1268 3131 1593 3189; x_wconf 87' lang='lat' dir='ltr'>audaciam.</span> 
     </span>
    </p>
   </div>
   <div class='ocr_carea' id='block_1_32' title="bbox 410 3217 1622 3292">
    <p class='ocr_par' dir='ltr' id='par_1_32' title="bbox 410 3217 1622 3292">
     <span class='ocr_line' id='line_1_32' title="bbox 410 3217 1622 3292; baseline -0.003 -12"><span class='ocrx_word' id='word_1_146' title='bbox 410 3224 521 3280; x_wconf 90' lang='lat' dir='ltr'>Sed</span> <span class='ocrx_word' id='word_1_147' title='bbox 556 3226 612 3278; x_wconf 88' lang='lat' dir='ltr'>et</span> <span class='ocrx_word' id='word_1_148' title='bbox 641 3217 1035 3288; x_wconf 90' lang='lat' dir='ltr'>Claudiopolis</span> <span class='ocrx_word' id='word_1_149' title='bbox 1063 3219 1172 3273; x_wconf 91' lang='lat' dir='ltr'>sub</span> <span class='ocrx_word' id='word_1_150' title='bbox 1206 3218 1357 3273; x_wconf 85' lang='lat' dir='ltr'>idem</span> <span class='ocrx_word' id='word_1_151' title='bbox 1390 3225 1622 3292; x_wconf 89' lang='lat' dir='ltr'>tempus</span> 
     </span>
    </p>
   </div>
   <div class='ocr_carea' id='block_1_33' title="bbox 409 3306 1481 3381">
    <p class='ocr_par' dir='ltr' id='par_1_33' title="bbox 409 3306 1481 3381">
     <span class='ocr_line' id='line_1_33' title="bbox 409 3306 1481 3381; baseline -0.006 -14"><span class='ocrx_word' id='word_1_152' title='bbox 409 3311 480 3367; x_wconf 91' lang='lat' dir='ltr'>ab</span> <span class='ocrx_word' id='word_1_153' title='bbox 511 3308 791 3381; x_wconf 87' lang='lat' dir='ltr'>Agarenis</span> <span class='ocrx_word' id='word_1_154' title='bbox 822 3309 1045 3361; x_wconf 89' lang='lat' dir='ltr'>tentata</span> <span class='ocrx_word' id='word_1_155' title='bbox 1072 3310 1161 3362; x_wconf 90' lang='lat' dir='ltr'>est</span> <span class='ocrx_word' id='word_1_156' title='bbox 1190 3306 1481 3364; x_wconf 89' lang='lat' dir='ltr'>Barbaris.</span> 
     </span>
    </p>
   </div>
   <div class='ocr_carea' id='block_1_34' title="bbox 410 3403 1676 3479">
    <p class='ocr_par' dir='ltr' id='par_1_34' title="bbox 410 3403 1676 3479">
     <span class='ocr_line' id='line_1_34' title="bbox 410 3403 1676 3479; baseline -0.001 -14"><span class='ocrx_word' id='word_1_157' title='bbox 410 3408 656 3479; x_wconf 88' lang='lat' dir='ltr'>Cognita</span> <span class='ocrx_word' id='word_1_158' title='bbox 685 3422 763 3474; x_wconf 90' lang='lat' dir='ltr'>re,</span> <span class='ocrx_word' id='word_1_159' title='bbox 800 3403 1031 3460; x_wconf 89' lang='lat' dir='ltr'>Manuel</span> <span class='ocrx_word' id='word_1_160' title='bbox 1064 3405 1328 3477; x_wconf 85' lang='lat' dir='ltr'>expedite</span> <span class='ocrx_word' id='word_1_161' title='bbox 1356 3406 1676 3464; x_wconf 84' lang='lat' dir='ltr'>admodum</span> 
     </span>
    </p>
   </div>
   <div class='ocr_carea' id='block_1_35' title="bbox 412 3493 1582 3568">
    <p class='ocr_par' dir='ltr' id='par_1_35' title="bbox 412 3493 1582 3568">
     <span class='ocr_line' id='line_1_35' title="bbox 412 3493 1582 3568; baseline -0.002 -15"><span class='ocrx_word' id='word_1_162' title='bbox 412 3502 585 3568; x_wconf 88' lang='lat' dir='ltr'>atque</span> <span class='ocrx_word' id='word_1_163' title='bbox 615 3512 646 3551; x_wconf 93' lang='lat' dir='ltr'>e</span> <span class='ocrx_word' id='word_1_164' title='bbox 674 3493 921 3565; x_wconf 88' lang='lat' dir='ltr'>vestigio</span> <span class='ocrx_word' id='word_1_165' title='bbox 951 3493 1144 3550; x_wconf 91' lang='lat' dir='ltr'>itineri</span> <span class='ocrx_word' id='word_1_166' title='bbox 1172 3511 1232 3550; x_wconf 89' lang='lat' dir='ltr'>se</span> <span class='ocrx_word' id='word_1_167' title='bbox 1265 3495 1582 3563; x_wconf 92' lang='lat' dir='ltr'>commisit,</span> 
     </span>
    </p>
   </div>
   <div class='ocr_carea' id='block_1_36' title="bbox 415 3581 1379 3656">
    <p class='ocr_par' dir='ltr' id='par_1_36' title="bbox 415 3581 1379 3656">
     <span class='ocr_line' id='line_1_36' title="bbox 415 3581 1379 3656; baseline -0.005 -14"><span class='ocrx_word' id='word_1_168' title='bbox 415 3586 542 3642; x_wconf 91' lang='lat' dir='ltr'>sine</span> <span class='ocrx_word' id='word_1_169' title='bbox 574 3582 755 3656; x_wconf 87' lang='lat' dir='ltr'>regali</span> <span class='ocrx_word' id='word_1_170' title='bbox 786 3581 953 3653; x_wconf 89' lang='lat' dir='ltr'>lecto,</span> <span class='ocrx_word' id='word_1_171' title='bbox 988 3582 1114 3638; x_wconf 90' lang='lat' dir='ltr'>sine</span> <span class='ocrx_word' id='word_1_172' title='bbox 1146 3583 1379 3651; x_wconf 87' lang='lat' dir='ltr'>culcita,</span> 
     </span>
    </p>
   </div>
   <div class='ocr_carea' id='block_1_37' title="bbox 414 3671 1685 3747">
    <p class='ocr_par' dir='ltr' id='par_1_37' title="bbox 414 3671 1685 3747">
     <span class='ocr_line' id='line_1_37' title="bbox 414 3671 1685 3747; baseline -0.001 -16"><span class='ocrx_word' id='word_1_173' title='bbox 414 3692 485 3731; x_wconf 88' lang='lat' dir='ltr'>ne</span> <span class='ocrx_word' id='word_1_174' title='bbox 517 3673 817 3747; x_wconf 90' lang='lat' dir='ltr'>proprium</span> <span class='ocrx_word' id='word_1_175' title='bbox 852 3671 1089 3742; x_wconf 88' lang='lat' dir='ltr'>quidem</span> <span class='ocrx_word' id='word_1_176' title='bbox 1126 3674 1315 3727; x_wconf 83' lang='lat' dir='ltr'>ferens</span> <span class='ocrx_word' id='word_1_177' title='bbox 1348 3674 1685 3744; x_wconf 90' lang='lat' dir='ltr'>tentorium,</span> 
     </span>
    </p>
   </div>
   <div class='ocr_carea' id='block_1_38' title="bbox 415 3760 1563 3833">
    <p class='ocr_par' dir='ltr' id='par_1_38' title="bbox 415 3760 1563 3833">
     <span class='ocr_line' id='line_1_38' title="bbox 415 3760 1563 3833; baseline 0 -13"><span class='ocrx_word' id='word_1_178' title='bbox 415 3767 556 3821; x_wconf 92' lang='lat' dir='ltr'>dum</span> <span class='ocrx_word' id='word_1_179' title='bbox 590 3763 928 3818; x_wconf 89' lang='lat' dir='ltr'>obsessores</span> <span class='ocrx_word' id='word_1_180' title='bbox 958 3760 1171 3832; x_wconf 87' lang='lat' dir='ltr'>satagit</span> <span class='ocrx_word' id='word_1_181' title='bbox 1207 3767 1563 3833; x_wconf 69' lang='lat' dir='ltr'>praevertere.</span> 
     </span>
    </p>
   </div>
   <div class='ocr_carea' id='block_1_39' title="bbox 414 3850 1426 3925">
    <p class='ocr_par' dir='ltr' id='par_1_39' title="bbox 414 3850 1426 3925">
     <span class='ocr_line' id='line_1_39' title="bbox 414 3850 1426 3925; baseline -0.001 -15"><span class='ocrx_word' id='word_1_182' title='bbox 414 3856 617 3925; x_wconf 89' lang='lat' dir='ltr'>Itaque</span> <span class='ocrx_word' id='word_1_183' title='bbox 646 3854 843 3906; x_wconf 90' lang='lat' dir='ltr'>noctes</span> <span class='ocrx_word' id='word_1_184' title='bbox 876 3850 1084 3921; x_wconf 86' lang='lat' dir='ltr'>agebat</span> <span class='ocrx_word' id='word_1_185' title='bbox 1104 3850 1426 3920; x_wconf 89' lang='lat' dir='ltr'>insomnes,</span> 
     </span>
    </p>
   </div>
   <div class='ocr_carea' id='block_1_40' title="bbox 417 3939 1491 4013">
    <p class='ocr_par' dir='ltr' id='par_1_40' title="bbox 417 3939 1491 4013">
     <span class='ocr_line' id='line_1_40' title="bbox 417 3939 1491 4013; baseline 0.001 -15"><span class='ocrx_word' id='word_1_186' title='bbox 417 3947 476 3998; x_wconf 90' lang='lat' dir='ltr'>et</span> <span class='ocrx_word' id='word_1_187' title='bbox 503 3942 605 3996; x_wconf 68' lang='lat' dir='ltr'>vis:</span> <span class='ocrx_word' id='word_1_188' title='bbox 638 3941 812 3995; x_wconf 90' lang='lat' dir='ltr'>duces</span> <span class='ocrx_word' id='word_1_189' title='bbox 843 3939 1157 3995; x_wconf 83' lang='lat' dir='ltr'>adhibebat</span> <span class='ocrx_word' id='word_1_190' title='bbox 1186 3940 1491 4013; x_wconf 85' lang='lat' dir='ltr'>lampadas</span> 
     </span>
    </p>
   </div>
   <div class='ocr_carea' id='block_1_41' title="bbox 418 4029 1498 4102">
    <p class='ocr_par' dir='ltr' id='par_1_41' title="bbox 418 4029 1498 4102">
     <span class='ocr_line' id='line_1_41' title="bbox 418 4029 1498 4102; baseline 0.002 -17"><span class='ocrx_word' id='word_1_191' title='bbox 418 4047 519 4102; x_wconf 89' lang='lat' dir='ltr'>per</span> <span class='ocrx_word' id='word_1_192' title='bbox 550 4029 933 4101; x_wconf 88' lang='lat' dir='ltr'>Bithynorum</span> <span class='ocrx_word' id='word_1_193' title='bbox 966 4046 1203 4101; x_wconf 89' lang='lat' dir='ltr'>asperas</span> <span class='ocrx_word' id='word_1_194' title='bbox 1234 4031 1498 4102; x_wconf 88' lang='lat' dir='ltr'>regiones</span> 
     </span>
    </p>
   </div>
   <div class='ocr_carea' id='block_1_42' title="bbox 416 4118 1440 4175">
    <p class='ocr_par' dir='ltr' id='par_1_42' title="bbox 416 4118 1440 4175">
     <span class='ocr_line' id='line_1_42' title="bbox 416 4118 1440 4175; baseline 0.001 -2"><span class='ocrx_word' id='word_1_195' title='bbox 416 4119 584 4175; x_wconf 88' lang='lat' dir='ltr'>valde</span> <span class='ocrx_word' id='word_1_196' title='bbox 615 4118 896 4173; x_wconf 84' lang='lat' dir='ltr'>festinans</span> <span class='ocrx_word' id='word_1_197' title='bbox 927 4118 1280 4174; x_wconf 87' lang='lat' dir='ltr'>destinatum</span> <span class='ocrx_word' id='word_1_198' title='bbox 1313 4120 1440 4175; x_wconf 88' lang='lat' dir='ltr'>iter.</span> 
     </span>
    </p>
   </div>
   <div class='ocr_carea' id='block_1_43' title="bbox 418 4205 1595 4278">
    <p class='ocr_par' dir='ltr' id='par_1_43' title="bbox 418 4205 1595 4278">
     <span class='ocr_line' id='line_1_43' title="bbox 418 4205 1595 4278; baseline 0 -14"><span class='ocrx_word' id='word_1_199' title='bbox 418 4206 617 4264; x_wconf 91' lang='lat' dir='ltr'>Sicubi</span> <span class='ocrx_word' id='word_1_200' title='bbox 648 4205 873 4277; x_wconf 88' lang='lat' dir='ltr'>corpori</span> <span class='ocrx_word' id='word_1_201' title='bbox 906 4207 1071 4277; x_wconf 90' lang='lat' dir='ltr'>quies</span> <span class='ocrx_word' id='word_1_202' title='bbox 1108 4207 1419 4262; x_wconf 90' lang='lat' dir='ltr'>tribuenda</span> <span class='ocrx_word' id='word_1_203' title='bbox 1451 4213 1595 4278; x_wconf 85' lang='lat' dir='ltr'>erat,</span> 
     </span>
    </p>
   </div>
   <div class='ocr_carea' id='block_1_44' title="bbox 418 4293 1814 4372">
    <p class='ocr_par' dir='ltr' id='par_1_44' title="bbox 418 4293 1814 4372">
     <span class='ocr_line' id='line_1_44' title="bbox 418 4293 1814 4372; baseline 0.004 -21"><span class='ocrx_word' id='word_1_204' title='bbox 418 4302 731 4353; x_wconf 88' lang='lat' dir='ltr'>Scamnum</span> <span class='ocrx_word' id='word_1_205' title='bbox 765 4295 1079 4366; x_wconf 66' lang='lat' dir='ltr'>praestabat</span> <span class='ocrx_word' id='word_1_206' title='bbox 1110 4294 1179 4348; x_wconf 92' lang='lat' dir='ltr'>ad</span> <span class='ocrx_word' id='word_1_207' title='bbox 1213 4293 1588 4352; x_wconf 87' lang='lat' dir='ltr'>residendum</span> <span class='ocrx_word' id='word_1_208' title='bbox 1620 4298 1814 4372; x_wconf 84' lang='lat' dir='ltr'>tellus,</span> 
     </span>
    </p>
   </div>
   <div class='ocr_carea' id='block_1_45' title="bbox 420 4383 1587 4455">
    <p class='ocr_par' dir='ltr' id='par_1_45' title="bbox 420 4383 1587 4455">
     <span class='ocr_line' id='line_1_45' title="bbox 420 4383 1587 4455; baseline -0.001 -14"><span class='ocrx_word' id='word_1_209' title='bbox 420 4385 927 4455; x_wconf 87' lang='lat' dir='ltr'>stramineumque</span> <span class='ocrx_word' id='word_1_210' title='bbox 958 4401 1022 4439; x_wconf 89' lang='lat' dir='ltr'>su</span> <span class='ocrx_word' id='word_1_211' title='bbox 1034 4384 1323 4455; x_wconf 87' lang='lat' dir='ltr'>pponebat</span> <span class='ocrx_word' id='word_1_212' title='bbox 1352 4383 1587 4440; x_wconf 91' lang='lat' dir='ltr'>lectum.</span> 
     </span>
    </p>
   </div>
   <div class='ocr_carea' id='block_1_46' title="bbox 421 4471 1436 4546">
    <p class='ocr_par' dir='ltr' id='par_1_46' title="bbox 421 4471 1436 4546">
     <span class='ocr_line' id='line_1_46' title="bbox 421 4471 1436 4546; baseline -0.003 -16"><span class='ocrx_word' id='word_1_213' title='bbox 421 4476 571 4546; x_wconf 86' lang='lat' dir='ltr'>Ergo</span> <span class='ocrx_word' id='word_1_214' title='bbox 604 4473 954 4545; x_wconf 90' lang='lat' dir='ltr'>quandoque</span> <span class='ocrx_word' id='word_1_215' title='bbox 988 4477 1189 4527; x_wconf 89' lang='lat' dir='ltr'>ruente</span> <span class='ocrx_word' id='word_1_216' title='bbox 1222 4471 1436 4543; x_wconf 87' lang='lat' dir='ltr'>pluvia,</span> 
     </span>
    </p>
   </div>
   <div class='ocr_carea' id='block_1_47' title="bbox 424 4562 1406 4629">
    <p class='ocr_par' dir='ltr' id='par_1_47' title="bbox 424 4562 1406 4629">
     <span class='ocr_line' id='line_1_47' title="bbox 424 4562 1406 4629; baseline -0.001 -10"><span class='ocrx_word' id='word_1_217' title='bbox 424 4563 611 4619; x_wconf 90' lang='lat' dir='ltr'>sicubi</span> <span class='ocrx_word' id='word_1_218' title='bbox 644 4578 742 4617; x_wconf 84' lang='lat' dir='ltr'>rex</span> <span class='ocrx_word' id='word_1_219' title='bbox 770 4562 1097 4616; x_wconf 85' lang='lat' dir='ltr'>decreverat</span> <span class='ocrx_word' id='word_1_220' title='bbox 1129 4562 1406 4629; x_wconf 88' lang='lat' dir='ltr'>dormire,</span> 
     </span>
    </p>
   </div>
   <div class='ocr_carea' id='block_1_48' title="bbox 426 4650 1541 4724">
    <p class='ocr_par' dir='ltr' id='par_1_48' title="bbox 426 4650 1541 4724">
     <span class='ocr_line' id='line_1_48' title="bbox 426 4650 1541 4724; baseline -0.001 -15"><span class='ocrx_word' id='word_1_221' title='bbox 426 4652 682 4708; x_wconf 76' lang='lat' dir='ltr'>molestae</span> <span class='ocrx_word' id='word_1_222' title='bbox 714 4652 964 4721; x_wconf 90' lang='lat' dir='ltr'>desuper</span> <span class='ocrx_word' id='word_1_223' title='bbox 993 4650 1337 4722; x_wconf 89' lang='lat' dir='ltr'>perluebant</span> <span class='ocrx_word' id='word_1_224' title='bbox 1366 4657 1541 4724; x_wconf 63' lang='lat' dir='ltr'>gutta:</span> 
     </span>
    </p>
   </div>
   <div class='ocr_carea' id='block_1_49' title="bbox 424 4738 1475 4810">
    <p class='ocr_par' dir='ltr' id='par_1_49' title="bbox 424 4738 1475 4810">
     <span class='ocr_line' id='line_1_49' title="bbox 424 4738 1475 4810; baseline 0 -13"><span class='ocrx_word' id='word_1_225' title='bbox 424 4746 479 4798; x_wconf 87' lang='lat' dir='ltr'>et</span> <span class='ocrx_word' id='word_1_226' title='bbox 508 4741 709 4797; x_wconf 83' lang='lat' dir='ltr'>subter</span> <span class='ocrx_word' id='word_1_227' title='bbox 738 4738 893 4794; x_wconf 88' lang='lat' dir='ltr'>rivus</span> <span class='ocrx_word' id='word_1_228' title='bbox 925 4756 1087 4810; x_wconf 74' lang='lat' dir='ltr'>aquae</span> <span class='ocrx_word' id='word_1_229' title='bbox 1116 4741 1475 4799; x_wconf 83' lang='lat' dir='ltr'>decurrebat.</span> 
     </span>
    </p>
   </div>
   <div class='ocr_carea' id='block_1_50' title="bbox 422 4838 1593 4914">
    <p class='ocr_par' dir='ltr' id='par_1_50' title="bbox 422 4838 1593 4914">
     <span class='ocr_line' id='line_1_50' title="bbox 422 4838 1593 4914; baseline 0.003 -19"><span class='ocrx_word' id='word_1_230' title='bbox 422 4844 695 4895; x_wconf 83' lang='lat' dir='ltr'>Attamen</span> <span class='ocrx_word' id='word_1_231' title='bbox 727 4838 918 4892; x_wconf 84' lang='lat' dir='ltr'>Caesar</span> <span class='ocrx_word' id='word_1_232' title='bbox 950 4838 1131 4908; x_wconf 85' lang='lat' dir='ltr'>magis</span> <span class='ocrx_word' id='word_1_233' title='bbox 1162 4838 1253 4896; x_wconf 90' lang='lat' dir='ltr'>his</span> <span class='ocrx_word' id='word_1_234' title='bbox 1283 4842 1593 4914; x_wconf 89' lang='lat' dir='ltr'>gaudebat,</span> 
     </span>
    </p>
   </div>
   <div class='ocr_carea' id='block_1_51' title="bbox 422 4923 1473 5000">
    <p class='ocr_par' dir='ltr' id='par_1_51' title="bbox 422 4923 1473 5000">
     <span class='ocr_line' id='line_1_51' title="bbox 422 4923 1473 5000; baseline 0.002 -15"><span class='ocrx_word' id='word_1_235' title='bbox 422 4923 599 5000; x_wconf 86' lang='lat' dir='ltr'>quam</span> <span class='ocrx_word' id='word_1_236' title='bbox 631 4927 680 4982; x_wconf 86' lang='lat' dir='ltr'>si</span> <span class='ocrx_word' id='word_1_237' title='bbox 712 4926 890 4998; x_wconf 91' lang='lat' dir='ltr'>regali</span> <span class='ocrx_word' id='word_1_238' title='bbox 922 4929 1200 4983; x_wconf 89' lang='lat' dir='ltr'>stromate</span> <span class='ocrx_word' id='word_1_239' title='bbox 1225 4930 1473 5000; x_wconf 91' lang='lat' dir='ltr'>supinus</span> 
     </span>
    </p>
   </div>
   <div class='ocr_carea' id='block_1_52' title="bbox 420 5015 1497 5090">
    <p class='ocr_par' dir='ltr' id='par_1_52' title="bbox 420 5015 1497 5090">
     <span class='ocr_line' id='line_1_52' title="bbox 420 5015 1497 5090; baseline 0.003 -16"><span class='ocrx_word' id='word_1_240' title='bbox 420 5018 695 5088; x_wconf 80' lang='lat' dir='ltr'>curisque</span> <span class='ocrx_word' id='word_1_241' title='bbox 725 5016 872 5071; x_wconf 90' lang='lat' dir='ltr'>liber</span> <span class='ocrx_word' id='word_1_242' title='bbox 900 5016 1120 5072; x_wconf 90' lang='lat' dir='ltr'>somnis</span> <span class='ocrx_word' id='word_1_243' title='bbox 1151 5015 1497 5090; x_wconf 87' lang='lat' dir='ltr'>indulgeret.</span> 
     </span>
    </p>
   </div>
   <div class='ocr_carea' id='block_1_53' title="bbox 421 5106 1718 5183">
    <p class='ocr_par' dir='ltr' id='par_1_53' title="bbox 421 5106 1718 5183">
     <span class='ocr_line' id='line_1_53' title="bbox 421 5106 1718 5183; baseline 0.004 -20"><span class='ocrx_word' id='word_1_244' title='bbox 421 5106 679 5163; x_wconf 90' lang='lat' dir='ltr'>Tandem</span> <span class='ocrx_word' id='word_1_245' title='bbox 712 5120 1054 5176; x_wconf 88' lang='lat' dir='ltr'>progressus</span> <span class='ocrx_word' id='word_1_246' title='bbox 1087 5122 1265 5177; x_wconf 91' lang='lat' dir='ltr'>prope</span> <span class='ocrx_word' id='word_1_247' title='bbox 1296 5107 1718 5183; x_wconf 90' lang='lat' dir='ltr'>Claudiopolim</span> 
     </span>
    </p>
   </div>
   <div class='ocr_carea' id='block_1_54' title="bbox 420 5195 1562 5268">
    <p class='ocr_par' dir='ltr' id='par_1_54' title="bbox 420 5195 1562 5268">
     <span class='ocr_line' id='line_1_54' title="bbox 420 5195 1562 5268; baseline 0.003 -17"><span class='ocrx_word' id='word_1_248' title='bbox 420 5195 702 5251; x_wconf 87' lang='lat' dir='ltr'>Barbaros</span> <span class='ocrx_word' id='word_1_249' title='bbox 732 5198 939 5247; x_wconf 84' lang='lat' dir='ltr'>Persas</span> <span class='ocrx_word' id='word_1_250' title='bbox 971 5195 1218 5264; x_wconf 89' lang='lat' dir='ltr'>conjecit</span> <span class='ocrx_word' id='word_1_251' title='bbox 1248 5196 1307 5251; x_wconf 88' lang='lat' dir='ltr'>in</span> <span class='ocrx_word' id='word_1_252' title='bbox 1340 5198 1562 5268; x_wconf 85' lang='lat' dir='ltr'>fugam,</span> 
     </span>
    </p>
   </div>
   <div class='ocr_carea' id='block_1_55' title="bbox 420 5280 1451 5354">
    <p class='ocr_par' dir='ltr' id='par_1_55' title="bbox 420 5280 1451 5354">
     <span class='ocr_line' id='line_1_55' title="bbox 420 5280 1451 5354; baseline 0.001 -15"><span class='ocrx_word' id='word_1_253' title='bbox 420 5281 715 5353; x_wconf 87' lang='lat' dir='ltr'>simulque</span> <span class='ocrx_word' id='word_1_254' title='bbox 745 5280 973 5336; x_wconf 90' lang='lat' dir='ltr'>civibus</span> <span class='ocrx_word' id='word_1_255' title='bbox 1005 5286 1061 5336; x_wconf 88' lang='lat' dir='ltr'>et</span> <span class='ocrx_word' id='word_1_256' title='bbox 1090 5284 1212 5354; x_wconf 87' lang='lat' dir='ltr'>agri</span> <span class='ocrx_word' id='word_1_257' title='bbox 1245 5284 1451 5341; x_wconf 89' lang='lat' dir='ltr'>incolis</span> 
     </span>
    </p>
   </div>
   <div class='ocr_carea' id='block_1_56' title="bbox 418 5368 1498 5430">
    <p class='ocr_par' dir='ltr' id='par_1_56' title="bbox 418 5368 1498 5430">
     <span class='ocr_line' id='line_1_56' title="bbox 418 5368 1498 5430; baseline 0.002 -3"><span class='ocrx_word' id='word_1_258' title='bbox 418 5371 694 5427; x_wconf 82' lang='lat' dir='ltr'>fiduciam</span> <span class='ocrx_word' id='word_1_259' title='bbox 726 5368 921 5424; x_wconf 88' lang='lat' dir='ltr'>attulit</span> <span class='ocrx_word' id='word_1_260' title='bbox 950 5374 1006 5424; x_wconf 91' lang='lat' dir='ltr'>et</span> <span class='ocrx_word' id='word_1_261' title='bbox 1036 5369 1232 5427; x_wconf 91' lang='lat' dir='ltr'>lumen</span> <span class='ocrx_word' id='word_1_262' title='bbox 1268 5371 1498 5430; x_wconf 62' lang='lat' dir='ltr'>laetitiae.</span> 
     </span>
    </p>
   </div>
   <div class='ocr_carea' id='block_1_57' title="bbox 417 5459 1542 5533">
    <p class='ocr_par' dir='ltr' id='par_1_57' title="bbox 417 5459 1542 5533">
     <span class='ocr_line' id='line_1_57' title="bbox 417 5459 1542 5533; baseline 0.003 -18"><span class='ocrx_word' id='word_1_263' title='bbox 417 5460 525 5516; x_wconf 84' lang='lat' dir='ltr'>Hic</span> <span class='ocrx_word' id='word_1_264' title='bbox 555 5460 871 5529; x_wconf 89' lang='lat' dir='ltr'>imperator</span> <span class='ocrx_word' id='word_1_265' title='bbox 900 5459 1109 5513; x_wconf 81' lang='lat' dir='ltr'>struxit</span> <span class='ocrx_word' id='word_1_266' title='bbox 1140 5460 1197 5513; x_wconf 91' lang='lat' dir='ltr'>in</span> <span class='ocrx_word' id='word_1_267' title='bbox 1231 5462 1542 5533; x_wconf 87' lang='lat' dir='ltr'>Catascepe</span> 
     </span>
    </p>
   </div>
   <div class='ocr_carea' id='block_1_58' title="bbox 421 5546 1480 5617">
    <p class='ocr_par' dir='ltr' id='par_1_58' title="bbox 421 5546 1480 5617">
     <span class='ocr_line' id='line_1_58' title="bbox 421 5546 1480 5617; baseline 0 -14"><span class='ocrx_word' id='word_1_268' title='bbox 421 5548 493 5603; x_wconf 89' lang='lat' dir='ltr'>ad</span> <span class='ocrx_word' id='word_1_269' title='bbox 525 5548 654 5617; x_wconf 88' lang='lat' dir='ltr'>ipsa</span> <span class='ocrx_word' id='word_1_270' title='bbox 685 5546 847 5601; x_wconf 89' lang='lat' dir='ltr'>Ponti</span> <span class='ocrx_word' id='word_1_271' title='bbox 879 5546 1031 5600; x_wconf 88' lang='lat' dir='ltr'>ostia</span> <span class='ocrx_word' id='word_1_272' title='bbox 1063 5548 1480 5603; x_wconf 90' lang='lat' dir='ltr'>monasterium</span> 
     </span>
    </p>
   </div>
   <div class='ocr_carea' id='block_1_59' title="bbox 421 5633 1523 5708">
    <p class='ocr_par' dir='ltr' id='par_1_59' title="bbox 421 5633 1523 5708">
     <span class='ocr_line' id='line_1_59' title="bbox 421 5633 1523 5708; baseline 0.003 -18"><span class='ocrx_word' id='word_1_273' title='bbox 421 5634 555 5690; x_wconf 90' lang='lat' dir='ltr'>duci</span> <span class='ocrx_word' id='word_1_274' title='bbox 588 5634 846 5689; x_wconf 85' lang='lat' dir='ltr'>ﬁdelium</span> <span class='ocrx_word' id='word_1_275' title='bbox 878 5633 1144 5689; x_wconf 89' lang='lat' dir='ltr'>Michaeli</span> <span class='ocrx_word' id='word_1_276' title='bbox 1176 5634 1523 5708; x_wconf 79' lang='lat' dir='ltr'>archangelo</span> 
     </span>
    </p>
   </div>
   <div class='ocr_carea' id='block_1_60' title="bbox 422 5721 1489 5797">
    <p class='ocr_par' dir='ltr' id='par_1_60' title="bbox 422 5721 1489 5797">
     <span class='ocr_line' id='line_1_60' title="bbox 422 5721 1489 5797; baseline 0.002 -18"><span class='ocrx_word' id='word_1_277' title='bbox 422 5728 598 5794; x_wconf 87' lang='lat' dir='ltr'>atque</span> <span class='ocrx_word' id='word_1_278' title='bbox 629 5721 846 5777; x_wconf 70' lang='lat' dir='ltr'>militia:</span> <span class='ocrx_word' id='word_1_279' title='bbox 877 5721 1162 5792; x_wconf 88' lang='lat' dir='ltr'>spiritalis</span> <span class='ocrx_word' id='word_1_280' title='bbox 1194 5724 1440 5797; x_wconf 88' lang='lat' dir='ltr'>principi</span> <span class='ocrx_word' id='word_1_281' title='bbox 1477 5743 1489 5781; x_wconf 90' lang='lat'>:</span> 
     </span>
    </p>
   </div>
   <div class='ocr_carea' id='block_1_61' title="bbox 2075 543 2130 610">
    <p class='ocr_par' dir='ltr' id='par_1_61' title="bbox 2075 543 2130 610">
     <span class='ocr_line' id='line_1_61' title="bbox 2075 543 2130 610; baseline 0 -2"><span class='ocrx_word' id='word_1_282' title='bbox 2075 543 2130 610; x_wconf 86' lang='lat' dir='ltr'><strong>A</strong></span> 
     </span>
    </p>
   </div>
   <div class='ocr_carea' id='block_1_62' title="bbox 2082 1897 2129 1962">
    <p class='ocr_par' dir='ltr' id='par_1_62' title="bbox 2082 1897 2129 1962">
     <span class='ocr_line' id='line_1_62' title="bbox 2082 1897 2129 1962; baseline 0 0"><span class='ocrx_word' id='word_1_283' title='bbox 2082 1897 2129 1962; x_wconf 91' lang='grc' dir='ltr'><strong>Β</strong></span> 
     </span>
    </p>
   </div>
   <div class='ocr_carea' id='block_1_63' title="bbox 2076 3253 2118 3319">
    <p class='ocr_par' dir='ltr' id='par_1_63' title="bbox 2076 3253 2118 3319">
     <span class='ocr_line' id='line_1_63' title="bbox 2076 3253 2118 3319; baseline 0 0"><span class='ocrx_word' id='word_1_284' title='bbox 2076 3253 2118 3319; x_wconf 88' lang='lat' dir='ltr'><strong>C</strong></span> 
     </span>
    </p>
   </div>
   <div class='ocr_carea' id='block_1_64' title="bbox 2085 4619 2130 4683">
    <p class='ocr_par' dir='ltr' id='par_1_64' title="bbox 2085 4619 2130 4683">
     <span class='ocr_line' id='line_1_64' title="bbox 2085 4619 2130 4683; baseline 0 0"><span class='ocrx_word' id='word_1_285' title='bbox 2085 4619 2130 4683; x_wconf 93' lang='lat' dir='ltr'><strong>D</strong></span> 
     </span>
    </p>
   </div>
   <div class='ocr_carea' id='block_1_65' title="bbox 2337 533 3316 618">
    <p class='ocr_par' dir='ltr' id='par_1_65' title="bbox 2337 533 3316 618">
     <span class='ocr_line' id='line_1_65' title="bbox 2337 533 3316 618; baseline 0.005 -28"><span class='ocrx_word' id='word_1_286' title='bbox 2337 536 2500 591; x_wconf 83' lang='grc' dir='ltr'>Κάκεῖ</span> <span class='ocrx_word' id='word_1_287' title='bbox 2529 533 2830 616; x_wconf 74' lang='grc' dir='ltr'>διατέτριφε</span> <span class='ocrx_word' id='word_1_288' title='bbox 2861 541 3059 614; x_wconf 77' lang='grc' dir='ltr'>συχνὰς</span> <span class='ocrx_word' id='word_1_289' title='bbox 3090 539 3316 618; x_wconf 78' lang='grc' dir='ltr'>ἡμέρας·</span> 
     </span>
    </p>
   </div>
   <div class='ocr_carea' id='block_1_66' title="bbox 2332 623 3510 706">
    <p class='ocr_par' dir='ltr' id='par_1_66' title="bbox 2332 623 3510 706">
     <span class='ocr_line' id='line_1_66' title="bbox 2332 623 3510 706; baseline -0.001 -23"><span class='ocrx_word' id='word_1_290' title='bbox 2332 627 2449 703; x_wconf 86' lang='grc' dir='ltr'>Ἀφ’</span> <span class='ocrx_word' id='word_1_291' title='bbox 2474 623 2535 680; x_wconf 80' lang='grc' dir='ltr'>οὗ</span> <span class='ocrx_word' id='word_1_292' title='bbox 2561 629 2869 706; x_wconf 86' lang='grc' dir='ltr'>πεπομφὼς</span> <span class='ocrx_word' id='word_1_293' title='bbox 2900 629 3165 705; x_wconf 73' lang='grc' dir='ltr'>ἀγγέλους</span> <span class='ocrx_word' id='word_1_294' title='bbox 3198 627 3510 699; x_wconf 77' lang='grc' dir='ltr'>Βυζαντίοις</span> 
     </span>
    </p>
   </div>
   <div class='ocr_carea' id='block_1_67' title="bbox 2331 712 3366 794">
    <p class='ocr_par' dir='ltr' id='par_1_67' title="bbox 2331 712 3366 794">
     <span class='ocr_line' id='line_1_67' title="bbox 2331 712 3366 794; baseline 0 -21"><span class='ocrx_word' id='word_1_295' title='bbox 2331 716 2411 773; x_wconf 73' lang='grc' dir='ltr'>Τὰ</span> <span class='ocrx_word' id='word_1_296' title='bbox 2441 712 2825 790; x_wconf 87' lang='grc' dir='ltr'>συμϐεϐηκότα</span> <span class='ocrx_word' id='word_1_297' title='bbox 2852 739 2913 794; x_wconf 83' lang='grc' dir='ltr'>γε</span> <span class='ocrx_word' id='word_1_298' title='bbox 2940 721 3116 775; x_wconf 86' lang='grc' dir='ltr'>πάντα</span> <span class='ocrx_word' id='word_1_299' title='bbox 3151 720 3366 794; x_wconf 89' lang='grc' dir='ltr'>μηνύει,</span> 
     </span>
    </p>
   </div>
   <div class='ocr_carea' id='block_1_68' title="bbox 2157 806 3572 887">
    <p class='ocr_par' dir='ltr' id='par_1_68' title="bbox 2157 806 3572 887">
     <span class='ocr_line' id='line_1_68' title="bbox 2157 806 3572 887; baseline 0 -24"><span class='ocrx_word' id='word_1_300' title='bbox 2157 809 2297 865; x_wconf 99' lang='lat'>4640</span> <span class='ocrx_word' id='word_1_301' title='bbox 2334 807 2436 863; x_wconf 89' lang='grc' dir='ltr'>Καί</span> <span class='ocrx_word' id='word_1_302' title='bbox 2464 809 2513 883; x_wconf 88' lang='grc' dir='ltr'>γ’</span> <span class='ocrx_word' id='word_1_303' title='bbox 2544 806 2877 883; x_wconf 87' lang='grc' dir='ltr'>ἐκτραγῳδεῖ</span> <span class='ocrx_word' id='word_1_304' title='bbox 2904 813 3183 887; x_wconf 76' lang='grc' dir='ltr'>συμφορᾶς</span> <span class='ocrx_word' id='word_1_305' title='bbox 3215 806 3373 885; x_wconf 78' lang='grc' dir='ltr'>ὅγκον</span> <span class='ocrx_word' id='word_1_306' title='bbox 3401 806 3572 882; x_wconf 86' lang='grc' dir='ltr'>λόγῳ.</span> 
     </span>
    </p>
   </div>
   <div class='ocr_carea' id='block_1_69' title="bbox 2336 894 3361 975">
    <p class='ocr_par' dir='ltr' id='par_1_69' title="bbox 2336 894 3361 975">
     <span class='ocr_line' id='line_1_69' title="bbox 2336 894 3361 975; baseline -0.001 -22"><span class='ocrx_word' id='word_1_307' title='bbox 2336 896 2485 953; x_wconf 84' lang='grc' dir='ltr'>Ἐπεὶ</span> <span class='ocrx_word' id='word_1_308' title='bbox 2518 894 2575 951; x_wconf 71' lang='grc' dir='ltr'>δὲ</span> <span class='ocrx_word' id='word_1_309' title='bbox 2606 896 2903 972; x_wconf 79' lang='grc' dir='ltr'>Δορύλαιον</span> <span class='ocrx_word' id='word_1_310' title='bbox 2939 896 2998 953; x_wconf 79' lang='grc' dir='ltr'>οὐ</span> <span class='ocrx_word' id='word_1_311' title='bbox 3030 896 3361 975; x_wconf 78' lang='grc' dir='ltr'>κατεσκάφη,</span> 
     </span>
    </p>
   </div>
   <div class='ocr_carea' id='block_1_70' title="bbox 2336 984 3423 1062">
    <p class='ocr_par' dir='ltr' id='par_1_70' title="bbox 2336 984 3423 1062">
     <span class='ocr_line' id='line_1_70' title="bbox 2336 984 3423 1062; baseline -0.001 -22"><span class='ocrx_word' id='word_1_312' title='bbox 2336 991 2720 1062; x_wconf 81' lang='grc' dir='ltr'>Καταστροφῆς</span> <span class='ocrx_word' id='word_1_313' title='bbox 2750 1006 2813 1062; x_wconf 88' lang='grc' dir='ltr'>γε</span> <span class='ocrx_word' id='word_1_314' title='bbox 2838 987 3092 1061; x_wconf 78' lang='grc' dir='ltr'>κειμένης</span> <span class='ocrx_word' id='word_1_315' title='bbox 3123 987 3172 1041; x_wconf 86' lang='grc' dir='ltr'>έν</span> <span class='ocrx_word' id='word_1_316' title='bbox 3197 984 3423 1062; x_wconf 80' lang='grc' dir='ltr'>ὁρκίοις,</span> 
     </span>
    </p>
   </div>
   <div class='ocr_carea' id='block_1_71' title="bbox 2338 1069 3632 1150">
    <p class='ocr_par' dir='ltr' id='par_1_71' title="bbox 2338 1069 3632 1150">
     <span class='ocr_line' id='line_1_71' title="bbox 2338 1069 3632 1150; baseline 0.002 -23"><span class='ocrx_word' id='word_1_317' title='bbox 2338 1069 2689 1148; x_wconf 81' lang='grc' dir='ltr'>Ιιρεσϐεύεται</span> <span class='ocrx_word' id='word_1_318' title='bbox 2722 1071 2787 1143; x_wconf 77' lang='grc' dir='ltr'>δὴ</span> <span class='ocrx_word' id='word_1_319' title='bbox 2821 1074 2955 1150; x_wconf 89' lang='grc' dir='ltr'>πρὸς</span> <span class='ocrx_word' id='word_1_320' title='bbox 2987 1078 3287 1150; x_wconf 74' lang='grc' dir='ltr'>κρατοῦντα</span> <span class='ocrx_word' id='word_1_321' title='bbox 3318 1072 3632 1144; x_wconf 81' lang='grc' dir='ltr'>σουλτάνος,</span> 
     </span>
    </p>
   </div>
   <div class='ocr_carea' id='block_1_72' title="bbox 2338 1162 3514 1239">
    <p class='ocr_par' dir='ltr' id='par_1_72' title="bbox 2338 1162 3514 1239">
     <span class='ocr_line' id='line_1_72' title="bbox 2338 1162 3514 1239; baseline -0.001 -19"><span class='ocrx_word' id='word_1_322' title='bbox 2338 1163 2438 1220; x_wconf 76' lang='grc' dir='ltr'>Καὶ</span> <span class='ocrx_word' id='word_1_323' title='bbox 2467 1168 2573 1218; x_wconf 76' lang='grc' dir='ltr'>τῶν</span> <span class='ocrx_word' id='word_1_324' title='bbox 2606 1164 2739 1239; x_wconf 89' lang='grc' dir='ltr'>πρὸς</span> <span class='ocrx_word' id='word_1_325' title='bbox 2772 1162 2930 1219; x_wconf 77' lang='grc' dir='ltr'>αὐτὸν</span> <span class='ocrx_word' id='word_1_326' title='bbox 2965 1164 3259 1237; x_wconf 73' lang='grc' dir='ltr'>ἀνέμνησεν</span> <span class='ocrx_word' id='word_1_327' title='bbox 3294 1164 3514 1239; x_wconf 75' lang='grc' dir='ltr'>ὁρκίων.</span> 
     </span>
    </p>
   </div>
   <div class='ocr_carea' id='block_1_73' title="bbox 3700 410 3810 469">
    <p class='ocr_par' dir='ltr' id='par_1_73' title="bbox 3700 410 3810 469">
     <span class='ocr_line' id='line_1_73' title="bbox 3700 410 3810 469; baseline -0.036 0"><span class='ocrx_word' id='word_1_328' title='bbox 3700 410 3810 469; x_wconf 88' lang='grc'>180</span> 
     </span>
    </p>
   </div>
   <div class='ocr_carea' id='block_1_74' title="bbox 2160 1260 3808 1341">
    <p class='ocr_par' dir='ltr' id='par_1_74' title="bbox 2160 1260 3808 1341">
     <span class='ocr_line' id='line_1_74' title="bbox 2160 1260 3808 1341; baseline 0 -23"><span class='ocrx_word' id='word_1_329' title='bbox 2160 1265 2300 1319; x_wconf 85' lang='lat'>4645</span> <span class='ocrx_word' id='word_1_330' title='bbox 2338 1264 2397 1319; x_wconf 91' lang='grc' dir='ltr'>Ὁ</span> <span class='ocrx_word' id='word_1_331' title='bbox 2457 1260 2503 1317; x_wconf 85' lang='grc' dir='ltr'>δ’</span> <span class='ocrx_word' id='word_1_332' title='bbox 2564 1262 2623 1317; x_wconf 83' lang='grc' dir='ltr'>οὐ</span> <span class='ocrx_word' id='word_1_333' title='bbox 2674 1263 2991 1339; x_wconf 75' lang='grc' dir='ltr'>προσίσχειν</span> <span class='ocrx_word' id='word_1_334' title='bbox 3040 1269 3158 1327; x_wconf 84' lang='grc' dir='ltr'>τοῖς</span> <span class='ocrx_word' id='word_1_335' title='bbox 3214 1263 3330 1321; x_wconf 89' lang='grc' dir='ltr'>κατ’</span> <span class='ocrx_word' id='word_1_336' title='bbox 3379 1262 3614 1336; x_wconf 82' lang='grc' dir='ltr'>ἀνάγκην</span> <span class='ocrx_word' id='word_1_337' title='bbox 3668 1264 3808 1341; x_wconf 85' lang='grc' dir='ltr'>φρά-</span> 
     </span>
    </p>
   </div>
   <div class='ocr_carea' id='block_1_75' title="bbox 2339 1436 3555 1515">
    <p class='ocr_par' dir='ltr' id='par_1_75' title="bbox 2339 1436 3555 1515">
     <span class='ocr_line' id='line_1_75' title="bbox 2339 1436 3555 1515; baseline 0.002 -20"><span class='ocrx_word' id='word_1_338' title='bbox 2339 1436 2592 1515; x_wconf 84' lang='grc' dir='ltr'>Πρέσϐεις</span> <span class='ocrx_word' id='word_1_339' title='bbox 2623 1438 2926 1515; x_wconf 80' lang='grc' dir='ltr'>ἀπράκτους</span> <span class='ocrx_word' id='word_1_340' title='bbox 2961 1439 3339 1511; x_wconf 69' lang='grc' dir='ltr'>ἐξαποστέλλει</span> <span class='ocrx_word' id='word_1_341' title='bbox 3371 1439 3555 1497; x_wconf 87' lang='grc' dir='ltr'>πάλιν.</span> 
     </span>
    </p>
   </div>
   <div class='ocr_carea' id='block_1_76' title="bbox 2336 1524 3520 1606">
    <p class='ocr_par' dir='ltr' id='par_1_76' title="bbox 2336 1524 3520 1606">
     <span class='ocr_line' id='line_1_76' title="bbox 2336 1524 3520 1606; baseline 0 -21"><span class='ocrx_word' id='word_1_342' title='bbox 2336 1528 2534 1591; x_wconf 81' lang='grc' dir='ltr'>Μανεὶς</span> <span class='ocrx_word' id='word_1_343' title='bbox 2566 1524 2611 1584; x_wconf 85' lang='grc' dir='ltr'>δ’</span> <span class='ocrx_word' id='word_1_344' title='bbox 2644 1530 2670 1584; x_wconf 87' lang='grc' dir='ltr'>ὁ</span> <span class='ocrx_word' id='word_1_345' title='bbox 2702 1527 2910 1604; x_wconf 80' lang='grc' dir='ltr'>Πέρσης</span> <span class='ocrx_word' id='word_1_346' title='bbox 2942 1530 3190 1605; x_wconf 79' lang='grc' dir='ltr'>στρατιὰν</span> <span class='ocrx_word' id='word_1_347' title='bbox 3227 1528 3520 1606; x_wconf 77' lang='grc' dir='ltr'>ἀποκρίνας</span> 
     </span>
    </p>
   </div>
   <div class='ocr_carea' id='block_1_77' title="bbox 2337 1616 3398 1694">
    <p class='ocr_par' dir='ltr' id='par_1_77' title="bbox 2337 1616 3398 1694">
     <span class='ocr_line' id='line_1_77' title="bbox 2337 1616 3398 1694; baseline 0.002 -21"><span class='ocrx_word' id='word_1_348' title='bbox 2337 1621 2477 1694; x_wconf 79' lang='grc' dir='ltr'>Πρὸς</span> <span class='ocrx_word' id='word_1_349' title='bbox 2513 1616 2680 1673; x_wconf 80' lang='grc' dir='ltr'>εἷ’κοσι</span> <span class='ocrx_word' id='word_1_350' title='bbox 2704 1618 2960 1694; x_wconf 74' lang='grc' dir='ltr'>τέτταρας</span> <span class='ocrx_word' id='word_1_351' title='bbox 2992 1618 3398 1694; x_wconf 80' lang='grc' dir='ltr'>ἀριθμουμένην</span> 
     </span>
    </p>
   </div>
   <div class='ocr_carea' id='block_1_78' title="bbox 2335 1706 3308 1784">
    <p class='ocr_par' dir='ltr' id='par_1_78' title="bbox 2335 1706 3308 1784">
     <span class='ocr_line' id='line_1_78' title="bbox 2335 1706 3308 1784; baseline 0.002 -21"><span class='ocrx_word' id='word_1_352' title='bbox 2335 1710 2421 1770; x_wconf 87' lang='grc' dir='ltr'>Ἐς</span> <span class='ocrx_word' id='word_1_353' title='bbox 2450 1706 2710 1782; x_wconf 79' lang='grc' dir='ltr'>χιλιάδας</span> <span class='ocrx_word' id='word_1_354' title='bbox 2742 1707 2960 1777; x_wconf 79' lang='grc' dir='ltr'>εύσθενῆ</span> <span class='ocrx_word' id='word_1_355' title='bbox 2994 1707 3308 1784; x_wconf 82' lang='grc' dir='ltr'>ῥωμαλέαν,</span> 
     </span>
    </p>
   </div>
   <div class='ocr_carea' id='block_1_79' title="bbox 2162 1788 3452 1876">
    <p class='ocr_par' dir='ltr' id='par_1_79' title="bbox 2162 1788 3452 1876">
     <span class='ocr_line' id='line_1_79' title="bbox 2162 1788 3452 1876; baseline -0.001 -23"><span class='ocrx_word' id='word_1_356' title='bbox 2162 1799 2299 1853; x_wconf 97' lang='grc'>4650</span> <span class='ocrx_word' id='word_1_357' title='bbox 2338 1798 2440 1853; x_wconf 77' lang='grc' dir='ltr'>Καὶ</span> <span class='ocrx_word' id='word_1_358' title='bbox 2470 1795 2863 1876; x_wconf 82' lang='grc' dir='ltr'>ταγματάρχην</span> <span class='ocrx_word' id='word_1_359' title='bbox 2889 1788 3009 1868; x_wconf 74' lang='grc' dir='ltr'>τῇδ’</span> <span class='ocrx_word' id='word_1_360' title='bbox 3040 1796 3330 1867; x_wconf 72' lang='grc' dir='ltr'>ἐπιστήσας</span> <span class='ocrx_word' id='word_1_361' title='bbox 3364 1792 3452 1852; x_wconf 79' lang='grc' dir='ltr'>ἕνα</span> 
     </span>
    </p>
   </div>
   <div class='ocr_carea' id='block_1_80' title="bbox 2334 1881 3495 1964">
    <p class='ocr_par' dir='ltr' id='par_1_80' title="bbox 2334 1881 3495 1964">
     <span class='ocr_line' id='line_1_80' title="bbox 2334 1881 3495 1964; baseline -0.001 -24"><span class='ocrx_word' id='word_1_362' title='bbox 2334 1889 2451 1940; x_wconf 86' lang='grc' dir='ltr'>Τῶν</span> <span class='ocrx_word' id='word_1_363' title='bbox 2488 1883 2573 1962; x_wconf 79' lang='grc' dir='ltr'>ὑφ’</span> <span class='ocrx_word' id='word_1_364' title='bbox 2604 1881 2797 1942; x_wconf 78' lang='grc' dir='ltr'>ἅαυτὸν</span> <span class='ocrx_word' id='word_1_365' title='bbox 2827 1883 3105 1960; x_wconf 81' lang='grc' dir='ltr'>ἐκπρεπῶν</span> <span class='ocrx_word' id='word_1_366' title='bbox 3138 1886 3495 1964; x_wconf 82' lang='grc' dir='ltr'>μεγιστάνων,</span> 
     </span>
    </p>
   </div>
   <div class='ocr_carea' id='block_1_81' title="bbox 2335 1964 3433 2048">
    <p class='ocr_par' dir='ltr' id='par_1_81' title="bbox 2335 1964 3433 2048">
     <span class='ocr_line' id='line_1_81' title="bbox 2335 1964 3433 2048; baseline -0.002 -18"><span class='ocrx_word' id='word_1_367' title='bbox 2335 1976 2461 2031; x_wconf 85' lang='grc' dir='ltr'>Κατ’</span> <span class='ocrx_word' id='word_1_368' title='bbox 2494 1975 2694 2029; x_wconf 82' lang='grc' dir='ltr'>ἀστέων</span> <span class='ocrx_word' id='word_1_369' title='bbox 2726 1964 2979 2048; x_wconf 81' lang='grc' dir='ltr'>πέπομφε</span> <span class='ocrx_word' id='word_1_370' title='bbox 3001 1980 3101 2043; x_wconf 79' lang='grc' dir='ltr'>τῆς</span> <span class='ocrx_word' id='word_1_371' title='bbox 3132 1971 3433 2046; x_wconf 67' lang='grc' dir='ltr'>Ῥωμαίδος</span> 
     </span>
    </p>
   </div>
   <div class='ocr_carea' id='block_1_82' title="bbox 2329 2059 3622 2139">
    <p class='ocr_par' dir='ltr' id='par_1_82' title="bbox 2329 2059 3622 2139">
     <span class='ocr_line' id='line_1_82' title="bbox 2329 2059 3622 2139; baseline -0.001 -22"><span class='ocrx_word' id='word_1_372' title='bbox 2329 2068 2441 2117; x_wconf 79' lang='grc' dir='ltr'>Τῶν</span> <span class='ocrx_word' id='word_1_373' title='bbox 2474 2062 2610 2139; x_wconf 84' lang='grc' dir='ltr'>πρὸς</span> <span class='ocrx_word' id='word_1_374' title='bbox 2642 2059 2941 2138; x_wconf 84' lang='grc' dir='ltr'>Μαιάνδρῳ</span> <span class='ocrx_word' id='word_1_375' title='bbox 2964 2066 3041 2134; x_wconf 78' lang='grc' dir='ltr'>τῷ</span> <span class='ocrx_word' id='word_1_376' title='bbox 3073 2066 3307 2136; x_wconf 79' lang='grc' dir='ltr'>ποταμῷ</span> <span class='ocrx_word' id='word_1_377' title='bbox 3336 2061 3622 2136; x_wconf 79' lang='grc' dir='ltr'>κειμένων.</span> 
     </span>
    </p>
   </div>
   <div class='ocr_carea' id='block_1_83' title="bbox 2330 2142 3593 2231">
    <p class='ocr_par' dir='ltr' id='par_1_83' title="bbox 2330 2142 3593 2231">
     <span class='ocr_line' id='line_1_83' title="bbox 2330 2142 3593 2231; baseline -0.001 -25"><span class='ocrx_word' id='word_1_378' title='bbox 2330 2156 2424 2216; x_wconf 87' lang='grc' dir='ltr'>Ὃς</span> <span class='ocrx_word' id='word_1_379' title='bbox 2453 2152 2541 2207; x_wconf 83' lang='grc' dir='ltr'>καὶ</span> <span class='ocrx_word' id='word_1_380' title='bbox 2574 2152 2947 2225; x_wconf 80' lang='grc' dir='ltr'>παρεστήσατο</span> <span class='ocrx_word' id='word_1_381' title='bbox 2977 2148 3251 2225; x_wconf 86' lang='grc' dir='ltr'>Τράλλεις</span> <span class='ocrx_word' id='word_1_382' title='bbox 3277 2148 3377 2221; x_wconf 75' lang='grc' dir='ltr'>τὴν</span> <span class='ocrx_word' id='word_1_383' title='bbox 3407 2142 3593 2231; x_wconf 82' lang='grc' dir='ltr'>πόλιν,</span> 
     </span>
    </p>
   </div>
   <div class='ocr_carea' id='block_1_84' title="bbox 2154 2237 3523 2316">
    <p class='ocr_par' dir='ltr' id='par_1_84' title="bbox 2154 2237 3523 2316">
     <span class='ocr_line' id='line_1_84' title="bbox 2154 2237 3523 2316; baseline -0.004 -17"><span class='ocrx_word' id='word_1_384' title='bbox 2154 2245 2295 2299; x_wconf 88' lang='grc'>4655</span> <span class='ocrx_word' id='word_1_385' title='bbox 2335 2245 2525 2313; x_wconf 83' lang='grc' dir='ltr'>Λουμᾶ</span> <span class='ocrx_word' id='word_1_386' title='bbox 2551 2241 2598 2295; x_wconf 83' lang='grc' dir='ltr'>τ’</span> <span class='ocrx_word' id='word_1_387' title='bbox 2632 2241 2969 2315; x_wconf 84' lang='grc' dir='ltr'>Ἀντιόχειαν</span> <span class='ocrx_word' id='word_1_388' title='bbox 3002 2242 3101 2308; x_wconf 81' lang='grc' dir='ltr'>τήν</span> <span class='ocrx_word' id='word_1_389' title='bbox 3130 2240 3267 2314; x_wconf 89' lang='grc' dir='ltr'>πρὸς</span> <span class='ocrx_word' id='word_1_390' title='bbox 3297 2237 3523 2316; x_wconf 77' lang='grc' dir='ltr'>Φρυγίᾳ,</span> 
     </span>
    </p>
   </div>
   <div class='ocr_carea' id='block_1_85' title="bbox 2331 2320 3411 2404">
    <p class='ocr_par' dir='ltr' id='par_1_85' title="bbox 2331 2320 3411 2404">
     <span class='ocr_line' id='line_1_85' title="bbox 2331 2320 3411 2404; baseline -0.004 -18"><span class='ocrx_word' id='word_1_391' title='bbox 2331 2329 2433 2386; x_wconf 86' lang='grc' dir='ltr'>Καὶ</span> <span class='ocrx_word' id='word_1_392' title='bbox 2466 2328 2805 2404; x_wconf 84' lang='grc' dir='ltr'>ΙΙεντάχειρα</span> <span class='ocrx_word' id='word_1_393' title='bbox 2828 2325 2917 2382; x_wconf 77' lang='grc' dir='ltr'>σὺν</span> <span class='ocrx_word' id='word_1_394' title='bbox 2952 2320 3210 2403; x_wconf 79' lang='grc' dir='ltr'>ἐρύμασιν</span> <span class='ocrx_word' id='word_1_395' title='bbox 3243 2329 3411 2398; x_wconf 82' lang='grc' dir='ltr'>ὅσοις,</span> 
     </span>
    </p>
   </div>
   <div class='ocr_carea' id='block_1_86' title="bbox 2332 2415 3505 2492">
    <p class='ocr_par' dir='ltr' id='par_1_86' title="bbox 2332 2415 3505 2492">
     <span class='ocr_line' id='line_1_86' title="bbox 2332 2415 3505 2492; baseline 0.002 -21"><span class='ocrx_word' id='word_1_396' title='bbox 2332 2420 2537 2489; x_wconf 87' lang='grc' dir='ltr'>Κώμας</span> <span class='ocrx_word' id='word_1_397' title='bbox 2568 2416 2862 2479; x_wconf 76' lang='grc' dir='ltr'>σκυλεύσας</span> <span class='ocrx_word' id='word_1_398' title='bbox 2893 2415 2980 2471; x_wconf 79' lang='grc' dir='ltr'>καὶ</span> <span class='ocrx_word' id='word_1_399' title='bbox 3015 2415 3505 2492; x_wconf 75' lang='grc' dir='ltr'>παραθαλαττίους.</span> 
     </span>
    </p>
   </div>
   <div class='ocr_carea' id='block_1_87' title="bbox 2327 2503 3484 2583">
    <p class='ocr_par' dir='ltr' id='par_1_87' title="bbox 2327 2503 3484 2583">
     <span class='ocr_line' id='line_1_87' title="bbox 2327 2503 3484 2583; baseline -0.002 -22"><span class='ocrx_word' id='word_1_400' title='bbox 2327 2505 2508 2561; x_wconf 79' lang='grc' dir='ltr'>Ἀλλὰ</span> <span class='ocrx_word' id='word_1_401' title='bbox 2540 2504 2794 2581; x_wconf 80' lang='grc' dir='ltr'>βασιλεὺς</span> <span class='ocrx_word' id='word_1_402' title='bbox 2826 2504 3198 2583; x_wconf 74' lang='grc' dir='ltr'>ἐκπεπομφὼς</span> <span class='ocrx_word' id='word_1_403' title='bbox 3233 2503 3484 2579; x_wconf 85' lang='grc' dir='ltr'>δυνάμεις</span> 
     </span>
    </p>
   </div>
   <div class='ocr_carea' id='block_1_88' title="bbox 2327 2590 3557 2670">
    <p class='ocr_par' dir='ltr' id='par_1_88' title="bbox 2327 2590 3557 2670">
     <span class='ocr_line' id='line_1_88' title="bbox 2327 2590 3557 2670; baseline -0.001 -18"><span class='ocrx_word' id='word_1_404' title='bbox 2327 2594 2474 2659; x_wconf 66' lang='grc' dir='ltr'>*Ιλας</span> <span class='ocrx_word' id='word_1_405' title='bbox 2501 2614 2557 2649; x_wconf 90' lang='grc' dir='ltr'>τε</span> <span class='ocrx_word' id='word_1_406' title='bbox 2590 2594 2789 2669; x_wconf 76' lang='grc' dir='ltr'>συχνὰς</span> <span class='ocrx_word' id='word_1_407' title='bbox 2820 2594 2909 2649; x_wconf 83' lang='grc' dir='ltr'>καὶ</span> <span class='ocrx_word' id='word_1_408' title='bbox 2939 2592 3141 2657; x_wconf 79' lang='grc' dir='ltr'>καλοὺς</span> <span class='ocrx_word' id='word_1_409' title='bbox 3172 2590 3557 2670; x_wconf 82' lang='grc' dir='ltr'>στρατηγέτας,</span> 
     </span>
    </p>
   </div>
   <div class='ocr_carea' id='block_1_89' title="bbox 2154 2690 3508 2768">
    <p class='ocr_par' dir='ltr' id='par_1_89' title="bbox 2154 2690 3508 2768">
     <span class='ocr_line' id='line_1_89' title="bbox 2154 2690 3508 2768; baseline 0 -19"><span class='ocrx_word' id='word_1_410' title='bbox 2154 2695 2293 2749; x_wconf 77' lang='grc'>4660</span> <span class='ocrx_word' id='word_1_411' title='bbox 2334 2692 2593 2765; x_wconf 79' lang='grc' dir='ltr'>Ἠμύνατ²</span> <span class='ocrx_word' id='word_1_412' title='bbox 2625 2690 2854 2766; x_wconf 81' lang='grc' dir='ltr'>ἐχθροὺς</span> <span class='ocrx_word' id='word_1_413' title='bbox 2886 2690 3092 2748; x_wconf 83' lang='grc' dir='ltr'>ἀνελὼν</span> <span class='ocrx_word' id='word_1_414' title='bbox 3125 2693 3261 2747; x_wconf 74' lang='grc' dir='ltr'>κατὰ</span> <span class='ocrx_word' id='word_1_415' title='bbox 3288 2694 3508 2768; x_wconf 89' lang='grc' dir='ltr'>κράτος·</span> 
     </span>
    </p>
   </div>
   <div class='ocr_carea' id='block_1_90' title="bbox 2328 2779 3473 2857">
    <p class='ocr_par' dir='ltr' id='par_1_90' title="bbox 2328 2779 3473 2857">
     <span class='ocr_line' id='line_1_90' title="bbox 2328 2779 3473 2857; baseline 0.001 -21"><span class='ocrx_word' id='word_1_416' title='bbox 2328 2782 2417 2844; x_wconf 76' lang='grc' dir='ltr'>Ὠς</span> <span class='ocrx_word' id='word_1_417' title='bbox 2447 2781 2505 2835; x_wconf 81' lang='grc' dir='ltr'>ἐκ</span> <span class='ocrx_word' id='word_1_418' title='bbox 2534 2781 2807 2835; x_wconf 82' lang='grc' dir='ltr'>τοσούτων</span> <span class='ocrx_word' id='word_1_419' title='bbox 2844 2779 3061 2854; x_wconf 70' lang='grc' dir='ltr'>ἰσχύσαι</span> <span class='ocrx_word' id='word_1_420' title='bbox 3099 2782 3473 2857; x_wconf 75' lang='grc' dir='ltr'>βραχυτάτους</span> 
     </span>
    </p>
   </div>
   <div class='ocr_carea' id='block_1_91' title="bbox 2328 2867 3423 2948">
    <p class='ocr_par' dir='ltr' id='par_1_91' title="bbox 2328 2867 3423 2948">
     <span class='ocr_line' id='line_1_91' title="bbox 2328 2867 3423 2948; baseline 0.005 -25"><span class='ocrx_word' id='word_1_421' title='bbox 2328 2871 2427 2924; x_wconf 91' lang='grc' dir='ltr'>Τὸν</span> <span class='ocrx_word' id='word_1_422' title='bbox 2461 2869 2519 2923; x_wconf 86' lang='grc' dir='ltr'>ἐκ</span> <span class='ocrx_word' id='word_1_423' title='bbox 2549 2867 2732 2945; x_wconf 77' lang='grc' dir='ltr'>ξίφους</span> <span class='ocrx_word' id='word_1_424' title='bbox 2764 2867 2987 2931; x_wconf 84' lang='grc' dir='ltr'>θάνατον</span> <span class='ocrx_word' id='word_1_425' title='bbox 3023 2868 3423 2948; x_wconf 75' lang='grc' dir='ltr'>ἐκπεφευγέναι·</span> 
     </span>
    </p>
   </div>
   <div class='ocr_carea' id='block_1_92' title="bbox 2330 2952 3458 3039">
    <p class='ocr_par' dir='ltr' id='par_1_92' title="bbox 2330 2952 3458 3039">
     <span class='ocr_line' id='line_1_92' title="bbox 2330 2952 3458 3039; baseline 0.002 -24"><span class='ocrx_word' id='word_1_426' title='bbox 2330 2957 2553 3027; x_wconf 68' lang='grc' dir='ltr'>Πολλὴν</span> <span class='ocrx_word' id='word_1_427' title='bbox 2587 2955 2643 3013; x_wconf 79' lang='grc' dir='ltr'>δὲ</span> <span class='ocrx_word' id='word_1_428' title='bbox 2671 2952 2820 3014; x_wconf 79' lang='grc' dir='ltr'>τουτὶ</span> <span class='ocrx_word' id='word_1_429' title='bbox 2850 2959 2948 3027; x_wconf 82' lang='grc' dir='ltr'>τήν</span> <span class='ocrx_word' id='word_1_430' title='bbox 2978 2959 3277 3037; x_wconf 79' lang='grc' dir='ltr'>ἀνάῤῥωσιν</span> <span class='ocrx_word' id='word_1_431' title='bbox 3312 2961 3458 3039; x_wconf 80' lang='grc' dir='ltr'>φέρει</span> 
     </span>
    </p>
   </div>
   <div class='ocr_carea' id='block_1_93' title="bbox 2327 3045 3587 3127">
    <p class='ocr_par' dir='ltr' id='par_1_93' title="bbox 2327 3045 3587 3127">
     <span class='ocr_line' id='line_1_93' title="bbox 2327 3045 3587 3127; baseline 0.005 -25"><span class='ocrx_word' id='word_1_432' title='bbox 2327 3050 2459 3109; x_wconf 83' lang='grc' dir='ltr'>Τοῖς</span> <span class='ocrx_word' id='word_1_433' title='bbox 2490 3045 2739 3104; x_wconf 77' lang='grc' dir='ltr'>Αὐσόνων</span> <span class='ocrx_word' id='word_1_434' title='bbox 2770 3047 3052 3123; x_wconf 83' lang='grc' dir='ltr'>πράγμσσι</span> <span class='ocrx_word' id='word_1_435' title='bbox 3078 3053 3304 3127; x_wconf 82' lang='grc' dir='ltr'>τοῦργον</span> <span class='ocrx_word' id='word_1_436' title='bbox 3337 3055 3413 3125; x_wconf 78' lang='grc' dir='ltr'>τῷ</span> <span class='ocrx_word' id='word_1_437' title='bbox 3441 3051 3587 3126; x_wconf 74' lang='grc' dir='ltr'>τότε,</span> 
     </span>
    </p>
   </div>
   <div class='ocr_carea' id='block_1_94' title="bbox 2154 3130 3561 3214">
    <p class='ocr_par' dir='ltr' id='par_1_94' title="bbox 2154 3130 3561 3214">
     <span class='ocr_line' id='line_1_94' title="bbox 2154 3130 3561 3214; baseline 0.001 -21"><span class='ocrx_word' id='word_1_438' title='bbox 2154 3140 2293 3195; x_wconf 88' lang='grc'>4665</span> <span class='ocrx_word' id='word_1_439' title='bbox 2330 3138 2510 3213; x_wconf 81' lang='grc' dir='ltr'>Φρόνη</span> <span class='ocrx_word' id='word_1_440' title='bbox 2524 3158 2597 3212; x_wconf 87' lang='grc' dir='ltr'>μα</span> <span class='ocrx_word' id='word_1_441' title='bbox 2628 3141 2848 3210; x_wconf 79' lang='grc' dir='ltr'>Περσῶν</span> <span class='ocrx_word' id='word_1_442' title='bbox 2881 3130 3118 3193; x_wconf 78' lang='grc' dir='ltr'>καταϐαλ</span> <span class='ocrx_word' id='word_1_443' title='bbox 3134 3137 3189 3192; x_wconf 89' lang='grc' dir='ltr'>ὸν</span> <span class='ocrx_word' id='word_1_444' title='bbox 3221 3138 3309 3193; x_wconf 81' lang='grc' dir='ltr'>καὶ</span> <span class='ocrx_word' id='word_1_445' title='bbox 3345 3142 3561 3214; x_wconf 82' lang='grc' dir='ltr'>θράσος.</span> 
     </span>
    </p>
   </div>
   <div class='ocr_carea' id='block_1_95' title="bbox 2331 3222 3564 3302">
    <p class='ocr_par' dir='ltr' id='par_1_95' title="bbox 2331 3222 3564 3302">
     <span class='ocr_line' id='line_1_95' title="bbox 2331 3222 3564 3302; baseline 0.002 -22"><span class='ocrx_word' id='word_1_446' title='bbox 2331 3226 2533 3280; x_wconf 89' lang='grc' dir='ltr'>Γούτου</span> <span class='ocrx_word' id='word_1_447' title='bbox 2555 3229 2881 3302; x_wconf 75' lang='grc' dir='ltr'>κρατοῦντος</span> <span class='ocrx_word' id='word_1_448' title='bbox 2909 3225 2998 3280; x_wconf 81' lang='grc' dir='ltr'>καὶ</span> <span class='ocrx_word' id='word_1_449' title='bbox 3028 3224 3192 3288; x_wconf 88' lang='grc' dir='ltr'>πόλις</span> <span class='ocrx_word' id='word_1_450' title='bbox 3222 3230 3256 3298; x_wconf 83' lang='grc' dir='ltr'>ἡ</span> <span class='ocrx_word' id='word_1_451' title='bbox 3290 3222 3564 3285; x_wconf 82' lang='grc' dir='ltr'>Κλαυδίου</span> 
     </span>
    </p>
   </div>
   <div class='ocr_carea' id='block_1_96' title="bbox 2333 3311 3572 3395">
    <p class='ocr_par' dir='ltr' id='par_1_96' title="bbox 2333 3311 3572 3395">
     <span class='ocr_line' id='line_1_96' title="bbox 2333 3311 3572 3395; baseline 0.003 -26"><span class='ocrx_word' id='word_1_452' title='bbox 2333 3321 2578 3390; x_wconf 80' lang='grc' dir='ltr'>’Έπασχε</span> <span class='ocrx_word' id='word_1_453' title='bbox 2607 3318 2786 3377; x_wconf 82' lang='grc' dir='ltr'>κακῶς</span> <span class='ocrx_word' id='word_1_454' title='bbox 2819 3311 3124 3392; x_wconf 84' lang='grc' dir='ltr'>Βαρϐάροις</span> <span class='ocrx_word' id='word_1_455' title='bbox 3150 3320 3268 3378; x_wconf 84' lang='grc' dir='ltr'>τοῖς</span> <span class='ocrx_word' id='word_1_456' title='bbox 3301 3314 3350 3390; x_wconf 68' lang='grc' dir='ltr'>ἕξ</span> <span class='ocrx_word' id='word_1_457' title='bbox 3381 3318 3572 3395; x_wconf 76' lang='grc' dir='ltr'>Ἅγαρ·</span> 
     </span>
    </p>
   </div>
   <div class='ocr_carea' id='block_1_97' title="bbox 2328 3402 3609 3480">
    <p class='ocr_par' dir='ltr' id='par_1_97' title="bbox 2328 3402 3609 3480">
     <span class='ocr_line' id='line_1_97' title="bbox 2328 3402 3609 3480; baseline 0.002 -19"><span class='ocrx_word' id='word_1_458' title='bbox 2328 3406 2396 3461; x_wconf 78' lang='grc' dir='ltr'><strong>’Ὀ</strong></span> <span class='ocrx_word' id='word_1_459' title='bbox 2434 3404 2596 3479; x_wconf 78' lang='grc' dir='ltr'>γνοὺς</span> <span class='ocrx_word' id='word_1_460' title='bbox 2631 3403 2918 3476; x_wconf 80' lang='grc' dir='ltr'>Μανουὴλ,</span> <span class='ocrx_word' id='word_1_461' title='bbox 2950 3402 3225 3467; x_wconf 78' lang='grc' dir='ltr'>εὐσταλῶς</span> <span class='ocrx_word' id='word_1_462' title='bbox 3261 3405 3392 3480; x_wconf 86' lang='grc' dir='ltr'>μάλ’</span> <span class='ocrx_word' id='word_1_463' title='bbox 3421 3403 3609 3463; x_wconf 81' lang='grc' dir='ltr'>αὐτίκα</span> 
     </span>
    </p>
   </div>
   <div class='ocr_carea' id='block_1_98' title="bbox 2328 3492 3403 3572">
    <p class='ocr_par' dir='ltr' id='par_1_98' title="bbox 2328 3492 3403 3572">
     <span class='ocr_line' id='line_1_98' title="bbox 2328 3492 3403 3572; baseline 0.003 -24"><span class='ocrx_word' id='word_1_464' title='bbox 2328 3494 2415 3555; x_wconf 81' lang='grc' dir='ltr'>Ὠς</span> <span class='ocrx_word' id='word_1_465' title='bbox 2449 3494 2590 3567; x_wconf 77' lang='grc' dir='ltr'>εἶχεν</span> <span class='ocrx_word' id='word_1_466' title='bbox 2626 3492 2938 3568; x_wconf 81' lang='grc' dir='ltr'>ἐξώρμησεν</span> <span class='ocrx_word' id='word_1_467' title='bbox 2968 3492 3091 3557; x_wconf 79' lang='grc' dir='ltr'>εὐθὺ</span> <span class='ocrx_word' id='word_1_468' title='bbox 3116 3492 3403 3572; x_wconf 76' lang='grc' dir='ltr'>φρουρίου,</span> 
     </span>
    </p>
   </div>
   <div class='ocr_carea' id='block_1_99' title="bbox 2155 3579 3479 3659">
    <p class='ocr_par' dir='ltr' id='par_1_99' title="bbox 2155 3579 3479 3659">
     <span class='ocr_line' id='line_1_99' title="bbox 2155 3579 3479 3659; baseline 0.002 -21"><span class='ocrx_word' id='word_1_469' title='bbox 2155 3584 2293 3639; x_wconf 85' lang='grc'>4670</span> <span class='ocrx_word' id='word_1_470' title='bbox 2333 3584 2722 3657; x_wconf 81' lang='grc' dir='ltr'>Ἀνακτορικήν</span> <span class='ocrx_word' id='word_1_471' title='bbox 2758 3584 2821 3637; x_wconf 85' lang='grc' dir='ltr'>ού</span> <span class='ocrx_word' id='word_1_472' title='bbox 2852 3579 3070 3653; x_wconf 86' lang='grc' dir='ltr'>κλίνην,</span> <span class='ocrx_word' id='word_1_473' title='bbox 3105 3583 3166 3637; x_wconf 79' lang='grc' dir='ltr'>οὐ</span> <span class='ocrx_word' id='word_1_474' title='bbox 3198 3581 3479 3659; x_wconf 71' lang='grc' dir='ltr'>στοιϐάδα,</span> 
     </span>
    </p>
   </div>
   <div class='ocr_carea' id='block_1_100' title="bbox 2333 3670 3450 3751">
    <p class='ocr_par' dir='ltr' id='par_1_100' title="bbox 2333 3670 3450 3751">
     <span class='ocr_line' id='line_1_100' title="bbox 2333 3670 3450 3751; baseline 0.003 -24"><span class='ocrx_word' id='word_1_475' title='bbox 2333 3671 2493 3727; x_wconf 88' lang='grc' dir='ltr'>’Λλλ’</span> <span class='ocrx_word' id='word_1_476' title='bbox 2524 3670 2647 3727; x_wconf 70' lang='grc' dir='ltr'>οὐδὲ</span> <span class='ocrx_word' id='word_1_477' title='bbox 2701 3670 2976 3747; x_wconf 85' lang='grc' dir='ltr'>βασίλειον</span> <span class='ocrx_word' id='word_1_478' title='bbox 3010 3671 3238 3729; x_wconf 78' lang='grc' dir='ltr'>αὐλαίαν</span> <span class='ocrx_word' id='word_1_479' title='bbox 3274 3673 3450 3751; x_wconf 81' lang='grc' dir='ltr'>φέρων</span> 
     </span>
    </p>
   </div>
   <div class='ocr_carea' id='block_1_101' title="bbox 2334 3762 3604 3845">
    <p class='ocr_par' dir='ltr' id='par_1_101' title="bbox 2334 3762 3604 3845">
     <span class='ocr_line' id='line_1_101' title="bbox 2334 3762 3604 3845; baseline 0.004 -29"><span class='ocrx_word' id='word_1_480' title='bbox 2334 3764 2417 3816; x_wconf 86' lang='grc' dir='ltr'>Ἐν</span> <span class='ocrx_word' id='word_1_481' title='bbox 2450 3768 2529 3834; x_wconf 78' lang='grc' dir='ltr'>τῷ</span> <span class='ocrx_word' id='word_1_482' title='bbox 2558 3762 2864 3845; x_wconf 85' lang='grc' dir='ltr'>προφθάσαι</span> <span class='ocrx_word' id='word_1_483' title='bbox 2893 3769 3376 3839; x_wconf 74' lang='grc' dir='ltr'>τειχομαχοῦντος</span> <span class='ocrx_word' id='word_1_484' title='bbox 3411 3764 3604 3840; x_wconf 80' lang='grc' dir='ltr'>θέλειν,</span> 
     </span>
    </p>
   </div>
   <div class='ocr_carea' id='block_1_102' title="bbox 2332 3850 3472 3919">
    <p class='ocr_par' dir='ltr' id='par_1_102' title="bbox 2332 3850 3472 3919">
     <span class='ocr_line' id='line_1_102' title="bbox 2332 3850 3472 3919; baseline 0.001 -10"><span class='ocrx_word' id='word_1_485' title='bbox 2332 3851 2539 3909; x_wconf 77' lang='grc' dir='ltr'>Οὐκοῦν</span> <span class='ocrx_word' id='word_1_486' title='bbox 2572 3850 2735 3908; x_wconf 82' lang='grc' dir='ltr'>ἰαύων</span> <span class='ocrx_word' id='word_1_487' title='bbox 2770 3850 3005 3915; x_wconf 83' lang='grc' dir='ltr'>ἀύπνους</span> <span class='ocrx_word' id='word_1_488' title='bbox 3034 3852 3122 3907; x_wconf 84' lang='grc' dir='ltr'>καὶ</span> <span class='ocrx_word' id='word_1_489' title='bbox 3151 3852 3248 3915; x_wconf 79' lang='grc' dir='ltr'>τὰς</span> <span class='ocrx_word' id='word_1_490' title='bbox 3277 3854 3472 3919; x_wconf 90' lang='grc' dir='ltr'>νύκτας</span> 
     </span>
    </p>
   </div>
   <div class='ocr_carea' id='block_1_103' title="bbox 2333 3938 3500 4020">
    <p class='ocr_par' dir='ltr' id='par_1_103' title="bbox 2333 3938 3500 4020">
     <span class='ocr_line' id='line_1_103' title="bbox 2333 3938 3500 4020; baseline 0 -22"><span class='ocrx_word' id='word_1_491' title='bbox 2333 3942 2569 4017; x_wconf 84' lang='grc' dir='ltr'>Ἐχρῆτο</span> <span class='ocrx_word' id='word_1_492' title='bbox 2601 3939 2739 4020; x_wconf 83' lang='grc' dir='ltr'>φωτὶ</span> <span class='ocrx_word' id='word_1_493' title='bbox 2770 3942 2905 4015; x_wconf 84' lang='grc' dir='ltr'>πρὸς</span> <span class='ocrx_word' id='word_1_494' title='bbox 2936 3938 3153 4017; x_wconf 87' lang='grc' dir='ltr'>πορείαν</span> <span class='ocrx_word' id='word_1_495' title='bbox 3197 3940 3500 4017; x_wconf 84' lang='grc' dir='ltr'>λαμπάδων</span> 
     </span>
    </p>
   </div>
   <div class='ocr_carea' id='block_1_104' title="bbox 2155 4034 3357 4115">
    <p class='ocr_par' dir='ltr' id='par_1_104' title="bbox 2155 4034 3357 4115">
     <span class='ocr_line' id='line_1_104' title="bbox 2155 4034 3357 4115; baseline 0.002 -21"><span class='ocrx_word' id='word_1_496' title='bbox 2155 4039 2296 4094; x_wconf 85' lang='grc'>4675</span> <span class='ocrx_word' id='word_1_497' title='bbox 2335 4038 2430 4093; x_wconf 85' lang='grc' dir='ltr'>Διά</span> <span class='ocrx_word' id='word_1_498' title='bbox 2460 4044 2697 4102; x_wconf 78' lang='grc' dir='ltr'>Βιθυνῶν</span> <span class='ocrx_word' id='word_1_499' title='bbox 2728 4034 3101 4109; x_wconf 79' lang='grc' dir='ltr'>δυσστιϐήτων</span> <span class='ocrx_word' id='word_1_500' title='bbox 3136 4039 3357 4115; x_wconf 89' lang='grc' dir='ltr'>χωρίων</span> 
     </span>
    </p>
   </div>
   <div class='ocr_carea' id='block_1_105' title="bbox 2342 4126 3646 4206">
    <p class='ocr_par' dir='ltr' id='par_1_105' title="bbox 2342 4126 3646 4206">
     <span class='ocr_line' id='line_1_105' title="bbox 2342 4126 3646 4206; baseline 0.005 -23"><span class='ocrx_word' id='word_1_501' title='bbox 2342 4126 2604 4205; x_wconf 77' lang='grc' dir='ltr'>Σφοδρῶς</span> <span class='ocrx_word' id='word_1_502' title='bbox 2639 4127 2879 4183; x_wconf 74' lang='grc' dir='ltr'>ἐλαύνων</span> <span class='ocrx_word' id='word_1_503' title='bbox 2910 4127 2998 4182; x_wconf 86' lang='grc' dir='ltr'>τὸν</span> <span class='ocrx_word' id='word_1_504' title='bbox 3028 4128 3383 4203; x_wconf 84' lang='grc' dir='ltr'>προκείμενον</span> <span class='ocrx_word' id='word_1_505' title='bbox 3418 4128 3646 4206; x_wconf 83' lang='grc' dir='ltr'>δρόμον.</span> 
     </span>
    </p>
   </div>
   <div class='ocr_carea' id='block_1_106' title="bbox 2331 4215 3482 4294">
    <p class='ocr_par' dir='ltr' id='par_1_106' title="bbox 2331 4215 3482 4294">
     <span class='ocr_line' id='line_1_106' title="bbox 2331 4215 3482 4294; baseline 0.002 -20"><span class='ocrx_word' id='word_1_506' title='bbox 2331 4220 2505 4275; x_wconf 85' lang='grc' dir='ltr'>Ὀπου</span> <span class='ocrx_word' id='word_1_507' title='bbox 2534 4216 2579 4271; x_wconf 87' lang='grc' dir='ltr'>δ’</span> <span class='ocrx_word' id='word_1_508' title='bbox 2612 4218 2787 4291; x_wconf 21' lang='grc' dir='ltr'>ἐχρῆν,</span> <span class='ocrx_word' id='word_1_509' title='bbox 2814 4238 2876 4292; x_wconf 89' lang='grc' dir='ltr'>γε</span> <span class='ocrx_word' id='word_1_510' title='bbox 2907 4215 3261 4274; x_wconf 81' lang='grc' dir='ltr'>διαναπαῦσαι</span> <span class='ocrx_word' id='word_1_511' title='bbox 3294 4218 3482 4294; x_wconf 85' lang='grc' dir='ltr'>δέμας,</span> 
     </span>
    </p>
   </div>
   <div class='ocr_carea' id='block_1_107' title="bbox 2334 4302 3523 4384">
    <p class='ocr_par' dir='ltr' id='par_1_107' title="bbox 2334 4302 3523 4384">
     <span class='ocr_line' id='line_1_107' title="bbox 2334 4302 3523 4384; baseline 0.002 -23"><span class='ocrx_word' id='word_1_512' title='bbox 2334 4309 2432 4362; x_wconf 82' lang='grc' dir='ltr'>Ἠν</span> <span class='ocrx_word' id='word_1_513' title='bbox 2465 4302 2697 4379; x_wconf 78' lang='grc' dir='ltr'>καθέδρα</span> <span class='ocrx_word' id='word_1_514' title='bbox 2723 4302 3000 4384; x_wconf 73' lang='grc' dir='ltr'>τοῦδαφος</span> <span class='ocrx_word' id='word_1_515' title='bbox 3032 4306 3178 4379; x_wconf 82' lang='grc' dir='ltr'>αὐτῷ</span> <span class='ocrx_word' id='word_1_516' title='bbox 3207 4308 3293 4363; x_wconf 84' lang='grc' dir='ltr'>καὶ</span> <span class='ocrx_word' id='word_1_517' title='bbox 3324 4309 3523 4376; x_wconf 73' lang='grc' dir='ltr'>κλίσις,</span> 
     </span>
    </p>
   </div>
   <div class='ocr_carea' id='block_1_108' title="bbox 2336 4389 3368 4469">
    <p class='ocr_par' dir='ltr' id='par_1_108' title="bbox 2336 4389 3368 4469">
     <span class='ocr_line' id='line_1_108' title="bbox 2336 4389 3368 4469; baseline 0.007 -20"><span class='ocrx_word' id='word_1_518' title='bbox 2336 4394 2512 4450; x_wconf 83' lang='grc' dir='ltr'>Πάλιν</span> <span class='ocrx_word' id='word_1_519' title='bbox 2538 4395 2772 4469; x_wconf 78' lang='grc' dir='ltr'>φορυτὸς</span> <span class='ocrx_word' id='word_1_520' title='bbox 2805 4389 3150 4467; x_wconf 83' lang='grc' dir='ltr'>ὑπεϐέϐλητο</span> <span class='ocrx_word' id='word_1_521' title='bbox 3180 4393 3368 4467; x_wconf 87' lang='grc' dir='ltr'>κλίνη.</span> 
     </span>
    </p>
   </div>
   <div class='ocr_carea' id='block_1_109' title="bbox 2159 4476 3487 4562">
    <p class='ocr_par' dir='ltr' id='par_1_109' title="bbox 2159 4476 3487 4562">
     <span class='ocr_line' id='line_1_109' title="bbox 2159 4476 3487 4562; baseline 0 -19"><span class='ocrx_word' id='word_1_522' title='bbox 2159 4488 2297 4543; x_wconf 88' lang='grc'>4680</span> <span class='ocrx_word' id='word_1_523' title='bbox 2336 4482 2773 4559; x_wconf 72' lang='grc' dir='ltr'>Καταρῥαγέντος</span> <span class='ocrx_word' id='word_1_524' title='bbox 2806 4484 2962 4538; x_wconf 78' lang='grc' dir='ltr'>ὑετοῦ</span> <span class='ocrx_word' id='word_1_525' title='bbox 2991 4485 3112 4539; x_wconf 90' lang='grc' dir='ltr'>ποτ’</span> <span class='ocrx_word' id='word_1_526' title='bbox 3144 4483 3236 4540; x_wconf 77' lang='grc' dir='ltr'>οὖν</span> <span class='ocrx_word' id='word_1_527' title='bbox 3279 4476 3487 4562; x_wconf 81' lang='grc' dir='ltr'>λάϐρου</span> 
     </span>
    </p>
   </div>
   <div class='ocr_carea' id='block_1_110' title="bbox 2340 4572 3449 4650">
    <p class='ocr_par' dir='ltr' id='par_1_110' title="bbox 2340 4572 3449 4650">
     <span class='ocr_line' id='line_1_110' title="bbox 2340 4572 3449 4650; baseline 0.003 -21"><span class='ocrx_word' id='word_1_528' title='bbox 2340 4576 2424 4630; x_wconf 85' lang='grc' dir='ltr'>Ἐν</span> <span class='ocrx_word' id='word_1_529' title='bbox 2452 4572 2599 4647; x_wconf 84' lang='grc' dir='ltr'>ᾧπερ</span> <span class='ocrx_word' id='word_1_530' title='bbox 2636 4573 2834 4627; x_wconf 78' lang='grc' dir='ltr'>ὑπνοῦν</span> <span class='ocrx_word' id='word_1_531' title='bbox 2870 4572 3199 4650; x_wconf 78' lang='grc' dir='ltr'>ηὐτρέπιστο</span> <span class='ocrx_word' id='word_1_532' title='bbox 3233 4576 3449 4650; x_wconf 83' lang='grc' dir='ltr'>χωρίῳ,</span> 
     </span>
    </p>
   </div>
   <div class='ocr_carea' id='block_1_111' title="bbox 2338 4658 3511 4743">
    <p class='ocr_par' dir='ltr' id='par_1_111' title="bbox 2338 4658 3511 4743">
     <span class='ocr_line' id='line_1_111' title="bbox 2338 4658 3511 4743; baseline 0.003 -27"><span class='ocrx_word' id='word_1_533' title='bbox 2338 4668 2462 4723; x_wconf 78' lang='grc' dir='ltr'>Ταῖς</span> <span class='ocrx_word' id='word_1_534' title='bbox 2496 4661 2745 4737; x_wconf 87' lang='grc' dir='ltr'>σταγόσιν</span> <span class='ocrx_word' id='word_1_535' title='bbox 2780 4658 2977 4717; x_wconf 73' lang='grc' dir='ltr'>ἄνωθεν</span> <span class='ocrx_word' id='word_1_536' title='bbox 3012 4662 3251 4738; x_wconf 85' lang='grc' dir='ltr'>ὥχλεῖτο</span> <span class='ocrx_word' id='word_1_537' title='bbox 3284 4663 3511 4743; x_wconf 82' lang='grc' dir='ltr'>σφόδρα,</span> 
     </span>
    </p>
   </div>
   <div class='ocr_carea' id='block_1_112' title="bbox 2340 4750 3391 4827">
    <p class='ocr_par' dir='ltr' id='par_1_112' title="bbox 2340 4750 3391 4827">
     <span class='ocr_line' id='line_1_112' title="bbox 2340 4750 3391 4827; baseline 0 -20"><span class='ocrx_word' id='word_1_538' title='bbox 2340 4752 2441 4807; x_wconf 86' lang='grc' dir='ltr'>Καὶ</span> <span class='ocrx_word' id='word_1_539' title='bbox 2470 4751 2708 4805; x_wconf 85' lang='grc' dir='ltr'>κατιόντι</span> <span class='ocrx_word' id='word_1_540' title='bbox 2744 4750 2967 4827; x_wconf 80' lang='grc' dir='ltr'>ῥεύματι</span> <span class='ocrx_word' id='word_1_541' title='bbox 2999 4752 3145 4808; x_wconf 88' lang='grc' dir='ltr'>κάτω</span> <span class='ocrx_word' id='word_1_542' title='bbox 3174 4751 3391 4824; x_wconf 87' lang='grc' dir='ltr'>κλίνης·</span> 
     </span>
    </p>
   </div>
   <div class='ocr_carea' id='block_1_113' title="bbox 2337 4835 3376 4915">
    <p class='ocr_par' dir='ltr' id='par_1_113' title="bbox 2337 4835 3376 4915">
     <span class='ocr_line' id='line_1_113' title="bbox 2337 4835 3376 4915; baseline -0.001 -18"><span class='ocrx_word' id='word_1_543' title='bbox 2337 4841 2397 4897; x_wconf 81' lang='grc' dir='ltr'><strong>Ὀ</strong></span> <span class='ocrx_word' id='word_1_544' title='bbox 2429 4839 2475 4895; x_wconf 86' lang='grc' dir='ltr'>δ’</span> <span class='ocrx_word' id='word_1_545' title='bbox 2502 4840 2774 4915; x_wconf 69' lang='grc' dir='ltr'>ὑπερήσθη</span> <span class='ocrx_word' id='word_1_546' title='bbox 2811 4835 3184 4913; x_wconf 83' lang='grc' dir='ltr'>συμϐεϐηκότι</span> <span class='ocrx_word' id='word_1_547' title='bbox 3212 4842 3376 4898; x_wconf 83' lang='grc' dir='ltr'>πλέον</span> 
     </span>
    </p>
   </div>
   <div class='ocr_carea' id='block_1_114' title="bbox 2164 4936 3474 5012">
    <p class='ocr_par' dir='ltr' id='par_1_114' title="bbox 2164 4936 3474 5012">
     <span class='ocr_line' id='line_1_114' title="bbox 2164 4936 3474 5012; baseline 0.002 -19"><span class='ocrx_word' id='word_1_548' title='bbox 2164 4938 2303 4993; x_wconf 85' lang='grc'>4685</span> <span class='ocrx_word' id='word_1_549' title='bbox 2336 4938 2404 4993; x_wconf 87' lang='grc' dir='ltr'><strong><em>Ἥ</em></strong></span> <span class='ocrx_word' id='word_1_550' title='bbox 2441 4936 2737 5010; x_wconf 78' lang='grc' dir='ltr'>βασιλικῶν</span> <span class='ocrx_word' id='word_1_551' title='bbox 2770 4937 3102 5011; x_wconf 69' lang='grc' dir='ltr'>πρωμάτῶν</span> <span class='ocrx_word' id='word_1_552' title='bbox 3135 4939 3186 4994; x_wconf 72' lang='grc' dir='ltr'>οἱ</span> <span class='ocrx_word' id='word_1_553' title='bbox 3212 4941 3474 5012; x_wconf 74' lang='grc' dir='ltr'>κειμένων</span> 
     </span>
    </p>
   </div>
   <div class='ocr_carea' id='block_1_115' title="bbox 2340 5024 3467 5106">
    <p class='ocr_par' dir='ltr' id='par_1_115' title="bbox 2340 5024 3467 5106">
     <span class='ocr_line' id='line_1_115' title="bbox 2340 5024 3467 5106; baseline 0.003 -25"><span class='ocrx_word' id='word_1_554' title='bbox 2340 5024 2679 5088; x_wconf 81' lang='grc' dir='ltr'>Ἀνακλιθεὶς</span> <span class='ocrx_word' id='word_1_555' title='bbox 2712 5025 2977 5082; x_wconf 76' lang='grc' dir='ltr'>ὕπνωττεν</span> <span class='ocrx_word' id='word_1_556' title='bbox 3013 5025 3113 5098; x_wconf 74' lang='grc' dir='ltr'>ἔξω</span> <span class='ocrx_word' id='word_1_557' title='bbox 3144 5029 3467 5106; x_wconf 83' lang='grc' dir='ltr'>φροντίδων.</span> 
     </span>
    </p>
   </div>
   <div class='ocr_carea' id='block_1_116' title="bbox 2338 5114 3503 5193">
    <p class='ocr_par' dir='ltr' id='par_1_116' title="bbox 2338 5114 3503 5193">
     <span class='ocr_line' id='line_1_116' title="bbox 2338 5114 3503 5193; baseline 0.007 -26"><span class='ocrx_word' id='word_1_558' title='bbox 2338 5116 2528 5188; x_wconf 87' lang='grc' dir='ltr'>Ὅμως</span> <span class='ocrx_word' id='word_1_559' title='bbox 2559 5114 2803 5193; x_wconf 79' lang='grc' dir='ltr'>ἐφθακὼς</span> <span class='ocrx_word' id='word_1_560' title='bbox 2835 5115 3072 5186; x_wconf 90' lang='grc' dir='ltr'>πλησίον</span> <span class='ocrx_word' id='word_1_561' title='bbox 3103 5124 3202 5188; x_wconf 81' lang='grc' dir='ltr'>τῆς</span> <span class='ocrx_word' id='word_1_562' title='bbox 3232 5115 3503 5175; x_wconf 81' lang='grc' dir='ltr'>Κλαυδίου</span> 
     </span>
    </p>
   </div>
   <div class='ocr_carea' id='block_1_117' title="bbox 2338 5201 3511 5281">
    <p class='ocr_par' dir='ltr' id='par_1_117' title="bbox 2338 5201 3511 5281">
     <span class='ocr_line' id='line_1_117' title="bbox 2338 5201 3511 5281; baseline 0.004 -23"><span class='ocrx_word' id='word_1_563' title='bbox 2338 5201 2591 5277; x_wconf 84' lang='grc' dir='ltr'>Φυγάδας</span> <span class='ocrx_word' id='word_1_564' title='bbox 2624 5201 3150 5279; x_wconf 61' lang='grc' dir='ltr'>εἰργάσατοιΙΙέρσας</span> <span class='ocrx_word' id='word_1_565' title='bbox 3180 5202 3511 5281; x_wconf 83' lang='grc' dir='ltr'>Βαρϐάρους,</span> 
     </span>
    </p>
   </div>
   <div class='ocr_carea' id='block_1_118' title="bbox 2339 5291 3594 5365">
    <p class='ocr_par' dir='ltr' id='par_1_118' title="bbox 2339 5291 3594 5365">
     <span class='ocr_line' id='line_1_118' title="bbox 2339 5291 3594 5365; baseline 0.005 -18"><span class='ocrx_word' id='word_1_566' title='bbox 2339 5291 2759 5356; x_wconf 85' lang='grc' dir='ltr'>Ἀστυπολίταις</span> <span class='ocrx_word' id='word_1_567' title='bbox 2786 5294 2874 5347; x_wconf 80' lang='grc' dir='ltr'>καὶ</span> <span class='ocrx_word' id='word_1_568' title='bbox 2908 5294 3222 5365; x_wconf 87' lang='grc' dir='ltr'>προσοίκοις</span> <span class='ocrx_word' id='word_1_569' title='bbox 3260 5294 3306 5349; x_wconf 83' lang='grc' dir='ltr'>δ’</span> <span class='ocrx_word' id='word_1_570' title='bbox 3337 5297 3400 5351; x_wconf 78' lang='grc' dir='ltr'>αὗ</span> <span class='ocrx_word' id='word_1_571' title='bbox 3432 5296 3594 5353; x_wconf 78' lang='grc' dir='ltr'>πάλιν</span> 
     </span>
    </p>
   </div>
   <div class='ocr_carea' id='block_1_119' title="bbox 2164 5381 3417 5459">
    <p class='ocr_par' dir='ltr' id='par_1_119' title="bbox 2164 5381 3417 5459">
     <span class='ocr_line' id='line_1_119' title="bbox 2164 5381 3417 5459; baseline 0.002 -22"><span class='ocrx_word' id='word_1_572' title='bbox 2164 5384 2302 5438; x_wconf 82' lang='lat'>4690</span> <span class='ocrx_word' id='word_1_573' title='bbox 2343 5388 2545 5454; x_wconf 89' lang='grc' dir='ltr'>Θαρσος</span> <span class='ocrx_word' id='word_1_574' title='bbox 2575 5381 2815 5456; x_wconf 81' lang='grc' dir='ltr'>παρέσχε</span> <span class='ocrx_word' id='word_1_575' title='bbox 2845 5381 2933 5435; x_wconf 87' lang='grc' dir='ltr'>καὶ</span> <span class='ocrx_word' id='word_1_576' title='bbox 2965 5402 3096 5459; x_wconf 83' lang='grc' dir='ltr'>φαος</span> <span class='ocrx_word' id='word_1_577' title='bbox 3128 5382 3417 5456; x_wconf 63' lang='grc' dir='ltr'>θυμηδίαςι</span> 
     </span>
    </p>
   </div>
   <div class='ocr_carea' id='block_1_120' title="bbox 2338 5470 3383 5547">
    <p class='ocr_par' dir='ltr' id='par_1_120' title="bbox 2338 5470 3383 5547">
     <span class='ocr_line' id='line_1_120' title="bbox 2338 5470 3383 5547; baseline 0.001 -18"><span class='ocrx_word' id='word_1_578' title='bbox 2338 5473 2507 5535; x_wconf 76' lang='grc' dir='ltr'>Οὗτος</span> <span class='ocrx_word' id='word_1_579' title='bbox 2536 5473 2707 5544; x_wconf 84' lang='grc' dir='ltr'>μονὴν</span> <span class='ocrx_word' id='word_1_580' title='bbox 2740 5470 2954 5547; x_wconf 75' lang='grc' dir='ltr'>ἤγειρεν</span> <span class='ocrx_word' id='word_1_581' title='bbox 2981 5473 3032 5527; x_wconf 83' lang='grc' dir='ltr'>ἐν</span> <span class='ocrx_word' id='word_1_582' title='bbox 3064 5476 3383 5547; x_wconf 75' lang='grc' dir='ltr'>Κατασκέπῃ</span> 
     </span>
    </p>
   </div>
   <div class='ocr_carea' id='block_1_121' title="bbox 2338 5560 3577 5637">
    <p class='ocr_par' dir='ltr' id='par_1_121' title="bbox 2338 5560 3577 5637">
     <span class='ocr_line' id='line_1_121' title="bbox 2338 5560 3577 5637; baseline 0.002 -20"><span class='ocrx_word' id='word_1_583' title='bbox 2338 5563 2467 5617; x_wconf 87' lang='grc' dir='ltr'>Κατ’</span> <span class='ocrx_word' id='word_1_584' title='bbox 2501 5561 2630 5616; x_wconf 79' lang='grc' dir='ltr'>αὐτὸ</span> <span class='ocrx_word' id='word_1_585' title='bbox 2659 5560 2858 5616; x_wconf 89' lang='grc' dir='ltr'>πόντου</span> <span class='ocrx_word' id='word_1_586' title='bbox 2887 5564 3142 5634; x_wconf 87' lang='grc' dir='ltr'>κειμένην</span> <span class='ocrx_word' id='word_1_587' title='bbox 3174 5584 3282 5618; x_wconf 87' lang='grc' dir='ltr'>που</span> <span class='ocrx_word' id='word_1_588' title='bbox 3308 5564 3370 5618; x_wconf 88' lang='grc' dir='ltr'>τὸ</span> <span class='ocrx_word' id='word_1_589' title='bbox 3400 5563 3577 5637; x_wconf 84' lang='grc' dir='ltr'>στόμα</span> 
     </span>
    </p>
   </div>
   <div class='ocr_carea' id='block_1_122' title="bbox 2338 5648 3375 5727">
    <p class='ocr_par' dir='ltr' id='par_1_122' title="bbox 2338 5648 3375 5727">
     <span class='ocr_line' id='line_1_122' title="bbox 2338 5648 3375 5727; baseline 0 -22"><span class='ocrx_word' id='word_1_590' title='bbox 2338 5652 2428 5720; x_wconf 79' lang='grc' dir='ltr'>Τῷ</span> <span class='ocrx_word' id='word_1_591' title='bbox 2455 5654 2561 5704; x_wconf 81' lang='grc' dir='ltr'>τῶν</span> <span class='ocrx_word' id='word_1_592' title='bbox 2594 5648 2774 5704; x_wconf 78' lang='grc' dir='ltr'>ἀῦλων</span> <span class='ocrx_word' id='word_1_593' title='bbox 2804 5656 3065 5723; x_wconf 78' lang='grc' dir='ltr'>στρατιῶν</span> <span class='ocrx_word' id='word_1_594' title='bbox 3098 5652 3375 5727; x_wconf 76' lang='grc' dir='ltr'>ἀρχηγέτῃ</span> 
     </span>
    </p>
   </div>
   <div class='ocr_carea' id='block_1_123' title="bbox 2337 5736 3532 5816">
    <p class='ocr_par' dir='ltr' id='par_1_123' title="bbox 2337 5736 3532 5816">
     <span class='ocr_line' id='line_1_123' title="bbox 2337 5736 3532 5816; baseline 0.001 -23"><span class='ocrx_word' id='word_1_595' title='bbox 2337 5742 2549 5793; x_wconf 80' lang='grc' dir='ltr'>Πιστῶν</span> <span class='ocrx_word' id='word_1_596' title='bbox 2584 5736 2630 5792; x_wconf 83' lang='grc' dir='ltr'>δ’</span> <span class='ocrx_word' id='word_1_597' title='bbox 2661 5737 2850 5813; x_wconf 77' lang='grc' dir='ltr'>ὁδηγῷ</span> <span class='ocrx_word' id='word_1_598' title='bbox 2880 5738 3111 5813; x_wconf 74' lang='grc' dir='ltr'>Μιχαὴλ</span> <span class='ocrx_word' id='word_1_599' title='bbox 3142 5737 3532 5816; x_wconf 84' lang='grc' dir='ltr'>πρωταγγέλῳ,</span> 
     </span>
    </p>
   </div>
   <div class='ocr_carea' id='block_1_124' title="bbox 3664 1356 3807 1427">
    <p class='ocr_par' dir='ltr' id='par_1_124' title="bbox 3664 1356 3807 1427">
     <span class='ocr_line' id='line_1_124' title="bbox 3664 1356 3807 1427; baseline 0.007 -21"><span class='ocrx_word' id='word_1_600' title='bbox 3664 1356 3807 1427; x_wconf 86' lang='grc' dir='ltr'>[σας,</span> 
     </span>
    </p>
   </div>
  </div>
