4154 6304
307 338 405 394 181

301 474 445 528 4695
483 474 613 529 Καθ’
638 473 706 542 ἦν
733 495 787 529 τι
818 475 1122 545 κτησείδιον
1153 477 1305 535 ούδὶν
1338 478 1583 543 οὐδόλως

482 560 615 617 Οὕτε
643 560 855 639 πλέθρα
885 573 988 639 γῆς
1019 564 1137 622 οὐδ’
1170 568 1371 644 ἀγρούς
1402 569 1459 625 ού
1495 569 1691 645 χωρία·

482 652 858 727 Μονοτρόπων
892 651 949 709 δὲ
980 657 1292 733 συναγαγὼν
1324 656 1666 734 προκρίτους.

488 742 573 797 Ἐν
596 739 729 816 τῇδε
758 743 1097 815 προύνόησεν
1131 745 1325 810 αύτοὸς
1357 746 1564 802 ἀνύτειν

489 830 848 907 Ἀπράγμονά
877 853 935 887 τε
958 834 1046 888 καὶ
1082 834 1389 912 φιλήσυχον
1428 834 1567 911 βίον,

307 911 448 966 4700
488 912 599 975 Τὰς
631 916 781 986 σφῶν
808 915 1045 983 σιτήσεις
1076 911 1168 969 καὶ
1196 912 1401 978 διαίτας
1434 914 1501 971 δι’
1531 911 1679 979 ἔτους

487 1007 683 1057 Κοινοῦ
702 1004 927 1076 ταμείου
959 1006 1213 1070 θεσπίσας
1246 1003 1707 1082 προσλαμϐάνειν.

490 1093 642 1164 Παρὰ
664 1089 720 1147 δὲ
745 1094 1035 1166 Ῥωμαίοις
1067 1117 1130 1164 γε
1160 1101 1367 1170 θεσμοῦ
1396 1098 1647 1169 κειμένου

492 1181 853 1254 Κρατοῦντος,
887 1184 1059 1255 οἶμαι,
1091 1183 1247 1239 τοῦδε
1278 1185 1405 1239 κάπί
1435 1181 1731 1260 Βαρϐάροις

486 1270 621 1330 Τοῖς
650 1270 1003 1342 στρατιώταις
1029 1271 1327 1342 τᾶςδόσεις
1363 1272 1613 1347 ὀψωνίων

299 1358 440 1411 4705
481 1358 576 1413 Ἐκ
604 1362 698 1411 τοῦ
728 1361 952 1431 ταμείου
985 1361 1315 1436 παρέχεσθαι
1350 1360 1419 1417 δι’
1450 1360 1602 1428 ἔτους

477 1448 580 1503 Καὶ
609 1445 792 1502 τούσδ’
819 1444 1076 1524 ἀκριϐοῦν
1108 1450 1155 1506 εἶ’
1186 1454 1534 1528 πεπείρανται
1568 1454 1774 1529 μάχης,

405 1575 412 1581 -
477 1535 542 1590 Ei
570 1537 725 1606 τόξον
757 1536 813 1591 εῦ
846 1535 1051 1594 οἷ’δασιν
1086 1540 1330 1595 ἐντείνειν
1366 1542 1535 1615 μάλα,

477 1624 615 1696 Δόρυ
645 1645 701 1679 τε
731 1631 896 1680 κινεῖν
930 1626 1019 1681 καὶ
1050 1625 1355 1704 κραδαίνειν
1379 1629 1659 1707 ἐντέχνως,

474 1712 535 1766 Εἰ
572 1714 825 1787 σώματος
858 1714 1075 1793 φέρουσι
1110 1717 1301 1793 ῥώμην
1341 1720 1426 1773 καὶ
1478 1721 1683 1788 σθένος,

289 1801 434 1856 4710
476 1804 677 1876 Ψυχῆς
700 1823 758 1857 τε
788 1806 1117 1875 παράστημα
1147 1806 1281 1881 πρὸς
1308 1806 1432 1870 τοὺς
1464 1806 1762 1882 κινδύνους,

472 1891 598 1944 Κᾶτ’
628 1889 976 1969 ἐγγράφεσθαι
1008 1891 1097 1947 σῦν
1133 1893 1283 1970 λόγῳ
1310 1897 1656 1973 καταλόγοις·

472 1978 639 2041 Οὗτος
672 1980 950 2057 σιτηρέσια
972 1986 1078 2037 τῶν
1104 1985 1515 2059 στρατευμάτων

470 2068 716 2144 Κατέσχε
747 2069 927 2125 λαϐὼν
961 2070 1033 2133 ὡς
1064 2070 1183 2127 λίαν
1208 2072 1557 2153 ἀσυμφόρως·

474 2158 718 2214 Ἐπινοεῖ
748 2156 917 2221 δὲτὰς
948 2160 1220 2236 παροίκων
1247 2160 1343 2226 τὰς
1374 2161 1570 2226 δόσεις.

289 2250 433 2305 4715
471 2247 573 2303 Καὶ
602 2240 785 2302 ταῖσδε
816 2244 971 2322 δίψος
1001 2254 1147 2312 σφῶν
1183 2262 1485 2327 θεραπεεειν
1520 2252 1686 2317 θὲλει.

469 2338 737 2391 Ἐντεῦθεν
769 2336 963 2391 οὐκοῦν
994 2339 1096 2393 οὐκ
1128 2337 1419 2415 ἐπιλίγδην
1453 2342 1590 2404 ἄπας

468 2426 713 2498 Τάγμασι
744 2424 1057 2481 κατείλεκτο
1086 2431 1194 2481 τῶν
1225 2430 1661 2501 στρατευμάτων,

470 2510 643 2567 Ἀλλὰ
669 2511 899 2583 θελήσας
931 2513 1195 2590 ἐγοιριθεῖς
1224 2517 1291 2586 ἦν
1324 2516 1533 2573 αύτίκα’

466 2602 626 2656 Ταῦτ’
648 2601 731 2675 ἄρ’
764 2602 1132 2678 άνατὲτραπτο
1163 2604 1229 2658 τὰ
1258 2609 1361 2659 τῶν
1401 2605 1677 2679 Αὐσόνων,

288 2689 431 2745 4720
470 2689 571 2744 Καὶ
603 2691 871 2762 χειρόνως
904 2692 1225 2766 πάσχουσιν,
1262 2694 1335 2756 ὠς
1365 2691 1475 2749 ἔστι
1512 2694 1751 2770 βλέπειν.

462 2779 735 2854 Ἐμιρυτον
768 2776 890 2850 ἅναξ
923 2781 1163 2855 εὐτυχῶν
1200 2784 1358 2857 χάριν
1393 2781 1573 2859 λόγων

470 2866 818 2941 Εύγ).ωττίας
849 2866 1006 2931 κλέος
1034 2891 1091 2925 τε
1117 2871 1205 2925 καὶ
1238 2876 1443 2948 φρενῶν
1481 2873 1668 2948 βάθος,

460 2954 538 3010 Ού
573 2953 840 3028 λαμπρῶς
872 2958 938 3027 ἦν
970 2960 1231 3023 συντιθεὶς
1265 2961 1484 3038 γράφων
1520 2964 1704 3035 μόνον.

465 3042 799 3099 Ἐπιστολῶν
835 3047 1061 3122 χάριτας
1096 3051 1177 3110 οἷς
1212 3045 1432 3105 δὲδοκτό
1465 3052 1536 3121 οἱ,

270 3134 420 3189 4725
461 3130 616 3187 Ἀλλ’
643 3131 852 3189 ὠδίνων
884 3157 946 3210 γε
970 3136 1058 3191 καὶ
1088 3138 1537 3213 κατηχητηρίους

464 3224 532 3290 ᾝ
564 3219 757 3285 παῖδας
786 3222 1065 3279 ἆπὲτιχτεν
1101 3226 1333 3300 εὐγενεῖς
1365 3225 1584 3304 λόγους,

454 3309 560 3373 Oti:
594 3333 718 3389 φασι
752 3310 1016 3383 σελέντια,
1054 3315 1302 3378 συνετοὺς
1336 3314 1490 3392 ἄγαν.

456 3397 596 3472 ’0δῷ
626 3402 833 3475 προϊὼν
866 3402 1233 3475 ἡμμένοςκαὶ
1266 3402 1554 3480 δογμάτων

458 3489 586 3563 Περὶ
613 3494 747 3545 Θεοῦ
779 3488 950 3565 λέγειν
984 3512 1041 3547 τε
1070 3493 1158 3546 καὶ
1189 3493 1370 3549 κλύειν
1395 3495 1560 3551 θέλειο

276 3580 419 3634 4730
460 3582 600 3633 Νοῦν
630 3578 971 3655 γυσεφίκτοις
1002 3576 1235 3654 δόγμασι
1270 3580 1315 3636 δ’
1346 3583 1638 3660 ἐφιστάνων

457 3667 678 3730 Πεύσεις
711 3676 952 3745 προσῆγε
980 3672 1069 3723 καὶ
1103 3669 1283 3735 λύσεις
1305 3672 1510 3728 τούτων
1542 3674 1685 3749 πέρι.

454 3756 544 3819 Ὡς
572 3754 632 3810 ἄν
667 3757 893 3828 μυηθεὶς
925 3759 1061 3832 πρὸς
1089 3762 1323 3832 Χριστοῦ
1352 3762 1560 3817 τούτων
1591 3766 1735 3839 πέρι.

455 3846 742 3913 Ζητήσεως
772 3846 860 3900 οὗν
893 3850 1192 3916 τηνικαῦτα
1224 3844 1506 3921 συμϐάσης
1535 3854 1646 3925 (57)

455 3933 766 4004 Διεξιόντων
798 3939 1065 4011 γραφικοῦ
1098 3932 1265 4011 ῥητοῦ
1296 3938 1419 4011 πέρι

268 4025 418 4080 4735
454 4025 546 4084 Ὠς
576 4021 971 4099 προσδέχεσθαι
1004 4026 1325 4103 προσφέρειν
1357 4044 1414 4080 τε
1446 4027 1655 4102 σύναμα

456 4115 642 4188 Σάρκα
672 4110 911 4170 λαϐόντα
941 4116 1029 4170 τὸν
1064 4118 1191 4172 Θεόν
1226 4136 1283 4173 τι
1310 4118 1400 4173 καὶ
1432 4121 1625 4195 Λόγον,

452 4202 551 4255 Καὶ
577 4207 684 4256 τῶν
716 4203 828 4258 τότ’
861 4202 1070 4278 ἀνδρῶν
1105 4204 1156 4259 ἐν
1192 4204 1377 4281 λόγοις
1403 4209 1790 4283 τεθραμμένων

451 4292 889 4367 Ἀποκριθᾶντων
917 4293 993 4355 εἰς
1024 4291 1234 4348 ἐναντία
1268 4295 1427 4371 μὲρη,

450 4378 625 4454 Λόγοι
655 4379 934 4455 προῆλθον
970 4379 1021 4452 ἐξ
1051 4381 1305 4457 ἐκατέρου
1339 4384 1534 4458 μέρους

257 4470 409 4526 4740
448 4469 842 4545 Ἀντιφατικῶς
873 4469 1241 4545 ἀντερίζοντος
1274 4470 1483 4547 λόγοις.

446 4561 514 4631 τῇ
541 4557 805 4630 κρείττονι
838 4555 964 4631 δόξῃ
995 4555 1051 4612 δὲ
1076 4563 1522 4633 προστεθειμένου

450 4644 547 4700 Καὶ
578 4649 813 4719 πατρικῇ
846 4644 1115 4701 κάλλιστα
1142 4651 1238 4700 τοῦ
1265 4646 1549 4721 βασιλέως,

446 4733 721 4807 Καθῃρὲθη
734 4750 827 4789 σαν
858 4735 1005 4809 ἱερᾶς
1035 4734 1403 4810 λειτουργείας

444 4821 669 4900 Ἀνδρες
696 4823 921 4899 λογάδες
956 4822 1184 4881 λευϊτῶν
1216 4825 1565 4899 Ἐκκλησίας,

255 4918 409 4973 4745
450 4913 794 4992 Ἀντίφρονες
830 4914 1104 4987 μείναντες
1135 4914 1562 4992 ἀνεπιστρόφως,

444 5004 769 5078 Σωτήριχός
804 5024 886 5066 τις
920 5002 1283 5078 Παντεύγενος
1309 5004 1616 5075 τούπίκλην

443 5092 633 5163 Τελῶν
668 5094 978 5172 ὑποψήφιος
1003 5095 1345 5170 Ἀντιοχείας
1377 5099 1485 5169 (58)

331 5296 447 5362 (57)
477 5293 558 5347 Ex
586 5292 695 5347 hoc
718 5307 889 5346 versu
940 5306 1126 5361 usque
1172 5291 1241 5345 ad
1275 5308 1326 5344 ν.
1381 5293 1543 5356 4764,
1593 5298 1781 5349 exstat
1813 5295 1895 5351 lo-

250 5378 362 5421 cus
395 5364 550 5435 apud
584 5363 862 5435 Allatium
894 5367 1094 5417 contra
1122 5362 1364 5435 Qreygb.
1398 5365 1607 5435 p.526,

327 5432 451 5501 (58i
506 5434 747 5505 Wolfius
804 5434 1111 5505 interpres
1136 5432 1358 5505 Nicetes
1399 5432 1711 5490 'Choniatae
1757 5436 1894 5492 hist.

247 5523 358 5571 vn,
388 5508 444 5567 5,
480 5506 635 5575 haud
669 5504 790 5560 scio
840 5521 910 5559 an
961 5502 1355 5575 signiﬁcatum
1408 5505 1754 5561 intellexerit
1792 5523 1896 5563 vo-

249 5578 452 5650 cabuli
487 5574 821 5650 ὑποψήφιος,
851 5578 1006 5650 quod
1026 5574 1227 5650 tamen
1251 5575 1497 5650 explicat
1518 5578 1789 5650 Cangius,
1814 5579 1895 5633 ci-

244 5656 372 5705 tato
408 5649 537 5719 ipso
568 5646 767 5704 nostro
798 5646 1144 5718 prraemio,
1178 5647 1345 5716 cujus
1385 5646 1713 5720 fragmenta
1743 5646 1893 5721 lege-

1818 348 1927 402 ΟΕ
1934 346 2180 401 SARES.

1971 471 2026 537 Α
2058 468 2139 523 nil
2173 472 2369 525 tamen
2402 486 2635 542 prorsus
2668 465 3086 541 possidendum
3119 467 3347 535 tribuit,

2056 575 2171 613 non
2204 559 2323 630 agri
2358 559 2588 629 praedia,
2625 574 2739 613 non
2771 555 3040 612 villarum
3075 555 3299 611 reditus
3335 574 3348 624 ;

2053 649 2153 703 sed
2178 649 2595 704 monachorum
2630 647 2962 703 selectiores
2994 662 3359 719 congregans

2052 736 2172 791 illic
2203 752 2301 792 eos
2321 737 2501 793 voluit
2531 737 2586 791 in
2619 735 2878 791 coanobio
2912 736 3116 806 degere

2052 826 2207 881 curis
2237 830 2532 897 expertem
2560 829 2615 881 et
2646 826 2903 897 quietam
2934 825 3115 880 vitam
3154 842 3165 880 :

2051 915 2229 970 annui
2261 932 2430 985 porro
2451 916 2637 971 victus
2671 914 2938 969 subsidia

2051 1004 2281 1075 publico
2306 1003 2490 1074 jussit
2518 1020 2585 1059 ex
2616 1003 2817 1059 aarario
2849 1003 3131 1075 accipere.

2045 1093 2175 1148 Jam
2204 1110 2335 1148 cum
2370 1093 2646 1148 Romanis
2678 1109 2840 1164 mque
2872 1092 3258 1163 Barbarisque

2052 1198 2235 1254 usque
2267 1184 2337 1238 ad
2369 1183 2522 1237 hunc
2555 1184 2835 1238 Cursarem
2873 1182 3041 1236 firma
3072 1180 3163 1237 lex
3195 1180 3402 1238 fuisset

2049 1276 2111 1326 ut
2144 1272 2493 1326 cibariorum
2528 1273 2805 1326 demonsa
2838 1270 3117 1326 militibus

2045 1361 2453 1418 exhiberentur
2479 1378 2546 1416 ex
2577 1359 2774 1415 mrario
2801 1378 3034 1428 annua;

2044 1456 2219 1522 atque
2250 1450 2457 1506 horum
2492 1450 2695 1522 peritia
2728 1450 3145 1521 explorarelur,

2044 1556 2182 1595 num
2215 1556 2413 1595 arcum
2447 1544 2579 1611 apte
2605 1538 2663 1593 in
2694 1538 2903 1611 primis
2935 1539 3155 1593 scirent
3192 1538 3448 1606 tendere,

2040 1644 2270 1683 movere
2302 1629 2525 1683 hastam
2560 1634 2611 1682 et
2644 1627 2870 1685 vibrare
2904 1644 2969 1682 ex
3004 1630 3163 1695 arte;

2039 1734 2178 1772 num
2212 1734 2423 1789 corpus
2456 1718 2689 1771 ﬁrmum
2723 1716 3102 1787 validumque
3131 1715 3434 1786 haberent,

1964 1836 2008 1902 B
2041 1822 2145 1861 nec
2176 1823 2289 1861 non
2322 1806 2597 1861 audacem
2630 1806 2695 1858 ad
2732 1803 2988 1876 pericula
3019 1804 3308 1873 animum,

2042 1896 2308 1966 atqueita
2341 1895 2397 1949 in
2432 1893 2559 1948 albo
2590 1892 2725 1948 scite
2760 1893 3193 1961 scriberentur;

2039 1983 2131 2039 hic
2162 1984 2477 2055 imperator
2508 1982 2763 2037 militum
2797 1981 3017 2037 cibaria

2038 2072 2302 2140 sustulit,
2334 2073 2495 2128 lucro
2528 2071 2671 2144 reip.
2707 2072 2987 2126 damnoso
3021 2088 3034 2138 ;

2039 2162 2249 2234 hisque
2280 2160 2601 2218 incolarum
2622 2161 2930 2232 pensiones
2962 2159 3291 2228 substituit,

2039 2252 2252 2322 quibus
2281 2250 2593 2323 ingluviem
2632 2248 2882 2305 militum
2917 2248 3177 2304 satiaret.

2038 2341 2183 2395 Hinc
2215 2357 2382 2395 nemo
2415 2340 2519 2395 rite
2544 2342 2663 2409 jam
2698 2339 2865 2393 miles
2897 2340 3264 2410 conscriptus

2038 2429 2399 2501 allegebatur
2422 2428 2481 2482 in
2514 2428 2817 2499 copiarum
2850 2427 3083 2483 ordines
3111 2444 3123 2493 ;

2036 2520 2136 2575 sed
2168 2518 2531 2575 voluntarius
2562 2517 2810 2588 quisque
2842 2516 3015 2571 [lebat
3048 2514 3215 2571 miles
3249 2534 3261 2572 :

2034 2613 2090 2665 et
2110 2610 2194 2664 sic
2214 2613 2475 2663 Romana
2509 2623 2745 2678 pessum
2778 2621 2870 2661 res
2903 2609 2991 2660 est
3020 2605 3179 2673 data,

2032 2702 2089 2753 et
2112 2713 2287 2767 quam
2319 2696 2583 2751 videmus
2616 2695 2835 2765 patitur
2861 2694 3115 2749 ruinam.

2032 2787 2220 2842 Caesar
2249 2784 2530 2839 doctrinis
2563 2800 2595 2838 a
2622 2782 2869 2854 pueritia
2900 2781 3187 2849 imbutus,

2031 2875 2337 2930 verborum
2370 2871 2573 2945 gloria,
2603 2887 2886 2927 sensuum
2920 2868 3248 2940 altitudine,

2030 2980 2143 3019 non
2177 2962 2366 3018 solum
2400 2961 2702 3032 splendido
2726 2958 2873 3031 style
2908 2960 3294 3031 componebat

2026 3053 2409 3124 epistolarum
2432 3067 2534 3123 pro
2565 3050 2730 3105 libito
2753 3050 3024 3121 gratiam,

2029 3144 2130 3197 sed
2157 3141 2542 3197 catecbeticos
2573 3140 2749 3196 etiam
2783 3154 3084 3195 sermones

1947 3200 1990 3267 θ
2027 3247 2130 3287 ceu
2162 3230 2480 3302 genuinam
2512 3229 2872 3299 parturiebat
2902 3227 3184 3299 sobolem,

2026 3320 2196 3393 vulgo
2227 3318 2459 3375 silentia
2488 3318 2664 3383 dicta,
2699 3321 2822 3372 cate
2851 3318 3192 3372 admodum.

2027 3408 2168 3463 Hinc
2191 3412 2427 3480 sumpta
2449 3406 2713 3471 audacia,
2741 3406 2914 3461 etiam
2948 3406 3019 3460 de
3047 3406 3424 3478 dogmatibus

2024 3496 2236 3551 divinis
2266 3495 2446 3550 voluit
2475 3496 2667 3551 dicere
2692 3498 2748 3550 et
2777 3494 3018 3549 audire:

2025 3590 2395 3654 mentemque
2427 3584 2718 3640 abstrusis
2751 3584 3014 3640 inserens
3039 3584 3332 3656 mysteriis

2022 3674 2232 3730 borum
2265 3672 2613 3743 qumstiones
2648 3674 2945 3729 ambiebat
2975 3673 3197 3730 solvere

2021 3768 2299 3835 tanquam
2330 3762 2570 3817 edoctus
2593 3766 2747 3815 esset
2779 3778 2810 3815 a
2840 3762 3067 3817 Christo
3098 3763 3406 3836 interpres.

2019 3854 2167 3925 Ergo
2200 3856 2340 3907 tunc
2372 3855 2499 3906 orta
2530 3850 2783 3921 quadam
2814 3852 3211 3908 controversia

2020 3958 2197 4013 super
2227 3941 2546 4012 Scripturse
2568 3938 2692 3993 loco
2724 3938 3182 4009 disputantium,

2021 4031 2076 4085 in
2110 4047 2224 4101 quo
2256 4034 2312 4085 et
2341 4029 2601 4098 accipere
2621 4027 2795 4081 simul
2828 4030 2883 4081 et
2914 4028 3117 4082 offerre

2018 4120 2229 4174 dicitur
2257 4118 2625 4173 incarnatum
2658 4117 2910 4172 Verbum
2946 4115 3041 4171 Dei
3071 4134 3083 4185 ;

2017 4225 2152 4264 cum
2184 4209 2311 4276 ejus
2347 4206 2625 4278 temporis
2658 4205 2872 4261 eruditi
2904 4205 3170 4262 homines

2017 4296 2316 4351 discordes
2348 4296 2564 4351 ferrent
2594 4294 2701 4349 hac
2735 4296 2804 4349 de
2837 4310 2896 4349 re
2922 4295 3269 4362 sententias,

2015 4385 2190 4440 verba
2212 4384 2426 4439 ﬁebant
2456 4399 2522 4438 ex
2558 4386 2799 4453 utraque
2831 4386 2995 4454 parte

2016 4476 2156 4530 dum
2190 4490 2365 4528 suum
2396 4473 2647 4543 quisque
2678 4475 2977 4542 oppugnat
3010 4470 3429 4527 adversarium.

1936 4570 1979 4635 D
2013 4566 2273 4636 Cumque
2292 4561 2519 4618 meliori
2549 4559 2837 4615 calculum
2862 4560 3139 4629 adjiceret

2012 4654 2248 4710 Patrum
2282 4650 2602 4715 sententiae,
2640 4655 2702 4703 ut
2735 4666 2837 4720 par
2860 4653 3003 4719 erat,
3036 4653 3227 4706 Caesar
3257 4665 3269 4705 :

2012 4759 2175 4798 sacro
2198 4739 2424 4812 depulsi
2460 4743 2599 4793 sunt
2631 4737 2951 4792 ministerio

2012 4830 2115 4885 viri
2143 4828 2416 4902 praecipui
2450 4828 2505 4881 in
2541 4824 2807 4882 Ecclesia:
2837 4827 3066 4897 ofﬁciis,

2013 4919 2109 4990 qui
2144 4918 2470 4989 pertinaces
2501 4914 2562 4969 in
2584 4915 2872 4971 sententia
2904 4921 3258 4971 manserant.

2008 5006 2337 5063 Soterichus
2372 5006 2631 5077 quidam,
2663 5005 2833 5075 vulgo
2869 5006 3288 5078 Panteugenus,

2010 5097 2408 5153 Antiochenus
2440 5094 2658 5150 electus
2689 5094 3000 5166 episcopus
3034 5112 3046 5149 :

2009 5298 2096 5348 rat
2125 5294 2279 5363 apud
2314 5292 2611 5347 Allatium.
2649 5291 2873 5363 Rursus
2922 5287 3072 5363 idem
3121 5292 3433 5346 nescivisse
3481 5293 3637 5349 vide-

2008 5372 2125 5435 tur,
2147 5361 2487 5435 'I‘heopolim
2503 5378 2631 5417 esse
2658 5361 3015 5435 Antiochiam
3038 5362 3246 5435 ipsam.
3263 5365 3444 5435 Quare
3462 5366 3637 5419 verba

2008 5435 2035 5488 ὁ
2070 5429 2386 5509 ὑποψήφῐος
2413 5440 2511 5500 τῆς
2558 5436 2691 5509 Θεοῦ
2739 5429 2968 5509 πόλεως
3003 5429 3246 5509 μεγάλης
3298 5433 3634 5509 ’ᾼντιοχείας

2008 5503 2334 5577 Σωτηριχος
2367 5506 2394 5559 ὀ
2428 5503 2800 5578 Παντεύγενος,
2830 5504 3000 5557 vertit
3032 5504 3441 5578 ngopsephius
3482 5503 3633 5562 theo-

2004 5575 2595 5648 potitahfSoterz’chus
2617 5647 2622 5648 γ
2643 5575 3021 5644 Ραηιευρθηαε
3069 5575 3385 5648 Antiochea,
3415 5592 3435 5637 ,'
3467 5577 3631 5646 quasi

2008 5646 2403 5719 hypopsephius
2435 5647 2732 5719 proprium
2767 5661 2979 5701 nomen
3012 5649 3166 5700 esset
3193 5646 3302 5700 viri
3340 5646 3630 5718 tbe0poii-
