4138 6296
427 326 533 381 183
1629 337 1998 392 ΕΡΗΒΒΜΙΙ
2036 338 2061 391 (

2175 337 2610 392 ‘.ONOGRAPHI
3708 326 3809 381 184

422 451 563 507 item
586 453 928 510 Eustathius
961 455 1234 527 Epidauri
1268 462 1501 531 praesul,

2090 465 2143 530 Α
2352 457 2647 518 Εὐστάθιος
2680 452 2946 528 πρόεδρος
2977 449 3371 525 Ἐπιδαμνίων,

426 548 482 595 et
511 541 926 598 Thessalorum
958 545 1200 601 Michael
1234 553 1375 603 tunc
1408 550 1624 619 rhetor,

2352 547 2412 603 Ὀ
2441 550 2551 601 τῶν
2583 544 2867 599 Θετταλῶν
2898 542 3134 616 Μιχαὴλ
3167 541 3350 617 ῥήτωρ
3382 540 3526 607 τότε,

430 645 494 683 ac
527 629 818 686 Basilaces
848 633 1199 703 sapientium
1236 636 1396 701 Pauli

2179 637 2317 691 4750
2355 634 2453 688 Καὶ
2485 633 2799 702 Βασιλάκης
2830 636 2937 686 τῶν
2971 634 3147 708 σοφῶν
3180 628 3402 685 Ηαύλου
3424 627 3600 701 λόγων
3628 630 3743 699 (59)

430 718 720 790 interpres
752 718 1075 777 litterarum
1101 740 1166 777 ac
1195 723 1387 781 levita.

2356 721 2691 783 Διδάσκαλός
2722 742 2807 782 τις
2840 719 3128 793 τυγχάνων
3161 720 3252 773 καὶ
3286 716 3527 787 λευῖτης.

434 808 569 862 Post
599 824 785 863 annos
816 808 1038 880 aliquot
1070 811 1223 867 idem
1258 816 1577 871 monarcha

2356 811 2508 869 Μετὰ
2537 809 2594 865 δὲ
2620 804 2956 870 λυκάϐαντας
2988 808 3144 869 οὗτος
3169 809 3196 861 ὁ
3227 805 3441 882 κράτωρ

434 895 592 951 aliud
628 898 933 967 proposuit
960 899 1369 970 explicandum
1403 905 1605 960 thema
1638 922 1651 958 :

2355 899 2545 969 Ῥητὸν
2578 898 2854 972 προτιθεὶς
2886 897 2960 959 εἷς
3001 896 3284 968 ἀνάπνυξιν
3317 894 3505 963 πάλιν,

432 984 715 1040 Dominus
747 985 891 1039 dixit
923 989 1214 1058 passionis
1255 995 1533 1063 tempore,

2355 989 2417 1044 Ὀ
2448 982 2721 1057 Δεσπότης
2753 982 2938 1061 εἴρηκε
2964 990 3138 1060 καιρῷ
3166 988 3260 1038 τοῦ
3290 985 3516 1055 πάθους,

433 1072 603 1143 Major
632 1089 716 1127 me
742 1077 899 1144 pater
921 1080 998 1129 est
1032 1079 1071 1130 ί.
1104 1076 1251 1132 Tum
1285 1095 1492 1149 parum
1524 1097 1740 1136 curans

2180 1079 2318 1133 4755
2348 1075 2565 1145 Μείζων
2597 1073 2732 1147 ἐμοῦ
2763 1076 2967 1151 πέφυκε
2999 1074 3185 1147 Πατήρ
3221 1094 3346 1145 μου,
3378 1071 3553 1145 λέγων

438 1160 630 1215 Czesar
650 1160 774 1231 jam
807 1162 1071 1233 cognitas
1106 1164 1338 1219 Patrum
1374 1168 1715 1235 sententias,

2355 1163 2561 1239 Μικρόν
2589 1184 2647 1218 τε
2676 1162 2971 1237 προσσχὼν
3005 1160 3286 1233 ἆναπτύξει
3317 1161 3567 1236 Ιιατέρων
3600 1162 3710 1232 (61)

440 1250 738 1321 propriam
763 1252 1030 1321 procudit
1059 1252 1622 1324 interpretationem,

2358 1253 2573 1309 Οἰκείαν
2608 1251 2858 1326 ἐξήγησιν
2891 1250 3315 1327 ἀντεπεισφέρει,

444 1342 502 1392 et
532 1343 934 1409 tempestatem
962 1341 1278 1396 concitavit
1308 1344 1621 1399 maximam

2360 1340 2461 1398 Καὶ
2490 1340 2779 1415 τρικυμίας
2812 1338 3137 1412 ἀναπιμπλᾷ
3165 1338 3253 1393 καὶ
3289 1337 3457 1407 ζάλης

440 1425 710 1481 Ecclesia:
737 1425 913 1481 simul
937 1432 994 1481 et
1023 1428 1208 1483 doctis
1238 1431 1609 1500 praesulibus,

2358 1427 2683 1499 Ἐκκλησίαν
2708 1448 2767 1482 τε
2791 1427 2881 1481 καὶ
2913 1426 3114 1501 σοφοὺς
3141 1425 3459 1501 ἀρχιθύτας·

443 1515 589 1585 Ergo
620 1518 819 1569 coacta
848 1514 1204 1571 delectorum
1238 1520 1457 1590 synodo

2183 1520 2322 1574 4760
2362 1517 2666 1592 Ὀμήγυριν
2697 1516 2789 1570 οὗν
2821 1515 2879 1569 ἐκ
2908 1512 3156 1588 λογάδων
3188 1512 3375 1575 ἁλίσας

441 1602 677 1674 impulit
707 1602 916 1670 Caesar,
948 1605 1002 1659 vi
1034 1622 1267 1678 quoque
1299 1609 1582 1675 adhibita,

2362 1606 2580 1679 Ἐνῆγεν
2614 1602 2737 1676 ἅναξ
2768 1604 3074 1679 προστιθείς
3102 1624 3153 1657 τι
3183 1603 3275 1657 καὶ
3309 1602 3430 1677 βίας

444 1708 649 1747 omnes
684 1692 876 1748 libello
910 1699 974 1749 ut
1007 1694 1089 1749 ita
1120 1696 1595 1754 subscriberent:

2358 1694 2715 1771 ’Υπογράφειν
2740 1690 2964 1747 ’ἑκαστον
2997 1690 3174 1754 οὕτως
3204 1690 3257 1745 έν
3285 1690 3462 1763 τόμῳσ

442 1781 748 1836 Asseutior
772 1798 876 1853 ego
906 1787 1145 1838 Patrum
1175 1786 1504 1855 sententiis,

2108 1821 2157 1886 Β
2364 1786 2553 1857 Στιχῶ
2588 1782 2681 1855 μὶν
2712 1781 2869 1842 αὐτὸς
2902 1780 3087 1856 ῥήσεσι
3113 1780 3203 1833 καὶ
3235 1780 3484 1854 Πατέρων

2362 1872 2413 1886 ..
2510 1870 2535 1886 ν
2669 1868 2683 1886 τ
2751 1875 2790 1886 η
2867 1868 2881 1886 Ι
3108 1865 3133 1886 η
3306 1871 3320 1886 .
3355 1868 3366 1886 1

445 1886 593 1942 quas
624 1869 894 1941 inspirati
918 1872 987 1926 de
1012 1871 1199 1927 Verbo
1233 1875 1616 1945 scripserunt,

2109 1865 2157 1886 υ
2362 1872 2460 1932 “At;
2485 1870 2635 1924 εἶπον
2666 1868 2725 1923 ἐκ
2748 1868 3061 1941 Πνεύματος
3088 1865 3261 1921 εθίνεκα
3292 1868 3468 1943 Λόγου

445 1958 673 2014 Christo
704 1959 985 2029 majorem
1021 1959 1245 2017 scilicet
1272 1979 1400 2018 esse
1422 1967 1674 2034 Patrem,

2187 1961 2293 2015 476
2362 1963 2469 2013 Τοῦ
2502 1957 2703 2030 μείζον’
2734 1958 2861 2012 εἶναι
2893 1961 2994 2011 τοῦ
3021 1960 3260 2030 Χριστοῦ
3290 1956 3382 2010 τὸν
3414 1958 3643 2030 Πατέρα.

446 2048 508 2102 Id
536 2050 731 2101 autem
765 2046 854 2101 aio
878 2048 1124 2117 dictum,
1160 2049 1297 2122 quia
1327 2056 1578 2108 creatam

2363 2048 2521 2120 Λέγω
2555 2044 2611 2100 δὲ
2637 2050 2802 2100 τοῦτο
2832 2044 2921 2099 καὶ
2949 2042 3210 2117 λελέχθαι
3242 2043 3430 2099 καθότι

443 2134 902 2206 passibilemque
931 2152 1164 2192 carnem
1196 2138 1452 2195 Verbum
1486 2143 1760 2213 sumpsit.

2366 2124 2599 2203 Κτιστήν
2630 2135 2878 2203 παθητὴν
2912 2132 3080 2207 σάρκα
3110 2127 3380 2205 λαμϐάνει
3412 2134 3606 2209 Λόγος.

441 2216 537 2279 Sic
568 2240 740 2295 porro
768 2226 1133 2296 supponebat
1163 2226 1373 2283 Filium
1410 2230 1561 2285 Patri

2363 2225 2517 2278 Τοῦθ⁹
2537 2222 2718 2300 ὕφεσιν
2749 2222 2897 2298 φέρει
2930 2219 2985 2276 δὲ
3014 2222 3149 2297 πρὸς
3178 2223 3269 2275 τὸν
3296 2222 3504 2295 Πατέρα

447 2317 757 2384 postquam
792 2313 977 2367 nostri
1009 2314 1197 2384 gratia
1228 2332 1463 2372 carnem
1495 2323 1847 2391 sumpserat.

2332 2312 2443 2383 Υίῷ
2474 2306 2697 2365 λαϐόντι
2730 2310 2897 2385 σάρκα
2924 2313 3033 2363 τῶν
3070 2311 3279 2384 βροτῶν
3312 2308 3496 2383 χάριν.

446 2405 579 2455 Haec
612 2400 955 2472 consignata
984 2400 1193 2457 litteris
1226 2407 1534 2476 purpureis

2192 2403 2331 2457 4770
2369 2398 2862 2475 Ἐρυθροσημάντῳ
2894 2396 2951 2452 δὲ
2982 2396 3107 2459 δοὺς
3139 2401 3320 2474 γραφῇ
3352 2395 3478 2452 τάδε

446 2488 816 2560 lapideisque
840 2489 1060 2545 tabulis
1080 2490 1376 2564 insculpta

2372 2486 2468 2541 Καὶ
2499 2486 2659 2557 πλαξὶ
2685 2484 2871 2547 καλῶς
2903 2484 3199 2560 ἐγχαράξας
3232 2483 3463 2547 λιθίναις

449 2577 695 2648 pulchro
727 2578 991 2645 artiﬁcio,
1023 2580 1081 2633 in
1110 2580 1331 2651 templo
1363 2582 1593 2654 Sophia;

2372 2574 2495 2632 Ἐπὶ
2521 2573 2721 2651 Σοφίας
2752 2577 2847 2627 τοῦ
2876 2574 2977 2627 νεὼ
3004 2576 3137 2627 Θεοῦ
3169 2572 3344 2646 Λόγου

448 2666 637 2720 instar
666 2665 1059 2737 ephigraphes
1090 2670 1406 2737 spectanda
1435 2671 1722 2742 exposuit.

2371 2664 2684 2738 Ἀνάγραφα
2704 2662 2914 2731 τίθησιν
2946 2660 3020 2723 ὡς
3047 2656 3157 2714 ἔστι
3192 2660 3435 2735 βλέπειν.

450 2754 641 2809 Aliam
674 2770 882 2809 rursus
907 2758 1361 2812 controversiam
1396 2760 1593 2826 movit,

2374 2753 2492 2807 Ἔτι
2518 2755 2658 2805 κινεῖ
2685 2752 2905 2820 ζήτημα
2931 2747 3021 2803 καὶ
3053 2747 3217 2803 πάλιν
3244 2746 3387 2803 τόδε·

451 2858 663 2914 nempe
693 2848 756 2896 ut
785 2843 1098 2898 anathema
1126 2846 1514 2903 Mohamethis
1549 2852 1658 2904 Deo

2199 2843 2339 2897 4775
2379 2840 2631 2910 Ἀνάθεμ’
2662 2836 2745 2906 εἴη
2777 2842 2856 2908 τῷ
2888 2841 3003 2907 Θεῷ
3030 2840 3126 2891 τοῦ
3158 2836 3423 2909 Μωάμεθ,

453 2930 808 2986 eximeretur
828 2931 1118 3002 dyptichis
1140 2935 1442 3001 suadebat,

2376 2925 2504 2983 Τόδ¹
2528 2924 2825 2998 ἀπαλεῖψαι
2860 2924 3096 2979 πυκτίων
3131 2926 3446 2999 παρηγγύα,

456 3036 528 3075 ne
560 3020 705 3075 forte
726 3019 1079 3074 contumelia
1109 3021 1271 3077 ﬁeret
1290 3022 1529 3077 Numini

2375 3022 2460 3076 Ὠς
2496 3016 2570 3087 μή
2602 3008 3007 3087 καθυϐρίζοιτο,
3042 3012 3195 3089 φησὶ,
3227 3018 3335 3067 τῶν
3367 3012 3511 3069 ὅλων

455 3109 719 3164 omnium
754 3108 996 3162 Domino
1028 3112 1202 3178 atque
1234 3112 1547 3176 regnatori.

2129 3162 2167 3178 ﬂ
2377 3109 2436 3161 Ὀ
2464 3098 2839 3175 παμϐασιλεὸς
2869 3100 2958 3155 καὶ
2990 3102 3118 3163 Θεὸς
3149 3101 3237 3155 καὶ
3270 3103 3568 3172 Δεσπότης.

458 3162 597 3251 item
617 3195 1002 3265 judicandam
1035 3162 1249 3249 obluat
1278 3162 1589 3269 gestabat,

2125 3162 2168 3227 C
2381 3162 2576 3261 Τίθησι
2609 3187 2783 3257 δῆλον
2814 3191 3037 3262 ποιμέσι
3072 3190 3288 3261 σκέμμα
3314 3188 3458 3245 τόδε·

460 3283 559 3353 qui
594 3283 922 3351 rejecerunt
951 3298 1155 3337 omnes
1186 3288 1249 3337 ut
1278 3284 1727 3357 blasphemiam,

2201 3283 2340 3338 4780
2379 3277 2731 3353 Ἀπαγορεύει
2755 3283 2857 3339 πᾶς
2889 3275 3070 3331 κλύων
3109 3277 3290 3353 βλαφη
3303 3278 3444 3351 μίαν.

462 3373 651 3426 Iratus
680 3374 873 3425 Caesar
902 3375 1137 3425 renovat
1158 3370 1423 3427 libellum

2382 3366 2578 3428 Μάνεὶς
2611 3367 2637 3420 ὁ
2667 3371 2877 3441 κρατῶν
2910 3372 3216 3421 καινοποιεῖ
3245 3364 3311 3436 δὴ
3341 3368 3510 3440 τόμον

465 3457 621 3513 falsas
650 3457 1044 3514 Mohamethis
1076 3460 1361 3515 faventem
1388 3461 1541 3529 ﬁdei,

2385 3459 2800 3529 Συνηγοροῦντα
2830 3452 3132 3526 λαοπλάνῳ
3157 3454 3422 3528 Μωάμεθ,

463 3564 529 3601 ac
561 3545 889 3617 superiores
921 3549 1300 3617 castigantem
1334 3552 1589 3606 Caesares

2385 3545 2508 3599 Τῶν
2529 3543 2654 3617 πρὶν
2690 3539 2735 3595 δ’
2764 3542 3004 3596 ἀνάκνων
3032 3542 3454 3615 καθικνούμενον
3489 3543 3635 3617 μάλα

464 3640 748 3705 tanquam
784 3634 991 3690 inscite
1023 3635 1464 3693 maledixissent
1494 3638 1641 3707 Deo;

2387 3632 2476 3691 Ὠς
2510 3627 2912 3703 λοιδορούντων
2942 3630 3162 3702 ἀμαθῶς
3195 3634 3310 3702 Θεῷ
3339 3633 3522 3707 Λόγῳ·

468 3728 644 3794 atque
676 3722 833 3777 hunc
865 3720 1128 3776 libellum
1162 3723 1345 3779 edidit
1373 3724 1706 3797 legendum.

2213 3724 2353 3778 4785
2390 3720 2481 3783 Et;
2512 3720 2765 3795 ἆκρόάσιν
2791 3717 3042 3774 ἐκδίδωσι
3074 3721 3166 3774 τὸν
3194 3720 3388 3793 τόμον.

471 3812 581 3866 Sed
607 3810 939 3881 patriarcha
970 3810 1185 3865 restitit
1216 3814 1514 3880 audacter,

2390 3811 2453 3866 Ὀ
2480 3809 2829 3884 πατριάρχης
2858 3804 3049 3878 ἀντέϐη
3087 3806 3421 3883 θαρσαλέως,

469 3905 527 3954 et
556 3914 689 3952 cum
722 3895 953 3969 pastore
978 3899 1393 3969 conspirarunt
1423 3919 1665 3971 omnes;

2391 3898 2489 3951 Καὶ
2520 3903 2625 3959 πᾶς
2658 3899 2851 3951 συνιὼν
2886 3902 3211 3972 συνομαρτεῖ
3238 3900 3482 3970 ποιμένι,

470 3986 900 4042 Thessalonica;
940 3987 1149 4057 praasul
1182 3988 1333 4043 inter
1355 3991 1578 4062 primos

2392 3985 2496 4040 Καὶ
2536 3984 2745 4056 μᾶλλον
2779 3986 2807 4039 ὁ
2837 3983 3105 4059 πρόεδρος
3136 3983 3532 4056 Θεσσαλονίκης

468 4076 557 4131 vir
586 4075 913 4131 celebratus
938 4074 1149 4131 virtute
1180 4093 1246 4131 ac
1274 4078 1485 4133 litteris
1509 4098 1524 4148 ;

2398 4069 2729 4149 Περιϐόητος
2757 4072 2950 4147 ἀρετήν
2980 4093 3039 4126 τε
3068 4073 3157 4126 καὶ
3189 4072 3374 4148 λόγον,

474 4170 648 4235 atque
679 4169 980 4236 pastorum
1013 4164 1199 4236 gloria
1228 4166 1574 4223 Eustathius

2220 4162 2359 4216 4790
2394 4165 2509 4215 Τῶν
2542 4164 2927 4233 ποιμεναρχῶν
2957 4158 3249 4222 Εὐστάθιος
3282 4162 3343 4216 τὸ
3372 4160 3534 4224 κλέος

474 4252 596 4308 zelo
622 4252 817 4307 divino
853 4252 1079 4307 viscera
1110 4259 1384 4323 perustus

2397 4250 2467 4317 Ζη
2480 4248 2559 4320 λῳ
2590 4252 2753 4319 θεϊκῷ
2783 4246 3178 4324 καταφλεχθεὶς
3208 4248 3430 4323 καρδίαν

478 4357 693 4397 novum
724 4357 790 4394 ac
819 4341 1086 4411 spurium
1120 4341 1467 4413 improbavit
1499 4344 1732 4413 dogma,

2395 4336 2621 4411 ’Ἡλεγξε
2650 4333 2831 4408 δόγμα
2859 4337 3172 4413 καινοφανὶς
3204 4337 3295 4392 καὶ
3323 4340 3505 4394 νόθον.

480 4430 679 4485 dicens
714 4447 725 4484 :
762 4429 1063 4483 Enimvero
1096 4430 1275 4483 forem
1307 4446 1412 4501 ego
1444 4431 1725 4503 indignus

2406 4422 2541 4493 Εἴην
2570 4430 2631 4478 ἄν
2663 4424 2895 4495 ἀνάξιος,
2930 4423 3117 4497 εἲπὼν,
3149 4427 3425 4482 παντάπαν

480 4516 794 4589 episcopali
825 4516 975 4573 stola
1006 4522 1181 4588 atque
1212 4517 1381 4587 solio,

2156 4508 2194 4569 Ι)
2402 4519 2514 4581 Τῆς
2541 4517 2931 4587 ποιμεναρχῶν
2961 4514 3051 4567 καὶ
3090 4512 3291 4579 στολῆς
3321 4516 3410 4569 καὶ
3439 4520 3535 4570 τοῦ
3568 4518 3790 4591 θρόνου,

482 4620 840 4677 prorsusque
871 4606 1112 4660 insanus
1154 4607 1360 4662 merito
1391 4609 1731 4666 aestimarer.

2226 4602 2366 4657 4795
2402 4599 2646 4664 Ἠλίθιος
2678 4596 2734 4653 δὲ
2763 4600 2850 4654 καὶ
2881 4601 3211 4673 νομιζοίμην
3242 4600 3448 4657 πλάνον

481 4694 530 4751 si
565 4710 598 4749 a
630 4693 948 4764 pwderasta
976 4694 1135 4748 vafro
1164 4694 1421 4750 mulione

2404 4688 2465 4746 Ei
2490 4686 2851 4760 παιδεραστὴν
2882 4689 2970 4743 καὶ
3000 4688 3311 4762 καμηλώδη
3345 4690 3549 4745 πλάνον

488 4781 771 4852 magistro
802 4780 993 4834 omnis
1024 4786 1187 4836 actus
1216 4786 1553 4841 exsecrandi

2404 4778 2624 4848 Μύστην
2654 4798 2713 4831 τε
2734 4778 2911 4846 πάσης
2941 4778 3183 4852 πράξεως
3218 4777 3542 4853 βδελυκτέας

484 4875 541 4925 et
562 4867 962 4924 doctrinarum
986 4867 1364 4925 scelestarum
1400 4879 1609 4943 mysta,

2404 4869 2507 4926 Καὶ
2543 4868 2888 4944 μυσταγωγὸν
2925 4863 3126 4922 ἀσεϐῶν
3160 4866 3502 4944 διδαγμάτων

488 4958 588 5029 qui
620 4961 950 5011 monstrum
969 4958 1261 5027 quoddam
1298 4960 1464 5014 ﬁnxit
1490 4961 1886 5036 holosphyron

2403 4959 2738 5037 Ὁλόσφυρόν
2769 4980 2820 5013 τι
2851 4958 2939 5012 καὶ
2969 4956 3347 5031 πεπλασμένον
3377 4960 3532 5033 τέρας

561 5064 577 5096 ί
607 5060 776 5116 Joan.
804 5077 919 5129 xxv,
951 5062 1045 5117 28.

485 5164 719 5247 tanihet
767 5165 1004 5247 quidem
1048 5167 1344 5247 diversi‘a
1393 5169 2115 5247 Sqterichg_antiocheno.
2224 5175 2609 5247 terpretando.
2653 5174 2833 5247 Paulo
2886 5175 3218 5247 occupata?
3276 5175 3423 5229 Hinc
3453 5174 3721 5247 videlicet
3776 5179 3862 5230 tot

484 5235 957 5315 Allatiustamen
989 5243 1213 5315 contra
1263 5239 1505 5315 Greygh.
1557 5243 1784 5315 p.526,
1816 5244 1970 5315 ofﬁci
2015 5262 2117 5300 no-
2227 5235 2607 5303 Paulinarum
2664 5235 3051 5315 Epistolarum
3113 5244 3293 5299 Graeci
3338 5246 3746 5302 commentarii
3799 5246 3856 5299 in

486 5323 620 5393 pien
655 5310 904 5393 retinet:
962 5310 1265 5393 Antiochiae
1308 5310 1725 5393 hypbpsephiui,
1774 5310 1931 5393 sicut
1979 5316 2119 5393 alibi
2229 5315 2598 5393 bibliothecis
2625 5310 2768 5393 mss.
2798 5316 2967 5371 nobis
2996 5321 3327 5393 occurrunt.

486 5380 685 5462 ξῑπατος
714 5380 963 5462 vertitur
977 5380 1077 5462 ‘ab
1110 5382 1310 5462 eodem
1350 5380 1621 5462 hypatas.
1673 5384 1873 5462 Exstat
1922 5391 2119 5462 autem
2298 5389 2628 5462 (60)-Hujus
2659 5388 2754 5462 rei
2771 5404 2949 5462 causa
2969 5386 3324 5442 celebratum
3356 5386 3857 5462 concilium‘Gras-

488 5450 706 5527 in_c‘od_,
750 5452 882 5527 Vat_.
914 5451 1090 5527 ⁵21462
1129 5470 1179 5521 p.
1220 5453 1337 5527 124,
1364 5450 1646 5527 scriptum
1681 5455 1957 5527 Demetrii
2008 5457 2121 5513 Ge-
2229 5450 2700 5521 cumfhactenus
2739 5457 3047 5521 ineditum,
3081 5472 3217 5527 ergo
3250 5458 3405 5526 prelo
3446 5460 3571 5527 jam
3610 5458 3852 5527 subieci.

486 5517 821 5603 mils’t’i‘ﬁirwc
850 5518 878 5571 ὁ
909 5517 1222 5603 ὑποψηςξιος
1242 5521 1316 5603 εἰς
1337 5523 1398 5575 τὸ
1430 5517 1583 5603 ῥίγιον
1604 5524 1902 5603 εἰσέρχεται
1935 5531 2117 5603 Βῆμα.

2275 5517 2412 5603 _(6t)
2450 5530 2562 5583 Has
2610 5529 2931 5603 sententias
2974 5517 3184 5598 legesis
3232 5517 3468 5584 interim
3514 5530 3672 5601 apud
3710 5517 3854 5584 Cho-

558 5589 671 5659 (59)
701 5590 924 5660 Ergone
955 5589 1188 5648 in'urbe
1241 5589 1510 5662 Byzantio
1555 5589 1830 5653 cathedra
1880 5589 2119 5654 fuitnin-
2230 5589 2453 5658 niatum
2484 5616 2585 5669 vn,
2617 5600 2669 5653 5.
