4154 6304
309 350 415 404 185

299 472 441 527 4800
470 469 654 539 Ψιλῆς
688 468 929 532 ἐπινοίας
947 492 1007 545 γε
1034 472 1135 525 καῖ
1154 470 1443 545 στυγητέας

477 559 605 613 Θεὸν
638 557 867 628 καλοί-ην
901 559 1097 633 ἀτρεκῆ
1127 559 1346 629 κτίστην
1379 558 1546 615 ὅλων.

483 648 547 703 Ὀ
579 645 624 701 δ’
654 646 730 710 ὠς
758 648 1041 711 πεπονθὼς
1069 647 1300 723 ἐσχάτην
1335 648 1613 715 παροινίαν

484 734 766 789 Ὀνείδεσιν
797 733 992 790 ἔπλυνε
1019 735 1146 798 τοὺς
1173 735 1471 810 ἀρχιθύτας

478 821 705 895 Κόσμου
733 823 802 876 τὰ
833 825 991 897 μωρὰ
1017 822 1211 878 τούσδε
1238 821 1417 878 καλῶν
1451 822 1665 899 ἀλόγως
1702 843 1714 856 ·

309 914 453 968 4805
490 912 635 968 Κάπῖ
671 908 915 984 μεγάλης
945 907 1264 975 δικάσασθαι
1294 910 1517 966 συνόδου

485 1000 625 1073 Πρὸς
655 996 838 1053 τούσδ’
868 998 1106 1054 ἀπειλῶν
1140 999 1395 1072 έμμανῶς
1426 999 1693 1073 ἐκεκράγει

489 1086 646 1141 Πάπα
673 1086 936 1162 παρόντος
962 1092 1073 1142 τῶν
1104 1088 1475 1163 προκειμένων
1517 1087 1696 1162 χάριν.

488 1175 679 1246 ’Ὀμως
709 1176 885 1246 Θυμοῦ
915 1175 1205 1245 λήξαντος,
1236 1178 1264 1231 ὁ
1290 1174 1460 1244 πραῢς
1491 1174 1615 1247 ἄναξ

489 1259 712 1335 Σπουδῇ
744 1261 1013 1337 προέδρου
1032 1261 1195 1331 τῆσδε
1224 1270 1320 1332 τῆς
1352 1263 1782 1338 Κωνσταντίνου,

304 1352 446 1406 4810
484 1353 575 1420 Τῷ
604 1350 893 1411 Θετταλίας
921 1350 1189 1424 άρχιθύτῃ
1224 1347 1439 1420 συνέϐη,

475 1434 696 1497 Ἐνδοὺς
723 1438 790 1491 τά
816 1438 866 1491 οἱ
898 1434 1123 1509 δόξαντα
1145 1440 1302 1515 φάναι
1333 1440 1678 1514 προφρόνως.

474 1523 644 1586 Τέλος
675 1522 723 1578 δ’
751 1524 988 1579 ἐπειπὼν
1019 1525 1106 1581 καὶ
1135 1526 1389 1600 βασιλεὺς
1416 1526 1597 1583 τοιάδε

475 1618 559 1675 Ὡς
589 1610 671 1667 δεῖ
699 1612 863 1691 σοφόν
888 1635 946 1669 τε
977 1615 1194 1670 συνετὸν
1228 1617 1504 1693 πεφυκότα

482 1699 669 1772 Μηδὲν
701 1703 1034 1779 παρακαίρια
1055 1701 1242 1759 λαλεῖν
1273 1705 1510 1780 θρασέως

295 1792 446 1847 4815
483 1787 641 1859 Μηδὲ
667 1785 1003 1864 προϐάλλειν
1033 1791 1234 1867 ῥήματ’
1264 1792 1464 1868 αἰσχρὰ
1490 1792 1754 1868 καθάπαξ,

483 1880 595 1935 Τοῖ’)
628 1884 825 1950 μηνιᾷν
858 1875 1052 1934 ἔπαυσε
1078 1881 1215 1955 πρὸς
1242 1882 1335 1936 τὸν
1360 1886 1595 1954 ποιμένα
1629 1900 1641 1914 ’

476 1965 633 2023 Οὕτω
662 1967 756 2039 μὶν
790 1966 1043 2037 ἐξήνυστο
1072 1966 1190 2023 τάδ’
1220 1968 1296 2033 ὠς
1324 1967 1381 2023 ἂν
1414 1968 1546 2047 ἔφην
1583 1990 1597 2003 ο

476 2053 557 2109 Τά
586 2050 831 2129 δόγματα
862 2052 909 2110 δ’
940 2056 1140 2131 ὥριστο
1164 2054 1298 2130 τῇδε
1329 2055 1534 2129 συνόδῳ

476 2143 562 2204 Ὡς
591 2147 699 2198 τῶν
738 2139 969 2217 βιϐλίων
996 2144 1271 2221 ἀπαλειφῇ
1302 2147 1599 2213 παντάπαν,

290 2230 431 2284 4820
471 2254 497 2281 ‹‹
532 2230 787 2303 Ἀνάθεμ’
817 2230 899 2301 εἴη
933 2236 1013 2304 τῷ
1041 2237 1159 2305 Θεῷ
1185 2237 1282 2288 τοῦ
1312 2234 1556 2306 Μωάμεθ
1589 2255 1603 2269 ο
1641 2261 1662 2289 ι

470 2319 840 2396 Ἀντεγγραφῇ
874 2316 941 2389 δ’,
975 2344 1003 2371 ι(
1038 2320 1311 2392 Ἀνάθεμα
1338 2325 1417 2392 τῷ
1448 2324 1688 2394 Μωάμεθ

472 2406 574 2462 Καὶ
602 2409 671 2480 τῇ
702 2404 904 2481 διδαχῇ
934 2405 1097 2463 τοῦδε
1126 2408 1215 2462 καὶ
1240 2411 1382 2483 πάσῃ
1415 2408 1618 2484 πλάνῃ.
1654 2436 1673 2461 ι

464 2496 565 2551 Καὶ
593 2500 754 2552 τοῦτο
784 2499 1125 2566 κυρώσαντες
1155 2500 1206 2552 οἱ
1235 2506 1335 2569 τῆς
1361 2497 1593 2555 συνόδου

467 2589 589 2643 Τῶν
623 2587 858 2643 συνόδων
892 2587 1126 2663 λήγουσι
1158 2591 1247 2644 καὶ
1275 2596 1383 2645 τῶν
1412 2590 1716 2667 συλλόγων.

291 2672 434 2727 4825
474 2674 783 2743 ΙΙεριπεσὼν
812 2670 869 2727 δὲ
902 2674 1157 2748 βασιλεὺς
1189 2671 1337 2749 δεινῇ
1368 2676 1511 2748 νόσῳ

474 2762 573 2817 Καὶ
605 2762 768 2836 γνοὺς
800 2763 987 2819 ἑαυτὸν
1016 2763 1387 2834 πλησιάζοντα
1412 2768 1588 2843 μόρῳ,

477 2856 738 2922 Σκῆπτρα
766 2850 1010 2928 παριδὼν
1038 2854 1128 2908 καὶ
1158 2855 1224 2909 τὰ
1255 2853 1484 2934 λαμπρὰ
1511 2863 1606 2913 τοῦ
1641 2859 1782 2933 βίου,

466 2937 673 3003 Ἐλθών
700 2962 757 2996 τε
785 2946 964 2998 κακῶν
996 2942 1071 3005 εἰς
1106 2944 1443 3016 συναίσθησιν
1479 2946 1648 3015 ὅλων,

474 3026 554 3082 Τὸ
582 3028 686 3080 τῶν
723 3033 987 3103 μοναχῶν
1009 3029 1360 3107 ἀμφιέννυται
1395 3032 1558 3109 ῥάκος
1591 3052 1604 3065 ⁸

279 3114 429 3169 4830
466 3117 578 3169 Εἶτ’
611 3115 898 3172 ἀπολείπει
928 3117 1019 3172 τὸν
1058 3120 1172 3194 βίον
1204 3123 1291 3176 καὶ
1323 3123 1385 3176 τὸ
1411 3122 1629 3198 κράτος,

466 3204 642 3260 Ὀκτὼ
670 3206 932 3281 κατάρξας
965 3206 1054 3262 καὶ
1081 3211 1369 3280 τριάκοντα
1399 3209 1654 3283 χρόνους,

464 3294 661 3367 Ταφεὶς
691 3298 919 3369 πατρῴᾳ
946 3298 1084 3371 πρὸς
1118 3301 1258 3370 μονῇ
1291 3294 1554 3372 σεϐασμίᾳ

470 3381 678 3452 Κλῆσιν
712 3386 945 3461 φερούσῃ
974 3387 1415 3463 παντοκράτορος
1444 3389 1641 3465 Λόγου,

466 3469 675 3543 Ἦσπερ
705 3467 969 3548 δομήτωρ
1007 3472 1258 3547 βασιλεὺς
1293 3474 1569 3546 Ἰωάννης,

280 3557 427 3611 4835
464 3558 682 3612 Γυναικὶ
715 3557 891 3614 λιπὼν
925 3559 1018 3614 σὺν
1050 3561 1214 3636 ἀώρῳ
1242 3563 1437 3636 τεκνίῳ

466 3645 815 3718 Κραταρχίαν
846 3666 905 3700 τε
933 3646 1023 3701 καὶ
1058 3644 1326 3718 διοίκησιν
1359 3648 1527 3705 ὅλων.

282 3801 848 3887 “exoremus
894 3806 1283 3887 semesa».
1327 3808 1822 3887 enm/@191-
1846 3813 1930 3887 τᾳ

374 3873 488 3949 ΥΙῼ
530 3873 867 3930 ΜΛΝΟΥΗΛ
904 3881 1007 3932 ET.
1048 3880 1125 3947 A’,
1166 3880 1285 3933 ΚΑΙ
1326 3879 1573 3934 ΜΟΝΟΣ
1614 3880 1725 3935 ET.
1766 3873 1841 3938 'B'.

464 4009 891 4090 Ἐπιϐεβηκότος
922 4013 980 4071 δὲ
1005 4021 1105 4081 τῆς
1134 4017 1437 4093 αὐταρχίας

462 4101 664 4166 Παιδὸς
695 4105 958 4175 Μανουήλ
990 4107 1082 4161 σὺν
1113 4107 1341 4183 τεκούσῃ
1374 4108 1611 4186 φιλτάτῃ

463 4186 709 4243 Ἡλικίαν
736 4187 959 4264 ἄγοντος
989 4191 1205 4260 ἁπαλὴν
1247 4190 1349 4263 ἔτι,

282 4278 427 4333 4840
466 4277 757 4349 Ἀκοσμίας
789 4278 1074 4350 πέπληστο
1106 4281 1391 4354 Ῥωμαίων
1421 4284 1625 4359 πράγη,

466 4367 569 4423 Καὶ
602 4368 951 4441 πλημμελῶς
981 4367 1184 4446 ἔπασχε
1212 4373 1301 4426 καὶ
1329 4369 1516 4450 σφόδρ’
1546 4375 1810 4451 ἀτάκτως,

467 4454 569 4510 Καὶ
598 4460 785 4528 χεῖρον
817 4453 958 4531 ἤπερ
990 4458 1210 4521 Φαέθων
1243 4465 1369 4522 παῖς
1398 4459 1591 4517 Ἡλίου

472 4541 590 4596 ”Οτ’
619 4541 684 4609 ἦν
717 4538 907 4604 ἐπιϐάς
936 4544 1392 4619 χρυσοκολλήτου
1425 4544 1638 4624 δίφρου,

470 4631 557 4691 Ὠς
586 4634 753 4704 μῦθος
784 4634 946 4707 αἱρεῖ,
977 4636 1064 4689 καὶ
1096 4637 1156 4691 τὸ
1187 4643 1287 4691 πᾶν
1321 4637 1648 4715 ἐφθαρκότος

289 4721 439 4776 4845
477 4719 813 4794 Ἀπαλότητι
842 4724 932 4780 καὶ
962 4724 1129 4782 πλέον
1160 4730 1211 4802 γ’
1240 4728 1479 4801 ἀπειρίᾳ,

472 4812 643 4875 Οὗτος
674 4812 777 4887 γὰρ
811 4812 1049 4884 Ἀλέξιος
1079 4813 1285 4877 ἁπαλὸς
1314 4819 1529 4893 κράτωρ

469 4902 819 4975 Κυνηγεσίοις
848 4907 1229 4975 προστετηκὼς
1253 4904 1516 4970 ἐκτόπως.

468 4990 848 5059 Ἰππηλασίαιδ
880 4993 969 5047 καὶ
1006 4994 1194 5066 μίμοις
1224 4994 1313 5048 καὶ
1344 4995 1614 5070 παιγνίοις

465 5082 671 5136 Κοινῶν
710 5081 873 5159 ὀλίγα
904 5083 1203 5159 φροντίδων
1229 5107 1290 5161 γε
1317 5085 1595 5159 προύνόει.

279 5165 424 5220 4850
461 5165 662 5237 Μήτηρ
695 5163 754 5221 δὲ
783 5168 948 5223 πάλιν
980 5171 1069 5223 καὶ
1105 5168 1317 5243 βασιλὶς
1344 5171 1526 5245 Μαρία

463 5247 737 5319 Φροντίδα
766 5257 966 5306 κοινῶν
1000 5254 1251 5307 ἀναθεῖσα
1279 5257 1609 5329 πραγμάτων

465 5330 910 5407 Πρωτοσεϐαστῷ
937 5333 1417 5413 πρωτοϐεστιαρίῳ

469 5424 763 5499 Ἀφροντις
796 5425 1012 5496 ἰξήνυεν
1036 5427 1175 5496 αὐτή
1200 5428 1292 5483 τὸν
1329 5428 1467 5504 βίον.

468 5506 652 5564 Τοίνυν
681 5511 1047 5586 ἀπεπνίγοντο
1077 5518 1194 5575 τοῖς
1223 5513 1575 5587 τελουμένοις

294 5599 435 5654 4855
471 5601 535 5657 Οἱ
559 5604 656 5671 τῆς
688 5601 978 5676 γερουσίᾶς
1008 5625 1066 5659 τε
1094 5604 1183 5659 καὶ
1214 5608 1319 5660 τῶν
1349 5605 1400 5661 έν
1425 5606 1592 5681 τέλει,

1820 350 2195 406 ΟΕΒΔΒΒΒ.

1968 473 2024 538 Α
2054 470 2150 525 vili
2183 473 2397 531 mentis
2429 480 2594 547 partu
2631 482 2689 534 et
2718 480 3082 551 detestando,

2051 557 2235 614 Deum
2268 561 2521 618 dicerem
2556 566 2821 622 omnium
2855 576 3198 628 creatorem.

2048 648 2123 699 At
2149 649 2337 703 Cmaar
2366 656 2544 707 (nstro
2577 655 2835 724 percitus
2867 657 3073 715 insano

2051 734 2346 804 probrosis
2373 739 2566 795 verbis
2597 743 2793 798 obruit
2823 746 3148 819 episcopos,

2051 823 2257 876 mundi
2288 824 2645 898 quisquilias
2675 831 2886 889 stolide
2917 835 3254 906 appellans;

2051 925 2229 981 seque
2259 917 2621 971 meumenica
2653 919 2991 977 minabatur
3018 927 3239 996 synodo

2052 996 2540 1071 disceptatorum,
2574 1006 2790 1061 furiose
2822 1009 3172 1080 inclamans,

2055 1100 2217 1156 papae
2250 1086 2592 1159 interposito
2623 1095 2693 1149 de
2729 1095 2817 1151 his
2846 1097 3093 1166 judicio.

2054 1176 2179 1227 Mox
2208 1173 2294 1229 ira
2324 1178 2567 1247 omissa,
2602 1188 2947 1240 mansuetus
2977 1187 3187 1256 Caesar,

2054 1262 2323 1331 praesulis
2353 1281 2529 1335 opera
2558 1271 2885 1339 Byzantinae
2920 1275 3081 1329 urbis

2053 1364 2187 1403 cum
2222 1350 2499 1410 Thessalo
2532 1362 2759 1425 pastore
2790 1376 2990 1430 pacem
3027 1364 3181 1432 fecit,

2053 1436 2141 1490 illi
2175 1440 2501 1497 concedens
2532 1441 2776 1501 liberam
2810 1450 3184 1506 sententiam.

2053 1525 2350 1584 Postremo
2381 1529 2436 1584 id
2471 1546 2697 1603 quoque
2728 1535 2875 1591 dixit
2906 1538 3242 1610 imperator,

2054 1612 2206 1685 frugi
2237 1619 2293 1670 et
2323 1618 2671 1687 prudentem
2698 1622 2889 1679 virum
2922 1642 3037 1681 non
3068 1628 3269 1684 decere

2053 1718 2257 1773 aspere
2286 1704 2609 1776 quidquam
2644 1710 3139 1786 inbonestumque
3169 1716 3353 1790 loqui,

2054 1805 2157 1844 nec
2184 1792 2377 1862 turpia
2403 1794 2577 1849 verba
2608 1812 2848 1867 prorsus
2879 1802 3106 1859 effutire
3142 1821 3154 1858 :

2049 1882 2223 1949 atque
2254 1878 2311 1933 in
2347 1886 2637 1951 pastorem
2672 1885 2861 1941 furere
2894 1889 3122 1945 desivit.

2048 1966 2152 2021 Hic
2184 1967 2296 2022 fuit
2325 1967 2463 2023 dicti
2498 1970 2688 2026 exitus
2722 1976 2958 2045 negotii.

2047 2052 2261 2108 Tamen
2295 2053 2353 2108 in
2388 2058 2608 2128 synodo
2635 2059 2941 2118 definitum
2974 2065 3083 2121 fuit

2047 2145 2111 2195 ut
2139 2157 2170 2196 e
2198 2140 2411 2199 libellis
2442 2161 2681 2215 prorsus
2713 2149 3046 2207 delerentur

2043 2230 2238 2295 verba,
2277 2252 2298 2278 ι
2335 2232 2423 2287 Sit
2453 2234 2767 2291 anathema
2800 2237 3191 2299 Mohamethis
3224 2249 3360 2313 Deo,

2045 2317 2145 2370 sed
2179 2318 2553 2389 scriberetur,
2576 2346 2603 2372 «
2632 2325 2984 2383 Mohamethi
3020 2332 3334 2388 anathema

2045 2404 2293 2477 ejusque
2325 2410 2665 2481 magisterio
2696 2418 2754 2469 et
2780 2418 2939 2472 omni
2965 2420 3165 2474 errori.
3198 2445 3218 2468 ι

2043 2494 2226 2564 Atque
2258 2494 2367 2551 hoc
2399 2498 2718 2571 perscripto
2750 2502 2980 2559 decreto
3013 2511 3209 2564 Patres

2044 2580 2303 2638 fecerunt
2330 2590 2579 2641 ccetuum
2613 2590 2934 2663 synodique
2968 2593 3164 2650 finem.

2043 2672 2249 2725 Postea
2278 2673 2468 2728 Cesar
2496 2678 2652 2746 gravi
2683 2680 2884 2734 morbo
2916 2681 3238 2753 implicitus

2042 2772 2222 2828 seque
2244 2760 2369 2829 jam
2405 2764 2577 2816 morti
2613 2767 2944 2834 proximum
2978 2786 3359 2841 cognoscens,

2042 2850 2337 2917 sceptrum
2370 2854 2749 2907 contemnens
2780 2856 3270 2930 splendoremque
3302 2862 3507 2917 mundi

2042 2934 2464 3009 praeteritaque
2492 2938 2619 2993 vitae
2644 2940 2770 3009 jam
2800 2944 3113 3017 pcenitens,

2042 3037 2357 3093 pauperem
2386 3024 2579 3081 induit
2605 3032 2873 3085 monachi
2898 3033 3252 3104 tuniculam;

2044 3125 2292 3182 moxque
2325 3128 2457 3167 cum
2489 3121 2716 3187 sceptro
2747 3119 2926 3175 vitam
2958 3121 3221 3179 deseruit

1962 3170 2006 3238 θ
2042 3204 2175 3270 post
2198 3170 2387 3255 annos
2420 3170 3111 3281 regni.octovetwtr—iginta,

2039 3285 2306 3358 sepultus
2335 3304 2502 3344 sacro
2535 3292 2716 3361 patris
2750 3299 3128 3368 monasterio,

2039 3375 2439 3446 omnipotente
2470 3378 2563 3433 cui
2595 3396 2803 3436 nomen
2837 3399 2869 3437 a
2899 3384 3107 3457 Verbo,

2037 3461 2259 3518 Cesare
2290 3469 2524 3521 auctore
2554 3469 2783 3525 aediﬁcii
2812 3470 3053 3528 Joanne.

2040 3548 2291 3620 Reliquit
2322 3558 2518 3609 autem
2546 3556 2776 3613 Manuel
2812 3559 3124 3633 imperium

2037 3636 2203 3692 uxori
2233 3644 2291 3693 et
2320 3641 2420 3694 αδνὶ
2448 3644 2629 3698 teneri
2662 3646 2862 3703 filiolo.

2167 3806 2621 3865 ANDRONICUS
2660 3813 3048 3873 COMNENUS
3096 3819 3244 3875 CUM
3285 3821 3543 3877 ALEXIO

3594 370 3702 428 186

2072 3877 2446 3937 MANUELIS
2505 3881 2693 3939 FILIO
2745 3885 2860 3939 AN.
2902 3887 2947 3953 Ι,
2990 3888 3075 3943 ΕΤ
3123 3890 3347 3947 SOLUS
3400 3893 3516 3949 AN.
3560 3894 3632 3948 II.

2034 4030 2177 4085 Cum
2208 4033 2492 4088 Manuelis
2519 4034 2675 4090 filius
2706 4037 2773 4090 ad
2806 4036 3119 4109 imperium

2036 4133 2170 4173 cum
2200 4136 2307 4174 sua
2337 4120 2547 4176 dilecta
2577 4128 2762 4179 matre
2793 4127 3151 4195 pervenisset

2035 4210 2295 4262 teneram
2326 4209 2517 4265 adhuc
2538 4210 2785 4283 exigens
2817 4218 3066 4282 aetatem,

2038 4293 2300 4350 Romana
2328 4312 2420 4352 res
2451 4315 2553 4353 sus
2582 4300 2771 4372 deque
2802 4304 3137 4372 perturbata

2037 4382 2289 4452 pessime
2318 4384 2568 4442 habebat
2598 4389 2879 4462 valdeque
2912 4391 3323 4464 incomposite,

2038 4470 2225 4542 magis
2255 4488 2430 4543 quam
2464 4491 2595 4530 cum
2624 4478 2918 4533 Phaethon
2953 4479 3092 4535 solis
3126 4480 3281 4537 {ilius

2039 4576 2281 4613 aureum
2316 4577 2542 4632 regens,
2572 4563 2748 4619 veluti
2779 4571 2868 4620 est
2897 4565 2954 4620 in
2985 4567 3223 4638 fabulis,

2039 4662 2276 4702 currum
2310 4651 2607 4704 mundana
2636 4657 2846 4707 cuncta
2871 4655 3165 4721 exurebat,

2038 4735 2110 4789 ob
2144 4735 2423 4805 puerilem
2458 4753 2624 4791 suam
2660 4739 3037 4810 imperitiam.

2036 4822 2272 4879 Alexius
2304 4824 2397 4878 hic
2430 4830 2593 4880 tener
2620 4826 2934 4897 imperator

2039 4910 2296 4965 assiduis
2325 4927 2537 4967 vacans
2573 4915 2792 4983 perdite
2824 4918 3152 4985 venatibus,

2039 4998 2405 5068 equitationi,
2439 5000 2655 5064 mimis,
2687 5008 2743 5058 et
2772 5004 2903 5060 aliis
2933 5005 3195 5077 ludicris,

2040 5090 2270 5141 tenuem
2306 5088 2635 5159 reipublicae
2667 5108 2869 5146 curam
2901 5095 3157 5163 gerebat.

2038 5174 2221 5229 Maria
2251 5175 2383 5230 item
2417 5179 2662 5247 genitrix
2700 5184 2897 5251 regina

2041 5262 2405 5333 negotiorum
2438 5266 2750 5321 commisso
2783 5270 3063 5337 regimine

2038 5351 2438 5418 protosebasto
2469 5356 2927 5424 protoveatiario,

2038 5442 2329 5508 expertem
2364 5440 2521 5494 curis
2549 5440 2724 5495 vitam
2758 5443 3033 5512 agitabat.

2038 5524 2487 5582 Suﬂ‘ocabantur
2518 5529 2747 5583 interim
2784 5530 3019 5586 tributis

2038 5617 2231 5668 cuncti
2265 5615 2573 5685 optimates
2603 5635 2668 5674 ac
2698 5623 3029 5688 senatores;
