  <div class='ocr_page' id='page_1' title='image "/cluster/home/n/w/nwhite01/storage/ocr_20150623/143/mdp.39015078384784/101.png"; bbox 0 0 4136 6292; ppageno 0'>
   <div class='ocr_carea' id='block_1_1' title="bbox 463 341 2637 403">
    <p class='ocr_par' dir='ltr' id='par_1_1' title="bbox 463 341 2637 403">
     <span class='ocr_line' id='line_1_1' title="bbox 463 341 2637 403; baseline 0.001 -9"><span class='ocrx_word' id='word_1_1' title='bbox 463 341 565 396; x_wconf 81' lang='grc'><strong>187</strong></span> <span class='ocrx_word' id='word_1_2' title='bbox 1660 348 2030 403; x_wconf 69' lang='lat' dir='ltr'><strong>EPHBEMII</strong></span> <span class='ocrx_word' id='word_1_3' title='bbox 2065 344 2637 403; x_wconf 76' lang='lat' dir='ltr'><strong>CHBONOGRAPHI</strong></span> 
     </span>
    </p>
   </div>
   <div class='ocr_carea' id='block_1_2' title="bbox 463 468 1711 539">
    <p class='ocr_par' dir='ltr' id='par_1_2' title="bbox 463 468 1711 539">
     <span class='ocr_line' id='line_1_2' title="bbox 463 468 1711 539; baseline 0.004 -19"><span class='ocrx_word' id='word_1_4' title='bbox 463 470 636 536; x_wconf 90' lang='lat' dir='ltr'><strong>atque</strong></span> <span class='ocrx_word' id='word_1_5' title='bbox 666 470 1003 536; x_wconf 85' lang='lat' dir='ltr'><strong>suspectum</strong></span> <span class='ocrx_word' id='word_1_6' title='bbox 1036 482 1387 539; x_wconf 81' lang='lat' dir='ltr'><strong>magnopere</strong></span> <span class='ocrx_word' id='word_1_7' title='bbox 1416 468 1711 525; x_wconf 82' lang='lat' dir='ltr'><strong>habebant</strong></span> 
     </span>
    </p>
   </div>
   <div class='ocr_carea' id='block_1_3' title="bbox 462 554 1514 627">
    <p class='ocr_par' dir='ltr' id='par_1_3' title="bbox 462 554 1514 627">
     <span class='ocr_line' id='line_1_3' title="bbox 462 554 1514 627; baseline 0.005 -20"><span class='ocrx_word' id='word_1_8' title='bbox 462 555 933 626; x_wconf 87' lang='lat' dir='ltr'><strong>protosebastum</strong></span> <span class='ocrx_word' id='word_1_9' title='bbox 965 554 1146 610; x_wconf 85' lang='lat' dir='ltr'><strong>veluti</strong></span> <span class='ocrx_word' id='word_1_10' title='bbox 1176 559 1514 627; x_wconf 87' lang='lat' dir='ltr'><strong>tyrannum.</strong></span> 
     </span>
    </p>
   </div>
   <div class='ocr_carea' id='block_1_4' title="bbox 462 654 1727 712">
    <p class='ocr_par' dir='ltr' id='par_1_4' title="bbox 462 654 1727 712">
     <span class='ocr_line' id='line_1_4' title="bbox 462 654 1727 712; baseline 0.005 -6"><span class='ocrx_word' id='word_1_11' title='bbox 462 656 791 707; x_wconf 90' lang='lat' dir='ltr'><strong>Comnenus</strong></span> <span class='ocrx_word' id='word_1_12' title='bbox 823 657 1020 708; x_wconf 87' lang='lat' dir='ltr'><strong>autem</strong></span> <span class='ocrx_word' id='word_1_13' title='bbox 1053 654 1422 711; x_wconf 83' lang='lat' dir='ltr'><strong>Andronicus</strong></span> <span class='ocrx_word' id='word_1_14' title='bbox 1454 656 1727 712; x_wconf 85' lang='lat' dir='ltr'><strong>habitans</strong></span> 
     </span>
    </p>
   </div>
   <div class='ocr_carea' id='block_1_5' title="bbox 464 743 1566 819">
    <p class='ocr_par' dir='ltr' id='par_1_5' title="bbox 464 743 1566 819">
     <span class='ocr_line' id='line_1_5' title="bbox 464 743 1566 819; baseline 0.003 -22"><span class='ocrx_word' id='word_1_15' title='bbox 464 743 637 813; x_wconf 91' lang='lat' dir='ltr'><strong>longa</strong></span> <span class='ocrx_word' id='word_1_16' title='bbox 657 743 781 812; x_wconf 92' lang='lat' dir='ltr'><strong>jam</strong></span> <span class='ocrx_word' id='word_1_17' title='bbox 814 760 975 799; x_wconf 90' lang='lat' dir='ltr'><strong>mora</strong></span> <span class='ocrx_word' id='word_1_18' title='bbox 1004 743 1063 799; x_wconf 92' lang='lat' dir='ltr'><strong>in</strong></span> <span class='ocrx_word' id='word_1_19' title='bbox 1099 744 1304 801; x_wconf 81' lang='lat' dir='ltr'><strong>0Ean</strong></span> <span class='ocrx_word' id='word_1_20' title='bbox 1331 747 1566 819; x_wconf 89' lang='lat' dir='ltr'><strong>oppido,</strong></span> 
     </span>
    </p>
   </div>
   <div class='ocr_carea' id='block_1_6' title="bbox 462 832 1714 904">
    <p class='ocr_par' dir='ltr' id='par_1_6' title="bbox 462 832 1714 904">
     <span class='ocr_line' id='line_1_6' title="bbox 462 832 1714 904; baseline 0.003 -17"><span class='ocrx_word' id='word_1_21' title='bbox 462 838 774 904; x_wconf 81' lang='lat' dir='ltr'><strong>postquam</strong></span> <span class='ocrx_word' id='word_1_22' title='bbox 807 834 1039 889; x_wconf 78' lang='lat' dir='ltr'><strong>rescivit</strong></span> <span class='ocrx_word' id='word_1_23' title='bbox 1068 834 1138 889; x_wconf 90' lang='lat' dir='ltr'><strong>de</strong></span> <span class='ocrx_word' id='word_1_24' title='bbox 1170 837 1500 893; x_wconf 81' lang='lat' dir='ltr'><strong>monarchae</strong></span> <span class='ocrx_word' id='word_1_25' title='bbox 1530 832 1714 902; x_wconf 86' lang='lat' dir='ltr'><strong>obitu,</strong></span> 
     </span>
    </p>
   </div>
   <div class='ocr_carea' id='block_1_7' title="bbox 462 920 1515 995">
    <p class='ocr_par' dir='ltr' id='par_1_7' title="bbox 462 920 1515 995">
     <span class='ocr_line' id='line_1_7' title="bbox 462 920 1515 995; baseline 0.005 -21"><span class='ocrx_word' id='word_1_26' title='bbox 462 920 623 975; x_wconf 89' lang='lat' dir='ltr'><strong>illinc</strong></span> <span class='ocrx_word' id='word_1_27' title='bbox 653 922 990 993; x_wconf 84' lang='lat' dir='ltr'><strong>Byzantium</strong></span> <span class='ocrx_word' id='word_1_28' title='bbox 1023 923 1193 995; x_wconf 83' lang='lat' dir='ltr'><strong>coepit</strong></span> <span class='ocrx_word' id='word_1_29' title='bbox 1223 925 1515 993; x_wconf 82' lang='lat' dir='ltr'><strong>accedere,</strong></span> 
     </span>
    </p>
   </div>
   <div class='ocr_carea' id='block_1_8' title="bbox 463 1011 1763 1085">
    <p class='ocr_par' dir='ltr' id='par_1_8' title="bbox 463 1011 1763 1085">
     <span class='ocr_line' id='line_1_8' title="bbox 463 1011 1763 1085; baseline 0.004 -21"><span class='ocrx_word' id='word_1_30' title='bbox 463 1025 665 1066; x_wconf 91' lang='lat' dir='ltr'><strong>omnes</strong></span> <span class='ocrx_word' id='word_1_31' title='bbox 692 1011 985 1082; x_wconf 88' lang='lat' dir='ltr'><strong>decipiens</strong></span> <span class='ocrx_word' id='word_1_32' title='bbox 1015 1012 1342 1085; x_wconf 87' lang='lat' dir='ltr'><strong>fallensque</strong></span> <span class='ocrx_word' id='word_1_33' title='bbox 1373 1015 1763 1083; x_wconf 82' lang='lat' dir='ltr'><strong>sermonibus,</strong></span> 
     </span>
    </p>
   </div>
   <div class='ocr_carea' id='block_1_9' title="bbox 464 1102 1661 1177">
    <p class='ocr_par' dir='ltr' id='par_1_9' title="bbox 464 1102 1661 1177">
     <span class='ocr_line' id='line_1_9' title="bbox 464 1102 1661 1177; baseline 0.005 -22"><span class='ocrx_word' id='word_1_34' title='bbox 464 1104 778 1173; x_wconf 88' lang='lat' dir='ltr'><strong>praesentes</strong></span> <span class='ocrx_word' id='word_1_35' title='bbox 807 1102 1018 1169; x_wconf 82' lang='lat' dir='ltr'><strong>verbis,</strong></span> <span class='ocrx_word' id='word_1_36' title='bbox 1051 1102 1259 1159; x_wconf 76' lang='lat' dir='ltr'><strong>litteris</strong></span> <span class='ocrx_word' id='word_1_37' title='bbox 1290 1103 1661 1177; x_wconf 90' lang='lat' dir='ltr'><strong>longinquos,</strong></span> 
     </span>
    </p>
   </div>
   <div class='ocr_carea' id='block_1_10' title="bbox 463 1192 1529 1263">
    <p class='ocr_par' dir='ltr' id='par_1_10' title="bbox 463 1192 1529 1263">
     <span class='ocr_line' id='line_1_10' title="bbox 463 1192 1529 1263; baseline 0.007 -19"><span class='ocrx_word' id='word_1_38' title='bbox 463 1206 644 1261; x_wconf 86' lang='lat' dir='ltr'><strong>seque</strong></span> <span class='ocrx_word' id='word_1_39' title='bbox 676 1208 776 1263; x_wconf 88' lang='lat' dir='ltr'><strong>pro</strong></span> <span class='ocrx_word' id='word_1_40' title='bbox 808 1192 1046 1247; x_wconf 77' lang='lat' dir='ltr'><strong>Caesaris</strong></span> <span class='ocrx_word' id='word_1_41' title='bbox 1078 1192 1266 1250; x_wconf 90' lang='lat' dir='ltr'><strong>salute</strong></span> <span class='ocrx_word' id='word_1_42' title='bbox 1302 1196 1529 1263; x_wconf 86' lang='lat' dir='ltr'><strong>adesse,</strong></span> 
     </span>
    </p>
   </div>
   <div class='ocr_carea' id='block_1_11' title="bbox 464 1282 1614 1355">
    <p class='ocr_par' dir='ltr' id='par_1_11' title="bbox 464 1282 1614 1355">
     <span class='ocr_line' id='line_1_11' title="bbox 464 1282 1614 1355; baseline 0.004 -21"><span class='ocrx_word' id='word_1_43' title='bbox 464 1284 638 1351; x_wconf 88' lang='lat' dir='ltr'><strong>atque</strong></span> <span class='ocrx_word' id='word_1_44' title='bbox 668 1286 733 1335; x_wconf 91' lang='lat' dir='ltr'><strong>ut</strong></span> <span class='ocrx_word' id='word_1_45' title='bbox 762 1282 1086 1351; x_wconf 90' lang='lat' dir='ltr'><strong>periculum</strong></span> <span class='ocrx_word' id='word_1_46' title='bbox 1117 1283 1306 1338; x_wconf 85' lang='lat' dir='ltr'><strong>latens</strong></span> <span class='ocrx_word' id='word_1_47' title='bbox 1337 1286 1614 1355; x_wconf 71' lang='lat' dir='ltr'><strong>effugeret</strong></span> 
     </span>
    </p>
   </div>
   <div class='ocr_carea' id='block_1_12' title="bbox 463 1370 1698 1441">
    <p class='ocr_par' dir='ltr' id='par_1_12' title="bbox 463 1370 1698 1441">
     <span class='ocr_line' id='line_1_12' title="bbox 463 1370 1698 1441; baseline 0.005 -18"><span class='ocrx_word' id='word_1_48' title='bbox 463 1385 646 1424; x_wconf 89' lang='lat' dir='ltr'><strong>novus</strong></span> <span class='ocrx_word' id='word_1_49' title='bbox 680 1370 993 1425; x_wconf 87' lang='lat' dir='ltr'><strong>monarcha</strong></span> <span class='ocrx_word' id='word_1_50' title='bbox 1025 1388 1126 1441; x_wconf 92' lang='lat' dir='ltr'><strong>per</strong></span> <span class='ocrx_word' id='word_1_51' title='bbox 1155 1389 1329 1427; x_wconf 91' lang='lat' dir='ltr'><strong>suum</strong></span> <span class='ocrx_word' id='word_1_52' title='bbox 1364 1372 1649 1429; x_wconf 85' lang='lat' dir='ltr'><strong>auxilium</strong></span> <span class='ocrx_word' id='word_1_53' title='bbox 1685 1391 1698 1429; x_wconf 88' lang='lat'><strong>:</strong></span> 
     </span>
    </p>
   </div>
   <div class='ocr_carea' id='block_1_13' title="bbox 464 1458 1530 1530">
    <p class='ocr_par' dir='ltr' id='par_1_13' title="bbox 464 1458 1530 1530">
     <span class='ocr_line' id='line_1_13' title="bbox 464 1458 1530 1530; baseline 0.004 -17"><span class='ocrx_word' id='word_1_54' title='bbox 464 1458 715 1530; x_wconf 90' lang='lat' dir='ltr'><strong>denique</strong></span> <span class='ocrx_word' id='word_1_55' title='bbox 747 1463 811 1513; x_wconf 90' lang='lat' dir='ltr'><strong>ut</strong></span> <span class='ocrx_word' id='word_1_56' title='bbox 843 1460 1015 1514; x_wconf 84' lang='lat' dir='ltr'><strong>fidem</strong></span> <span class='ocrx_word' id='word_1_57' title='bbox 1044 1464 1307 1516; x_wconf 84' lang='lat' dir='ltr'><strong>tueretur</strong></span> <span class='ocrx_word' id='word_1_58' title='bbox 1337 1462 1530 1518; x_wconf 86' lang='lat' dir='ltr'><strong>datam</strong></span> 
     </span>
    </p>
   </div>
   <div class='ocr_carea' id='block_1_14' title="bbox 462 1547 1596 1619">
    <p class='ocr_par' dir='ltr' id='par_1_14' title="bbox 462 1547 1596 1619">
     <span class='ocr_line' id='line_1_14' title="bbox 462 1547 1596 1619; baseline 0.003 -16"><span class='ocrx_word' id='word_1_59' title='bbox 462 1547 632 1619; x_wconf 59' lang='lat' dir='ltr'><strong>regias</strong></span> <span class='ocrx_word' id='word_1_60' title='bbox 666 1547 885 1616; x_wconf 89' lang='lat' dir='ltr'><strong>domui,</strong></span> <span class='ocrx_word' id='word_1_61' title='bbox 919 1554 1283 1606; x_wconf 83' lang='lat' dir='ltr'><strong>sacramento</strong></span> <span class='ocrx_word' id='word_1_62' title='bbox 1314 1551 1596 1619; x_wconf 81' lang='lat' dir='ltr'><strong>adhibito,</strong></span> 
     </span>
    </p>
   </div>
   <div class='ocr_carea' id='block_1_15' title="bbox 463 1636 1685 1695">
    <p class='ocr_par' dir='ltr' id='par_1_15' title="bbox 463 1636 1685 1695">
     <span class='ocr_line' id='line_1_15' title="bbox 463 1636 1685 1695; baseline 0.002 -2"><span class='ocrx_word' id='word_1_63' title='bbox 463 1653 597 1693; x_wconf 90' lang='lat' dir='ltr'><strong>cum</strong></span> <span class='ocrx_word' id='word_1_64' title='bbox 627 1653 657 1692; x_wconf 90' lang='lat' dir='ltr'><strong>e</strong></span> <span class='ocrx_word' id='word_1_65' title='bbox 688 1636 942 1693; x_wconf 86' lang='lat' dir='ltr'><strong>Chaldea</strong></span> <span class='ocrx_word' id='word_1_66' title='bbox 969 1640 1148 1693; x_wconf 87' lang='lat' dir='ltr'><strong>redux</strong></span> <span class='ocrx_word' id='word_1_67' title='bbox 1179 1640 1249 1694; x_wconf 91' lang='lat' dir='ltr'><strong>ad</strong></span> <span class='ocrx_word' id='word_1_68' title='bbox 1284 1639 1478 1695; x_wconf 88' lang='lat' dir='ltr'><strong>aulam</strong></span> <span class='ocrx_word' id='word_1_69' title='bbox 1510 1641 1685 1695; x_wconf 88' lang='lat' dir='ltr'><strong>venit.</strong></span> 
     </span>
    </p>
   </div>
   <div class='ocr_carea' id='block_1_16' title="bbox 460 1726 1780 1798">
    <p class='ocr_par' dir='ltr' id='par_1_16' title="bbox 460 1726 1780 1798">
     <span class='ocr_line' id='line_1_16' title="bbox 460 1726 1780 1798; baseline 0.002 -15"><span class='ocrx_word' id='word_1_70' title='bbox 460 1727 627 1783; x_wconf 89' lang='lat' dir='ltr'><strong>Hunc</strong></span> <span class='ocrx_word' id='word_1_71' title='bbox 660 1726 1048 1782; x_wconf 81' lang='lat' dir='ltr'><strong>Andronicum</strong></span> <span class='ocrx_word' id='word_1_72' title='bbox 1082 1727 1232 1782; x_wconf 88' lang='lat' dir='ltr'><strong>enim</strong></span> <span class='ocrx_word' id='word_1_73' title='bbox 1270 1727 1367 1798; x_wconf 91' lang='lat' dir='ltr'><strong>qui</strong></span> <span class='ocrx_word' id='word_1_74' title='bbox 1400 1730 1559 1784; x_wconf 88' lang='lat' dir='ltr'><strong>exsul</strong></span> <span class='ocrx_word' id='word_1_75' title='bbox 1594 1729 1780 1786; x_wconf 88' lang='lat' dir='ltr'><strong>fuerat</strong></span> 
     </span>
    </p>
   </div>
   <div class='ocr_carea' id='block_1_17' title="bbox 463 1814 1775 1890">
    <p class='ocr_par' dir='ltr' id='par_1_17' title="bbox 463 1814 1775 1890">
     <span class='ocr_line' id='line_1_17' title="bbox 463 1814 1775 1890; baseline 0.005 -20"><span class='ocrx_word' id='word_1_76' title='bbox 463 1814 800 1886; x_wconf 88' lang='lat' dir='ltr'><strong>multasque</strong></span> <span class='ocrx_word' id='word_1_77' title='bbox 830 1816 1093 1887; x_wconf 89' lang='lat' dir='ltr'><strong>gentium</strong></span> <span class='ocrx_word' id='word_1_78' title='bbox 1132 1818 1297 1873; x_wconf 89' lang='lat' dir='ltr'><strong>sedes</strong></span> <span class='ocrx_word' id='word_1_79' title='bbox 1328 1823 1775 1890; x_wconf 87' lang='lat' dir='ltr'><strong>permutaverat,</strong></span> 
     </span>
    </p>
   </div>
   <div class='ocr_carea' id='block_1_18' title="bbox 460 1904 1829 1982">
    <p class='ocr_par' dir='ltr' id='par_1_18' title="bbox 460 1904 1829 1982">
     <span class='ocr_line' id='line_1_18' title="bbox 460 1904 1829 1982; baseline 0.005 -23"><span class='ocrx_word' id='word_1_80' title='bbox 460 1909 636 1976; x_wconf 87' lang='lat' dir='ltr'><strong>atque</strong></span> <span class='ocrx_word' id='word_1_81' title='bbox 666 1905 820 1975; x_wconf 88' lang='lat' dir='ltr'><strong>apud</strong></span> <span class='ocrx_word' id='word_1_82' title='bbox 851 1904 1165 1961; x_wconf 88' lang='lat' dir='ltr'><strong>Altuchum</strong></span> <span class='ocrx_word' id='word_1_83' title='bbox 1197 1905 1477 1964; x_wconf 63' lang='lat' dir='ltr'><strong>Chaldaeis</strong></span> <span class='ocrx_word' id='word_1_84' title='bbox 1510 1907 1829 1982; x_wconf 87' lang='lat' dir='ltr'><strong>principem</strong></span> 
     </span>
    </p>
   </div>
   <div class='ocr_carea' id='block_1_19' title="bbox 459 1995 1640 2066">
    <p class='ocr_par' dir='ltr' id='par_1_19' title="bbox 459 1995 1640 2066">
     <span class='ocr_line' id='line_1_19' title="bbox 459 1995 1640 2066; baseline 0.006 -19"><span class='ocrx_word' id='word_1_85' title='bbox 459 1998 756 2065; x_wconf 88' lang='lat' dir='ltr'><strong>postremo</strong></span> <span class='ocrx_word' id='word_1_86' title='bbox 787 1995 1150 2065; x_wconf 85' lang='lat' dir='ltr'><strong>versabatur,</strong></span> <span class='ocrx_word' id='word_1_87' title='bbox 1184 1995 1376 2066; x_wconf 87' lang='lat' dir='ltr'><strong>ibique</strong></span> <span class='ocrx_word' id='word_1_88' title='bbox 1407 1998 1640 2054; x_wconf 91' lang='lat' dir='ltr'><strong>demum</strong></span> 
     </span>
    </p>
   </div>
   <div class='ocr_carea' id='block_1_20' title="bbox 460 2081 1836 2159">
    <p class='ocr_par' dir='ltr' id='par_1_20' title="bbox 460 2081 1836 2159">
     <span class='ocr_line' id='line_1_20' title="bbox 460 2081 1836 2159; baseline 0.005 -22"><span class='ocrx_word' id='word_1_89' title='bbox 460 2082 636 2137; x_wconf 84' lang='lat' dir='ltr'><strong>ﬁnem</strong></span> <span class='ocrx_word' id='word_1_90' title='bbox 669 2081 897 2138; x_wconf 87' lang='lat' dir='ltr'><strong>molesti</strong></span> <span class='ocrx_word' id='word_1_91' title='bbox 930 2084 1141 2139; x_wconf 90' lang='lat' dir='ltr'><strong>erroris</strong></span> <span class='ocrx_word' id='word_1_92' title='bbox 1173 2101 1572 2159; x_wconf 88' lang='lat' dir='ltr'><strong>cursuumque</strong></span> <span class='ocrx_word' id='word_1_93' title='bbox 1604 2088 1836 2159; x_wconf 83' lang='lat' dir='ltr'><strong>fecerat,</strong></span> 
     </span>
    </p>
   </div>
   <div class='ocr_carea' id='block_1_21' title="bbox 458 2171 1370 2244">
    <p class='ocr_par' dir='ltr' id='par_1_21' title="bbox 458 2171 1370 2244">
     <span class='ocr_line' id='line_1_21' title="bbox 458 2171 1370 2244; baseline 0.007 -19"><span class='ocrx_word' id='word_1_94' title='bbox 458 2171 686 2227; x_wconf 90' lang='lat' dir='ltr'><strong>Manuel</strong></span> <span class='ocrx_word' id='word_1_95' title='bbox 717 2173 1034 2244; x_wconf 86' lang='lat' dir='ltr'><strong>imperator</strong></span> <span class='ocrx_word' id='word_1_96' title='bbox 1062 2176 1370 2244; x_wconf 88' lang='lat' dir='ltr'><strong>revocavit,</strong></span> 
     </span>
    </p>
   </div>
   <div class='ocr_carea' id='block_1_22' title="bbox 458 2259 1562 2333">
    <p class='ocr_par' dir='ltr' id='par_1_22' title="bbox 458 2259 1562 2333">
     <span class='ocr_line' id='line_1_22' title="bbox 458 2259 1562 2333; baseline 0.005 -19"><span class='ocrx_word' id='word_1_97' title='bbox 458 2259 744 2330; x_wconf 90' lang='lat' dir='ltr'><strong>donisque</strong></span> <span class='ocrx_word' id='word_1_98' title='bbox 775 2265 1081 2333; x_wconf 84' lang='lat' dir='ltr'><strong>exceptum</strong></span> <span class='ocrx_word' id='word_1_99' title='bbox 1118 2263 1562 2333; x_wconf 85' lang='lat' dir='ltr'><strong>perhumaniter</strong></span> 
     </span>
    </p>
   </div>
   <div class='ocr_carea' id='block_1_23' title="bbox 458 2348 1439 2423">
    <p class='ocr_par' dir='ltr' id='par_1_23' title="bbox 458 2348 1439 2423">
     <span class='ocr_line' id='line_1_23' title="bbox 458 2348 1439 2423; baseline 0.006 -21"><span class='ocrx_word' id='word_1_100' title='bbox 458 2348 520 2402; x_wconf 90' lang='lat' dir='ltr'><strong>in</strong></span> <span class='ocrx_word' id='word_1_101' title='bbox 553 2348 724 2405; x_wconf 76' lang='lat' dir='ltr'><strong>OEnae</strong></span> <span class='ocrx_word' id='word_1_102' title='bbox 753 2350 897 2405; x_wconf 90' lang='lat' dir='ltr'><strong>urbe</strong></span> <span class='ocrx_word' id='word_1_103' title='bbox 927 2350 1210 2423; x_wconf 90' lang='lat' dir='ltr'><strong>hospitari</strong></span> <span class='ocrx_word' id='word_1_104' title='bbox 1237 2352 1439 2423; x_wconf 90' lang='lat' dir='ltr'><strong>jussit,</strong></span> 
     </span>
    </p>
   </div>
   <div class='ocr_carea' id='block_1_24' title="bbox 453 2437 1799 2515">
    <p class='ocr_par' dir='ltr' id='par_1_24' title="bbox 453 2437 1799 2515">
     <span class='ocr_line' id='line_1_24' title="bbox 453 2437 1799 2515; baseline 0.007 -25"><span class='ocrx_word' id='word_1_105' title='bbox 453 2437 719 2506; x_wconf 87' lang='lat' dir='ltr'><strong>juratum</strong></span> <span class='ocrx_word' id='word_1_106' title='bbox 750 2442 944 2494; x_wconf 89' lang='lat' dir='ltr'><strong>tamen</strong></span> <span class='ocrx_word' id='word_1_107' title='bbox 977 2444 1147 2495; x_wconf 87' lang='lat' dir='ltr'><strong>antea</strong></span> <span class='ocrx_word' id='word_1_108' title='bbox 1172 2442 1529 2513; x_wconf 89' lang='lat' dir='ltr'><strong>promissum</strong></span> <span class='ocrx_word' id='word_1_109' title='bbox 1564 2442 1799 2515; x_wconf 88' lang='lat' dir='ltr'><strong>exigens</strong></span> 
     </span>
    </p>
   </div>
   <div class='ocr_carea' id='block_1_25' title="bbox 457 2524 1634 2600">
    <p class='ocr_par' dir='ltr' id='par_1_25' title="bbox 457 2524 1634 2600">
     <span class='ocr_line' id='line_1_25' title="bbox 457 2524 1634 2600; baseline 0.006 -22"><span class='ocrx_word' id='word_1_110' title='bbox 457 2525 581 2579; x_wconf 84' lang='lat' dir='ltr'><strong>fore</strong></span> <span class='ocrx_word' id='word_1_111' title='bbox 609 2524 668 2580; x_wconf 90' lang='lat' dir='ltr'><strong>in</strong></span> <span class='ocrx_word' id='word_1_112' title='bbox 697 2526 887 2582; x_wconf 84' lang='lat' dir='ltr'><strong>ofﬁcio</strong></span> <span class='ocrx_word' id='word_1_113' title='bbox 919 2545 984 2583; x_wconf 92' lang='lat' dir='ltr'><strong>ac</strong></span> <span class='ocrx_word' id='word_1_114' title='bbox 1015 2529 1127 2584; x_wconf 84' lang='lat' dir='ltr'><strong>fide</strong></span> <span class='ocrx_word' id='word_1_115' title='bbox 1159 2546 1634 2600; x_wconf 88' lang='lat' dir='ltr'><strong>permansurum.</strong></span> 
     </span>
    </p>
   </div>
   <div class='ocr_carea' id='block_1_26' title="bbox 463 2622 1521 2695">
    <p class='ocr_par' dir='ltr' id='par_1_26' title="bbox 463 2622 1521 2695">
     <span class='ocr_line' id='line_1_26' title="bbox 463 2622 1521 2695; baseline 0.002 -16"><span class='ocrx_word' id='word_1_116' title='bbox 463 2622 630 2679; x_wconf 75' lang='lat' dir='ltr'><strong>OEnaa</strong></span> <span class='ocrx_word' id='word_1_117' title='bbox 662 2623 932 2680; x_wconf 84' lang='lat' dir='ltr'><strong>discessit</strong></span> <span class='ocrx_word' id='word_1_118' title='bbox 962 2626 1253 2695; x_wconf 88' lang='lat' dir='ltr'><strong>posthinc,</strong></span> <span class='ocrx_word' id='word_1_119' title='bbox 1288 2631 1352 2681; x_wconf 92' lang='lat' dir='ltr'><strong>ut</strong></span> <span class='ocrx_word' id='word_1_120' title='bbox 1382 2628 1521 2693; x_wconf 77' lang='lat' dir='ltr'><strong>dixi,</strong></span> 
     </span>
    </p>
   </div>
   <div class='ocr_carea' id='block_1_27' title="bbox 462 2713 1707 2789">
    <p class='ocr_par' dir='ltr' id='par_1_27' title="bbox 462 2713 1707 2789">
     <span class='ocr_line' id='line_1_27' title="bbox 462 2713 1707 2789; baseline 0.006 -23"><span class='ocrx_word' id='word_1_121' title='bbox 462 2713 791 2768; x_wconf 89' lang='lat' dir='ltr'><strong>Comnenus</strong></span> <span class='ocrx_word' id='word_1_122' title='bbox 822 2714 1189 2770; x_wconf 82' lang='lat' dir='ltr'><strong>Andronicus</strong></span> <span class='ocrx_word' id='word_1_123' title='bbox 1218 2716 1474 2789; x_wconf 84' lang='lat' dir='ltr'><strong>Sisyphii</strong></span> <span class='ocrx_word' id='word_1_124' title='bbox 1506 2717 1707 2788; x_wconf 89' lang='lat' dir='ltr'><strong>moris,</strong></span> 
     </span>
    </p>
   </div>
   <div class='ocr_carea' id='block_1_28' title="bbox 464 2801 1633 2878">
    <p class='ocr_par' dir='ltr' id='par_1_28' title="bbox 464 2801 1633 2878">
     <span class='ocr_line' id='line_1_28' title="bbox 464 2801 1633 2878; baseline 0.008 -24"><span class='ocrx_word' id='word_1_125' title='bbox 464 2805 638 2871; x_wconf 90' lang='lat' dir='ltr'><strong>atque</strong></span> <span class='ocrx_word' id='word_1_126' title='bbox 667 2801 1105 2875; x_wconf 82' lang='lat' dir='ltr'><strong>Paphlagonum</strong></span> <span class='ocrx_word' id='word_1_127' title='bbox 1138 2807 1434 2878; x_wconf 82' lang='lat' dir='ltr'><strong>occupatis</strong></span> <span class='ocrx_word' id='word_1_128' title='bbox 1468 2805 1633 2877; x_wconf 88' lang='lat' dir='ltr'><strong>locis,</strong></span> 
     </span>
    </p>
   </div>
   <div class='ocr_carea' id='block_1_29' title="bbox 464 2886 1556 2964">
    <p class='ocr_par' dir='ltr' id='par_1_29' title="bbox 464 2886 1556 2964">
     <span class='ocr_line' id='line_1_29' title="bbox 464 2886 1556 2964; baseline 0.005 -23"><span class='ocrx_word' id='word_1_129' title='bbox 464 2886 781 2942; x_wconf 90' lang='lat' dir='ltr'><strong>multorum</strong></span> <span class='ocrx_word' id='word_1_130' title='bbox 813 2888 925 2943; x_wconf 86' lang='lat' dir='ltr'><strong>sibi</strong></span> <span class='ocrx_word' id='word_1_131' title='bbox 961 2893 1258 2962; x_wconf 81' lang='lat' dir='ltr'><strong>suppetias</strong></span> <span class='ocrx_word' id='word_1_132' title='bbox 1290 2892 1556 2964; x_wconf 86' lang='lat' dir='ltr'><strong>adjunxit</strong></span> 
     </span>
    </p>
   </div>
   <div class='ocr_carea' id='block_1_30' title="bbox 463 2978 1552 3048">
    <p class='ocr_par' dir='ltr' id='par_1_30' title="bbox 463 2978 1552 3048">
     <span class='ocr_line' id='line_1_30' title="bbox 463 2978 1552 3048; baseline 0.005 -17"><span class='ocrx_word' id='word_1_133' title='bbox 463 2992 699 3047; x_wconf 68' lang='lat' dir='ltr'><strong>suaeque</strong></span> <span class='ocrx_word' id='word_1_134' title='bbox 731 2978 1124 3048; x_wconf 87' lang='lat' dir='ltr'><strong>improbitatis</strong></span> <span class='ocrx_word' id='word_1_135' title='bbox 1153 2981 1342 3035; x_wconf 87' lang='lat' dir='ltr'><strong>socios</strong></span> <span class='ocrx_word' id='word_1_136' title='bbox 1376 2981 1507 3037; x_wconf 89' lang='lat' dir='ltr'><strong>fecit</strong></span> <span class='ocrx_word' id='word_1_137' title='bbox 1540 2999 1552 3036; x_wconf 87' lang='lat'><strong>:</strong></span> 
     </span>
    </p>
   </div>
   <div class='ocr_carea' id='block_1_31' title="bbox 460 3067 1634 3140">
    <p class='ocr_par' dir='ltr' id='par_1_31' title="bbox 460 3067 1634 3140">
     <span class='ocr_line' id='line_1_31' title="bbox 460 3067 1634 3140; baseline 0.003 -19"><span class='ocrx_word' id='word_1_138' title='bbox 460 3067 677 3137; x_wconf 89' lang='lat' dir='ltr'><strong>quibus</strong></span> <span class='ocrx_word' id='word_1_139' title='bbox 709 3068 960 3138; x_wconf 89' lang='lat' dir='ltr'><strong>stipatus</strong></span> <span class='ocrx_word' id='word_1_140' title='bbox 989 3072 1197 3124; x_wconf 89' lang='lat' dir='ltr'><strong>cuncta</strong></span> <span class='ocrx_word' id='word_1_141' title='bbox 1235 3071 1634 3140; x_wconf 88' lang='lat' dir='ltr'><strong>perturbabat,</strong></span> 
     </span>
    </p>
   </div>
   <div class='ocr_carea' id='block_1_32' title="bbox 456 3155 1442 3226">
    <p class='ocr_par' dir='ltr' id='par_1_32' title="bbox 456 3155 1442 3226">
     <span class='ocr_line' id='line_1_32' title="bbox 456 3155 1442 3226; baseline 0.002 -16"><span class='ocrx_word' id='word_1_142' title='bbox 456 3155 557 3210; x_wconf 90' lang='lat' dir='ltr'><strong>illa</strong></span> <span class='ocrx_word' id='word_1_143' title='bbox 588 3155 910 3226; x_wconf 74' lang='lat' dir='ltr'><strong>praasertim</strong></span> <span class='ocrx_word' id='word_1_144' title='bbox 942 3157 1191 3212; x_wconf 86' lang='lat' dir='ltr'><strong>abutens</strong></span> <span class='ocrx_word' id='word_1_145' title='bbox 1222 3158 1442 3225; x_wconf 85' lang='lat' dir='ltr'><strong>fraude,</strong></span> 
     </span>
    </p>
   </div>
   <div class='ocr_carea' id='block_1_33' title="bbox 458 3242 1493 3316">
    <p class='ocr_par' dir='ltr' id='par_1_33' title="bbox 458 3242 1493 3316">
     <span class='ocr_line' id='line_1_33' title="bbox 458 3242 1493 3316; baseline 0.002 -17"><span class='ocrx_word' id='word_1_146' title='bbox 458 3245 613 3315; x_wconf 91' lang='lat' dir='ltr'><strong>quod</strong></span> <span class='ocrx_word' id='word_1_147' title='bbox 647 3260 709 3299; x_wconf 90' lang='lat' dir='ltr'><strong>se</strong></span> <span class='ocrx_word' id='word_1_148' title='bbox 739 3261 841 3316; x_wconf 91' lang='lat' dir='ltr'><strong>pro</strong></span> <span class='ocrx_word' id='word_1_149' title='bbox 875 3244 1006 3299; x_wconf 91' lang='lat' dir='ltr'><strong>novi</strong></span> <span class='ocrx_word' id='word_1_150' title='bbox 1033 3242 1274 3301; x_wconf 87' lang='lat' dir='ltr'><strong>Caesaris</strong></span> <span class='ocrx_word' id='word_1_151' title='bbox 1306 3246 1493 3301; x_wconf 89' lang='lat' dir='ltr'><strong>salute</strong></span> 
     </span>
    </p>
   </div>
   <div class='ocr_carea' id='block_1_34' title="bbox 457 3334 1596 3409">
    <p class='ocr_par' dir='ltr' id='par_1_34' title="bbox 457 3334 1596 3409">
     <span class='ocr_line' id='line_1_34' title="bbox 457 3334 1596 3409; baseline 0.003 -20"><span class='ocrx_word' id='word_1_152' title='bbox 457 3338 666 3390; x_wconf 90' lang='lat' dir='ltr'><strong>cuncta</strong></span> <span class='ocrx_word' id='word_1_153' title='bbox 695 3334 952 3406; x_wconf 84' lang='lat' dir='ltr'><strong>ﬁngebat</strong></span> <span class='ocrx_word' id='word_1_154' title='bbox 982 3351 1152 3407; x_wconf 89' lang='lat' dir='ltr'><strong>agere</strong></span> <span class='ocrx_word' id='word_1_155' title='bbox 1184 3340 1357 3409; x_wconf 89' lang='lat' dir='ltr'><strong>atque</strong></span> <span class='ocrx_word' id='word_1_156' title='bbox 1389 3338 1596 3394; x_wconf 88' lang='lat' dir='ltr'><strong>dicere.</strong></span> 
     </span>
    </p>
   </div>
   <div class='ocr_carea' id='block_1_35' title="bbox 455 3433 1485 3503">
    <p class='ocr_par' dir='ltr' id='par_1_35' title="bbox 455 3433 1485 3503">
     <span class='ocr_line' id='line_1_35' title="bbox 455 3433 1485 3503; baseline 0.003 -17"><span class='ocrx_word' id='word_1_157' title='bbox 455 3436 606 3489; x_wconf 88' lang='lat' dir='ltr'><strong>Sane</strong></span> <span class='ocrx_word' id='word_1_158' title='bbox 636 3433 1076 3503; x_wconf 88' lang='lat' dir='ltr'><strong>protosebastus</strong></span> <span class='ocrx_word' id='word_1_159' title='bbox 1106 3434 1164 3489; x_wconf 90' lang='lat' dir='ltr'><strong>in</strong></span> <span class='ocrx_word' id='word_1_160' title='bbox 1198 3436 1328 3489; x_wconf 93' lang='lat' dir='ltr'><strong>odio</strong></span> <span class='ocrx_word' id='word_1_161' title='bbox 1361 3440 1485 3489; x_wconf 90' lang='lat' dir='ltr'><strong>erat</strong></span> 
     </span>
    </p>
   </div>
   <div class='ocr_carea' id='block_1_36' title="bbox 456 3519 1627 3591">
    <p class='ocr_par' dir='ltr' id='par_1_36' title="bbox 456 3519 1627 3591">
     <span class='ocr_line' id='line_1_36' title="bbox 456 3519 1627 3591; baseline 0.002 -15"><span class='ocrx_word' id='word_1_162' title='bbox 456 3519 748 3591; x_wconf 91' lang='lat' dir='ltr'><strong>vulgoque</strong></span> <span class='ocrx_word' id='word_1_163' title='bbox 774 3521 1137 3577; x_wconf 85' lang='lat' dir='ltr'><strong>detestabilis</strong></span> <span class='ocrx_word' id='word_1_164' title='bbox 1168 3523 1239 3578; x_wconf 93' lang='lat' dir='ltr'><strong>ob</strong></span> <span class='ocrx_word' id='word_1_165' title='bbox 1272 3527 1436 3579; x_wconf 88' lang='lat' dir='ltr'><strong>actus</strong></span> <span class='ocrx_word' id='word_1_166' title='bbox 1468 3539 1627 3591; x_wconf 90' lang='lat' dir='ltr'><strong>suos,</strong></span> 
     </span>
    </p>
   </div>
   <div class='ocr_carea' id='block_1_37' title="bbox 460 3609 1727 3682">
    <p class='ocr_par' dir='ltr' id='par_1_37' title="bbox 460 3609 1727 3682">
     <span class='ocr_line' id='line_1_37' title="bbox 460 3609 1727 3682; baseline 0.002 -17"><span class='ocrx_word' id='word_1_167' title='bbox 460 3609 737 3682; x_wconf 89' lang='lat' dir='ltr'><strong>quoniam</strong></span> <span class='ocrx_word' id='word_1_168' title='bbox 772 3610 1046 3665; x_wconf 87' lang='lat' dir='ltr'><strong>mortales</strong></span> <span class='ocrx_word' id='word_1_169' title='bbox 1078 3614 1323 3666; x_wconf 88' lang='lat' dir='ltr'><strong>cunctos</strong></span> <span class='ocrx_word' id='word_1_170' title='bbox 1354 3611 1727 3682; x_wconf 87' lang='lat' dir='ltr'><strong>despiciebat,</strong></span> 
     </span>
    </p>
   </div>
   <div class='ocr_carea' id='block_1_38' title="bbox 459 3697 1689 3769">
    <p class='ocr_par' dir='ltr' id='par_1_38' title="bbox 459 3697 1689 3769">
     <span class='ocr_line' id='line_1_38' title="bbox 459 3697 1689 3769; baseline 0.004 -16"><span class='ocrx_word' id='word_1_171' title='bbox 459 3699 690 3769; x_wconf 89' lang='lat' dir='ltr'><strong>sibique</strong></span> <span class='ocrx_word' id='word_1_172' title='bbox 723 3697 823 3752; x_wconf 91' lang='lat' dir='ltr'><strong>uni</strong></span> <span class='ocrx_word' id='word_1_173' title='bbox 856 3698 1279 3769; x_wconf 87' lang='lat' dir='ltr'><strong>rempublicam</strong></span> <span class='ocrx_word' id='word_1_174' title='bbox 1313 3700 1643 3757; x_wconf 88' lang='lat' dir='ltr'><strong>vindicabat</strong></span> <span class='ocrx_word' id='word_1_175' title='bbox 1677 3720 1689 3757; x_wconf 96' lang='lat'>:</span> 
     </span>
    </p>
   </div>
   <div class='ocr_carea' id='block_1_39' title="bbox 460 3786 1564 3860">
    <p class='ocr_par' dir='ltr' id='par_1_39' title="bbox 460 3786 1564 3860">
     <span class='ocr_line' id='line_1_39' title="bbox 460 3786 1564 3860; baseline 0.003 -19"><span class='ocrx_word' id='word_1_176' title='bbox 460 3786 543 3841; x_wconf 90' lang='lat' dir='ltr'><strong>nil</strong></span> <span class='ocrx_word' id='word_1_177' title='bbox 573 3786 730 3841; x_wconf 89' lang='lat' dir='ltr'><strong>enim</strong></span> <span class='ocrx_word' id='word_1_178' title='bbox 760 3791 882 3841; x_wconf 90' lang='lat' dir='ltr'><strong>erat</strong></span> <span class='ocrx_word' id='word_1_179' title='bbox 914 3786 969 3841; x_wconf 87' lang='lat' dir='ltr'><strong>in</strong></span> <span class='ocrx_word' id='word_1_180' title='bbox 1004 3786 1271 3842; x_wconf 88' lang='lat' dir='ltr'><strong>universo</strong></span> <span class='ocrx_word' id='word_1_181' title='bbox 1303 3788 1564 3860; x_wconf 81' lang='lat' dir='ltr'><strong>imperio,</strong></span> 
     </span>
    </p>
   </div>
   <div class='ocr_carea' id='block_1_40' title="bbox 461 3876 1556 3950">
    <p class='ocr_par' dir='ltr' id='par_1_40' title="bbox 461 3876 1556 3950">
     <span class='ocr_line' id='line_1_40' title="bbox 461 3876 1556 3950; baseline 0.001 -18"><span class='ocrx_word' id='word_1_182' title='bbox 461 3877 618 3948; x_wconf 92' lang='lat' dir='ltr'><strong>quod</strong></span> <span class='ocrx_word' id='word_1_183' title='bbox 652 3876 827 3947; x_wconf 81' lang='lat' dir='ltr'><strong>hujus</strong></span> <span class='ocrx_word' id='word_1_184' title='bbox 859 3876 1127 3948; x_wconf 83' lang='lat' dir='ltr'><strong>potestati</strong></span> <span class='ocrx_word' id='word_1_185' title='bbox 1162 3892 1275 3933; x_wconf 91' lang='lat' dir='ltr'><strong>non</strong></span> <span class='ocrx_word' id='word_1_186' title='bbox 1310 3884 1556 3950; x_wconf 87' lang='lat' dir='ltr'><strong>pareret.</strong></span> 
     </span>
    </p>
   </div>
   <div class='ocr_carea' id='block_1_41' title="bbox 464 3966 1698 4039">
    <p class='ocr_par' dir='ltr' id='par_1_41' title="bbox 464 3966 1698 4039">
     <span class='ocr_line' id='line_1_41' title="bbox 464 3966 1698 4039; baseline 0.001 -18"><span class='ocrx_word' id='word_1_187' title='bbox 464 3968 650 4031; x_wconf 90' lang='lat' dir='ltr'><strong>Quare</strong></span> <span class='ocrx_word' id='word_1_188' title='bbox 682 3970 891 4021; x_wconf 86' lang='lat' dir='ltr'><strong>cuncta</strong></span> <span class='ocrx_word' id='word_1_189' title='bbox 926 3966 1260 4037; x_wconf 89' lang='lat' dir='ltr'><strong>metropolis</strong></span> <span class='ocrx_word' id='word_1_190' title='bbox 1292 3985 1455 4039; x_wconf 90' lang='lat' dir='ltr'><strong>spem</strong></span> <span class='ocrx_word' id='word_1_191' title='bbox 1488 3968 1698 4025; x_wconf 89' lang='lat' dir='ltr'><strong>salutis</strong></span> 
     </span>
    </p>
   </div>
   <div class='ocr_carea' id='block_1_42' title="bbox 463 4052 1397 4127">
    <p class='ocr_par' dir='ltr' id='par_1_42' title="bbox 463 4052 1397 4127">
     <span class='ocr_line' id='line_1_42' title="bbox 463 4052 1397 4127; baseline 0.002 -18"><span class='ocrx_word' id='word_1_192' title='bbox 463 4055 523 4109; x_wconf 91' lang='lat' dir='ltr'><strong>in</strong></span> <span class='ocrx_word' id='word_1_193' title='bbox 556 4055 884 4109; x_wconf 87' lang='lat' dir='ltr'><strong>Andronico</strong></span> <span class='ocrx_word' id='word_1_194' title='bbox 916 4052 1231 4125; x_wconf 87' lang='lat' dir='ltr'><strong>reponebat</strong></span> <span class='ocrx_word' id='word_1_195' title='bbox 1262 4070 1397 4127; x_wconf 90' lang='lat' dir='ltr'><strong>uno,</strong></span> 
     </span>
    </p>
   </div>
   <div class='ocr_carea' id='block_1_43' title="bbox 463 4142 1885 4217">
    <p class='ocr_par' dir='ltr' id='par_1_43' title="bbox 463 4142 1885 4217">
     <span class='ocr_line' id='line_1_43' title="bbox 463 4142 1885 4217; baseline 0.004 -19"><span class='ocrx_word' id='word_1_196' title='bbox 463 4146 637 4213; x_wconf 89' lang='lat' dir='ltr'><strong>atque</strong></span> <span class='ocrx_word' id='word_1_197' title='bbox 667 4142 826 4197; x_wconf 91' lang='lat' dir='ltr'><strong>hunc</strong></span> <span class='ocrx_word' id='word_1_198' title='bbox 858 4143 1183 4214; x_wconf 84' lang='lat' dir='ltr'><strong>tyrannidis</strong></span> <span class='ocrx_word' id='word_1_199' title='bbox 1216 4142 1547 4213; x_wconf 86' lang='lat' dir='ltr'><strong>appellabat</strong></span> <span class='ocrx_word' id='word_1_200' title='bbox 1577 4147 1885 4217; x_wconf 87' lang='lat' dir='ltr'><strong>vindicem,</strong></span> 
     </span>
    </p>
   </div>
   <div class='ocr_carea' id='block_1_44' title="bbox 463 4228 1482 4287">
    <p class='ocr_par' dir='ltr' id='par_1_44' title="bbox 463 4228 1482 4287">
     <span class='ocr_line' id='line_1_44' title="bbox 463 4228 1482 4287; baseline 0.001 -2"><span class='ocrx_word' id='word_1_201' title='bbox 463 4235 519 4286; x_wconf 85' lang='lat' dir='ltr'><strong>et</strong></span> <span class='ocrx_word' id='word_1_202' title='bbox 548 4230 928 4286; x_wconf 90' lang='lat' dir='ltr'><strong>clandestinis</strong></span> <span class='ocrx_word' id='word_1_203' title='bbox 960 4228 1246 4286; x_wconf 86' lang='lat' dir='ltr'><strong>invitabat</strong></span> <span class='ocrx_word' id='word_1_204' title='bbox 1276 4231 1482 4287; x_wconf 84' lang='lat' dir='ltr'><strong>litteris</strong></span> 
     </span>
    </p>
   </div>
   <div class='ocr_carea' id='block_1_45' title="bbox 465 4318 1494 4390">
    <p class='ocr_par' dir='ltr' id='par_1_45' title="bbox 465 4318 1494 4390">
     <span class='ocr_line' id='line_1_45' title="bbox 465 4318 1494 4390; baseline -0.001 -16"><span class='ocrx_word' id='word_1_205' title='bbox 465 4323 529 4374; x_wconf 92' lang='lat' dir='ltr'><strong>ut</strong></span> <span class='ocrx_word' id='word_1_206' title='bbox 558 4320 629 4374; x_wconf 92' lang='lat' dir='ltr'><strong>ad</strong></span> <span class='ocrx_word' id='word_1_207' title='bbox 662 4318 916 4390; x_wconf 89' lang='lat' dir='ltr'><strong>regalem</strong></span> <span class='ocrx_word' id='word_1_208' title='bbox 947 4321 1259 4375; x_wconf 89' lang='lat' dir='ltr'><strong>adventare</strong></span> <span class='ocrx_word' id='word_1_209' title='bbox 1292 4321 1494 4375; x_wconf 87' lang='lat' dir='ltr'><strong>urbem</strong></span> 
     </span>
    </p>
   </div>
   <div class='ocr_carea' id='block_1_46' title="bbox 463 4408 1461 4480">
    <p class='ocr_par' dir='ltr' id='par_1_46' title="bbox 463 4408 1461 4480">
     <span class='ocr_line' id='line_1_46' title="bbox 463 4408 1461 4480; baseline 0.002 -18"><span class='ocrx_word' id='word_1_210' title='bbox 463 4408 617 4462; x_wconf 91' lang='lat' dir='ltr'><strong>omni</strong></span> <span class='ocrx_word' id='word_1_211' title='bbox 650 4409 900 4480; x_wconf 88' lang='lat' dir='ltr'><strong>seposito</strong></span> <span class='ocrx_word' id='word_1_212' title='bbox 933 4408 1235 4464; x_wconf 86' lang='lat' dir='ltr'><strong>festinaret</strong></span> <span class='ocrx_word' id='word_1_213' title='bbox 1268 4411 1461 4478; x_wconf 81' lang='lat' dir='ltr'><strong>metu;</strong></span> 
     </span>
    </p>
   </div>
   <div class='ocr_carea' id='block_1_47' title="bbox 466 4496 1703 4570">
    <p class='ocr_par' dir='ltr' id='par_1_47' title="bbox 466 4496 1703 4570">
     <span class='ocr_line' id='line_1_47' title="bbox 466 4496 1703 4570; baseline 0.003 -17"><span class='ocrx_word' id='word_1_214' title='bbox 466 4515 600 4553; x_wconf 90' lang='lat' dir='ltr'><strong>nam</strong></span> <span class='ocrx_word' id='word_1_215' title='bbox 635 4515 695 4553; x_wconf 91' lang='lat' dir='ltr'><strong>se</strong></span> <span class='ocrx_word' id='word_1_216' title='bbox 726 4500 992 4570; x_wconf 87' lang='lat' dir='ltr'><strong>prompto</strong></span> <span class='ocrx_word' id='word_1_217' title='bbox 1025 4499 1178 4554; x_wconf 91' lang='lat' dir='ltr'><strong>cives</strong></span> <span class='ocrx_word' id='word_1_218' title='bbox 1210 4496 1481 4556; x_wconf 85' lang='lat' dir='ltr'><strong>dicebant</strong></span> <span class='ocrx_word' id='word_1_219' title='bbox 1511 4501 1703 4557; x_wconf 88' lang='lat' dir='ltr'><strong>studio</strong></span> 
     </span>
    </p>
   </div>
   <div class='ocr_carea' id='block_1_48' title="bbox 466 4587 1418 4660">
    <p class='ocr_par' dir='ltr' id='par_1_48' title="bbox 466 4587 1418 4660">
     <span class='ocr_line' id='line_1_48' title="bbox 466 4587 1418 4660; baseline 0.003 -19"><span class='ocrx_word' id='word_1_220' title='bbox 466 4588 721 4643; x_wconf 89' lang='lat' dir='ltr'><strong>urbanas</strong></span> <span class='ocrx_word' id='word_1_221' title='bbox 753 4587 834 4642; x_wconf 89' lang='lat' dir='ltr'><strong>illi</strong></span> <span class='ocrx_word' id='word_1_222' title='bbox 867 4591 1062 4660; x_wconf 87' lang='lat' dir='ltr'><strong>portas</strong></span> <span class='ocrx_word' id='word_1_223' title='bbox 1094 4593 1418 4659; x_wconf 89' lang='lat' dir='ltr'><strong>aperturos.</strong></span> 
     </span>
    </p>
   </div>
   <div class='ocr_carea' id='block_1_49' title="bbox 463 4685 1671 4756">
    <p class='ocr_par' dir='ltr' id='par_1_49' title="bbox 463 4685 1671 4756">
     <span class='ocr_line' id='line_1_49' title="bbox 463 4685 1671 4756; baseline 0.001 -15"><span class='ocrx_word' id='word_1_224' title='bbox 463 4691 578 4741; x_wconf 87' lang='lat' dir='ltr'><strong>Hos</strong></span> <span class='ocrx_word' id='word_1_225' title='bbox 606 4685 702 4740; x_wconf 91' lang='lat' dir='ltr'><strong>ille</strong></span> <span class='ocrx_word' id='word_1_226' title='bbox 731 4686 1003 4742; x_wconf 89' lang='lat' dir='ltr'><strong>audiebat</strong></span> <span class='ocrx_word' id='word_1_227' title='bbox 1032 4685 1383 4756; x_wconf 87' lang='lat' dir='ltr'><strong>perlibenter</strong></span> <span class='ocrx_word' id='word_1_228' title='bbox 1414 4687 1671 4756; x_wconf 89' lang='lat' dir='ltr'><strong>nuntios,</strong></span> 
     </span>
    </p>
   </div>
   <div class='ocr_carea' id='block_1_50' title="bbox 453 4769 1766 4849">
    <p class='ocr_par' dir='ltr' id='par_1_50' title="bbox 453 4769 1766 4849">
     <span class='ocr_line' id='line_1_50' title="bbox 453 4769 1766 4849; baseline 0.004 -19"><span class='ocrx_word' id='word_1_229' title='bbox 453 4777 697 4846; x_wconf 90' lang='lat' dir='ltr'><strong>jamque</strong></span> <span class='ocrx_word' id='word_1_230' title='bbox 728 4776 1034 4831; x_wconf 71' lang='lat' dir='ltr'><strong>affectabat</strong></span> <span class='ocrx_word' id='word_1_231' title='bbox 1066 4775 1370 4832; x_wconf 82' lang='lat' dir='ltr'><strong>manifeste</strong></span> <span class='ocrx_word' id='word_1_232' title='bbox 1398 4769 1766 4849; x_wconf 83' lang='lat' dir='ltr'><strong>tyrannidem</strong></span> 
     </span>
    </p>
   </div>
   <div class='ocr_carea' id='block_1_51' title="bbox 461 4864 1563 4935">
    <p class='ocr_par' dir='ltr' id='par_1_51' title="bbox 461 4864 1563 4935">
     <span class='ocr_line' id='line_1_51' title="bbox 461 4864 1563 4935; baseline 0.001 -16"><span class='ocrx_word' id='word_1_233' title='bbox 461 4864 718 4920; x_wconf 89' lang='lat' dir='ltr'><strong>castellis</strong></span> <span class='ocrx_word' id='word_1_234' title='bbox 748 4864 1103 4934; x_wconf 89' lang='lat' dir='ltr'><strong>occupandis</strong></span> <span class='ocrx_word' id='word_1_235' title='bbox 1135 4881 1199 4919; x_wconf 91' lang='lat' dir='ltr'><strong>ac</strong></span> <span class='ocrx_word' id='word_1_236' title='bbox 1232 4865 1563 4935; x_wconf 89' lang='lat' dir='ltr'><strong>provinciis.</strong></span> 
     </span>
    </p>
   </div>
   <div class='ocr_carea' id='block_1_52' title="bbox 461 4951 1545 5023">
    <p class='ocr_par' dir='ltr' id='par_1_52' title="bbox 461 4951 1545 5023">
     <span class='ocr_line' id='line_1_52' title="bbox 461 4951 1545 5023; baseline 0.002 -17"><span class='ocrx_word' id='word_1_237' title='bbox 461 4951 723 5007; x_wconf 88' lang='lat' dir='ltr'><strong>Accessit</strong></span> <span class='ocrx_word' id='word_1_238' title='bbox 752 4951 927 5007; x_wconf 89' lang='lat' dir='ltr'><strong>etiam</strong></span> <span class='ocrx_word' id='word_1_239' title='bbox 958 4951 1208 5007; x_wconf 66' lang='lat' dir='ltr'><strong>Nicaeam</strong></span> <span class='ocrx_word' id='word_1_240' title='bbox 1243 4952 1545 5023; x_wconf 78' lang='lat' dir='ltr'><strong>Bithyniae,</strong></span> 
     </span>
    </p>
   </div>
   <div class='ocr_carea' id='block_1_53' title="bbox 461 5040 1683 5112">
    <p class='ocr_par' dir='ltr' id='par_1_53' title="bbox 461 5040 1683 5112">
     <span class='ocr_line' id='line_1_53' title="bbox 461 5040 1683 5112; baseline 0.002 -16"><span class='ocrx_word' id='word_1_241' title='bbox 461 5057 710 5112; x_wconf 87' lang='lat' dir='ltr'><strong>eamque</strong></span> <span class='ocrx_word' id='word_1_242' title='bbox 741 5040 972 5095; x_wconf 83' lang='lat' dir='ltr'><strong>blandis</strong></span> <span class='ocrx_word' id='word_1_243' title='bbox 1005 5040 1247 5095; x_wconf 90' lang='lat' dir='ltr'><strong>tentavit</strong></span> <span class='ocrx_word' id='word_1_244' title='bbox 1277 5042 1683 5112; x_wconf 88' lang='lat' dir='ltr'><strong>sermonibus;</strong></span> 
     </span>
    </p>
   </div>
   <div class='ocr_carea' id='block_1_54' title="bbox 460 5129 1671 5202">
    <p class='ocr_par' dir='ltr' id='par_1_54' title="bbox 460 5129 1671 5202">
     <span class='ocr_line' id='line_1_54' title="bbox 460 5129 1671 5202; baseline -0.001 -15"><span class='ocrx_word' id='word_1_245' title='bbox 460 5131 562 5187; x_wconf 87' lang='lat' dir='ltr'><strong>sed</strong></span> <span class='ocrx_word' id='word_1_246' title='bbox 595 5129 693 5184; x_wconf 88' lang='lat' dir='ltr'><strong>illa</strong></span> <span class='ocrx_word' id='word_1_247' title='bbox 722 5129 913 5185; x_wconf 88' lang='lat' dir='ltr'><strong>verbis</strong></span> <span class='ocrx_word' id='word_1_248' title='bbox 947 5129 1183 5185; x_wconf 88' lang='lat' dir='ltr'><strong>minime</strong></span> <span class='ocrx_word' id='word_1_249' title='bbox 1214 5130 1397 5202; x_wconf 89' lang='lat' dir='ltr'><strong>gessit</strong></span> <span class='ocrx_word' id='word_1_250' title='bbox 1427 5148 1671 5201; x_wconf 89' lang='lat' dir='ltr'><strong>morem,</strong></span> 
     </span>
    </p>
   </div>
   <div class='ocr_carea' id='block_1_55' title="bbox 458 5218 1647 5291">
    <p class='ocr_par' dir='ltr' id='par_1_55' title="bbox 458 5218 1647 5291">
     <span class='ocr_line' id='line_1_55' title="bbox 458 5218 1647 5291; baseline 0 -16"><span class='ocrx_word' id='word_1_251' title='bbox 458 5220 705 5289; x_wconf 83' lang='lat' dir='ltr'><strong>ejusque</strong></span> <span class='ocrx_word' id='word_1_252' title='bbox 738 5218 1041 5274; x_wconf 82' lang='lat' dir='ltr'><strong>fraudibus</strong></span> <span class='ocrx_word' id='word_1_253' title='bbox 1071 5218 1179 5273; x_wconf 87' lang='lat' dir='ltr'><strong>fuit</strong></span> <span class='ocrx_word' id='word_1_254' title='bbox 1211 5220 1647 5291; x_wconf 87' lang='lat' dir='ltr'><strong>insuperabilis.</strong></span> 
     </span>
    </p>
   </div>
   <div class='ocr_carea' id='block_1_56' title="bbox 456 5306 1620 5377">
    <p class='ocr_par' dir='ltr' id='par_1_56' title="bbox 456 5306 1620 5377">
     <span class='ocr_line' id='line_1_56' title="bbox 456 5306 1620 5377; baseline 0.002 -16"><span class='ocrx_word' id='word_1_255' title='bbox 456 5308 565 5361; x_wconf 88' lang='lat' dir='ltr'><strong>Sed</strong></span> <span class='ocrx_word' id='word_1_256' title='bbox 600 5323 731 5361; x_wconf 89' lang='lat' dir='ltr'><strong>cum</strong></span> <span class='ocrx_word' id='word_1_257' title='bbox 766 5306 1170 5377; x_wconf 86' lang='lat' dir='ltr'><strong>occupavisset</strong></span> <span class='ocrx_word' id='word_1_258' title='bbox 1202 5308 1620 5377; x_wconf 86' lang='lat' dir='ltr'><strong>Nicomediam,</strong></span> 
     </span>
    </p>
   </div>
   <div class='ocr_carea' id='block_1_57' title="bbox 459 5396 1728 5469">
    <p class='ocr_par' dir='ltr' id='par_1_57' title="bbox 459 5396 1728 5469">
     <span class='ocr_line' id='line_1_57' title="bbox 459 5396 1728 5469; baseline 0.002 -18"><span class='ocrx_word' id='word_1_259' title='bbox 459 5412 705 5466; x_wconf 89' lang='lat' dir='ltr'><strong>eamque</strong></span> <span class='ocrx_word' id='word_1_260' title='bbox 738 5396 861 5451; x_wconf 91' lang='lat' dir='ltr'><strong>suis</strong></span> <span class='ocrx_word' id='word_1_261' title='bbox 884 5398 1006 5466; x_wconf 85' lang='lat' dir='ltr'><strong>jam</strong></span> <span class='ocrx_word' id='word_1_262' title='bbox 1043 5396 1306 5466; x_wconf 84' lang='lat' dir='ltr'><strong>partibus</strong></span> <span class='ocrx_word' id='word_1_263' title='bbox 1338 5398 1728 5469; x_wconf 84' lang='lat' dir='ltr'><strong>adjunxisset;</strong></span> 
     </span>
    </p>
   </div>
   <div class='ocr_carea' id='block_1_58' title="bbox 462 5484 1748 5555">
    <p class='ocr_par' dir='ltr' id='par_1_58' title="bbox 462 5484 1748 5555">
     <span class='ocr_line' id='line_1_58' title="bbox 462 5484 1748 5555; baseline 0.003 -16"><span class='ocrx_word' id='word_1_264' title='bbox 462 5484 679 5539; x_wconf 88' lang='lat' dir='ltr'><strong>missus</strong></span> <span class='ocrx_word' id='word_1_265' title='bbox 707 5488 793 5539; x_wconf 90' lang='lat' dir='ltr'><strong>est</strong></span> <span class='ocrx_word' id='word_1_266' title='bbox 825 5501 958 5539; x_wconf 91' lang='lat' dir='ltr'><strong>cum</strong></span> <span class='ocrx_word' id='word_1_267' title='bbox 982 5485 1143 5555; x_wconf 86' lang='lat' dir='ltr'><strong>justo</strong></span> <span class='ocrx_word' id='word_1_268' title='bbox 1177 5484 1474 5555; x_wconf 88' lang='lat' dir='ltr'><strong>copiarum</strong></span> <span class='ocrx_word' id='word_1_269' title='bbox 1508 5503 1748 5543; x_wconf 88' lang='lat' dir='ltr'><strong>numero</strong></span> 
     </span>
    </p>
   </div>
   <div class='ocr_carea' id='block_1_59' title="bbox 463 5573 1671 5647">
    <p class='ocr_par' dir='ltr' id='par_1_59' title="bbox 463 5573 1671 5647">
     <span class='ocr_line' id='line_1_59' title="bbox 463 5573 1671 5647; baseline 0.003 -21"><span class='ocrx_word' id='word_1_270' title='bbox 463 5573 577 5627; x_wconf 80' lang='lat' dir='ltr'><strong>dux</strong></span> <span class='ocrx_word' id='word_1_271' title='bbox 609 5573 973 5628; x_wconf 86' lang='lat' dir='ltr'><strong>Andronicus</strong></span> <span class='ocrx_word' id='word_1_272' title='bbox 1005 5578 1387 5645; x_wconf 87' lang='lat' dir='ltr'><strong>cognomento</strong></span> <span class='ocrx_word' id='word_1_273' title='bbox 1418 5575 1671 5647; x_wconf 88' lang='lat' dir='ltr'><strong>Angelus</strong></span> 
     </span>
    </p>
   </div>
   <div class='ocr_carea' id='block_1_60' title="bbox 463 5660 1612 5732">
    <p class='ocr_par' dir='ltr' id='par_1_60' title="bbox 463 5660 1612 5732">
     <span class='ocr_line' id='line_1_60' title="bbox 463 5660 1612 5732; baseline 0.002 -17"><span class='ocrx_word' id='word_1_274' title='bbox 463 5667 527 5716; x_wconf 88' lang='lat' dir='ltr'><strong>ut</strong></span> <span class='ocrx_word' id='word_1_275' title='bbox 564 5661 712 5716; x_wconf 81' lang='lat' dir='ltr'><strong>bell.)</strong></span> <span class='ocrx_word' id='word_1_276' title='bbox 746 5667 941 5732; x_wconf 83' lang='lat' dir='ltr'><strong>aperto</strong></span> <span class='ocrx_word' id='word_1_277' title='bbox 978 5660 1239 5718; x_wconf 90' lang='lat' dir='ltr'><strong>hostibus</strong></span> <span class='ocrx_word' id='word_1_278' title='bbox 1271 5665 1567 5720; x_wconf 86' lang='lat' dir='ltr'><strong>resisteret</strong></span> <span class='ocrx_word' id='word_1_279' title='bbox 1600 5682 1612 5717; x_wconf 93' lang='lat'>:</span> 
     </span>
    </p>
   </div>
   <div class='ocr_carea' id='block_1_61' title="bbox 2123 501 2178 568">
    <p class='ocr_par' dir='ltr' id='par_1_61' title="bbox 2123 501 2178 568">
     <span class='ocr_line' id='line_1_61' title="bbox 2123 501 2178 568; baseline 0 -2"><span class='ocrx_word' id='word_1_280' title='bbox 2123 501 2178 568; x_wconf 84' lang='lat' dir='ltr'><strong>A</strong></span> 
     </span>
    </p>
   </div>
   <div class='ocr_carea' id='block_1_62' title="bbox 2125 1866 2172 1932">
    <p class='ocr_par' dir='ltr' id='par_1_62' title="bbox 2125 1866 2172 1932">
     <span class='ocr_line' id='line_1_62' title="bbox 2125 1866 2172 1932; baseline 0 0"><span class='ocrx_word' id='word_1_281' title='bbox 2125 1866 2172 1932; x_wconf 90' lang='grc' dir='ltr'>Β</span> 
     </span>
    </p>
   </div>
   <div class='ocr_carea' id='block_1_63' title="bbox 2117 3223 2160 3290">
    <p class='ocr_par' dir='ltr' id='par_1_63' title="bbox 2117 3223 2160 3290">
     <span class='ocr_line' id='line_1_63' title="bbox 2117 3223 2160 3290; baseline 0 0"><span class='ocrx_word' id='word_1_282' title='bbox 2117 3223 2160 3290; x_wconf 90' lang='lat' dir='ltr'><strong>C</strong></span> 
     </span>
    </p>
   </div>
   <div class='ocr_carea' id='block_1_64' title="bbox 2130 4592 2178 4653">
    <p class='ocr_par' dir='ltr' id='par_1_64' title="bbox 2130 4592 2178 4653">
     <span class='ocr_line' id='line_1_64' title="bbox 2130 4592 2178 4653; baseline 0 0"><span class='ocrx_word' id='word_1_283' title='bbox 2130 4592 2178 4653; x_wconf 93' lang='lat' dir='ltr'><strong>D</strong></span> 
     </span>
    </p>
   </div>
   <div class='ocr_carea' id='block_1_65' title="bbox 2386 462 3369 542">
    <p class='ocr_par' dir='ltr' id='par_1_65' title="bbox 2386 462 3369 542">
     <span class='ocr_line' id='line_1_65' title="bbox 2386 462 3369 542; baseline -0.004 -20"><span class='ocrx_word' id='word_1_284' title='bbox 2386 462 2838 542; x_wconf 78' lang='grc' dir='ltr'>Πρωτοσεϐαστὸν</span> <span class='ocrx_word' id='word_1_285' title='bbox 2873 462 3216 541; x_wconf 77' lang='grc' dir='ltr'><strong>ὑφορώμενοι</strong></span> <span class='ocrx_word' id='word_1_286' title='bbox 3250 463 3369 519; x_wconf 81' lang='grc' dir='ltr'>λίαν</span> 
     </span>
    </p>
   </div>
   <div class='ocr_carea' id='block_1_66' title="bbox 2384 551 3618 631">
    <p class='ocr_par' dir='ltr' id='par_1_66' title="bbox 2384 551 3618 631">
     <span class='ocr_line' id='line_1_66' title="bbox 2384 551 3618 631; baseline -0.002 -21"><span class='ocrx_word' id='word_1_287' title='bbox 2384 558 2473 618; x_wconf 74' lang='grc' dir='ltr'>Ὠς</span> <span class='ocrx_word' id='word_1_288' title='bbox 2497 556 2732 631; x_wconf 85' lang='grc' dir='ltr'>ἀτεχνῶς</span> <span class='ocrx_word' id='word_1_289' title='bbox 2760 554 3014 630; x_wconf 88' lang='grc' dir='ltr'>τύραννον</span> <span class='ocrx_word' id='word_1_290' title='bbox 3043 551 3103 608; x_wconf 79' lang='grc' dir='ltr'><strong>ἐκ</strong></span> <span class='ocrx_word' id='word_1_291' title='bbox 3128 557 3235 607; x_wconf 87' lang='grc' dir='ltr'><strong>τῶν</strong></span> <span class='ocrx_word' id='word_1_292' title='bbox 3263 554 3618 629; x_wconf 83' lang='grc' dir='ltr'>πραγμάτων.</span> 
     </span>
    </p>
   </div>
   <div class='ocr_carea' id='block_1_67' title="bbox 2380 640 3572 719">
    <p class='ocr_par' dir='ltr' id='par_1_67' title="bbox 2380 640 3572 719">
     <span class='ocr_line' id='line_1_67' title="bbox 2380 640 3572 719; baseline -0.003 -18"><span class='ocrx_word' id='word_1_293' title='bbox 2380 644 2672 718; x_wconf 85' lang='grc' dir='ltr'>Κομνηνὸς</span> <span class='ocrx_word' id='word_1_294' title='bbox 2703 642 2749 699; x_wconf 84' lang='grc' dir='ltr'>δ’</span> <span class='ocrx_word' id='word_1_295' title='bbox 2782 640 3126 719; x_wconf 79' lang='grc' dir='ltr'><strong>Ἀνδρόνικος</strong></span> <span class='ocrx_word' id='word_1_296' title='bbox 3158 640 3396 711; x_wconf 73' lang='grc' dir='ltr'><strong>οἰκήσεις</strong></span> <span class='ocrx_word' id='word_1_297' title='bbox 3429 640 3572 718; x_wconf 83' lang='grc' dir='ltr'>ἔχων</span> 
     </span>
    </p>
   </div>
   <div class='ocr_carea' id='block_1_68' title="bbox 2381 725 3442 806">
    <p class='ocr_par' dir='ltr' id='par_1_68' title="bbox 2381 725 3442 806">
     <span class='ocr_line' id='line_1_68' title="bbox 2381 725 3442 806; baseline -0.004 -19"><span class='ocrx_word' id='word_1_298' title='bbox 2381 732 2483 789; x_wconf 86' lang='grc' dir='ltr'><strong>Καὶ</strong></span> <span class='ocrx_word' id='word_1_299' title='bbox 2516 725 2793 806; x_wconf 80' lang='grc' dir='ltr'>διατριϐὰς</span> <span class='ocrx_word' id='word_1_300' title='bbox 2823 731 2957 785; x_wconf 85' lang='grc' dir='ltr'>κατὰ</span> <span class='ocrx_word' id='word_1_301' title='bbox 2987 734 3170 804; x_wconf 86' lang='grc' dir='ltr'>χῶρον</span> <span class='ocrx_word' id='word_1_302' title='bbox 3201 727 3442 799; x_wconf 74' lang='grc' dir='ltr'>Οΐναίου,</span> 
     </span>
    </p>
   </div>
   <div class='ocr_carea' id='block_1_69' title="bbox 2203 829 3615 907">
    <p class='ocr_par' dir='ltr' id='par_1_69' title="bbox 2203 829 3615 907">
     <span class='ocr_line' id='line_1_69' title="bbox 2203 829 3615 907; baseline -0.004 -16"><span class='ocrx_word' id='word_1_303' title='bbox 2203 836 2343 891; x_wconf 86' lang='grc'>4860</span> <span class='ocrx_word' id='word_1_304' title='bbox 2382 832 2531 891; x_wconf 82' lang='grc' dir='ltr'>Ἐπεὶ</span> <span class='ocrx_word' id='word_1_305' title='bbox 2557 832 2785 887; x_wconf 87' lang='grc' dir='ltr'>πύθοιτο</span> <span class='ocrx_word' id='word_1_306' title='bbox 2815 836 2909 886; x_wconf 83' lang='grc' dir='ltr'>τοῦ</span> <span class='ocrx_word' id='word_1_307' title='bbox 2941 834 3269 905; x_wconf 79' lang='grc' dir='ltr'><strong>κρατοῦντος</strong></span> <span class='ocrx_word' id='word_1_308' title='bbox 3298 829 3390 885; x_wconf 85' lang='grc' dir='ltr'>τὸν</span> <span class='ocrx_word' id='word_1_309' title='bbox 3427 832 3615 907; x_wconf 86' lang='grc' dir='ltr'>μόρον,</span> 
     </span>
    </p>
   </div>
   <div class='ocr_carea' id='block_1_70' title="bbox 2378 918 3535 996">
    <p class='ocr_par' dir='ltr' id='par_1_70' title="bbox 2378 918 3535 996">
     <span class='ocr_line' id='line_1_70' title="bbox 2378 918 3535 996; baseline -0.003 -19"><span class='ocrx_word' id='word_1_310' title='bbox 2378 924 2609 977; x_wconf 83' lang='grc' dir='ltr'><strong>Ἐκεῖθεν</strong></span> <span class='ocrx_word' id='word_1_311' title='bbox 2643 918 2727 995; x_wconf 74' lang='grc' dir='ltr'><strong>ᾔει</strong></span> <span class='ocrx_word' id='word_1_312' title='bbox 2754 921 2891 996; x_wconf 77' lang='grc' dir='ltr'>πρὸς</span> <span class='ocrx_word' id='word_1_313' title='bbox 2922 920 3084 976; x_wconf 91' lang='grc' dir='ltr'>πόλιν</span> <span class='ocrx_word' id='word_1_314' title='bbox 3115 919 3535 990; x_wconf 84' lang='grc' dir='ltr'>Κωνσταντίνου,</span> 
     </span>
    </p>
   </div>
   <div class='ocr_carea' id='block_1_71' title="bbox 2378 1007 3477 1087">
    <p class='ocr_par' dir='ltr' id='par_1_71' title="bbox 2378 1007 3477 1087">
     <span class='ocr_line' id='line_1_71' title="bbox 2378 1007 3477 1087; baseline -0.005 -19"><span class='ocrx_word' id='word_1_315' title='bbox 2378 1014 2554 1068; x_wconf 80' lang='grc' dir='ltr'><strong>Πάντα</strong></span> <span class='ocrx_word' id='word_1_316' title='bbox 2585 1013 2801 1066; x_wconf 85' lang='grc' dir='ltr'>ἀπατῶν</span> <span class='ocrx_word' id='word_1_317' title='bbox 2833 1010 2922 1065; x_wconf 82' lang='grc' dir='ltr'><strong>καὶ</strong></span> <span class='ocrx_word' id='word_1_318' title='bbox 2955 1008 3253 1087; x_wconf 79' lang='grc' dir='ltr'><strong>φενακίζων</strong></span> <span class='ocrx_word' id='word_1_319' title='bbox 3284 1007 3477 1085; x_wconf 83' lang='grc' dir='ltr'><strong>λόγοις</strong></span> 
     </span>
    </p>
   </div>
   <div class='ocr_carea' id='block_1_72' title="bbox 2380 1096 3771 1178">
    <p class='ocr_par' dir='ltr' id='par_1_72' title="bbox 2380 1096 3771 1178">
     <span class='ocr_line' id='line_1_72' title="bbox 2380 1096 3771 1178; baseline -0.002 -21"><span class='ocrx_word' id='word_1_320' title='bbox 2380 1104 2475 1163; x_wconf 79' lang='grc' dir='ltr'><strong>Οἷς</strong></span> <span class='ocrx_word' id='word_1_321' title='bbox 2510 1100 2725 1175; x_wconf 86' lang='grc' dir='ltr'>ἐντύχοι</span> <span class='ocrx_word' id='word_1_322' title='bbox 2754 1102 2803 1175; x_wconf 88' lang='grc' dir='ltr'>γ’</span> <span class='ocrx_word' id='word_1_323' title='bbox 2835 1097 2916 1169; x_wconf 75' lang='grc' dir='ltr'><strong>ἂν,</strong></span> <span class='ocrx_word' id='word_1_324' title='bbox 2947 1103 3068 1161; x_wconf 85' lang='grc' dir='ltr'>τοῖς</span> <span class='ocrx_word' id='word_1_325' title='bbox 3099 1096 3142 1153; x_wconf 89' lang='grc' dir='ltr'>δ’</span> <span class='ocrx_word' id='word_1_326' title='bbox 3175 1099 3367 1152; x_wconf 80' lang='grc' dir='ltr'><strong>ἀποῦσι</strong></span> <span class='ocrx_word' id='word_1_327' title='bbox 3400 1098 3486 1153; x_wconf 84' lang='grc' dir='ltr'><strong>καὶ</strong></span> <span class='ocrx_word' id='word_1_328' title='bbox 3524 1100 3771 1178; x_wconf 86' lang='grc' dir='ltr'>γράφων,</span> 
     </span>
    </p>
   </div>
   <div class='ocr_carea' id='block_1_73' title="bbox 2378 1182 3520 1261">
    <p class='ocr_par' dir='ltr' id='par_1_73' title="bbox 2378 1182 3520 1261">
     <span class='ocr_line' id='line_1_73' title="bbox 2378 1182 3520 1261; baseline -0.004 -17"><span class='ocrx_word' id='word_1_329' title='bbox 2378 1190 2533 1261; x_wconf 69' lang='grc' dir='ltr'>Ὑπὲρ</span> <span class='ocrx_word' id='word_1_330' title='bbox 2566 1191 2894 1259; x_wconf 76' lang='grc' dir='ltr'>κρατοῦντος</span> <span class='ocrx_word' id='word_1_331' title='bbox 2922 1188 3020 1255; x_wconf 80' lang='grc' dir='ltr'><strong>τήν</strong></span> <span class='ocrx_word' id='word_1_332' title='bbox 3052 1182 3259 1241; x_wconf 74' lang='grc' dir='ltr'>ἕλευσιν</span> <span class='ocrx_word' id='word_1_333' title='bbox 3298 1186 3520 1255; x_wconf 85' lang='grc' dir='ltr'>τιθέναι,</span> 
     </span>
    </p>
   </div>
   <div class='ocr_carea' id='block_1_74' title="bbox 2201 1272 3559 1354">
    <p class='ocr_par' dir='ltr' id='par_1_74' title="bbox 2201 1272 3559 1354">
     <span class='ocr_line' id='line_1_74' title="bbox 2201 1272 3559 1354; baseline -0.004 -18"><span class='ocrx_word' id='word_1_334' title='bbox 2201 1280 2340 1336; x_wconf 87' lang='grc'>4865</span> <span class='ocrx_word' id='word_1_335' title='bbox 2382 1278 2482 1334; x_wconf 79' lang='grc' dir='ltr'><strong>Καὶ</strong></span> <span class='ocrx_word' id='word_1_336' title='bbox 2510 1282 2606 1333; x_wconf 77' lang='grc' dir='ltr'>τοῦ</span> <span class='ocrx_word' id='word_1_337' title='bbox 2636 1282 2820 1354; x_wconf 78' lang='grc' dir='ltr'>φυγεῖν</span> <span class='ocrx_word' id='word_1_338' title='bbox 2852 1273 3095 1331; x_wconf 90' lang='grc' dir='ltr'>κίνδυνον</span> <span class='ocrx_word' id='word_1_339' title='bbox 3124 1272 3357 1349; x_wconf 76' lang='grc' dir='ltr'>ἓρποντα</span> <span class='ocrx_word' id='word_1_340' title='bbox 3386 1273 3559 1330; x_wconf 91' lang='grc' dir='ltr'>θέλειν</span> 
     </span>
    </p>
   </div>
   <div class='ocr_carea' id='block_1_75' title="bbox 2379 1363 3416 1439">
    <p class='ocr_par' dir='ltr' id='par_1_75' title="bbox 2379 1363 3416 1439">
     <span class='ocr_line' id='line_1_75' title="bbox 2379 1363 3416 1439; baseline -0.006 -17"><span class='ocrx_word' id='word_1_341' title='bbox 2379 1369 2604 1423; x_wconf 81' lang='grc' dir='ltr'>Ἀνακτι</span> <span class='ocrx_word' id='word_1_342' title='bbox 2631 1363 2771 1438; x_wconf 79' lang='grc' dir='ltr'>τῷδε</span> <span class='ocrx_word' id='word_1_343' title='bbox 2794 1365 2953 1421; x_wconf 80' lang='grc' dir='ltr'>τοῦδε</span> <span class='ocrx_word' id='word_1_344' title='bbox 2982 1368 3049 1438; x_wconf 81' lang='grc' dir='ltr'><strong>τῇ</strong></span> <span class='ocrx_word' id='word_1_345' title='bbox 3082 1363 3369 1439; x_wconf 78' lang='grc' dir='ltr'>συμμαχίᾳ</span> <span class='ocrx_word' id='word_1_346' title='bbox 3402 1382 3416 1397; x_wconf 86' lang='grc'><strong>·</strong></span> 
     </span>
    </p>
   </div>
   <div class='ocr_carea' id='block_1_76' title="bbox 2381 1448 3513 1532">
    <p class='ocr_par' dir='ltr' id='par_1_76' title="bbox 2381 1448 3513 1532">
     <span class='ocr_line' id='line_1_76' title="bbox 2381 1448 3513 1532; baseline -0.005 -21"><span class='ocrx_word' id='word_1_347' title='bbox 2381 1456 2478 1512; x_wconf 78' lang='grc' dir='ltr'>Καὶ</span> <span class='ocrx_word' id='word_1_348' title='bbox 2506 1459 2603 1511; x_wconf 77' lang='grc' dir='ltr'>τοῦ</span> <span class='ocrx_word' id='word_1_349' title='bbox 2634 1453 2863 1532; x_wconf 82' lang='grc' dir='ltr'>φυλάξαι</span> <span class='ocrx_word' id='word_1_350' title='bbox 2900 1448 3121 1529; x_wconf 72' lang='grc' dir='ltr'>βιϐλίον</span> <span class='ocrx_word' id='word_1_351' title='bbox 3152 1459 3261 1507; x_wconf 88' lang='grc' dir='ltr'><strong>τῶν</strong></span> <span class='ocrx_word' id='word_1_352' title='bbox 3293 1452 3513 1529; x_wconf 80' lang='grc' dir='ltr'>ὁρκίων,</span> 
     </span>
    </p>
   </div>
   <div class='ocr_carea' id='block_1_77' title="bbox 2376 1540 3548 1619">
    <p class='ocr_par' dir='ltr' id='par_1_77' title="bbox 2376 1540 3548 1619">
     <span class='ocr_line' id='line_1_77' title="bbox 2376 1540 3548 1619; baseline -0.007 -17"><span class='ocrx_word' id='word_1_353' title='bbox 2376 1548 2441 1602; x_wconf 63' lang='grc' dir='ltr'>Ὀ</span> <span class='ocrx_word' id='word_1_354' title='bbox 2472 1544 2608 1617; x_wconf 87' lang='grc' dir='ltr'>πρὸς</span> <span class='ocrx_word' id='word_1_355' title='bbox 2642 1542 2884 1619; x_wconf 81' lang='grc' dir='ltr'>βασιλεῖς</span> <span class='ocrx_word' id='word_1_356' title='bbox 2915 1542 2981 1611; x_wconf 79' lang='grc' dir='ltr'><strong>ἦν</strong></span> <span class='ocrx_word' id='word_1_357' title='bbox 3011 1541 3323 1615; x_wconf 81' lang='grc' dir='ltr'>ὀμωμοκὼς</span> <span class='ocrx_word' id='word_1_358' title='bbox 3356 1540 3548 1612; x_wconf 82' lang='grc' dir='ltr'>πάλαι,</span> 
     </span>
    </p>
   </div>
   <div class='ocr_carea' id='block_1_78' title="bbox 2375 1628 3582 1707">
    <p class='ocr_par' dir='ltr' id='par_1_78' title="bbox 2375 1628 3582 1707">
     <span class='ocr_line' id='line_1_78' title="bbox 2375 1628 3582 1707; baseline -0.001 -20"><span class='ocrx_word' id='word_1_359' title='bbox 2375 1637 2499 1689; x_wconf 86' lang='grc' dir='ltr'>Ὅτε</span> <span class='ocrx_word' id='word_1_360' title='bbox 2529 1631 2835 1707; x_wconf 81' lang='grc' dir='ltr'>προσῆλθεν</span> <span class='ocrx_word' id='word_1_361' title='bbox 2869 1628 3047 1686; x_wconf 74' lang='grc' dir='ltr'>ἄνακτ’</span> <span class='ocrx_word' id='word_1_362' title='bbox 3077 1630 3134 1686; x_wconf 87' lang='grc' dir='ltr'><strong>ἐκ</strong></span> <span class='ocrx_word' id='word_1_363' title='bbox 3163 1639 3260 1701; x_wconf 79' lang='grc' dir='ltr'><strong>τῆς</strong></span> <span class='ocrx_word' id='word_1_364' title='bbox 3292 1629 3535 1694; x_wconf 85' lang='grc' dir='ltr'>Χαλδίας</span> <span class='ocrx_word' id='word_1_365' title='bbox 3567 1649 3582 1665; x_wconf 86' lang='grc'>⁶</span> 
     </span>
    </p>
   </div>
   <div class='ocr_carea' id='block_1_79' title="bbox 2203 1717 3475 1799">
    <p class='ocr_par' dir='ltr' id='par_1_79' title="bbox 2203 1717 3475 1799">
     <span class='ocr_line' id='line_1_79' title="bbox 2203 1717 3475 1799; baseline -0.003 -20"><span class='ocrx_word' id='word_1_366' title='bbox 2203 1725 2342 1780; x_wconf 81' lang='grc'>4870</span> <span class='ocrx_word' id='word_1_367' title='bbox 2379 1727 2568 1777; x_wconf 77' lang='grc' dir='ltr'>τοῦτον</span> <span class='ocrx_word' id='word_1_368' title='bbox 2600 1722 2699 1797; x_wconf 80' lang='grc' dir='ltr'><strong>γὰρ</strong></span> <span class='ocrx_word' id='word_1_369' title='bbox 2727 1719 3074 1796; x_wconf 79' lang='grc' dir='ltr'>Ἀνδρόνικον</span> <span class='ocrx_word' id='word_1_370' title='bbox 3106 1717 3235 1776; x_wconf 72' lang='grc' dir='ltr'>ὄντα</span> <span class='ocrx_word' id='word_1_371' title='bbox 3265 1718 3475 1799; x_wconf 79' lang='grc' dir='ltr'>φυγάδα</span> 
     </span>
    </p>
   </div>
   <div class='ocr_carea' id='block_1_80' title="bbox 2378 1806 3557 1883">
    <p class='ocr_par' dir='ltr' id='par_1_80' title="bbox 2378 1806 3557 1883">
     <span class='ocr_line' id='line_1_80' title="bbox 2378 1806 3557 1883; baseline -0.001 -18"><span class='ocrx_word' id='word_1_372' title='bbox 2378 1813 2578 1869; x_wconf 80' lang='grc' dir='ltr'>Ἐθνῶν</span> <span class='ocrx_word' id='word_1_373' title='bbox 2608 1829 2666 1864; x_wconf 89' lang='grc' dir='ltr'><strong>τε</strong></span> <span class='ocrx_word' id='word_1_374' title='bbox 2694 1807 2921 1864; x_wconf 79' lang='grc' dir='ltr'>πολλῶν</span> <span class='ocrx_word' id='word_1_375' title='bbox 2953 1806 3308 1883; x_wconf 75' lang='grc' dir='ltr'>διαμείψαντα</span> <span class='ocrx_word' id='word_1_376' title='bbox 3336 1809 3557 1878; x_wconf 81' lang='grc' dir='ltr'>τόπους,</span> 
     </span>
    </p>
   </div>
   <div class='ocr_carea' id='block_1_81' title="bbox 2380 1896 3616 1973">
    <p class='ocr_par' dir='ltr' id='par_1_81' title="bbox 2380 1896 3616 1973">
     <span class='ocr_line' id='line_1_81' title="bbox 2380 1896 3616 1973; baseline -0.002 -18"><span class='ocrx_word' id='word_1_377' title='bbox 2380 1901 2529 1973; x_wconf 71' lang='grc' dir='ltr'>Παρὰ</span> <span class='ocrx_word' id='word_1_378' title='bbox 2561 1897 2605 1953; x_wconf 90' lang='grc' dir='ltr'>δ’</span> <span class='ocrx_word' id='word_1_379' title='bbox 2636 1897 2928 1973; x_wconf 82' lang='grc' dir='ltr'>Ἀλτούχῳ</span> <span class='ocrx_word' id='word_1_380' title='bbox 2958 1898 3036 1971; x_wconf 72' lang='grc' dir='ltr'><strong>τῷ</strong></span> <span class='ocrx_word' id='word_1_381' title='bbox 3066 1902 3349 1973; x_wconf 77' lang='grc' dir='ltr'>κρατοῦντι</span> <span class='ocrx_word' id='word_1_382' title='bbox 3382 1896 3616 1961; x_wconf 85' lang='grc' dir='ltr'>Χαλδίας</span> 
     </span>
    </p>
   </div>
   <div class='ocr_carea' id='block_1_82' title="bbox 2379 1985 3430 2061">
    <p class='ocr_par' dir='ltr' id='par_1_82' title="bbox 2379 1985 3430 2061">
     <span class='ocr_line' id='line_1_82' title="bbox 2379 1985 3430 2061; baseline -0.001 -18"><span class='ocrx_word' id='word_1_383' title='bbox 2379 1988 2547 2051; x_wconf 79' lang='grc' dir='ltr'>Τέλος</span> <span class='ocrx_word' id='word_1_384' title='bbox 2571 1986 2945 2044; x_wconf 82' lang='grc' dir='ltr'>καταλύσαντα</span> <span class='ocrx_word' id='word_1_385' title='bbox 2970 1985 3057 2042; x_wconf 75' lang='grc' dir='ltr'><strong>καὶ</strong></span> <span class='ocrx_word' id='word_1_386' title='bbox 3090 1987 3430 2061; x_wconf 69' lang='grc' dir='ltr'>πεπαυμένον</span> 
     </span>
    </p>
   </div>
   <div class='ocr_carea' id='block_1_83' title="bbox 2379 2074 3631 2153">
    <p class='ocr_par' dir='ltr' id='par_1_83' title="bbox 2379 2074 3631 2153">
     <span class='ocr_line' id='line_1_83' title="bbox 2379 2074 3631 2153; baseline -0.002 -18"><span class='ocrx_word' id='word_1_387' title='bbox 2379 2078 2551 2148; x_wconf 80' lang='grc' dir='ltr'>’Ἄλης</span> <span class='ocrx_word' id='word_1_388' title='bbox 2580 2100 2637 2133; x_wconf 90' lang='grc' dir='ltr'><strong>τε</strong></span> <span class='ocrx_word' id='word_1_389' title='bbox 2662 2082 2855 2151; x_wconf 74' lang='grc' dir='ltr'>πικρᾶς</span> <span class='ocrx_word' id='word_1_390' title='bbox 2887 2076 2974 2131; x_wconf 81' lang='grc' dir='ltr'><strong>καὶ</strong></span> <span class='ocrx_word' id='word_1_391' title='bbox 3008 2080 3225 2151; x_wconf 78' lang='grc' dir='ltr'>μακρῶν</span> <span class='ocrx_word' id='word_1_392' title='bbox 3263 2074 3631 2153; x_wconf 81' lang='grc' dir='ltr'>περιδρομῶν,</span> 
     </span>
    </p>
   </div>
   <div class='ocr_carea' id='block_1_84' title="bbox 2206 2166 3456 2250">
    <p class='ocr_par' dir='ltr' id='par_1_84' title="bbox 2206 2166 3456 2250">
     <span class='ocr_line' id='line_1_84' title="bbox 2206 2166 3456 2250; baseline -0.003 -16"><span class='ocrx_word' id='word_1_393' title='bbox 2206 2172 2345 2234; x_wconf 89' lang='grc'>4875</span> <span class='ocrx_word' id='word_1_394' title='bbox 2382 2174 2777 2235; x_wconf 84' lang='grc' dir='ltr'>Μετακαλεῖται</span> <span class='ocrx_word' id='word_1_395' title='bbox 2809 2166 3074 2243; x_wconf 73' lang='grc' dir='ltr'>Μανουήλ</span> <span class='ocrx_word' id='word_1_396' title='bbox 3108 2171 3456 2250; x_wconf 78' lang='grc' dir='ltr'>αὐτοκράτωρ</span> 
     </span>
    </p>
   </div>
   <div class='ocr_carea' id='block_1_85' title="bbox 2380 2256 3432 2339">
    <p class='ocr_par' dir='ltr' id='par_1_85' title="bbox 2380 2256 3432 2339">
     <span class='ocr_line' id='line_1_85' title="bbox 2380 2256 3432 2339; baseline -0.001 -21"><span class='ocrx_word' id='word_1_397' title='bbox 2380 2264 2476 2319; x_wconf 82' lang='grc' dir='ltr'><strong>Καὶ</strong></span> <span class='ocrx_word' id='word_1_398' title='bbox 2510 2260 2771 2334; x_wconf 74' lang='grc' dir='ltr'>δεξιοῦται</span> <span class='ocrx_word' id='word_1_399' title='bbox 2802 2256 3028 2337; x_wconf 80' lang='grc' dir='ltr'>δωρεαῖς</span> <span class='ocrx_word' id='word_1_400' title='bbox 3059 2261 3432 2339; x_wconf 79' lang='grc' dir='ltr'>φιλοφρόνως,</span> 
     </span>
    </p>
   </div>
   <div class='ocr_carea' id='block_1_86' title="bbox 2382 2349 3563 2429">
    <p class='ocr_par' dir='ltr' id='par_1_86' title="bbox 2382 2349 3563 2429">
     <span class='ocr_line' id='line_1_86' title="bbox 2382 2349 3563 2429; baseline -0.003 -19"><span class='ocrx_word' id='word_1_401' title='bbox 2382 2355 2479 2411; x_wconf 78' lang='grc' dir='ltr'>Καὶ</span> <span class='ocrx_word' id='word_1_402' title='bbox 2513 2352 2648 2429; x_wconf 86' lang='grc' dir='ltr'>πρὸς</span> <span class='ocrx_word' id='word_1_403' title='bbox 2676 2351 2836 2407; x_wconf 88' lang='grc' dir='ltr'>πόλιν</span> <span class='ocrx_word' id='word_1_404' title='bbox 2871 2350 3058 2409; x_wconf 78' lang='grc' dir='ltr'><strong>Οἷ¹νεον</strong></span> <span class='ocrx_word' id='word_1_405' title='bbox 3094 2350 3306 2419; x_wconf 82' lang='grc' dir='ltr'>στέλΛει</span> <span class='ocrx_word' id='word_1_406' title='bbox 3339 2349 3563 2426; x_wconf 79' lang='grc' dir='ltr'>διάγειν,</span> 
     </span>
    </p>
   </div>
   <div class='ocr_carea' id='block_1_87' title="bbox 2378 2440 3711 2518">
    <p class='ocr_par' dir='ltr' id='par_1_87' title="bbox 2378 2440 3711 2518">
     <span class='ocr_line' id='line_1_87' title="bbox 2378 2440 3711 2518; baseline 0 -21"><span class='ocrx_word' id='word_1_407' title='bbox 2378 2446 2607 2515; x_wconf 77' lang='grc' dir='ltr'>’Ὀρκους</span> <span class='ocrx_word' id='word_1_408' title='bbox 2639 2442 2772 2516; x_wconf 84' lang='grc' dir='ltr'>πρὸς</span> <span class='ocrx_word' id='word_1_409' title='bbox 2808 2440 2970 2495; x_wconf 76' lang='grc' dir='ltr'>αὐτοῦ</span> <span class='ocrx_word' id='word_1_410' title='bbox 3001 2440 3123 2514; x_wconf 90' lang='grc' dir='ltr'>πρίν</span> <span class='ocrx_word' id='word_1_411' title='bbox 3156 2462 3218 2516; x_wconf 89' lang='grc' dir='ltr'><strong>γε</strong></span> <span class='ocrx_word' id='word_1_412' title='bbox 3247 2440 3711 2518; x_wconf 72' lang='grc' dir='ltr'>προσδεδεγμένος</span> 
     </span>
    </p>
   </div>
   <div class='ocr_carea' id='block_1_88' title="bbox 2382 2528 3553 2607">
    <p class='ocr_par' dir='ltr' id='par_1_88' title="bbox 2382 2528 3553 2607">
     <span class='ocr_line' id='line_1_88' title="bbox 2382 2528 3553 2607; baseline 0.001 -24"><span class='ocrx_word' id='word_1_413' title='bbox 2382 2532 2577 2606; x_wconf 86' lang='grc' dir='ltr'>Ὀρθῆς</span> <span class='ocrx_word' id='word_1_414' title='bbox 2608 2531 2741 2603; x_wconf 81' lang='grc' dir='ltr'>πρὸς</span> <span class='ocrx_word' id='word_1_415' title='bbox 2776 2529 2932 2584; x_wconf 78' lang='grc' dir='ltr'>αὐτὸν</span> <span class='ocrx_word' id='word_1_416' title='bbox 2966 2530 3175 2603; x_wconf 79' lang='grc' dir='ltr'>ἀγάπης</span> <span class='ocrx_word' id='word_1_417' title='bbox 3204 2529 3293 2584; x_wconf 78' lang='grc' dir='ltr'>καὶ</span> <span class='ocrx_word' id='word_1_418' title='bbox 3326 2528 3508 2607; x_wconf 80' lang='grc' dir='ltr'>φιλίας</span> <span class='ocrx_word' id='word_1_419' title='bbox 3542 2550 3553 2562; x_wconf 89' lang='grc'>·</span> 
     </span>
    </p>
   </div>
   <div class='ocr_carea' id='block_1_89' title="bbox 2206 2615 3452 2694">
    <p class='ocr_par' dir='ltr' id='par_1_89' title="bbox 2206 2615 3452 2694">
     <span class='ocr_line' id='line_1_89' title="bbox 2206 2615 3452 2694; baseline -0.004 -16"><span class='ocrx_word' id='word_1_420' title='bbox 2206 2623 2340 2678; x_wconf 91' lang='grc'>4880</span> <span class='ocrx_word' id='word_1_421' title='bbox 2378 2621 2585 2677; x_wconf 86' lang='grc' dir='ltr'>Ἕπειτ’</span> <span class='ocrx_word' id='word_1_422' title='bbox 2610 2619 2837 2693; x_wconf 82' lang='grc' dir='ltr'>ἀπῆρεν,</span> <span class='ocrx_word' id='word_1_423' title='bbox 2870 2617 2943 2680; x_wconf 86' lang='grc' dir='ltr'><strong>ὡς</strong></span> <span class='ocrx_word' id='word_1_424' title='bbox 2972 2615 3126 2694; x_wconf 71' lang='grc' dir='ltr'>ἔφην,</span> <span class='ocrx_word' id='word_1_425' title='bbox 3158 2619 3208 2688; x_wconf 81' lang='grc' dir='ltr'>ἐξ</span> <span class='ocrx_word' id='word_1_426' title='bbox 3235 2617 3452 2676; x_wconf 77' lang='grc' dir='ltr'>Οἷ’ναίου</span> 
     </span>
    </p>
   </div>
   <div class='ocr_carea' id='block_1_90' title="bbox 2378 2705 3576 2784">
    <p class='ocr_par' dir='ltr' id='par_1_90' title="bbox 2378 2705 3576 2784">
     <span class='ocr_line' id='line_1_90' title="bbox 2378 2705 3576 2784; baseline -0.001 -20"><span class='ocrx_word' id='word_1_427' title='bbox 2378 2710 2665 2780; x_wconf 84' lang='grc' dir='ltr'>Κομνηνὸς</span> <span class='ocrx_word' id='word_1_428' title='bbox 2698 2705 3046 2783; x_wconf 83' lang='grc' dir='ltr'>Ἀνδρόνικος</span> <span class='ocrx_word' id='word_1_429' title='bbox 3075 2707 3313 2784; x_wconf 79' lang='grc' dir='ltr'>Σίσυφος</span> <span class='ocrx_word' id='word_1_430' title='bbox 3341 2708 3576 2783; x_wconf 86' lang='grc' dir='ltr'>τρόπους</span> 
     </span>
    </p>
   </div>
   <div class='ocr_carea' id='block_1_91' title="bbox 2377 2786 3556 2874">
    <p class='ocr_par' dir='ltr' id='par_1_91' title="bbox 2377 2786 3556 2874">
     <span class='ocr_line' id='line_1_91' title="bbox 2377 2786 3556 2874; baseline 0 -23"><span class='ocrx_word' id='word_1_431' title='bbox 2377 2798 2567 2870; x_wconf 85' lang='grc' dir='ltr'>Χώρας</span> <span class='ocrx_word' id='word_1_432' title='bbox 2602 2795 2817 2857; x_wconf 79' lang='grc' dir='ltr'>ἐπιστάς</span> <span class='ocrx_word' id='word_1_433' title='bbox 2848 2801 2962 2858; x_wconf 83' lang='grc' dir='ltr'>τοῖς</span> <span class='ocrx_word' id='word_1_434' title='bbox 2994 2786 3141 2869; x_wconf 66' lang='grc' dir='ltr'>ὅροις</span> <span class='ocrx_word' id='word_1_435' title='bbox 3170 2794 3556 2874; x_wconf 79' lang='grc' dir='ltr'>Παφλαγόνων,</span> 
     </span>
    </p>
   </div>
   <div class='ocr_carea' id='block_1_92' title="bbox 2381 2876 3509 2962">
    <p class='ocr_par' dir='ltr' id='par_1_92' title="bbox 2381 2876 3509 2962">
     <span class='ocr_line' id='line_1_92' title="bbox 2381 2876 3509 2962; baseline -0.002 -21"><span class='ocrx_word' id='word_1_436' title='bbox 2381 2883 2629 2946; x_wconf 76' lang='grc' dir='ltr'>Πολλοὺς</span> <span class='ocrx_word' id='word_1_437' title='bbox 2664 2876 2998 2939; x_wconf 74' lang='grc' dir='ltr'>ἐπεσπάσατο</span> <span class='ocrx_word' id='word_1_438' title='bbox 3028 2884 3163 2959; x_wconf 86' lang='grc' dir='ltr'>πρὸς</span> <span class='ocrx_word' id='word_1_439' title='bbox 3191 2888 3509 2962; x_wconf 78' lang='grc' dir='ltr'>συμμαχίαν</span> 
     </span>
    </p>
   </div>
   <div class='ocr_carea' id='block_1_93' title="bbox 2376 2966 3425 3048">
    <p class='ocr_par' dir='ltr' id='par_1_93' title="bbox 2376 2966 3425 3048">
     <span class='ocr_line' id='line_1_93' title="bbox 2376 2966 3425 3048; baseline 0 -20"><span class='ocrx_word' id='word_1_440' title='bbox 2376 2978 2473 3028; x_wconf 80' lang='grc' dir='ltr'><strong>Καὶ</strong></span> <span class='ocrx_word' id='word_1_441' title='bbox 2506 2973 2814 3048; x_wconf 87' lang='grc' dir='ltr'>συνερίθους</span> <span class='ocrx_word' id='word_1_442' title='bbox 2843 2980 2939 3042; x_wconf 79' lang='grc' dir='ltr'>τῆς</span> <span class='ocrx_word' id='word_1_443' title='bbox 2972 2972 3162 3028; x_wconf 73' lang='grc' dir='ltr'>ἑαυτοῦ</span> <span class='ocrx_word' id='word_1_444' title='bbox 3191 2966 3378 3035; x_wconf 86' lang='grc' dir='ltr'>κακίας</span> <span class='ocrx_word' id='word_1_445' title='bbox 3414 2996 3425 3007; x_wconf 93' lang='grc'><strong>·</strong></span> 
     </span>
    </p>
   </div>
   <div class='ocr_carea' id='block_1_94' title="bbox 2201 3057 3520 3139">
    <p class='ocr_par' dir='ltr' id='par_1_94' title="bbox 2201 3057 3520 3139">
     <span class='ocr_line' id='line_1_94' title="bbox 2201 3057 3520 3139; baseline -0.002 -17"><span class='ocrx_word' id='word_1_446' title='bbox 2201 3067 2339 3122; x_wconf 89' lang='grc'>4885</span> <span class='ocrx_word' id='word_1_447' title='bbox 2378 3065 2509 3127; x_wconf 82' lang='grc' dir='ltr'>Μεθ’</span> <span class='ocrx_word' id='word_1_448' title='bbox 2541 3065 2613 3117; x_wconf 81' lang='grc' dir='ltr'><strong>ὧν</strong></span> <span class='ocrx_word' id='word_1_449' title='bbox 2646 3061 2812 3117; x_wconf 87' lang='grc' dir='ltr'>ἐπιὼν</span> <span class='ocrx_word' id='word_1_450' title='bbox 2846 3063 3018 3117; x_wconf 83' lang='grc' dir='ltr'>πάντα</span> <span class='ocrx_word' id='word_1_451' title='bbox 3047 3068 3219 3117; x_wconf 88' lang='grc' dir='ltr'>κυκῶν</span> <span class='ocrx_word' id='word_1_452' title='bbox 3257 3057 3520 3139; x_wconf 75' lang='grc' dir='ltr'>ἐστρόϐει,</span> 
     </span>
    </p>
   </div>
   <div class='ocr_carea' id='block_1_95' title="bbox 2378 3151 3509 3229">
    <p class='ocr_par' dir='ltr' id='par_1_95' title="bbox 2378 3151 3509 3229">
     <span class='ocr_line' id='line_1_95' title="bbox 2378 3151 3509 3229; baseline 0.001 -21"><span class='ocrx_word' id='word_1_453' title='bbox 2378 3154 2474 3208; x_wconf 78' lang='grc' dir='ltr'><strong>Καὶ</strong></span> <span class='ocrx_word' id='word_1_454' title='bbox 2509 3151 2725 3226; x_wconf 81' lang='grc' dir='ltr'>μᾶλλον</span> <span class='ocrx_word' id='word_1_455' title='bbox 2761 3151 2906 3227; x_wconf 84' lang='grc' dir='ltr'>ᾧπερ</span> <span class='ocrx_word' id='word_1_456' title='bbox 2940 3152 3215 3228; x_wconf 79' lang='grc' dir='ltr'>προύτίθει</span> <span class='ocrx_word' id='word_1_457' title='bbox 3250 3151 3509 3229; x_wconf 84' lang='grc' dir='ltr'>δελητίῳ,</span> 
     </span>
    </p>
   </div>
   <div class='ocr_carea' id='block_1_96' title="bbox 2371 3240 3389 3320">
    <p class='ocr_par' dir='ltr' id='par_1_96' title="bbox 2371 3240 3389 3320">
     <span class='ocr_line' id='line_1_96' title="bbox 2371 3240 3389 3320; baseline 0.001 -24"><span class='ocrx_word' id='word_1_458' title='bbox 2371 3244 2459 3307; x_wconf 84' lang='grc' dir='ltr'>Ὡς</span> <span class='ocrx_word' id='word_1_459' title='bbox 2489 3242 2619 3318; x_wconf 73' lang='grc' dir='ltr'>ὑπὲρ</span> <span class='ocrx_word' id='word_1_460' title='bbox 2652 3240 2813 3297; x_wconf 79' lang='grc' dir='ltr'>αὐτοῦ</span> <span class='ocrx_word' id='word_1_461' title='bbox 2842 3245 2936 3297; x_wconf 77' lang='grc' dir='ltr'><strong>τοῦ</strong></span> <span class='ocrx_word' id='word_1_462' title='bbox 2968 3243 3089 3296; x_wconf 86' lang='grc' dir='ltr'>νέου</span> <span class='ocrx_word' id='word_1_463' title='bbox 3115 3242 3389 3320; x_wconf 37' lang='grc' dir='ltr'>βασιλέως-</span> 
     </span>
    </p>
   </div>
   <div class='ocr_carea' id='block_1_97' title="bbox 2371 3320 3579 3408">
    <p class='ocr_par' dir='ltr' id='par_1_97' title="bbox 2371 3320 3579 3408">
     <span class='ocr_line' id='line_1_97' title="bbox 2371 3320 3579 3408; baseline 0.001 -20"><span class='ocrx_word' id='word_1_464' title='bbox 2371 3335 2617 3388; x_wconf 76' lang='grc' dir='ltr'>’Ἁπαντα</span> <span class='ocrx_word' id='word_1_465' title='bbox 2646 3331 2734 3385; x_wconf 75' lang='grc' dir='ltr'><strong>καὶ</strong></span> <span class='ocrx_word' id='word_1_466' title='bbox 2766 3320 2891 3404; x_wconf 82' lang='grc' dir='ltr'>δρᾷν</span> <span class='ocrx_word' id='word_1_467' title='bbox 2929 3336 3228 3406; x_wconf 77' lang='grc' dir='ltr'>μηχανῷτο</span> <span class='ocrx_word' id='word_1_468' title='bbox 3258 3332 3346 3387; x_wconf 79' lang='grc' dir='ltr'><strong>καὶ</strong></span> <span class='ocrx_word' id='word_1_469' title='bbox 3379 3329 3579 3408; x_wconf 88' lang='grc' dir='ltr'>λέγειν.</span> 
     </span>
    </p>
   </div>
   <div class='ocr_carea' id='block_1_98' title="bbox 2372 3408 3507 3495">
    <p class='ocr_par' dir='ltr' id='par_1_98' title="bbox 2372 3408 3507 3495">
     <span class='ocr_line' id='line_1_98' title="bbox 2372 3408 3507 3495; baseline 0.003 -21"><span class='ocrx_word' id='word_1_470' title='bbox 2372 3414 2825 3495; x_wconf 73' lang='grc' dir='ltr'>Ηρωτοσεϐαστὸς</span> <span class='ocrx_word' id='word_1_471' title='bbox 2859 3408 2905 3475; x_wconf 55' lang='grc' dir='ltr'><strong>δἱ</strong></span> <span class='ocrx_word' id='word_1_472' title='bbox 2935 3420 2999 3490; x_wconf 74' lang='grc' dir='ltr'>ἦν</span> <span class='ocrx_word' id='word_1_473' title='bbox 3032 3417 3194 3475; x_wconf 88' lang='grc' dir='ltr'>πάλιν</span> <span class='ocrx_word' id='word_1_474' title='bbox 3232 3422 3507 3493; x_wconf 84' lang='grc' dir='ltr'>μισητέος,</span> 
     </span>
    </p>
   </div>
   <div class='ocr_carea' id='block_1_99' title="bbox 2199 3514 3499 3594">
    <p class='ocr_par' dir='ltr' id='par_1_99' title="bbox 2199 3514 3499 3594">
     <span class='ocr_line' id='line_1_99' title="bbox 2199 3514 3499 3594; baseline -0.003 -17"><span class='ocrx_word' id='word_1_475' title='bbox 2199 3522 2338 3577; x_wconf 88' lang='grc'>4890</span> <span class='ocrx_word' id='word_1_476' title='bbox 2377 3519 2477 3575; x_wconf 84' lang='grc' dir='ltr'>Καὶ</span> <span class='ocrx_word' id='word_1_477' title='bbox 2508 3524 2667 3572; x_wconf 78' lang='grc' dir='ltr'>πᾶσιν</span> <span class='ocrx_word' id='word_1_478' title='bbox 2699 3518 3036 3593; x_wconf 86' lang='grc' dir='ltr'>ἀπόστοργος</span> <span class='ocrx_word' id='word_1_479' title='bbox 3068 3516 3127 3572; x_wconf 88' lang='grc' dir='ltr'><strong>ἐκ</strong></span> <span class='ocrx_word' id='word_1_480' title='bbox 3151 3514 3499 3594; x_wconf 80' lang='grc' dir='ltr'>δυσπραξίας.</span> 
     </span>
    </p>
   </div>
   <div class='ocr_carea' id='block_1_100' title="bbox 2373 3605 3590 3683">
    <p class='ocr_par' dir='ltr' id='par_1_100' title="bbox 2373 3605 3590 3683">
     <span class='ocr_line' id='line_1_100' title="bbox 2373 3605 3590 3683; baseline 0.002 -21"><span class='ocrx_word' id='word_1_481' title='bbox 2373 3608 2461 3669; x_wconf 78' lang='grc' dir='ltr'>Ὠς</span> <span class='ocrx_word' id='word_1_482' title='bbox 2492 3611 2597 3661; x_wconf 87' lang='grc' dir='ltr'><strong>τῶν</strong></span> <span class='ocrx_word' id='word_1_483' title='bbox 2630 3607 2745 3670; x_wconf 90' lang='grc' dir='ltr'>καθ’</span> <span class='ocrx_word' id='word_1_484' title='bbox 2772 3605 2932 3661; x_wconf 80' lang='grc' dir='ltr'>αὐτὸν</span> <span class='ocrx_word' id='word_1_485' title='bbox 2969 3607 3277 3679; x_wconf 80' lang='grc' dir='ltr'>ὑπερόπτης</span> <span class='ocrx_word' id='word_1_486' title='bbox 3306 3608 3590 3683; x_wconf 85' lang='grc' dir='ltr'>τυγχάνων</span> 
     </span>
    </p>
   </div>
   <div class='ocr_carea' id='block_1_101' title="bbox 2379 3692 3529 3773">
    <p class='ocr_par' dir='ltr' id='par_1_101' title="bbox 2379 3692 3529 3773">
     <span class='ocr_line' id='line_1_101' title="bbox 2379 3692 3529 3773; baseline 0.001 -23"><span class='ocrx_word' id='word_1_487' title='bbox 2379 3697 2479 3753; x_wconf 80' lang='grc' dir='ltr'><strong>Καὶ</strong></span> <span class='ocrx_word' id='word_1_488' title='bbox 2515 3692 2794 3772; x_wconf 87' lang='grc' dir='ltr'>βασιλείας</span> <span class='ocrx_word' id='word_1_489' title='bbox 2827 3696 3035 3771; x_wconf 83' lang='grc' dir='ltr'>ἀνέχων</span> <span class='ocrx_word' id='word_1_490' title='bbox 3066 3697 3161 3758; x_wconf 77' lang='grc' dir='ltr'>τὰς</span> <span class='ocrx_word' id='word_1_491' title='bbox 3193 3695 3479 3773; x_wconf 80' lang='grc' dir='ltr'>φροντίδας</span> <span class='ocrx_word' id='word_1_492' title='bbox 3516 3718 3529 3730; x_wconf 86' lang='grc'><strong>·</strong></span> 
     </span>
    </p>
   </div>
   <div class='ocr_carea' id='block_1_102' title="bbox 2373 3783 3515 3861">
    <p class='ocr_par' dir='ltr' id='par_1_102' title="bbox 2373 3783 3515 3861">
     <span class='ocr_line' id='line_1_102' title="bbox 2373 3783 3515 3861; baseline 0 -20"><span class='ocrx_word' id='word_1_493' title='bbox 2373 3783 2541 3842; x_wconf 71' lang='grc' dir='ltr'>Οὐδὲν</span> <span class='ocrx_word' id='word_1_494' title='bbox 2574 3786 2673 3860; x_wconf 67' lang='grc' dir='ltr'><strong>γὰρ</strong></span> <span class='ocrx_word' id='word_1_495' title='bbox 2708 3785 2847 3853; x_wconf 85' lang='grc' dir='ltr'>ὑπῆν</span> <span class='ocrx_word' id='word_1_496' title='bbox 2882 3791 2981 3854; x_wconf 84' lang='grc' dir='ltr'><strong>τῆς</strong></span> <span class='ocrx_word' id='word_1_497' title='bbox 3013 3784 3515 3861; x_wconf 80' lang='grc' dir='ltr'>δΛης,κραταρχίας</span> 
     </span>
    </p>
   </div>
   <div class='ocr_carea' id='block_1_103' title="bbox 2375 3871 3449 3947">
    <p class='ocr_par' dir='ltr' id='par_1_103' title="bbox 2375 3871 3449 3947">
     <span class='ocr_line' id='line_1_103' title="bbox 2375 3871 3449 3947; baseline -0.002 -16"><span class='ocrx_word' id='word_1_498' title='bbox 2375 3875 2442 3931; x_wconf 90' lang='grc' dir='ltr'><strong>Ὃ</strong></span> <span class='ocrx_word' id='word_1_499' title='bbox 2476 3875 2550 3947; x_wconf 83' lang='grc' dir='ltr'>μὴ</span> <span class='ocrx_word' id='word_1_500' title='bbox 2586 3871 2896 3947; x_wconf 80' lang='grc' dir='ltr'>διεξήνυστο</span> <span class='ocrx_word' id='word_1_501' title='bbox 2926 3872 3084 3929; x_wconf 78' lang='grc' dir='ltr'>τοῦδε</span> <span class='ocrx_word' id='word_1_502' title='bbox 3113 3877 3191 3945; x_wconf 83' lang='grc' dir='ltr'>τῷ</span> <span class='ocrx_word' id='word_1_503' title='bbox 3222 3873 3405 3947; x_wconf 79' lang='grc' dir='ltr'>κράτει</span> <span class='ocrx_word' id='word_1_504' title='bbox 3437 3894 3449 3907; x_wconf 90' lang='grc'><strong>·</strong></span> 
     </span>
    </p>
   </div>
   <div class='ocr_carea' id='block_1_104' title="bbox 2202 3958 3515 4034">
    <p class='ocr_par' dir='ltr' id='par_1_104' title="bbox 2202 3958 3515 4034">
     <span class='ocr_line' id='line_1_104' title="bbox 2202 3958 3515 4034; baseline -0.003 -14"><span class='ocrx_word' id='word_1_505' title='bbox 2202 3964 2343 4020; x_wconf 87' lang='grc'>4895</span> <span class='ocrx_word' id='word_1_506' title='bbox 2378 3967 2464 4034; x_wconf 80' lang='grc' dir='ltr'><strong>Τῷ</strong></span> <span class='ocrx_word' id='word_1_507' title='bbox 2492 3963 2732 4034; x_wconf 87' lang='grc' dir='ltr'>τοιπρὸς</span> <span class='ocrx_word' id='word_1_508' title='bbox 2767 3958 3110 4030; x_wconf 85' lang='grc' dir='ltr'>Ἀνδρόνικον</span> <span class='ocrx_word' id='word_1_509' title='bbox 3146 3962 3323 4017; x_wconf 78' lang='grc' dir='ltr'>ἅπασα</span> <span class='ocrx_word' id='word_1_510' title='bbox 3353 3962 3515 4026; x_wconf 89' lang='grc' dir='ltr'>πόλις</span> 
     </span>
    </p>
   </div>
   <div class='ocr_carea' id='block_1_105' title="bbox 2382 4047 3352 4126">
    <p class='ocr_par' dir='ltr' id='par_1_105' title="bbox 2382 4047 3352 4126">
     <span class='ocr_line' id='line_1_105' title="bbox 2382 4047 3352 4126; baseline -0.002 -19"><span class='ocrx_word' id='word_1_511' title='bbox 2382 4048 2644 4112; x_wconf 86' lang='grc' dir='ltr'>Ἐλπίδας</span> <span class='ocrx_word' id='word_1_512' title='bbox 2677 4047 2902 4105; x_wconf 79' lang='grc' dir='ltr'>ἀνέτεινε</span> <span class='ocrx_word' id='word_1_513' title='bbox 2930 4052 3025 4119; x_wconf 75' lang='grc' dir='ltr'><strong>τῆς</strong></span> <span class='ocrx_word' id='word_1_514' title='bbox 3057 4052 3352 4126; x_wconf 85' lang='grc' dir='ltr'>σωτηρίας,</span> 
     </span>
    </p>
   </div>
   <div class='ocr_carea' id='block_1_106' title="bbox 2382 4135 3559 4213">
    <p class='ocr_par' dir='ltr' id='par_1_106' title="bbox 2382 4135 3559 4213">
     <span class='ocr_line' id='line_1_106' title="bbox 2382 4135 3559 4213; baseline -0.001 -18"><span class='ocrx_word' id='word_1_515' title='bbox 2382 4139 2485 4197; x_wconf 85' lang='grc' dir='ltr'>Καὶ</span> <span class='ocrx_word' id='word_1_516' title='bbox 2512 4135 2659 4193; x_wconf 76' lang='grc' dir='ltr'>τόνδ’</span> <span class='ocrx_word' id='word_1_517' title='bbox 2688 4137 2867 4194; x_wconf 78' lang='grc' dir='ltr'>ἐκάλει</span> <span class='ocrx_word' id='word_1_518' title='bbox 2898 4145 2998 4208; x_wconf 80' lang='grc' dir='ltr'><strong>τῆς</strong></span> <span class='ocrx_word' id='word_1_519' title='bbox 3026 4137 3338 4213; x_wconf 86' lang='grc' dir='ltr'>τυραννίδος</span> <span class='ocrx_word' id='word_1_520' title='bbox 3368 4136 3559 4213; x_wconf 72' lang='grc' dir='ltr'><strong>λύτην⁹</strong></span> 
     </span>
    </p>
   </div>
   <div class='ocr_carea' id='block_1_107' title="bbox 2384 4227 3460 4303">
    <p class='ocr_par' dir='ltr' id='par_1_107' title="bbox 2384 4227 3460 4303">
     <span class='ocr_line' id='line_1_107' title="bbox 2384 4227 3460 4303; baseline 0.001 -21"><span class='ocrx_word' id='word_1_521' title='bbox 2384 4229 2480 4282; x_wconf 77' lang='grc' dir='ltr'><strong>Καὶ</strong></span> <span class='ocrx_word' id='word_1_522' title='bbox 2514 4227 2806 4303; x_wconf 88' lang='grc' dir='ltr'>παρεκάλει</span> <span class='ocrx_word' id='word_1_523' title='bbox 2840 4232 3127 4303; x_wconf 88' lang='grc' dir='ltr'>γράμμασι</span> <span class='ocrx_word' id='word_1_524' title='bbox 3157 4227 3460 4303; x_wconf 85' lang='grc' dir='ltr'>λαθριδίοις</span> 
     </span>
    </p>
   </div>
   <div class='ocr_carea' id='block_1_108' title="bbox 2381 4313 3455 4390">
    <p class='ocr_par' dir='ltr' id='par_1_108' title="bbox 2381 4313 3455 4390">
     <span class='ocr_line' id='line_1_108' title="bbox 2381 4313 3455 4390; baseline 0.002 -19"><span class='ocrx_word' id='word_1_525' title='bbox 2381 4319 2486 4386; x_wconf 80' lang='grc' dir='ltr'><strong>Τήν</strong></span> <span class='ocrx_word' id='word_1_526' title='bbox 2522 4317 2597 4379; x_wconf 85' lang='grc' dir='ltr'><strong>είς</strong></span> <span class='ocrx_word' id='word_1_527' title='bbox 2632 4315 3019 4390; x_wconf 79' lang='grc' dir='ltr'>βασιλεύουσαν</span> <span class='ocrx_word' id='word_1_528' title='bbox 3055 4313 3262 4371; x_wconf 81' lang='grc' dir='ltr'>εἷ’σοδον</span> <span class='ocrx_word' id='word_1_529' title='bbox 3296 4317 3455 4373; x_wconf 86' lang='grc' dir='ltr'>πόλιν</span> 
     </span>
    </p>
   </div>
   <div class='ocr_carea' id='block_1_109' title="bbox 2209 4402 3342 4480">
    <p class='ocr_par' dir='ltr' id='par_1_109' title="bbox 2209 4402 3342 4480">
     <span class='ocr_line' id='line_1_109' title="bbox 2209 4402 3342 4480; baseline -0.003 -17"><span class='ocrx_word' id='word_1_530' title='bbox 2209 4408 2347 4464; x_wconf 90' lang='grc'>4900</span> <span class='ocrx_word' id='word_1_531' title='bbox 2386 4409 2767 4480; x_wconf 79' lang='grc' dir='ltr'>Καταταχῆσαι</span> <span class='ocrx_word' id='word_1_532' title='bbox 2800 4402 3006 4479; x_wconf 85' lang='grc' dir='ltr'>μηδένα</span> <span class='ocrx_word' id='word_1_533' title='bbox 3038 4403 3342 4475; x_wconf 86' lang='grc' dir='ltr'>δεδοικότα,</span> 
     </span>
    </p>
   </div>
   <div class='ocr_carea' id='block_1_110' title="bbox 2386 4493 3547 4571">
    <p class='ocr_par' dir='ltr' id='par_1_110' title="bbox 2386 4493 3547 4571">
     <span class='ocr_line' id='line_1_110' title="bbox 2386 4493 3547 4571; baseline -0.002 -20"><span class='ocrx_word' id='word_1_534' title='bbox 2386 4494 2544 4551; x_wconf 85' lang='grc' dir='ltr'>Ἀλλ’</span> <span class='ocrx_word' id='word_1_535' title='bbox 2579 4493 2814 4565; x_wconf 79' lang='grc' dir='ltr'>ὑπτίαις,</span> <span class='ocrx_word' id='word_1_536' title='bbox 2843 4494 2873 4549; x_wconf 77' lang='grc' dir='ltr'>ὅ</span> <span class='ocrx_word' id='word_1_537' title='bbox 2903 4516 3050 4571; x_wconf 80' lang='grc' dir='ltr'>φασι,</span> <span class='ocrx_word' id='word_1_538' title='bbox 3085 4497 3273 4571; x_wconf 80' lang='grc' dir='ltr'>χερσὶν</span> <span class='ocrx_word' id='word_1_539' title='bbox 3303 4495 3547 4568; x_wconf 87' lang='grc' dir='ltr'>ἀσμένως</span> 
     </span>
    </p>
   </div>
   <div class='ocr_carea' id='block_1_111' title="bbox 2386 4581 3456 4659">
    <p class='ocr_par' dir='ltr' id='par_1_111' title="bbox 2386 4581 3456 4659">
     <span class='ocr_line' id='line_1_111' title="bbox 2386 4581 3456 4659; baseline 0 -19"><span class='ocrx_word' id='word_1_540' title='bbox 2386 4584 2851 4640; x_wconf 86' lang='grc' dir='ltr'>Ἀναπετασόντων</span> <span class='ocrx_word' id='word_1_541' title='bbox 2878 4605 2936 4659; x_wconf 90' lang='grc' dir='ltr'><strong>γε</strong></span> <span class='ocrx_word' id='word_1_542' title='bbox 2966 4581 3105 4655; x_wconf 81' lang='grc' dir='ltr'>τῷδε</span> <span class='ocrx_word' id='word_1_543' title='bbox 3134 4584 3228 4646; x_wconf 80' lang='grc' dir='ltr'><strong>τὰς</strong></span> <span class='ocrx_word' id='word_1_544' title='bbox 3259 4582 3456 4646; x_wconf 81' lang='grc' dir='ltr'>πύλας.</span> 
     </span>
    </p>
   </div>
   <div class='ocr_carea' id='block_1_112' title="bbox 2383 4670 3653 4748">
    <p class='ocr_par' dir='ltr' id='par_1_112' title="bbox 2383 4670 3653 4748">
     <span class='ocr_line' id='line_1_112' title="bbox 2383 4670 3653 4748; baseline -0.002 -18"><span class='ocrx_word' id='word_1_545' title='bbox 2383 4675 2443 4733; x_wconf 92' lang='grc' dir='ltr'>Ὁ</span> <span class='ocrx_word' id='word_1_546' title='bbox 2473 4673 2518 4730; x_wconf 88' lang='grc' dir='ltr'>δ’</span> <span class='ocrx_word' id='word_1_547' title='bbox 2550 4672 2797 4746; x_wconf 79' lang='grc' dir='ltr'>ἀσμένως</span> <span class='ocrx_word' id='word_1_548' title='bbox 2828 4673 2921 4746; x_wconf 75' lang='grc' dir='ltr'>μὲν</span> <span class='ocrx_word' id='word_1_549' title='bbox 2950 4674 3039 4726; x_wconf 79' lang='grc' dir='ltr'><strong>καὶ</strong></span> <span class='ocrx_word' id='word_1_550' title='bbox 3068 4670 3184 4728; x_wconf 79' lang='grc' dir='ltr'>τάδ’</span> <span class='ocrx_word' id='word_1_551' title='bbox 3215 4673 3279 4741; x_wconf 79' lang='grc' dir='ltr'>ἦν</span> <span class='ocrx_word' id='word_1_552' title='bbox 3314 4671 3653 4748; x_wconf 80' lang='grc' dir='ltr'>δεδεγμένος,</span> 
     </span>
    </p>
   </div>
   <div class='ocr_carea' id='block_1_113' title="bbox 2387 4758 3487 4843">
    <p class='ocr_par' dir='ltr' id='par_1_113' title="bbox 2387 4758 3487 4843">
     <span class='ocr_line' id='line_1_113' title="bbox 2387 4758 3487 4843; baseline -0.003 -24"><span class='ocrx_word' id='word_1_553' title='bbox 2387 4764 2499 4819; x_wconf 86' lang='grc' dir='ltr'>Ἀεὶ</span> <span class='ocrx_word' id='word_1_554' title='bbox 2532 4761 2576 4818; x_wconf 88' lang='grc' dir='ltr'>δ’</span> <span class='ocrx_word' id='word_1_555' title='bbox 2608 4763 2808 4843; x_wconf 83' lang='grc' dir='ltr'>ἐχώρει</span> <span class='ocrx_word' id='word_1_556' title='bbox 2841 4761 2978 4837; x_wconf 86' lang='grc' dir='ltr'>πρὸς</span> <span class='ocrx_word' id='word_1_557' title='bbox 3010 4768 3148 4838; x_wconf 80' lang='grc' dir='ltr'>σαφῆ</span> <span class='ocrx_word' id='word_1_558' title='bbox 3181 4758 3487 4837; x_wconf 82' lang='grc' dir='ltr'>τυραννίδα,</span> 
     </span>
    </p>
   </div>
   <div class='ocr_carea' id='block_1_114' title="bbox 2206 4850 3560 4928">
    <p class='ocr_par' dir='ltr' id='par_1_114' title="bbox 2206 4850 3560 4928">
     <span class='ocr_line' id='line_1_114' title="bbox 2206 4850 3560 4928; baseline -0.005 -15"><span class='ocrx_word' id='word_1_559' title='bbox 2206 4857 2346 4912; x_wconf 86' lang='grc'>4905</span> <span class='ocrx_word' id='word_1_560' title='bbox 2384 4854 2601 4927; x_wconf 87' lang='grc' dir='ltr'>Χώραις</span> <span class='ocrx_word' id='word_1_561' title='bbox 2630 4850 2795 4906; x_wconf 87' lang='grc' dir='ltr'>ἐπιὼν</span> <span class='ocrx_word' id='word_1_562' title='bbox 2831 4850 3113 4928; x_wconf 84' lang='grc' dir='ltr'>φρουρίοις</span> <span class='ocrx_word' id='word_1_563' title='bbox 3144 4872 3201 4905; x_wconf 91' lang='grc' dir='ltr'><strong>τε</strong></span> <span class='ocrx_word' id='word_1_564' title='bbox 3238 4851 3326 4905; x_wconf 83' lang='grc' dir='ltr'><strong>καὶ</strong></span> <span class='ocrx_word' id='word_1_565' title='bbox 3355 4851 3560 4912; x_wconf 87' lang='grc' dir='ltr'>τόποις.</span> 
     </span>
    </p>
   </div>
   <div class='ocr_carea' id='block_1_115' title="bbox 2382 4938 3472 5011">
    <p class='ocr_par' dir='ltr' id='par_1_115' title="bbox 2382 4938 3472 5011">
     <span class='ocr_line' id='line_1_115' title="bbox 2382 4938 3472 5011; baseline -0.005 -13"><span class='ocrx_word' id='word_1_566' title='bbox 2382 4942 2531 4999; x_wconf 83' lang='grc' dir='ltr'>Ἐπεὶ</span> <span class='ocrx_word' id='word_1_567' title='bbox 2560 4939 2605 4996; x_wconf 88' lang='grc' dir='ltr'>δ’</span> <span class='ocrx_word' id='word_1_568' title='bbox 2636 4941 2830 5007; x_wconf 77' lang='grc' dir='ltr'>ἐπέστη</span> <span class='ocrx_word' id='word_1_569' title='bbox 2863 4940 2951 4995; x_wconf 84' lang='grc' dir='ltr'><strong>καὶ</strong></span> <span class='ocrx_word' id='word_1_570' title='bbox 2985 4941 3224 4995; x_wconf 80' lang='grc' dir='ltr'>Βιθυνῶν</span> <span class='ocrx_word' id='word_1_571' title='bbox 3259 4938 3472 5011; x_wconf 83' lang='grc' dir='ltr'>Νικαίᾳ,</span> 
     </span>
    </p>
   </div>
   <div class='ocr_carea' id='block_1_116' title="bbox 2382 5023 3628 5105">
    <p class='ocr_par' dir='ltr' id='par_1_116' title="bbox 2382 5023 3628 5105">
     <span class='ocr_line' id='line_1_116' title="bbox 2382 5023 3628 5105; baseline -0.002 -20"><span class='ocrx_word' id='word_1_572' title='bbox 2382 5030 2479 5087; x_wconf 83' lang='grc' dir='ltr'><strong>Καὶ</strong></span> <span class='ocrx_word' id='word_1_573' title='bbox 2500 5026 2647 5101; x_wconf 74' lang='grc' dir='ltr'>τήνδ’</span> <span class='ocrx_word' id='word_1_574' title='bbox 2680 5028 2817 5084; x_wconf 82' lang='grc' dir='ltr'>ἐλεῖν</span> <span class='ocrx_word' id='word_1_575' title='bbox 2853 5023 3101 5083; x_wconf 80' lang='grc' dir='ltr'>ἔσπευδεν</span> <span class='ocrx_word' id='word_1_576' title='bbox 3135 5027 3392 5102; x_wconf 76' lang='grc' dir='ltr'>αἱμύλοις</span> <span class='ocrx_word' id='word_1_577' title='bbox 3425 5027 3628 5105; x_wconf 86' lang='grc' dir='ltr'>λόγοις,</span> 
     </span>
    </p>
   </div>
   <div class='ocr_carea' id='block_1_117' title="bbox 2382 5114 3559 5194">
    <p class='ocr_par' dir='ltr' id='par_1_117' title="bbox 2382 5114 3559 5194">
     <span class='ocr_line' id='line_1_117' title="bbox 2382 5114 3559 5194; baseline -0.006 -17"><span class='ocrx_word' id='word_1_578' title='bbox 2382 5120 2496 5177; x_wconf 82' lang='grc' dir='ltr'><strong>Ούκ</strong></span> <span class='ocrx_word' id='word_1_579' title='bbox 2524 5114 2678 5194; x_wconf 79' lang='grc' dir='ltr'>ἔσχεν</span> <span class='ocrx_word' id='word_1_580' title='bbox 2705 5117 2865 5174; x_wconf 77' lang='grc' dir='ltr'>αὐτοῦ</span> <span class='ocrx_word' id='word_1_581' title='bbox 2894 5121 3008 5180; x_wconf 84' lang='grc' dir='ltr'>τοῖς</span> <span class='ocrx_word' id='word_1_582' title='bbox 3043 5114 3232 5193; x_wconf 89' lang='grc' dir='ltr'>λόγοις</span> <span class='ocrx_word' id='word_1_583' title='bbox 3260 5129 3447 5188; x_wconf 86' lang='grc' dir='ltr'>πειθην</span> <span class='ocrx_word' id='word_1_584' title='bbox 3460 5116 3559 5189; x_wconf 83' lang='grc' dir='ltr'>ίαν,</span> 
     </span>
    </p>
   </div>
   <div class='ocr_carea' id='block_1_118' title="bbox 2378 5204 3505 5285">
    <p class='ocr_par' dir='ltr' id='par_1_118' title="bbox 2378 5204 3505 5285">
     <span class='ocr_line' id='line_1_118' title="bbox 2378 5204 3505 5285; baseline -0.002 -21"><span class='ocrx_word' id='word_1_585' title='bbox 2378 5207 2537 5267; x_wconf 83' lang='grc' dir='ltr'>Ἀλλ’</span> <span class='ocrx_word' id='word_1_586' title='bbox 2568 5207 2818 5285; x_wconf 78' lang='grc' dir='ltr'>ἐμφανῶς</span> <span class='ocrx_word' id='word_1_587' title='bbox 2850 5206 2914 5276; x_wconf 78' lang='grc' dir='ltr'>ἦν</span> <span class='ocrx_word' id='word_1_588' title='bbox 2951 5204 3229 5268; x_wconf 88' lang='grc' dir='ltr'>ἀτίνακτος</span> <span class='ocrx_word' id='word_1_589' title='bbox 3260 5205 3505 5267; x_wconf 81' lang='grc' dir='ltr'>ἀπάταις.</span> 
     </span>
    </p>
   </div>
   <div class='ocr_carea' id='block_1_119' title="bbox 2203 5299 3490 5378">
    <p class='ocr_par' dir='ltr' id='par_1_119' title="bbox 2203 5299 3490 5378">
     <span class='ocr_line' id='line_1_119' title="bbox 2203 5299 3490 5378; baseline -0.005 -13"><span class='ocrx_word' id='word_1_590' title='bbox 2203 5310 2344 5365; x_wconf 87' lang='grc'>4910</span> <span class='ocrx_word' id='word_1_591' title='bbox 2381 5305 2541 5363; x_wconf 87' lang='grc' dir='ltr'>Ἀλλ’</span> <span class='ocrx_word' id='word_1_592' title='bbox 2570 5306 2644 5368; x_wconf 86' lang='grc' dir='ltr'>ὡς</span> <span class='ocrx_word' id='word_1_593' title='bbox 2674 5299 2964 5375; x_wconf 76' lang='grc' dir='ltr'>ἐπιϐέϐηκε</span> <span class='ocrx_word' id='word_1_594' title='bbox 2992 5312 3091 5375; x_wconf 81' lang='grc' dir='ltr'><strong>τῆς</strong></span> <span class='ocrx_word' id='word_1_595' title='bbox 3122 5303 3490 5378; x_wconf 78' lang='grc' dir='ltr'>Νικομήδους,</span> 
     </span>
    </p>
   </div>
   <div class='ocr_carea' id='block_1_120' title="bbox 2382 5392 3559 5470">
    <p class='ocr_par' dir='ltr' id='par_1_120' title="bbox 2382 5392 3559 5470">
     <span class='ocr_line' id='line_1_120' title="bbox 2382 5392 3559 5470; baseline -0.003 -21"><span class='ocrx_word' id='word_1_596' title='bbox 2382 5396 2479 5450; x_wconf 86' lang='grc' dir='ltr'><strong>Καὶ</strong></span> <span class='ocrx_word' id='word_1_597' title='bbox 2507 5392 2653 5465; x_wconf 76' lang='grc' dir='ltr'>τήνδ’</span> <span class='ocrx_word' id='word_1_598' title='bbox 2686 5394 3021 5449; x_wconf 78' lang='grc' dir='ltr'>ἐπεσπάσατο</span> <span class='ocrx_word' id='word_1_599' title='bbox 3051 5395 3188 5470; x_wconf 89' lang='grc' dir='ltr'>πρὸς</span> <span class='ocrx_word' id='word_1_600' title='bbox 3220 5392 3559 5468; x_wconf 82' lang='grc' dir='ltr'>συμμαχίαν,</span> 
     </span>
    </p>
   </div>
   <div class='ocr_carea' id='block_1_121' title="bbox 2380 5474 3337 5558">
    <p class='ocr_par' dir='ltr' id='par_1_121' title="bbox 2380 5474 3337 5558">
     <span class='ocr_line' id='line_1_121' title="bbox 2380 5474 3337 5558; baseline -0.002 -19"><span class='ocrx_word' id='word_1_601' title='bbox 2380 5486 2509 5547; x_wconf 84' lang='grc' dir='ltr'>Μεθ’</span> <span class='ocrx_word' id='word_1_602' title='bbox 2541 5474 2730 5553; x_wconf 66' lang='grc' dir='ltr'>ἱκανῆς</span> <span class='ocrx_word' id='word_1_603' title='bbox 2762 5478 2987 5538; x_wconf 78' lang='grc' dir='ltr'>ἔσταλτο</span> <span class='ocrx_word' id='word_1_604' title='bbox 3018 5482 3337 5558; x_wconf 78' lang='grc' dir='ltr'>ταξιαρχίας</span> 
     </span>
    </p>
   </div>
   <div class='ocr_carea' id='block_1_122' title="bbox 2383 5568 3543 5648">
    <p class='ocr_par' dir='ltr' id='par_1_122' title="bbox 2383 5568 3543 5648">
     <span class='ocr_line' id='line_1_122' title="bbox 2383 5568 3543 5648; baseline -0.003 -21"><span class='ocrx_word' id='word_1_605' title='bbox 2383 5572 2691 5648; x_wconf 80' lang='grc' dir='ltr'>Στρατηγὸς</span> <span class='ocrx_word' id='word_1_606' title='bbox 2721 5569 3066 5647; x_wconf 79' lang='grc' dir='ltr'>Ἀνδρόνικος</span> <span class='ocrx_word' id='word_1_607' title='bbox 3098 5568 3375 5646; x_wconf 75' lang='grc' dir='ltr'>’Ἄγγελος</span> <span class='ocrx_word' id='word_1_608' title='bbox 3405 5568 3543 5624; x_wconf 85' lang='grc' dir='ltr'>θέσιν</span> 
     </span>
    </p>
   </div>
   <div class='ocr_carea' id='block_1_123' title="bbox 2377 5658 3477 5737">
    <p class='ocr_par' dir='ltr' id='par_1_123' title="bbox 2377 5658 3477 5737">
     <span class='ocr_line' id='line_1_123' title="bbox 2377 5658 3477 5737; baseline -0.004 -21"><span class='ocrx_word' id='word_1_609' title='bbox 2377 5661 2521 5735; x_wconf 87' lang='grc' dir='ltr'>Πρὸς</span> <span class='ocrx_word' id='word_1_610' title='bbox 2550 5661 2957 5737; x_wconf 78' lang='grc' dir='ltr'>ἀντιπαράταξιν</span> <span class='ocrx_word' id='word_1_611' title='bbox 2992 5661 3104 5733; x_wconf 79' lang='grc' dir='ltr'><strong>ἅμα</strong></span> <span class='ocrx_word' id='word_1_612' title='bbox 3123 5658 3210 5714; x_wconf 82' lang='grc' dir='ltr'><strong>καὶ</strong></span> <span class='ocrx_word' id='word_1_613' title='bbox 3246 5661 3428 5734; x_wconf 86' lang='grc' dir='ltr'>μάχην</span> <span class='ocrx_word' id='word_1_614' title='bbox 3466 5676 3477 5688; x_wconf 91' lang='grc'><strong>·</strong></span> 
     </span>
    </p>
   </div>
   <div class='ocr_carea' id='block_1_124' title="bbox 3736 340 3833 397">
    <p class='ocr_par' dir='ltr' id='par_1_124' title="bbox 3736 340 3833 397">
     <span class='ocr_line' id='line_1_124' title="bbox 3736 340 3833 397; baseline -0.021 0"><span class='ocrx_word' id='word_1_615' title='bbox 3736 340 3833 397; x_wconf 88' lang='grc'><strong>188</strong></span> 
     </span>
    </p>
   </div>
  </div>
