  <div class='ocr_page' id='page_1' title='image "/cluster/home/n/w/nwhite01/storage/ocr_20150623/143/mdp.39015078384784/102.png"; bbox 0 0 4136 6292; ppageno 0'>
   <div class='ocr_carea' id='block_1_1' title="bbox 334 350 2201 413">
    <p class='ocr_par' dir='ltr' id='par_1_1' title="bbox 334 350 2201 413">
     <span class='ocr_line' id='line_1_1' title="bbox 334 350 2201 413; baseline -0.002 -1"><span class='ocrx_word' id='word_1_1' title='bbox 334 357 435 413; x_wconf 73' lang='lat'><strong>189</strong></span> <span class='ocrx_word' id='word_1_2' title='bbox 1844 350 2201 412; x_wconf 55' lang='lat' dir='ltr'><strong>cessans.</strong></span> 
     </span>
    </p>
   </div>
   <div class='ocr_carea' id='block_1_2' title="bbox 322 477 1594 556">
    <p class='ocr_par' dir='ltr' id='par_1_2' title="bbox 322 477 1594 556">
     <span class='ocr_line' id='line_1_2' title="bbox 322 477 1594 556; baseline -0.002 -18"><span class='ocrx_word' id='word_1_3' title='bbox 322 483 467 538; x_wconf 75' lang='grc'>4915</span> <span class='ocrx_word' id='word_1_4' title='bbox 501 482 595 543; x_wconf 89' lang='grc' dir='ltr'>Ὃς</span> <span class='ocrx_word' id='word_1_5' title='bbox 628 477 855 551; x_wconf 84' lang='grc' dir='ltr'>έκτομίᾳ</span> <span class='ocrx_word' id='word_1_6' title='bbox 885 480 1217 552; x_wconf 73' lang='grc' dir='ltr'><strong>συμπλακεὶς</strong></span> <span class='ocrx_word' id='word_1_7' title='bbox 1246 478 1594 556; x_wconf 78' lang='grc' dir='ltr'>Ἀνδρονίκου</span> 
     </span>
    </p>
   </div>
   <div class='ocr_carea' id='block_1_3' title="bbox 501 567 1594 646">
    <p class='ocr_par' dir='ltr' id='par_1_3' title="bbox 501 567 1594 646">
     <span class='ocr_line' id='line_1_3' title="bbox 501 567 1594 646; baseline -0.002 -19"><span class='ocrx_word' id='word_1_8' title='bbox 501 571 592 627; x_wconf 84' lang='grc' dir='ltr'>Ἐκ</span> <span class='ocrx_word' id='word_1_9' title='bbox 622 567 994 646; x_wconf 66' lang='grc' dir='ltr'>Παφλαγόνων</span> <span class='ocrx_word' id='word_1_10' title='bbox 1028 574 1276 645; x_wconf 74' lang='grc' dir='ltr'>στρατιᾶς</span> <span class='ocrx_word' id='word_1_11' title='bbox 1305 572 1594 644; x_wconf 74' lang='grc' dir='ltr'>ἡγουμένῳ</span> 
     </span>
    </p>
   </div>
   <div class='ocr_carea' id='block_1_4' title="bbox 502 656 1643 733">
    <p class='ocr_par' dir='ltr' id='par_1_4' title="bbox 502 656 1643 733">
     <span class='ocr_line' id='line_1_4' title="bbox 502 656 1643 733; baseline 0.001 -21"><span class='ocrx_word' id='word_1_12' title='bbox 502 658 601 715; x_wconf 84' lang='grc' dir='ltr'>Καὶ</span> <span class='ocrx_word' id='word_1_13' title='bbox 626 656 1017 732; x_wconf 86' lang='grc' dir='ltr'>γηπονούντων</span> <span class='ocrx_word' id='word_1_14' title='bbox 1049 656 1227 712; x_wconf 80' lang='grc' dir='ltr'>ἀδαῶν</span> <span class='ocrx_word' id='word_1_15' title='bbox 1262 657 1404 721; x_wconf 80' lang='grc' dir='ltr'>ὅλως</span> <span class='ocrx_word' id='word_1_16' title='bbox 1439 661 1643 733; x_wconf 81' lang='grc' dir='ltr'>μάχης,</span> 
     </span>
    </p>
   </div>
   <div class='ocr_carea' id='block_1_5' title="bbox 499 746 1785 822">
    <p class='ocr_par' dir='ltr' id='par_1_5' title="bbox 499 746 1785 822">
     <span class='ocr_line' id='line_1_5' title="bbox 499 746 1785 822; baseline 0.002 -21"><span class='ocrx_word' id='word_1_17' title='bbox 499 749 741 816; x_wconf 86' lang='grc' dir='ltr'>Ἠττητο</span> <span class='ocrx_word' id='word_1_18' title='bbox 771 750 953 807; x_wconf 77' lang='grc' dir='ltr'>κακῶς</span> <span class='ocrx_word' id='word_1_19' title='bbox 982 746 1071 800; x_wconf 80' lang='grc' dir='ltr'>καὶ</span> <span class='ocrx_word' id='word_1_20' title='bbox 1099 749 1282 822; x_wconf 84' lang='grc' dir='ltr'>τρέχει</span> <span class='ocrx_word' id='word_1_21' title='bbox 1313 748 1447 821; x_wconf 86' lang='grc' dir='ltr'>πρὸς</span> <span class='ocrx_word' id='word_1_22' title='bbox 1472 748 1570 816; x_wconf 75' lang='grc' dir='ltr'>τὴν</span> <span class='ocrx_word' id='word_1_23' title='bbox 1603 746 1785 803; x_wconf 85' lang='grc' dir='ltr'>πόλιν.</span> 
     </span>
    </p>
   </div>
   <div class='ocr_carea' id='block_1_6' title="bbox 504 832 1733 910">
    <p class='ocr_par' dir='ltr' id='par_1_6' title="bbox 504 832 1733 910">
     <span class='ocr_line' id='line_1_6' title="bbox 504 832 1733 910; baseline -0.001 -18"><span class='ocrx_word' id='word_1_24' title='bbox 504 835 843 907; x_wconf 79' lang='grc' dir='ltr'>Ἠττημένον</span> <span class='ocrx_word' id='word_1_25' title='bbox 873 837 1003 908; x_wconf 86' lang='grc' dir='ltr'>γοῦν</span> <span class='ocrx_word' id='word_1_26' title='bbox 1037 832 1389 910; x_wconf 76' lang='grc' dir='ltr'>εἶσδραμόντα</span> <span class='ocrx_word' id='word_1_27' title='bbox 1416 838 1516 905; x_wconf 76' lang='grc' dir='ltr'><strong>τήν</strong></span> <span class='ocrx_word' id='word_1_28' title='bbox 1548 835 1733 905; x_wconf 89' lang='grc' dir='ltr'>πόλιν,</span> 
     </span>
    </p>
   </div>
   <div class='ocr_carea' id='block_1_7' title="bbox 328 921 1694 1001">
    <p class='ocr_par' dir='ltr' id='par_1_7' title="bbox 328 921 1694 1001">
     <span class='ocr_line' id='line_1_7' title="bbox 328 921 1694 1001; baseline -0.001 -21"><span class='ocrx_word' id='word_1_29' title='bbox 328 927 468 981; x_wconf 72' lang='grc'>4920</span> <span class='ocrx_word' id='word_1_30' title='bbox 506 927 627 1001; x_wconf 87' lang='grc' dir='ltr'>Χρή</span> <span class='ocrx_word' id='word_1_31' title='bbox 641 926 765 997; x_wconf 79' lang='grc' dir='ltr'>ματ¹</span> <span class='ocrx_word' id='word_1_32' title='bbox 796 921 1037 995; x_wconf 74' lang='grc' dir='ltr'>ἀπῄτουν</span> <span class='ocrx_word' id='word_1_33' title='bbox 1068 923 1386 988; x_wconf 84' lang='grc' dir='ltr'>καταθέσθαι</span> <span class='ocrx_word' id='word_1_34' title='bbox 1417 923 1507 979; x_wconf 75' lang='grc' dir='ltr'>σὺν</span> <span class='ocrx_word' id='word_1_35' title='bbox 1538 924 1694 1000; x_wconf 81' lang='grc' dir='ltr'>τάχει</span> 
     </span>
    </p>
   </div>
   <div class='ocr_carea' id='block_1_8' title="bbox 501 1009 1702 1088">
    <p class='ocr_par' dir='ltr' id='par_1_8' title="bbox 501 1009 1702 1088">
     <span class='ocr_line' id='line_1_8' title="bbox 501 1009 1702 1088; baseline 0.003 -24"><span class='ocrx_word' id='word_1_36' title='bbox 501 1014 640 1068; x_wconf 78' lang='grc' dir='ltr'>’Όσα</span> <span class='ocrx_word' id='word_1_37' title='bbox 670 1009 794 1086; x_wconf 74' lang='grc' dir='ltr'>πρὶν</span> <span class='ocrx_word' id='word_1_38' title='bbox 828 1009 1078 1066; x_wconf 83' lang='grc' dir='ltr'>ἀνάλωσε</span> <span class='ocrx_word' id='word_1_39' title='bbox 1102 1010 1242 1088; x_wconf 77' lang='grc' dir='ltr'>πρὸς</span> <span class='ocrx_word' id='word_1_40' title='bbox 1278 1013 1455 1088; x_wconf 83' lang='grc' dir='ltr'>μάχας</span> <span class='ocrx_word' id='word_1_41' title='bbox 1488 1013 1702 1087; x_wconf 78' lang='grc' dir='ltr'>φθάσας·</span> 
     </span>
    </p>
   </div>
   <div class='ocr_carea' id='block_1_9' title="bbox 502 1099 1730 1180">
    <p class='ocr_par' dir='ltr' id='par_1_9' title="bbox 502 1099 1730 1180">
     <span class='ocr_line' id='line_1_9' title="bbox 502 1099 1730 1180; baseline -0.001 -22"><span class='ocrx_word' id='word_1_42' title='bbox 502 1103 661 1165; x_wconf 78' lang='grc' dir='ltr'>’Ὁθεν</span> <span class='ocrx_word' id='word_1_43' title='bbox 692 1099 955 1172; x_wconf 75' lang='grc' dir='ltr'>λυπηθεὶς</span> <span class='ocrx_word' id='word_1_44' title='bbox 983 1103 1120 1176; x_wconf 86' lang='grc' dir='ltr'>πρὸς</span> <span class='ocrx_word' id='word_1_45' title='bbox 1150 1104 1326 1179; x_wconf 76' lang='grc' dir='ltr'>φυγῆν</span> <span class='ocrx_word' id='word_1_46' title='bbox 1358 1102 1511 1167; x_wconf 69' lang='grc' dir='ltr'>εὐθὺς</span> <span class='ocrx_word' id='word_1_47' title='bbox 1546 1103 1730 1180; x_wconf 77' lang='grc' dir='ltr'>βλέπει</span> 
     </span>
    </p>
   </div>
   <div class='ocr_carea' id='block_1_10' title="bbox 508 1187 1530 1267">
    <p class='ocr_par' dir='ltr' id='par_1_10' title="bbox 508 1187 1530 1267">
     <span class='ocr_line' id='line_1_10' title="bbox 508 1187 1530 1267; baseline 0.001 -22"><span class='ocrx_word' id='word_1_48' title='bbox 508 1192 638 1254; x_wconf 78' lang='grc' dir='ltr'><strong>Μεθ’</strong></span> <span class='ocrx_word' id='word_1_49' title='bbox 670 1190 826 1245; x_wconf 77' lang='grc' dir='ltr'>υἱέων</span> <span class='ocrx_word' id='word_1_50' title='bbox 856 1187 909 1262; x_wconf 76' lang='grc' dir='ltr'><strong>’ἐξ</strong></span> <span class='ocrx_word' id='word_1_51' title='bbox 941 1189 1183 1245; x_wconf 83' lang='grc' dir='ltr'><strong>ὁπλιτῶν</strong></span> <span class='ocrx_word' id='word_1_52' title='bbox 1211 1190 1530 1267; x_wconf 77' lang='grc' dir='ltr'>ῥωμαλέων,</span> 
     </span>
    </p>
   </div>
   <div class='ocr_carea' id='block_1_11' title="bbox 505 1276 1770 1355">
    <p class='ocr_par' dir='ltr' id='par_1_11' title="bbox 505 1276 1770 1355">
     <span class='ocr_line' id='line_1_11' title="bbox 505 1276 1770 1355; baseline 0.003 -22"><span class='ocrx_word' id='word_1_53' title='bbox 505 1278 609 1333; x_wconf 71' lang='grc' dir='ltr'><strong>Καὶ</strong></span> <span class='ocrx_word' id='word_1_54' title='bbox 636 1286 736 1346; x_wconf 81' lang='grc' dir='ltr'><strong>τῆς</strong></span> <span class='ocrx_word' id='word_1_55' title='bbox 769 1280 901 1353; x_wconf 86' lang='grc' dir='ltr'>πρὸς</span> <span class='ocrx_word' id='word_1_56' title='bbox 932 1277 1276 1353; x_wconf 73' lang='grc' dir='ltr'>Ἀνδρονίκου</span> <span class='ocrx_word' id='word_1_57' title='bbox 1308 1278 1524 1335; x_wconf 76' lang='grc' dir='ltr'>ἅπτεται</span> <span class='ocrx_word' id='word_1_58' title='bbox 1556 1276 1770 1355; x_wconf 79' lang='grc' dir='ltr'>τρίϐου·</span> 
     </span>
    </p>
   </div>
   <div class='ocr_carea' id='block_1_12' title="bbox 321 1373 1567 1451">
    <p class='ocr_par' dir='ltr' id='par_1_12' title="bbox 321 1373 1567 1451">
     <span class='ocr_line' id='line_1_12' title="bbox 321 1373 1567 1451; baseline 0.002 -22"><span class='ocrx_word' id='word_1_59' title='bbox 321 1376 461 1429; x_wconf 82' lang='grc'>4925</span> <span class='ocrx_word' id='word_1_60' title='bbox 498 1376 597 1435; x_wconf 90' lang='grc' dir='ltr'>Ὃς</span> <span class='ocrx_word' id='word_1_61' title='bbox 628 1373 822 1450; x_wconf 84' lang='grc' dir='ltr'>θάρσος</span> <span class='ocrx_word' id='word_1_62' title='bbox 851 1373 981 1448; x_wconf 77' lang='grc' dir='ltr'>ἄρας</span> <span class='ocrx_word' id='word_1_63' title='bbox 1014 1374 1270 1450; x_wconf 84' lang='grc' dir='ltr'>Ἀγγέλου</span> <span class='ocrx_word' id='word_1_64' title='bbox 1302 1376 1567 1451; x_wconf 80' lang='grc' dir='ltr'>παρουσίᾳ</span> 
     </span>
    </p>
   </div>
   <div class='ocr_carea' id='block_1_13' title="bbox 501 1460 1642 1541">
    <p class='ocr_par' dir='ltr' id='par_1_13' title="bbox 501 1460 1642 1541">
     <span class='ocr_line' id='line_1_13' title="bbox 501 1460 1642 1541; baseline 0.006 -26"><span class='ocrx_word' id='word_1_65' title='bbox 501 1467 725 1537; x_wconf 79' lang='grc' dir='ltr'>ΙΙορθεῖν</span> <span class='ocrx_word' id='word_1_66' title='bbox 756 1460 911 1525; x_wconf 74' lang='grc' dir='ltr'>ἐάσας</span> <span class='ocrx_word' id='word_1_67' title='bbox 942 1464 1031 1517; x_wconf 76' lang='grc' dir='ltr'><strong>καὶ</strong></span> <span class='ocrx_word' id='word_1_68' title='bbox 1061 1464 1414 1541; x_wconf 69' lang='grc' dir='ltr'><strong>κατατρέχειν</strong></span> <span class='ocrx_word' id='word_1_69' title='bbox 1442 1466 1642 1530; x_wconf 79' lang='grc' dir='ltr'>τόπους</span> 
     </span>
    </p>
   </div>
   <div class='ocr_carea' id='block_1_14' title="bbox 493 1549 1785 1632">
    <p class='ocr_par' dir='ltr' id='par_1_14' title="bbox 493 1549 1785 1632">
     <span class='ocr_line' id='line_1_14' title="bbox 493 1549 1785 1632; baseline 0.01 -33"><span class='ocrx_word' id='word_1_70' title='bbox 493 1549 633 1613; x_wconf 76' lang='grc' dir='ltr'>Εὖθὺ</span> <span class='ocrx_word' id='word_1_71' title='bbox 668 1552 785 1622; x_wconf 80' lang='grc' dir='ltr'>μετ’</span> <span class='ocrx_word' id='word_1_72' title='bbox 815 1550 979 1605; x_wconf 77' lang='grc' dir='ltr'>αὐτοῦ</span> <span class='ocrx_word' id='word_1_73' title='bbox 1011 1557 1111 1621; x_wconf 80' lang='grc' dir='ltr'><strong>τῆς</strong></span> <span class='ocrx_word' id='word_1_74' title='bbox 1142 1552 1551 1609; x_wconf 82' lang='grc' dir='ltr'>Κωνσταντίνου</span> <span class='ocrx_word' id='word_1_75' title='bbox 1581 1554 1785 1632; x_wconf 87' lang='grc' dir='ltr'>τρέχει·</span> 
     </span>
    </p>
   </div>
   <div class='ocr_carea' id='block_1_15' title="bbox 490 1634 1670 1717">
    <p class='ocr_par' dir='ltr' id='par_1_15' title="bbox 490 1634 1670 1717">
     <span class='ocr_line' id='line_1_15' title="bbox 490 1634 1670 1717; baseline 0.006 -25"><span class='ocrx_word' id='word_1_76' title='bbox 490 1637 591 1695; x_wconf 82' lang='grc' dir='ltr'>Καὶ</span> <span class='ocrx_word' id='word_1_77' title='bbox 625 1634 692 1707; x_wconf 79' lang='grc' dir='ltr'>δὴ</span> <span class='ocrx_word' id='word_1_78' title='bbox 725 1639 1012 1717; x_wconf 53' lang='grc' dir='ltr'>πεοθακὼς</span> <span class='ocrx_word' id='word_1_79' title='bbox 1046 1640 1284 1711; x_wconf 75' lang='grc' dir='ltr'>πλησίον</span> <span class='ocrx_word' id='word_1_80' title='bbox 1318 1641 1670 1714; x_wconf 84' lang='grc' dir='ltr'>Χαλκηδόνος</span> 
     </span>
    </p>
   </div>
   <div class='ocr_carea' id='block_1_16' title="bbox 493 1727 1591 1805">
    <p class='ocr_par' dir='ltr' id='par_1_16' title="bbox 493 1727 1591 1805">
     <span class='ocr_line' id='line_1_16' title="bbox 493 1727 1591 1805; baseline 0.005 -23"><span class='ocrx_word' id='word_1_81' title='bbox 493 1730 711 1799; x_wconf 86' lang='grc' dir='ltr'>Σκηνήν</span> <span class='ocrx_word' id='word_1_82' title='bbox 745 1727 855 1783; x_wconf 76' lang='grc' dir='ltr'>ἐκεῖ</span> <span class='ocrx_word' id='word_1_83' title='bbox 884 1731 1121 1804; x_wconf 78' lang='grc' dir='ltr'>πήγνυσι</span> <span class='ocrx_word' id='word_1_84' title='bbox 1153 1728 1241 1785; x_wconf 74' lang='grc' dir='ltr'><strong>καὶ</strong></span> <span class='ocrx_word' id='word_1_85' title='bbox 1272 1733 1591 1805; x_wconf 79' lang='grc' dir='ltr'>παραμένει·</span> 
     </span>
    </p>
   </div>
   <div class='ocr_carea' id='block_1_17' title="bbox 300 1810 1604 1898">
    <p class='ocr_par' dir='ltr' id='par_1_17' title="bbox 300 1810 1604 1898">
     <span class='ocr_line' id='line_1_17' title="bbox 300 1810 1604 1898; baseline 0.003 -25"><span class='ocrx_word' id='word_1_86' title='bbox 300 1818 450 1873; x_wconf 68' lang='grc'>4930</span> <span class='ocrx_word' id='word_1_87' title='bbox 490 1812 946 1891; x_wconf 76' lang='grc' dir='ltr'>ΙΙρωτοσεϐαστὸς</span> <span class='ocrx_word' id='word_1_88' title='bbox 981 1810 1024 1872; x_wconf 83' lang='grc' dir='ltr'>δ’</span> <span class='ocrx_word' id='word_1_89' title='bbox 1055 1816 1296 1892; x_wconf 77' lang='grc' dir='ltr'>Ἀλέξιος</span> <span class='ocrx_word' id='word_1_90' title='bbox 1330 1814 1427 1875; x_wconf 70' lang='grc' dir='ltr'>οὐκ</span> <span class='ocrx_word' id='word_1_91' title='bbox 1457 1818 1604 1898; x_wconf 76' lang='grc' dir='ltr'>ἔχων</span> 
     </span>
    </p>
   </div>
   <div class='ocr_carea' id='block_1_18' title="bbox 494 1906 1530 1981">
    <p class='ocr_par' dir='ltr' id='par_1_18' title="bbox 494 1906 1530 1981">
     <span class='ocr_line' id='line_1_18' title="bbox 494 1906 1530 1981; baseline 0.004 -22"><span class='ocrx_word' id='word_1_92' title='bbox 494 1909 634 1979; x_wconf 81' lang='grc' dir='ltr'>υεζῇ</span> <span class='ocrx_word' id='word_1_93' title='bbox 668 1911 888 1981; x_wconf 81' lang='grc' dir='ltr'>στρατιᾷ</span> <span class='ocrx_word' id='word_1_94' title='bbox 915 1906 1158 1963; x_wconf 77' lang='grc' dir='ltr'>καθελεῖν</span> <span class='ocrx_word' id='word_1_95' title='bbox 1199 1907 1530 1981; x_wconf 77' lang='grc' dir='ltr'>ἀποστάτην,</span> 
     </span>
    </p>
   </div>
   <div class='ocr_carea' id='block_1_19' title="bbox 492 1990 1615 2075">
    <p class='ocr_par' dir='ltr' id='par_1_19' title="bbox 492 1990 1615 2075">
     <span class='ocr_line' id='line_1_19' title="bbox 492 1990 1615 2075; baseline 0.004 -26"><span class='ocrx_word' id='word_1_96' title='bbox 492 1990 651 2049; x_wconf 86' lang='grc' dir='ltr'>Τόνδ’</span> <span class='ocrx_word' id='word_1_97' title='bbox 680 1992 943 2050; x_wconf 67' lang='grc' dir='ltr'>ἀπελάσαι</span> <span class='ocrx_word' id='word_1_98' title='bbox 977 1993 1083 2050; x_wconf 83' lang='grc' dir='ltr'>δεῖν</span> <span class='ocrx_word' id='word_1_99' title='bbox 1116 1998 1287 2073; x_wconf 88' lang='grc' dir='ltr'>κρίνει</span> <span class='ocrx_word' id='word_1_100' title='bbox 1314 1998 1615 2075; x_wconf 78' lang='grc' dir='ltr'>ναυμαχίᾳ·</span> 
     </span>
    </p>
   </div>
   <div class='ocr_carea' id='block_1_20' title="bbox 491 2081 1680 2164">
    <p class='ocr_par' dir='ltr' id='par_1_20' title="bbox 491 2081 1680 2164">
     <span class='ocr_line' id='line_1_20' title="bbox 491 2081 1680 2164; baseline 0.003 -24"><span class='ocrx_word' id='word_1_101' title='bbox 491 2081 757 2146; x_wconf 84' lang='grc' dir='ltr'>Ηλείστας</span> <span class='ocrx_word' id='word_1_102' title='bbox 787 2086 1029 2157; x_wconf 79' lang='grc' dir='ltr'>τριήρεις</span> <span class='ocrx_word' id='word_1_103' title='bbox 1058 2088 1343 2162; x_wconf 88' lang='grc' dir='ltr'>τοιγαροῦν</span> <span class='ocrx_word' id='word_1_104' title='bbox 1374 2085 1680 2164; x_wconf 72' lang='grc' dir='ltr'>ἐξαρτύσας,</span> 
     </span>
    </p>
   </div>
   <div class='ocr_carea' id='block_1_21' title="bbox 483 2168 1676 2251">
    <p class='ocr_par' dir='ltr' id='par_1_21' title="bbox 483 2168 1676 2251">
     <span class='ocr_line' id='line_1_21' title="bbox 483 2168 1676 2251; baseline 0.006 -25"><span class='ocrx_word' id='word_1_105' title='bbox 483 2171 581 2226; x_wconf 81' lang='grc' dir='ltr'><strong>Καὶ</strong></span> <span class='ocrx_word' id='word_1_106' title='bbox 612 2168 797 2227; x_wconf 74' lang='grc' dir='ltr'>ταῖσδε</span> <span class='ocrx_word' id='word_1_107' title='bbox 821 2171 1066 2247; x_wconf 73' lang='grc' dir='ltr'>καλύψας</span> <span class='ocrx_word' id='word_1_108' title='bbox 1096 2196 1153 2250; x_wconf 90' lang='grc' dir='ltr'><strong>γε</strong></span> <span class='ocrx_word' id='word_1_109' title='bbox 1181 2176 1278 2244; x_wconf 82' lang='grc' dir='ltr'><strong>τήν</strong></span> <span class='ocrx_word' id='word_1_110' title='bbox 1308 2174 1676 2251; x_wconf 72' lang='grc' dir='ltr'>Προποντίδα,</span> 
     </span>
    </p>
   </div>
   <div class='ocr_carea' id='block_1_22' title="bbox 295 2270 1687 2351">
    <p class='ocr_par' dir='ltr' id='par_1_22' title="bbox 295 2270 1687 2351">
     <span class='ocr_line' id='line_1_22' title="bbox 295 2270 1687 2351; baseline 0.002 -23"><span class='ocrx_word' id='word_1_111' title='bbox 295 2272 444 2328; x_wconf 73' lang='grc'>4935</span> <span class='ocrx_word' id='word_1_112' title='bbox 483 2270 579 2325; x_wconf 83' lang='grc' dir='ltr'>Καὶ</span> <span class='ocrx_word' id='word_1_113' title='bbox 608 2273 699 2326; x_wconf 88' lang='grc' dir='ltr'>τὸν</span> <span class='ocrx_word' id='word_1_114' title='bbox 738 2270 990 2348; x_wconf 81' lang='grc' dir='ltr'>μέγιστον</span> <span class='ocrx_word' id='word_1_115' title='bbox 1022 2276 1452 2351; x_wconf 78' lang='grc' dir='ltr'>Κοντοστέφανον</span> <span class='ocrx_word' id='word_1_116' title='bbox 1483 2280 1687 2331; x_wconf 79' lang='grc' dir='ltr'>Λοῦκαν</span> 
     </span>
    </p>
   </div>
   <div class='ocr_carea' id='block_1_23' title="bbox 487 2359 1853 2441">
    <p class='ocr_par' dir='ltr' id='par_1_23' title="bbox 487 2359 1853 2441">
     <span class='ocr_line' id='line_1_23' title="bbox 487 2359 1853 2441; baseline 0.004 -26"><span class='ocrx_word' id='word_1_117' title='bbox 487 2360 669 2431; x_wconf 76' lang='grc' dir='ltr'>Δείξας</span> <span class='ocrx_word' id='word_1_118' title='bbox 700 2359 1014 2437; x_wconf 88' lang='grc' dir='ltr'>στολάρχην</span> <span class='ocrx_word' id='word_1_119' title='bbox 1046 2366 1144 2417; x_wconf 89' lang='grc' dir='ltr'><strong>τοῦ</strong></span> <span class='ocrx_word' id='word_1_120' title='bbox 1177 2360 1373 2417; x_wconf 89' lang='grc' dir='ltr'>στόλου</span> <span class='ocrx_word' id='word_1_121' title='bbox 1404 2364 1491 2418; x_wconf 78' lang='grc' dir='ltr'><strong>καὶ</strong></span> <span class='ocrx_word' id='word_1_122' title='bbox 1522 2366 1853 2441; x_wconf 78' lang='grc' dir='ltr'>προστάτην,</span> 
     </span>
    </p>
   </div>
   <div class='ocr_carea' id='block_1_24' title="bbox 488 2448 1951 2529">
    <p class='ocr_par' dir='ltr' id='par_1_24' title="bbox 488 2448 1951 2529">
     <span class='ocr_line' id='line_1_24' title="bbox 488 2448 1951 2529; baseline 0.006 -26"><span class='ocrx_word' id='word_1_123' title='bbox 488 2449 628 2524; x_wconf 87' lang='grc' dir='ltr'>Πρὸς</span> <span class='ocrx_word' id='word_1_124' title='bbox 659 2450 757 2518; x_wconf 78' lang='grc' dir='ltr'>τὴν</span> <span class='ocrx_word' id='word_1_125' title='bbox 813 2452 929 2505; x_wconf 80' lang='grc' dir='ltr'>κατ’</span> <span class='ocrx_word' id='word_1_126' title='bbox 984 2450 1185 2527; x_wconf 70' lang='grc' dir='ltr'>ἐχθροῦ</span> <span class='ocrx_word' id='word_1_127' title='bbox 1235 2448 1530 2526; x_wconf 77' lang='grc' dir='ltr'>δυσμενοῦς</span> <span class='ocrx_word' id='word_1_128' title='bbox 1586 2454 1783 2527; x_wconf 77' lang='grc' dir='ltr'>πέμπει</span> <span class='ocrx_word' id='word_1_129' title='bbox 1844 2456 1951 2529; x_wconf 67' lang='grc' dir='ltr'>μάν</span> 
     </span>
    </p>
   </div>
   <div class='ocr_carea' id='block_1_25' title="bbox 1726 2546 1877 2621">
    <p class='ocr_par' dir='ltr' id='par_1_25' title="bbox 1726 2546 1877 2621">
     <span class='ocr_line' id='line_1_25' title="bbox 1726 2546 1877 2621; baseline 0 -4"><span class='ocrx_word' id='word_1_130' title='bbox 1726 2546 1877 2621; x_wconf 67' lang='grc' dir='ltr'>[χηνν</span> 
     </span>
    </p>
   </div>
   <div class='ocr_carea' id='block_1_26' title="bbox 487 2624 1721 2703">
    <p class='ocr_par' dir='ltr' id='par_1_26' title="bbox 487 2624 1721 2703">
     <span class='ocr_line' id='line_1_26' title="bbox 487 2624 1721 2703; baseline 0.004 -22"><span class='ocrx_word' id='word_1_131' title='bbox 487 2629 559 2681; x_wconf 86' lang='grc' dir='ltr'><strong>’Ἡ</strong></span> <span class='ocrx_word' id='word_1_132' title='bbox 586 2626 675 2681; x_wconf 77' lang='grc' dir='ltr'>καὶ</span> <span class='ocrx_word' id='word_1_133' title='bbox 707 2624 954 2703; x_wconf 74' lang='grc' dir='ltr'>φυλακην</span> <span class='ocrx_word' id='word_1_134' title='bbox 982 2625 1148 2697; x_wconf 79' lang='grc' dir='ltr'>τῆσδε</span> <span class='ocrx_word' id='word_1_135' title='bbox 1176 2631 1273 2697; x_wconf 71' lang='grc' dir='ltr'>τῆς</span> <span class='ocrx_word' id='word_1_136' title='bbox 1305 2631 1721 2686; x_wconf 83' lang='grc' dir='ltr'>Κωνσταντίνου·</span> 
     </span>
    </p>
   </div>
   <div class='ocr_carea' id='block_1_27' title="bbox 492 2710 1589 2793">
    <p class='ocr_par' dir='ltr' id='par_1_27' title="bbox 492 2710 1589 2793">
     <span class='ocr_line' id='line_1_27' title="bbox 492 2710 1589 2793; baseline 0.004 -24"><span class='ocrx_word' id='word_1_137' title='bbox 492 2715 637 2769; x_wconf 85' lang='grc' dir='ltr'><strong>Μετά</strong></span> <span class='ocrx_word' id='word_1_138' title='bbox 669 2716 849 2791; x_wconf 80' lang='grc' dir='ltr'>βραχῦ</span> <span class='ocrx_word' id='word_1_139' title='bbox 882 2714 939 2771; x_wconf 76' lang='grc' dir='ltr'>δὶ</span> <span class='ocrx_word' id='word_1_140' title='bbox 968 2710 1199 2789; x_wconf 71' lang='grc' dir='ltr'>πρέσϐυς</span> <span class='ocrx_word' id='word_1_141' title='bbox 1231 2716 1287 2771; x_wconf 76' lang='grc' dir='ltr'>ἐκ</span> <span class='ocrx_word' id='word_1_142' title='bbox 1321 2718 1589 2793; x_wconf 86' lang='grc' dir='ltr'>βασιλέως</span> 
     </span>
    </p>
   </div>
   <div class='ocr_carea' id='block_1_28' title="bbox 309 2799 1636 2884">
    <p class='ocr_par' dir='ltr' id='par_1_28' title="bbox 309 2799 1636 2884">
     <span class='ocr_line' id='line_1_28' title="bbox 309 2799 1636 2884; baseline 0.002 -25"><span class='ocrx_word' id='word_1_143' title='bbox 309 2804 456 2859; x_wconf 70' lang='grc'>4940</span> <span class='ocrx_word' id='word_1_144' title='bbox 495 2799 722 2865; x_wconf 75' lang='grc' dir='ltr'>Σταλεῖς</span> <span class='ocrx_word' id='word_1_145' title='bbox 755 2803 889 2874; x_wconf 75' lang='grc' dir='ltr'>πρὸς</span> <span class='ocrx_word' id='word_1_146' title='bbox 923 2801 1261 2878; x_wconf 84' lang='grc' dir='ltr'>Ἀνδρόνικον</span> <span class='ocrx_word' id='word_1_147' title='bbox 1295 2806 1322 2860; x_wconf 85' lang='grc' dir='ltr'><strong>ὁ</strong></span> <span class='ocrx_word' id='word_1_148' title='bbox 1343 2804 1636 2884; x_wconf 75' lang='grc' dir='ltr'>Ξιφιλῖνος</span> 
     </span>
    </p>
   </div>
   <div class='ocr_carea' id='block_1_29' title="bbox 496 2891 1638 2971">
    <p class='ocr_par' dir='ltr' id='par_1_29' title="bbox 496 2891 1638 2971">
     <span class='ocr_line' id='line_1_29' title="bbox 496 2891 1638 2971; baseline 0.005 -24"><span class='ocrx_word' id='word_1_149' title='bbox 496 2894 586 2955; x_wconf 83' lang='grc' dir='ltr'><strong>Εἷς</strong></span> <span class='ocrx_word' id='word_1_150' title='bbox 612 2897 720 2946; x_wconf 79' lang='grc' dir='ltr'><strong>τῶν</strong></span> <span class='ocrx_word' id='word_1_151' title='bbox 750 2891 977 2969; x_wconf 83' lang='grc' dir='ltr'>ἀρίστων</span> <span class='ocrx_word' id='word_1_152' title='bbox 1010 2891 1278 2971; x_wconf 71' lang='grc' dir='ltr'>ἰντρόφων</span> <span class='ocrx_word' id='word_1_153' title='bbox 1312 2892 1638 2967; x_wconf 81' lang='grc' dir='ltr'>Ἐκκλησίας</span> 
     </span>
    </p>
   </div>
   <div class='ocr_carea' id='block_1_30' title="bbox 492 2978 1495 3059">
    <p class='ocr_par' dir='ltr' id='par_1_30' title="bbox 492 2978 1495 3059">
     <span class='ocr_line' id='line_1_30' title="bbox 492 2978 1495 3059; baseline 0.003 -22"><span class='ocrx_word' id='word_1_154' title='bbox 492 2978 852 3056; x_wconf 81' lang='grc' dir='ltr'>Ἐπαγγελίας</span> <span class='ocrx_word' id='word_1_155' title='bbox 886 2982 1125 3058; x_wconf 72' lang='grc' dir='ltr'>ἀφθόνων</span> <span class='ocrx_word' id='word_1_156' title='bbox 1153 2980 1301 3059; x_wconf 88' lang='grc' dir='ltr'>δωρη</span> <span class='ocrx_word' id='word_1_157' title='bbox 1312 2985 1495 3057; x_wconf 88' lang='grc' dir='ltr'>μάτων</span> 
     </span>
    </p>
   </div>
   <div class='ocr_carea' id='block_1_31' title="bbox 490 3069 1516 3147">
    <p class='ocr_par' dir='ltr' id='par_1_31' title="bbox 490 3069 1516 3147">
     <span class='ocr_line' id='line_1_31' title="bbox 490 3069 1516 3147; baseline 0.002 -21"><span class='ocrx_word' id='word_1_158' title='bbox 490 3069 647 3142; x_wconf 82' lang='grc' dir='ltr'><strong>Αὐτῷ</strong></span> <span class='ocrx_word' id='word_1_159' title='bbox 676 3078 945 3146; x_wconf 77' lang='grc' dir='ltr'>προσῆγεν</span> <span class='ocrx_word' id='word_1_160' title='bbox 979 3071 1137 3145; x_wconf 81' lang='grc' dir='ltr'>ἀξιῶν</span> <span class='ocrx_word' id='word_1_161' title='bbox 1169 3093 1227 3128; x_wconf 89' lang='grc' dir='ltr'><strong>τε</strong></span> <span class='ocrx_word' id='word_1_162' title='bbox 1261 3073 1516 3147; x_wconf 79' lang='grc' dir='ltr'>μειζόνων</span> 
     </span>
    </p>
   </div>
   <div class='ocr_carea' id='block_1_32' title="bbox 488 3157 1720 3241">
    <p class='ocr_par' dir='ltr' id='par_1_32' title="bbox 488 3157 1720 3241">
     <span class='ocr_line' id='line_1_32' title="bbox 488 3157 1720 3241; baseline 0.006 -28"><span class='ocrx_word' id='word_1_163' title='bbox 488 3157 550 3214; x_wconf 77' lang='grc' dir='ltr'><strong>Εἰ</strong></span> <span class='ocrx_word' id='word_1_164' title='bbox 583 3157 781 3233; x_wconf 81' lang='grc' dir='ltr'>σκέμμ⁹</span> <span class='ocrx_word' id='word_1_165' title='bbox 814 3160 1045 3238; x_wconf 79' lang='grc' dir='ltr'>ἀφεικὼς</span> <span class='ocrx_word' id='word_1_166' title='bbox 1072 3161 1133 3216; x_wconf 90' lang='grc' dir='ltr'>τὸ</span> <span class='ocrx_word' id='word_1_167' title='bbox 1165 3162 1520 3237; x_wconf 86' lang='grc' dir='ltr'>προκείμενον</span> <span class='ocrx_word' id='word_1_168' title='bbox 1550 3162 1720 3241; x_wconf 88' lang='grc' dir='ltr'>τάχος</span> 
     </span>
    </p>
   </div>
   <div class='ocr_carea' id='block_1_33' title="bbox 294 3254 1612 3335">
    <p class='ocr_par' dir='ltr' id='par_1_33' title="bbox 294 3254 1612 3335">
     <span class='ocr_line' id='line_1_33' title="bbox 294 3254 1612 3335; baseline 0.002 -22"><span class='ocrx_word' id='word_1_169' title='bbox 294 3257 451 3314; x_wconf 69' lang='grc'>4945</span> <span class='ocrx_word' id='word_1_170' title='bbox 489 3254 869 3333; x_wconf 83' lang='grc' dir='ltr'>Παλίνδρομος</span> <span class='ocrx_word' id='word_1_171' title='bbox 898 3259 1107 3333; x_wconf 83' lang='grc' dir='ltr'>γένοιτο</span> <span class='ocrx_word' id='word_1_172' title='bbox 1138 3259 1314 3335; x_wconf 77' lang='grc' dir='ltr'>χωρὶς</span> <span class='ocrx_word' id='word_1_173' title='bbox 1346 3260 1612 3333; x_wconf 78' lang='grc' dir='ltr'>αἱμάτων.</span> 
     </span>
    </p>
   </div>
   <div class='ocr_carea' id='block_1_34' title="bbox 486 3340 1681 3423">
    <p class='ocr_par' dir='ltr' id='par_1_34' title="bbox 486 3340 1681 3423">
     <span class='ocr_line' id='line_1_34' title="bbox 486 3340 1681 3423; baseline 0.006 -24"><span class='ocrx_word' id='word_1_174' title='bbox 486 3346 543 3398; x_wconf 87' lang='grc' dir='ltr'><strong>Ὀ</strong></span> <span class='ocrx_word' id='word_1_175' title='bbox 574 3343 622 3400; x_wconf 84' lang='grc' dir='ltr'>δ’</span> <span class='ocrx_word' id='word_1_176' title='bbox 653 3344 715 3400; x_wconf 78' lang='grc' dir='ltr'>οὐ</span> <span class='ocrx_word' id='word_1_177' title='bbox 743 3343 1061 3422; x_wconf 82' lang='grc' dir='ltr'>προσέσχει·</span> <span class='ocrx_word' id='word_1_178' title='bbox 1094 3340 1367 3423; x_wconf 80' lang='grc' dir='ltr'>έμϐριθῶς</span> <span class='ocrx_word' id='word_1_179' title='bbox 1402 3345 1458 3403; x_wconf 82' lang='grc' dir='ltr'>δὶ</span> <span class='ocrx_word' id='word_1_180' title='bbox 1492 3350 1681 3422; x_wconf 90' lang='grc' dir='ltr'>μηνύει</span> 
     </span>
    </p>
   </div>
   <div class='ocr_carea' id='block_1_35' title="bbox 490 3432 1668 3515">
    <p class='ocr_par' dir='ltr' id='par_1_35' title="bbox 490 3432 1668 3515">
     <span class='ocr_line' id='line_1_35' title="bbox 490 3432 1668 3515; baseline 0.005 -27"><span class='ocrx_word' id='word_1_181' title='bbox 490 3433 819 3512; x_wconf 78' lang='grc' dir='ltr'>Παραιφάσει</span> <span class='ocrx_word' id='word_1_182' title='bbox 852 3432 919 3505; x_wconf 87' lang='grc' dir='ltr'>δ’,</span> <span class='ocrx_word' id='word_1_183' title='bbox 953 3434 1027 3497; x_wconf 84' lang='grc' dir='ltr'>ὥς</span> <span class='ocrx_word' id='word_1_184' title='bbox 1057 3456 1206 3512; x_wconf 80' lang='grc' dir='ltr'>φασι,</span> <span class='ocrx_word' id='word_1_185' title='bbox 1235 3436 1329 3491; x_wconf 80' lang='grc' dir='ltr'><strong>τοῦ</strong></span> <span class='ocrx_word' id='word_1_186' title='bbox 1360 3437 1668 3515; x_wconf 78' lang='grc' dir='ltr'>Ξιφιλίνου,</span> 
     </span>
    </p>
   </div>
   <div class='ocr_carea' id='block_1_36' title="bbox 487 3520 1670 3601">
    <p class='ocr_par' dir='ltr' id='par_1_36' title="bbox 487 3520 1670 3601">
     <span class='ocr_line' id='line_1_36' title="bbox 487 3520 1670 3601; baseline 0.004 -24"><span class='ocrx_word' id='word_1_187' title='bbox 487 3524 599 3594; x_wconf 83' lang='grc' dir='ltr'>Ὦς,</span> <span class='ocrx_word' id='word_1_188' title='bbox 630 3520 701 3577; x_wconf 65' lang='grc' dir='ltr'>Εἴ</span> <span class='ocrx_word' id='word_1_189' title='bbox 723 3544 821 3601; x_wconf 89' lang='grc' dir='ltr'><strong>περ</strong></span> <span class='ocrx_word' id='word_1_190' title='bbox 856 3521 1204 3598; x_wconf 81' lang='grc' dir='ltr'>Ἀνδρόνικον</span> <span class='ocrx_word' id='word_1_191' title='bbox 1237 3525 1465 3601; x_wconf 83' lang='grc' dir='ltr'>ἀθρῆσαι</span> <span class='ocrx_word' id='word_1_192' title='bbox 1497 3525 1670 3589; x_wconf 83' lang='grc' dir='ltr'>θέλεις</span> 
     </span>
    </p>
   </div>
   <div class='ocr_carea' id='block_1_37' title="bbox 489 3610 1401 3688">
    <p class='ocr_par' dir='ltr' id='par_1_37' title="bbox 489 3610 1401 3688">
     <span class='ocr_line' id='line_1_37' title="bbox 489 3610 1401 3688; baseline 0.002 -24"><span class='ocrx_word' id='word_1_193' title='bbox 489 3610 659 3665; x_wconf 70' lang='grc' dir='ltr'>Ιῐᾶλιν</span> <span class='ocrx_word' id='word_1_194' title='bbox 694 3610 1029 3681; x_wconf 72' lang='grc' dir='ltr'>ἐπανήκοντα</span> <span class='ocrx_word' id='word_1_195' title='bbox 1058 3611 1149 3666; x_wconf 76' lang='grc' dir='ltr'>σὺν</span> <span class='ocrx_word' id='word_1_196' title='bbox 1175 3611 1401 3688; x_wconf 74' lang='grc' dir='ltr'>ἠσυχίᾳ,</span> 
     </span>
    </p>
   </div>
   <div class='ocr_carea' id='block_1_38' title="bbox 299 3694 1549 3774">
    <p class='ocr_par' dir='ltr' id='par_1_38' title="bbox 299 3694 1549 3774">
     <span class='ocr_line' id='line_1_38' title="bbox 299 3694 1549 3774; baseline 0.001 -19"><span class='ocrx_word' id='word_1_197' title='bbox 299 3700 453 3755; x_wconf 68' lang='grc'>4950</span> <span class='ocrx_word' id='word_1_198' title='bbox 491 3694 941 3773; x_wconf 77' lang='grc' dir='ltr'>Πρωτοσεϐαστὸν</span> <span class='ocrx_word' id='word_1_199' title='bbox 974 3699 1243 3755; x_wconf 88' lang='grc' dir='ltr'>ἀπέλασον</span> <span class='ocrx_word' id='word_1_200' title='bbox 1278 3700 1335 3756; x_wconf 84' lang='grc' dir='ltr'>ἐκ</span> <span class='ocrx_word' id='word_1_201' title='bbox 1362 3702 1549 3774; x_wconf 88' lang='grc' dir='ltr'>μέσου,</span> 
     </span>
    </p>
   </div>
   <div class='ocr_carea' id='block_1_39' title="bbox 491 3787 1598 3862">
    <p class='ocr_par' dir='ltr' id='par_1_39' title="bbox 491 3787 1598 3862">
     <span class='ocr_line' id='line_1_39' title="bbox 491 3787 1598 3862; baseline 0.005 -20"><span class='ocrx_word' id='word_1_202' title='bbox 491 3789 588 3843; x_wconf 77' lang='grc' dir='ltr'><strong>Καὶ</strong></span> <span class='ocrx_word' id='word_1_203' title='bbox 619 3787 1007 3862; x_wconf 86' lang='grc' dir='ltr'>πλημμελείας</span> <span class='ocrx_word' id='word_1_204' title='bbox 1035 3790 1257 3853; x_wconf 73' lang='grc' dir='ltr'>εὐθύνας</span> <span class='ocrx_word' id='word_1_205' title='bbox 1289 3789 1598 3847; x_wconf 83' lang='grc' dir='ltr'>ἐκτιννύτω.</span> 
     </span>
    </p>
   </div>
   <div class='ocr_carea' id='block_1_40' title="bbox 492 3874 1597 3953">
    <p class='ocr_par' dir='ltr' id='par_1_40' title="bbox 492 3874 1597 3953">
     <span class='ocr_line' id='line_1_40' title="bbox 492 3874 1597 3953; baseline 0.003 -23"><span class='ocrx_word' id='word_1_206' title='bbox 492 3876 560 3930; x_wconf 74' lang='grc' dir='ltr'><strong>Σὲ</strong></span> <span class='ocrx_word' id='word_1_207' title='bbox 586 3874 631 3931; x_wconf 85' lang='grc' dir='ltr'>δ’</span> <span class='ocrx_word' id='word_1_208' title='bbox 661 3879 694 3946; x_wconf 80' lang='grc' dir='ltr'>ἡ</span> <span class='ocrx_word' id='word_1_209' title='bbox 725 3878 955 3931; x_wconf 88' lang='grc' dir='ltr'>τεκοῦσα</span> <span class='ocrx_word' id='word_1_210' title='bbox 982 3878 1221 3953; x_wconf 73' lang='grc' dir='ltr'>βασιλὶς,</span> <span class='ocrx_word' id='word_1_211' title='bbox 1256 3874 1401 3951; x_wconf 76' lang='grc' dir='ltr'>ἄναξ,</span> <span class='ocrx_word' id='word_1_212' title='bbox 1434 3878 1597 3933; x_wconf 90' lang='grc' dir='ltr'>πάλιν</span> 
     </span>
    </p>
   </div>
   <div class='ocr_carea' id='block_1_41' title="bbox 488 3965 1605 4042">
    <p class='ocr_par' dir='ltr' id='par_1_41' title="bbox 488 3965 1605 4042">
     <span class='ocr_line' id='line_1_41' title="bbox 488 3965 1605 4042; baseline 0.002 -23"><span class='ocrx_word' id='word_1_213' title='bbox 488 3967 629 4020; x_wconf 73' lang='grc' dir='ltr'>Κατὰ</span> <span class='ocrx_word' id='word_1_214' title='bbox 659 3966 937 4041; x_wconf 78' lang='grc' dir='ltr'>μοναχοῦς</span> <span class='ocrx_word' id='word_1_215' title='bbox 966 3967 1064 4035; x_wconf 77' lang='grc' dir='ltr'>τὴν</span> <span class='ocrx_word' id='word_1_216' title='bbox 1094 3965 1259 4042; x_wconf 81' lang='grc' dir='ltr'>τρίχα</span> <span class='ocrx_word' id='word_1_217' title='bbox 1288 3967 1605 4041; x_wconf 73' lang='grc' dir='ltr'>κειραμένη,</span> 
     </span>
    </p>
   </div>
   <div class='ocr_carea' id='block_1_42' title="bbox 488 4052 1509 4128">
    <p class='ocr_par' dir='ltr' id='par_1_42' title="bbox 488 4052 1509 4128">
     <span class='ocr_line' id='line_1_42' title="bbox 488 4052 1509 4128; baseline 0.003 -17"><span class='ocrx_word' id='word_1_218' title='bbox 488 4054 611 4111; x_wconf 88' lang='grc' dir='ltr'>Βίον</span> <span class='ocrx_word' id='word_1_219' title='bbox 650 4055 850 4128; x_wconf 83' lang='grc' dir='ltr'>βιούτω</span> <span class='ocrx_word' id='word_1_220' title='bbox 883 4060 997 4119; x_wconf 77' lang='grc' dir='ltr'>καθ’</span> <span class='ocrx_word' id='word_1_221' title='bbox 1030 4056 1223 4126; x_wconf 66' lang='grc' dir='ltr'>ἑαυτὴν</span> <span class='ocrx_word' id='word_1_222' title='bbox 1266 4055 1339 4118; x_wconf 81' lang='grc' dir='ltr'><strong>ὡς</strong></span> <span class='ocrx_word' id='word_1_223' title='bbox 1370 4052 1509 4114; x_wconf 88' lang='grc' dir='ltr'>δέον.</span> 
     </span>
    </p>
   </div>
   <div class='ocr_carea' id='block_1_43' title="bbox 300 4141 1577 4221">
    <p class='ocr_par' dir='ltr' id='par_1_43' title="bbox 300 4141 1577 4221">
     <span class='ocr_line' id='line_1_43' title="bbox 300 4141 1577 4221; baseline 0.001 -22"><span class='ocrx_word' id='word_1_224' title='bbox 300 4146 450 4201; x_wconf 85' lang='grc'>4955</span> <span class='ocrx_word' id='word_1_225' title='bbox 488 4143 561 4198; x_wconf 78' lang='grc' dir='ltr'>Σὺ</span> <span class='ocrx_word' id='word_1_226' title='bbox 594 4141 638 4198; x_wconf 84' lang='grc' dir='ltr'>δ’</span> <span class='ocrx_word' id='word_1_227' title='bbox 672 4146 745 4206; x_wconf 88' lang='grc' dir='ltr'>ὡς</span> <span class='ocrx_word' id='word_1_228' title='bbox 777 4145 1001 4219; x_wconf 80' lang='grc' dir='ltr'>πατρῴα</span> <span class='ocrx_word' id='word_1_229' title='bbox 1032 4142 1261 4217; x_wconf 84' lang='grc' dir='ltr'>διαθήκη</span> <span class='ocrx_word' id='word_1_230' title='bbox 1302 4144 1577 4221; x_wconf 86' lang='grc' dir='ltr'>βούλεται,</span> 
     </span>
    </p>
   </div>
   <div class='ocr_carea' id='block_1_44' title="bbox 488 4230 1644 4312">
    <p class='ocr_par' dir='ltr' id='par_1_44' title="bbox 488 4230 1644 4312">
     <span class='ocr_line' id='line_1_44' title="bbox 488 4230 1644 4312; baseline 0.002 -22"><span class='ocrx_word' id='word_1_231' title='bbox 488 4230 819 4307; x_wconf 78' lang='grc' dir='ltr'>Κληροῦχος</span> <span class='ocrx_word' id='word_1_232' title='bbox 849 4230 921 4287; x_wconf 84' lang='grc' dir='ltr'>ὣν</span> <span class='ocrx_word' id='word_1_233' title='bbox 949 4230 1141 4289; x_wconf 77' lang='grc' dir='ltr'>ἄνασσε</span> <span class='ocrx_word' id='word_1_234' title='bbox 1168 4237 1265 4300; x_wconf 81' lang='grc' dir='ltr'>τῆς</span> <span class='ocrx_word' id='word_1_235' title='bbox 1298 4234 1644 4312; x_wconf 85' lang='grc' dir='ltr'>κραταρχίας.</span> 
     </span>
    </p>
   </div>
   <div class='ocr_carea' id='block_1_45' title="bbox 487 4319 1624 4399">
    <p class='ocr_par' dir='ltr' id='par_1_45' title="bbox 487 4319 1624 4399">
     <span class='ocr_line' id='line_1_45' title="bbox 487 4319 1624 4399; baseline 0.001 -20"><span class='ocrx_word' id='word_1_236' title='bbox 487 4319 655 4379; x_wconf 70' lang='grc' dir='ltr'>Οὔπω</span> <span class='ocrx_word' id='word_1_237' title='bbox 687 4321 971 4398; x_wconf 79' lang='grc' dir='ltr'>παρῆλθον</span> <span class='ocrx_word' id='word_1_238' title='bbox 1004 4319 1206 4399; x_wconf 76' lang='grc' dir='ltr'>ἡμέραι</span> <span class='ocrx_word' id='word_1_239' title='bbox 1236 4324 1432 4399; x_wconf 86' lang='grc' dir='ltr'>τυχναὶ</span> <span class='ocrx_word' id='word_1_240' title='bbox 1464 4326 1624 4395; x_wconf 86' lang='grc' dir='ltr'>πάνυ,</span> 
     </span>
    </p>
   </div>
   <div class='ocr_carea' id='block_1_46' title="bbox 486 4404 1709 4492">
    <p class='ocr_par' dir='ltr' id='par_1_46' title="bbox 486 4404 1709 4492">
     <span class='ocr_line' id='line_1_46' title="bbox 486 4404 1709 4492; baseline 0.002 -25"><span class='ocrx_word' id='word_1_241' title='bbox 486 4410 587 4467; x_wconf 79' lang='grc' dir='ltr'><strong>Καὶ</strong></span> <span class='ocrx_word' id='word_1_242' title='bbox 617 4404 948 4485; x_wconf 76' lang='grc' dir='ltr'>παραλαϐὼν</span> <span class='ocrx_word' id='word_1_243' title='bbox 980 4410 1073 4473; x_wconf 82' lang='grc' dir='ltr'><strong>τάς</strong></span> <span class='ocrx_word' id='word_1_244' title='bbox 1105 4414 1347 4487; x_wconf 82' lang='grc' dir='ltr'>τριήρεις</span> <span class='ocrx_word' id='word_1_245' title='bbox 1384 4410 1508 4485; x_wconf 76' lang='grc' dir='ltr'>δοὺξ</span> <span class='ocrx_word' id='word_1_246' title='bbox 1543 4413 1709 4492; x_wconf 84' lang='grc' dir='ltr'>μέγας</span> 
     </span>
    </p>
   </div>
   <div class='ocr_carea' id='block_1_47' title="bbox 486 4497 1669 4579">
    <p class='ocr_par' dir='ltr' id='par_1_47' title="bbox 486 4497 1669 4579">
     <span class='ocr_line' id='line_1_47' title="bbox 486 4497 1669 4579; baseline 0.003 -24"><span class='ocrx_word' id='word_1_247' title='bbox 486 4501 666 4575; x_wconf 88' lang='grc' dir='ltr'><strong>Χωρεῖ</strong></span> <span class='ocrx_word' id='word_1_248' title='bbox 694 4499 830 4573; x_wconf 81' lang='grc' dir='ltr'>πρὸς</span> <span class='ocrx_word' id='word_1_249' title='bbox 859 4497 1201 4576; x_wconf 87' lang='grc' dir='ltr'>Ἀνδρόνικον</span> <span class='ocrx_word' id='word_1_250' title='bbox 1236 4501 1453 4578; x_wconf 88' lang='grc' dir='ltr'>ἀπτέρῳ</span> <span class='ocrx_word' id='word_1_251' title='bbox 1491 4504 1669 4579; x_wconf 83' lang='grc' dir='ltr'>τάχει·</span> 
     </span>
    </p>
   </div>
   <div class='ocr_carea' id='block_1_48' title="bbox 299 4587 1703 4669">
    <p class='ocr_par' dir='ltr' id='par_1_48' title="bbox 299 4587 1703 4669">
     <span class='ocr_line' id='line_1_48' title="bbox 299 4587 1703 4669; baseline 0.002 -24"><span class='ocrx_word' id='word_1_252' title='bbox 299 4590 449 4646; x_wconf 77' lang='grc'>4960</span> <span class='ocrx_word' id='word_1_253' title='bbox 486 4590 575 4642; x_wconf 81' lang='grc' dir='ltr'><strong>καὶ</strong></span> <span class='ocrx_word' id='word_1_254' title='bbox 606 4590 752 4643; x_wconf 86' lang='grc' dir='ltr'>τοῦτ’</span> <span class='ocrx_word' id='word_1_255' title='bbox 783 4587 951 4664; x_wconf 78' lang='grc' dir='ltr'>ἐπῆρε</span> <span class='ocrx_word' id='word_1_256' title='bbox 980 4594 1077 4644; x_wconf 86' lang='grc' dir='ltr'><strong>τοῦ</strong></span> <span class='ocrx_word' id='word_1_257' title='bbox 1106 4588 1366 4667; x_wconf 83' lang='grc' dir='ltr'>τυράννου</span> <span class='ocrx_word' id='word_1_258' title='bbox 1395 4593 1455 4645; x_wconf 87' lang='grc' dir='ltr'>τὸ</span> <span class='ocrx_word' id='word_1_259' title='bbox 1488 4594 1703 4669; x_wconf 82' lang='grc' dir='ltr'>θράσος,</span> 
     </span>
    </p>
   </div>
   <div class='ocr_carea' id='block_1_49' title="bbox 492 4672 1562 4757">
    <p class='ocr_par' dir='ltr' id='par_1_49' title="bbox 492 4672 1562 4757">
     <span class='ocr_line' id='line_1_49' title="bbox 492 4672 1562 4757; baseline 0.006 -25"><span class='ocrx_word' id='word_1_260' title='bbox 492 4672 938 4752; x_wconf 71' lang='grc' dir='ltr'>Πρωτοσεϐαστὸν</span> <span class='ocrx_word' id='word_1_261' title='bbox 973 4676 1018 4732; x_wconf 86' lang='grc' dir='ltr'>δ’</span> <span class='ocrx_word' id='word_1_262' title='bbox 1049 4681 1276 4757; x_wconf 74' lang='grc' dir='ltr'>ἡιράνισε</span> <span class='ocrx_word' id='word_1_263' title='bbox 1302 4679 1562 4751; x_wconf 78' lang='grc' dir='ltr'>καθάπαξ.</span> 
     </span>
    </p>
   </div>
   <div class='ocr_carea' id='block_1_50' title="bbox 488 4765 1703 4830">
    <p class='ocr_par' dir='ltr' id='par_1_50' title="bbox 488 4765 1703 4830">
     <span class='ocr_line' id='line_1_50' title="bbox 488 4765 1703 4830; baseline 0.001 -8"><span class='ocrx_word' id='word_1_264' title='bbox 488 4766 685 4822; x_wconf 77' lang='grc' dir='ltr'>Τοίνυν</span> <span class='ocrx_word' id='word_1_265' title='bbox 714 4766 947 4828; x_wconf 72' lang='grc' dir='ltr'>ἀποστάς</span> <span class='ocrx_word' id='word_1_266' title='bbox 978 4765 1125 4822; x_wconf 82' lang='grc' dir='ltr'>τοῦδ’</span> <span class='ocrx_word' id='word_1_267' title='bbox 1157 4768 1293 4830; x_wconf 79' lang='grc' dir='ltr'>ἄπας</span> <span class='ocrx_word' id='word_1_268' title='bbox 1322 4771 1428 4823; x_wconf 78' lang='grc' dir='ltr'><strong>τῶν</strong></span> <span class='ocrx_word' id='word_1_269' title='bbox 1463 4769 1513 4822; x_wconf 76' lang='grc' dir='ltr'>ὲν</span> <span class='ocrx_word' id='word_1_270' title='bbox 1546 4767 1703 4826; x_wconf 88' lang='grc' dir='ltr'>πόλει</span> 
     </span>
    </p>
   </div>
   <div class='ocr_carea' id='block_1_51' title="bbox 492 4853 1738 4930">
    <p class='ocr_par' dir='ltr' id='par_1_51' title="bbox 492 4853 1738 4930">
     <span class='ocr_line' id='line_1_51' title="bbox 492 4853 1738 4930; baseline 0.004 -21"><span class='ocrx_word' id='word_1_271' title='bbox 492 4853 675 4911; x_wconf 82' lang='grc' dir='ltr'>Βαλών</span> <span class='ocrx_word' id='word_1_272' title='bbox 710 4876 768 4909; x_wconf 92' lang='grc' dir='ltr'><strong>τε</strong></span> <span class='ocrx_word' id='word_1_273' title='bbox 797 4860 986 4911; x_wconf 82' lang='grc' dir='ltr'>τοῦτον</span> <span class='ocrx_word' id='word_1_274' title='bbox 1024 4862 1143 4919; x_wconf 86' lang='grc' dir='ltr'>τοῖς</span> <span class='ocrx_word' id='word_1_275' title='bbox 1175 4857 1495 4930; x_wconf 72' lang='grc' dir='ltr'>σκώμμασιν</span> <span class='ocrx_word' id='word_1_276' title='bbox 1524 4854 1738 4929; x_wconf 83' lang='grc' dir='ltr'>ἀνέδην,</span> 
     </span>
    </p>
   </div>
   <div class='ocr_carea' id='block_1_52' title="bbox 487 4943 1545 5022">
    <p class='ocr_par' dir='ltr' id='par_1_52' title="bbox 487 4943 1545 5022">
     <span class='ocr_line' id='line_1_52' title="bbox 487 4943 1545 5022; baseline 0.001 -24"><span class='ocrx_word' id='word_1_277' title='bbox 487 4944 840 5019; x_wconf 81' lang='grc' dir='ltr'>Προστίθεται</span> <span class='ocrx_word' id='word_1_278' title='bbox 869 4943 933 5016; x_wconf 79' lang='grc' dir='ltr'>δὴ</span> <span class='ocrx_word' id='word_1_279' title='bbox 969 4950 1212 5022; x_wconf 81' lang='grc' dir='ltr'>φανερῶς</span> <span class='ocrx_word' id='word_1_280' title='bbox 1247 4945 1545 5022; x_wconf 75' lang='grc' dir='ltr'>ἀποστάτῃ,</span> 
     </span>
    </p>
   </div>
   <div class='ocr_carea' id='block_1_53' title="bbox 302 5039 1671 5119">
    <p class='ocr_par' dir='ltr' id='par_1_53' title="bbox 302 5039 1671 5119">
     <span class='ocr_line' id='line_1_53' title="bbox 302 5039 1671 5119; baseline 0 -20"><span class='ocrx_word' id='word_1_281' title='bbox 302 5045 448 5100; x_wconf 73' lang='grc'>4965</span> <span class='ocrx_word' id='word_1_282' title='bbox 487 5040 585 5096; x_wconf 80' lang='grc' dir='ltr'><strong>Καὲ</strong></span> <span class='ocrx_word' id='word_1_283' title='bbox 612 5039 770 5097; x_wconf 84' lang='grc' dir='ltr'>τοῦδε</span> <span class='ocrx_word' id='word_1_284' title='bbox 798 5049 967 5118; x_wconf 77' lang='grc' dir='ltr'>γῆρας</span> <span class='ocrx_word' id='word_1_285' title='bbox 994 5043 1083 5099; x_wconf 85' lang='grc' dir='ltr'><strong>καὶ</strong></span> <span class='ocrx_word' id='word_1_286' title='bbox 1114 5044 1252 5119; x_wconf 75' lang='grc' dir='ltr'>φυὴν</span> <span class='ocrx_word' id='word_1_287' title='bbox 1286 5043 1671 5115; x_wconf 66' lang='grc' dir='ltr'><strong>⁵ὶῖῖνζσεμνύνων.</strong></span> 
     </span>
    </p>
   </div>
   <div class='ocr_carea' id='block_1_54' title="bbox 490 5128 1863 5210">
    <p class='ocr_par' dir='ltr' id='par_1_54' title="bbox 490 5128 1863 5210">
     <span class='ocr_line' id='line_1_54' title="bbox 490 5128 1863 5210; baseline 0.002 -25"><span class='ocrx_word' id='word_1_288' title='bbox 490 5130 630 5206; x_wconf 86' lang='grc' dir='ltr'>Πρὸς</span> <span class='ocrx_word' id='word_1_289' title='bbox 656 5136 772 5192; x_wconf 83' lang='grc' dir='ltr'>τοῖς</span> <span class='ocrx_word' id='word_1_290' title='bbox 803 5128 848 5185; x_wconf 86' lang='grc' dir='ltr'>δ’</span> <span class='ocrx_word' id='word_1_291' title='bbox 878 5131 1086 5188; x_wconf 79' lang='grc' dir='ltr'>ἀνεῖντο</span> <span class='ocrx_word' id='word_1_292' title='bbox 1116 5129 1305 5195; x_wconf 86' lang='grc' dir='ltr'>παῖδες</span> <span class='ocrx_word' id='word_1_293' title='bbox 1338 5133 1553 5209; x_wconf 77' lang='grc' dir='ltr'>εἱρκτῆς</span> <span class='ocrx_word' id='word_1_294' title='bbox 1588 5132 1660 5195; x_wconf 84' lang='grc' dir='ltr'>ὡς</span> <span class='ocrx_word' id='word_1_295' title='bbox 1690 5134 1863 5210; x_wconf 85' lang='grc' dir='ltr'>τάχος</span> 
     </span>
    </p>
   </div>
   <div class='ocr_carea' id='block_1_55' title="bbox 487 5218 1734 5299">
    <p class='ocr_par' dir='ltr' id='par_1_55' title="bbox 487 5218 1734 5299">
     <span class='ocr_line' id='line_1_55' title="bbox 487 5218 1734 5299; baseline 0.002 -24"><span class='ocrx_word' id='word_1_296' title='bbox 487 5220 667 5275; x_wconf 80' lang='grc' dir='ltr'>Αὐτοῦ</span> <span class='ocrx_word' id='word_1_297' title='bbox 696 5218 953 5294; x_wconf 86' lang='grc' dir='ltr'>τυράννου</span> <span class='ocrx_word' id='word_1_298' title='bbox 982 5221 1069 5275; x_wconf 80' lang='grc' dir='ltr'>καὶ</span> <span class='ocrx_word' id='word_1_299' title='bbox 1104 5218 1499 5277; x_wconf 88' lang='grc' dir='ltr'>κατακλείστων</span> <span class='ocrx_word' id='word_1_300' title='bbox 1530 5220 1734 5299; x_wconf 83' lang='grc' dir='ltr'>στίφος·</span> 
     </span>
    </p>
   </div>
   <div class='ocr_carea' id='block_1_56' title="bbox 484 5307 1734 5387">
    <p class='ocr_par' dir='ltr' id='par_1_56' title="bbox 484 5307 1734 5387">
     <span class='ocr_line' id='line_1_56' title="bbox 484 5307 1734 5387; baseline 0.003 -24"><span class='ocrx_word' id='word_1_301' title='bbox 484 5308 862 5384; x_wconf 76' lang='grc' dir='ltr'>Καθείργνυται</span> <span class='ocrx_word' id='word_1_302' title='bbox 895 5307 971 5378; x_wconf 74' lang='grc' dir='ltr'>δὲ,</span> <span class='ocrx_word' id='word_1_303' title='bbox 1006 5314 1102 5387; x_wconf 82' lang='grc' dir='ltr'><strong>φεῦ</strong></span> <span class='ocrx_word' id='word_1_304' title='bbox 1130 5310 1307 5385; x_wconf 89' lang='grc' dir='ltr'>τύχης</span> <span class='ocrx_word' id='word_1_305' title='bbox 1337 5317 1436 5381; x_wconf 81' lang='grc' dir='ltr'><strong>τῆς</strong></span> <span class='ocrx_word' id='word_1_306' title='bbox 1466 5311 1695 5367; x_wconf 81' lang='grc' dir='ltr'>ἀστάτου</span> <span class='ocrx_word' id='word_1_307' title='bbox 1722 5311 1734 5367; x_wconf 77' lang='grc' dir='ltr'><strong>ί</strong></span> 
     </span>
    </p>
   </div>
   <div class='ocr_carea' id='block_1_57' title="bbox 481 5392 1616 5474">
    <p class='ocr_par' dir='ltr' id='par_1_57' title="bbox 481 5392 1616 5474">
     <span class='ocr_line' id='line_1_57' title="bbox 481 5392 1616 5474; baseline -0.002 -20"><span class='ocrx_word' id='word_1_308' title='bbox 481 5392 938 5473; x_wconf 71' lang='grc' dir='ltr'>ΙΙρωτοσεϐαστὸς</span> <span class='ocrx_word' id='word_1_309' title='bbox 971 5398 1021 5452; x_wconf 85' lang='grc' dir='ltr'>ἐν</span> <span class='ocrx_word' id='word_1_310' title='bbox 1057 5399 1245 5471; x_wconf 81' lang='grc' dir='ltr'>μέσοις</span> <span class='ocrx_word' id='word_1_311' title='bbox 1275 5397 1616 5474; x_wconf 87' lang='grc' dir='ltr'>ἀνακτόροις,</span> 
     </span>
    </p>
   </div>
   <div class='ocr_carea' id='block_1_58' title="bbox 297 5482 1761 5561">
    <p class='ocr_par' dir='ltr' id='par_1_58' title="bbox 297 5482 1761 5561">
     <span class='ocr_line' id='line_1_58' title="bbox 297 5482 1761 5561; baseline -0.001 -17"><span class='ocrx_word' id='word_1_312' title='bbox 297 5493 440 5546; x_wconf 77' lang='grc'>4970</span> <span class='ocrx_word' id='word_1_313' title='bbox 482 5488 580 5541; x_wconf 78' lang='grc' dir='ltr'><strong>Καὶ</strong></span> <span class='ocrx_word' id='word_1_314' title='bbox 614 5482 892 5542; x_wconf 75' lang='grc' dir='ltr'>σϐέννυται</span> <span class='ocrx_word' id='word_1_315' title='bbox 927 5485 993 5555; x_wconf 77' lang='grc' dir='ltr'>δὴ</span> <span class='ocrx_word' id='word_1_316' title='bbox 1019 5488 1112 5549; x_wconf 80' lang='grc' dir='ltr'><strong>τάς</strong></span> <span class='ocrx_word' id='word_1_317' title='bbox 1142 5488 1304 5559; x_wconf 86' lang='grc' dir='ltr'>κόρας</span> <span class='ocrx_word' id='word_1_318' title='bbox 1332 5493 1437 5543; x_wconf 84' lang='grc' dir='ltr'><strong>τῶν</strong></span> <span class='ocrx_word' id='word_1_319' title='bbox 1472 5487 1761 5561; x_wconf 76' lang='grc' dir='ltr'>ὀμμάτων,</span> 
     </span>
    </p>
   </div>
   <div class='ocr_carea' id='block_1_59' title="bbox 484 5573 1628 5650">
    <p class='ocr_par' dir='ltr' id='par_1_59' title="bbox 484 5573 1628 5650">
     <span class='ocr_line' id='line_1_59' title="bbox 484 5573 1628 5650; baseline -0.002 -18"><span class='ocrx_word' id='word_1_320' title='bbox 484 5573 840 5650; x_wconf 82' lang='grc' dir='ltr'>Ἀνδρονίκου</span> <span class='ocrx_word' id='word_1_321' title='bbox 873 5574 1147 5647; x_wconf 80' lang='grc' dir='ltr'>κρίναντος</span> <span class='ocrx_word' id='word_1_322' title='bbox 1175 5575 1269 5632; x_wconf 79' lang='grc' dir='ltr'><strong>ὧδ’</strong></span> <span class='ocrx_word' id='word_1_323' title='bbox 1300 5575 1628 5647; x_wconf 86' lang='grc' dir='ltr'>ἀποστάτου,</span> 
     </span>
    </p>
   </div>
   <div class='ocr_carea' id='block_1_60' title="bbox 483 5665 1558 5743">
    <p class='ocr_par' dir='ltr' id='par_1_60' title="bbox 483 5665 1558 5743">
     <span class='ocr_line' id='line_1_60' title="bbox 483 5665 1558 5743; baseline -0.001 -24"><span class='ocrx_word' id='word_1_324' title='bbox 483 5668 633 5723; x_wconf 83' lang='grc' dir='ltr'><strong>Μετά</strong></span> <span class='ocrx_word' id='word_1_325' title='bbox 661 5668 891 5743; x_wconf 80' lang='grc' dir='ltr'>φαεινῶν</span> <span class='ocrx_word' id='word_1_326' title='bbox 925 5665 1228 5739; x_wconf 86' lang='grc' dir='ltr'>προκρίτων</span> <span class='ocrx_word' id='word_1_327' title='bbox 1259 5665 1558 5741; x_wconf 85' lang='grc' dir='ltr'>γερουσίας·</span> 
     </span>
    </p>
   </div>
   <div class='ocr_carea' id='block_1_61' title="bbox 1996 478 3371 551">
    <p class='ocr_par' dir='ltr' id='par_1_61' title="bbox 1996 478 3371 551">
     <span class='ocr_line' id='line_1_61' title="bbox 1996 478 3371 551; baseline 0.001 -18"><span class='ocrx_word' id='word_1_328' title='bbox 1996 482 2055 547; x_wconf 73' lang='grc' dir='ltr'><strong>Α</strong></span> <span class='ocrx_word' id='word_1_329' title='bbox 2085 478 2339 551; x_wconf 92' lang='lat' dir='ltr'><strong>quicum</strong></span> <span class='ocrx_word' id='word_1_330' title='bbox 2372 479 2643 536; x_wconf 84' lang='lat' dir='ltr'><strong>eunucho</strong></span> <span class='ocrx_word' id='word_1_331' title='bbox 2674 478 2989 535; x_wconf 81' lang='lat' dir='ltr'><strong>Andronici</strong></span> <span class='ocrx_word' id='word_1_332' title='bbox 3021 492 3371 549; x_wconf 83' lang='lat' dir='ltr'><strong>congressus</strong></span> 
     </span>
    </p>
   </div>
   <div class='ocr_carea' id='block_1_62' title="bbox 2071 568 3124 641">
    <p class='ocr_par' dir='ltr' id='par_1_62' title="bbox 2071 568 3124 641">
     <span class='ocr_line' id='line_1_62' title="bbox 2071 568 3124 641; baseline -0.001 -18"><span class='ocrx_word' id='word_1_333' title='bbox 2071 569 2215 623; x_wconf 92' lang='lat' dir='ltr'><strong>duce</strong></span> <span class='ocrx_word' id='word_1_334' title='bbox 2247 568 2545 640; x_wconf 86' lang='lat' dir='ltr'><strong>cepiarum</strong></span> <span class='ocrx_word' id='word_1_335' title='bbox 2575 568 3124 641; x_wconf 89' lang='lat' dir='ltr'><strong>Paphlagoniarum,</strong></span> 
     </span>
    </p>
   </div>
   <div class='ocr_carea' id='block_1_63' title="bbox 2072 658 3209 730">
    <p class='ocr_par' dir='ltr' id='par_1_63' title="bbox 2072 658 3209 730">
     <span class='ocr_line' id='line_1_63' title="bbox 2072 658 3209 730; baseline 0.002 -19"><span class='ocrx_word' id='word_1_336' title='bbox 2072 658 2307 713; x_wconf 93' lang='lat' dir='ltr'><strong>rudium</strong></span> <span class='ocrx_word' id='word_1_337' title='bbox 2341 658 2607 730; x_wconf 83' lang='lat' dir='ltr'><strong>quamvis</strong></span> <span class='ocrx_word' id='word_1_338' title='bbox 2637 658 2773 714; x_wconf 83' lang='lat' dir='ltr'><strong>belli</strong></span> <span class='ocrx_word' id='word_1_339' title='bbox 2798 658 3209 730; x_wconf 83' lang='lat' dir='ltr'><strong>agricolarum,</strong></span> 
     </span>
    </p>
   </div>
   <div class='ocr_carea' id='block_1_64' title="bbox 2074 745 3260 820">
    <p class='ocr_par' dir='ltr' id='par_1_64' title="bbox 2074 745 3260 820">
     <span class='ocr_line' id='line_1_64' title="bbox 2074 745 3260 820; baseline 0.003 -21"><span class='ocrx_word' id='word_1_340' title='bbox 2074 745 2319 816; x_wconf 80' lang='lat' dir='ltr'><strong>turpiter</strong></span> <span class='ocrx_word' id='word_1_341' title='bbox 2343 747 2686 819; x_wconf 85' lang='lat' dir='ltr'><strong>proﬂigatus</strong></span> <span class='ocrx_word' id='word_1_342' title='bbox 2720 748 3059 820; x_wconf 76' lang='lat' dir='ltr'><strong>Byzantium</strong></span> <span class='ocrx_word' id='word_1_343' title='bbox 3093 747 3260 818; x_wconf 80' lang='lat' dir='ltr'><strong>fugit.</strong></span> 
     </span>
    </p>
   </div>
   <div class='ocr_carea' id='block_1_65' title="bbox 2071 843 3226 913">
    <p class='ocr_par' dir='ltr' id='par_1_65' title="bbox 2071 843 3226 913">
     <span class='ocr_line' id='line_1_65' title="bbox 2071 843 3226 913; baseline 0.004 -20"><span class='ocrx_word' id='word_1_344' title='bbox 2071 844 2217 913; x_wconf 86' lang='lat' dir='ltr'><strong>Ergo</strong></span> <span class='ocrx_word' id='word_1_345' title='bbox 2249 859 2381 898; x_wconf 93' lang='lat' dir='ltr'><strong>cum</strong></span> <span class='ocrx_word' id='word_1_346' title='bbox 2416 844 2599 899; x_wconf 89' lang='lat' dir='ltr'><strong>victus</strong></span> <span class='ocrx_word' id='word_1_347' title='bbox 2623 844 2867 899; x_wconf 90' lang='lat' dir='ltr'><strong>redisset</strong></span> <span class='ocrx_word' id='word_1_348' title='bbox 2896 844 2966 898; x_wconf 90' lang='lat' dir='ltr'><strong>ad</strong></span> <span class='ocrx_word' id='word_1_349' title='bbox 3000 843 3226 910; x_wconf 86' lang='lat' dir='ltr'><strong>urbem,</strong></span> 
     </span>
    </p>
   </div>
   <div class='ocr_carea' id='block_1_66' title="bbox 2072 929 3184 1003">
    <p class='ocr_par' dir='ltr' id='par_1_66' title="bbox 2072 929 3184 1003">
     <span class='ocr_line' id='line_1_66' title="bbox 2072 929 3184 1003; baseline 0.003 -19"><span class='ocrx_word' id='word_1_350' title='bbox 2072 929 2144 984; x_wconf 92' lang='lat' dir='ltr'><strong>ab</strong></span> <span class='ocrx_word' id='word_1_351' title='bbox 2176 946 2241 985; x_wconf 91' lang='lat' dir='ltr'><strong>eo</strong></span> <span class='ocrx_word' id='word_1_352' title='bbox 2274 933 2578 1001; x_wconf 84' lang='lat' dir='ltr'><strong>pecuniam</strong></span> <span class='ocrx_word' id='word_1_353' title='bbox 2614 933 2809 987; x_wconf 77' lang='lat' dir='ltr'><strong>statim</strong></span> <span class='ocrx_word' id='word_1_354' title='bbox 2843 930 3184 1003; x_wconf 83' lang='lat' dir='ltr'><strong>repetebant</strong></span> 
     </span>
    </p>
   </div>
   <div class='ocr_carea' id='block_1_67' title="bbox 2072 1018 3368 1093">
    <p class='ocr_par' dir='ltr' id='par_1_67' title="bbox 2072 1018 3368 1093">
     <span class='ocr_line' id='line_1_67' title="bbox 2072 1018 3368 1093; baseline 0.003 -22"><span class='ocrx_word' id='word_1_355' title='bbox 2072 1018 2425 1090; x_wconf 84' lang='lat' dir='ltr'><strong>cives,quam</strong></span> <span class='ocrx_word' id='word_1_356' title='bbox 2458 1020 2607 1077; x_wconf 91' lang='lat' dir='ltr'><strong>bello</strong></span> <span class='ocrx_word' id='word_1_357' title='bbox 2640 1021 2889 1092; x_wconf 88' lang='lat' dir='ltr'><strong>gerendo</strong></span> <span class='ocrx_word' id='word_1_358' title='bbox 2924 1020 3322 1093; x_wconf 88' lang='lat' dir='ltr'><strong>insumpserat</strong></span> <span class='ocrx_word' id='word_1_359' title='bbox 3356 1038 3368 1075; x_wconf 93' lang='lat'><strong>:</strong></span> 
     </span>
    </p>
   </div>
   <div class='ocr_carea' id='block_1_68' title="bbox 2073 1109 3201 1181">
    <p class='ocr_par' dir='ltr' id='par_1_68' title="bbox 2073 1109 3201 1181">
     <span class='ocr_line' id='line_1_68' title="bbox 2073 1109 3201 1181; baseline 0.003 -19"><span class='ocrx_word' id='word_1_360' title='bbox 2073 1109 2227 1178; x_wconf 89' lang='lat' dir='ltr'><strong>quod</strong></span> <span class='ocrx_word' id='word_1_361' title='bbox 2260 1125 2409 1179; x_wconf 74' lang='lat' dir='ltr'><strong>aegre</strong></span> <span class='ocrx_word' id='word_1_362' title='bbox 2440 1110 2629 1165; x_wconf 86' lang='lat' dir='ltr'><strong>ferens</strong></span> <span class='ocrx_word' id='word_1_363' title='bbox 2662 1110 2974 1165; x_wconf 85' lang='lat' dir='ltr'><strong>maturavit</strong></span> <span class='ocrx_word' id='word_1_364' title='bbox 3008 1112 3201 1181; x_wconf 87' lang='lat' dir='ltr'><strong>fugam</strong></span> 
     </span>
    </p>
   </div>
   <div class='ocr_carea' id='block_1_69' title="bbox 2072 1196 3263 1269">
    <p class='ocr_par' dir='ltr' id='par_1_69' title="bbox 2072 1196 3263 1269">
     <span class='ocr_line' id='line_1_69' title="bbox 2072 1196 3263 1269; baseline 0.001 -17"><span class='ocrx_word' id='word_1_365' title='bbox 2072 1214 2205 1253; x_wconf 89' lang='lat' dir='ltr'><strong>cum</strong></span> <span class='ocrx_word' id='word_1_366' title='bbox 2239 1214 2339 1252; x_wconf 83' lang='lat' dir='ltr'><strong>sex</strong></span> <span class='ocrx_word' id='word_1_367' title='bbox 2370 1196 2609 1253; x_wconf 84' lang='lat' dir='ltr'><strong>armatis</strong></span> <span class='ocrx_word' id='word_1_368' title='bbox 2645 1198 3011 1269; x_wconf 83' lang='lat' dir='ltr'><strong>fortibusque</strong></span> <span class='ocrx_word' id='word_1_369' title='bbox 3041 1197 3263 1263; x_wconf 88' lang='lat' dir='ltr'><strong>liberis,</strong></span> 
     </span>
    </p>
   </div>
   <div class='ocr_carea' id='block_1_70' title="bbox 2072 1287 3375 1343">
    <p class='ocr_par' dir='ltr' id='par_1_70' title="bbox 2072 1287 3375 1343">
     <span class='ocr_line' id='line_1_70' title="bbox 2072 1287 3375 1343; baseline 0.001 -1"><span class='ocrx_word' id='word_1_370' title='bbox 2072 1292 2128 1342; x_wconf 91' lang='lat' dir='ltr'><strong>et</strong></span> <span class='ocrx_word' id='word_1_371' title='bbox 2158 1292 2343 1341; x_wconf 87' lang='lat' dir='ltr'><strong>semet</strong></span> <span class='ocrx_word' id='word_1_372' title='bbox 2375 1291 2529 1342; x_wconf 90' lang='lat' dir='ltr'><strong>recta</strong></span> <span class='ocrx_word' id='word_1_373' title='bbox 2560 1288 2627 1341; x_wconf 90' lang='lat' dir='ltr'><strong>ad</strong></span> <span class='ocrx_word' id='word_1_374' title='bbox 2655 1287 3053 1342; x_wconf 84' lang='lat' dir='ltr'><strong>Andronicum</strong></span> <span class='ocrx_word' id='word_1_375' title='bbox 3086 1287 3329 1343; x_wconf 85' lang='lat' dir='ltr'><strong>contulit</strong></span> <span class='ocrx_word' id='word_1_376' title='bbox 3362 1305 3375 1342; x_wconf 91' lang='lat'><strong><em>:</em></strong></span> 
     </span>
    </p>
   </div>
   <div class='ocr_carea' id='block_1_71' title="bbox 2073 1374 3100 1446">
    <p class='ocr_par' dir='ltr' id='par_1_71' title="bbox 2073 1374 3100 1446">
     <span class='ocr_line' id='line_1_71' title="bbox 2073 1374 3100 1446; baseline 0.002 -19"><span class='ocrx_word' id='word_1_377' title='bbox 2073 1374 2172 1446; x_wconf 91' lang='lat' dir='ltr'><strong>qui</strong></span> <span class='ocrx_word' id='word_1_378' title='bbox 2205 1374 2511 1429; x_wconf 87' lang='lat' dir='ltr'><strong>roboratus</strong></span> <span class='ocrx_word' id='word_1_379' title='bbox 2542 1374 2744 1446; x_wconf 85' lang='lat' dir='ltr'><strong>Angeli</strong></span> <span class='ocrx_word' id='word_1_380' title='bbox 2771 1375 3100 1445; x_wconf 64' lang='lat' dir='ltr'><strong>praesentia,</strong></span> 
     </span>
    </p>
   </div>
   <div class='ocr_carea' id='block_1_72' title="bbox 2071 1461 3166 1535">
    <p class='ocr_par' dir='ltr' id='par_1_72' title="bbox 2071 1461 3166 1535">
     <span class='ocr_line' id='line_1_72' title="bbox 2071 1461 3166 1535; baseline -0.002 -18"><span class='ocrx_word' id='word_1_381' title='bbox 2071 1461 2333 1534; x_wconf 85' lang='lat' dir='ltr'><strong>aliosque</strong></span> <span class='ocrx_word' id='word_1_382' title='bbox 2364 1462 2641 1517; x_wconf 91' lang='lat' dir='ltr'><strong>omittens</strong></span> <span class='ocrx_word' id='word_1_383' title='bbox 2673 1479 2957 1535; x_wconf 83' lang='lat' dir='ltr'><strong>occupare</strong></span> <span class='ocrx_word' id='word_1_384' title='bbox 2986 1462 3166 1531; x_wconf 76' lang='lat' dir='ltr'><strong>loces,</strong></span> 
     </span>
    </p>
   </div>
   <div class='ocr_carea' id='block_1_73' title="bbox 2070 1550 3248 1624">
    <p class='ocr_par' dir='ltr' id='par_1_73' title="bbox 2070 1550 3248 1624">
     <span class='ocr_line' id='line_1_73' title="bbox 2070 1550 3248 1624; baseline 0.002 -17"><span class='ocrx_word' id='word_1_385' title='bbox 2070 1567 2201 1607; x_wconf 92' lang='lat' dir='ltr'><strong>cum</strong></span> <span class='ocrx_word' id='word_1_386' title='bbox 2234 1551 2456 1623; x_wconf 81' lang='lat' dir='ltr'><strong>Angela</strong></span> <span class='ocrx_word' id='word_1_387' title='bbox 2489 1550 2826 1624; x_wconf 72' lang='lat' dir='ltr'><strong>Byzantium</strong></span> <span class='ocrx_word' id='word_1_388' title='bbox 2855 1551 3065 1621; x_wconf 83' lang='lat' dir='ltr'><strong>direxit</strong></span> <span class='ocrx_word' id='word_1_389' title='bbox 3095 1554 3203 1608; x_wconf 86' lang='lat' dir='ltr'><strong>iter</strong></span> <span class='ocrx_word' id='word_1_390' title='bbox 3236 1570 3248 1610; x_wconf 90' lang='lat'>:</span> 
     </span>
    </p>
   </div>
   <div class='ocr_carea' id='block_1_74' title="bbox 2071 1638 3244 1713">
    <p class='ocr_par' dir='ltr' id='par_1_74' title="bbox 2071 1638 3244 1713">
     <span class='ocr_line' id='line_1_74' title="bbox 2071 1638 3244 1713; baseline 0.003 -18"><span class='ocrx_word' id='word_1_391' title='bbox 2071 1645 2127 1696; x_wconf 92' lang='lat' dir='ltr'><strong>ct</strong></span> <span class='ocrx_word' id='word_1_392' title='bbox 2156 1655 2287 1696; x_wconf 93' lang='lat' dir='ltr'><strong>cum</strong></span> <span class='ocrx_word' id='word_1_393' title='bbox 2321 1638 2705 1696; x_wconf 87' lang='lat' dir='ltr'><strong>Chalcedonis</strong></span> <span class='ocrx_word' id='word_1_394' title='bbox 2737 1644 2891 1696; x_wconf 80' lang='lat' dir='ltr'><strong>esset</strong></span> <span class='ocrx_word' id='word_1_395' title='bbox 2921 1643 2978 1696; x_wconf 87' lang='lat' dir='ltr'><strong>in</strong></span> <span class='ocrx_word' id='word_1_396' title='bbox 3012 1642 3244 1713; x_wconf 89' lang='lat' dir='ltr'><strong>vicinia,</strong></span> 
     </span>
    </p>
   </div>
   <div class='ocr_carea' id='block_1_75' title="bbox 2067 1728 3078 1802">
    <p class='ocr_par' dir='ltr' id='par_1_75' title="bbox 2067 1728 3078 1802">
     <span class='ocr_line' id='line_1_75' title="bbox 2067 1728 3078 1802; baseline 0.003 -19"><span class='ocrx_word' id='word_1_397' title='bbox 2067 1728 2147 1783; x_wconf 91' lang='lat' dir='ltr'><strong>ibi</strong></span> <span class='ocrx_word' id='word_1_398' title='bbox 2178 1729 2489 1783; x_wconf 85' lang='lat' dir='ltr'><strong>tentorium</strong></span> <span class='ocrx_word' id='word_1_399' title='bbox 2524 1729 2645 1783; x_wconf 75' lang='lat' dir='ltr'><strong>ﬁxit</strong></span> <span class='ocrx_word' id='word_1_400' title='bbox 2676 1729 3078 1802; x_wconf 87' lang='lat' dir='ltr'><strong>substititque.</strong></span> 
     </span>
    </p>
   </div>
   <div class='ocr_carea' id='block_1_76' title="bbox 1992 1817 3150 1911">
    <p class='ocr_par' dir='ltr' id='par_1_76' title="bbox 1992 1817 3150 1911">
     <span class='ocr_line' id='line_1_76' title="bbox 1992 1817 3150 1911; baseline 0.003 -39"><span class='ocrx_word' id='word_1_401' title='bbox 1992 1847 2039 1911; x_wconf 83' lang='lat' dir='ltr'><strong>B</strong></span> <span class='ocrx_word' id='word_1_402' title='bbox 2071 1817 2510 1874; x_wconf 89' lang='lat' dir='ltr'><strong>Protosebastus</strong></span> <span class='ocrx_word' id='word_1_403' title='bbox 2542 1818 2696 1873; x_wconf 88' lang='lat' dir='ltr'><strong>haud</strong></span> <span class='ocrx_word' id='word_1_404' title='bbox 2730 1818 2881 1911; x_wconf 37' lang='lat' dir='ltr'><strong>po‘tis</strong></span> <span class='ocrx_word' id='word_1_405' title='bbox 2913 1817 3150 1875; x_wconf 86' lang='lat' dir='ltr'><strong>Alexius</strong></span> 
     </span>
    </p>
   </div>
   <div class='ocr_carea' id='block_1_77' title="bbox 2069 1904 3291 1980">
    <p class='ocr_par' dir='ltr' id='par_1_77' title="bbox 2069 1904 3291 1980">
     <span class='ocr_line' id='line_1_77' title="bbox 2069 1904 3291 1980; baseline 0.002 -18"><span class='ocrx_word' id='word_1_406' title='bbox 2069 1906 2321 1963; x_wconf 84' lang='lat' dir='ltr'><strong>exercitu</strong></span> <span class='ocrx_word' id='word_1_407' title='bbox 2356 1906 2606 1977; x_wconf 85' lang='lat' dir='ltr'><strong>pedestri</strong></span> <span class='ocrx_word' id='word_1_408' title='bbox 2639 1904 2907 1963; x_wconf 87' lang='lat' dir='ltr'><strong>rebellem</strong></span> <span class='ocrx_word' id='word_1_409' title='bbox 2941 1907 3291 1980; x_wconf 87' lang='lat' dir='ltr'><strong>opprimere,</strong></span> 
     </span>
    </p>
   </div>
   <div class='ocr_carea' id='block_1_78' title="bbox 2068 1993 3233 2067">
    <p class='ocr_par' dir='ltr' id='par_1_78' title="bbox 2068 1993 3233 2067">
     <span class='ocr_line' id='line_1_78' title="bbox 2068 1993 3233 2067; baseline 0.001 -16"><span class='ocrx_word' id='word_1_410' title='bbox 2068 1995 2321 2051; x_wconf 87' lang='lat' dir='ltr'><strong>nauticis</strong></span> <span class='ocrx_word' id='word_1_411' title='bbox 2351 1993 2532 2067; x_wconf 82' lang='lat' dir='ltr'><strong>copiis</strong></span> <span class='ocrx_word' id='word_1_412' title='bbox 2564 1995 2952 2051; x_wconf 88' lang='lat' dir='ltr'><strong>resistendum</strong></span> <span class='ocrx_word' id='word_1_413' title='bbox 2988 1997 3233 2052; x_wconf 86' lang='lat' dir='ltr'><strong>censuit.</strong></span> 
     </span>
    </p>
   </div>
   <div class='ocr_carea' id='block_1_79' title="bbox 2064 2092 3380 2165">
    <p class='ocr_par' dir='ltr' id='par_1_79' title="bbox 2064 2092 3380 2165">
     <span class='ocr_line' id='line_1_79' title="bbox 2064 2092 3380 2165; baseline 0.002 -17"><span class='ocrx_word' id='word_1_414' title='bbox 2064 2092 2203 2148; x_wconf 89' lang='lat' dir='ltr'><strong>Cum</strong></span> <span class='ocrx_word' id='word_1_415' title='bbox 2236 2109 2370 2165; x_wconf 87' lang='lat' dir='ltr'><strong>ergo</strong></span> <span class='ocrx_word' id='word_1_416' title='bbox 2400 2092 2686 2165; x_wconf 90' lang='lat' dir='ltr'><strong>plurimas</strong></span> <span class='ocrx_word' id='word_1_417' title='bbox 2712 2092 3083 2149; x_wconf 79' lang='lat' dir='ltr'><strong>instruxisset</strong></span> <span class='ocrx_word' id='word_1_418' title='bbox 3114 2093 3380 2151; x_wconf 89' lang='lat' dir='ltr'><strong>triremes</strong></span> 
     </span>
    </p>
   </div>
   <div class='ocr_carea' id='block_1_80' title="bbox 2063 2181 3253 2254">
    <p class='ocr_par' dir='ltr' id='par_1_80' title="bbox 2063 2181 3253 2254">
     <span class='ocr_line' id='line_1_80' title="bbox 2063 2181 3253 2254; baseline 0.003 -19"><span class='ocrx_word' id='word_1_419' title='bbox 2063 2181 2143 2237; x_wconf 90' lang='lat' dir='ltr'><strong>ita</strong></span> <span class='ocrx_word' id='word_1_420' title='bbox 2175 2186 2238 2237; x_wconf 88' lang='lat' dir='ltr'><strong>ut</strong></span> <span class='ocrx_word' id='word_1_421' title='bbox 2268 2187 2442 2237; x_wconf 89' lang='lat' dir='ltr'><strong>totam</strong></span> <span class='ocrx_word' id='word_1_422' title='bbox 2478 2181 2785 2254; x_wconf 88' lang='lat' dir='ltr'><strong>implerent</strong></span> <span class='ocrx_word' id='word_1_423' title='bbox 2819 2181 3253 2253; x_wconf 87' lang='lat' dir='ltr'><strong>Pr0pontidcm,</strong></span> 
     </span>
    </p>
   </div>
   <div class='ocr_carea' id='block_1_81' title="bbox 2060 2270 3285 2345">
    <p class='ocr_par' dir='ltr' id='par_1_81' title="bbox 2060 2270 3285 2345">
     <span class='ocr_line' id='line_1_81' title="bbox 2060 2270 3285 2345; baseline 0.002 -20"><span class='ocrx_word' id='word_1_424' title='bbox 2060 2275 2117 2326; x_wconf 92' lang='lat' dir='ltr'><strong>et</strong></span> <span class='ocrx_word' id='word_1_425' title='bbox 2145 2272 2678 2345; x_wconf 88' lang='lat' dir='ltr'><strong>Contostephanum</strong></span> <span class='ocrx_word' id='word_1_426' title='bbox 2712 2271 3031 2328; x_wconf 86' lang='lat' dir='ltr'><strong>maximum</strong></span> <span class='ocrx_word' id='word_1_427' title='bbox 3066 2270 3285 2327; x_wconf 91' lang='lat' dir='ltr'><strong>Ducam</strong></span> 
     </span>
    </p>
   </div>
   <div class='ocr_carea' id='block_1_82' title="bbox 2059 2358 3500 2433">
    <p class='ocr_par' dir='ltr' id='par_1_82' title="bbox 2059 2358 3500 2433">
     <span class='ocr_line' id='line_1_82' title="bbox 2059 2358 3500 2433; baseline 0.001 -20"><span class='ocrx_word' id='word_1_428' title='bbox 2059 2358 2459 2415; x_wconf 80' lang='lat' dir='ltr'><strong>scholarcham</strong></span> <span class='ocrx_word' id='word_1_429' title='bbox 2492 2361 2802 2416; x_wconf 88' lang='lat' dir='ltr'><strong>creavisset</strong></span> <span class='ocrx_word' id='word_1_430' title='bbox 2830 2378 3242 2433; x_wconf 86' lang='lat' dir='ltr'><strong>summumque</strong></span> <span class='ocrx_word' id='word_1_431' title='bbox 3273 2362 3500 2431; x_wconf 84' lang='lat' dir='ltr'><strong>ducem,</strong></span> 
     </span>
    </p>
   </div>
   <div class='ocr_carea' id='block_1_83' title="bbox 2050 2538 3087 2610">
    <p class='ocr_par' dir='ltr' id='par_1_83' title="bbox 2050 2538 3087 2610">
     <span class='ocr_line' id='line_1_83' title="bbox 2050 2538 3087 2610; baseline -0.002 -15"><span class='ocrx_word' id='word_1_432' title='bbox 2050 2539 2232 2610; x_wconf 87' lang='lat' dir='ltr'><strong>jussit</strong></span> <span class='ocrx_word' id='word_1_433' title='bbox 2262 2555 2393 2595; x_wconf 90' lang='lat' dir='ltr'><strong>cum</strong></span> <span class='ocrx_word' id='word_1_434' title='bbox 2426 2538 2589 2594; x_wconf 88' lang='lat' dir='ltr'><strong>hoste</strong></span> <span class='ocrx_word' id='word_1_435' title='bbox 2620 2538 2808 2594; x_wconf 89' lang='lat' dir='ltr'><strong>inviso</strong></span> <span class='ocrx_word' id='word_1_436' title='bbox 2842 2540 3087 2608; x_wconf 87' lang='lat' dir='ltr'><strong>decerte,</strong></span> 
     </span>
    </p>
   </div>
   <div class='ocr_carea' id='block_1_84' title="bbox 2058 2627 3187 2699">
    <p class='ocr_par' dir='ltr' id='par_1_84' title="bbox 2058 2627 3187 2699">
     <span class='ocr_line' id='line_1_84' title="bbox 2058 2627 3187 2699; baseline 0 -16"><span class='ocrx_word' id='word_1_437' title='bbox 2058 2629 2145 2684; x_wconf 89' lang='lat' dir='ltr'><strong>vel</strong></span> <span class='ocrx_word' id='word_1_438' title='bbox 2168 2633 2319 2684; x_wconf 91' lang='lat' dir='ltr'><strong>certe</strong></span> <span class='ocrx_word' id='word_1_439' title='bbox 2350 2627 2716 2699; x_wconf 81' lang='lat' dir='ltr'><strong>Byzantinam</strong></span> <span class='ocrx_word' id='word_1_440' title='bbox 2752 2628 2929 2684; x_wconf 89' lang='lat' dir='ltr'><strong>tutari</strong></span> <span class='ocrx_word' id='word_1_441' title='bbox 2962 2630 3187 2684; x_wconf 89' lang='lat' dir='ltr'><strong>urbem.</strong></span> 
     </span>
    </p>
   </div>
   <div class='ocr_carea' id='block_1_85' title="bbox 2062 2718 3216 2789">
    <p class='ocr_par' dir='ltr' id='par_1_85' title="bbox 2062 2718 3216 2789">
     <span class='ocr_line' id='line_1_85' title="bbox 2062 2718 3216 2789; baseline 0.001 -15"><span class='ocrx_word' id='word_1_442' title='bbox 2062 2718 2235 2774; x_wconf 89' lang='lat' dir='ltr'><strong>Paulo</strong></span> <span class='ocrx_word' id='word_1_443' title='bbox 2268 2727 2395 2789; x_wconf 88' lang='lat' dir='ltr'><strong>post</strong></span> <span class='ocrx_word' id='word_1_444' title='bbox 2426 2719 2643 2773; x_wconf 89' lang='lat' dir='ltr'><strong>missus</strong></span> <span class='ocrx_word' id='word_1_445' title='bbox 2675 2718 2900 2789; x_wconf 79' lang='lat' dir='ltr'><strong>legatus</strong></span> <span class='ocrx_word' id='word_1_446' title='bbox 2933 2738 2964 2773; x_wconf 87' lang='lat' dir='ltr'><strong>a</strong></span> <span class='ocrx_word' id='word_1_447' title='bbox 2995 2722 3216 2775; x_wconf 80' lang='lat' dir='ltr'><strong>Caesare</strong></span> 
     </span>
    </p>
   </div>
   <div class='ocr_carea' id='block_1_86' title="bbox 2060 2805 3092 2877">
    <p class='ocr_par' dir='ltr' id='par_1_86' title="bbox 2060 2805 3092 2877">
     <span class='ocr_line' id='line_1_86' title="bbox 2060 2805 3092 2877; baseline 0 -15"><span class='ocrx_word' id='word_1_448' title='bbox 2060 2809 2129 2862; x_wconf 90' lang='lat' dir='ltr'><strong>ad</strong></span> <span class='ocrx_word' id='word_1_449' title='bbox 2165 2805 2558 2861; x_wconf 82' lang='lat' dir='ltr'><strong>Andronicum</strong></span> <span class='ocrx_word' id='word_1_450' title='bbox 2593 2807 2692 2860; x_wconf 92' lang='lat' dir='ltr'><strong>ivit</strong></span> <span class='ocrx_word' id='word_1_451' title='bbox 2724 2806 2987 2877; x_wconf 81' lang='lat' dir='ltr'><strong>Xiphilin</strong></span> <span class='ocrx_word' id='word_1_452' title='bbox 3004 2825 3092 2874; x_wconf 93' lang='lat' dir='ltr'><strong>us,</strong></span> 
     </span>
    </p>
   </div>
   <div class='ocr_carea' id='block_1_87' title="bbox 2061 2892 3288 2965">
    <p class='ocr_par' dir='ltr' id='par_1_87' title="bbox 2061 2892 3288 2965">
     <span class='ocr_line' id='line_1_87' title="bbox 2061 2892 3288 2965; baseline -0.002 -13"><span class='ocrx_word' id='word_1_453' title='bbox 2061 2912 2214 2952; x_wconf 88' lang='lat' dir='ltr'><strong>unus</strong></span> <span class='ocrx_word' id='word_1_454' title='bbox 2247 2894 2560 2949; x_wconf 89' lang='lat' dir='ltr'><strong>illustrium</strong></span> <span class='ocrx_word' id='word_1_455' title='bbox 2595 2893 2859 2949; x_wconf 62' lang='lat' dir='ltr'><strong>Ecclesiae</strong></span> <span class='ocrx_word' id='word_1_456' title='bbox 2892 2892 3288 2965; x_wconf 89' lang='lat' dir='ltr'><strong>alumnorum,</strong></span> 
     </span>
    </p>
   </div>
   <div class='ocr_carea' id='block_1_88' title="bbox 2061 2982 3200 3056">
    <p class='ocr_par' dir='ltr' id='par_1_88' title="bbox 2061 2982 3200 3056">
     <span class='ocr_line' id='line_1_88' title="bbox 2061 2982 3200 3056; baseline -0.001 -16"><span class='ocrx_word' id='word_1_457' title='bbox 2061 2984 2173 3056; x_wconf 88' lang='lat' dir='ltr'><strong>ipsi</strong></span> <span class='ocrx_word' id='word_1_458' title='bbox 2206 2982 2511 3039; x_wconf 88' lang='lat' dir='ltr'><strong>oblaturus</strong></span> <span class='ocrx_word' id='word_1_459' title='bbox 2543 2982 2856 3053; x_wconf 88' lang='lat' dir='ltr'><strong>plurimam</strong></span> <span class='ocrx_word' id='word_1_460' title='bbox 2889 2983 3200 3055; x_wconf 87' lang='lat' dir='ltr'><strong>pecuniam</strong></span> 
     </span>
    </p>
   </div>
   <div class='ocr_carea' id='block_1_89' title="bbox 2060 3072 3149 3144">
    <p class='ocr_par' dir='ltr' id='par_1_89' title="bbox 2060 3072 3149 3144">
     <span class='ocr_line' id='line_1_89' title="bbox 2060 3072 3149 3144; baseline -0.003 -14"><span class='ocrx_word' id='word_1_461' title='bbox 2060 3077 2117 3130; x_wconf 88' lang='lat' dir='ltr'><strong>et</strong></span> <span class='ocrx_word' id='word_1_462' title='bbox 2146 3072 2498 3144; x_wconf 86' lang='lat' dir='ltr'><strong>dignitatum</strong></span> <span class='ocrx_word' id='word_1_463' title='bbox 2533 3072 2731 3127; x_wconf 87' lang='lat' dir='ltr'><strong>titulos</strong></span> <span class='ocrx_word' id='word_1_464' title='bbox 2765 3089 3149 3142; x_wconf 79' lang='lat' dir='ltr'><strong>summarum,</strong></span> 
     </span>
    </p>
   </div>
   <div class='ocr_carea' id='block_1_90' title="bbox 2063 3156 3300 3233">
    <p class='ocr_par' dir='ltr' id='par_1_90' title="bbox 2063 3156 3300 3233">
     <span class='ocr_line' id='line_1_90' title="bbox 2063 3156 3300 3233; baseline 0 -16"><span class='ocrx_word' id='word_1_465' title='bbox 2063 3162 2135 3229; x_wconf 88' lang='lat' dir='ltr'><strong>si,</strong></span> <span class='ocrx_word' id='word_1_466' title='bbox 2168 3161 2320 3233; x_wconf 86' lang='lat' dir='ltr'><strong>quod</strong></span> <span class='ocrx_word' id='word_1_467' title='bbox 2354 3165 2711 3232; x_wconf 82' lang='lat' dir='ltr'><strong>susceperat,</strong></span> <span class='ocrx_word' id='word_1_468' title='bbox 2747 3161 2965 3217; x_wconf 90' lang='lat' dir='ltr'><strong>omisso</strong></span> <span class='ocrx_word' id='word_1_469' title='bbox 3001 3156 3300 3217; x_wconf 88' lang='lat' dir='ltr'><strong>molimine</strong></span> 
     </span>
    </p>
   </div>
   <div class='ocr_carea' id='block_1_91' title="bbox 2062 3249 3092 3307">
    <p class='ocr_par' dir='ltr' id='par_1_91' title="bbox 2062 3249 3092 3307">
     <span class='ocr_line' id='line_1_91' title="bbox 2062 3249 3092 3307; baseline -0.002 0"><span class='ocrx_word' id='word_1_470' title='bbox 2062 3250 2261 3307; x_wconf 85' lang='lat' dir='ltr'><strong>statim</strong></span> <span class='ocrx_word' id='word_1_471' title='bbox 2294 3249 2635 3303; x_wconf 89' lang='lat' dir='ltr'><strong>incruentus</strong></span> <span class='ocrx_word' id='word_1_472' title='bbox 2667 3254 2816 3305; x_wconf 87' lang='lat' dir='ltr'><strong>retro</strong></span> <span class='ocrx_word' id='word_1_473' title='bbox 2849 3252 3092 3306; x_wconf 89' lang='lat' dir='ltr'><strong>cederet.</strong></span> 
     </span>
    </p>
   </div>
   <div class='ocr_carea' id='block_1_92' title="bbox 2063 3347 3158 3418">
    <p class='ocr_par' dir='ltr' id='par_1_92' title="bbox 2063 3347 3158 3418">
     <span class='ocr_line' id='line_1_92' title="bbox 2063 3347 3158 3418; baseline -0.001 -13"><span class='ocrx_word' id='word_1_474' title='bbox 2063 3349 2297 3415; x_wconf 80' lang='lat' dir='ltr'><strong>Renuit,</strong></span> <span class='ocrx_word' id='word_1_475' title='bbox 2330 3363 2394 3402; x_wconf 93' lang='lat' dir='ltr'><strong>ac</strong></span> <span class='ocrx_word' id='word_1_476' title='bbox 2426 3347 2675 3417; x_wconf 87' lang='lat' dir='ltr'><strong>superbe</strong></span> <span class='ocrx_word' id='word_1_477' title='bbox 2708 3348 3007 3418; x_wconf 88' lang='lat' dir='ltr'><strong>respondit</strong></span> <span class='ocrx_word' id='word_1_478' title='bbox 3039 3347 3158 3418; x_wconf 87' lang='lat' dir='ltr'><strong>ille,</strong></span> 
     </span>
    </p>
   </div>
   <div class='ocr_carea' id='block_1_93' title="bbox 2064 3434 3092 3507">
    <p class='ocr_par' dir='ltr' id='par_1_93' title="bbox 2064 3434 3092 3507">
     <span class='ocr_line' id='line_1_93' title="bbox 2064 3434 3092 3507; baseline 0 -15"><span class='ocrx_word' id='word_1_479' title='bbox 2064 3443 2126 3492; x_wconf 92' lang='lat' dir='ltr'><strong>ut</strong></span> <span class='ocrx_word' id='word_1_480' title='bbox 2150 3438 2304 3492; x_wconf 90' lang='lat' dir='ltr'><strong>fama</strong></span> <span class='ocrx_word' id='word_1_481' title='bbox 2334 3440 2422 3491; x_wconf 89' lang='lat' dir='ltr'><strong>est</strong></span> <span class='ocrx_word' id='word_1_482' title='bbox 2450 3435 2718 3491; x_wconf 88' lang='lat' dir='ltr'><strong>hortante</strong></span> <span class='ocrx_word' id='word_1_483' title='bbox 2745 3434 3045 3507; x_wconf 85' lang='lat' dir='ltr'><strong>Xiphilino</strong></span> <span class='ocrx_word' id='word_1_484' title='bbox 3080 3456 3092 3492; x_wconf 92' lang='lat'>:</span> 
     </span>
    </p>
   </div>
   <div class='ocr_carea' id='block_1_94' title="bbox 2063 3525 3268 3595">
    <p class='ocr_par' dir='ltr' id='par_1_94' title="bbox 2063 3525 3268 3595">
     <span class='ocr_line' id='line_1_94' title="bbox 2063 3525 3268 3595; baseline 0.001 -15"><span class='ocrx_word' id='word_1_485' title='bbox 2063 3526 2121 3581; x_wconf 92' lang='lat' dir='ltr'><strong>Si</strong></span> <span class='ocrx_word' id='word_1_486' title='bbox 2155 3525 2413 3595; x_wconf 86' lang='lat' dir='ltr'><strong>quidem,</strong></span> <span class='ocrx_word' id='word_1_487' title='bbox 2444 3527 2652 3593; x_wconf 72' lang='lat' dir='ltr'><strong>CtBSth,</strong></span> <span class='ocrx_word' id='word_1_488' title='bbox 2686 3525 3082 3580; x_wconf 82' lang='lat' dir='ltr'><strong>Andronicum</strong></span> <span class='ocrx_word' id='word_1_489' title='bbox 3115 3542 3268 3581; x_wconf 84' lang='lat' dir='ltr'><strong>aves.</strong></span> 
     </span>
    </p>
   </div>
   <div class='ocr_carea' id='block_1_95' title="bbox 2060 3612 3107 3683">
    <p class='ocr_par' dir='ltr' id='par_1_95' title="bbox 2060 3612 3107 3683">
     <span class='ocr_line' id='line_1_95' title="bbox 2060 3612 3107 3683; baseline 0.001 -14"><span class='ocrx_word' id='word_1_490' title='bbox 2060 3618 2214 3669; x_wconf 90' lang='lat' dir='ltr'><strong>retro</strong></span> <span class='ocrx_word' id='word_1_491' title='bbox 2246 3612 2486 3683; x_wconf 79' lang='lat' dir='ltr'><strong>pacifico</strong></span> <span class='ocrx_word' id='word_1_492' title='bbox 2520 3614 2817 3668; x_wconf 84' lang='lat' dir='ltr'><strong>cedentem</strong></span> <span class='ocrx_word' id='word_1_493' title='bbox 2852 3631 3107 3683; x_wconf 88' lang='lat' dir='ltr'><strong>cernere,</strong></span> 
     </span>
    </p>
   </div>
   <div class='ocr_carea' id='block_1_96' title="bbox 2063 3699 2949 3774">
    <p class='ocr_par' dir='ltr' id='par_1_96' title="bbox 2063 3699 2949 3774">
     <span class='ocr_line' id='line_1_96' title="bbox 2063 3699 2949 3774; baseline -0.001 -16"><span class='ocrx_word' id='word_1_494' title='bbox 2063 3700 2533 3774; x_wconf 87' lang='lat' dir='ltr'><strong>protosebastum</strong></span> <span class='ocrx_word' id='word_1_495' title='bbox 2562 3699 2686 3754; x_wconf 93' lang='lat' dir='ltr'><strong>loco</strong></span> <span class='ocrx_word' id='word_1_496' title='bbox 2709 3702 2949 3773; x_wconf 87' lang='lat' dir='ltr'><strong>depelle,</strong></span> 
     </span>
    </p>
   </div>
   <div class='ocr_carea' id='block_1_97' title="bbox 2061 3788 3207 3862">
    <p class='ocr_par' dir='ltr' id='par_1_97' title="bbox 2061 3788 3207 3862">
     <span class='ocr_line' id='line_1_97' title="bbox 2061 3788 3207 3862; baseline 0 -17"><span class='ocrx_word' id='word_1_497' title='bbox 2061 3788 2491 3859; x_wconf 90' lang='lat' dir='ltr'><strong>criminumque</strong></span> <span class='ocrx_word' id='word_1_498' title='bbox 2524 3804 2723 3857; x_wconf 69' lang='lat' dir='ltr'><strong>prunas</strong></span> <span class='ocrx_word' id='word_1_499' title='bbox 2757 3790 2827 3841; x_wconf 89' lang='lat' dir='ltr'><strong>ab</strong></span> <span class='ocrx_word' id='word_1_500' title='bbox 2860 3806 2924 3843; x_wconf 92' lang='lat' dir='ltr'><strong>eo</strong></span> <span class='ocrx_word' id='word_1_501' title='bbox 2950 3806 3207 3862; x_wconf 83' lang='lat' dir='ltr'><strong>reposce.</strong></span> 
     </span>
    </p>
   </div>
   <div class='ocr_carea' id='block_1_98' title="bbox 2062 3875 2943 3947">
    <p class='ocr_par' dir='ltr' id='par_1_98' title="bbox 2062 3875 2943 3947">
     <span class='ocr_line' id='line_1_98' title="bbox 2062 3875 2943 3947; baseline -0.005 -15"><span class='ocrx_word' id='word_1_502' title='bbox 2062 3878 2342 3934; x_wconf 69' lang='lat' dir='ltr'><strong>Praeterea</strong></span> <span class='ocrx_word' id='word_1_503' title='bbox 2372 3875 2572 3947; x_wconf 81' lang='lat' dir='ltr'><strong>regina</strong></span> <span class='ocrx_word' id='word_1_504' title='bbox 2603 3892 2812 3945; x_wconf 79' lang='lat' dir='ltr'><strong>parens</strong></span> <span class='ocrx_word' id='word_1_505' title='bbox 2844 3879 2943 3929; x_wconf 90' lang='lat' dir='ltr'><strong>tua</strong></span> 
     </span>
    </p>
   </div>
   <div class='ocr_carea' id='block_1_99' title="bbox 2063 3963 3235 4021">
    <p class='ocr_par' dir='ltr' id='par_1_99' title="bbox 2063 3963 3235 4021">
     <span class='ocr_line' id='line_1_99' title="bbox 2063 3963 3235 4021; baseline 0 0"><span class='ocrx_word' id='word_1_506' title='bbox 2063 3966 2483 4021; x_wconf 90' lang='lat' dir='ltr'><strong>monacharum</strong></span> <span class='ocrx_word' id='word_1_507' title='bbox 2510 3963 2694 4018; x_wconf 88' lang='lat' dir='ltr'><strong>instar</strong></span> <span class='ocrx_word' id='word_1_508' title='bbox 2724 3968 2954 4018; x_wconf 88' lang='lat' dir='ltr'><strong>attonsa</strong></span> <span class='ocrx_word' id='word_1_509' title='bbox 2986 3981 3235 4021; x_wconf 89' lang='lat' dir='ltr'><strong>comam.</strong></span> 
     </span>
    </p>
   </div>
   <div class='ocr_carea' id='block_1_100' title="bbox 2062 4052 3231 4126">
    <p class='ocr_par' dir='ltr' id='par_1_100' title="bbox 2062 4052 3231 4126">
     <span class='ocr_line' id='line_1_100' title="bbox 2062 4052 3231 4126; baseline 0.001 -17"><span class='ocrx_word' id='word_1_510' title='bbox 2062 4055 2257 4125; x_wconf 77' lang='lat' dir='ltr'><strong>vitam,</strong></span> <span class='ocrx_word' id='word_1_511' title='bbox 2290 4058 2353 4109; x_wconf 85' lang='lat' dir='ltr'><strong>ut</strong></span> <span class='ocrx_word' id='word_1_512' title='bbox 2384 4072 2485 4124; x_wconf 88' lang='lat' dir='ltr'><strong>par</strong></span> <span class='ocrx_word' id='word_1_513' title='bbox 2516 4060 2620 4119; x_wconf 85' lang='lat' dir='ltr'><strong>cst,</strong></span> <span class='ocrx_word' id='word_1_514' title='bbox 2656 4052 2978 4107; x_wconf 83' lang='lat' dir='ltr'><strong>solitarium</strong></span> <span class='ocrx_word' id='word_1_515' title='bbox 3012 4055 3184 4126; x_wconf 83' lang='lat' dir='ltr'><strong>degat</strong></span> <span class='ocrx_word' id='word_1_516' title='bbox 3217 4071 3231 4115; x_wconf 86' lang='lat'><strong>:</strong></span> 
     </span>
    </p>
   </div>
   <div class='ocr_carea' id='block_1_101' title="bbox 2062 4140 3420 4215">
    <p class='ocr_par' dir='ltr' id='par_1_101' title="bbox 2062 4140 3420 4215">
     <span class='ocr_line' id='line_1_101' title="bbox 2062 4140 3420 4215; baseline 0 -16"><span class='ocrx_word' id='word_1_517' title='bbox 2062 4149 2126 4200; x_wconf 92' lang='lat' dir='ltr'><strong>tu</strong></span> <span class='ocrx_word' id='word_1_518' title='bbox 2156 4159 2309 4207; x_wconf 89' lang='lat' dir='ltr'><strong>vero,</strong></span> <span class='ocrx_word' id='word_1_519' title='bbox 2345 4146 2407 4197; x_wconf 92' lang='lat' dir='ltr'><strong>ut</strong></span> <span class='ocrx_word' id='word_1_520' title='bbox 2438 4146 2527 4197; x_wconf 89' lang='lat' dir='ltr'><strong>est</strong></span> <span class='ocrx_word' id='word_1_521' title='bbox 2556 4140 2612 4196; x_wconf 91' lang='lat' dir='ltr'><strong>in</strong></span> <span class='ocrx_word' id='word_1_522' title='bbox 2642 4142 2825 4213; x_wconf 78' lang='lat' dir='ltr'><strong>patris</strong></span> <span class='ocrx_word' id='word_1_523' title='bbox 2857 4144 3150 4215; x_wconf 89' lang='lat' dir='ltr'><strong>supremis</strong></span> <span class='ocrx_word' id='word_1_524' title='bbox 3182 4142 3420 4213; x_wconf 90' lang='lat' dir='ltr'><strong>tabulis,</strong></span> 
     </span>
    </p>
   </div>
   <div class='ocr_carea' id='block_1_102' title="bbox 2061 4235 3125 4307">
    <p class='ocr_par' dir='ltr' id='par_1_102' title="bbox 2061 4235 3125 4307">
     <span class='ocr_line' id='line_1_102' title="bbox 2061 4235 3125 4307; baseline -0.001 -16"><span class='ocrx_word' id='word_1_525' title='bbox 2061 4238 2245 4291; x_wconf 63' lang='lat' dir='ltr'><strong>haeres</strong></span> <span class='ocrx_word' id='word_1_526' title='bbox 2278 4235 2503 4306; x_wconf 89' lang='lat' dir='ltr'><strong>imperii</strong></span> <span class='ocrx_word' id='word_1_527' title='bbox 2539 4242 2775 4307; x_wconf 82' lang='lat' dir='ltr'><strong>regnate</strong></span> <span class='ocrx_word' id='word_1_528' title='bbox 2808 4235 3125 4307; x_wconf 86' lang='lat' dir='ltr'><strong>legitimus.</strong></span> 
     </span>
    </p>
   </div>
   <div class='ocr_carea' id='block_1_103' title="bbox 2061 4323 2988 4396">
    <p class='ocr_par' dir='ltr' id='par_1_103' title="bbox 2061 4323 2988 4396">
     <span class='ocr_line' id='line_1_103' title="bbox 2061 4323 2988 4396; baseline -0.003 -14"><span class='ocrx_word' id='word_1_529' title='bbox 2061 4326 2268 4382; x_wconf 88' lang='lat' dir='ltr'><strong>Paucis</strong></span> <span class='ocrx_word' id='word_1_530' title='bbox 2300 4325 2506 4379; x_wconf 91' lang='lat' dir='ltr'><strong>deinde</strong></span> <span class='ocrx_word' id='word_1_531' title='bbox 2534 4323 2749 4396; x_wconf 90' lang='lat' dir='ltr'><strong>elapsis</strong></span> <span class='ocrx_word' id='word_1_532' title='bbox 2780 4324 2988 4379; x_wconf 90' lang='lat' dir='ltr'><strong>diebus</strong></span> 
     </span>
    </p>
   </div>
   <div class='ocr_carea' id='block_1_104' title="bbox 2063 4413 3333 4485">
    <p class='ocr_par' dir='ltr' id='par_1_104' title="bbox 2063 4413 3333 4485">
     <span class='ocr_line' id='line_1_104' title="bbox 2063 4413 3333 4485; baseline 0.001 -16"><span class='ocrx_word' id='word_1_533' title='bbox 2063 4415 2179 4470; x_wconf 78' lang='lat' dir='ltr'><strong>dux</strong></span> <span class='ocrx_word' id='word_1_534' title='bbox 2202 4430 2451 4485; x_wconf 89' lang='lat' dir='ltr'><strong>magnus</strong></span> <span class='ocrx_word' id='word_1_535' title='bbox 2482 4413 2735 4485; x_wconf 85' lang='lat' dir='ltr'><strong>sumptis</strong></span> <span class='ocrx_word' id='word_1_536' title='bbox 2769 4430 2968 4469; x_wconf 90' lang='lat' dir='ltr'><strong>secum</strong></span> <span class='ocrx_word' id='word_1_537' title='bbox 2995 4414 3333 4470; x_wconf 88' lang='lat' dir='ltr'><strong>triremibus</strong></span> 
     </span>
    </p>
   </div>
   <div class='ocr_carea' id='block_1_105' title="bbox 2062 4499 3199 4573">
    <p class='ocr_par' dir='ltr' id='par_1_105' title="bbox 2062 4499 3199 4573">
     <span class='ocr_line' id='line_1_105' title="bbox 2062 4499 3199 4573; baseline -0.001 -16"><span class='ocrx_word' id='word_1_538' title='bbox 2062 4503 2132 4557; x_wconf 91' lang='lat' dir='ltr'><strong>ad</strong></span> <span class='ocrx_word' id='word_1_539' title='bbox 2164 4502 2561 4557; x_wconf 86' lang='lat' dir='ltr'><strong>Andronicum</strong></span> <span class='ocrx_word' id='word_1_540' title='bbox 2595 4499 2766 4555; x_wconf 86' lang='lat' dir='ltr'><strong>celeri</strong></span> <span class='ocrx_word' id='word_1_541' title='bbox 2802 4518 2975 4555; x_wconf 88' lang='lat' dir='ltr'><strong>cursu</strong></span> <span class='ocrx_word' id='word_1_542' title='bbox 3007 4502 3155 4573; x_wconf 85' lang='lat' dir='ltr'><strong>fugit</strong></span> <span class='ocrx_word' id='word_1_543' title='bbox 3187 4518 3199 4556; x_wconf 88' lang='lat'><strong>:</strong></span> 
     </span>
    </p>
   </div>
   <div class='ocr_carea' id='block_1_106' title="bbox 2062 4587 3166 4664">
    <p class='ocr_par' dir='ltr' id='par_1_106' title="bbox 2062 4587 3166 4664">
     <span class='ocr_line' id='line_1_106' title="bbox 2062 4587 3166 4664; baseline -0.003 -17"><span class='ocrx_word' id='word_1_544' title='bbox 2062 4607 2185 4664; x_wconf 73' lang='lat' dir='ltr'><strong>quae</strong></span> <span class='ocrx_word' id='word_1_545' title='bbox 2218 4608 2308 4647; x_wconf 88' lang='lat' dir='ltr'><strong>res</strong></span> <span class='ocrx_word' id='word_1_546' title='bbox 2340 4588 2571 4661; x_wconf 83' lang='lat' dir='ltr'><strong>tyranni</strong></span> <span class='ocrx_word' id='word_1_547' title='bbox 2599 4587 2806 4643; x_wconf 81' lang='lat' dir='ltr'><strong>extulit</strong></span> <span class='ocrx_word' id='word_1_548' title='bbox 2837 4590 3166 4656; x_wconf 86' lang='lat' dir='ltr'><strong>audaciam,</strong></span> 
     </span>
    </p>
   </div>
   <div class='ocr_carea' id='block_1_107' title="bbox 2062 4680 3271 4754">
    <p class='ocr_par' dir='ltr' id='par_1_107' title="bbox 2062 4680 3271 4754">
     <span class='ocr_line' id='line_1_107' title="bbox 2062 4680 3271 4754; baseline -0.003 -16"><span class='ocrx_word' id='word_1_549' title='bbox 2062 4682 2525 4754; x_wconf 87' lang='lat' dir='ltr'><strong>prolosebastum</strong></span> <span class='ocrx_word' id='word_1_550' title='bbox 2556 4681 2747 4733; x_wconf 89' lang='lat' dir='ltr'><strong>autem</strong></span> <span class='ocrx_word' id='word_1_551' title='bbox 2783 4695 3022 4749; x_wconf 89' lang='lat' dir='ltr'><strong>prorsus</strong></span> <span class='ocrx_word' id='word_1_552' title='bbox 3055 4680 3223 4751; x_wconf 81' lang='lat' dir='ltr'><strong>fregit</strong></span> <span class='ocrx_word' id='word_1_553' title='bbox 3260 4696 3271 4734; x_wconf 91' lang='lat'><strong>:</strong></span> 
     </span>
    </p>
   </div>
   <div class='ocr_carea' id='block_1_108' title="bbox 2060 4765 3253 4843">
    <p class='ocr_par' dir='ltr' id='par_1_108' title="bbox 2060 4765 3253 4843">
     <span class='ocr_line' id='line_1_108' title="bbox 2060 4765 3253 4843; baseline -0.003 -17"><span class='ocrx_word' id='word_1_554' title='bbox 2060 4770 2397 4843; x_wconf 88' lang='lat' dir='ltr'><strong>passimque</strong></span> <span class='ocrx_word' id='word_1_555' title='bbox 2425 4765 2675 4837; x_wconf 90' lang='lat' dir='ltr'><strong>pepulus</strong></span> <span class='ocrx_word' id='word_1_556' title='bbox 2707 4767 2763 4820; x_wconf 91' lang='lat' dir='ltr'><strong>in</strong></span> <span class='ocrx_word' id='word_1_557' title='bbox 2796 4768 2937 4822; x_wconf 92' lang='lat' dir='ltr'><strong>urbe</strong></span> <span class='ocrx_word' id='word_1_558' title='bbox 2968 4767 3253 4824; x_wconf 89' lang='lat' dir='ltr'><strong>rebellans</strong></span> 
     </span>
    </p>
   </div>
   <div class='ocr_carea' id='block_1_109' title="bbox 2060 4858 3269 4930">
    <p class='ocr_par' dir='ltr' id='par_1_109' title="bbox 2060 4858 3269 4930">
     <span class='ocr_line' id='line_1_109' title="bbox 2060 4858 3269 4930; baseline -0.002 -13"><span class='ocrx_word' id='word_1_559' title='bbox 2060 4861 2217 4917; x_wconf 90' lang='lat' dir='ltr'><strong>hunc</strong></span> <span class='ocrx_word' id='word_1_560' title='bbox 2240 4858 2610 4929; x_wconf 89' lang='lat' dir='ltr'><strong>impudenter</strong></span> <span class='ocrx_word' id='word_1_561' title='bbox 2639 4859 2949 4928; x_wconf 87' lang='lat' dir='ltr'><strong>appetebat</strong></span> <span class='ocrx_word' id='word_1_562' title='bbox 2973 4859 3269 4930; x_wconf 90' lang='lat' dir='ltr'><strong>conviciis,</strong></span> 
     </span>
    </p>
   </div>
   <div class='ocr_carea' id='block_1_110' title="bbox 2060 4944 3130 5023">
    <p class='ocr_par' dir='ltr' id='par_1_110' title="bbox 2060 4944 3130 5023">
     <span class='ocr_line' id='line_1_110' title="bbox 2060 4944 3130 5023; baseline -0.003 -18"><span class='ocrx_word' id='word_1_563' title='bbox 2060 4952 2452 5023; x_wconf 71' lang='lat' dir='ltr'><strong>apostataeque</strong></span> <span class='ocrx_word' id='word_1_564' title='bbox 2484 4944 2749 5015; x_wconf 84' lang='lat' dir='ltr'><strong>partibus</strong></span> <span class='ocrx_word' id='word_1_565' title='bbox 2780 4946 3130 5015; x_wconf 62' lang='lat' dir='ltr'><strong>adhaerebat,</strong></span> 
     </span>
    </p>
   </div>
   <div class='ocr_carea' id='block_1_111' title="bbox 2059 5034 3216 5109">
    <p class='ocr_par' dir='ltr' id='par_1_111' title="bbox 2059 5034 3216 5109">
     <span class='ocr_line' id='line_1_111' title="bbox 2059 5034 3216 5109; baseline -0.003 -16"><span class='ocrx_word' id='word_1_566' title='bbox 2059 5040 2187 5109; x_wconf 86' lang='lat' dir='ltr'><strong>ejus</strong></span> <span class='ocrx_word' id='word_1_567' title='bbox 2217 5034 2511 5091; x_wconf 90' lang='lat' dir='ltr'><strong>demirans</strong></span> <span class='ocrx_word' id='word_1_568' title='bbox 2545 5034 2785 5088; x_wconf 86' lang='lat' dir='ltr'><strong>formam</strong></span> <span class='ocrx_word' id='word_1_569' title='bbox 2816 5039 2871 5089; x_wconf 92' lang='lat' dir='ltr'><strong>et</strong></span> <span class='ocrx_word' id='word_1_570' title='bbox 2902 5038 3216 5091; x_wconf 88' lang='lat' dir='ltr'><strong>senectam.</strong></span> 
     </span>
    </p>
   </div>
   <div class='ocr_carea' id='block_1_112' title="bbox 2058 5131 3052 5204">
    <p class='ocr_par' dir='ltr' id='par_1_112' title="bbox 2058 5131 3052 5204">
     <span class='ocr_line' id='line_1_112' title="bbox 2058 5131 3052 5204; baseline -0.005 -13"><span class='ocrx_word' id='word_1_571' title='bbox 2058 5136 2305 5204; x_wconf 87' lang='lat' dir='ltr'><strong>Insuper</strong></span> <span class='ocrx_word' id='word_1_572' title='bbox 2336 5131 2437 5186; x_wconf 82' lang='lat' dir='ltr'><strong>lilii</strong></span> <span class='ocrx_word' id='word_1_573' title='bbox 2470 5131 2793 5186; x_wconf 87' lang='lat' dir='ltr'><strong>liberantur</strong></span> <span class='ocrx_word' id='word_1_574' title='bbox 2824 5148 3052 5186; x_wconf 88' lang='lat' dir='ltr'><strong>carcere</strong></span> 
     </span>
    </p>
   </div>
   <div class='ocr_carea' id='block_1_113' title="bbox 2056 5219 3158 5297">
    <p class='ocr_par' dir='ltr' id='par_1_113' title="bbox 2056 5219 3158 5297">
     <span class='ocr_line' id='line_1_113' title="bbox 2056 5219 3158 5297; baseline -0.005 -18"><span class='ocrx_word' id='word_1_575' title='bbox 2056 5222 2282 5297; x_wconf 79' lang='lat' dir='ltr'><strong>tyranni</strong></span> <span class='ocrx_word' id='word_1_576' title='bbox 2316 5221 2599 5292; x_wconf 85' lang='lat' dir='ltr'><strong>ejusdem,</strong></span> <span class='ocrx_word' id='word_1_577' title='bbox 2626 5219 2840 5289; x_wconf 86' lang='lat' dir='ltr'><strong>aliique</strong></span> <span class='ocrx_word' id='word_1_578' title='bbox 2874 5219 3109 5291; x_wconf 90' lang='lat' dir='ltr'><strong>plurimi</strong></span> <span class='ocrx_word' id='word_1_579' title='bbox 3146 5237 3158 5274; x_wconf 93' lang='lat'>:</span> 
     </span>
    </p>
   </div>
   <div class='ocr_carea' id='block_1_114' title="bbox 2058 5306 3390 5367">
    <p class='ocr_par' dir='ltr' id='par_1_114' title="bbox 2058 5306 3390 5367">
     <span class='ocr_line' id='line_1_114' title="bbox 2058 5306 3390 5367; baseline -0.004 -1"><span class='ocrx_word' id='word_1_580' title='bbox 2058 5311 2350 5367; x_wconf 88' lang='lat' dir='ltr'><strong>clauditur</strong></span> <span class='ocrx_word' id='word_1_581' title='bbox 2381 5314 2592 5362; x_wconf 88' lang='lat' dir='ltr'><strong>autem.</strong></span> <span class='ocrx_word' id='word_1_582' title='bbox 2626 5324 2657 5361; x_wconf 90' lang='grc' dir='ltr'><strong>ο</strong></span> <span class='ocrx_word' id='word_1_583' title='bbox 2692 5308 2933 5361; x_wconf 72' lang='lat' dir='ltr'><strong>fortunas</strong></span> <span class='ocrx_word' id='word_1_584' title='bbox 2967 5306 3390 5364; x_wconf 83' lang='lat' dir='ltr'><strong>inconstantia!</strong></span> 
     </span>
    </p>
   </div>
   <div class='ocr_carea' id='block_1_115' title="bbox 2058 5394 3033 5470">
    <p class='ocr_par' dir='ltr' id='par_1_115' title="bbox 2058 5394 3033 5470">
     <span class='ocr_line' id='line_1_115' title="bbox 2058 5394 3033 5470; baseline -0.006 -15"><span class='ocrx_word' id='word_1_585' title='bbox 2058 5399 2496 5470; x_wconf 84' lang='lat' dir='ltr'><strong>protosebastus</strong></span> <span class='ocrx_word' id='word_1_586' title='bbox 2528 5395 2683 5465; x_wconf 82' lang='lat' dir='ltr'><strong>regio</strong></span> <span class='ocrx_word' id='word_1_587' title='bbox 2709 5396 2765 5448; x_wconf 88' lang='lat' dir='ltr'><strong>in</strong></span> <span class='ocrx_word' id='word_1_588' title='bbox 2798 5394 3033 5465; x_wconf 84' lang='lat' dir='ltr'><strong>palatio,</strong></span> 
     </span>
    </p>
   </div>
   <div class='ocr_carea' id='block_1_116' title="bbox 2056 5482 3226 5557">
    <p class='ocr_par' dir='ltr' id='par_1_116' title="bbox 2056 5482 3226 5557">
     <span class='ocr_line' id='line_1_116' title="bbox 2056 5482 3226 5557; baseline -0.004 -17"><span class='ocrx_word' id='word_1_589' title='bbox 2056 5489 2223 5557; x_wconf 88' lang='lat' dir='ltr'><strong>eique</strong></span> <span class='ocrx_word' id='word_1_590' title='bbox 2257 5486 2452 5539; x_wconf 86' lang='lat' dir='ltr'><strong>lumen</strong></span> <span class='ocrx_word' id='word_1_591' title='bbox 2484 5483 2781 5537; x_wconf 85' lang='lat' dir='ltr'><strong>oculorum</strong></span> <span class='ocrx_word' id='word_1_592' title='bbox 2816 5482 3226 5551; x_wconf 83' lang='lat' dir='ltr'><strong>exstinguitur,</strong></span> 
     </span>
    </p>
   </div>
   <div class='ocr_carea' id='block_1_117' title="bbox 2060 5569 3089 5629">
    <p class='ocr_par' dir='ltr' id='par_1_117' title="bbox 2060 5569 3089 5629">
     <span class='ocr_line' id='line_1_117' title="bbox 2060 5569 3089 5629; baseline -0.008 0"><span class='ocrx_word' id='word_1_593' title='bbox 2060 5575 2145 5629; x_wconf 88' lang='lat' dir='ltr'><strong>sic</strong></span> <span class='ocrx_word' id='word_1_594' title='bbox 2168 5576 2509 5628; x_wconf 78' lang='lat' dir='ltr'><strong>decernente</strong></span> <span class='ocrx_word' id='word_1_595' title='bbox 2532 5570 2856 5625; x_wconf 83' lang='lat' dir='ltr'><strong>Andronico</strong></span> <span class='ocrx_word' id='word_1_596' title='bbox 2881 5569 3089 5622; x_wconf 81' lang='lat' dir='ltr'><strong>rebelle</strong></span> 
     </span>
    </p>
   </div>
   <div class='ocr_carea' id='block_1_118' title="bbox 2070 5661 3261 5733">
    <p class='ocr_par' dir='ltr' id='par_1_118' title="bbox 2070 5661 3261 5733">
     <span class='ocr_line' id='line_1_118' title="bbox 2070 5661 3261 5733; baseline -0.003 -15"><span class='ocrx_word' id='word_1_597' title='bbox 2070 5680 2199 5719; x_wconf 90' lang='lat' dir='ltr'><strong>cum</strong></span> <span class='ocrx_word' id='word_1_598' title='bbox 2222 5661 2659 5733; x_wconf 83' lang='lat' dir='ltr'><strong>splendidorum</strong></span> <span class='ocrx_word' id='word_1_599' title='bbox 2694 5675 2993 5729; x_wconf 85' lang='lat' dir='ltr'><strong>procerum</strong></span> <span class='ocrx_word' id='word_1_600' title='bbox 3028 5674 3261 5715; x_wconf 90' lang='lat' dir='ltr'><strong>corona.</strong></span> 
     </span>
    </p>
   </div>
   <div class='ocr_carea' id='block_1_119' title="bbox 3618 352 3715 407">
    <p class='ocr_par' dir='ltr' id='par_1_119' title="bbox 3618 352 3715 407">
     <span class='ocr_line' id='line_1_119' title="bbox 3618 352 3715 407; baseline 0 0"><span class='ocrx_word' id='word_1_601' title='bbox 3618 352 3715 407; x_wconf 80' lang='grc'>190</span> 
     </span>
    </p>
   </div>
  </div>
