4138 6296
413 376 510 429 191
1612 387 1983 440 EPHREMII
2022 388 2047 441 ί

2170 386 2591 447 ONOGRAPHI
3696 388 3801 443 192

405 503 551 554 Tum
585 500 711 571 ipse
740 502 810 556 ad
838 503 1039 558 urbem
1074 504 1405 560 adventavit
1427 505 1669 578 regiam,

408 590 646 659 regique
680 589 899 646 humile
931 591 1145 647 obtulit
1175 593 1546 665 obsequium,

408 676 573 731 humi
606 682 957 747 prostratus,
994 680 1278 748 lacrymas
1303 683 1686 752 protendens.

403 764 551 819 Exin
582 766 864 836 correptis
897 767 1229 838 reipublicae
1264 768 1532 835 habenis,

400 852 573 923 coepit
604 854 674 908 ad
702 855 1011 911 arbitrium
1042 861 1251 912 cuncta
1274 874 1447 913 suum
1481 874 1699 930 gerere.

401 941 469 995 Et
491 957 682 1013 regem
716 942 951 1014 quidem
984 946 1310 1017 occupabat
1337 947 1650 1003 venatibus

405 1035 635 1085 astutus
667 1031 839 1087 homo
870 1038 926 1087 et
950 1033 1178 1088 lusibus
1208 1033 1440 1090 idoneis

406 1118 672 1173 custodia
701 1127 930 1189 septum
968 1120 1123 1191 vigili
1156 1126 1211 1175 et
1245 1121 1523 1177 malevola
1555 1140 1568 1179 :

405 1206 531 1278 ipse
564 1207 799 1278 regendi
832 1208 1063 1279 imperii
1095 1211 1355 1281 suscepit
1384 1228 1626 1280 curam;

403 1292 735 1350 mortalium
766 1295 893 1351 dira
922 1297 1192 1369 Erinnys,
1226 1305 1507 1354 cruentus
1538 1299 1721 1368 canis,

398 1382 698 1438 maleﬁcus
732 1384 1123 1454 Andronicus,
1161 1387 1305 1455 proh
1340 1387 1682 1443 calamitas!

403 1487 470 1525 ac
504 1472 871 1526 manifestam
903 1471 1117 1529 invasit
1146 1476 1544 1546 tyrannidem.

402 1568 472 1622 Et
501 1567 758 1638 praemiis
790 1568 1027 1639 quidem
1052 1571 1277 1626 ornavit
1307 1572 1534 1628 eximiis

405 1672 540 1711 cum
564 1655 708 1711 alios
739 1656 955 1713 multos
986 1663 1110 1713 tum
1142 1660 1404 1731 apprime
1433 1659 1837 1732 Paphlagonas

403 1744 501 1814 qui
534 1744 836 1799 rebellanti
870 1745 981 1800 sibi
1015 1747 1297 1802 auxilium
1337 1748 1592 1803 tulerant
1625 1765 1637 1802 :

402 1850 468 1887 ac
501 1832 815 1904 dignitates
844 1834 1184 1905 splendidas
1216 1836 1507 1891 sublimes

403 1920 608 1976 amicis
639 1922 764 1977 suis
796 1922 1063 1978 attribuit
1094 1932 1149 1979 et
1180 1940 1340 1979 noxae
1377 1924 1574 1980 sociis.

400 2009 667 2065 Illustres
698 2014 892 2065 autem
924 2011 1079 2067 viros
1109 2016 1166 2066 et
1191 2012 1404 2082 stirpes
1439 2012 1683 2070 nobiles.

403 2098 619 2168 partim
650 2098 874 2168 injusto
905 2116 1134 2155 carcere
1167 2101 1480 2169 conclusit,

403 2185 616 2256 partim
649 2187 844 2253 domo,
890 2188 1176 2259 cognatis,
1230 2190 1419 2260 patria
1449 2189 1649 2261 procul
1756 2236 1759 2237 ν

403 2272 627 2330 nullius
656 2274 878 2346 pepulit
907 2276 1168 2331 criminis
1197 2278 1517 2345 convictos,

407 2361 552 2417 alios
583 2363 837 2434 denique
867 2364 1052 2419 oculis
1083 2366 1345 2435 privavit.

404 2450 553 2521 Ergo
586 2451 802 2523 ubique
834 2452 1314 2524 miseria,ubique
1344 2453 1527 2525 dolor,

401 2538 655 2609 suspiria
689 2539 926 2610 ubique,
963 2540 1255 2613 lacrymas,
1288 2542 1561 2612 ejulatus.

398 2636 543 2691 Nam
568 2638 916 2707 properabat
944 2638 1312 2694 Andronicus
1342 2640 1611 2695 homines

399 2725 671 2795 (breviter
703 2730 766 2780 ut
795 2726 1007 2797 dicam)
1040 2726 1243 2782 tollere
1274 2728 1344 2782 de
1378 2728 1565 2783 medio

396 2814 485 2868 vel
517 2829 726 2885 genere
756 2816 1124 2885 conspicuos,
1156 2815 1241 2871 vel
1276 2816 1541 2883 consilio,

397 2900 482 2955 vel
518 2902 647 2957 forti
684 2919 857 2957 manu
894 2904 1166 2974 praeditos
1196 2904 1284 2960 vel
1312 2906 1620 2976 prudentia
1648 2924 1663 2973 ;

401 2989 670 3045 videlicet
701 2996 765 3044 ut
792 2995 936 3055 tute,
972 3000 1191 3046 remoto
1224 2993 1407 3058 obice,

405 3078 626 3149 regium
660 3094 843 3149 genus
875 3079 1138 3133 funditus
1169 3084 1471 3135 extereret.

392 3170 466 3219 At
489 3167 773 3222 Manuelis
805 3168 1077 3223 sultanus
1110 3173 1293 3222 morte
1326 3168 1582 3238 cognita,

392 3256 716 3326 Sozopolim
750 3255 1049 3325 occupavit
1074 3254 1336 3325 aliasque
1368 3256 1564 3323 urbes,

394 3348 450 3398 et
480 3344 765 3415 Cotyisam
799 3359 994 3397 arcem
1027 3346 1253 3397 armata
1276 3360 1454 3397 manu
1491 3362 1508 3398 :

396 3429 641 3501 insuper
672 3436 857 3486 terras
890 3431 1285 3486 Romanorum
1319 3430 1614 3501 proximas

396 3520 681 3593 plurimas
711 3520 825 3575 sibi
856 3520 1170 3575 vindicavit
1198 3520 1446 3575 bellans.

396 3610 510 3665 Nec
540 3625 672 3664 vero
700 3610 922 3664 interea
954 3610 1152 3664 minus
1172 3608 1519 3664 laborabant

396 3714 499 3770 per
528 3698 725 3753 Asiam
759 3697 893 3768 pagi
926 3698 1130 3752 rustici
1165 3695 1477 3766 multaeque
1510 3697 1680 3751 urbes

398 3786 548 3841 civili
580 3786 866 3841 seditione
896 3802 1030 3839 cum
1064 3785 1241 3839 variis
1272 3785 1553 3840 caedibus.

398 3885 471 3937 At
499 3882 655 3937 enim
687 3882 932 3936 callidus
961 3882 1332 3937 Andronicus
1360 3882 1558 3936 volens

403 3969 705 4026 studiosus
739 3969 892 4041 regis
925 3987 990 4025 ac
1023 3987 1327 4041 peramans
1358 3970 1559 4039 videri,

400 4075 433 4113 a
464 4058 794 4128 patriarcha
824 4076 955 4113 mox
986 4060 1249 4114 coronari
1271 4059 1454 4128 jussit

401 4146 813 4217 imperatorem
845 4151 1240 4202 Romanorum
1273 4146 1560 4214 Alexium,

403 4250 580 4304 quem
613 4234 737 4305 ipse
767 4235 1019 4305 propriis
1051 4234 1313 4289 humeris
1347 4239 1408 4287 ut
1430 4248 1621 4304 regem
1655 4233 1864 4287 extulit

400 4321 715 4378 sublimem
747 4321 806 4376 in
838 4327 1182 4393 suggestum
1205 4338 1340 4377 cum
1374 4322 1524 4376 ﬁctis
1559 4320 1834 4389 lacrymis
1867 4337 1880 4374 :

399 4410 783 4480 quamobrem
809 4409 982 4480 vulgo
1014 4421 1100 4464 est
1132 4408 1390 4463 creditus
1426 4412 1587 4479 patre
1620 4408 1844 4476 melior,

400 4497 670 4568 regisque
700 4497 1085 4553 adolescentis
1116 4502 1397 4567 tanquam
1432 4500 1589 4551 tutor
1622 4512 1635 4551 :

402 4586 502 4640 sed
534 4586 689 4639 enim
723 4584 880 4640 hunc
914 4584 1153 4655 projecit
1184 4600 1317 4638 mox
1343 4584 1398 4637 in
1433 4584 1799 4648 barathrum,

404 4678 466 4727 ut
497 4673 672 4728 David
706 4672 787 4727 ait
817 4672 1034 4727 alicubi
1067 4689 1161 4727 rex
1188 4672 1483 4726 fatidicus.

400 4770 533 4824 Jam
567 4774 875 4839 postquam
908 4786 1112 4825 omnes
1144 4769 1388 4824 sustulit
1417 4786 1446 4823 e
1481 4768 1691 4837 medio,

404 4862 598 4913 mente
628 4857 887 4928 agitabat
917 4857 1121 4911 sedula
1150 4857 1411 4927 quotidie

402 4962 518 5016 quo
550 4951 716 5016 pacto
747 4949 932 4999 totum
968 4950 1196 5015 raperet
1221 4946 1528 5015 imperium

402 5050 625 5105 proque
656 5049 761 5088 suo
794 5038 924 5087 voto
954 5038 1181 5104 gereret
1211 5050 1277 5087 ac
1309 5033 1493 5088 libito.

405 5126 467 5178 In
505 5122 705 5193 primis
736 5121 938 5193 igitur,
967 5138 998 5175 ο
1030 5121 1215 5176 diram
1263 5122 1651 5177 sententiam:

403 5215 590 5264 morte
622 5210 883 5280 reginam
918 5210 1160 5264 damnat
1188 5209 1581 5279 injustissima

401 5297 752 5352 criminibus
784 5296 1069 5367 conﬁctis,
1101 5313 1349 5368 eamque
1371 5296 1578 5368 laqueo

403 5386 622 5440 crudeli
658 5386 1023 5448 suffocatam,
1048 5385 1164 5439 vita
1195 5385 1404 5455 spoliat
1438 5401 1450 5438 :

404 5478 597 5543 atque,
627 5490 658 5527 o
693 5474 1055 5544 patientiam,
1087 5474 1315 5527 Christe
1347 5474 1494 5527 bone
1525 5475 1723 5529 tuam!

406 5563 768 5632 arenajubet
797 5562 960 5616 obrui
994 5561 1236 5615 cadaver

402 5649 630 5705 marino
663 5650 954 5720 abjectum
989 5647 1181 5702 littore
1203 5649 1329 5703 sine
1356 5648 1596 5707 honore.

2071 511 2123 577 A

2070 1865 2117 1929 Β

2069 4554 2116 4617 D

2329 510 2517 572 ⁰Ὀστις
2551 510 2727 585 ἀπῆρε
2756 511 2892 583 πρὸς
2918 508 3083 565 πόλιν
3119 508 3377 586 βασιλίδα

2325 599 2419 652 Καὶ
2452 603 2532 669 τῷ
2566 597 2782 672 βασιλεῖ
2812 598 3176 674 προσκύνησιν
3207 601 3495 672 προσνέμει

2151 687 2288 741 4975
2326 690 2571 752 Βαθεῖαν,
2606 686 2680 747 εἷς
2709 693 2811 760 γῆν
2847 688 3087 749 τανυθεὶς
3118 688 3208 741 καὶ
3240 685 3508 761 δακρύων·

2326 776 2532 826 Κοινῶν
2565 771 2748 827 ἔπειτα
2779 772 3114 847 πραγμάτων
3149 770 3512 848 δεδραγμένος

2324 862 2566 935 Ἐχρῆτο
2597 859 2779 916 τοῖσδε
2807 860 2944 925 καθά
2970 863 3023 917 οἱ
3054 858 3403 935 δεδογμένον.

2323 949 2679 1022 Κυνηγεσίοις
2713 947 2932 1024 βασιλεῖ
2960 951 3316 1024 προσανέχειν

2324 1033 2543 1099 Ἐνδοὺς
2573 1037 2601 1091 ὁ
2635 1034 2807 1098 δεινὸς
2841 1034 3083 1099 παιδιαῖς
3113 1058 3170 1091 τε
3199 1034 3534 1112 προσφόροις

2146 1134 2286 1189 4980
2326 1134 2475 1189 Μετά
2504 1133 2758 1210 φυλάκων
2790 1132 3067 1207 δυσμενῶν
3095 1133 3471 1189 κατασκόπων·

2320 1223 2525 1277 Ἐπειτ’
2556 1221 2861 1291 ἀνεζώσατο
2889 1224 3082 1277 κοινῶν
3109 1218 3368 1299 φροντίδα

2323 1312 2546 1384 Βροτῶν
2579 1310 2785 1385 ἑριννῦς
2816 1312 2907 1364 καὶ
2938 1310 3268 1387 φιλαίματος
3309 1309 3474 1379 κύων,

2322 1397 2540 1468 Ῥέκτης
2569 1419 2626 1453 τε
2654 1403 2833 1452 κακῶν
2864 1397 3232 1468 Ἀνδρόνικος,
3267 1397 3311 1450 ὣ
3341 1398 3545 1460 πάθους

2322 1487 2418 1540 Καὶ
2451 1491 2693 1563 φανερῶς
2721 1484 2900 1560 ἥψατο
2931 1494 3031 1556 τῆς
3057 1483 3386 1561 τυραννίδος.

2147 1576 2288 1631 4085
2324 1569 2636 1646 Ἀμείὸεται
2673 1575 2766 1647 μὲν
2801 1572 3029 1650 δωρεαῖς
3061 1569 3253 1646 ἁϐραῖς
3284 1572 3423 1627 πάνυ

2322 1662 2567 1724 Ἄλλους
2596 1683 2655 1717 τε
2682 1660 2929 1724 πολλοὺς
2960 1663 3048 1717 καὶ
3080 1661 3248 1716 πλέον
3280 1661 3641 1739 Παφλαγόνας

2325 1749 2444 1811 Ιοὺς
2484 1748 2625 1821 τῷδε
2655 1752 3064 1825 συμπράξαντας
3088 1749 3437 1804 ἀποστασίαν·

2321 1840 2471 1910 Τιμᾷ
2503 1837 2560 1892 δὲ
2592 1837 2872 1913 λαμπραῖς
2902 1838 2990 1892 καὶ
3027 1838 3289 1911 μεγάλαις
3318 1836 3488 1908 ἀξίαις

2325 1926 2430 1987 Οὓς
2461 1926 2577 2001 εἶχε
2605 1927 2834 1988 πιστοὺς
2865 1927 2953 1981 καὶ
2987 1924 3269 2001 συνεργοὺς
3301 1925 3507 1985 κακίας·

2146 2016 2288 2071 4990
2326 2012 2558 2090 Ἀνδρῶν
2587 2014 2849 2087 ἐπιτίμων
2881 2012 2937 2068 δὲ
2963 2013 3051 2068 καὶ
3084 2011 3353 2087 λαμπρῶν
3382 2011 3544 2088 γένει,

2323 2104 2391 2159 Οἱ
2425 2104 2518 2175 μὶν
2552 2102 2816 2180 φυλακαῖς
2842 2101 3236 2176 ἐγκαθείργυντ⁹
3264 2101 3506 2175 ἀλόγως,

2323 2192 2385 2244 O't
2419 2189 2467 2245 δ’
2495 2192 2669 2253 οἲκίας
2697 2212 2754 2245 τε
2780 2195 3046 2267 συγγενῶν
3076 2189 3163 2245 καὶ
3194 2188 3457 2265 πατρίδος

2326 2278 2546 2354 Μακράν
2578 2278 2959 2349 ἀπηλαύνοντο
2988 2278 3164 2354 χωρὶς
3189 2276 3386 2349 αἰτίας,

2323 2365 2524 2424 ’Ἄλλοι
2559 2364 2605 2420 δ’
2635 2361 3026 2421 ἀπεσϐέννυντο
3055 2364 3294 2441 λύχνους
3326 2362 3612 2438 ὀμμάτων,

2147 2464 2289 2518 4995
2327 2462 2428 2519 Καὶ
2459 2463 2629 2516 πάντα
2660 2464 2828 2535 μεστά
2857 2468 3139 2540 συμφορᾶς
3169 2463 3235 2530 ἦν
3266 2460 3356 2516 καὶ
3387 2463 3590 2522 πάθους

2324 2553 2519 2628 Πλήρη
2554 2552 2800 2629 δακρύων
2833 2554 2922 2609 καὶ
2952 2560 3258 2630 στεναγμῶν
3291 2554 3381 2608 καὶ
3409 2552 3573 2629 γύων·

2321 2640 2585 2698 Ἕσπευδε
2612 2643 2699 2696 καί
2731 2642 2833 2717 γάρ
2868 2640 3211 2713 Ἀνδρόνικος
3241 2641 3301 2697 ἐκ
3332 2642 3519 2714 μέσου,

2321 2731 2407 2791 Ὠς
2439 2728 2674 2784 συνελὼν
2705 2728 2939 2803 εἷ’ποιμι,
2972 2734 3143 2785 θεῖναι
3173 2731 3389 2803 ταχέως

2324 2816 2673 2893 Προῦχοντας
2701 2816 2895 2890 ἄνδρας
2935 2817 3191 2894 εὐγενεῖς,
3228 2815 3635 2894 βουληφόρους,

2141 2908 2284 2963 5000
2319 2906 2509 2980 Ῥώμῃ
2543 2903 2891 2983 διαφέροντας
2912 2904 2947 2974 ἢ
2978 2905 3067 2960 καὶ
3099 2904 3324 2973 συνέσει,

2316 2995 2406 3056 Ὠς
2436 2991 2483 3048 δ’
2514 2991 2683 3055 ἀδεως
2710 3014 2770 3048 τε
2797 2991 3070 3066 κωλύμης
3101 2994 3276 3063 πάσης
3308 2990 3436 3067 δίχα

2318 3078 2523 3155 ’Ἄρδην
2554 3081 2617 3135 τὸ
2651 3078 2921 3148 βασίλειον
2955 3079 3181 3155 ἐκτρίψῃ
3212 3081 3387 3157 γένος.
3436 3088 3445 3091 “

2315 3170 2376 3226 Ὁ
2409 3166 2455 3223 δ’
2483 3169 2547 3223 αὗ
2578 3168 2896 3239 σουλτάνος,
2930 3168 3198 3239 Μανουήλ
3227 3168 3387 3243 γνοὺς
3411 3169 3500 3223 τὸν
3539 3169 3733 3244 μόρον.

2318 3258 2558 3331 Κατέσχε
2588 3256 2932 3327 Σωζόπολιν,
2965 3255 3137 3319 ἄλλας
3164 3258 3211 3312 τ’
3242 3255 3307 3311 αὖ
3335 3255 3545 3324 πόλεις,

2137 3347 2281 3401 5005
2319 3346 2419 3399 Καὶ
2447 3346 2509 3400 τὸ
2540 3347 2827 3401 Κοτυάειον
2857 3343 2986 3401 ἄστυ
3013 3349 3082 3420 τῇ
3117 3347 3291 3420 μάχῃί

2316 3436 2597 3506 Ῥωμαϊκά
2623 3431 2680 3488 δὲ
2704 3434 2792 3489 καὶ
2822 3436 3093 3509 πρόσοικα
3122 3433 3304 3508 χωρία

2316 3520 2554 3577 ΙΙλεῖστα
2584 3525 2957 3597 παρεστήσατο
2986 3527 3064 3593 τῷ
3098 3523 3284 3596 μάχης
3314 3521 3492 3594 νόμῳ.

2315 3612 2592 3684 Ἐπασχον
2626 3611 2737 3685 οὐχ
2766 3612 2930 3679 ἧττον
2963 3608 3019 3665 δὲ
3050 3607 3490 3685 δυστυχεστάτως

2319 3698 2561 3755 Ἀσιαναὶ
2590 3698 2774 3771 κῶμαί
2799 3720 2857 3754 τε
2882 3700 2971 3753 καὶ
3002 3696 3207 3753 πολλαὶ
3239 3695 3450 3766 πόλεις,

2139 3798 2281 3852 5010
2322 3798 2407 3867 Ἐξ
2439 3796 2708 3874 ἐμφυλίου
2739 3798 2972 3859 στάσεως
3005 3792 3378 3875 φθισιϐρότου·

2320 3881 2524 3947 Εὔνους
2560 3885 2774 3960 βασιλεῖ
2802 3887 2889 3940 καὶ
2923 3883 3286 3961 φιλόστοργος
3317 3883 3489 3948 θέλων

2320 3979 2505 4027 Δοκεῖν
2538 3979 2841 4048 πανοῦργος
2874 3971 3219 4049 Ἀνδρόνικος
3250 3974 3567 4048 τυγχάνειν,

2320 4062 2481 4136 Χερσί
2509 4064 2798 4139 πεφθῆναι
2829 4062 3091 4134 ποιμένος
3123 4058 3338 4116 σπεύδει
3367 4061 3510 4136 τάχα

2319 4152 2425 4207 Τὸν
2457 4149 2696 4223 Ἀλέξιον
2729 4150 3079 4225 αὐτοκράτορ’
3104 4149 3377 4217 Αὐσόνων,

2144 4242 2286 4298 5015
2321 4240 2525 4296 “Οντιν’
2556 4238 2637 4293 ἐπ’
2669 4236 2834 4311 ὤμων
2869 4239 2942 4299 ὡς
2975 4236 3175 4293 ἄνακτα
3210 4238 3475 4314 βαστάσας

2324 4327 2440 4382 Ἐπ’
2471 4321 2786 4400 ὀκρίϐαντος
2819 4325 3001 4399 ἀνάγει
3027 4323 3366 4401 δακρυχέων·

2322 4415 2481 4477 Ὅθεν
2512 4414 2652 4468 τισὶν
2686 4410 2832 4485 ἔδοξε
2862 4415 3065 4489 πατρὸς
3102 4412 3357 4489 βελτίων,

2326 4503 2421 4555 Καὶ
2454 4498 2708 4574 κηδεμὼν
2744 4501 2875 4555 εἶναί
2902 4524 2986 4563 τις
3014 4505 3241 4564 ἄνακτος
3274 4503 3415 4556 νέου·

2322 4594 2492 4666 ’Ἀρας
2519 4586 2574 4643 δὶ
2603 4587 2758 4643 τόνδε
2786 4590 3102 4666 κατέρῥαξεν
3138 4591 3211 4652 εἷς
3245 4589 3402 4666 χάος,

2141 4681 2283 4736 5020
2320 4682 2414 4739 ’Ὡς
2443 4699 2547 4732 που
2582 4676 2820 4750 μελῳδεῖ
2846 4674 3010 4733 Δαϐὶδ
3042 4680 3068 4733 ὁ
3101 4678 3469 4757 προφητάναξ,

2289 4770 2295 4775 ’
2322 4766 2472 4824 Μετά
2500 4764 2557 4821 δὲ
2586 4766 2646 4820 τὸ
2677 4766 2985 4839 ξύμπαντας
3018 4766 3077 4821 ἐκ
3111 4766 3275 4839 μέσου
3307 4764 3518 4841 δρᾶσαι,

2321 4856 2409 4917 Ὠς
2444 4854 2706 4930 κυριεύων
2736 4861 2835 4924 τῆς
2868 4854 3005 4924 ὅλης
3029 4856 3364 4930 κραταρχίας

2322 4944 2419 4997 Καὶ
2443 4941 2607 5013 τήνδε
2644 4943 2819 5004 καθὼς
2853 4942 3066 4997 ἐσκόπει
3100 4940 3379 5018 διεξάγων,

2322 5029 2638 5085 Ἀναπολῶν
2672 5031 2736 5099 ἦν
2765 5032 2900 5085 κατά
2926 5035 3049 5085 νοῦν
3082 5031 3372 5106 ὁσημέραι,

2142 5129 2285 5183 5025
2324 5128 2421 5181 Καὶ
2451 5131 2640 5199 πρῶτα
2674 5128 2792 5198 μὶν,
2826 5131 2922 5204 φεῦ
2950 5129 3047 5195 τῆς
3079 5128 3441 5200 ἀπανθρώπου
3481 5123 3634 5196 δίκης
3665 5128 3678 5182 ί

2321 5214 2503 5288 Μόραν
2530 5217 2908 5289 κατακέκρικεν
2941 5212 3125 5270 ἄδικον
3165 5216 3303 5269 πάνυ

2324 5305 2439 5372 Τῆς
2470 5301 2794 5376 βασιλίσσης
2822 5301 2995 5365 αἰτίας
3024 5300 3357 5369 ἀναπλάσας,

2320 5394 2423 5446 Ἠν
2453 5391 2745 5465 ἀπαγαγὼν
2779 5398 3051 5465 πνιγμονῆ
3085 5396 3251 5464 πικρᾷ
3287 5390 3426 5463 βίου,

2327 5485 2437 5547 Σῆς
2467 5478 2699 5553 ἀνοχῆς,
2737 5476 3081 5553 εὕσπλαγχνε
3109 5481 3299 5553 Χριστέ
3331 5500 3434 5550 μου
3470 5478 3642 5552 Λόγεί

2146 5568 2289 5623 5030
2327 5566 2555 5638 Ψάμμῳ
2583 5562 2849 5639 κρυϐῆναι
2876 5564 3039 5635 τῆσδε
3066 5566 3256 5639 νεκρὸν
3287 5565 3493 5637 ἀτίμως

2324 5655 2541 5716 Ἀκταῖς
2571 5651 2781 5708 κελεύει
2807 5661 2905 5723 τῆς
2932 5654 3203 5723 θαλάσσης
3241 5653 3317 5716 ὡς
3345 5652 3509 5727 τύχοι
