4136 6292
302 375 405 429 193

485 494 712 560 Σπουδῆ
745 492 792 548 δ’
820 491 1005 549 έπειτα
1032 494 1290 572 φρατρίας
1323 491 1702 568 Ἀνδρονίκου,

483 578 916 656 Συμϐασιλεύειν
950 580 1288 655 Ἀνδρόνικος
1319 580 1621 655 προύκρίθη

482 672 610 743 Νέῳ
644 668 863 746 βασιλεῖ
893 670 983 724 καὶ
1012 670 1214 745 κράτος
1243 667 1537 724 συνδέπιιν.

299 763 445 817 5035
485 761 584 813 Καὶ
618 753 943 813 καταλαϐὼν
966 759 1056 812 τὸν
1088 762 1223 812 Θεοῦ
1256 756 1417 829 μέγαν
1447 754 1613 828 δόμον

487 846 585 901 Καὶ
615 847 950 916 ταινιωθεὶς,
980 847 1054 907 ὡς
1088 844 1206 906 ἔθος
1239 845 1621 921 στειοηφόροις,

484 938 683 1008 ’Ἀρτον
709 932 905 1003 δεῆσαν
938 933 1186 1008 οὐράνιον
1217 929 1502 1004 λαμϐάνεν

487 1027 590 1081 Καὶ
622 1024 761 1079 κατά
790 1028 1028 1100 φρικτῶν
1054 1022 1245 1095 ὀμνύει
1282 1022 1589 1097 μυστηρίων

491 1115 565 1167 Ἢ
601 1112 709 1183 μὴν
743 1109 997 1188 φυλάξειν
1024 1111 1103 1182 τῷ
1129 1112 1234 1182 νέῳ
1263 1105 1589 1186 στεφηφόρῳ

319 1201 461 1254 5040
499 1196 684 1252 Ηίστιν
717 1196 1006 1273 ἀκραιφνῆ,
1039 1196 1129 1251 καὶ
1160 1201 1341 1268 νεμεῖν
1374 1193 1535 1249 τοῦδε
1563 1194 1745 1270 κράτει

498 1286 596 1353 τὴν
632 1282 863 1352 δυνατὴν
894 1284 1164 1357 σύναρσιν,
1196 1283 1270 1344 ὡς
1297 1284 1477 1354 πατὴρ
1510 1281 1693 1355 φίλος.

499 1370 647 1428 Ἐπεὶ
680 1368 731 1425 δ’
756 1367 861 1425 ἔσω
886 1371 1093 1443 γένοιτο
1121 1374 1227 1425 τῶν
1256 1370 1566 1443 ἀνακτόρων

494 1457 895 1532 ’Λναγορευθεὶς
929 1457 1181 1532 βασιλεὺς
1212 1457 1563 1534 αύτοκρατωρ

490 1546 760 1619 Ἔφορκος
796 1542 1135 1618 Ἀνδρόνικος
1172 1544 1410 1617 αἱμύλος
1440 1547 1616 1620 φύσει,

310 1635 454 1690 5045
490 1634 729 1704 Μνήμην
762 1628 938 1709 φέρων
970 1632 1197 1687 ἔναυλον
1222 1634 1423 1708 ὁρκίων
1452 1633 1556 1705 ἔτι,

493 1721 580 1783 Ὦς
610 1722 712 1793 θὴρ
742 1720 958 1797 ἐφορμᾷ
984 1726 1063 1793 τῷ
1092 1724 1195 1793 νέῳ
1227 1723 1576 1799 στεφηφόρῳ,

494 1809 599 1863 Καὶ
628 1805 775 1862 τόνδ’
806 1807 1144 1878 έθοινήσατο,
1172 1813 1269 1885 φεῦ
1301 1809 1521 1885 οἰκτροῦ
1552 1810 1754 1876 πάθους
1792 1812 1807 1868 l

495 1896 669 1968 Τόξου
697 1896 801 1971 γάρ
832 1895 991 1950 αὐτὸν
1018 1900 1286 1971 πνιγμονῆ
1308 1902 1498 1970 νευρᾶς
1526 1897 1740 1974 νύκτωρ

495 1983 625 2041 Βίου
655 1983 917 2058 παρόντος
948 1980 1227 2059 δυστυχῶς
1258 1985 1534 2061 ὑπεζάγεὶ,

309 2075 458 2129 5050
497 2072 958 2128 Ἐπεισπεσόντων
986 2070 1127 2139 τῷδέ
1151 2094 1312 2129 τινων
1345 2071 1567 2137 ἀδίκως.

495 2161 594 2216 Καὶ
631 2161 789 2233 σῶμα
823 2161 917 2233 μὶν
948 2158 1133 2216 δίδωσι
1169 2159 1441 2234 θαλάττης
1474 2164 1649 2238 βάθει,

493 2248 607 2316 Τὴν
642 2244 688 2302 δ’
722 2246 784 2302 αὖ
814 2248 1052 2326 κεφαλήν
1088 2250 1343 2322 σώματος
1372 2254 1723 2324 τετμημένην

498 2337 585 2393 Ἐν
617 2332 948 2413 παραϐύστῳ
978 2338 1355 2407 καταποντίζει
1388 2342 1503 2412 (62)
1533 2336 1708 2411 τὸπῳ.

496 2425 682 2487 Οὕτως
717 2426 969 2496 Ἀλεξίου
1003 2424 1060 2480 δέ
1086 2425 1345 2488 λιπόντος
1382 2428 1495 2502 βίον

322 2515 466 2569 5055
502 2509 843 2589 Ἀνδρόνικος
890 2515 1170 2590 μόναρχος
1202 2510 1357 2592 ὤφθη
1388 2520 1489 2570 τοῦ
1519 2515 1767 2590 κράτους,

504 2599 702 2662 Πολιὸς
736 2602 890 2675 ἀνὴρ,
924 2603 1168 2679 ἀποφρὰς
1198 2608 1376 2658 κακῶν
1406 2604 1623 2679 ῥέκτης,

502 2686 737 2760 Ἀνδρῶν
773 2689 977 2765 έριννὺς
1004 2692 1092 2745 καὶ
1124 2690 1453 2768 φιλαίματος
1484 2693 1678 2767 κύων,ί

502 2779 720 2851 Δράκων
756 2776 1033 2855 δαφοινὸς,
1062 2779 1322 2854 σκορπίος
1355 2781 1733 2855 βροτοκτόνος,

503 2866 674 2921 Κακόν
706 2888 757 2921 τι
788 2867 1096 2943 τερμέριον,
1125 2862 1260 2938 ᾅδης
1289 2868 1605 2944 παμφάγος,

321 2955 466 3009 5060
508 2953 641 3027 Στὺξ
676 2960 970 3030 συμφορῶν
999 2954 1242 3030 γέμουσα
1271 2953 1542 3033 δακρύων,
1580 2958 1745 3033 γόων,

504 3042 696 3114 Φέναξ,
729 3038 983 3113 σοϐαρός,
1011 3044 1297 3119 ἀγέρωχος
1326 3044 1417 3099 τὸν
1448 3045 1671 3119 τρόπον,

500 3129 799 3199 Ἀπατεὼν,
828 3132 971 3204 θὼψ,
1000 3130 1275 3203 ποικίλος,
1307 3130 1655 3207 χαμαιλέων,

498 3217 618 3273 Τῶν
650 3224 770 3282 καθ’
801 3218 988 3273 ἑαυτὸν
1029 3215 1397 3294 ὀργιλώτατος
1426 3220 1622 3294 γέρων,

502 3306 606 3361 Καὶ
644 3308 943 3383 μισοφαής,
978 3304 1248 3380 δυσμενής
1284 3308 1573 3381 ὑπηκόοις,

321 3396 468 3450 5065
505 3397 717 3467 Δήμιοθ
749 3393 957 3471 ἀνδρῶν
992 3394 1216 3469 εὐγενῶν
1249 3395 1533 3472 ἀριστέων,
1590 3466 1593 3469 ἤ

508 3482 614 3538 Καὶ
651 3479 929 3556 βασιλείου
958 3487 1055 3538 τοῦ
1080 3484 1272 3559 γένους
1302 3483 1588 3560 ἀναιρέτης

506 3572 602 3632 Ὃς
633 3566 965 3645 παραλαϐὼν
997 3573 1095 3640 τήν
1137 3570 1279 3627 ὅλων
1313 3573 1637 3648 αύταρχίαν,

503 3662 735 3732 Μνηστῇ
768 3660 1009 3738 συνήιρθη
1043 3660 1179 3733 πρὸς
1205 3659 1414 3735 γάμους
1438 3661 1683 3731 Ἀλεξίου

514 3748 645 3801 Δίαν
678 3746 925 3820 ἀθέσμως
956 3746 1289 3825 φιλόπορνος
1315 3753 1387 3802 ῶν
1421 3751 1609 3824 γέρων.

328 3836 476 3891 50⁸70
513 3833 835 3908 Ἐκλιπαρεῖ
863 3833 921 3890 δὲ
950 3838 1293 3912 πατριάρχῃν
1322 3836 1586 3908 ποιμένας

509 3924 620 3978 Τοῦ
648 3920 788 3999 πρὺς
816 3923 1083 3992 Μανουήλ
1117 3924 1303 3997 ὁρκίου
1336 3919 1524 3977 λαϐεῖν
1556 3923 1728 3979 λύσιν·

506 4009 572 4066 Οἱ
605 4006 650 4064 δ’
680 4010 756 4072 ὡς
784 4010 851 4065 τὰ
879 4012 1048 4066 πάντα
1084 4012 1221 4086 πρὸς
1253 4012 1414 4087 χάριν
1447 4013 1532 4066 καὶ
1569 4010 1752 4089 φιλίαν

506 4103 728 4169 Δεσμεῖν
756 4119 814 4153 τε
845 4096 992 4153 λύειν
1021 4101 1156 4175 πρὸς
1188 4103 1322 4153 Θεοῦ
1363 4096 1696 4174 δεδεγμένοι,

504 4191 562 4239 Ἄ
574 4185 838 4258 μνηστίαν
870 4184 1088 4259 ἔνειμαν
1117 4188 1306 4261 ἧνομη
1316 4186 1512 4260 μένων,

321 4276 468 4331 5075
507 4275 603 4329 Καὶ
636 4272 791 4328 λύσιν
820 4274 995 4348 ὅρκων
1030 4272 1309 4331 δυσλύτων
1339 4281 1420 4349 τῷ
1448 4276 1734 4351 πεμπέλῳο

506 4362 611 4418 Καὶ
637 4363 841 4436 φαῦλον
875 4362 1039 4438 ἔσχον
1073 4362 1409 4435 ἀντιμισθίαν
1441 4364 1624 4441 γέρας,

509 4454 657 4528 Σφᾶς
690 4448 1041 4524 συνεδρεύειν,
1075 4450 1120 4505 εἷ
1149 4451 1334 4527 τύχοι,
1365 4453 1681 4526 καθημένῳ.

509 4538 720 4596 Τούτου
749 4541 1203 4612 τυραννήσαντος,
1234 4541 1308 4604 ὡς
1336 4540 1433 4619 ἔφη
1470 4539 1654 4617 λόγος,

509 4628 902 4681 ’Λποστατοῦσι
932 4631 1030 4682 τοῦ
1061 4629 1292 4704 κράτους
1319 4633 1427 4683 τῶν
1460 4629 1733 4702 Αὐσόνων,

324 4716 475 4771 5080
511 4712 692 4771 Εἴκειν
722 4714 969 4789 τυράννῳ
1001 4717 1076 4788 μὴ
1111 4713 1363 4779 θέλουσαι
1395 4718 1529 4793 πρὸς
1556 4716 1699 4793 βίαν,

511 4804 727 4877 Προῦσά
754 4824 813 4857 τε
840 4803 931 4857 καὶ
963 4802 1155 4857 Νίκαια
1188 4806 1426 4860 Βιθυνῶν
1459 4802 1667 4865 πόλεις.

513 4892 773 4965 Στρατιάν
809 4890 999 4946 οὐκοῦν
1026 4888 1375 4966 Ἀνδρόνικος
1406 4891 1653 4965 ὁπλίσας,

515 4978 656 5035 Εύθὺ
683 4978 913 5043 Νικαίας
940 4976 1076 5035 ἵεται
1107 4981 1286 5053 θυμοῦ
1315 4978 1509 5052 πνέων,

517 5068 614 5123 Καὶ
646 5064 800 5137 τήνδ’
825 5066 967 5122 ἑλεῖν
998 5065 1220 5122 ἔσπευδε
1247 5067 1627 5143 τειχομαχίαις

322 5156 476 5212 5085
514 5155 613 5209 Καὶ
648 5160 923 5229 μηχαναῖς
950 5175 1010 5230 γε
1038 5154 1128 5210 καὶ
1164 5154 1367 5231 μάχαις
1396 5155 1789 5232 πολυτρόποις.

516 5240 686 5300 Οὐδὲν
719 5242 889 5298 πλέον
924 5240 970 5297 δ’
1001 5239 1159 5311 ἤνυεν
1191 5244 1344 5307 ἱστὰς
1369 5245 1468 5313 τήν
1504 5246 1714 5319 μάχην,

513 5329 672 5388 Ἀλλ’
699 5330 766 5399 ἧν
797 5330 985 5399 ἀσινὴς
1013 5330 1290 5393 ἀτίνακτος
1318 5335 1353 5401 ἡ
1381 5331 1565 5403 πόλις,

513 5423 649 5482 Ταῖς
685 5422 960 5495 μηχαναῖς
986 5438 1045 5473 τε
1071 5421 1161 5473 καὶ
1189 5414 1366 5475 ϐελῶν
1392 5426 1513 5484 ταῖς
1536 5420 1773 5498 νιφάσιν.

372 5635 489 5709 (62)
519 5631 656 5705 Cod,
684 5635 1082 5700 κατακοντιζει.

1814 371 2173 426 ΟΕΒΔΒΕΒ.

1978 503 2023 567 Β
2053 501 2181 552 Mox
2213 499 2527 568 eonjuratae
2560 516 2682 555 suae
2712 497 2981 555 factionis
3014 496 3210 552 studio

2056 587 2252 641 socius
2284 587 2514 659 imperii
2547 587 2924 643 Andronicus
2954 586 3195 653 dicitur,

2056 677 2121 727 ut
2141 675 2356 744 juvene
2385 693 2518 731 cum
2552 692 2683 748 rege
2714 692 2835 731 rem
2872 689 3166 730 summam
3200 674 3446 744 gereret.

2055 759 2239 831 Igitur
2268 764 2648 834 progrediens
2679 763 2735 817 in
2768 761 3052 832 templum
3093 759 3439 825 maximum,

2056 864 2213 905 more
2242 850 2510 918 solemni,
2545 850 2878 907 redimittur
2897 852 3229 918 stemmate,

2055 941 2229 1008 atque
2253 938 2469 994 ccelesti
2504 941 2612 994 rite
2644 956 2793 1010 pane
2824 938 3080 993 vescitur

2054 1024 2254 1096 ibique
2287 1027 2677 1081 formidandis
2709 1029 2767 1081 in
2800 1026 3096 1097 mysteriis

2052 1113 2215 1182 jurat
2244 1131 2305 1169 se
2341 1114 2515 1170 fidem
2548 1115 2905 1171 adolescenti
2938 1114 3054 1183 regi

2058 1200 2363 1257 immotam
2398 1208 2792 1269 servaturum,
2827 1203 3076 1273 ejusque
3106 1200 3352 1271 imperio

2060 1305 2162 1358 pro
2192 1290 2413 1345 viribus
2446 1290 2742 1345 fauturum
2776 1296 2840 1345 ut
2869 1295 3098 1361 patrem
3132 1289 3317 1344 decet.

2060 1376 2275 1431 Deinde
2305 1379 2531 1449 regium
2563 1378 2877 1449 ingressus
2908 1377 3194 1449 palatium

2060 1466 2534 1536 acclamatusque
2564 1482 2662 1520 rex
2689 1471 2746 1521 et
2773 1465 3093 1536 imperator

2059 1554 2301 1625 perﬁdis
2332 1554 2701 1610 Andronicus
2736 1552 3039 1609 blanditiis
3069 1568 3235 1616 usus,

2061 1648 2348 1698 recentem
2381 1643 2731 1698 sacramenti
2766 1641 3111 1697 memoriam
3143 1656 3375 1712 gerens,

2060 1729 2217 1786 illico
2250 1746 2443 1802 regem
2466 1732 2742 1802 juvenem
2774 1730 3131 1803 aggreditur,

2061 1834 2313 1890 eumque
2339 1824 2575 1886 mactat,
2608 1819 2751 1890 proh
2782 1819 3031 1890 lugubre
3059 1819 3285 1873 facinus
3311 1819 3322 1871 l

2066 1906 2291 1962 Etenim
2324 1924 2494 1963 arcus
2526 1922 2700 1963 nervo
2732 1912 2905 1962 noctu
2940 1905 3293 1977 strangulat,

2066 1994 2267 2066 sicque
2299 1995 2591 2051 infelicem
2624 1996 2752 2051 vitai
2787 1994 3037 2067 imponit
3057 1995 3255 2061 ﬁnem,

2068 2100 2210 2138 usus
2242 2084 2312 2137 ad
2347 2084 2402 2138 id
2436 2084 2826 2154 quorumdam
2862 2083 3066 2153 iniquo
3096 2082 3307 2137 ofﬁcio.

2067 2171 2136 2225 Et
2168 2188 2382 2243 corpus
2408 2171 2646 2243 quidem
2679 2172 2892 2242 mergit
2921 2170 3211 2242 profundo
3244 2170 3416 2239 mari,

2066 2260 2336 2315 avulsum
2371 2265 2565 2317 autem
2595 2260 2915 2316 cervicibus
2941 2262 3119 2331 caput

2068 2353 2291 2404 secreto
2322 2348 2447 2404 loco
2479 2349 2883 2420 sepeliendum
2915 2352 3101 2403 curat.

2071 2437 2166 2490 Sic
2198 2453 2334 2509 ergo
2365 2437 2562 2492 Alexio
2594 2439 2899 2493 deserente
2930 2438 3132 2502 vitam,

2070 2526 2234 2587 solus
2268 2525 2578 2597 imperium
2612 2525 2803 2581 tenuit
2821 2524 3208 2593 Andronicus,

2068 2613 2155 2668 vir
2183 2630 2387 2684 canus,
2418 2614 2801 2669 detestandus
2832 2617 2889 2668 et
2911 2611 3236 2676 maleﬁcus,

2070 2702 2283 2757 civium
2318 2703 2587 2774 Erinnys,
2619 2703 2875 2773 caedique
2905 2699 3190 2756 anhelans
3220 2699 3402 2760 canis.

2069 2791 2242 2845 draco
2274 2795 2573 2855 cruentus,
2607 2789 2991 2861 scorpiusque
3020 2788 3277 2852 lethifer,

2069 2876 2427 2932 horrendum
2460 2882 2812 2945 monstrum,
2836 2893 3007 2931 orcus
3039 2874 3416 2941 insatiabilis,

2068 2969 2204 3037 Styx
2237 2965 2410 3037 plena
2440 2965 2715 3035 miseriis,
2748 2964 3093 3037 gemitibus,
3124 2963 3422 3035 lacrymis,

2070 3053 2332 3121 dolosus,
2366 3054 2634 3121 tetricus,
2670 3054 2933 3110 moribus
2965 3053 3258 3125 superbis,

2066 3140 2357 3216 deceptor,
2390 3146 2743 3211 assentator,
2772 3141 3115 3214 versipellis,
3149 3141 3369 3208 varius,

1988 3214 2032 3280 C
2070 3214 2245 3285 senex
2276 3246 2515 3285 suorum
2547 3235 2880 3302 temporum
2916 3230 3367 3296 furiosissimus,

2071 3308 2389 3381 lucifugus,
2422 3313 2480 3365 et
2508 3308 2567 3363 in
2601 3311 2870 3365 subditos
2902 3310 2988 3365 ira
3020 3310 3247 3380 plenus,

2074 3401 2341 3453 natorum
2371 3397 2497 3453 loco
2529 3397 2709 3453 nobili
2743 3398 2999 3451 virorum
3037 3398 3317 3462 carnifex,

2074 3485 2325 3556 denique
2356 3486 2525 3557 regias
2559 3487 2878 3542 exstinctor
2909 3486 3214 3557 prosapiae.

2074 3572 2182 3638 Qui
2216 3589 2448 3627 summo
2479 3590 2671 3629 rerum
2708 3577 2987 3645 occupato
3020 3571 3265 3643 imperio

2072 3659 2254 3716 Alexii
2286 3678 2563 3731 sponsam
2596 3663 2705 3718 sibi
2738 3662 2961 3735 nuptiis
2984 3661 3204 3732 junxit,

2076 3750 2293 3806 scelere
2324 3749 2635 3804 manifesto
2667 3756 2952 3806 scortator
2982 3766 3177 3805 senex.

2074 3838 2225 3901 Quin
2259 3837 2615 3892 sacramenti
2648 3837 2896 3891 Manueli
2932 3838 3174 3908 praestiti

2076 3941 2109 3979 a
2140 3925 2470 3997 patriarcha
2504 3924 2667 3996 petiit
2696 3930 2868 3995 atque
2901 3924 3190 3996 episcOpis

2075 4011 2501 4067 absolutionem
2540 4028 2551 4065 :
2588 4011 2685 4082 qui
2720 4010 3033 4065 servientes
3065 4009 3262 4081 gratias

2076 4116 2178 4171 pro
2212 4116 2318 4155 suo
2349 4098 2571 4169 ligandi
2603 4098 2981 4170 solvendique
3011 4098 3251 4153 arbitrio

2077 4188 2361 4243 divinitus
2392 4204 2688 4256 concesso,
2723 4188 3008 4243 dederunt
3037 4186 3289 4255 veniam,

2078 4280 2199 4330 tam
2230 4275 2393 4347 gravi
2426 4284 2794 4332 sacramento
2825 4275 3114 4332 solventes
3146 4290 3343 4329 senem
3378 4291 3391 4328 :

2085 4364 2512 4436 ridiculumque
2544 4366 2871 4420 retulerunt
2900 4365 3227 4436 praemium,

2078 4468 2286 4522 nempe
2317 4458 2381 4508 ut
2411 4469 2545 4510 cum
2578 4454 2706 4525 ipso
2734 4453 3026 4508 interdum
3061 4452 3453 4507 considerent.

2078 4539 2195 4596 Hoc
2224 4546 2544 4607 exercente,
2578 4546 2641 4596 ut
2672 4542 2949 4609 diximus,
2978 4538 3369 4612 tyrannidem,

2079 4644 2113 4682 a
2141 4631 2537 4683 Romanorum
2569 4628 2827 4683 defecere
2856 4626 3127 4698 imperio,

2079 4720 2377 4787 propterea
2410 4716 2563 4786 quod
2596 4720 2843 4786 tyranno
2879 4730 3080 4786 parere
3113 4713 3355 4780 nollent,

2079 4804 2254 4859 urbes
2287 4804 2566 4876 Bythiniaa
2601 4804 2782 4858 Prusa
2810 4808 2866 4857 et
2892 4802 3103 4858 Nicaea.

2078 4891 2265 4961 Igitur
2294 4890 2661 4945 Andronicus
2693 4891 2980 4946 instructo
3012 4891 3263 4946 exercitu

2080 4980 2279 5034 statim
2310 4979 2555 5033 Nicaeam
2591 4980 2774 5050 pergit
2803 4980 2946 5035 iram
2980 4980 3234 5049 spirans,

2082 5083 2259 5139 quam
2301 5067 2596 5122 nitebatur
2625 5084 2825 5138 capere
2858 5069 3067 5122 mmnia
3099 5066 3398 5138 quatiens,

2082 5160 2140 5209 et
2172 5153 2460 5209 machinis
2491 5158 2547 5208 et
2579 5156 2735 5210 vario
2767 5170 2972 5226 pugna:
3005 5169 3233 5224 genere.

2079 5242 2193 5297 Nec
2223 5246 2421 5297 tamen
2453 5242 2599 5297 bene
2629 5243 2818 5298 evenit
2849 5241 3206 5314 oppugnatio

2082 5330 2183 5385 sed
2216 5330 2386 5385 firma
2417 5330 2555 5385 urbs
2587 5331 2886 5401 perstabat
2913 5337 3084 5401 atque
3115 5326 3427 5383 incolumis

2083 5417 2387 5474 machinas
2416 5421 2619 5473 contra
2650 5417 3017 5488 telorumque
3048 5415 3301 5470 nimbos.

3584 367 3686 421 194
