4136 6292
519 361 625 418 195
1722 366 2092 423 ΕΡΗΒΕΜΠ
2128 364 2152 423 ί

1722 366 2092 423 ΕΡΗΒΕΜΙΙ
2128 364 2695 423 CHRONOGRAPHI

510 485 622 539 Sed
656 484 774 555 regi
811 484 1074 554 demum,
1105 485 1359 556 acceptis
1390 485 1849 559 conditionibus,

509 573 689 628 cessit
718 574 788 628 ad
822 573 1139 645 pristinum
1166 574 1432 631 ordinem
1463 579 1755 632 revertens

507 662 698 718 Nicaea
728 662 991 735 pulchris
1022 664 1295 720 domibus
1328 666 1703 737 turribusque
1734 666 2043 722 instructa.

505 752 669 806 Tunc
699 752 942 809 Prusam
976 753 1344 810 Andronicus
1374 759 1568 810 castra
1597 753 1903 811 transtulit

509 840 765 896 exercitu
796 857 930 896 cum
962 842 1174 909 valido,
1203 844 1558 914 struetisque
1586 843 1792 911 vineis,

506 934 563 984 ct
591 928 743 985 vallo
775 930 1174 1002 circumjecto,
1210 932 1502 1004 variisque
1535 932 1848 1001 machinis,

504 1020 706 1075 urbem
740 1020 994 1076 summis
1021 1020 1247 1076 viribus
1279 1021 1602 1077 conabatur
1629 1038 1857 1094 capere.

500 1108 610 1162 Sed
644 1112 837 1164 tamen
875 1108 974 1164 illa
1000 1109 1309 1167 resistebat
1340 1110 1587 1177 fortiter,

499 1197 1001 1271 propulsabatque
1032 1199 1338 1255 machinas
1370 1204 1428 1256 et
1458 1198 1888 1271 aggressiones.

501 1294 594 1350 Sic
627 1298 1003 1367 pugnabatur
1033 1299 1105 1353 ab
1134 1302 1382 1369 utroque
1412 1299 1667 1354 exercitu

501 1400 652 1455 saepe
679 1385 937 1456 repetitis
962 1402 1066 1458 per
1094 1386 1247 1442 diem
1276 1386 1515 1458 praeliis,

502 1472 842 1546 bellumque
869 1474 1042 1547 longo
1073 1476 1415 1533 trahebatur
1444 1480 1724 1548 tempore.

502 1561 799 1619 Postremo
829 1563 1153 1621 laborasset
1173 1582 1306 1620 cum
1332 1582 1539 1621 murus
1562 1564 1781 1635 leviter,

498 1652 814 1708 subrutum
844 1652 998 1709 cives
1028 1670 1270 1725 prorsus
1300 1653 1694 1722 crediderunt,

497 1744 555 1795 et
585 1757 716 1797 mox
748 1741 984 1797 ruinam
1015 1746 1342 1797 tracturum
1368 1745 1684 1797 extremam
1721 1758 1735 1798 :

497 1844 624 1899 quae
650 1846 741 1885 res
774 1828 1120 1886 bellantium
1150 1830 1313 1886 intus
1342 1829 1581 1886 resolvit
1613 1845 1849 1898 manus,

499 1919 852 1990 mortalique
883 1918 1113 1975 animos
1143 1919 1400 1991 pulsavit
1431 1923 1611 1977 metu.

496 2005 660 2061 Tunc
690 2008 1014 2078 obessores,
1047 2014 1411 2081 repugnante
1441 2007 1695 2076 nemine,

498 2092 559 2150 in
591 2097 795 2152 urbem
827 2097 1229 2169 irrumpebant
1252 2098 1449 2153 studio
1478 2097 1653 2153 alacri

498 2187 973 2257 superabantque
1002 2187 1288 2259 appositis
1319 2186 1533 2242 moenia
1562 2185 1757 2243 scalis.

497 2277 674 2330 Porro
700 2276 1069 2331 Andronicus
1105 2277 1229 2347 ipse
1260 2277 1318 2331 in
1345 2278 1549 2330 urbem
1582 2274 1755 2328 irruit

498 2379 601 2419 oeu
633 2363 879 2419 violenta
910 2366 1028 2420 fera
1054 2364 1259 2436 leoque
1300 2366 1559 2436 rugiens,

499 2468 737 2523 suaeque
771 2452 867 2507 irae
899 2456 956 2508 et
985 2453 1200 2524 gladio,
1235 2453 1376 2525 proh
1410 2452 1612 2509 dolor!
1647 2451 1803 2508 cives

493 2544 735 2594 cunctos
766 2541 1189 2612 propemodum
1223 2542 1652 2596 consumendos
1682 2538 1950 2595 tradidit.

494 2640 681 2709 Atque
713 2637 858 2693 alios
890 2638 1126 2709 quidem
1159 2638 1283 2692 diro
1315 2638 1601 2711 supplicio
1633 2636 1886 2703 enecuit,

499 2725 628 2781 aliis
661 2726 937 2781 exstinxit
966 2728 1163 2782 lumen
1197 2726 1523 2794 oculorum,

492 2814 624 2870 aliis
657 2820 972 2887 utrumque
1004 2817 1208 2887 pedem
1237 2816 1458 2872 abscidi
1483 2815 1690 2886 jussit,

492 2907 552 2958 at
582 2919 792 2960 manus
824 2904 976 2970 aliis,
1009 2903 1118 2960 heu
1152 2905 1593 2977 sanguinarium
1628 2901 1927 2959 animum!

492 2990 609 3047 Hos
637 2992 821 3047 oculis
852 2991 1169 3063 digitisque
1201 2994 1451 3064 privavit
1480 2992 1682 3061 simul,

492 3079 625 3136 illos
653 3081 913 3137 vicissim
949 3082 1196 3151 pedibus
1226 3086 1401 3153 atque
1430 3081 1635 3149 oculis,

489 3171 562 3224 At
589 3170 957 3226 Theodorum
989 3170 1301 3241 Angelum,
1335 3171 1446 3225 heu
1480 3170 1667 3224 diram
1702 3167 1967 3240 poenam!

491 3258 918 3315 adolescentem
946 3258 1201 3314 nobilem
1231 3264 1286 3313 et
1316 3258 1776 3330 pulcherrimum

491 3348 719 3402 effossis
749 3347 936 3403 oculis
968 3363 1146 3403 senex
1175 3348 1624 3404 crudelissimus

491 3434 656 3489 asino
687 3435 789 3489 vili
822 3436 1101 3506 imposuit
1132 3436 1353 3507 absque
1381 3437 1549 3502 duce,

498 3523 895 3595 Romanisque
930 3525 1147 3579 ﬁnibus
1178 3524 1379 3596 procul
1410 3523 1632 3596 expulit
1664 3540 1676 3579 :

494 3628 669 3683 quem
700 3614 1101 3669 errabundum
1130 3613 1491 3669 invenientes
1524 3613 1724 3667 Turcze

492 3700 617 3757 suis
640 3707 984 3773 receperunt
1015 3703 1289 3758 domibus
1323 3705 1379 3757 et
1410 3701 1686 3774 hospitio,

492 3794 549 3845 et
579 3806 697 3860 qua
727 3807 831 3863 par
859 3794 982 3846 erat
1012 3792 1390 3846 confoverunt
1421 3808 1580 3847 cura.

493 3887 744 3942 Leonem
775 3888 916 3944 item
948 3890 1290 3960 cognomine
1318 3889 1625 3962 Synesium

488 3979 546 4031 et
576 3976 902 4033 Manuelem
935 3978 1263 4035 Laehanam
1294 3979 1559 4051 egregios
1600 3976 1777 4045 viros,

488 4081 621 4119 eum
650 4066 1037 4137 quadraginta
1066 4067 1293 4123 circiter
1322 4065 1717 4123 ornatissimis

486 4152 675 4223 deque
706 4154 985 4225 primaria
1015 4156 1315 4212 nobilitate
1343 4156 1705 4224 hominibus,

487 4243 906 4300 miserabiliter
936 4246 1115 4301 ramis
1147 4245 1459 4316 suspendit
1489 4244 1764 4298 arborum

484 4347 611 4402 qua:
644 4332 797 4387 circa
823 4333 1027 4388 urbem
1057 4337 1305 4389 Prusam
1337 4331 1771 4403 germinabant.

479 4419 573 4474 Sic
604 4424 737 4491 post
763 4419 1017 4477 inﬂictas
1043 4420 1498 4493 quamplurimis
1525 4436 1747 4491 pcenas,

481 4506 645 4563 illinc
676 4508 749 4564 ad
784 4509 985 4565 urbem
1018 4508 1252 4565 transiit
1285 4508 1629 4581 Lopadium,

480 4596 680 4668 ibique
714 4596 839 4669 pari
874 4602 1182 4668 grassatus
1213 4596 1454 4661 saevitia,

480 4689 879 4757 excaecatoque
908 4684 1084 4741 etiam
1120 4701 1235 4755 uno
1267 4683 1561 4756 episcopo,

480 4789 594 4829 non
623 4774 792 4845 quasi
824 4780 1064 4840 temere,
1094 4774 1195 4829 sed
1229 4773 1478 4830 conlicta
1510 4789 1724 4841 causa;

480 4861 550 4917 ad
585 4860 969 4933 principalem
1001 4861 1204 4917 urbem
1232 4862 1438 4935 pedem
1473 4861 1692 4931 retulit,

480 4950 745 5020 gaudens
778 4950 1030 5005 Cadmea
1062 4951 1275 5005 misere
1305 4950 1569 5019 victoria,

482 5041 658 5109 atque
689 5038 846 5094 civili
873 5039 1159 5110 sanguine
1190 5039 1323 5094 fuso
1354 5038 1627 5109 gestiens.

478 5132 744 5192 Habebat
778 5136 1150 5193 Andronicus
1182 5137 1465 5192 audacem
1500 5135 1787 5193 famulum

481 5223 735 5280 similem
769 5240 1032 5296 prorsus,
1065 5230 1132 5281 ut
1162 5225 1346 5295 aiunt,
1380 5241 1485 5281 suo
1515 5225 1717 5295 simili,

481 5327 699 5383 acrem,
731 5314 1037 5381 audacem,
1067 5318 1321 5385 turpem,
1354 5313 1778 5387 sanguinarim,

478 5416 658 5473 seque
690 5403 951 5460 studiose
977 5403 1441 5461 contormantem
1470 5403 1728 5474 domino,

477 5491 769 5547 malorum
802 5492 1281 5560 instrumentum,
1315 5496 1611 5548 eruentem
1642 5493 1828 5548 virum

475 5577 717 5650 plenum
752 5581 977 5637 malitia
1003 5581 1334 5649 acerbitate,
1369 5579 1506 5651 bile,

471 5666 686 5726 immiti
722 5670 1027 5742 rigidaque
1059 5674 1272 5727 natura
1301 5669 1604 5741 praeditum

2175 488 2231 556 Α
2436 488 2624 559 Ὅμως
2660 482 2860 541 ὑπείκει
2898 483 3109 559 βασιλεῖ
3140 483 3445 563 συμφωνίᾳ,

2252 575 2395 631 5090
2436 575 2533 629 Καὶ
2563 575 2662 643 τὴν
2694 575 2822 650 πρὶν
2854 569 3095 629 ἀπὲλαϐε
3122 573 3266 645 τάξιν
3299 572 3562 647 ἰννόμως,

2425 664 2621 719 Νίκαια
2651 662 3033 740 καλλίπυργος
3064 664 3120 720 εὖ
3160 663 3461 737 ᾠκισμένη.

2424 753 2715 831 Ἐςρίστατο
2748 750 2805 808 δὲ
2833 753 2922 808 καὶ
2958 756 3276 827 Ηρουσαὲων
3306 752 3464 808 πόλει

2422 842 2573 897 Μετᾶ
2602 847 2854 916 στρατιᾶς
2887 840 3138 917 βασιλεὺς
3173 840 3483 916 ῥωμαλὲαςο

2421 930 2525 986 Καὶ
2556 930 2770 1006 χάρακα
2801 931 2910 995 θεὶς
2938 931 3326 1006 τειχομαχίαις
3357 928 3513 993 ὅλαις

2242 1027 2384 1084 5055
2423 1027 2520 1082 Καὶ
2564 1034 2839 1102 μηχαναῖς
2864 1025 3091 1084 ἔσπευδε
3119 1028 3364 1083 καθελεῖν
3395 1027 3577 1083 πόλιν·

2422 1115 2573 1173 ’ΛΑλ’
2604 1119 2638 1185 ἡ
2670 1116 2836 1179 πόλις
2867 1116 2933 1185 ἦν
2962 1116 3242 1192 ἀντὲχουσ’
3273 1115 3624 1192 ἰρῥωμὲνως,

2422 1205 2520 1258 Καὶ
2551 1210 2801 1279 μηχανὰς
2834 1204 3036 1261 λύουσα
3068 1204 3233 1280 ῥᾷστα
3261 1204 3351 1259 καὶ
3388 1204 3591 1279 μάχαςο

2418 1292 2516 1346 Καὶ
2546 1292 2858 1364 συμπλοκαὶ
2892 1291 2937 1347 δ’
2967 1291 3031 1347 αὖ
3063 1291 3113 1365 ἐξ
3147 1292 3399 1366 ἑκατέρου
3431 1298 3631 1366 μέρους

2417 1379 2697 1444 Πολλάκις
2724 1385 2865 1451 ἦσαν
2889 1377 3097 1458 ἡμέρας
3127 1379 3522 1457 πεπραγμέναν

2240 1469 2383 1525 5100
2422 1469 2519 1523 Καὶ
2548 1471 2695 1525 τοῦτ’
2724 1468 2813 1524 ἐπὶ
2850 1466 3107 1545 μέγιστον
3132 1467 3325 1545 ἐδρᾶτο
3353 1470 3577 1545 ¹χρόνον.

2415 1557 2586 1621 Τέλος
2620 1558 2965 1623 λεπισθέντος
2996 1557 3054 1614 δὲ
3083 1558 3304 1633 τείχους
3336 1558 3517 1635 βραχύ
3544 1576 3595 1615 τι

2420 1646 2519 1702 Καὶ
2546 1651 2642 1702 τοῦ
2668 1653 2933 1712 σεσεῖσθαι
2966 1646 3123 1719 δόξαν
3156 1649 3338 1710 ἀστοῖς
3370 1647 3591 1703 εἰσάπαν

2416 1736 2610 1792 Κλέσιν
2642 1755 2700 1797 τε
2730 1740 2923 1797 παθεῖν
2954 1732 3290 1811 ἐμϐαλόντος
3321 1738 3578 1812 ἐσχάτην,

2413 1830 2531 1888 Hac
2556 1846 2640 1888 τις
2675 1828 2943 1901 μαχητὴς
2972 1822 3124 1885 ἔνδον
3157 1826 3340 1895 ἀνείθη
3376 1825 3561 1902 χὲρας,

2240 1924 2383 1980 5105
2423 1923 2799 1978 Ἐναποθανὼν
2840 1924 2986 2000 παρᾶ
3016 1924 3195 2000 βραχὺ
3226 1927 3305 1995 τῷ
3336 1920 3441 1978 δέει

2420 2013 2691 2077 Ἐντεῦθεν
2721 2010 3017 2085 εἷα-ἤλασαν
3050 2009 3205 2069 ἔνδον
3232 2011 3309 2076 εἱς
3340 2010 3504 2068 πόλιν

2415 2101 2481 2157 Οἱ
2510 2098 2663 2169 τήνδ’
2694 2099 2835 2155 ἑλεῖν
2870 2099 3188 2164 σπεύδοντες
3222 2099 3345 2156 ἄνευ
3374 2099 3663 2175 κωλύμης,

2412 2191 2764 2265 Χρησάμενοι
2794 2189 3016 2263 κλίμαξι
3050 2192 3187 2267 πρὸς
3217 2189 3518 2267 συνεργίαν.

2412 2279 2471 2334 Ὀ
2502 2275 2548 2332 δ’
2581 2276 2926 2353 Ἀνδρόνικος
2959 2278 3321 2341 είσπεπαικὼς
3350 2278 3425 2341 εἷς
3456 2276 3617 2334 πόλιν

2235 2365 2379 2422 5110
2418 2368 2506 2428 Ὠς
2524 2368 2713 2443 ἄγριος
2741 2370 2867 2443 θὴρ,
2902 2368 2976 2430 ὡς
3004 2367 3143 2424 λὲων
3181 2367 3505 2445 βρυχητίας,

2411 2457 2622 2519 Πάντας
2656 2458 3039 2532 παρανάλωμα
3071 2461 3247 2530 θυμοῦ
3278 2458 3366 2511 καὶ
3397 2456 3583 2533 ξίφους

2413 2546 2626 2617 Μικροῦ
2656 2545 3076 2622 κατειργάσατο,
3108 2549 3204 2624 φεῦ
3230 2551 3326 2600 τοῦ
3355 2544 3559 2609 πάθους
3587 2546 3601 2601 1

2411 2633 2555 2695 Τοὺς
2589 2634 2681 2706 μὶν
2709 2632 2983 2711 παραδοὺς
3013 2635 3325 2709 πικροτάτῳ
3353 2632 3583 2707 θανάτῳ,

2409 2721 2544 2784 Τοὺς
2576 2721 2633 2777 δὲ
2658 2726 2920 2799 στερήσας
2950 2728 3045 2778 τοῦ
3078 2726 3245 2797 φάους
3277 2728 3382 2778 τῶν
3417 2723 3703 2796 ὀμμάτων·

2232 2812 2374 2867 5115
2411 2815 2505 2866 Ὧν
2540 2809 2587 2866 δ’
2616 2809 2680 2866 αὖ
2709 2810 2879 2876 πόδας
2918 2814 3183 2887 τὲτμηκεν
3216 2810 3379 2889 ἄμφω
3408 2812 3545 2887 πρὸς
3578 2811 3721 2886 βίαν,

2409 2901 2510 2955 Καὶ
2548 2905 2736 2975 χεῖρας
2765 2899 2975 2973 ἄλλων,
3008 2901 3325 2976 αἱμοχαρὴς
3354 2898 3568 2976 καρδία·

2409 2986 2516 3049 Οὓς
2545 2986 2603 3043 δὲ
2633 2996 2805 3065 στερεὶ
2834 2990 3001 3067 φάους
3029 3013 3087 3046 τε
3116 2990 3205 3046 καὶ
3233 2995 3341 3045 τῶν
3371 2986 3678 3060 δακτύλων,

2409 3074 2601 3132 Ποδῶν
2631 3077 2795 3133 πάλιν
2825 3078 3029 3143 ἄλλους
3060 3099 3117 3134 τε
3146 3079 3235 3135 καὶ
3264 3083 3371 3134 τῶν
3406 3078 3693 3152 ὀμμάτων.

2416 3163 2695 3241 Θεόδωρον
2730 3165 2776 3222 δ’
2806 3168 3093 3246 νΑγγελον,
3128 3168 3398 3224 οἷκτίστου
3428 3166 3631 3231 πάθους
3656 3169 3671 3226 ί

2237 3262 2378 3319 5120
2416 3260 2647 3337 Ἰιίθεον,
2678 3262 2999 3336 κάλλιστον,
3030 3262 3197 3343 ἄνδρα
3226 3262 3482 3340 γεννάδαν

2414 3353 2497 3423 Ἐξ
2526 3353 2789 3426 ὀμμάτων
2822 3354 2933 3416 θεὶς
2964 3353 3373 3430 δυσανάλγητος
3398 3352 3589 3432 γέρων,

2410 3442 2559 3513 ’Ὀνῳ
2588 3440 2856 3507 τ’ἐπιθείς
2887 3441 3093 3499 εὐτελεῖ
3114 3446 3341 3517 πομποῦ
3372 3440 3523 3518 δίχα,

2409 3529 2518 3597 Γῆς
2549 3528 2868 3604 Ῥωμαῖκῆς
2900 3530 3187 3587 ἀπελαύνει
3226 3531 3512 3608 μακρόθεν.

2411 3618 2726 3692 Ἀλώμενον
2758 3621 3000 3696 Τοῦρκοι
3036 3618 3092 3675 δὲ
3120 3617 3266 3676 τόνδ’
3295 3619 3581 3696 εὑρηκότες

2229 3708 2371 3763 5125
2410 3708 2807 3784 Ἀπαγαγόντες
2840 3708 2915 3771 εἴς
2947 3710 3149 3765 ἑαυτῶν
3175 3704 3349 3774 οίκίας

2408 3796 2757 3869 Ἑπιμελείας
2786 3797 3021 3869 ἀξιοῦσιν
3054 3799 3224 3869 ἀξίας.

2158 3211 2202 3280 C

2406 3884 2611 3940 Λέοντα
2640 3883 2687 3939 δ’
2717 3886 2868 3949 αὖθις
2902 3888 3151 3942 Συνέσιον
3184 3884 3512 3958 τοῦπίκλην³

2403 3973 2501 4027 Καὶ
2530 3975 2624 4029 τὸν
2650 3979 2907 4051 Ααχανᾶν
2938 3969 3207 4045 Μανουὴλ
3239 3972 3430 4051 ἄνδρας
3464 3974 3643 4046 ξένους

2403 4062 2551 4118 Μετὰ
2576 4060 2797 4127 δεκάδος
2824 4064 3135 4141 τετραπλῆς
3159 4065 3504 4137 ποσουμένης

2224 4152 2366 4207 5130
2404 4150 2645 4226 Ἀνδρῶν
2677 4152 2932 4229 ἀρίστων,
2966 4155 3221 4232 εὐγενῶς,
3247 4154 3529 4228 ἀριστέων,

2401 4240 2647 4316 Οίκτρῶς
2678 4243 2973 4317 ἀπῃώρησε
3006 4242 3236 4319 δένδρων
3268 4248 3384 4304 τοῖς
3413 4239 3638 4305 κλαδοις

2402 4330 2873 4409 Παραπεφυκότων
2904 4351 2966 4407 γε
2997 4331 3315 4405 ΙΙρουσαίων
3344 4330 3530 4403 πόλει,

2402 4422 2621 4481 Ποιναῖς
2655 4416 2700 4472 δ’
2731 4418 2954 4488 ἀπηνῶς
2988 4416 3283 4476 ὑποϐαλὼν
3320 4420 3569 4497 μυρίους,

2406 4500 2640 4570 Ἐκεῖθεν
2673 4507 2773 4577 ἧκε
2804 4509 2939 4583 πρὸς
2971 4506 3244 4564 Λοπάδιον
3277 4506 3466 4580 πόλιν,

2150 4573 2193 4639 D
2222 4603 2369 4660 5135
2407 4605 2571 4659 Κάκεῖ
2600 4573 2957 4682 παραπλησια
2984 4612 3098 4670 τοῖς
3130 4610 3322 4683 πρώην
3355 4573 3575 4681 δράσας.

2403 4693 2745 4751 Ἐπισκόπων
2776 4691 2871 4750 ἕνα
2896 4696 3067 4761 τεθεὶς
3090 4695 3141 4767 ἐξ
3172 4692 3437 4770 ὀμμάτων

2402 4781 2517 4838 Οὐκ
2549 4782 2894 4860 εὐαφορμως,
2921 4782 3068 4840 ἀλλὰ
3096 4782 3304 4847 συνθείς
3338 4780 3536 4851 αἰτίαν,

2406 4871 2543 4943 Πρὸς
2571 4873 2670 4941 τὴν
2707 4872 3095 4948 βασιλεύουσαν
3124 4867 3342 4947 ἔρχεται
3374 4870 3557 4941 πόλιν,

2406 4960 2778 5034 Γαυρούμενος
2810 4959 3052 5035 Καδμείᾳ
3089 4960 3361 5024 δυσκλεῶς
3400 4960 3548 5034 νίκῃ,

2226 5052 2370 5108 5140
2405 5050 2737 5124 Γαννύμενός
2766 5052 2811 5116 θ’
2838 5049 3029 5125 α’ίμασι
3058 5056 3176 5119 τοῖς
3205 5049 3520 5129 ἆμφυλίοις.

2400 5141 2501 5197 Ἧν
2534 5135 2867 5215 Ἀνδρονίκῳ
2898 5143 2989 5198 καὶ
3018 5142 3213 5219 θρασὺς
3249 5143 3533 5218 ὗπθρὲτης,

2400 5234 2635 5305 ’Όμοιος
2667 5234 2704 5303 ἧ
2736 5233 2957 5309 λέγουσι
2986 5233 3380 5309 παραπλησιῳ,

2411 5322 3051 5400 Θερμουργὸς,αἰσχρὸς,
3085 5324 3357 5398 ἀποφρὰς,
3392 5315 3696 5397 μιαιφόνος,

2398 5412 3060 5491 Προαιρὲσεισύμμορφος
3093 5409 3256 5468 αὐτοῦ
3286 5410 3541 5484 δεσπότῃ,

2222 5500 2364 5556 5145
2399 5502 2520 5556 Τῶν
2556 5505 2849 5578 συμφορῶν
2900 5497 3147 5577 ὄργανον,
3179 5501 3313 5574 ἀνὴρ
3348 5499 3615 5573 αἱματων,

2403 5587 2631 5664 Πλήρης
2661 5590 2847 5652 κακίας
2876 5590 2963 5645 καὶ
2995 5587 3173 5665 χόλου
3201 5588 3289 5644 καὶ
3316 5588 3558 5663 πικρίας,

2399 5680 2703 5755 ⁷Ακαμπές,
2725 5680 3045 5755 ἀμείλικτον
3074 5680 3208 5749 ἦθος
3242 5676 3521 5756 εἷ’σθέρων,

3784 366 3891 422 196
