4138 6296
323 381 425 449 19.7

500 496 857 572 Καλούμενος
889 496 1151 576 Στέφανος
1181 497 1313 569 ἐξέτι
1343 497 1483 567 νέου,

504 593 616 657 Τῆς
648 582 854 662 ὕϐρεως
887 586 1141 660 στέφανος
1172 586 1438 662 αἰσχύνης
1469 586 1600 659 ἅμα,

307 680 471 737 5150
510 676 833 747 Ἐπώνυμον
870 671 915 730 δ’
947 676 1520 753 ἀγιοχριστοφορίτης,

500 768 574 823 ’Ἡ
608 763 818 839 μᾶλλον
853 763 1023 819 εἰπεῖν
1055 763 1626 845 ἀντιχριστοφορίτης.

506 852 691 928 Τούτῳ
726 851 980 927 βασιλεὺς
1010 851 1221 928 ὀργάνῳ
1248 855 1593 929 κεχρημένος

510 942 809 1003 Πλείστους
840 941 1049 1016 ἀνῄρει,
1080 938 1385 1014 κατέλευεν,
1420 941 1619 1017 ᾐδίκει·

516 1034 594 1088 Δι’
626 1032 688 1088 οὗ
720 1053 783 1107 γε
810 1029 1123 1087 κατέλευσεν
1154 1029 1325 1104 ἀδίκῳ
1358 1033 1551 1107 κρίσει,

312 1134 462 1191 5155
502 1132 603 1188 Καὶ
639 1128 842 1187 Δούκαν
876 1127 1223 1204 Ἀνδρόνικον
1255 1131 1346 1187 σὺν
1381 1128 1766 1207 Μακροδούκᾳ,

501 1216 739 1295 ’Ἅνδρας
767 1218 1038 1291 ἀρίστους,
1074 1219 1303 1294 εὐγενεῖς
1336 1217 1717 1295 πρατηγέτας·

497 1312 712 1384 Τειχῶν
745 1308 850 1383 γὰρ
883 1306 1035 1369 ἐκτὸς
1066 1307 1121 1369 ἔτι
1158 1306 1455 1383 βασιλείοις
1488 1306 1684 1381 δόμοις

508 1400 772 1460 Ἄνακτος
801 1392 955 1461 ὄντος
983 1397 1242 1472 Μαγκάνῃ
1266 1396 1651 1473 κεκλημένοις,

512 1489 723 1563 Ὁρμῆς
796 1485 1184 1561 τεδπλιίστης
1258 1485 1565 1563 συνδρομῆς
1644 1488 1843 1550 παντὸς
1894 1484 1981 1561 γέ-

1766 1579 1910 1649 [νους

331 1668 478 1725 5160
516 1666 726 1722 Ἐκεῖσι
750 1664 1131 1739 προστάγματι
1164 1663 1647 1741 συνηθροισμένου,

520 1753 796 1828 Ἐξάγεται
826 1750 894 1820 δὴ
922 1757 1031 1809 τῶν
1064 1752 1177 1809 ἐκεῖ
1203 1774 1308 1809 που
1342 1751 1611 1825 δωμάτων

516 1840 756 1917 Ἀνδρῶν
788 1840 1049 1917 λεχθεῖσα
1079 1840 1207 1906 δυάς
1234 1843 1310 1906 ὡς
1339 1844 1666 1916 θανουμένη,

516 1931 616 1988 Καὶ
648 1931 794 2007 παρά
820 1931 1037 1987 πάντων
1071 1930 1499 1996 λιθολευστεῖται
1528 1934 1722 2007 τάχος,

513 2021 775 2097 Στεφάνον
800 2021 1167 2095 κατάρχοντος
1198 2020 1411 2095 ἀνόμου
1437 2021 1625 2093 φόνου,

324 2122 477 2177 5165
518 2118 620 2175 Καὶ
656 2117 821 2173 πάντα
850 2117 1212 2195 θαρρύνοντος
1243 2119 1320 2182 εἷς
1352 2120 1698 2196 φονουργίαν.

515 2210 647 2265 Εἶτα
675 2207 893 2284 νεκροὺς
923 2213 1089 2285 σφῶν,
1124 2207 1169 2262 ὤ
1198 2209 1582 2286 μισανθρώπου
1612 2208 1815 2285 τρόπου

519 2297 725 2358 Ξύλοις
755 2295 1083 2372 ἀπδώρησαν
1117 2298 1304 2361 ἄστεος
1336 2299 1522 2375 πέραν,

517 2384 755 2442 Τοιοῖσδ⁸
784 2387 1128 2460 ἐνησμένιζεν
1162 2387 1347 2463 ἔργοις
1378 2390 1603 2451 ἀτόποις

522 2480 739 2538 Ποιναῖς
772 2476 1176 2551 ἀπανθρώπως,
1205 2478 1459 2552 πράξεσιν
1488 2477 1754 2553 ὁσημέραι

343 2564 480 2621 5170
518 2563 624 2621 Καὶ
654 2567 973 2639 θανασίμοις
998 2587 1057 2620 τε
1082 2566 1173 2620 καὶ
1205 2568 1523 2641 στυγητέαις

519 2653 834 2727 Φονουργὸς
853 2652 1216 2726 Ἀνδρόνικος,
1248 2656 1283 2723 ἡ
1316 2653 1496 2731 φαύλη
1530 2655 1687 2731 φύσις

521 2741 730 2799 Τούτου
759 2746 1085 2818 κρατοῦντος
1116 2742 1485 2814 Θεσσαλονίκη
1517 2745 1703 2821 πόλις,

520 2829 691 2893 Πόλις
717 2832 1061 2908 περιώνυμος
1083 2832 1274 2908 ἀρίστη
1302 2832 1465 2896 κλέος

524 2917 801 2995 ΙῙρόεδρος
830 2922 961 2976 οὖσα
992 2921 1329 2978 Θετταλικῶν
1364 2924 1564 2978 ἀστέων

338 3012 489 3067 5175
529 3013 637 3063 Φεῦ
667 3014 762 3087 cpt?)
791 3011 807 3065 l
835 3008 981 3065 ἑάλω
1012 3010 1310 3067 Σικελικῶν
1331 3012 1632 3088 ὁμαιχμίᾳ,

527 3100 626 3156 Καὶ
664 3094 982 3175 βαρϐαρικῷ
1006 3094 1389 3172 κατεδουλώθη
1422 3104 1626 3179 κράτει·

533 3186 774 3259 ’Δλιξιος
803 3190 907 3264 γὰρ
931 3189 991 3244 ἐκ
1019 3193 1326 3263 Κομνηνῶν
1353 3212 1439 3253 τις
1465 3193 1655 3266 γένους

530 3278 796 3340 Κάκιστὸς
820 3278 960 3355 ἀνὴρ
987 3280 1077 3333 καὶ
1107 3279 1336 3358 φθορεὺς
1366 3279 1674 3355 Ῥωμαίδος

526 3371 639 3441 Παρ
672 3363 1024 3442 Ἀνδρονίκου
1050 3366 1397 3445 φυγαδευθεὶς
1431 3370 1509 3436 εἷς
1539 3371 1771 3445 Σκύθας,

336 3463 484 3520 5180
525 3465 705 3539 Φυγᾶς
734 3462 947 3539 ἀπαίρει
978 3465 1115 3541 πρὸς
1149 3465 1399 3523 Σικελίαν
1429 3469 1665 3545 τρέχων,

526 3551 630 3609 Καὶ
660 3556 741 3624 τῷ
764 3553 1141 3629 τυραννεύοντι
1169 3553 1334 3625 τῆσδε
1355 3557 1488 3612 Λατί
1505 3580 1571 3630 Ιφ

526 3642 626 3705 Εἰς
654 3638 776 3715 ὄψιν
809 3642 982 3707 ἐλθὼν
1015 3644 1090 3706 είς
1121 3642 1349 3717 ὁμιλίαν
1381 3645 1561 3721 λόγων

526 3730 615 3786 Ὠς
647 3732 790 3806 εἶχεν
824 3732 1047 3806 ἐξέμηνε
1074 3735 1191 3789 κατ’
1223 3732 1592 3810 Ἀνδρονίκου·

529 3820 681 3877 Ὅθεν
715 3821 965 3895 στρατιὰν
995 3822 1311 3897 εὐτρεπίσας
1344 3823 1534 3898 μυρίαν

339 3910 489 3967 5185
529 3908 705 3980 Πεζήν
736 3931 794 3966 τε
820 3913 1080 3982 ναυτικήν
1109 3932 1166 3966 τε
1327 3911 1576 3974 Σικελίας

534 3999 653 4056 Ἐπὶ
682 3998 873 4063 πόλεις
905 4000 1159 4078 πέπομφε
1190 4001 1377 4077 χώρας
1404 4003 1453 4056 τ’
1480 3999 1760 4057 Αὐσόνων·

531 4088 657 4146 Ἐπὶ
687 4090 781 4161 μὶν
813 4087 1141 4161 Ἐπίδαμνον
1176 4090 1397 4165 στρατὸν
1432 4090 1665 4163 ἱππέων,

533 4176 642 4233 Τὸν
671 4178 920 4233 ναυτικὸν
949 4175 1005 4233 δὲ
1035 4178 1169 4234 κατᾶ
1197 4178 1608 4250 Θεσσαλονίκης.

534 4266 635 4323 Καὶ
666 4266 764 4335 τὴν
801 4268 897 4341 μὶν
928 4266 1279 4341 Ἐπίδαμνον,
1312 4269 1385 4331 ὡς
1413 4266 1583 4343 νόμος
1616 4269 1823 4345 μάχης,

347 4364 494 4421 5190
537 4365 774 4441 Στρατὸς
806 4368 1059 4442 κατέσχε,
1090 4368 1179 4423 καὶ
1211 4366 1302 4421 σὺν
1335 4368 1471 4442 αὐτῇ
1502 4368 1568 4423 τὰ
1596 4368 1768 4443 πέριξ*

536 4454 639 4509 Καὶ
670 4451 987 4529 διαδραμὼν
1018 4455 1107 4511 καὶ
1141 4455 1435 4520 σκυλεύσας
1463 4457 1556 4513 τᾶν
1588 4458 1759 4531 μέσῳ,

532 4546 662 4604 Ταῖς
695 4548 974 4606 ναυτικαῖς
1012 4536 1243 4618 μέμικτο
1272 4542 1641 4623 ταξιαρχίαις,

528 4629 925 4703 Θεσσαλονίκης
955 4634 1388 4710 προσμενούσαις
1417 4641 1534 4697 τοῖς
1567 4637 1733 4710 ὅροις·

534 4722 636 4776 Kal
669 4718 1081 4796 συνδραμούσης
1112 4727 1361 4801 στρατιᾶς
1405 4722 1653 4798 ἑκατέρας

347 4812 496 4867 5195
536 4811 666 4873 Καθ’
697 4810 823 4883 ἅλα,
853 4817 971 4867 κατ’
999 4811 1225 4890 ἤπειρον
1259 4811 1334 4876 είς
1363 4811 1692 4888 ὁμκιχμίαν,

534 4898 636 4956 Καὶ
668 4895 1089 4976 προσϐαλούσης
1118 4905 1186 4976 τῇ
1216 4900 1377 4957 πόλει
1406 4900 1772 4978 πανταχόθεν,

538 4992 646 5043 Φεῦ
675 4992 813 5068 φεῦ]
845 4990 990 5046 me
1021 4991 1389 5064 Θεσσαλονίκη
1421 4987 1607 5062 πόλις,

538 5076 709 5140 Πόλις
740 5076 1140 5152 προεδρεύουσα
1167 5086 1276 5137 τῶν
1297 5077 1648 5152 Μακεδόνων,

539 5167 643 5224 Καὶ
676 5167 926 5232 Σικελοῖς
950 5166 1131 5228 ’ἐκλινε
1160 5172 1297 5245 πρὸς
1333 5171 1451 5248 βίαν
1481 5170 1669 5248 κάρανο

352 5259 499 5316 5200
540 5256 644 5314 Καὶ
676 5256 870 5314 λοιπὸν
905 5258 1021 5323 οἷάς
1047 5265 1154 5317 τῶν
1187 5265 1368 5317 κακῶν
1400 5259 1637 5332 ἷλιάδας,

540 5348 641 5403 Καὶ
677 5353 969 5427 συμφορῶν
997 5348 1238 5427 πέλαγος
1266 5352 1301 5421 ἢ
1330 5349 1631 5428 τραγῳδίας

544 5432 837 5509 Πέπονθεν,
871 5434 1002 5491 εἶδεν
1038 5436 1245 5502 ἀθλίως
1277 5438 1409 5512 αὕτη
1442 5438 1626 5513 πόλις,

537 5525 656 5582 Οὐκ
686 5522 1141 5601 ἒκτραγῳδήσειεν
1178 5527 1235 5582 ἂν
1267 5549 1350 5591 τις
1382 5528 1558 5599 ἀξίως.

543 5614 671 5670 Τῶν
704 5610 951 5669 Σικελῶν
978 5616 1075 5689 γάρ
1110 5616 1423 5693 εἷσρυέντων
1456 5616 1531 5679 εἰς
1562 5616 1749 5685 πόλιν,
1800 5664 1801 5667 η

364 5699 503 5757 5205
545 5695 789 5773 Ἦϐηδὸν
821 5700 1145 5775 ἐσφάττοντο
1173 5726 1368 5770 παντες
1394 5706 1471 5778 τῷ
1502 5702 1656 5781 ξίφειο

1842 378 2201 441 ΟΕΒΔΒΕΒ.

1996 505 2053 572 Α
2081 501 2459 573 Stephanum,
2494 504 2549 559 id
2582 510 2667 559 est
2696 504 3000 572 Coronam,
3035 521 3068 560 a
3098 521 3275 576 puero
3307 505 3551 577 dictum,

2079 605 2351 646 coronam
2383 609 2593 663 nempe
2622 594 2871 651 infamiae
2904 598 2959 648 et
2988 594 3353 651 contumeliae
3381 613 3393 662 ;

2080 679 2354 751 martyris
2386 681 2624 751 quidem
2660 698 2873 739 nomen
2906 698 3020 752 prae
3052 698 3113 740 se
3146 684 3448 751 ferentem,

2078 768 2179 823 sed
2214 768 2557 824 Antichristi
2592 787 2768 842 opera
2798 775 3147 842 patrantem.

2080 856 2197 911 Hoc
2228 858 2596 914 Andronicus
2628 858 3019 915 instrumento
3052 864 3221 917 utens

2081 944 2368 1016 plurimos
2400 945 2566 1014 laesit,
2602 948 2901 1017 mactavit,
2933 947 3231 1017 lapidavit.

2083 1040 2188 1095 Per
2218 1040 2371 1096 hunc
2399 1041 2619 1113 injuste
2649 1042 2926 1114 lapidavit
2952 1044 3125 1100 etiam

2083 1131 2475 1186 Andronicum
2507 1132 2724 1188 Ducam
2757 1149 2889 1188 cum
2922 1134 3287 1203 Macroduca,

2083 1218 2240 1272 viros
2266 1218 2530 1290 egregios
2562 1218 2903 1289 nobilesque
2933 1221 3131 1277 duces.

2084 1306 2230 1362 Nam
2258 1323 2389 1362 cum
2425 1307 2483 1363 in
2518 1308 2679 1378 regia
2710 1314 2872 1363 extra
2904 1325 3104 1365 muros
3135 1310 3308 1365 domo

2085 1395 2371 1467 Mangane
2400 1397 2554 1453 dicta
2593 1398 2911 1469 imperator
2937 1401 3196 1470 degeret,

2087 1489 2263 1555 atque
2292 1484 2433 1539 illuc
2461 1486 2715 1556 plurima
2743 1487 2932 1558 plebis
2962 1488 3206 1544 inﬁnitaa

2088 1664 2276 1736 ipsius
2299 1666 2474 1735 jussu
2505 1666 2677 1722 turba
2709 1671 2907 1724 coacta
2937 1673 3112 1739 esset,

2090 1754 2357 1824 producti
2388 1760 2529 1812 sunt
2555 1756 2853 1826 publicum
2884 1774 2953 1813 ex
2984 1758 3054 1814 iis
3084 1758 3358 1816 domibus

2014 1868 2062 1934 Β
2094 1844 2209 1898 duo
2242 1843 2500 1915 praedicti
2528 1844 2634 1900 viri
2669 1846 2740 1900 ad
2771 1846 3148 1917 supplicium,

2093 1949 2311 2004 perque
2342 1934 2607 1990 omnium
2640 1951 2850 1991 manus
2877 1940 3017 1991 sunt
3037 1936 3302 2008 lapidati,

2093 2021 2267 2077 caedis
2298 2022 2541 2078 faciente
2573 2023 2809 2079 initium
2839 2025 3056 2095 iniqua
3085 2026 3398 2098 Stephano,

2093 2114 2268 2180 atque
2300 2111 2369 2166 ad
2404 2116 2712 2167 cruentum
2745 2112 2972 2169 facinus
2999 2114 3360 2171 exhortante.

2094 2199 2313 2255 Deinde
2345 2202 2684 2267 exstinctos,
2717 2220 2749 2258 ο
2781 2202 3014 2259 crudele
3044 2205 3303 2260 facinus!

2091 2289 2269 2362 lignis
2300 2293 2731 2362 suspenderunt
2760 2309 2792 2348 ο
2821 2292 3052 2364 regione
3083 2295 3266 2352 urbis.

2096 2386 2194 2441 His
2228 2402 2289 2442 se
2321 2388 2648 2442 oblectabat
2679 2388 3041 2444 immanibus
3074 2391 3374 2461 operibus,

2096 2474 2402 2547 suppliciis
2448 2475 2788 2533 inhumanis
2814 2486 2867 2531 et
2898 2480 3275 2533 exsecrandis

2094 2568 2151 2619 et
2180 2564 2439 2619 exitiosis
2472 2564 2698 2620 actibus
2730 2566 2993 2636 quotidie

2095 2653 2350 2709 crudelis
2380 2654 2689 2709 Andronici
2722 2656 3022 2727 ingenium
3066 2658 3415 2727 pessimum.

2096 2742 2214 2797 Hoc
2246 2742 2570 2814 imperante
2602 2744 2743 2798 urbs
2773 2745 3207 2816 Thessalonica,

2097 2830 2311 2885 nobilis
2336 2830 2455 2900 illa,
2488 2831 2742 2902 gloriosa
2770 2834 2993 2901 civitas,

2095 2918 2566 2974 Thessalicarum
2600 2919 2833 2974 urbium
2869 2920 3092 2991 regina,

2097 3007 2210 3063 heu
2232 3008 2244 3061 Ι
2268 3008 2595 3064 Siculorum
2627 3013 2797 3080 capta
2825 3012 2914 3064 est
2943 3009 3219 3077 exercitu,

2099 3101 2155 3151 et
2185 3097 2243 3151 in
2275 3097 2645 3153 barbaricum
2680 3098 2855 3154 cessit
2885 3098 3272 3156 dominatum.

2025 3234 2068 3302 C
2104 3193 2329 3250 Etenim
2362 3196 2602 3267 quidam
2634 3200 2965 3253 Comnenus
2996 3196 3233 3253 Alexius

2109 3283 2404 3354 pessimus
2436 3284 2614 3340 homo
2644 3285 2964 3357 patriaeque
2996 3286 3238 3342 exilium

2104 3376 2176 3432 ab
2206 3372 2533 3430 Andronico
2564 3372 2854 3445 relegatus
2885 3376 2942 3428 in
2977 3375 3293 3447 Scythiam,

2103 3465 2389 3537 profugus
2415 3462 2577 3519 exsul
2610 3463 2769 3517 venit
2798 3464 2855 3517 in
2884 3462 3164 3533 Siciliam,

2103 3557 2278 3623 atque
2310 3552 2583 3606 Latinum
2614 3550 2820 3607 insula;
2850 3555 3165 3623 tyrannum

2105 3639 2475 3710 conveniens,
2506 3646 2682 3712 atque
2712 3642 3007 3697 admissus
3038 3642 3109 3696 ad
3142 3641 3501 3715 colloquium

2104 3731 2260 3786 hunc
2289 3728 2599 3783 Andronici
2630 3732 2792 3785 tanto
2823 3730 3209 3787 inﬂammavit
3238 3731 3389 3804 odio,

2107 3822 2172 3873 ut
2202 3816 2569 3889 congregatis
2600 3818 2787 3888 copiis
2810 3820 3138 3875 innumeris

2105 3906 2355 3963 nauticis
2384 3912 2442 3962 et
2465 3906 2835 3977 pedestribus
2866 3924 2963 3963 rex
2991 3908 3201 3964 Siciliae

2106 4001 2309 4053 contra
2338 3995 2630 4052 Romanas
2669 3996 2965 4067 expediret
2996 4001 3217 4067 terras;

2107 4088 2403 4156 equestres
2436 4084 2675 4155 quidem
2710 4085 2779 4139 ad
2812 4085 3167 4156 Epidaurum
3200 4087 3420 4157 copias,

2109 4172 2377 4230 nauticas
2409 4176 2603 4229 autem
2638 4174 2707 4228 ad
2734 4172 3230 4229 Thessalonicam.

2109 4272 2178 4328 Et
2206 4269 2563 4343 Epidaurum
2597 4271 2832 4343 quidem
2862 4270 3081 4327 virtute
3110 4271 3318 4328 bellica

2109 4361 2263 4433 cepit
2290 4360 2579 4417 terrestris
2612 4360 2779 4416 miles
2812 4377 2943 4415 cum
2972 4360 3221 4431 vicinia;

2112 4449 2546 4522 populatusque
2576 4452 2760 4504 terras
2791 4449 3163 4521 interpositas

2112 4554 2287 4594 cursu
2320 4535 2580 4608 pervenit
2609 4536 2771 4592 illinc
2801 4537 2869 4593 ad
2904 4538 3151 4594 classem
3184 4555 3347 4596 suam

2032 4588 2079 4665 Ι)
2110 4588 2872 4683 ὣῐι“ο”εὲηἷεῖἐιιέέιζέιῖἧῌῖδῖιὲ
2905 4588 3351 4700 agatis};

2110 4716 2366 4788 Utroque
2396 4714 2576 4787 igitur
2605 4719 2982 4771 concurrente
3013 4718 3265 4773 exercitu

2112 4823 2147 4863 a
2175 4804 2506 4862 continente
2531 4807 2685 4859 terra
2716 4820 2924 4877 nempe
2954 4822 3020 4861 ac
3053 4806 3220 4875 mari,

2111 4900 2168 4952 et
2197 4909 2635 4967 quaquaversus
2664 4892 2868 4949 urbem
2901 4895 3321 4965 circumdante,

2114 4985 2227 5041 heu
2260 4984 2371 5039 heu
2398 4982 2410 5036 l
2445 4985 2616 5053 capta
2646 4987 2731 5038 est
2759 4983 3176 5042 Thessalonica
3206 4988 3429 5060 civitas,

2113 5074 2235 5144 illa,
2266 5074 2532 5143 inquam,
2568 5070 2951 5129 Macedonum
2986 5077 3346 5150 metropolis,

2115 5167 2173 5221 et
2199 5161 2409 5218 Siculis
2441 5163 2643 5216 coacta
2667 5161 2946 5219 cervicem
2980 5164 3158 5220 ﬂexit.

2116 5253 2396 5322 Deinceps
2429 5252 2679 5321 quantas
2711 5250 2999 5308 malorum
3038 5254 3247 5311 Iliadas

2115 5339 2519 5400 calamitatum
2551 5339 2963 5412 tragoediaeque
2994 5341 3233 5415 pelagus

2117 5444 2395 5505 perpessa
2422 5426 2497 5482 sit
2529 5441 2594 5482 ac
2618 5426 2823 5482 viderit
2854 5429 3053 5484 infelix
3085 5430 3308 5499 civitas,

2120 5536 2290 5578 nemo
2322 5533 2426 5590 pro
2458 5514 2682 5571 meritis
2713 5534 2850 5573 sane
2880 5534 3116 5574 narrare
3147 5525 3342 5591 queat.

2117 5607 2332 5667 Siculis
2362 5603 2518 5660 enim
2550 5602 2608 5658 in
2644 5604 2848 5661 urbem
2882 5606 3371 5678 irrumpentibus,

2121 5699 2371 5773 puberes
2404 5691 2600 5749 cuncti
2630 5693 3005 5750 caedebantur
3025 5695 3241 5766 gladio,

3611 383 3714 437 198
