4136 6292
329 298 429 352 201

324 426 468 482 5265
505 426 902 501 Ἀρχαιρεσιῶν
934 432 1131 500 προῖκα
1160 430 1592 504 παρεσχημένων

505 518 694 569 Ιίασῶν
729 513 1041 588 ἀριστίνδην
1067 536 1124 570 τε
1143 516 1231 570 καὶ
1261 517 1378 571 κατ’
1406 518 1575 589 ἀξίαν.

508 600 675 658 Οὐδὲν
710 602 767 657 δὲ
792 602 1125 682 πλουτίνδην
1158 626 1219 678 γε
1247 609 1361 669 τοῖς
1392 604 1449 659 έκ
1476 602 1725 679 τριόδων.

503 694 573 760 ᾝ
605 689 771 747 Δαϐἳδ
800 694 988 748 οὐκοῦν
1021 695 1278 768 ἐμμελῶς
1312 693 1535 767 ψάλλων
1569 694 1745 769 λέγει,

505 782 889 852 Δικαιοσύνης,
920 783 1053 857 πρὸς
1086 781 1141 837 δέ
1168 785 1218 857 γ’
1252 782 1471 855 εἰρήνης
1504 782 1664 857 χάρις

319 870 465 924 5270
504 869 807 941 Συνῆλθον,
836 872 1147 939 ἠσπάσαντο
1180 870 1377 945 φιλίως
1404 870 1546 925 τότεο

503 958 669 1022 ’Ἑθος
699 956 745 1012 δ’
778 957 958 1034 ἐναγὲς
989 961 1077 1014 καὶ
1108 960 1427 1033 παράνομον
1458 958 1575 1014 λίαν

508 1047 613 1103 Καὶ
639 1048 828 1119 πρᾶξιν
858 1047 1216 1123 ἀπάνθρωπον
1245 1045 1585 1118 ἀδικωτάτην

509 1135 633 1191 Τῶν
661 1141 1006 1210 ναυαγουσῶν
1032 1134 1300 1212 φορτίδων
1328 1138 1461 1191 κατά
1488 1135 1690 1197 τόπους

511 1222 609 1279 Ἐκ
638 1226 958 1296 πνευμάτων
995 1225 1111 1298 βίας
1140 1247 1196 1279 τε
1225 1226 1311 1279 καί
1344 1222 1656 1297 καταιγίδος

318 1308 465 1364 5275
502 1309 611 1363 Καὶ
644 1306 1044 1385 συντριϐεισῶν,
1080 1313 1171 1365 εἶτ’
1198 1312 1383 1374 ἀκταῖς
1412 1310 1754 1387 έρῥιμμένων

500 1397 829 1472 Ἀγωγίμων
860 1398 1161 1468 σκύλευσιν,
1195 1402 1469 1475 ἁρπαγήν,
1502 1398 1658 1454 λύσιν

496 1486 641 1559 Πρὸς
670 1490 781 1540 τῶν
811 1486 1118 1562 προσοίκων
1148 1484 1357 1551 ἀσεϐῶς
1386 1486 1738 1561 τελουμένας.

494 1580 756 1644 ’Έστησεν
791 1576 945 1637 οὗτος
977 1576 1325 1639 ἂντιπνεύσας
1360 1578 1434 1639 ὡς
1464 1579 1676 1653 κράτωρ

499 1660 774 1739 Σφοδραῖς
804 1663 1075 1737 ἀπειλαῖς,
1107 1671 1434 1740 προσταγαῖς
1474 1660 1779 1740 έμϐριθέσιν

306 1763 455 1817 5280
487 1761 859 1834 Ἀσυμπαθῶς
891 1763 1109 1826 θάνατον
1140 1760 1271 1835 ἕξειν
1310 1762 1529 1835 ζημίαν,

491 1852 671 1929 Ῑξάντα
700 1848 1095 1926 παραϐαίνοντα
1120 1853 1575 1928 προστεταγμένα,

487 1939 900 2016 Παρεγγυώσαις
928 1942 1016 1995 καὶ
1047 1940 1334 2015 κυροόσαις
1365 1939 1584 1995 εἲσάπαν
1619 1958 1633 1973 ⁸

489 2027 562 2085 Εἴ
583 2050 668 2091 τις
698 2030 825 2104 γάρ,
858 2031 991 2099 εἶπε,
1023 2032 1247 2106 χωρίων
1280 2026 1565 2105 παραλίων

488 2117 690 2191 Κύριός
721 2118 864 2173 έστιν
893 2119 1150 2194 εὖγενῶκ,
1185 2118 1466 2193 ἐριτίμων,

306 2208 450 2264 5285
486 2208 551 2263 Ἠ
581 2210 708 2282 παρ’
741 2206 875 2280 ἐμοῦ
905 2208 1132 2285 πέφυκεν
1167 2207 1344 2283 ἀρχῆν
1374 2204 1572 2261 διέπων

485 2296 749 2369 Πρώτισθ⁷
780 2296 989 2367 ἑαυτὸν,
1024 2296 1119 2359 εἶθ’
1152 2296 1407 2364 ὑπηκόων
1438 2293 1623 2370 στίφος

487 2383 871 2460 Καταρτισάτω
903 2385 1041 2459 πρὸς
1074 2389 1208 2439 Θεοῦ
1243 2389 1382 2447 θεῖον
1417 2378 1583 2461 φόϐον

486 2472 816 2543 Ύποστολτςν
845 2495 904 2528 τε
931 2477 1029 2542 τῆς
1061 2472 1199 2546 έμῆς
1232 2470 1566 2547 κραταρχίας
1601 2490 1614 2503 ·

488 2564 557 2618 Ἢ
589 2561 853 2632 δεσπότης
887 2569 987 2624 πᾶς
1018 2564 1297 2635 κτήματος
1326 2559 1597 2633 παραλίου

306 2654 449 2709 5290
487 2651 787 2727 Ἐπαρχίας
820 2649 1006 2726 ἄρχων
1037 2672 1115 2720 τε,
1146 2649 1242 2704 κᾶν
1275 2650 1310 2720 ᾗ
1341 2648 1559 2722 τιμίων,

481 2741 537 2793 Ὀ
568 2741 715 2814 παρὰ
742 2744 883 2810 νηῶν
920 2743 1258 2815 ναυαγουσῶν
1292 2732 1588 2809 λαμϐάνων

484 2826 813 2903 Ἀγωγίμων
846 2849 895 2882 τι
928 2831 1170 2905 φανερῶς
1202 2825 1515 2900 γινωσκέτω

484 2919 792 2991 Πρόστιμον
819 2914 949 2987 ἕξων
979 2918 1070 2971 τὸν
1104 2918 1327 2980 θάνατον
1360 2911 1601 2975 ένδίκὼς.

485 3005 592 3063 Κᾶν
692 3006 784 3079 μὲν
818 3005 974 3067 αὐτὸς
1004 3007 1235 3079 καθαρὸς
1266 3007 1332 3077 τῇ
1363 3000 1576 3075 καρδίᾳ,

293 3106 444 3161 5295
482 3105 643 3178 Χερσὶ
675 3102 721 3158 δ’
750 3106 925 3169 ἀθῶος
958 3102 1254 3176 ἀμέθυκτος
1277 3103 1323 3153 τ’
1355 3100 1600 3171 εἷσάπαν,

481 3195 548 3250 Ol.
581 3192 627 3247 δ’
659 3193 761 3248 ὑπὸ
792 3199 954 3268 χεῖρα
984 3195 1211 3266 κάτοχοι
1243 3193 1361 3252 ταῖς
1388 3187 1583 3249 αἶ’τίαις
1616 3206 1628 3219 ⁶

482 3285 741 3357 ’Ἃρχοντι
772 3283 860 3336 καὶ
892 3283 994 3356 γάρ
1026 3278 1323 3352 ἐξισοῦσθαι
1352 3274 1625 3349 προστάτῃ

479 3367 687 3427 Εἷ’ωθεν
720 3371 859 3424 ἅπαν
891 3369 1209 3443 ὑποχείριον
1250 3365 1445 3421 θέλειν.

480 3453 634 3516 Τίσέι
670 3456 725 3513 δὲ
756 3457 966 3531 πότμον
1000 3457 1235 3511 ἐντολῶν
1265 3450 1604 3531 παραϐάτης,

298 3551 442 3605 5300
482 3548 786 3625 Φρικαλέον
816 3570 872 3603 τε
897 3549 986 3602 καὶ
1019 3545 1382 3617 δυσήκουστον
1414 3546 1577 3619 τάχα,

480 3639 670 3694 Παθὼν
703 3641 1031 3713 κρεμάθραν,
1066 3635 1309 3690 ἀνάτασίν
1339 3636 1386 3688 τ’
1417 3633 1629 3701 ἀθλίαν,

479 3730 630 3792 Νεὼς
659 3728 736 3804 ἐφ’
769 3728 921 3781 ἰστοῦ
953 3719 1324 3800 συντριϐείσης
1354 3726 1432 3793 τῷ
1464 3720 1636 3793 σάλῳ.

480 3814 690 3871 Τοιὸνδ’
722 3814 990 3875 έπισείσας
1017 3834 1076 3888 γε
1105 3813 1345 3885 σύμπασι
1379 3808 1519 3879 δέος,

478 3905 763 3980 Θεοστυγὶς
790 3904 1029 3958 πέπαυκε
1060 3907 1331 3975 κρατῆσαν
1362 3896 1479 3959 ἔθος
1511 3916 1524 3929 ’

289 4005 439 4061 5303
478 4001 583 4058 Καὶ
612 4001 804 4058 λοιπὸν
830 4002 928 4056 οὗκ
954 4000 1021 4067 ἦν
1048 3999 1282 4073 καθορᾷν
1310 3996 1404 4057 τὰς
1436 3992 1690 4070 φορτίδας

478 4090 875 4164 Περιπεσούσας
906 4088 965 4143 έκ
995 4087 1164 4142 σάλου
1192 4084 1450 4159 ναυαγίῳ,

477 4178 804 4255 ’Δγωγίμὼν
834 4176 1117 4232 σκύλευσιν
1156 4174 1516 4251 ὑφισταμένας
1549 4190 1561 4203 ’

475 4266 636 4324 Ἀλλ’
662 4270 728 4336 ἧν
759 4265 1004 4339 γαλήνην
1036 4264 1093 4318 ἐκ
1120 4263 1407 4339 τρικυμίας
1441 4262 1660 4337 βλέπειν

476 4354 817 4430 Διαγελῶσαν
850 4351 1202 4428 ναυαγοῦσαις
1232 4350 1451 4405 ὁλκάσιν
1487 4364 1503 4379 ⁸

285 4449 438 4505 5310
476 4447 574 4502 Ἠν
605 4443 694 4498 καὶ
725 4442 1003 4511 κολαστὴς
1036 4436 1368 4516 χειροδίκαις
1401 4436 1646 4514 ἀνδράσι,

474 4535 673 4603 Ποινήν
704 4553 763 4587 τε
792 4530 954 4592 τιθεὶς
985 4526 1231 4583 ἀδικοῦσι
1258 4527 1347 4582 καὶ
1377 4525 1555 4597 δίκην,

476 4623 580 4677 Κᾶν
615 4622 682 4690 ἦν
715 4617 913 4674 ἀδικῶν
948 4616 1197 4691 εὐγενῶν,
1229 4614 1496 4689 λαμπρῶν
1521 4615 1687 4689 γένει,

475 4715 560 4772 Ὠς
596 4711 671 4783 μή
704 4710 822 4764 κατ’
850 4703 997 4781 ὄψιν,
1029 4704 1174 4760 ἀλλᾶ
1206 4701 1426 4765 δικαίως
1455 4702 1673 4777 κρίνων,

475 4800 570 4853 Καὶ
604 4799 738 4853 κατὰ
770 4796 961 4872 μικρὸν
1059 4814 1183 4871 φασι
1209 4791 1300 4847 καί
1325 4793 1416 4846 τὸν
1450 4792 1635 4867 μέγαν.

285 4898 440 4955 5315
475 4894 575 4951 Καὶ
606 4900 714 4950 τῶν
743 4894 1140 4967 τεσσαράκοντα
1171 4891 1405 4965 Χριστοῦ
1439 4888 1724 4964 μαρτύρων

481 4984 621 5039 Ναὸν
651 4984 995 5059 περιώνυμον
1028 4976 1398 5055 ἠγλαϊσμένον

474 5071 669 5149 Χρόνῳ
698 5068 1076 5127 παλαιωθέντα
1104 5066 1193 5123 καὶ
1224 5066 1539 5139 κεκμηκότα

473 5163 715 5217 Ἀνανεοῖ
744 5159 1015 5215 κάλλιστα
1044 5156 1327 5217 πλείσταις
1359 5152 1619 5218 δαπάναις
1650 5172 1663 5184 ’

471 5250 550 5307 Οὗ
581 5250 670 5304 καὶ
705 5246 908 5321 δόμους
938 5245 1124 5321 ἤγειρε
1152 5246 1288 5318 πρὸς
1326 5242 1623 5315 κατοικίαν,

292 5342 439 5396 5320
478 5344 682 5407 Δεῆσαν
715 5335 889 5390 ἐλθεῖν
921 5336 1059 5410 πρὸς
1088 5334 1219 5388 νεὼν
1251 5336 1356 5387 τῶν
1395 5330 1680 5405 μαρτύρων

464 5425 796 5487 Πολυτελεῖς
828 5424 917 5478 καὶ
947 5422 1235 5485 ποικίλους
1261 5423 1425 5496 τέχνῃ
1458 5421 1659 5490 ξένους.

468 5513 569 5566 Καὶ
600 5513 831 5588 πατέρας
864 5508 921 5564 δὲ
950 5514 1059 5564 τῶν
1093 5508 1269 5582 λόγων
1288 5508 1379 5562 καὶ
1410 5507 1537 5568 τοὺς
1573 5506 1773 5583 λόγους

467 5602 635 5661 Οὗτος
670 5597 924 5675 βασιλεὺς
956 5596 1135 5669 ἀξίους
1164 5596 1331 5660 τιθεὶς
1362 5595 1532 5670 λόγου

610 5720 695 5778 ΡΑ
710 5733 878 5778 τιιοι..
928 5718 1037 5777 Gn.
1084 5714 1337 5777 CXLIII.

1842 308 2210 363 CESARES.

1994 434 2043 499 Α
2080 434 2218 505 quia
2249 435 2430 506 gratis
2462 450 2669 506 nempe
2700 437 2992 492 dabantur
3023 438 3338 510 dignitates

2078 528 2299 578 cunctae
2332 523 2545 595 cuique
2575 525 2794 596 optimo
2826 542 2891 581 ae
2922 528 3187 596 merenti,

2075 611 2295 666 nemini
2330 612 2571 684 indigno
2602 614 2702 686 qui
2736 615 2982 686 pecunia
3012 621 3250 673 emeret.

2076 702 2245 772 Ergo,
2273 706 2338 757 ut
2368 703 2727 759 carminibus
2760 704 2977 777 psaltes
3008 705 3185 762 David
3218 708 3451 779 cecinit,

2067 789 2300 859 justitia
2330 792 2507 847 simul
2540 798 2597 848 et
2624 798 2869 850 venusta
2894 812 3006 867 pax

2075 880 2215 932 tunc
2246 882 2560 950 conjurataa
2591 883 2775 939 amice
2804 884 3244 940 osculabantur.

2078 976 2322 1047 Insuper
2353 994 2573 1034 morem
2608 979 2879 1052 impium,
2910 981 3422 1056 scelestissimum,

2078 1061 2304 1119 facinus
2334 1064 2723 1123 inhumanum
2763 1069 3250 1140 injustissimum,

2074 1167 2282 1224 nempe
2314 1155 2400 1210 uti
2433 1173 2605 1212 naves
2640 1157 2852 1213 alicubi
2886 1160 3184 1231 naufragis

2071 1245 2375 1298 ventorum
2409 1243 2679 1302 violentia
2709 1252 2766 1301 et
2794 1248 3161 1318 tempestatis

2071 1329 2394 1398 confractae,
2428 1337 2480 1388 et
2514 1350 2647 1389 mox
2676 1334 2747 1389 ad
2780 1334 2978 1391 littora
3008 1339 3275 1407 projects:

2071 1417 2311 1473 sarcina
2343 1420 2729 1492 direptionem
2760 1440 2825 1477 ac
2858 1424 3175 1494 perniciem

2070 1510 2274 1562 contra
2304 1508 2390 1564 fas
2421 1525 2587 1566 omne
2616 1512 2686 1565 ab
2718 1512 2930 1567 accolis
2962 1518 3321 1583 paterentur,

2070 1595 2311 1651 sustulit
2340 1599 2710 1655 Andronicus
2743 1601 2902 1672 regio
2936 1606 3080 1656 nutu
3116 1618 3129 1655 :

2068 1682 2165 1753 qui
2199 1684 2358 1753 gravi
2380 1686 2557 1755 jussu
2592 1704 2657 1743 ac
2689 1688 2865 1745 minis
2898 1688 3341 1747 vehementibus

1989 1792 2035 1857 Β
2067 1774 2282 1827 certam
2316 1774 2619 1830 constituit
2648 1783 2895 1832 mortem
2928 1794 2992 1833 ac
3026 1778 3381 1850 supplicium

2066 1858 2158 1913 his
2189 1860 2288 1930 qui
2320 1862 2618 1918 decretum
2644 1863 2930 1919 violarent
2960 1881 3158 1935 suum,

2063 1946 2239 2019 idque
2268 1965 2401 2005 cum
2436 1968 2603 2022 praua
2634 1956 2913 2008 aeternum
2946 1958 3261 2026 ratumque
3290 1957 3491 2013 voluit.

2061 2036 2255 2108 Siquis
2286 2036 2569 2107 locorum,
2604 2040 2817 2111 inquit,
2850 2041 3283 2100 maritimorum

2059 2141 2365 2196 possessor
2394 2133 2483 2183 est
2512 2128 2583 2184 de
2611 2144 2821 2199 genere
2851 2129 3250 2202 optimatium,

2059 2230 2157 2270 seu
2191 2215 2603 2287 magistratum
2635 2218 2915 2273 traditum
2947 2235 2979 2273 a
3010 2235 3102 2274 me
3132 2235 3363 2291 gerens,

2002 2361 2005 2364 ,
2060 2303 2246 2373 primo
2273 2321 2335 2360 se
2365 2306 2561 2376 ipsum
2593 2306 2724 2362 dein
2757 2306 3155 2377 subditorum,
3185 2310 3453 2366 ordinem

2059 2392 2129 2446 ad
2159 2392 2553 2462 Deijsanctum
2588 2393 2857 2450 timorem
2889 2396 3181 2462 instituat,

2058 2484 2231 2551 atque
2262 2481 2333 2537 ad
2367 2482 2597 2553 imperii
2630 2483 2811 2539 nostri
2844 2484 3250 2541 reverentiam.

2055 2579 2200 2632 Tum
2233 2579 2432 2649 przedii
2465 2580 2693 2651 siquem
2726 2580 3033 2636 dominum
3066 2581 3349 2638 maritimi

2055 2665 2432 2736 provincimve
2463 2668 2793 2738 praesidem,
2828 2670 3095 2740 quamvis
3128 2670 3404 2739 nobilem,

2055 2753 2125 2809 de
2156 2754 2573 2825 naufragarum
2606 2757 2841 2811 navium
2875 2758 3181 2829 quidpiam
3216 2759 3465 2817 sarcinis

2055 2842 2382 2913 percepisse
2411 2846 2567 2898 certo
2599 2844 2892 2899 constabit
2922 2845 3163 2913 indicio,

2053 2930 2211 2985 hunc
2244 2934 2441 2986 manet
2469 2931 2663 2987 dirum
2698 2933 2903 2988 merito
2934 2932 3291 3005 supplicium
3328 2953 3342 2991 :

2054 3021 2284 3076 etiamsi
2317 3022 2462 3077 forte
2494 3023 2740 3094 ipsemet
2774 3028 2963 3080 mente
2994 3040 3179 3096 purus

1974 3128 2016 3202 α
2059 3124 2350 3181 manuque
2380 3128 2618 3182 prorsus
2650 3112 3146 3169 incontaminatus
3180 3113 3373 3181 luerit,

2056 3197 2104 3251 si
2136 3201 2331 3253 tamen
2364 3200 2493 3268 ejus
2523 3201 2744 3256 subditi
2778 3218 2838 3256 se
2869 3218 2997 3257 reos
3029 3202 3304 3270 fecerint;

2050 3286 2526 3357 quandoquidem
2562 3289 2765 3342 rectori
2800 3290 3252 3361 praesidentique

2050 3373 2269 3429 subditi
2300 3375 2495 3430 cuncti
2529 3376 2882 3432 conformari
2914 3378 3121 3433 solent.

2050 3470 2476 3542 Transgressor
2506 3476 2699 3527 autem
2734 3471 2880 3543 legis
2912 3475 3271 3545 perpetietur

2050 3554 2372 3611 inauditam
2405 3557 2559 3612 illico
2589 3559 2941 3614 horrendam
2977 3564 3249 3627 mortem,

2047 3642 2210 3698 triste
2240 3659 2448 3715 nempe
2481 3648 2869 3716 suspendium
2901 3648 3419 3722 extensionemque

2047 3730 2105 3785 in
2140 3731 2292 3786 malo
2326 3731 2489 3786 navis
2520 3734 2813 3805 naufragae
2845 3738 3194 3807 experietur.

2045 3819 2189 3875 Cum
2221 3819 2397 3876 talem
2428 3819 2656 3876 cunctis
2686 3820 3033 3879 incussisset
3062 3830 3302 3897 metum,

2044 3906 2349 3964 inveterati
2380 3908 2560 3964 moris
2588 3908 2839 3965 cessavit
2868 3910 3085 3967 scelus.

2044 3996 2183 4051 Exin
2206 3996 2333 4065 jam
2367 3996 2513 4052 nulli
2543 3996 2917 4068 contingebat
2948 4000 3077 4054 navi

2045 4088 2106 4140 ut
2136 4084 2488 4155 spoliaretur
2518 4100 2691 4140 onere
2722 4101 2754 4139 a
2786 4086 3184 4157 pradonibus,

2044 4173 2093 4227 si
2126 4172 2269 4227 forte
2299 4171 2359 4227 in
2392 4173 2537 4227 mari
2570 4175 2785 4229 faceret
2817 4176 3190 4248 naufragium
3226 4194 3241 4232 :

2045 4262 2143 4316 sed
2176 4262 2509 4332 tempestati
2541 4263 2827 4319 serenitas
2859 4271 3226 4322 successerat

2044 4358 2509 4429 periclitantibus
2546 4361 2745 4417 favens
2778 4362 3082 4420 onerariis.

1967 4481 2014 4546 D
2048 4449 2292 4519 Insuper
2320 4449 2683 4506 Andronicus
2713 4450 2965 4519 injustas
2994 4451 3265 4509 homines

2047 4553 2215 4608 poena
2246 4537 2533 4593 afficiebat
2563 4537 2873 4609 debitaque
2902 4539 3142 4609 ultione,

2046 4626 2423 4697 quantumvis
2452 4642 2585 4682 reus
2616 4625 2833 4681 nobilis
2864 4626 3173 4699 clarusque
3202 4629 3351 4686 foret
3382 4647 3399 4687 :

2046 4714 2270 4770 scilicet
2294 4714 2449 4769 haud
2484 4730 2585 4786 pro
2618 4730 2887 4786 persona,
2920 4716 3021 4771 sed
3044 4718 3206 4788 juste
3229 4718 3527 4792 judicans,

2046 4808 2103 4860 et
2131 4808 2363 4859 tenuem
2397 4807 2570 4873 atque
2599 4818 2878 4874 magnum
2912 4804 3153 4876 perinde
3183 4808 3505 4867 estimans.

2048 4892 2105 4947 Is
2135 4891 2307 4947 etiam
2333 4890 2545 4945 Christi
2576 4892 2965 4963 quadraginta
3004 4899 3330 4969 martyrum

2047 4980 2270 5035 celebre
2299 4978 2465 5034 valde
2494 4979 2779 5051 templum
2810 4985 2866 5036 et
2895 4983 3364 5057 ornatissimum,

2046 5073 2185 5124 tunc
2215 5067 2486 5123 laborans
2516 5069 2799 5140 temporis
2830 5070 3072 5141 injuria,

2047 5156 2398 5212 instauravit
2426 5156 2938 5227 optimeimpensa
2967 5156 3223 5229 plurima
3248 5174 3267 5217 :

2048 5245 2246 5315 ibique
2274 5245 2427 5299 mdes
2460 5245 2528 5299 ad
2562 5244 2947 5300 habitandum
2979 5246 3214 5313 struxit,

2050 5334 2337 5405 siquando
2368 5334 2439 5388 ad
2470 5332 2686 5389 dictum
2718 5334 3005 5406 templum
3035 5332 3162 5406 ipse
3192 5337 3547 5406 acccederet,

2047 5422 2207 5477 vario
2240 5419 2481 5476 artificio
2514 5426 2978 5493 sumptuosoque
3010 5422 3215 5491 miras,

2050 5510 2294 5579 Insuper
2323 5507 2549 5563 litteras
2580 5525 2711 5564 cum
2745 5509 2870 5563 suis
2902 5508 3333 5581 professoribus

2051 5596 2144 5651 hic
2174 5596 2490 5668 imperator
2521 5596 2758 5667 plurimi
2795 5596 3121 5668 aestimavit,

3331 5717 3363 5773 7

3613 318 3721 373 202
