4136 6292
473 310 583 366 203
988 328 995 334 ·
1678 309 2049 364 EPHREMII
2085 306 2654 365 CHRONOGRAPHI

474 432 777 504 largisque
808 430 948 486 fovit
979 428 1149 485 donis
1182 434 1355 501 prout
1386 430 1473 487 fas
1504 436 1647 487 erat.

476 522 605 578 Jam
635 536 768 576 cum
801 518 897 573 hic
927 523 1080 575 esset
1111 535 1350 589 prorsus
1382 519 1575 575 lanius
1605 519 1935 587 hominum,

480 612 605 666 Imo
632 624 764 665 vero
796 608 972 664 Satan
1000 611 1145 662 alter
1174 606 1491 675 homicida,

481 699 583 754 ubi
614 697 902 769 concepit,
935 702 1001 751 ut
1030 697 1111 752 ait
1143 697 1348 766 David,
1375 696 1658 764 dolorem,

478 786 820 859 iniquitates
853 785 1104 857 peperit!
1143 785 1311 854 eheu,
1348 790 1611 842 mortem.

480 880 783 932 Decretum
819 876 905 945 ﬁt,
938 874 1082 945 proh
1114 873 1504 930 inhumanum
1536 875 1797 936 facinus!

484 969 548 1021 ut
576 964 766 1020 cuncti
799 962 1009 1018 inclusi
1043 979 1272 1018 carcere
1301 962 1388 1019 vel
1422 963 1651 1019 exsules

483 1053 655 1124 mari,
678 1052 765 1107 vel
797 1051 1010 1123 gladio,
1038 1051 1127 1106 vel
1159 1050 1272 1106 alio
1303 1052 1508 1107 mortis
1539 1067 1767 1122 genere,

484 1141 718 1199 nemine
749 1148 1003 1211 excepto,
1035 1140 1169 1195 vitm
1202 1140 1377 1196 finem
1404 1145 1664 1207 cernant,

484 1231 595 1303 ipsi
622 1234 678 1287 et
708 1228 1005 1301 conjuncti
1034 1245 1235 1285 omnes
1261 1231 1395 1300 jure
1424 1229 1675 1301 generis.

486 1321 603 1376 Cur
629 1319 809 1387 enim,
842 1318 942 1386 ait,
977 1334 1091 1373 uno
1128 1322 1351 1373 resecto
1382 1318 1592 1389 capite,

489 1408 605 1465 alia
635 1412 991 1479 consurgent
1021 1406 1190 1478 plura
1220 1410 1275 1462 et
1308 1406 1545 1477 pejora?

488 1499 625 1553 hem
656 1497 1027 1563 exsecranda,
1059 1494 1358 1550 horribilis
1391 1494 1712 1550 sententia!

489 1587 625 1643 hem
653 1585 1031 1642 maledictum
1064 1584 1393 1639 satanicum
1426 1583 1747 1649 decretum,

490 1692 525 1731 a
556 1690 670 1746 quo
699 1677 785 1728 tot
812 1671 970 1728 letho
1002 1672 1456 1727 destinabantur
1485 1670 1752 1725 homines
1777 1669 1789 1723 ι

491 1766 678 1835 Atque
708 1762 817 1818 hoc
848 1760 1198 1830 inscriptum
1226 1757 1439 1813 libellis
1470 1759 1768 1813 decretum

494 1852 567 1908 ab
596 1847 993 1921 iniquissimis
1028 1851 1331 1919 acceptum
1356 1846 1660 1919 judicibus

496 1938 865 1995 Andronicus
896 1936 1218 2009 imperator
1247 1934 1615 1990 custodiebat
1645 1950 1659 1989 :

496 2028 671 2099 idque
702 2026 814 2082 heu
848 2025 1195 2097 quantocius
1228 2028 1608 2080 exsecuturus
1639 2028 1784 2092 erat,

498 2117 788 2189 pecudum
820 2114 1008 2169 instar
1037 2117 1122 2169 tot
1149 2113 1418 2169 homines
1443 2113 1749 2184 jugulans,

507 2209 795 2278 quotquot
825 2220 928 2278 per
954 2204 1267 2276 imperium
1300 2203 1357 2257 in
1387 2202 1592 2258 vinclis
1624 2206 1790 2257 erant

506 2309 638 2349 cum
670 2292 1120 2365 consanguineis
1152 2290 1379 2347 cunctis
1410 2295 1467 2345 et
1496 2290 1793 2345 affinibus.

504 2382 619 2438 nisi
649 2383 882 2438 Creator
907 2381 1137 2453 generis
1164 2378 1409 2434 humani
1442 2394 1506 2433 ac
1537 2377 1824 2435 Dominus

500 2473 969 2541 praeoccupasset
997 2470 1239 2542 perdere
1266 2468 1689 2537 Andronicum,

499 2559 762 2631 taliaque
788 2558 849 2613 in
880 2574 1115 2613 cassum
1146 2561 1369 2612 vertere
1399 2555 1667 2611 consilia.

499 2647 743 2703 Interim
773 2646 1143 2702 Andronicus
1176 2648 1388 2699 cuncta
1417 2660 1663 2699 cernens

500 2736 743 2791 adversa
772 2734 884 2790 sibi
917 2733 1040 2789 ﬁeri
1072 2737 1129 2789 et
1159 2732 1423 2788 difficilia

499 2827 736 2896 propter
763 2823 1009 2879 victores
1044 2821 1266 2877 Siculos
1298 2821 1605 2891 exercitus,

500 2912 601 2984 qui
629 2912 1106 2968 Thessalonicam
1139 2914 1581 2982 occupaverant.

500 3004 673 3073 prout
703 3000 970 3072 superior
1000 2998 1258 3053 narravit
1286 2998 1551 3053 historia.

498 3096 559 3147 et
588 3108 746 3147 nunc
767 3090 892 3157 jam
926 3090 1125 3145 Serras
1154 3088 1540 3158 Bolerumque
1572 3086 1956 3155 advenerant;

498 3182 742 3253 insuper
770 3195 990 3252 gnarus
1017 3177 1270 3233 subditis
1301 3192 1363 3231 se
1394 3176 1675 3244 invisum,

498 3270 569 3324 ad
601 3266 983 3324 divinandum
1016 3264 1297 3335 temporis
1328 3263 1507 3317 futuri
1540 3278 1712 3318 casus

496 3371 600 3425 per
629 3353 899 3411 homines
930 3350 1185 3407 hariolos
1216 3351 1498 3407 convertit
1528 3349 1791 3405 animum

496 3443 893 3499 abominanda
925 3444 1092 3496 utens
1124 3439 1555 3511 hydromantia.

494 3531 565 3585 Et
594 3530 876 3586 interesse
906 3528 1145 3599 quidem
1172 3543 1307 3582 cum
1339 3524 1581 3580 hariolis

495 3619 687 3675 noluit
716 3618 865 3690 ipse,
898 3615 1252 3672 derisionem
1284 3629 1522 3680 cavens;

492 3723 697 3763 verum
727 3706 849 3761 haec
882 3705 1152 3760 ministro
1182 3702 1474 3758 commisit
1497 3702 1787 3774 Stephano

494 3812 662 3852 sacra
691 3798 978 3849 nocturno
1008 3796 1271 3863 tempore
1303 3805 1577 3862 peragere
1608 3808 1621 3846 :

495 3884 597 3956 qui
630 3884 700 3939 ad
733 3899 794 3939 se
822 3897 1037 3938 vocans
1061 3879 1303 3935 Sethum
1337 3880 1651 3951 quemdam
1684 3878 1919 3935 nomine

494 3988 733 4040 caecum,
767 3971 867 4027 sed
899 3974 1019 4026 arte
1049 3968 1361 4038 hariolum,
1392 3969 1465 4024 ob
1494 3969 1672 4039 idque
1702 3967 1840 4023 olim

485 4062 653 4133 justa
683 4059 974 4116 sententia
1004 4057 1189 4115 oculis
1220 4058 1510 4131 privatum

491 4167 527 4206 a
557 4148 826 4206 Manuele
856 4164 1125 4220 purpurae
1158 4146 1328 4218 regie
1361 4144 1633 4213 flosculo;

487 4238 848 4310 interrogare
878 4235 1051 4307 coepit
1083 4234 1272 4289 malos
1304 4233 1598 4288 daemonas

485 4345 592 4401 per
621 4326 856 4384 nefaria:
888 4326 1030 4381 artis
1057 4322 1511 4389 incantationes,

486 4417 761 4489 quisnam
795 4418 929 4487 post
956 4412 1355 4468 Andronicum
1389 4414 1577 4466 Caesar
1610 4412 1799 4466 foret?

480 4503 573 4560 vel
603 4504 784 4576 hujus
815 4502 1090 4575 quisnam
1123 4503 1353 4570 raperet
1384 4498 1736 4569 imperium?

480 4593 721 4649 Daemon
752 4605 821 4646 ex
852 4589 1000 4662 pelvi
1032 4587 1232 4644 retulit
1257 4587 1552 4659 ambigua,

480 4684 539 4736 et
569 4680 920 4752 perobscura
948 4678 1092 4732 dum
1123 4692 1226 4747 per
1254 4692 1465 4748 aquam
1494 4675 1759 4747 loquitur

480 4767 795 4825 delineavit
822 4765 1034 4823 litteris
1065 4764 1396 4833 fallacibus,
1484 4790 1487 4792 >

477 4858 768 4928 quantum
799 4853 1086 4924 conjicere
1113 4850 1301 4918 licuit,
1333 4852 1645 4909 Isaacium.

475 4938 591 5000 Nec
620 4959 754 4999 vero
797 4940 1055 4998 nominis
1085 4944 1298 4996 cuncta
1327 4939 1613 4997 elementa
1642 4942 1899 5013 scripsit,

475 5032 577 5087 sed
611 5028 947 5102 semiplenas
977 5027 1193 5086 obtulit
1216 5031 1498 5099 tanquam
1534 5030 1685 5085 lunae

472 5118 718 5189 ﬁguram
746 5118 1139 5189 dimidiatam,
1168 5120 1341 5189 atque
1371 5117 1645 5189 ambigue

469 5212 527 5265 et
556 5207 707 5263 lunae
739 5206 858 5263 iota
881 5204 1136 5262 litteram
1168 5205 1507 5277 praeposuit.

2149 434 2199 503 Α
2410 434 2554 505 Σφᾶς
2587 426 2812 502 δωρεαῖς
2845 426 3037 498 ἥδυνεν
3075 423 3262 505 ἁϐραῖς
3295 428 3367 491 ὠς
3403 431 3557 501 θέμις
3590 448 3602 462 ·

2222 522 2363 575 5325
2399 525 2490 572 Ὠν
2526 516 2572 572 δ’
2603 518 2846 594 ἀτεχνῶς
2884 520 3139 596 μάγειρος
3164 519 3462 592 ἀνθρώπων
3493 516 3606 589 ὅδε,

2402 607 2629 665 Μᾶλλον
2663 605 2718 661 δὲ
2754 608 2923 663 Σατᾶν
2958 606 3129 671 ἄλλος
3164 607 3638 683 ἀνθρωποκτόνος,

2403 701 2471 765 ᾚ
2501 719 2629 775 φησι
2664 693 2851 771 Δαϐἲδ,
2883 696 3151 769 ὡδινήσας
3182 696 3252 767 δὴ
3284 697 3474 769 πόνον,

2404 787 2745 861 Παρανομίας
2777 787 3073 858 ἀποτίκτει,
3099 790 3227 863 φεῦί
3268 787 3436 863 μόρον
3473 806 3485 820 ⁸

2404 877 2623 949 Ὥριστο
2653 874 2855 944 τοίνυν,
2882 874 2925 929 ὣ
2951 876 3342 951 μισανθρώπου
3372 875 3602 949 τρόπου,

2228 966 2364 1027 533θ
2405 964 2838 1040 Καθειργμένους
2866 963 3169 1037 ξύμπαντας
3204 964 3309 1019 εἶετε
3340 962 3572 1040 φυγάδας

2406 1050 2611 1127 ’Άρδην
2646 1052 2793 1130 βυθῷ
2818 1074 2874 1106 τε
2905 1055 2993 1107 καὶ
3026 1054 3160 1131 ξίφει
3192 1055 3281 1108 καὶ
3314 1054 3523 1125 Θανάτῳ

2412 1139 2817 1217 Ηαραδοθέντας
2845 1141 2936 1195 τὸν
2969 1142 3083 1217 βίον
3116 1143 3523 1218 καταστρέφειν,

2410 1230 2616 1293 Αὐτούς
2643 1252 2699 1285 τε
2729 1230 2929 1293 πάντας
2957 1232 3047 1285 καὶ
3074 1234 3445 1305 προσήκοντας
3474 1230 3637 1306 γένει.

2408 1318 2469 1372 Τί
2498 1321 2600 1396 γὰρ
2632 1320 2871 1397 κεφαλῆς
2905 1320 2949 1374 εἶ
2986 1326 3114 1394 μιᾶς
3144 1320 3491 1395 τετμημένης

2234 1410 2375 1464 5335
2415 1410 2685 1479 Φυήσεται
2717 1410 2928 1483 κάρηνα
2958 1410 3132 1485 ’χείρω
3162 1410 3251 1463 καὶ
3282 1408 3436 1464 πλέω
3464 1430 3480 1478 ς

2412 1501 2476 1553 Ὠ
2506 1500 2830 1575 παμμιάρου
2861 1502 2949 1555 καὶ
2984 1505 3304 1575 οεοστυγοῦς
3335 1498 3513 1572 δίκης,

2414 1588 2517 1647 Καὶ
2548 1595 2835 1646 σατανικοῦ
2868 1590 3177 1665 σκέμματος
3213 1590 3498 1664 μισητέου,

2416 1682 2837 1757 Κατακρίνοντος
2869 1684 3064 1745 παντὸς
3092 1683 3382 1758 ἀνθρώπου
3415 1683 3616 1760 μόρον]

2422 1769 2651 1823 Σκέμμα
2680 1771 2920 1823 πονηρὸν
2954 1770 3206 1823 ἐγγραφὲν
3238 1770 3435 1823 τόμοι(
3465 1773 3524 1823 τό

2164 1789 2213 1856 Β
2422 1769 2651 1843 Σκέμμα
2680 1771 2920 1843 πονηρὸν
2954 1770 3206 1847 ἐγγραφὲν
3238 1770 3435 1843 τόμοις
3465 1768 3589 1826 τόδε

2244 1860 2385 1915 5340
2424 1859 2563 1932 Πρὸς
2592 1863 2695 1912 τῶν
2728 1860 3016 1935 κρινόντων
3050 1856 3222 1931 ἄνομα
3254 1855 3653 1933 δικασπόλωνίς

2423 1946 2661 2025 Εῗληφεν
2695 1946 3036 2023 Ἀνδρόνικος
3070 1947 3353 2025 φυλάττειν
3384 1952 3598 2024 κράτωρ
3633 1968 3649 1984 ⁸

2420 2038 2487 2092 ’Ὁ
2516 2037 2643 2112 τάχ’
2673 2033 2731 2090 ἂν
2767 2035 3009 2109 ἰξήνυτο,
3042 2036 3173 2113 (paul
3209 2039 3339 2115 φεῦί
3372 2038 3507 2113 πρὸς
3534 2038 3729 2113 πέρας,

2426 2125 2523 2177 Καὶ
2553 2124 2745 2186 πάντες
2779 2124 3100 2202 ἐσφάττοντο
3132 2123 3456 2202 Θρεμμᾶτων
3492 2123 3646 2197 δίκην

2422 2214 2488 2271 Οἱ
2518 2217 2805 2288 πανταχοῦ
2833 2219 2934 2288 γῆς
2968 2211 3215 2269 Αὐσόνων
3245 2216 3627 2288 καθειργμένοι

2244 2306 2387 2360 5345
2428 2302 2531 2357 Σὺν
2562 2308 2677 2365 τοῖς
2708 2304 2826 2357 καθ’
2860 2304 2995 2376 αἷμα
3016 2304 3105 2357 καὶ
3136 2304 3472 2377 προσήκουσι
3503 2304 3667 2378 γένει,

2423 2389 2492 2447 Εἴ
2521 2392 2594 2464 μὴ
2632 2391 2963 2467 βροτουργὸς
2990 2395 3097 2445 τῶν
3132 2389 3276 2445 δλων
3308 2392 3394 2447 καὶ
3429 2392 3701 2463 Δεσπότης

2422 2480 2651 2549 ἘΘηκεν
2682 2476 3023 2554 Ἀνδρόνικον
3056 2476 3300 2533 ἐκποδὼν
3330 2479 3549 2557 φθάσας,

2424 2567 2718 2640 Σκέμματα
2748 2564 2794 2619 δ’
2823 2564 3093 2638 ἀπέδειξεν
3125 2565 3292 2642 ἄκυρα
3323 2564 3449 2621 τάδε
3480 2586 3493 2599 ·

2422 2656 2593 2716 Οὗτος
2624 2656 2779 2709 στενά
2810 2655 2860 2709 οἱ
2891 2658 3136 2730 καθορῶν
3169 2656 3508 2730 πανταχόθεν

2243 2746 2383 2801 5350
2422 2744 2715 2818 Πράγματα
2744 2738 3107 2817 συμϐαίνοντα
3141 2741 3378 2798 δύσκολα
3402 2746 3539 2799 πάνυ

2420 2832 2513 2887 Ἐκ
2538 2831 2802 2886 Σιλικεῶν
2835 2828 3132 2908 δυσμάχων
3164 2832 3601 2908 στρατευμάτων,

2417 2922 2590 2994 ’Ἂπερ
2620 2920 2993 2993 παρεστήσατο
3025 2918 3444 2991 Θεσσαλονίκην,

2419 3010 2509 3070 Ὠς
2540 3006 2727 3062 ἀνόπιν
2753 3007 2964 3083 εἶ’ρηκεν
2997 3009 3230 3083 ἱστορεῖν
3264 3009 3487 3086 φθάσαν,

2165 3136 2208 3205 C
2420 3098 2516 3152 Καὶ
2554 3095 2717 3173 μέχρι
2753 3096 2967 3175 Σερρῶν
2990 3099 3078 3152 καὶ
3105 3097 3347 3172 Βολεροῦ
3367 3101 3624 3177 πεφθάκει
3661 3120 3675 3134 ·

2242 3190 2383 3246 5355
2422 3187 2565 3262 Πρὸς
2597 3184 2643 3239 δ’
2674 3184 2737 3240 αὗ
2769 3188 2943 3260 δαυτῷ
2975 3186 3267 3262 δυσμενοῦς
3303 3188 3544 3259 ὑπηκόου

2833 3209 2943 3251 υτῳ
2975 3209 3267 3251 ουσμενους
3303 3209 3544 3251 υπηκοου

2422 3209 2565 3262 υρος
2597 3209 2624 3239 ο
2674 3209 2737 3240 αυ
2770 3209 2943 3260 ιαυτῳ
2975 3209 3267 3262 ουσμενους
3303 3209 3544 3259 υπηκοου

2418 3274 2632 3333 Ἀπεῖδε
2661 3276 2799 3353 πρὸς
2830 3276 3139 3352 πρόγνωσιν
3174 3279 3246 3331 ὧν
3285 3275 3504 3351 μέλλων
3527 3278 3717 3355 χρόνω

2413 3368 2524 3435 Τὴν
2556 3362 2766 3421 ἔκϐασιν
2802 3364 3019 3421 δίδωσιν
3051 3368 3366 3441 ἠρωτηκόσι

2415 3457 2528 3523 Τὴν
2562 3454 2649 3511 διὰ
2680 3454 2887 3511 πλυνοῦ
2922 3463 3187 3529 μαντικῆς
3215 3478 3271 3511 τε
3305 3458 3577 3537 φευκτέας.

2416 3542 2589 3601 Ἀλλᾶ
2616 3549 2862 3620 παρεῖναι
2893 3550 3008 3607 τοῖς
3039 3544 3391 3619 τελουμένοις
3418 3546 3541 3602 τότε

2236 3636 2377 3691 5360
2413 3634 2582 3695 Αὐτὸς
2617 3634 2708 3707 μὶν
2744 3632 3026 3708 ἀπείπατο,
3058 3639 3250 3708 μῶμον
3282 3634 3541 3691 ἐκκλίνων

2411 3724 2675 3797 Ὑπηρέτῃ
2706 3720 2752 3777 δ’
2783 3723 3299 3801 άγιοχριστοφορίτῃ

2414 3810 2599 3885 Φέρων
2634 3812 2916 3883 ἀνατίθησι
2940 3811 3320 3887 νυκτεργασίαν
3353 3831 3365 3845 ’

2408 3902 2503 3962 “Oc
2534 3895 2865 3975 παραλαϐών
2896 3921 3013 3955 τινα
3044 3900 3158 3967 Σὴθ
3186 3898 3525 3973 κεκλημένον

2410 3991 2591 4064 Πηρὸν
2627 3990 2718 4057 μὲν
2751 3986 2925 4062 ὄψεις,
2961 3990 3222 4062 μαντικὴν
3256 3986 3299 4043 δ’
3329 3990 3657 4062 ἠσκημένον,

2230 4078 2373 4135 5365
2409 4078 2485 4136 OG
2519 4076 2676 4152 χάριν
2705 4076 2997 4153 έγκέκοπτο
3026 4078 3122 4143 τὰς
3146 4076 3309 4151 κόρας
3340 4076 3502 4132 πάλιν

2408 4168 2551 4239 Πρὸς
2582 4169 2993 4243 πορφυρανθοῦς
3022 4164 3286 4236 Μανουὴλ
3319 4165 3448 4239 μάλ’
3480 4164 3699 4231 ἐνδίκως
3732 4186 3746 4201 ·

2406 4256 2731 4311 Πυνθάνεται
2764 4252 2829 4323 δὴ
2860 4259 2967 4309 τῶν
2996 4259 3249 4329 πονηρῶν
3282 4256 3605 4328 πνευμάτων

2408 4344 2632 4414 Φαύλης
2660 4341 2883 4419 ἐπῳδῆς
2911 4348 3142 4419 μαντικῇ
3174 4347 3583 4421 πεπραγμένης,

2406 4433 2593 4495 Ὅστις
2629 4433 2743 4506 μετ’
2772 4429 3117 4509 Ἀνδρόνικον
3150 4430 3321 4506 ἄρξων
3355 4434 3627 4508 τυγχάνει,

2150 4484 2199 4549 Π
2228 4522 2369 4578 5370
2405 4484 2472 4576 ’ἐι
2502 4484 2830 4597 nam;
2862 4484 3529 4597 έὲᾁδέ’ξῆςζέάζαρ)ξὲἆέ’ζ

2404 4614 2622 4683 Πνεῦμα
2652 4606 2696 4663 δ’
2727 4609 2934 4665 ἀνεῖλεν
2967 4609 3027 4665 ἐκ
3054 4608 3263 4665 πλυνοῦ
3296 4605 3617 4686 βεϐυσμένοι,

2404 4697 2636 4757 Μᾶλλον
2672 4696 2718 4753 δ’
2747 4696 3003 4775 ἀμυδρῶς
3032 4698 3107 4762 ὠς
3143 4699 3193 4754 ἐν
3227 4696 3380 4753 ὕδασι
3412 4697 3570 4776 λέγον

2404 4794 2733 4867 Σκιαγραφεῖ
2760 4790 3044 4866 γράμμασι
3074 4788 3519 4862 πεπλανημένοις

2401 4878 2688 4951 Ἰσαάκιον,
2717 4878 2792 4944 ὡς
2820 4878 2943 4949 ένῆν
2977 4878 3261 4935 ἀπεικάσαι
3298 4898 3313 4915 ·

2220 4969 2361 5025 5375
2399 4966 2475 5025 Οὐ
2504 4967 2753 5038 κλήσεως
2780 4970 3077 5043 γράμματα
3105 4967 3358 5039 συντάξαν
3387 4965 3510 5040 δ’λα,

2396 5058 2596 5131 Ὥσπερ
2630 5058 2862 5127 σελήνης
2895 5055 2943 5112 δ’
2974 5058 3318 5135 ἀμφικύρτου
3349 5056 3615 5136 φαντάσαν

2393 5144 2686 5218 Ἡμίτονον
2720 5144 2912 5222 σχῆμά
2940 5167 2989 5201 τι
3023 5146 3112 5201 καὶ
3134 5145 3535 5220 πεπλασμένον,

2396 5234 2496 5291 Καὶ
2527 5232 2673 5289 τοῦδ’
2706 5234 2837 5291 ἰῶτα
2866 5234 3163 5313 προγράφει
3196 5232 3372 5307 λοξῶς
3402 5233 3569 5290 τύπον
3600 5235 3710 5308 (63)

533 5450 649 5537 (631
680 5453 1237 5540 Scilicetuan'tiqqps
1288 5454 1673 5540 typus‘G'raeci
1716 5456 1988 5540 sigma_tis
2018 5467 2107 5540 est
2214 5482 2338 5540 ram
2389 5464 2410 5521 Ι
2459 5482 2573 5540 non
2623 5468 3012 5540 praepositam,
3065 5468 3168 5524 sed
3220 5468 3597 5538 subjunctam
3646 5465 3849 5535 fuisse,

457 5524 652 5611 9:031
680 5524 1043 5611 preppvsitall
1072 5524 1216 5611 satis
1241 5526 1627 5611 portendebat
1655 5524 2106 5611 nomenlsaacii
2214 5537 2288 5595 ob
2319 5524 2646 5609 augendam
2672 5524 3141 5611 ambiguitatem.

464 5597 551 5655 lC.
587 5595 818 5654 Verum‘
844 5595 1073 5653 Nicetes
1122 5595 1435 5653 Choniates
1467 5596 1603 5653 hist.
1640 5614 1701 5671 ιι,
1731 5600 1785 5669 9,
1819 5600 1899 5658 ait
1946 5602 2102 5661 litte-

3765 306 3881 363 204
