4138 6296
280 343 383 399 205

454 465 722 521 ’ΊΙκουσεν
754 459 1100 537 ’Δνδρόνικος
1131 457 1371 520 πεύσεως
1406 457 1633 531 λόγους,

266 558 410 615 5380
450 553 564 610 Καὶ
594 552 788 625 καιρὸν
818 549 990 606 εῒπεῖν
1023 551 1165 622 ἀξιοῖ
1186 549 1302 604 καθ’
1332 549 1391 605 ὃν
1416 544 1562 603 τάδε.

454 646 655 703 Πεῦσις
683 638 947 696 τολοιπὸν
980 638 1220 713 γίγνεται
1254 634 1320 704 δὴ
1354 632 1598 711 δευτέρα,

459 733 559 787 Καὶ
588 730 785 802 πνεῦμ’
813 726 996 783 ἀνεῖλε
1022 724 1091 782 δι’
1121 725 1444 799 έπασμάτων
1475 721 1602 780 τάδε
1634 743 1648 759 ο
1735 753 1745 759 -

456 823 546 883 Ὠς
578 820 787 893 ἡμέρας
819 811 1059 871 ἔντοσθεν
1094 814 1314 889 ὑπάρξει
1344 810 1491 884 τάδε,

454 911 587 974 Καθ’
617 910 679 977 ἣν
707 908 770 962 τὸ
799 901 1116 981 τρισόλϐιον
1156 904 1384 977 ὑψοῦται
1417 900 1576 973 ξύλον
1615 922 1625 932 ·

256 1004 416 1062 5385
458 998 600 1058 Μίαν
630 994 678 1053 δ’
708 998 737 1051 ὁ
766 989 1140 1067 Σεπτέμόριος
1163 993 1262 1068 ἦγε
1288 993 1423 1068 πρὸς
1455 988 1601 1062 δέκα,

454 1090 617 1144 Ἐπᾶν
652 1085 846 1160 ἐδρᾶτο
876 1084 1067 1158 πρᾶξις
1098 1080 1498 1158 ἀρρητουργίας

448 1180 519 1234 Ἀ
548 1175 718 1251 λῆρον
748 1176 998 1249 ἡγήσατο
1028 1171 1191 1247 γνοὺς
1218 1174 1383 1225 ταῦτα
1411 1167 1626 1243 κράτωρ
1659 1185 1673 1200 ο

442 1270 563 1327 Πῶς
593 1262 652 1319 ἄν
688 1265 810 1318 ποτ’
843 1261 1114 1336 ίσχόσειεν
1149 1259 1315 1315 εἰπὼν
1350 1256 1633 1332 Κυπρόθεν

450 1353 697 1415 Πλεύσας
727 1352 993 1412 Ἰσαάκιος
1024 1348 1075 1404 έν
1114 1350 1311 1423 βραχεῖ
1341 1346 1526 1423 χρόνῳ

256 1445 407 1502 5390
447 1443 606 1502 Οὕτω
634 1442 999 1514 καταστρέψαι
1032 1460 1097 1512 με
1124 1441 1223 1503 τῆς
1251 1436 1621 1511 κραταρχίας;

448 1535 559 1591 Τὸν
579 1531 840 1607 Κυπρίων
868 1529 1128 1604 τύραννον
1162 1525 1372 1596 οἰηθεὶς
1403 1524 1590 1580 πέλειν

439 1623 540 1675 Τὸν
572 1622 816 1677 καθεκεῖν
854 1614 1132 1692 μέλλοντα
1158 1612 1311 1671 τόνδε
1337 1618 1433 1670 τοῦ
1463 1615 1716 1688 κράτους,

434 1707 643 1784 ’Ἄνδρα
672 1711 974 1782 Κομνηνῶν
1007 1706 1066 1761 ἐκ
1092 1704 1279 1780 γένους
1309 1702 1674 1777 κατηγμένον,

441 1799 788 1868 ’Δποστάτην
822 1794 881 1851 δὲ
908 1800 1007 1850 τοῦ
1034 1793 1264 1870 κράτους
1299 1788 1660 1864 δεδειγμένον,

242 1890 398 1944 5395
437 1890 651 1963 Ἀρχήν
681 1906 739 1942 τε
765 1887 861 1955 τὴν
896 1884 1165 1958 ὕπαρχον,
1200 1881 1275 1943 εἷς
1306 1879 1566 1955 ἀναρχίαν

436 1973 740 2052 Τυραννίδα
766 1995 826 2029 τε
854 1973 1132 2046 δυσμενῶς
1160 1971 1456 2042 τεθεικότα,

432 2066 549 2133 Τὴν
583 2066 795 2121 Ἰσάκου
825 2061 1020 2131 κλῆσιν
1056 2058 1112 2114 δὲ
1133 2056 1555 2127 πεπλουτηκότα
1590 2076 1601 2089 ·
1681 2079 1688 2086 ·

430 2153 594 2210 Οὕτω
623 2152 851 2226 νομίσας
884 2146 1229 2223 ’Δνδρόνικος
1257 2146 1347 2202 καὶ
1379 2147 1609 2223 φράσας,

430 2241 529 2303 Εἰς
558 2241 765 2316 ἀρχικὰ
794 2237 1019 2312 δώματα
1044 2239 1113 2293 τὰ
1139 2237 1275 2310 πρὸς
1304 2234 1564 2305 Ἀνάπλῳ

250 2332 392 2387 5400
429 2331 575 2403 Πρὸς
605 2322 889 2404 διατριϐήν
918 2328 1005 2382 καί
1040 2324 1291 2400 διάχυσιν
1322 2319 1445 2393 ἔϐη.

427 2422 493 2477 Ὁ
524 2417 571 2473 δ’
603 2417 667 2475 αὗ
696 2421 1000 2491 κακοῦργος
1030 2412 1581 2488 ἀντιχριστοφορίτης

432 2507 663 2584 Τρέχων
694 2506 890 2583 ἀφῖκτο
922 2504 1015 2559 σὺν
1039 2502 1252 2577 ὀλίγοις
1282 2501 1514 2560 οἰκέταις

431 2597 576 2672 Πρὸς
608 2595 781 2651 οἰκίαν
814 2591 1089 2650 εὕκτιστον
1124 2589 1412 2661 Ἰσαακίου,

430 2688 530 2739 Καὶ
558 2683 705 2740 τόνδ’
728 2684 924 2762 ἐφώνει
949 2686 1058 2738 τῶν
1091 2678 1275 2753 δόμων
1308 2676 1544 2735 κατιέναι
1580 2695 1596 2714 ν

245 2776 393 2831 5405
428 2774 527 2828 Καὶ
561 2769 692 2845 τῷδ’
717 2772 977 2845 ὁμαρτεῖν
1011 2767 1073 2825 οὗ
1105 2765 1256 2823 δοκεῖ
1280 2764 1587 2839 πορευτέον.

429 2864 493 2919 Ὀ
528 2863 624 2935 μὲν
656 2859 847 2923 δεδιὼς
878 2860 978 2928 τὴν
1010 2856 1258 2932 ὁμοκλὴν
1289 2854 1479 2911 αὐτίκα

429 2951 749 3007 Θεοκλυτῶν
785 2951 1004 3025 ὑπῆρχε
1035 2946 1292 3024 ῥυσθῆναι
1323 2945 1495 3017 μόρου
1529 2962 1543 2979 ο

431 3042 495 3097 Ὁ
526 3038 572 3094 δ’
602 3038 775 3116 ἀγρίῳ
806 3038 1088 3114 βλέμματι
1117 3035 1208 3091 καὶ
1244 3035 1349 3110 βοῇ
1376 3030 1544 3088 πάλιν

427 3129 601 3185 Αὐτὸν
631 3127 908 3185 κατελθεῖν
944 3123 1284 3199 ἑγκελεύεται
1312 3123 1507 3196 τάχος.

230 3219 388 3276 5410
427 3215 589 3273 Ἀλλ’
620 3215 691 3278 ὠς
727 3216 870 3291 ἑώρα
902 3211 1236 3289 βραδύνοντα
1263 3211 1354 3267 καὶ
1386 3208 1577 3279 πάλιν,

427 3308 561 3367 Τοῖς
587 3304 818 3366 οἰκέταις
849 3303 916 3373 ἦν
944 3301 1222 3377 ἐγκραγὼν
1260 3301 1393 3373 μετὰ
1426 3296 1602 3374 χόλου

428 3395 705 3471 Σῦροντας
732 3392 891 3448 αὐτὸν
924 3392 1171 3467 κατάγειν
1206 3389 1521 3463 οἰκημάτων
1559 3405 1572 3422 ·

427 3483 619 3545 Μόλις
648 3482 928 3540 κατελθεῖν
962 3476 1268 3543 ἰκϐιασθεὶς
1295 3482 1365 3551 τῇ
1400 3478 1491 3553 βίᾳ

425 3577 621 3629 Ἵππον
652 3576 701 3628 τ’
732 3567 931 3635 ἀναϐὰς
961 3568 1387 3645 ηὐτρεπισμένον
1409 3568 1532 3623 τότε

238 3666 391 3722 5415
432 3664 520 3733 Ἐξ
552 3662 829 3738 Ἀγγέλων
859 3664 1072 3721 Ἴσακος
1105 3656 1540 3734 ἀνδρειοφρόνως

431 3752 787 3826 Σπασάμενος
816 3753 1088 3829 φάσγανον
1118 3750 1291 3818 ήκονη
1303 3746 1478 3821 μένον,

427 3839 762 3918 Ἐφάλλεται
794 3838 861 3909 δὴ
896 3834 1439 3913 ἆντιχριστοφορίτῃ,

430 3930 531 3985 Καὶ
562 3928 893 4006 κατενεγκὼν
920 3926 1079 3984 τοῦδε
1103 3926 1326 4001 πληγὴν
1353 3925 1588 4001 καιρίαν,

429 4025 575 4094 Διχῆ
606 4017 847 4097 κεφαλὴν
881 4016 1099 4091 διέκοψε
1121 4018 1191 4089 τῇ
1222 4017 1398 4089 σπάθῃ
1430 4034 1443 4048 ⁶

241 4112 391 4167 5420
424 4110 518 4162 Ὃν
550 4108 640 4164 καὶ
667 4113 987 4183 προκεῖσθαι
1015 4110 1133 4167 τοῖς
1159 4104 1282 4161 κυσὶ
1314 4103 1490 4160 λιπὼν
1520 4101 1689 4178 ἕλωρ,

426 4200 589 4273 ’Όλῳ
624 4199 817 4274 ῥυτῆρι
844 4198 982 4274 πρὸς
1013 4197 1146 4252 νεὼν
1177 4194 1360 4272 τρέχει
1395 4196 1563 4271 μέγαν

428 4291 510 4345 Δι’
540 4290 747 4365 ἀγορᾶς
773 4309 831 4343 τε
858 4288 946 4343 καὶ
979 4284 1263 4363 λεωφόρου
1297 4285 1465 4357 μέσης
1497 4303 1511 4318 ·

432 4378 534 4435 Καὶ
568 4378 717 4454 χειρῖ
739 4376 948 4453 γυμνὸν
978 4376 1041 4430 τὸ
1071 4374 1219 4452 ξίφος
1248 4374 1424 4452 φέρων
1452 4370 1531 4428 ἔτι

432 4473 601 4527 Πᾶσιν
630 4468 794 4543 τορὸν
823 4467 1073 4541 κέκραγε,
1101 4460 1240 4535 τῷδε
1266 4464 1346 4533 τῷ
1377 4463 1515 4541 ξίφει

244 4561 397 4618 5425
432 4560 630 4631 Τεμεῖν
661 4555 906 4630 κεφαλὴν
939 4551 1506 4629 ἀντιχριστοφορίτου.

434 4647 588 4704 Ἐπεὶ
621 4643 677 4700 δὲ
706 4644 833 4700 ναὸν
866 4640 1153 4719 εἰσέδραμε
1174 4641 1265 4696 τὸν
1299 4639 1483 4714 μέγαν,

1802 337 2161 394 ΟΕΘΑΒΕΒ.

1954 463 2005 530 Α
2038 459 2272 517 Oraculi
2302 462 2675 520 Andronicus
2704 463 2898 522 verbis
2930 462 3201 534 cognitis,

2038 553 2273 622 tempus
2304 552 2571 623 poposcit
2600 552 2750 611 scire
2780 568 2894 624 quo
2925 552 3045 611 haec
3072 553 3297 609 ﬁerent.

2036 637 2253 694 Iterum
2286 656 2423 712 ergo
2456 647 2701 714 rogatur
2729 642 3057 700 oraculum.

2035 727 2183 782 Tum
2216 728 2300 784 sic
2331 732 2653 802 composito
2683 733 2944 789 carmine
2974 732 3201 789 damon
3233 731 3317 789 ait
3351 748 3363 786 :

2034 819 2165 871 Haec
2195 817 2348 873 intra
2378 820 2531 875 diem
2564 820 2786 878 exitum
2819 825 2959 877 sunt
2988 820 3265 878 habitura

2034 921 2148 976 quo
2182 908 2575 963 venerandum
2609 908 2757 965 solet
2786 908 3029 965 exaltari
3060 907 3282 979 lignum
3315 923 3331 964 :

2030 1009 2202 1064 porro
2230 998 2586 1067 Septembris
2608 999 2735 1068 jam
2766 1002 2893 1053 erat
2920 997 3046 1054 dies
3079 998 3391 1055 undecima

2029 1082 2171 1137 dum
2200 1084 2318 1139 hazc
2346 1102 2556 1141 arcana
2588 1087 2867 1144 divinatio
2898 1088 3080 1143 ﬁeret.

2028 1175 2146 1227 Has
2176 1173 2493 1244 imperator
2523 1192 2711 1246 nugas
2743 1192 2871 1233 esse
2901 1176 3169 1232 credidit.

2028 1262 2327 1325 Quomodo
2359 1265 2540 1333 enim,
2569 1266 2781 1337 inquit,
2814 1267 2998 1336 Cypro
3029 1264 3244 1336 poterit

2026 1352 2139 1407 huc
2170 1352 2442 1423 navigare
2474 1354 2734 1409 Isaacius
2763 1359 2883 1411 tam
2915 1354 3072 1409 brevi
3100 1356 3382 1425 tempore,

2025 1457 2338 1513 meumque
2370 1442 2535 1514 regni
2566 1442 2781 1499 solium
2813 1447 3063 1498 evertere
3086 1442 3113 1498 ?

2021 1530 2407 1586 Existimabat
2436 1532 2595 1588 enim
2628 1536 2943 1602 tyrannum
2975 1531 3252 1603 Cyprium

2021 1624 2077 1675 et
2104 1618 2463 1675 eversionem
2497 1619 2588 1675 sui
2620 1623 2936 1676 venturum
2965 1620 3184 1689 throni,

2019 1707 2209 1762 virum
2241 1709 2538 1765 Comnena
2566 1709 2637 1764 de
2669 1713 2840 1781 gente
2868 1708 3260 1781 progenitum,

1942 1814 1988 1879 Β
2021 1797 2121 1868 qui
2154 1797 2511 1867 perduellem
2545 1803 2729 1855 semet
2755 1798 3001 1868 imperio
3033 1797 3314 1853 exhibens

1926 4510 1976 4575 D

433 4737 542 4795 Τὸν
568 4739 678 4790 τῶν
711 4736 1027 4812 φονουργῶν
1058 4728 1217 4805 ἔσχεν
1243 4727 1322 4793 εἷς
1351 4731 1532 4785 στάσιν
1562 4731 1727 4786 τόπον
1763 4732 1896 4805 (64).

432 4826 565 4882 Εἶτα
598 4821 837 4899 συνεῤῥει
868 4818 1007 4877 κατᾶ
1034 4817 1353 4894 χιλιοστύας

429 4916 662 4987 Ἀπειρα
688 4908 878 4982 πλῆοη
909 4910 1044 4985 πρὸς
1075 4909 1197 4973 θέαν
1231 4906 1517 4975 Ἰσαακίου,

238 5007 393 5063 5430
432 5001 540 5064 Οὓς
567 5003 658 5057 καὶ
686 5000 1028 5066 καθικέτευσε
1055 4995 1188 5070 τῷδ’
1216 4996 1504 5070 ἰπαμύνειν

433 5091 540 5149 Καὶ
570 5090 668 5159 τήν
694 5086 920 5158 δυνατὴν
949 5086 1209 5167 εἰσφέρειν
1243 5082 1589 5159 συμμαχίαν,

431 5182 590 5238 Ὄντι
621 5179 755 5254 πρὸς
785 5177 971 5239 αὐταῖς
1000 5180 1098 5232 τοῦ
1124 5174 1354 5241 θανάτου
1382 5179 1501 5237 ταῖς
1531 5173 1731 5239 πύλαις
1766 5196 1778 5211 ·

286 5378 436 5467 ,(64)
468 5375 707 5467 l‘llcet’as
737 5376 1052 5467 Choniatep
1084 5373 1183 5467 lLib.
1217 5386 1279 5467 ri,
1315 5373 1382 5428 10
1406 5371 1548 5467 τετὸν
1600 5377 1742 5467 ρεῖον
1789 5370 1904 5467 εἷς.

258 5445 350 5503 ιὼν
401 5445 555 5515 ναὸν,
626 5447 791 5502 ἀνεισι
840 5445 933 5500 τὸν

1017 5443 1380 5521 ἀνάσταθμον,
1434 5442 1517 5521 ὃν.
1583 5445 1636 5501 οἱ
1693 5454 1905 5521 Δφονεῖς

259 5512 645 5595 ἀνερχόμενοι,
688 5515 765 5595 5e
827 5515 1032 5595 οἰκεῖον
1105 5512 1633 5595 ᾀνακεξιαλυμμένῶς
1688 5512 1905 5595 διἀτρατ

255 5584 425 5678 325:3?
461 5584 893 5678 Σπληρζμξλημα,
948 5586 1047 5657 τὴν
1081 5585 1161 5678 ’ἐκ
1216 5588 1322 5669 τῷν
1377 5584 1654 5678 εἰσιόντων
1702 5610 1760 5646 τε
1812 5584 1904 5678 καὶ

2017 5584 2234 5654 veniam
2274 5599 2486 5667 petunt.

260 5654 504 5733 ἐξιόντων
566 5654 650 5715 ἴδ’
687 5654 1013 5735 ἲιεριλίνειιιτον⁷
1043 5654 1273 5731 τέμενος
1341 5654 1610 5720 αἶ’τοῦντες
1684 5665 1904 5738 συγχώ,

2018 1886 2223 1941 insulae
2257 1887 2661 1957 praefecturam
2693 1887 2766 1943 ad
2800 1900 2861 1941 se
2893 1891 3188 1957 rapuerat,

2017 1974 2211 2045 ibique
2242 1991 2453 2030 saevam
2480 1976 2783 2031 exercebat
2816 1973 3205 2046 tyrannidem,

2013 2068 2188 2134 atque
2219 2063 2417 2119 Isacus
2452 2064 2685 2119 nomine
2713 2062 3140 2135 appellabatur,

2010 2152 2103 2207 Sic
2134 2153 2503 2209 Andronicus
2529 2151 2731 2207 dicens
2762 2156 2935 2223 atque
2965 2150 3328 2220 existimans,

2011 2241 2081 2295 ad
2113 2240 2301 2311 regias
2330 2241 2481 2296 aedes
2514 2240 2617 2295 ivit
2647 2256 2773 2311 quae
2805 2245 2944 2296 sunt
2974 2239 3033 2294 in
3066 2239 3282 2311 Anaplo

2010 2333 2073 2382 ut
2100 2345 2227 2384 sese
2254 2329 2309 2383 in
2343 2329 2442 2383 illo
2474 2328 2789 2386 oblectaret
2817 2327 3092 2400 hospitio.

2008 2417 2247 2471 Interim
2278 2421 2475 2472 tamen
2508 2416 2807 2473 maleﬁcus
2835 2416 3168 2489 Stephanus

2008 2521 2137 2560 cum
2170 2505 2371 2577 paucis
2403 2505 2615 2576 raptim
2642 2506 2800 2561 venit
2828 2505 3214 2563 familiaribus

2009 2593 2080 2649 ad
2112 2594 2391 2665 pulchras
2421 2594 2573 2651 aedes
2604 2595 2813 2651 Isaacii
2842 2595 3068 2665 Angeli,

2008 2696 2264 2754 eumque
2292 2700 2432 2741 voce
2462 2684 2643 2755 iussit
2672 2685 2906 2755 prodire
2936 2685 3132 2752 domo,

2012 2786 2186 2841 seque
2217 2773 2425 2830 ducem
2460 2772 2625 2843 sequi
2657 2789 2944 2843 quorsum
2975 2773 3259 2831 tenderet.

2012 2860 2112 2916 Ille
2144 2860 2361 2916 minaci
2392 2865 2802 2918 consternatus
2834 2876 2992 2933 voce,

2011 2954 2076 3005 ut
2108 2964 2165 3005 se
2195 2950 2369 3006 morti
2400 2950 2757 3007 subduceret
2783 2950 2969 3007 Deum
3002 2951 3267 3023 rogabat.

2008 3039 2340 3110 Stephanus
2369 3040 2553 3097 torvis
2584 3039 2771 3097 oculis
2802 3038 3131 3097 inclamans
3154 3041 3366 3099 iterum

2009 3132 2074 3183 ut
2103 3129 2229 3185 sine
2255 3145 2418 3185 mora
2448 3133 2793 3200 sequeretur
2812 3130 2999 3201 jubet.

2011 3217 2226 3274 Verum
2259 3223 2323 3273 ut
2350 3221 2495 3277 vidit
2523 3222 2927 3280 demorantem
2956 3223 3170 3289 adhuc,

2012 3307 2262 3363 intendit
2289 3324 2486 3364 vocem
2518 3310 2590 3365 ad
2623 3311 2905 3368 satellites
2930 3328 3090 3383 suos,

2012 3400 2077 3450 ut
2101 3411 2234 3452 eum
2264 3401 2597 3469 correptum
2628 3397 2852 3455 aedibus
2885 3401 3308 3471 protraherent.

2008 3485 2156 3539 Tum
2188 3485 2427 3541 demum
2460 3486 2562 3543 tali
2592 3487 2646 3543 vi
2677 3493 2913 3546 coactus
2943 3505 3185 3560 equum,

2011 3575 2109 3645 qui
2142 3574 2288 3629 bene
2318 3575 2646 3634 instructus
2674 3577 2895 3645 aderat,
2928 3582 3268 3637 conscendit

2009 3662 2268 3735 Angelus
2293 3664 2572 3732 Isaacius,
2605 3670 2958 3738 sumptoque
2989 3669 3187 3727 animo

2013 3758 2250 3809 acutum
2281 3752 2545 3824 gladium
2577 3755 2646 3809 de
2671 3757 2881 3826 vagina
2912 3774 3187 3828 promens

2008 3843 2234 3915 impetu
2266 3846 2469 3899 contra
2498 3841 2864 3913 Stephanum
2895 3844 3146 3917 impium
3178 3850 3315 3919 ruit,

2007 3936 2180 4004 atque
2209 3948 2336 3987 eum
2370 3929 2601 3989 mortali
2632 3937 2983 3990 consecutus
3012 3936 3155 4004 ictu,

2005 4024 2182 4093 caput
2212 4020 2482 4076 bifariam
2514 4020 2676 4077 ensis
2704 4020 2826 4077 acie
2856 4023 3070 4092 secuit;

2003 4115 2061 4166 et
2089 4111 2343 4183 praedam
2377 4109 2621 4165 canibus
2651 4109 2949 4168 hominem
2974 4113 3334 4186 relinquens,

2003 4205 2181 4261 eﬂ'uso
2214 4215 2390 4257 cursu
2420 4214 2702 4270 magnum
2734 4200 2805 4257 ad
2837 4201 3121 4273 templum
3151 4206 3312 4264 venit

2004 4310 2107 4367 per
2136 4291 2289 4346 viam
2322 4287 2618 4360 publicam
2648 4304 2867 4361 perque
2896 4290 3087 4349 forum
3120 4294 3405 4366 medium;

2005 4383 2351 4451 nudumque
2380 4377 2575 4436 adhuc
2607 4394 2785 4435 manu
2818 4379 3083 4451 gladium
3119 4397 3327 4454 gerens

2005 4470 2231 4529 cunctis
2262 4467 2636 4538 inclamabat,
2659 4467 2777 4524 Hoc
2808 4485 2913 4541 ego
2944 4470 3137 4542 gladio

2008 4561 2191 4632 capite
2223 4556 2565 4615 obtruncavi
2589 4556 2907 4614 scelestum
2938 4560 3325 4633 Stephanum.

2008 4652 2079 4705 At
2107 4648 2208 4704 ubi
2237 4645 2297 4701 in
2329 4660 2608 4717 magnum
2639 4646 2900 4717 pervenit
2927 4649 3240 4721 templum,

2006 4735 2439 4794 homicidarum
2470 4732 2762 4804 pulpitum
2787 4733 3028 4793 insedit.

2008 4825 2293 4896 Deinceps
2323 4822 2651 4878 conﬂuente
2685 4824 2857 4881 turba
2885 4826 3142 4885 maxime

2010 4916 2442 4983 innumeroque
2470 4909 2684 4982 populo
2714 4913 2787 4970 ad
2820 4914 3127 4985 Isaacium,

2009 5004 2105 5059 hic
2134 5001 2477 5061 obsecrabat
2506 5003 2571 5059 ut
2600 4999 2712 5058 sibi
2745 5004 3046 5076 suppetias

2013 5094 2230 5150 ferrent
2253 5094 2309 5145 et
2338 5088 2590 5149 validam
2622 5091 3041 5163 defensionem,

2012 5183 2071 5239 in
2101 5179 2247 5254 ipsis
2280 5194 2487 5251 nempe
2518 5178 2706 5252 posito
2737 5182 2944 5239 mortis
2967 5183 3193 5253 januis.

3572 338 3679 394 206

2013 5393 2219 5457 pnGtV‘t
2252 5378 2513 5457 te_m_p_lum
2551 5380 2831 5457 ingressus
2880 5396 3002 5437 eam
3040 5382 3222 5457 sedem
3251 5384 3564 5441 conscendit
3594 5384 3659 5457 in

2012 5450 2128 5539 qua
2159 5450 2450 5539 Ιιρρηίρξξίέε
2476 5450 2663 5539 suum“
2683 5452 2907 5534 facinus
2939 5454 3172 5539 'publirs
3216 5458 3558 5539 conﬁtentes,
3590 5456 3659 5511 ab

2015 5523 2449 5596 ingredientibus
2485 5523 2891 5581 sanctiSsimum
2934 5523 3112 5580 locum
3150 5527 3663 5598 egredientibusque
