4136 6292
243 414 351 490 ,209

416 538 505 597 Ὠς
536 538 672 612 φθὰς
706 532 838 613 ἔφην
869 537 1129 613 φεύγοντα
1156 542 1289 614 πρὸς
1328 539 1710 617 Ταυροσκύθας

419 626 514 681 Ἀν
524 645 642 679 ακτι
673 625 1009 695 παρέστησαν
1050 629 1324 701 Ἰσαακίῳ.

230 715 382 769 5495
421 712 520 767 Καὶ
551 710 755 767 λοιπὸν
783 710 921 774 ο⁹ίαις
954 709 1221 789 ἐξέτριψεν
1248 716 1448 778 αῗκίαις

416 802 608 861 ⁸Οσαις
637 820 698 854 τι
727 806 940 861 ποιναῖς
973 803 1242 865 Ἰσαάκιος
1270 806 1484 878 κράτωρ

420 889 524 945 Τὸν
558 886 749 944 ἄθλιον
789 890 1017 963 γέροντα
1044 888 1198 945 τόνδε
1224 892 1312 946 καὶ
1358 893 1501 967 βίαις

418 978 536 1034 Οὔκ
564 975 624 1032 ἅν
657 998 740 1039 τις
776 976 1048 1052 ἶσχύσειεν
1082 978 1249 1034 εἰπεῖν
1285 978 1497 1055 ῥᾳδίως

414 1068 607 1138 Ὅμως
636 1064 896 1143 φράσαιμ’
925 1065 985 1121 ἂν
1020 1066 1257 1122 συνελὼν
1288 1070 1423 1124 κατά
1444 1070 1645 1130 σθένος⁸

241 1163 385 1217 5500
421 1162 811 1236 Καθείργνυται
842 1166 1032 1237 πρῶτα
1066 1166 1161 1235 μὶν
1198 1167 1352 1227 οὗτος
1381 1164 1455 1224 εἷς
1482 1164 1641 1219 πόλιν

425 1254 659 1321 Δεσμοῖς
690 1246 935 1323 σιδηροῖς
966 1249 1192 1314 ἰνδεθεὶς
1222 1251 1403 1326 δειρὴν
1436 1250 1626 1315 πόδας·

423 1337 539 1392 Εἶτ’
569 1338 914 1411 ἐμφανισθεὶς
943 1338 1147 1403 ἀθλίως
1185 1340 1357 1402 οὕτως
1387 1340 1531 1415 ἔχων

414 1430 505 1497 Τῷ
538 1424 772 1500 βασιλεῖ,
808 1426 1099 1499 σκώμμασι
1134 1426 1391 1501 βάλλεται
1428 1426 1597 1490 τάλας

414 1513 520 1569 Καὶ
551 1510 941 1588 λοιδορησμῶν
973 1517 1186 1592 νιφάσιν
1210 1515 1524 1591 ἀπειρίτων,

231 1604 374 1659 5505
410 1600 712 1670 Ῥαπίζεται
748 1600 958 1674 μάστιξι
983 1601 1251 1677 γλουτοὺς
1277 1605 1366 1657 καὶ
1398 1605 1579 1681 ῥάχιν,

411 1690 593 1764 Κάραν
625 1691 883 1761 ψιηοῦται
913 1694 1021 1744 τῶν
1044 1692 1255 1766 τριχῶν
1286 1693 1374 1746 καὶ
1404 1694 1503 1759 τήν
1532 1692 1707 1767 γένυν,

412 1778 511 1835 Καὶ
541 1776 670 1840 τοὺς
698 1774 922 1840 ὀδόντας
953 1778 1269 1853 ἐξεκρούσθη
1302 1780 1435 1853 πρὸς
1471 1779 1612 1855 βίαν·

413 1864 714 1924 Ἑκδίδοται
745 1867 999 1943 παίγνιον
1030 1866 1263 1945 ἄθυρμα,
1290 1868 1463 1942 γέλως

410 1959 669 2011 Μισοῦσιν
703 1957 866 2011 αὐτὸν
897 1957 986 2011 καὶ
1016 1962 1211 2012 κακοῦν
1244 1958 1571 2033 ᾑρημένοις.

217 2048 368 2102 5510
414 2046 569 2121 Φέρει
600 2044 884 2119 παροινίας
910 2066 989 2117 τε,
1025 2045 1306 2119 μάστιγας,
1340 2042 1544 2122 ὕϐρεις,

407 2133 633 2207 Πυγμᾶς
661 2132 799 2187 κατά
828 2132 1119 2205 στόματος,
1150 2131 1323 2196 ἄλλας
1356 2134 1602 2204 αἰκίσεις,

402 2225 595 2276 Κακῶν
628 2218 836 2276 Ἰλιάδα
868 2241 927 2274 τε
953 2220 1039 2274 καὶ
1068 2220 1401 2296 τραγῳδίαν,

402 2308 507 2364 Καὶ
537 2312 830 2383 συμφορῶν
862 2308 1101 2382 πέλαγος
1132 2309 1192 2363 ού
1238 2310 1624 2385 μετρούμενον·

396 2397 495 2451 Καὶ
523 2396 659 2471 πρὸς
691 2400 960 2470 γυναικῶν
990 2395 1402 2470 ἱμπαροινεῖται
1434 2398 1625 2467 πλέον,

219 2494 363 2551 5515
400 2493 539 2565 Πρὸς
566 2490 725 2547 τοῦδε
757 2494 892 2567 φάος
925 2493 1192 2566 ὀμμάτων
1230 2489 1591 2567 ἐσϐεσμένων,

398 2584 467 2636 Ἢ
498 2580 587 2635 καὶ
618 2585 904 2644 παθουσῶν
941 2579 1138 2653 ζημίαν
1169 2585 1277 2635 τῶν
1308 2582 1572 2659 συζύγων,

400 2670 583 2743 Τυχὸν
618 2667 673 2723 δὲ
699 2669 787 2722 καὶ
819 2673 963 2747 σφῶν
1006 2667 1342 2746 ἐκτύςρλωσιν
1373 2672 1658 2744 ὀμμάτων,

402 2758 544 2829 Πρὸς
578 2760 876 2835 μισοφαοῦς
907 2754 1067 2812 τοῦδε
1097 2755 1310 2833 φαύλης
1339 2757 1579 2833 καρδίας,

400 2844 569 2907 Τέλος
599 2846 900 2915 καθεσθεὶς,
933 2844 976 2898 ὣ
1009 2845 1168 2914 ξενων
1194 2845 1552 2919 ἀκουσμάτων
1584 2851 1596 2905 i

222 2935 370 2991 5520
407 2932 531 2991 Ἐπὶ
556 2932 819 3006 καμήλου
846 2934 1143 3007 ψωριώσης
1165 2931 1367 2997 ἀθλίως

401 3023 463 3079 Ὀ
492 3020 619 3095 πρὶν
654 3020 905 3096 βασιλεὺς
937 3020 1283 3095 αὐτοκράτωρ
1314 3022 1595 3097 Αὐσόνων,
1686 3064 1693 3069 νη

398 3112 461 3167 Ὀ
496 3108 800 3183 βασιλικοῖς
826 3106 1185 3182 ἀναδούμενος
1216 3113 1463 3185 κρότοις,

401 3204 479 3252 Δι’
506 3197 704 3272 ἀγορᾶς
729 3218 786 3252 τε
814 3197 903 3252 καὶ
938 3199 1107 3270 μέσης
1138 3196 1421 3276 λεωφόρου

396 3286 741 3358 Πομπεύεται
772 3287 1000 3340 κάκιστα
1029 3284 1463 3360 συνελεγμένοις,

203 3376 360 3430 5525
400 3378 573 3445 Σῶμα
601 3371 894 3428 καλύπτων
925 3368 1133 3427 εὐτελεῖ
1160 3376 1237 3443 τῷ
1269 3372 1459 3448 ῥακίῳ,

398 3458 704 3538 Ἀκαλυιρές
732 3481 790 3515 τε
823 3457 1081 3514 δεικνύων
1113 3460 1174 3514 τὸ
1205 3462 1446 3536 κρανίον,

402 3547 607 3623 Οἰκτρά
633 3569 715 3610 τις
745 3543 891 3621 ὄψις,
926 3547 1064 3615 ἀκοὴ
1097 3546 1384 3622 φρικαλέα,

402 3637 587 3712 Πηγάς
619 3634 864 3711 δακρύων
898 3635 1291 3708 έκκαλούμεναι
1322 3637 1463 3713 τάχα

400 3727 493 3786 Οἷς
524 3724 754 3799 ἡμέροις
784 3720 998 3797 ὄμμασι
1028 3726 1163 3799 πρὸς
1194 3729 1562 3799 κακουμένους

209 3823 363 3878 5530
402 3824 500 3876 Καὶ
534 3824 788 3897 συγγενὲς
818 3824 1047 3895 πέφυκεν
1080 3824 1259 3897 ἀθρεῖν
1294 3823 1506 3887 ένθέως.

404 3911 465 3966 Ὀ
497 3909 806 3986 ξυγκλύδων
835 3906 1010 3985 ὄχλος
1043 3908 1100 3965 δὲ
1138 3911 1227 3966 καὶ
1259 3915 1365 3965 τῶν
1408 3915 1689 3989 συρφάκων

401 3996 878 4070 Ἀλλαντοπῶλαι,
914 3996 1242 4073 βυρσοδέψαι
1272 3998 1359 4053 καὶ
1392 3998 1585 4075 ρἀται

400 4086 848 4161 Παλιγκαπήλων
881 4086 1166 4162 ἀλόγιστος
1198 4087 1429 4165 φρατρία

395 4180 600 4248 Πομπῇ
627 4175 888 4247 παρόντες
918 4176 1014 4230 κπὶ
1048 4171 1302 4250 θριάμϐῳ
1332 4178 1411 4249 τῷ
1440 4178 1580 4248 τότε,

204 4264 353 4319 5535
392 4264 746 4336 ’Ᾱτιμοποιῷ
771 4266 857 4319 καὶ
891 4262 1178 4339 γελοιώδει
1210 4261 1405 4336 πλέον,

391 4349 558 4407 Οὐδὲν
589 4355 837 4426 παρῆκαν
873 4351 1072 4419 αἷκίας,
1102 4354 1370 4427 τιμωρίας

392 4438 553 4502 Εἶδός
587 4462 635 4494 τι
668 4438 872 4510 λοιπῆς
904 4442 1117 4511 κακίας,
1154 4440 1461 4516 βδελυρίας,

389 4530 456 4585 o0
489 4530 565 4600 μή
597 4532 870 4603 προσῆγον
902 4525 1107 4592 ἀσεϐῶς
1138 4528 1500 4606 Ἀνδρονίκῳί

390 4618 457 4674 Οἱ
494 4617 587 4689 μὶν
621 4620 723 4692 γὰρ
758 4617 954 4691 αὐτῶν,
987 4640 1026 4672 π
1057 4626 1315 4693 περιττῆς
1350 4622 1540 4692 μανίας
1568 4623 1580 4676 ί

194 4708 350 4765 5540
390 4708 680 4775 ’¹Ετυπτον,
715 4706 1042 4780 ἐσπάραττον
1078 4707 1237 4761 αύτοῦ
1263 4709 1476 4783 κρανίον

1760 413 2117 470 ΟΕΒΔΗΕΞ.

1917 538 1972 605 Α
2002 534 2142 588 dum
2174 531 2420 603 fugeret,
2453 534 2517 590 ut
2547 530 2823 599 diximus,
2858 533 2927 587 ad
2960 533 3201 605 Scythas
3232 535 3534 607 Tauricos,

2003 619 2336 691 imperatori
2363 618 2700 675 obtulerunt
2729 620 2974 676 lsaacio.

2001 707 2248 776 Quantis
2279 706 2487 762 deinde
2518 706 2801 762 attriverit
2831 709 3186 767 cruciatibus

2001 801 2262 868 quotque
2292 793 2600 866 suppliciis
2631 796 2883 851 lsaacius
2916 798 3231 870 imperator

2000 883 2292 940 infelicem
2328 883 2487 939 hunc
2519 898 2718 938 senem
2752 890 3010 957 quotque
3040 888 3248 959 pennis,

1998 976 2091 1028 vix
2120 975 2176 1028 et
2204 972 2463 1027 humano
2495 971 2724 1027 effabile
2755 972 3009 1044 eloquio,

2000 1066 2256 1117 attamen
2289 1060 2476 1114 dicam
2512 1059 2763 1115 breviter
2794 1078 2896 1132 pro
2926 1064 3167 1120 viribus.

2003 1150 2227 1207 Urbano
2259 1147 2517 1220 primum
2550 1147 2919 1205 concluditur
2947 1168 3197 1226 carcere,

2002 1237 2212 1295 collum
2245 1236 2465 1292 calenis
2494 1236 2724 1292 vinctus
2759 1241 2933 1309 atque
2964 1243 3181 1313 pedes;

2000 1330 2171 1397 atque
2204 1325 2309 1381 hac
2339 1324 2493 1379 tristi
2524 1323 2818 1381 exhibitas
2849 1326 2907 1381 in
2936 1330 3129 1400 specie

1997 1414 2141 1486 regi,
2173 1412 2450 1469 conviciis
2482 1413 2775 1484 appetitur
2806 1415 2985 1472 miser

1998 1502 2446 1572 maledictisque
2474 1502 2744 1557 obruitdr
2767 1502 3094 1561 innumeris
3130 1525 3141 1560 :

1996 1598 2333 1655 verberibus
2366 1596 2595 1653 lumbos
2626 1599 2837 1654 teritur
2866 1605 2921 1655 et
2951 1607 3136 1674 nates,

1994 1687 2177 1742 barba
2205 1690 2262 1741 et
2292 1685 2496 1756 capillo
2528 1686 2775 1757 carptim
2810 1688 3069 1746 nudatur
3096 1698 3289 1765 caput,

1991 1777 2369 1832 excutiuntur
2398 1776 2602 1831 dentes
2633 1777 2872 1834 inﬂictis
2904 1779 3141 1849 ictibus,

1912 1888 1959 1953 Β
1990 1865 2346 1953 ludibriique
2376 1864 2558 1953 gratia
2589 1881 2653 1919 ac
2686 1866 2841 1923 risus
2873 1870 3124 1925 traditur

1991 1954 2238 2010 suismet
2268 1952 2523 2007 inimicis
2553 1956 2611 2008 et
2640 1954 3034 2012 carnificibus.

1992 2042 2122 2097 Fert
2155 2041 2530 2113 petulantias,
2566 2044 2978 2112 contumelias,
3012 2048 3271 2116 verbera,

1990 2129 2262 2185 tunditur
2295 2146 2356 2185 os
2386 2130 2594 2201 alapis,
2624 2130 2781 2186 varie
2810 2132 3113 2204 affligitur,

1990 2217 2279 2274 malorum
2311 2218 2550 2273 Iliadem
2585 2218 3047 2291 tragmdiamque
3079 2225 3297 2294 patitur

1990 2311 2046 2360 et
2076 2305 2444 2362 miseriarum
2475 2305 2773 2361 infinitum
2806 2308 3051 2381 pelagus
3087 2328 3099 2365 :

1992 2394 2313 2464 praesertim
2345 2410 2477 2449 vero
2511 2399 2751 2449 vexatur
2782 2413 2814 2451 a
2845 2397 3099 2469 feminis,

1993 2482 2210 2552 quibus
2241 2481 2545 2537 oculorum
2578 2482 2777 2538 lumen
2810 2485 3125 2556 eripuerat,

1989 2570 2076 2625 vel
2110 2570 2353 2625 maritos
2386 2571 2595 2641 partim
2631 2587 2767 2627 nece
2799 2572 3144 2647 abstulerat,

1991 2658 2203 2729 partim
2233 2658 2463 2714 effossis
2495 2658 2680 2715 oculis
2712 2668 3101 2718 excecaverat

1988 2762 2089 2817 pro
2124 2763 2232 2801 sua
2262 2746 2482 2801 saevitia
2516 2746 2779 2803 mortalis
2810 2749 2903 2805 hic
2935 2753 3253 2820 pessimus.

1990 2838 2289 2889 Postremo
2322 2835 2655 2905 impositus,
2690 2835 2822 2891 hem
2856 2840 3058 2895 auditu
3093 2841 3407 2898 horribilol

1989 2932 2256 2988 scabioso
2286 2931 2597 2987 infeliciter
2625 2933 2867 3003 camelo,

1989 3020 2089 3090 qui
2121 3022 2512 3076 Romanorum
2546 3038 2732 3092 nuper
2756 3022 3093 3098 imperator,

1986 3125 2159 3180 quem
2193 3111 2343 3164 circa
2374 3109 2513 3181 regii
2544 3112 2899 3168 resonabant
2930 3113 3196 3185 plausus,

1904 3234 1946 3297 Ο
1987 3214 2088 3295 per
2118 3199 2305 3297 forum
2339 3197 2575 3297 ducitur
2606 3217 2822 3271 perque
2858 3201 2978 3258 vias
3010 3204 3274 3276 publicas

1984 3285 2351 3357 triumphum
2383 3286 2557 3340 turba
2586 3294 2885 3358 spectante
2916 3293 3345 3364 turpissimum,

1984 3374 2108 3443 ipse
2141 3374 2232 3427 vix
2263 3377 2450 3429 tectus
2481 3373 2581 3428 vili
2614 3376 2878 3431 tunicula

1983 3460 2238 3531 tegmine
2269 3462 2493 3517 nudum
2526 3462 2792 3519 cranium
2826 3469 3159 3537 ostentans;

1980 3549 2226 3620 lugubre
2255 3550 2383 3605 visu
2418 3558 2777 3624 narratuque
2809 3553 3089 3613 horribile

1981 3637 2189 3692 uberes
2219 3635 2505 3707 lacrymas
2538 3639 2663 3694 sine
2695 3641 2872 3696 dubio
2904 3642 3145 3701 eliciens

1981 3724 2222 3780 mitibus
2253 3740 2321 3779 ex
2352 3723 2559 3789 oculis,
2591 3728 2690 3796 qui
2724 3729 2914 3785 solent
2944 3732 3189 3789 miseros

1976 3819 2305 3884 naturaque
2331 3811 2541 3878 socios,
2575 3820 2748 3884 prout
2779 3817 2865 3871 fas
2895 3826 3002 3887 est,
3036 3823 3314 3891 aspicere.

1976 3906 2049 3957 At
2078 3901 2435 3973 plebeiorum
2467 3901 2752 3958 vilissima
2791 3904 3088 3976 colluvies,

1976 3990 2219 4045 fartores
2250 3993 2307 4045 et
2336 3989 2565 4045 coriarii
2597 4007 2662 4045 ac
2693 3994 2942 4062 sutores,

1974 4077 2459 4133 Dardanariorum
2490 4078 2705 4133 stolida
2734 4078 3000 4152 collegia.

1974 4190 2249 4244 pompam
2280 4174 2559 4229 ducentes
2591 4175 3073 4249 triumphumque
3105 4181 3466 4253 huiusmodi,

1971 4261 2057 4316 vel
2088 4262 2281 4331 potius
2312 4262 2366 4315 id
2398 4261 2720 4319 ludibrium
2752 4269 2807 4320 et
2834 4266 3246 4340 deridiculum,

1971 4350 2197 4405 nullum
2232 4352 2753 4422 prastermittebant
2778 4373 2956 4426 poena
2989 4373 3175 4427 genus

1968 4438 2283 4509 opprobrii,
2318 4440 2605 4508 maleficii,
2640 4443 3028 4511 contumeliae,

1968 4527 2109 4598 quin
2143 4529 2470 4584 Andronico
2503 4548 2604 4601 per
2635 4533 2796 4587 nefas
2829 4533 3237 4604 impingerent.

1964 4624 2070 4678 Alii
2106 4624 2417 4696 siquidem,
2449 4644 2481 4681 ο
2510 4644 2790 4683 vesanum
2825 4630 3119 4685 furorem!

1967 4729 2309 4782 percussum
2343 4714 2751 4785 discerpebant
2783 4716 2969 4787 ipsius
3002 4720 3264 4775 omnium

3535 414 3645 470 210

1965 4801 2323 4873 dorsumque
2355 4802 2559 4872 ligneis
2590 4804 2971 4861 inclementer
2999 4806 3173 4864 clavis
3210 4825 3223 4864 :

1964 4889 2061 4943 alii
2095 4890 2269 4956 latus,
2302 4907 2468 4946 rencs
2501 4895 2672 4961 atque
2705 4892 2967 4962 podicem

390 4794 491 4851 Καί
516 4797 641 4849 νῶτ’
675 4793 909 4869 ἀφειδῶς
938 4801 1056 4857 ταῖς
1089 4795 1340 4870 κρούναις
1366 4818 1423 4851 τε
1460 4797 1547 4850 καὶ
1580 4795 1782 4866 ξύλοις’

387 4883 455 4939 Οἱ
514 4881 560 4936 δ’
614 4884 676 4936 αὖ
730 4904 790 4957 γε
846 4882 1083 4957 πλευράς
1146 4884 1230 4937 καῗ
1309 4883 1535 4959 νεφροὺς
1606 4878 1852 4954 πρωκτὸν

790 4997 816 5016 ρ
1595 4972 1780 5043 [πάλιν

1962 5067 2354 5123 suffodiebant
2383 5067 2589 5123 cultris
2620 5073 2791 5139 atque
2824 5070 3076 5136 subulis,

1963 5155 2056 5210 alii
2094 5155 2480 5225 iuquinubanl’.
2511 5157 2643 5219 fimo
2677 5173 2845 5212 nares
2877 5159 3120 5229 bubulo,

1962 5243 2057 5298 alii
2089 5243 2403 5314 spurcitiae
2435 5261 2744 5314 corporum
2779 5245 2836 5299 in
2870 5245 3092 5301 vultum
3127 5249 3255 5318 ejus

1960 5332 2220 5403 spongiis
2252 5349 2555 5402 expressas
2587 5349 2736 5403 saepe
2769 5334 3153 5403 conﬁciebant
3190 5355 3202 5392 :

1958 5422 2209 5474 audaces
2241 5426 2433 5474 aufem
2468 5420 2704 5490 quidam
2739 5439 2804 5476 ac
2838 5422 3146 5477 ferociores

1956 5507 2251 5577 lapidibus
2282 5510 2654 5578 appetebant,
2689 5510 2945 5563 dicentes
2979 5526 3180 5564 canem

1953 5600 2007 5651 et
2036 5597 2340 5650 Cerberum
2374 5602 2547 5668 atque
2580 5600 2754 5652 feram
2787 5597 3247 5665 sanguinariam,

1950 5687 2122 5754 atque
2152 5684 2244 5739 his
2271 5684 2485 5738 similia
2519 5703 2618 5755 per
2648 5701 2943 5740 summum
2982 5686 3252 5740 furorem.

381 5055 664 5134 Ξιφιδίοις
690 5056 900 5134 ἔπειρον
935 5059 966 5128 ἢ
1000 5061 1085 5114 καὶ
1120 5059 1354 5136 ῥαφίσιν·

377 5144 582 5202 ’Ἄλλοι
617 5144 665 5201 δ’
691 5147 937 5220 ἐμίνΟουν
970 5151 1066 5217 τήν
1103 5149 1222 5223 ῥῖνα
1261 5153 1373 5208 τοῖς
1411 5140 1707 5220 βολόίτοις,

200 5244 343 5300 5545
385 5246 510 5300 Τῶν
546 5241 594 5298 δ’
625 5240 797 5317 ὄψεων
830 5245 1048 5318 λύματα
1077 5246 1140 5299 τά
1169 5248 1275 5300 τῶν
1306 5244 1573 5320 γαστέρων

383 5331 662 5408 Σπόγγρις
691 5329 1076 5403 κατηκόντιζον
1105 5333 1267 5387 αὐτοῦ
1299 5335 1575 5407 συχνηάκιςν

379 5421 448 5476 Οἱ
476 5417 533 5474 δὲ
565 5424 778 5494 θρασεῖς
809 5443 867 5475 τε
898 5424 983 5476 καὶ
1014 5421 1176 5475 πλέον
1205 5422 1499 5493 τολμητίαι

375 5506 830 5564 Ἐλιθολεύστουν
861 5509 1258 5570 ἀποκαλοῦντες
1291 5510 1423 5563 κύνα

377 5597 482 5652 Καὶ
513 5592 785 5672 Κέρϐερον
820 5601 960 5671 θῆρά
987 5620 1043 5652 τε
1072 5599 1159 5651 καὶ
1206 5597 1489 5673 μιαιφόνον

195 5684 336 5741 5550
377 5682 693 5741 Καὶ’τοῖσδε
722 5687 787 5740 τά
818 5686 1101 5761 σύστοιχα,
1134 5690 1228 5762 φεῦ
1260 5694 1356 5754 τῆς
1393 5686 1585 5758 μανίας
1613 5690 1625 5742 ί
