4138 6296
484 466 585 523 211
1690 450 2058 508 ΕΡΗΒΕΜῙῙ
2095 447 2118 501 <

2246 440 2659 502 ONOGRAPHI
3774 436 3880 493 212

2419 568 2506 629 Ὠς
2537 565 2596 620 ἃν
2630 564 2687 621 δὶ
2718 567 2882 644 φαίην
2914 565 2966 621 ἐν
3006 566 3206 639 βραχεῖ
3231 563 3293 618 τὸ
3333 565 3435 616 πᾶν
3465 558 3633 638 λόγῳ,

489 592 705 647 Verum
738 593 801 645 ut
831 587 1007 645 verba
1037 586 1105 644 ad
1139 583 1550 657 compendium
1582 580 1900 642 conferam,
2157 571 2211 640 Α

2410 654 2604 717 Οὐδεὶς
2636 656 2853 729 ὑπῆρχε
2885 649 3297 722 συναλισθείσης
3321 652 3444 712 θέας

494 695 664 737 nemo
693 679 753 735 in
779 678 1068 734 immenso
1098 675 1197 731 illo
1230 673 1341 730 fuit
1370 667 1720 745 spectaculo,

497 770 644 843 quin
670 766 932 824 molestis
963 764 1175 821 ictibus
1205 765 1260 820 et
1289 761 1564 819 conviciis

496 865 639 915 tunc
670 856 961 912 infelicem
993 867 1188 911 senem
1223 868 1335 909 non
1368 849 1717 907 verberaret.

499 948 769 1003 Scortum
800 942 1048 1014 denique
1078 941 1372 1013 quoddam
1404 936 1989 1011 impudentissimum

500 1039 829 1107 correptam
861 1033 931 1089 de
962 1030 1158 1086 culina
1186 1029 1245 1086 in
1275 1028 1429 1084 viam
1460 1027 1724 1084 deferens

500 1123 678 1182 ollam
709 1124 962 1178 fervente
994 1120 1311 1176 admodum
1340 1133 1492 1189 aqua
1520 1113 1753 1189 plenam

498 1214 560 1269 in
590 1209 909 1267 Andronici
940 1208 1145 1265 effudit
1169 1206 1385 1263 furiose
1414 1221 1612 1278 genas.

503 1307 690 1374 Atque
720 1300 841 1355 haec
869 1296 1198 1371 perpetiens
1228 1293 1530 1367 multoque
1560 1293 1751 1365 plura,

502 1394 704 1445 contra
732 1391 818 1443 tot
847 1384 1002 1442 mala
1032 1385 1253 1440 durans
1284 1382 1371 1438 vir
1402 1381 1814 1454 magnanimus

505 1479 573 1534 In
604 1481 690 1533 tot
722 1476 985 1532 dolorum
1018 1472 1292 1530 fluctibus
1324 1470 1697 1543 et'proeellis,

504 1570 786 1638 tantoque
815 1562 1184 1619 miseriarum
1216 1560 1523 1617 obluctans
1554 1558 1779 1632 pelago,

509 1654 795 1711 malorum
826 1653 1069 1724 inquam
1103 1649 1302 1706 nimbo
1334 1648 1602 1721 quamvis
1632 1664 1893 1720 pressus,

507 1746 731 1803 fortiter
756 1749 949 1800 tamen
980 1741 1225 1799 Domino
1256 1738 1465 1812 agebat
1493 1740 1733 1811 gratias,

510 1838 877 1890 constantem
906 1832 966 1886 in
1000 1827 1306 1903 suppliciis
1339 1829 1595 1884 mentem
1628 1826 1901 1884 retinens.

507 1924 599 1979 Sic
630 1940 766 1996 ergo
797 1923 855 1978 in
889 1921 1140 1979 stadium
1173 1918 1383 1975 ductus
1416 1935 1549 1974 cum
1581 1917 1901 1989 ignominia

507 2026 821 2084 parumper
851 2008 1043 2064 adhuc
1072 2007 1305 2078 spirans
1336 2006 1407 2061 ad
1440 2002 1782 2060 columellae

506 2102 841 2171 prostantes
874 2094 996 2152 illic
1026 2095 1274 2167 pedibus
1304 2096 1394 2150 est
1424 2110 1771 2165 suspensus.

506 2184 784 2240 Furiosus
817 2187 1014 2239 tamen
1046 2180 1299 2253 populus
1333 2180 1579 2235 necdum
1616 2182 1781 2235 satur

504 2272 780 2328 vorandis
812 2271 937 2341 ejus
964 2268 1265 2339 carnibus,
1298 2268 1574 2340 suspensi
1608 2267 1823 2324 miseri.

509 2360 791 2416 membris
823 2359 1000 2414 etiam
1032 2354 1388 2429 genitalibus
1420 2356 1743 2424 insultavit,

507 2449 773 2505 tunicula
805 2449 1066 2512 reducta,
1098 2445 1230 2502 hem
1259 2446 1539 2517 pudorem
1566 2443 1577 2499 l

511 2538 756 2603 Quidam
789 2539 1025 2592 acutum
1054 2532 1316 2606 gladium
1346 2549 1449 2606 per
1479 2536 1682 2605 guttur
1712 2533 1850 2604 egit,

512 2627 664 2682 alius
692 2624 935 2680 Latinus
966 2623 1230 2696 podicem
1264 2639 1402 2678 ense
1434 2621 1577 2677 fodit
1610 2639 1623 2675 :

514 2715 703 2771 Latini
733 2729 864 2769 vero
897 2714 1343 2768 circumstantes
1375 2708 1613 2781 reliqui.

511 2803 725 2875 gladiis
756 2801 1055 2857 caedebant
1085 2798 1366 2856 miserum
1400 2799 1813 2872 corpusculum

511 2891 888 2964 ingeminatis
915 2889 1278 2945 continenter
1308 2888 1545 2959 ictibus,

511 2981 827 3053 sponsione
855 2980 1014 3035 velut
1043 2984 1251 3034 mutua
1281 2978 1395 3034 utri
1429 2978 1655 3033 acutius

512 3071 775 3126 acinaces
805 3069 1043 3124 ferirent
1072 3066 1453 3139 experientes.

510 3161 601 3215 Sic
629 3158 993 3214 Andronicus
1025 3156 1082 3211 in
1116 3156 1422 3228 suppliciis
1453 3155 1680 3211 luctans

509 3251 568 3305 in
597 3253 878 3318 tantoque
905 3245 1268 3301 cruciatuum
1304 3245 1449 3300 mari
1482 3246 1817 3319 naufragus,

513 3338 787 3410 spiritum
819 3335 927 3391 sibi
956 3332 1240 3390 violenter
1270 3338 1505 3406 raptum

514 3428 574 3482 in
607 3424 934 3482 columellis
965 3422 1082 3479 illis
1113 3423 1315 3479 effudit
1348 3423 1621 3497 turpiter.

516 3518 705 3587 Atque
736 3515 889 3570 hunc
917 3513 1147 3584 imperii
1178 3513 1423 3583 vitaeque
1459 3514 1631 3569 finem
1667 3514 1870 3572 habuit

518 3605 693 3660 homo
723 3618 1110 3671 aerumnosus,
1148 3606 1457 3672 postquam
1491 3599 1873 3673 imperaverat

516 3692 754 3748 biennio
787 3692 903 3747 fere
936 3694 1249 3746 stemmate
1282 3690 1594 3761 revinctus,

520 3798 636 3837 uno
667 3783 946 3853 praeterea
975 3780 1308 3836 dominatus
1339 3798 1491 3837 anno

520 3872 743 3942 absque
773 3886 1006 3938 corona,
1042 3872 1099 3925 et
1130 3886 1402 3943 purpurae
1434 3872 1656 3927 decore.

515 3961 653 4016 Erat
680 3959 739 4015 in
771 3962 1003 4031 egregia
1030 3960 1214 4015 forma
1246 3961 1526 4032 corporis,

519 4048 865 4121 proceritate
890 4049 1167 4119 praeditus
1197 4049 1447 4119 heroica,

521 4142 773 4209 augusta
805 4138 947 4193 faeie
974 4142 1031 4193 et
1061 4155 1301 4209 prorsus
1333 4139 1686 4210 admirabili,

520 4226 945 4298 praevalidaque
976 4231 1147 4284 utens
1176 4228 1524 4283 valetudine.

521 4319 659 4371 Post
689 4316 914 4387 aliquot
946 4320 1137 4371 autem
1169 4316 1294 4371 dies
1326 4317 1393 4371 de
1424 4316 1741 4388 suspendio

519 4404 838 4460 detractum
869 4406 995 4476 ejus
1026 4407 1271 4460 cadaver
1299 4405 1356 4458 in
1390 4406 1644 4475 quodam
1677 4407 1847 4463 stadii

521 4492 736 4547 fornice
770 4493 895 4548 sine
926 4510 1066 4548 cura
1097 4495 1419 4565 projectum
1445 4493 1664 4564 jacuit;

524 4583 706 4637 donec
735 4584 809 4637 ad
836 4581 1047 4655 Ephori
1076 4583 1309 4639 tandem
1344 4584 1767 4639 monasterium

525 4676 981 4742 composuerunt
1011 4672 1249 4744 quidam
1283 4673 1342 4728 in
1375 4672 1529 4729 brevi
1562 4670 1781 4743 loculo;

526 4761 624 4815 ubi
656 4761 847 4816 adhuc
876 4777 1087 4832 corpus
1119 4766 1418 4834 spectatur
1448 4781 1481 4819 a
1510 4762 1759 4835 cupidis,

525 4849 917 4921 integritatem
950 4867 1117 4905 suam
1152 4869 1391 4923 prorsus
1426 4852 1706 4909 retinens.

524 4940 577 4993 Is
609 4944 802 4994 autem
837 4944 955 4995 toto
989 4941 1285 5010 deperibat
1313 4943 1508 4997 animo

524 5026 771 5097 apostoli
803 5027 1030 5083 divinas
1061 5029 1221 5084 Pauli
1256 5030 1563 5101 epistolas;

527 5133 559 5170 a
589 5117 827 5187 quibus,
862 5118 1204 5173 admiranda
1234 5119 1390 5175 velut
1419 5122 1677 5176 scatebra

526 5206 585 5260 in
619 5206 911 5262 orationes
942 5225 1081 5263 suas
1110 5214 1164 5264 et
1193 5209 1410 5281 scripta
1435 5210 1683 5267 ducebat
1707 5211 1946 5284 rivulos,

527 5311 654 5365 quae
685 5297 1070 5367 componebat
1102 5299 1278 5353 nobili
1312 5298 1576 5355 artificio.

524 5384 673 5447 Quin
706 5403 932 5442 sacram
967 5387 1127 5441 Pauli
1159 5386 1469 5460 ccelispicis
1499 5389 1814 5462 imaginem

525 5492 667 5529 auro
700 5483 1057 5548 argentoque
1088 5479 1376 5550 insignem
1408 5482 1773 5539 Andronicus

526 5564 582 5617 in
616 5566 1000 5635 quadraginta
1031 5568 1348 5638 Martyrum
1381 5570 1621 5627 delubro

526 5670 557 5706 a
584 5659 764 5709 semet
794 5655 1116 5713 dedlcatam
1148 5658 1374 5715 colebat
1403 5662 1741 5719 admodum.

529 5743 655 5800 llzec
688 5748 879 5801 autem
914 5746 1223 5805 Andronici
1259 5748 1512 5808 instante
1546 5751 1657 5810 fato

2186 4664 2233 4728 D

2411 748 2505 807 ’Ός
2534 742 2595 798 ού
2625 746 2810 803 κακοῖς
2841 736 3040 797 ἔϐαλλε
3074 739 3320 815 βλήμασι
3364 737 3564 815 λόγοις

2414 833 2520 889 Τὸν
2555 829 2797 906 δυστυχῆ
2825 828 3051 904 γέροντα
3079 832 3157 901 τῷ
3186 824 3457 898 τηνικάδε.

2237 923 2376 978 5555
2415 920 2527 979 Μία
2556 918 2612 974 δὲ
2641 918 2778 995 γυνή
2812 918 3043 994 πορνικὴ
3085 915 3421 992 λαγνιστάτη

2415 1010 2502 1079 Ἐξ
2537 1007 2821 1063 ὀπτανείου
2852 1007 3038 1068 σκεῦος
3071 1003 3352 1081 άρπάσασά
3382 1024 3432 1060 τι

2419 1095 2683 1176 Σφοδρῶς
2710 1116 2769 1171 γε
2796 1093 3171 1171 καχλάζοντος
3201 1091 3395 1156 ὕδατος
3425 1092 3592 1150 πλέον

2416 1186 2619 1242 Τούτου
2650 1188 2883 1262 παρειῶν
2917 1184 3177 1258 ἔμμανῶς
3202 1183 3480 1257 καταχὲει.

2424 1275 2572 1333 Τόσα
2602 1272 2657 1329 δὲ
2687 1275 2872 1338 παθὼν
2904 1271 2992 1328 καὶ
3023 1271 3167 1327 πολὺ
3189 1270 3397 1327 τούτων
3418 1270 3571 1327 πλέω

2242 1376 2384 1431 5560
2421 1374 2526 1429 Καὶ
2555 1371 2859 1442 τηλικαῦτα
2892 1368 3174 1445 δυσχερῶν
3209 1369 3236 1424 ὁ
3267 1365 3524 1443 γεννάδας

2422 1462 2566 1539 Πρὸς
2592 1462 2884 1539 συμφορῶν
2915 1459 3128 1533 κύματα
3156 1457 3245 1513 καὶ
3276 1454 3597 1534 καταιγίδας

2425 1550 2520 1606 Καὶ
2555 1548 2811 1638 χαλε-πῶν
2843 1548 3107 1622 πέλαγος,
3138 1545 3379 1622 ἀντιχων
3408 1546 3561 1621 ὅμως

2424 1640 2523 1695 Καὶ
2552 1634 2775 1715 νιξράδας
2806 1638 2982 1713 φέρων
3010 1655 3068 1691 τε
3097 1639 3273 1691 κακῶν
3310 1634 3591 1709 εὐψύχως,

2425 1729 2512 1785 Ἐν
2544 1732 2701 1783 πᾶσιν
2735 1725 3055 1801 εύχάριστος
3086 1725 3150 1792 ἦν
3185 1724 3320 1798 πρὸς
3350 1723 3649 1793 Δεσπότην,

2248 1821 2389 1876 5565
2424 1816 2768 1893 Ἐρρωμὲνον
2802 1816 3058 1892 φρόνημα
3087 1813 3182 1868 κάν
3218 1811 3408 1874 δεινοῖς
3440 1810 3611 1888 ἔχων.

2429 1907 2579 1961 Οὕτω
2612 1904 2657 1960 δ’
2688 1902 2952 1980 ἀπαχθεὶς
2983 1902 3192 1976 ἀτίμως
3224 1901 3273 1958 ἐν
3308 1900 3510 1975 σταδίῳ

2431 1993 2619 2050 Ποδῶν
2652 1994 2948 2069 ἀπῃώρητο
2984 1991 3165 2067 βραχύ
3194 2010 3245 2046 τι
3276 1988 3450 2045 πνέων

2425 2090 2515 2143 Ἒν
2548 2086 2664 2145 τοῖς
2697 2080 2807 2137 ἐκεῖ
2836 2100 2941 2136 που
2971 2078 3386 2155 καθιδρυμένοις
3420 2077 3660 2142 στύλοιςο

2426 2168 2575 2230 Μετά
2602 2168 2647 2225 δ’
2678 2168 3017 2245 άπαιώρησιν
3051 2165 3279 2245 ἄφρονες
3308 2164 3472 2223 πάλιν

2249 2273 2390 2326 5570
2428 2272 2516 2331 Ὠς
2552 2271 2628 2342 μὴ
2663 2262 2922 2328 λαϐόντες
2953 2264 3111 2321 τοῦδε
3138 2270 3241 2321 τῶν
3277 2267 3486 2341 σαρκῶν
3518 2261 3703 2340 κόρον,

2426 2356 2578 2416 Αἷδώ
2607 2379 2663 2413 τε
2694 2359 2873 2418 κακῶς
2904 2353 3188 2416 παιδικούς
3218 2376 3277 2409 τε
3308 2349 3568 2427 διδύμους

2429 2447 2627 2503 Χιτῶν¹
2657 2443 3079 2506 ἀναστέλλοντες
3112 2441 3304 2517 ἔδρων,
3339 2439 3383 2497 ὣ
3415 2443 3617 2504 πάθους
3647 2443 3659 2498 !

2431 2536 2530 2591 Καὶ
2559 2534 2695 2590 κατὰ
2720 2537 2816 2588 τοῦ
2850 2532 3127 2609 φάρυγγος
3169 2530 3275 2587 ῶσέ
3302 2550 3386 2595 τις
3415 2529 3582 2608 ξίφος·

2429 2624 2527 2680 Καί
2554 2644 2639 2685 τις
2671 2618 2907 2677 Λατίνων
2940 2623 3059 2676 καθ’
3090 2617 3248 2696 ἕδρας
3282 2616 3560 2690 ἀκινάκην⁵

2252 2718 2392 2773 5575
2434 2713 2626 2769 Αοιποὶ
2660 2708 3005 2785 περιστάντες
3036 2706 3092 2765 δὲ
3119 2704 3275 2765 τόνδε
3299 2711 3546 2767 Λατίνων

2431 2805 2565 2864 Τοῖς
2599 2798 2797 2878 ξίφεσιν
2828 2796 3016 2854 ἔπαιον
3049 2798 3211 2853 αὐτοῦ
3243 2796 3462 2873 σαρκίον

2434 2889 2620 2964 Συχνά
2648 2888 3036 2965 καταφέροντες
3070 2888 3240 2942 αὐτοῦ
3274 2887 3562 2953 συντόνως,

2432 2984 2629 3053 Πεῖραν
2661 2975 2895 3049 δοκιμὴν
2926 2968 3257 3050 προσλαϐεῖν
3293 2971 3561 3049 ᾑρημένοι

2430 3068 2651 3124 Ὀποῖον
2679 3066 2851 3121 αὐτῶν
2883 3064 3296 3138 τμητικώτερον
3328 3061 3505 3120 πὲλει.

2256 3166 2397 3221 5580
2437 3164 2624 3226 Οὕτως
2654 3160 2893 3218 ἐναϐλὼν
2924 3160 2975 3216 ἐν
2997 3160 3283 3223 τοσαύταις
3320 3159 3572 3235 βασάνοις

2438 3255 2539 3309 Καὶ
2572 3250 2874 3325 τηλικαύτῃ
2910 3253 3202 3328 συμφορῶν
3234 3247 3494 3325 τρικυμία

2438 3343 2639 3415 Ψυχὴν
2670 3338 3023 3416 ἐναπέῥρηξεν
3056 3338 3219 3393 αὐτοῦ
3246 3336 3381 3413 πρὸς
3418 3337 3536 3413 βίαν

2437 3431 2559 3487 Ἐπὶ
2592 3426 2891 3485 στυλίσκων
2928 3425 3135 3501 ἀτίμως
3164 3424 3496 3500 ἡρτημὲνος·

2435 3521 2668 3576 Τοιοῦτο
2697 3516 2869 3593 τέρμα
2898 3520 2992 3572 τοῦ
3022 3515 3254 3591 κράτους
3284 3513 3373 3569 καὶ
3412 3514 3506 3568 τοῦ
3541 3511 3664 3588 βίου

2258 3618 2402 3674 5585
2442 3614 2728 3677 Πολύτλας
2759 3610 3110 3688 Ἀνδρόνικος
3144 3608 3291 3686 εὗρεν
3327 3608 3378 3665 ἐν
3416 3609 3542 3685 βίῳ,

2436 3704 2671 3779 Χρόνοις
2706 3703 2798 3774 μὲν
2833 3694 2990 3777 ἄρξας
3022 3698 3140 3754 δυσί
3171 3721 3274 3754 που
3302 3696 3667 3775 στεφηφόρος,

2437 3795 2644 3849 Κοινῶν
2673 3790 2717 3845 δ’
2744 3789 2821 3845 ivi
2852 3787 3037 3865 κύριος
3063 3787 3134 3842 ὣν
3166 3793 3272 3843 τῶν
3303 3787 3636 3863 πραγμάτων

2437 3886 2594 3937 ’Ἄνευ
2624 3877 2913 3956 χλαμύδος
2942 3877 3030 3933 καὶ
3063 3876 3374 3949 πολυτίμου
3409 3877 3654 3953 στὲφους.

2436 3969 2536 4026 Ἦν
2569 3967 2658 4024 οὖν
2690 3968 2826 4046 φυὴν
2862 3967 3114 4041 σώματος
3148 3965 3348 4043 εὐφυὴς
3380 3965 3540 4037 πάνυ,

2259 4063 2399 4117 5590
2435 4057 2701 4132 Ἡρωϊκόν
2733 4058 2780 4112 τ’
2812 4051 2993 4132 ὄρθιον
3029 4056 3083 4111 εὗ
3116 4054 3290 4134 φέρων
3326 4051 3516 4127 δέμας,

2438 4147 2670 4223 Ἀγητὸς
2702 4143 2840 4207 εἶδος
2871 4145 2961 4199 καὶ
2990 4145 3221 4221 γεγαρὸς
3252 4140 3470 4199 είσάπαν

2439 4240 2611 4309 Σῶμα
2641 4230 2959 4308 προδεικνὺς
2997 4231 3143 4308 ὑγιές
3173 4235 3219 4288 τ’
3254 4226 3583 4307 ἐῤῥωμὲνον.

2438 4325 2568 4381 Μεθ’
2598 4322 2807 4396 ἡμέρας
2841 4318 2899 4376 δὲ
2930 4322 3270 4396 κατενεχθεὶς
3305 4318 3497 4393 ὑψόθεν

2436 4414 2497 4470 Ὀ
2525 4411 2683 4468 τοῦδε
2711 4412 2896 4487 νεκρὸς
2929 4409 2981 4465 ἐν
3017 4416 3112 4484 μιᾷ
3141 4415 3247 4465 τῶν
3274 4405 3480 4482 ἀψίδων

2260 4503 2401 4557 5595
2439 4502 2837 4573 Ἀτημελήτως
2872 4497 3063 4577 ἐρῥίφη
3098 4502 3191 4553 τοῦ
3223 4494 3460 4552 σταδίου’

2439 4592 2569 4647 Εἶτα
2598 4588 2720 4667 περί
2748 4611 2853 4643 που
2882 4591 2980 4659 τὴν
3013 4589 3183 4661 μονὴν
3216 4587 3313 4657 τήν
3348 4585 3580 4663 Ἐφόρου

2440 4679 2531 4733 Ἔν
2564 4698 2667 4731 τινι
2699 4674 2979 4740 κατίθεντό
3010 4696 3146 4736 τινες
3175 4669 3388 4749 χωρίῳ·

2440 4766 2761 4823 Ὀπτάνεται
2794 4760 2850 4819 δὲ
2880 4766 3038 4835 σῶμα
3066 4761 3212 4818 τοῦδ’
3239 4762 3543 4838 ᾑρημένοις

2443 4854 2781 4931 ³Λκραιφνὶς,
2815 4849 3102 4923 ἀλώϐητον
3128 4851 3286 4907 εἰσέτι
3317 4850 3498 4923 μένον.

2265 4952 2405 5008 5600
2447 4953 2643 5026 Ψυχὴν
2679 4949 2735 5006 δὲ
2766 4951 3099 5005 παντάπασιν
3128 4950 3193 5019 ἦν
3222 4946 3599 5020 ἐκλιμπάνων,

2441 5040 2535 5101 Εἷς
2564 5039 2690 5102 τοὺς
2717 5045 2956 5115 θεαυγεῖς
2983 5040 3219 5111 κήρυκος
3250 5033 3465 5091 Παύλου
3498 5033 3696 5108 λόγους

2444 5130 2565 5202 Ἀφ’
2590 5131 2663 5182 ὧν
2688 5126 2975 5183 ἀπαντλῶν
3009 5126 3067 5181 ἐκ
3097 5122 3320 5187 πίδακος
3353 5125 3426 5187 ὡς
3455 5124 3606 5193 ξένης

2446 5215 2768 5279 Ἐπιστολάς
2800 5213 3022 5290 ἤρδευεν
3057 5215 3221 5269 αὐτοῦ
3250 5215 3334 5267 καὶ
3372 5212 3590 5288 λόγους,

2444 5309 2512 5363 "A
2543 5305 2802 5368 συντιθεὶς
2831 5308 2895 5374 ἦν
2929 5306 3137 5380 εὐφυῶς
3170 5302 3257 5358 καὶ
3289 5302 3627 5378 συγγράφων

2271 5399 2413 5454 5605
2450 5396 2522 5450 Οὔ
2553 5396 2642 5450 καὶ
2674 5395 2903 5459 θεόπτου
2937 5390 3157 5447 Παύλου
3189 5393 3385 5460 σεπτὴν
3419 5388 3596 5446 εἰκόνα

2447 5482 2726 5545 Καλλύνας
2761 5480 3109 5557 Ἀνδρόνικος
3143 5480 3195 5535 ἐν
3237 5477 3595 5555 χρυσαργύρῳ

2447 5578 2565 5645 Νεῷ
2591 5572 2988 5648 τεσσαράκοντα
3019 5574 3253 5644 Χριστοῦ
3289 5566 3573 5643 μαρτύρων

2450 5662 2853 5732 Ἀνατεοεικὼς,
2886 5662 3201 5732 προσκυνῶν
3233 5658 3298 5727 ἦν
3329 5658 3415 5712 καὶ
3446 5650 3638 5711 σέϐων.

2448 5754 2603 5813 ’Ἠτις
2635 5746 3026 5804 ἀπεστάλαττεν
3062 5746 3324 5819 ὀμμάτων
3359 5744 3521 5820 δάκρυ
