  <div class='ocr_page' id='page_1' title='image "/cluster/home/n/w/nwhite01/storage/ocr_20150623/143/mdp.39015078384784/115.png"; bbox 0 0 4138 6296; ppageno 0'>
   <div class='ocr_carea' id='block_1_1' title="bbox 433 364 2623 427">
    <p class='ocr_par' dir='ltr' id='par_1_1' title="bbox 433 364 2623 427">
     <span class='ocr_line' id='line_1_1' title="bbox 433 364 2623 427; baseline -0 -5"><span class='ocrx_word' id='word_1_1' title='bbox 433 364 541 422; x_wconf 83' lang='grc'>215</span> <span class='ocrx_word' id='word_1_2' title='bbox 1636 373 2007 427; x_wconf 72' lang='grc' dir='ltr'><strong>ΕΡΗΒΕΜΙΙ</strong></span> <span class='ocrx_word' id='word_1_3' title='bbox 2054 368 2623 426; x_wconf 77' lang='lat' dir='ltr'><strong>CHRONOGRAPHI</strong></span> 
     </span>
    </p>
   </div>
   <div class='ocr_carea' id='block_1_2' title="bbox 2110 495 2165 563">
    <p class='ocr_par' dir='ltr' id='par_1_2' title="bbox 2110 495 2165 563">
     <span class='ocr_line' id='line_1_2' title="bbox 2110 495 2165 563; baseline 0 -2"><span class='ocrx_word' id='word_1_4' title='bbox 2110 495 2165 563; x_wconf 81' lang='grc' dir='ltr'><strong>Α</strong></span> 
     </span>
    </p>
   </div>
   <div class='ocr_carea' id='block_1_3' title="bbox 441 494 1659 569">
    <p class='ocr_par' dir='ltr' id='par_1_3' title="bbox 441 494 1659 569">
     <span class='ocr_line' id='line_1_3' title="bbox 441 494 1659 569; baseline 0.007 -24"><span class='ocrx_word' id='word_1_5' title='bbox 441 494 875 563; x_wconf 88' lang='lat' dir='ltr'><strong>unguentorum</strong></span> <span class='ocrx_word' id='word_1_6' title='bbox 909 507 1141 565; x_wconf 81' lang='lat' dir='ltr'><strong>semper</strong></span> <span class='ocrx_word' id='word_1_7' title='bbox 1169 496 1343 553; x_wconf 83' lang='lat' dir='ltr'><strong>odore</strong></span> <span class='ocrx_word' id='word_1_8' title='bbox 1376 497 1659 569; x_wconf 82' lang='lat' dir='ltr'><strong>fragrans,</strong></span> 
     </span>
    </p>
   </div>
   <div class='ocr_carea' id='block_1_4' title="bbox 445 582 1643 658">
    <p class='ocr_par' dir='ltr' id='par_1_4' title="bbox 445 582 1643 658">
     <span class='ocr_line' id='line_1_4' title="bbox 445 582 1643 658; baseline 0.007 -25"><span class='ocrx_word' id='word_1_9' title='bbox 445 582 880 652; x_wconf 81' lang='lat' dir='ltr'><strong>exornatusque</strong></span> <span class='ocrx_word' id='word_1_10' title='bbox 910 586 974 636; x_wconf 89' lang='lat' dir='ltr'><strong>ut</strong></span> <span class='ocrx_word' id='word_1_11' title='bbox 1003 598 1257 653; x_wconf 90' lang='lat' dir='ltr'><strong>sponsus</strong></span> <span class='ocrx_word' id='word_1_12' title='bbox 1287 584 1375 641; x_wconf 87' lang='lat' dir='ltr'><strong>vel</strong></span> <span class='ocrx_word' id='word_1_13' title='bbox 1408 590 1471 641; x_wconf 88' lang='lat' dir='ltr'><strong>ut</strong></span> <span class='ocrx_word' id='word_1_14' title='bbox 1502 602 1643 658; x_wconf 94' lang='lat' dir='ltr'><strong>pavo</strong></span> 
     </span>
    </p>
   </div>
   <div class='ocr_carea' id='block_1_5' title="bbox 444 669 1577 742">
    <p class='ocr_par' dir='ltr' id='par_1_5' title="bbox 444 669 1577 742">
     <span class='ocr_line' id='line_1_5' title="bbox 444 669 1577 742; baseline 0.004 -19"><span class='ocrx_word' id='word_1_15' title='bbox 444 670 756 740; x_wconf 84' lang='lat' dir='ltr'><strong>procedere</strong></span> <span class='ocrx_word' id='word_1_16' title='bbox 780 669 851 725; x_wconf 93' lang='lat' dir='ltr'><strong>de</strong></span> <span class='ocrx_word' id='word_1_17' title='bbox 876 669 1055 742; x_wconf 88' lang='lat' dir='ltr'><strong>regiis</strong></span> <span class='ocrx_word' id='word_1_18' title='bbox 1086 671 1309 728; x_wconf 80' lang='lat' dir='ltr'><strong>solebat</strong></span> <span class='ocrx_word' id='word_1_19' title='bbox 1334 673 1577 729; x_wconf 67' lang='lat' dir='ltr'><strong>aedibus.</strong></span> 
     </span>
    </p>
   </div>
   <div class='ocr_carea' id='block_1_6' title="bbox 444 757 1785 835">
    <p class='ocr_par' dir='ltr' id='par_1_6' title="bbox 444 757 1785 835">
     <span class='ocr_line' id='line_1_6' title="bbox 444 757 1785 835; baseline 0.004 -23"><span class='ocrx_word' id='word_1_20' title='bbox 444 757 605 814; x_wconf 89' lang='lat' dir='ltr'><strong>Idem</strong></span> <span class='ocrx_word' id='word_1_21' title='bbox 639 761 944 830; x_wconf 89' lang='lat' dir='ltr'><strong>promptus</strong></span> <span class='ocrx_word' id='word_1_22' title='bbox 975 760 1045 814; x_wconf 90' lang='lat' dir='ltr'><strong>ad</strong></span> <span class='ocrx_word' id='word_1_23' title='bbox 1077 759 1221 816; x_wconf 91' lang='lat' dir='ltr'><strong>iram</strong></span> <span class='ocrx_word' id='word_1_24' title='bbox 1253 763 1419 833; x_wconf 86' lang='lat' dir='ltr'><strong>eique</strong></span> <span class='ocrx_word' id='word_1_25' title='bbox 1451 762 1785 835; x_wconf 86' lang='lat' dir='ltr'><strong>indulgens,</strong></span> 
     </span>
    </p>
   </div>
   <div class='ocr_carea' id='block_1_7' title="bbox 446 846 1659 908">
    <p class='ocr_par' dir='ltr' id='par_1_7' title="bbox 446 846 1659 908">
     <span class='ocr_line' id='line_1_7' title="bbox 446 846 1659 908; baseline 0.004 -7"><span class='ocrx_word' id='word_1_26' title='bbox 446 846 909 903; x_wconf 83' lang='lat' dir='ltr'><strong>misericordiam</strong></span> <span class='ocrx_word' id='word_1_27' title='bbox 940 851 1137 903; x_wconf 89' lang='lat' dir='ltr'><strong>tamen</strong></span> <span class='ocrx_word' id='word_1_28' title='bbox 1170 849 1269 905; x_wconf 78' lang='lat' dir='ltr'><strong>irae</strong></span> <span class='ocrx_word' id='word_1_29' title='bbox 1304 851 1659 908; x_wconf 87' lang='lat' dir='ltr'><strong>admiscens.</strong></span> 
     </span>
    </p>
   </div>
   <div class='ocr_carea' id='block_1_8' title="bbox 444 934 1789 1011">
    <p class='ocr_par' dir='ltr' id='par_1_8' title="bbox 444 934 1789 1011">
     <span class='ocr_line' id='line_1_8' title="bbox 444 934 1789 1011; baseline 0.004 -21"><span class='ocrx_word' id='word_1_30' title='bbox 444 934 561 991; x_wconf 86' lang='lat' dir='ltr'><strong>Nec</strong></span> <span class='ocrx_word' id='word_1_31' title='bbox 590 950 726 991; x_wconf 91' lang='lat' dir='ltr'><strong>vero</strong></span> <span class='ocrx_word' id='word_1_32' title='bbox 760 935 1071 1007; x_wconf 88' lang='lat' dir='ltr'><strong>imperium</strong></span> <span class='ocrx_word' id='word_1_33' title='bbox 1102 936 1523 994; x_wconf 82' lang='lat' dir='ltr'><strong>administrans</strong></span> <span class='ocrx_word' id='word_1_34' title='bbox 1554 939 1789 1011; x_wconf 90' lang='lat' dir='ltr'><strong>optime,</strong></span> 
     </span>
    </p>
   </div>
   <div class='ocr_carea' id='block_1_9' title="bbox 446 1023 1719 1096">
    <p class='ocr_par' dir='ltr' id='par_1_9' title="bbox 446 1023 1719 1096">
     <span class='ocr_line' id='line_1_9' title="bbox 446 1023 1719 1096; baseline 0.002 -16"><span class='ocrx_word' id='word_1_35' title='bbox 446 1024 544 1080; x_wconf 90' lang='lat' dir='ltr'><strong>sed</strong></span> <span class='ocrx_word' id='word_1_36' title='bbox 580 1023 954 1080; x_wconf 88' lang='lat' dir='ltr'><strong>inconsultus</strong></span> <span class='ocrx_word' id='word_1_37' title='bbox 986 1025 1181 1096; x_wconf 84' lang='lat' dir='ltr'><strong>potius</strong></span> <span class='ocrx_word' id='word_1_38' title='bbox 1213 1033 1451 1082; x_wconf 84' lang='lat' dir='ltr'><strong>novator</strong></span> <span class='ocrx_word' id='word_1_39' title='bbox 1480 1042 1673 1083; x_wconf 89' lang='lat' dir='ltr'><strong>rerum</strong></span> <span class='ocrx_word' id='word_1_40' title='bbox 1706 1044 1719 1082; x_wconf 86' lang='lat'><strong>:</strong></span> 
     </span>
    </p>
   </div>
   <div class='ocr_carea' id='block_1_10' title="bbox 447 1121 1626 1195">
    <p class='ocr_par' dir='ltr' id='par_1_10' title="bbox 447 1121 1626 1195">
     <span class='ocr_line' id='line_1_10' title="bbox 447 1121 1626 1195; baseline 0.004 -19"><span class='ocrx_word' id='word_1_41' title='bbox 447 1121 769 1185; x_wconf 73' lang='lat' dir='ltr'><strong>cmnacula.</strong></span> <span class='ocrx_word' id='word_1_42' title='bbox 799 1122 1028 1191; x_wconf 89' lang='lat' dir='ltr'><strong>balnea,</strong></span> <span class='ocrx_word' id='word_1_43' title='bbox 1060 1123 1263 1179; x_wconf 90' lang='lat' dir='ltr'><strong>domos</strong></span> <span class='ocrx_word' id='word_1_44' title='bbox 1294 1124 1626 1195; x_wconf 90' lang='lat' dir='ltr'><strong>splendidas</strong></span> 
     </span>
    </p>
   </div>
   <div class='ocr_carea' id='block_1_11' title="bbox 447 1208 1952 1284">
    <p class='ocr_par' dir='ltr' id='par_1_11' title="bbox 447 1208 1952 1284">
     <span class='ocr_line' id='line_1_11' title="bbox 447 1208 1952 1284; baseline 0.004 -21"><span class='ocrx_word' id='word_1_45' title='bbox 447 1208 725 1275; x_wconf 75' lang='lat' dir='ltr'><strong>fundans,</strong></span> <span class='ocrx_word' id='word_1_46' title='bbox 756 1208 1054 1265; x_wconf 65' lang='lat' dir='ltr'><strong>aadilicans</strong></span> <span class='ocrx_word' id='word_1_47' title='bbox 1087 1215 1551 1284; x_wconf 89' lang='lat' dir='ltr'><strong>sumptuoseque</strong></span> <span class='ocrx_word' id='word_1_48' title='bbox 1582 1212 1952 1280; x_wconf 82' lang='lat' dir='ltr'><strong>instaurans;</strong></span> 
     </span>
    </p>
   </div>
   <div class='ocr_carea' id='block_1_12' title="bbox 446 1296 1722 1373">
    <p class='ocr_par' dir='ltr' id='par_1_12' title="bbox 446 1296 1722 1373">
     <span class='ocr_line' id='line_1_12' title="bbox 446 1296 1722 1373; baseline 0.004 -19"><span class='ocrx_word' id='word_1_49' title='bbox 446 1300 671 1355; x_wconf 89' lang='lat' dir='ltr'><strong>statuta</strong></span> <span class='ocrx_word' id='word_1_50' title='bbox 699 1296 968 1354; x_wconf 78' lang='lat' dir='ltr'><strong>Ecclesiaa</strong></span> <span class='ocrx_word' id='word_1_51' title='bbox 998 1298 1305 1368; x_wconf 86' lang='lat' dir='ltr'><strong>innovans,</strong></span> <span class='ocrx_word' id='word_1_52' title='bbox 1336 1302 1722 1373; x_wconf 84' lang='lat' dir='ltr'><strong>perturbans;</strong></span> 
     </span>
    </p>
   </div>
   <div class='ocr_carea' id='block_1_13' title="bbox 454 1387 1565 1462">
    <p class='ocr_par' dir='ltr' id='par_1_13' title="bbox 454 1387 1565 1462">
     <span class='ocr_line' id='line_1_13' title="bbox 454 1387 1565 1462; baseline 0.004 -19"><span class='ocrx_word' id='word_1_53' title='bbox 454 1392 720 1462; x_wconf 89' lang='lat' dir='ltr'><strong>pastores</strong></span> <span class='ocrx_word' id='word_1_54' title='bbox 752 1387 897 1443; x_wconf 90' lang='lat' dir='ltr'><strong>alios</strong></span> <span class='ocrx_word' id='word_1_55' title='bbox 928 1388 987 1443; x_wconf 90' lang='lat' dir='ltr'><strong>in</strong></span> <span class='ocrx_word' id='word_1_56' title='bbox 1014 1390 1150 1444; x_wconf 89' lang='lat' dir='ltr'><strong>sede</strong></span> <span class='ocrx_word' id='word_1_57' title='bbox 1178 1392 1565 1462; x_wconf 89' lang='lat' dir='ltr'><strong>constituens,</strong></span> 
     </span>
    </p>
   </div>
   <div class='ocr_carea' id='block_1_14' title="bbox 452 1475 1669 1548">
    <p class='ocr_par' dir='ltr' id='par_1_14' title="bbox 452 1475 1669 1548">
     <span class='ocr_line' id='line_1_14' title="bbox 452 1475 1669 1548; baseline 0.004 -15"><span class='ocrx_word' id='word_1_58' title='bbox 452 1476 601 1533; x_wconf 88' lang='lat' dir='ltr'><strong>alios</strong></span> <span class='ocrx_word' id='word_1_59' title='bbox 630 1492 733 1548; x_wconf 92' lang='lat' dir='ltr'><strong>per</strong></span> <span class='ocrx_word' id='word_1_60' title='bbox 761 1475 953 1532; x_wconf 90' lang='lat' dir='ltr'><strong>solum</strong></span> <span class='ocrx_word' id='word_1_61' title='bbox 986 1477 1306 1533; x_wconf 90' lang='lat' dir='ltr'><strong>deturbans</strong></span> <span class='ocrx_word' id='word_1_62' title='bbox 1338 1479 1669 1539; x_wconf 85' lang='lat' dir='ltr'><strong>arbitrium.</strong></span> 
     </span>
    </p>
   </div>
   <div class='ocr_carea' id='block_1_15' title="bbox 452 1567 1807 1641">
    <p class='ocr_par' dir='ltr' id='par_1_15' title="bbox 452 1567 1807 1641">
     <span class='ocr_line' id='line_1_15' title="bbox 452 1567 1807 1641; baseline 0.001 -18"><span class='ocrx_word' id='word_1_63' title='bbox 452 1568 538 1623; x_wconf 81' lang='lat' dir='ltr'><strong>Ad</strong></span> <span class='ocrx_word' id='word_1_64' title='bbox 569 1567 726 1622; x_wconf 91' lang='lat' dir='ltr'><strong>hunc</strong></span> <span class='ocrx_word' id='word_1_65' title='bbox 756 1570 1097 1638; x_wconf 83' lang='lat' dir='ltr'><strong>regnantem</strong></span> <span class='ocrx_word' id='word_1_66' title='bbox 1124 1573 1519 1625; x_wconf 89' lang='lat' dir='ltr'><strong>convenerunt</strong></span> <span class='ocrx_word' id='word_1_67' title='bbox 1549 1570 1807 1641; x_wconf 89' lang='lat' dir='ltr'><strong>undique</strong></span> 
     </span>
    </p>
   </div>
   <div class='ocr_carea' id='block_1_16' title="bbox 456 1654 1607 1713">
    <p class='ocr_par' dir='ltr' id='par_1_16' title="bbox 456 1654 1607 1713">
     <span class='ocr_line' id='line_1_16' title="bbox 456 1654 1607 1713; baseline 0.001 -1"><span class='ocrx_word' id='word_1_68' title='bbox 456 1655 697 1712; x_wconf 82' lang='lat' dir='ltr'><strong>fortium</strong></span> <span class='ocrx_word' id='word_1_69' title='bbox 728 1654 988 1711; x_wconf 86' lang='lat' dir='ltr'><strong>virorum</strong></span> <span class='ocrx_word' id='word_1_70' title='bbox 1018 1655 1337 1712; x_wconf 64' lang='lat' dir='ltr'><strong>innumerae</strong></span> <span class='ocrx_word' id='word_1_71' title='bbox 1368 1662 1607 1713; x_wconf 74' lang='lat' dir='ltr'><strong>catervae</strong></span> 
     </span>
    </p>
   </div>
   <div class='ocr_carea' id='block_1_17' title="bbox 456 1744 1585 1817">
    <p class='ocr_par' dir='ltr' id='par_1_17' title="bbox 456 1744 1585 1817">
     <span class='ocr_line' id='line_1_17' title="bbox 456 1744 1585 1817; baseline 0.002 -17"><span class='ocrx_word' id='word_1_72' title='bbox 456 1760 525 1800; x_wconf 89' lang='lat' dir='ltr'><strong>ex</strong></span> <span class='ocrx_word' id='word_1_73' title='bbox 555 1744 804 1800; x_wconf 87' lang='lat' dir='ltr'><strong>urbibus</strong></span> <span class='ocrx_word' id='word_1_74' title='bbox 835 1744 1112 1801; x_wconf 81' lang='lat' dir='ltr'><strong>Romanis</strong></span> <span class='ocrx_word' id='word_1_75' title='bbox 1139 1744 1385 1817; x_wconf 89' lang='lat' dir='ltr'><strong>aliisque</strong></span> <span class='ocrx_word' id='word_1_76' title='bbox 1415 1748 1585 1802; x_wconf 91' lang='lat' dir='ltr'><strong>terris</strong></span> 
     </span>
    </p>
   </div>
   <div class='ocr_carea' id='block_1_18' title="bbox 2370 485 3427 566">
    <p class='ocr_par' dir='ltr' id='par_1_18' title="bbox 2370 485 3427 566">
     <span class='ocr_line' id='line_1_18' title="bbox 2370 485 3427 566; baseline -0.004 -21"><span class='ocrx_word' id='word_1_77' title='bbox 2370 488 2693 566; x_wconf 79' lang='grc' dir='ltr'>Ὠσφραίνετ’</span> <span class='ocrx_word' id='word_1_78' title='bbox 2725 488 2805 543; x_wconf 84' lang='grc' dir='ltr'><strong>ἀεὶ</strong></span> <span class='ocrx_word' id='word_1_79' title='bbox 2835 488 2923 542; x_wconf 81' lang='grc' dir='ltr'><strong>καὶ</strong></span> <span class='ocrx_word' id='word_1_80' title='bbox 2962 489 3144 560; x_wconf 88' lang='grc' dir='ltr'>μύρων</span> <span class='ocrx_word' id='word_1_81' title='bbox 3178 485 3427 560; x_wconf 82' lang='grc' dir='ltr'>εύωδίας,</span> 
     </span>
    </p>
   </div>
   <div class='ocr_carea' id='block_1_19' title="bbox 2366 575 3458 656">
    <p class='ocr_par' dir='ltr' id='par_1_19' title="bbox 2366 575 3458 656">
     <span class='ocr_line' id='line_1_19' title="bbox 2366 575 3458 656; baseline -0.002 -23"><span class='ocrx_word' id='word_1_82' title='bbox 2366 578 2463 633; x_wconf 80' lang='grc' dir='ltr'>Καὶ</span> <span class='ocrx_word' id='word_1_83' title='bbox 2497 575 2799 656; x_wconf 73' lang='grc' dir='ltr'>φιλόκαλος</span> <span class='ocrx_word' id='word_1_84' title='bbox 2828 577 2903 639; x_wconf 84' lang='grc' dir='ltr'>ὡς</span> <span class='ocrx_word' id='word_1_85' title='bbox 2933 576 3077 630; x_wconf 84' lang='grc' dir='ltr'>ταὼν</span> <span class='ocrx_word' id='word_1_86' title='bbox 3107 576 3196 630; x_wconf 75' lang='grc' dir='ltr'>καί</span> <span class='ocrx_word' id='word_1_87' title='bbox 3228 577 3458 653; x_wconf 70' lang='grc' dir='ltr'>νυμφίος</span> 
     </span>
    </p>
   </div>
   <div class='ocr_carea' id='block_1_20' title="bbox 2366 661 3401 740">
    <p class='ocr_par' dir='ltr' id='par_1_20' title="bbox 2366 661 3401 740">
     <span class='ocr_line' id='line_1_20' title="bbox 2366 661 3401 740; baseline -0.004 -18"><span class='ocrx_word' id='word_1_88' title='bbox 2366 667 2476 723; x_wconf 84' lang='grc' dir='ltr'>Ἀεῖ</span> <span class='ocrx_word' id='word_1_89' title='bbox 2507 666 2702 740; x_wconf 71' lang='grc' dir='ltr'>προῄει</span> <span class='ocrx_word' id='word_1_90' title='bbox 2733 668 2840 718; x_wconf 89' lang='grc' dir='ltr'><strong>τῶν</strong></span> <span class='ocrx_word' id='word_1_91' title='bbox 2872 661 3162 739; x_wconf 84' lang='grc' dir='ltr'>βασιλείων</span> <span class='ocrx_word' id='word_1_92' title='bbox 3197 662 3401 737; x_wconf 83' lang='grc' dir='ltr'>δόμων’</span> 
     </span>
    </p>
   </div>
   <div class='ocr_carea' id='block_1_21' title="bbox 2189 750 3549 830">
    <p class='ocr_par' dir='ltr' id='par_1_21' title="bbox 2189 750 3549 830">
     <span class='ocr_line' id='line_1_21' title="bbox 2189 750 3549 830; baseline -0.004 -20"><span class='ocrx_word' id='word_1_93' title='bbox 2189 756 2331 811; x_wconf 90' lang='grc'>5670</span> <span class='ocrx_word' id='word_1_94' title='bbox 2369 754 2620 830; x_wconf 78' lang='grc' dir='ltr'>Ὀργίλος</span> <span class='ocrx_word' id='word_1_95' title='bbox 2646 755 2711 822; x_wconf 74' lang='grc' dir='ltr'><strong>ἦν</strong></span> <span class='ocrx_word' id='word_1_96' title='bbox 2743 774 2824 814; x_wconf 91' lang='grc' dir='ltr'><strong>τις</strong></span> <span class='ocrx_word' id='word_1_97' title='bbox 2856 753 2943 807; x_wconf 80' lang='grc' dir='ltr'><strong>καὶ</strong></span> <span class='ocrx_word' id='word_1_98' title='bbox 2973 753 3130 825; x_wconf 76' lang='grc' dir='ltr'>θυμῷ</span> <span class='ocrx_word' id='word_1_99' title='bbox 3154 750 3320 808; x_wconf 71' lang='grc' dir='ltr'>πλέον</span> <span class='ocrx_word' id='word_1_100' title='bbox 3350 755 3549 826; x_wconf 71' lang='grc' dir='ltr'>νέμων·</span> 
     </span>
    </p>
   </div>
   <div class='ocr_carea' id='block_1_22' title="bbox 2369 841 3532 918">
    <p class='ocr_par' dir='ltr' id='par_1_22' title="bbox 2369 841 3532 918">
     <span class='ocr_line' id='line_1_22' title="bbox 2369 841 3532 918; baseline -0.003 -19"><span class='ocrx_word' id='word_1_101' title='bbox 2369 841 2522 911; x_wconf 76' lang='grc' dir='ltr'><strong>Πλὴν</strong></span> <span class='ocrx_word' id='word_1_102' title='bbox 2552 842 2667 918; x_wconf 71' lang='grc' dir='ltr'>εἶχε</span> <span class='ocrx_word' id='word_1_103' title='bbox 2688 842 2858 915; x_wconf 88' lang='grc' dir='ltr'>θυμὸν</span> <span class='ocrx_word' id='word_1_104' title='bbox 2894 842 3162 914; x_wconf 77' lang='grc' dir='ltr'><strong>συμπαθεῖ</strong></span> <span class='ocrx_word' id='word_1_105' title='bbox 3182 841 3532 916; x_wconf 66' lang='grc' dir='ltr'>κεκραμένον·</span> 
     </span>
    </p>
   </div>
   <div class='ocr_carea' id='block_1_23' title="bbox 2368 927 3481 1006">
    <p class='ocr_par' dir='ltr' id='par_1_23' title="bbox 2368 927 3481 1006">
     <span class='ocr_line' id='line_1_23' title="bbox 2368 927 3481 1006; baseline -0.003 -20"><span class='ocrx_word' id='word_1_106' title='bbox 2368 931 2444 988; x_wconf 76' lang='grc' dir='ltr'><strong>Οὐ</strong></span> <span class='ocrx_word' id='word_1_107' title='bbox 2477 928 2675 985; x_wconf 79' lang='grc' dir='ltr'>διὲπων</span> <span class='ocrx_word' id='word_1_108' title='bbox 2705 927 2972 985; x_wconf 87' lang='grc' dir='ltr'>κάλλιστα</span> <span class='ocrx_word' id='word_1_109' title='bbox 2994 931 3091 997; x_wconf 75' lang='grc' dir='ltr'>τήν</span> <span class='ocrx_word' id='word_1_110' title='bbox 3122 929 3481 1006; x_wconf 75' lang='grc' dir='ltr'><strong>κραταρχίαν⁸</strong></span> 
     </span>
    </p>
   </div>
   <div class='ocr_carea' id='block_1_24' title="bbox 2370 1018 3617 1096">
    <p class='ocr_par' dir='ltr' id='par_1_24' title="bbox 2370 1018 3617 1096">
     <span class='ocr_line' id='line_1_24' title="bbox 2370 1018 3617 1096; baseline 0.001 -22"><span class='ocrx_word' id='word_1_111' title='bbox 2370 1020 2703 1096; x_wconf 88' lang='grc' dir='ltr'>Καινουργὸς</span> <span class='ocrx_word' id='word_1_112' title='bbox 2734 1021 2872 1088; x_wconf 79' lang='grc' dir='ltr'>ὑπῆν</span> <span class='ocrx_word' id='word_1_113' title='bbox 2904 1018 3233 1094; x_wconf 79' lang='grc' dir='ltr'><strong>πραγμάτων</strong></span> <span class='ocrx_word' id='word_1_114' title='bbox 3265 1018 3617 1094; x_wconf 83' lang='grc' dir='ltr'><strong>παραλόγων.</strong></span> 
     </span>
    </p>
   </div>
   <div class='ocr_carea' id='block_1_25' title="bbox 2367 1104 3687 1182">
    <p class='ocr_par' dir='ltr' id='par_1_25' title="bbox 2367 1104 3687 1182">
     <span class='ocr_line' id='line_1_25' title="bbox 2367 1104 3687 1182; baseline -0.002 -18"><span class='ocrx_word' id='word_1_115' title='bbox 2367 1108 2601 1182; x_wconf 83' lang='grc' dir='ltr'>Αουτρά,</span> <span class='ocrx_word' id='word_1_116' title='bbox 2637 1106 2930 1178; x_wconf 72' lang='grc' dir='ltr'><strong>διαιτήσεις</strong></span> <span class='ocrx_word' id='word_1_117' title='bbox 2959 1128 3018 1162; x_wconf 89' lang='grc' dir='ltr'><strong>τε</strong></span> <span class='ocrx_word' id='word_1_118' title='bbox 3044 1110 3133 1161; x_wconf 77' lang='grc' dir='ltr'><strong>καὶ</strong></span> <span class='ocrx_word' id='word_1_119' title='bbox 3164 1106 3451 1182; x_wconf 75' lang='grc' dir='ltr'>λαμπροὺς</span> <span class='ocrx_word' id='word_1_120' title='bbox 3485 1104 3687 1181; x_wconf 79' lang='grc' dir='ltr'>δόμους</span> 
     </span>
    </p>
   </div>
   <div class='ocr_carea' id='block_1_26' title="bbox 2192 1204 3559 1278">
    <p class='ocr_par' dir='ltr' id='par_1_26' title="bbox 2192 1204 3559 1278">
     <span class='ocr_line' id='line_1_26' title="bbox 2192 1204 3559 1278; baseline -0.002 -16"><span class='ocrx_word' id='word_1_121' title='bbox 2192 1208 2335 1263; x_wconf 88' lang='grc'>5675</span> <span class='ocrx_word' id='word_1_122' title='bbox 2374 1204 2750 1278; x_wconf 81' lang='grc' dir='ltr'>Δομούμενος,</span> <span class='ocrx_word' id='word_1_123' title='bbox 2782 1205 2977 1274; x_wconf 80' lang='grc' dir='ltr'>κτίζων</span> <span class='ocrx_word' id='word_1_124' title='bbox 3007 1225 3065 1259; x_wconf 87' lang='grc' dir='ltr'><strong>τε</strong></span> <span class='ocrx_word' id='word_1_125' title='bbox 3093 1204 3343 1273; x_wconf 81' lang='grc' dir='ltr'>καινίζων</span> <span class='ocrx_word' id='word_1_126' title='bbox 3379 1204 3559 1275; x_wconf 73' lang='grc' dir='ltr'><strong>ξένως·</strong></span> 
     </span>
    </p>
   </div>
   <div class='ocr_carea' id='block_1_27' title="bbox 2368 1288 3519 1368">
    <p class='ocr_par' dir='ltr' id='par_1_27' title="bbox 2368 1288 3519 1368">
     <span class='ocr_line' id='line_1_27' title="bbox 2368 1288 3519 1368; baseline -0.003 -18"><span class='ocrx_word' id='word_1_127' title='bbox 2368 1292 2698 1364; x_wconf 80' lang='grc' dir='ltr'>Ἐκκλησίας</span> <span class='ocrx_word' id='word_1_128' title='bbox 2728 1288 2891 1367; x_wconf 78' lang='grc' dir='ltr'>ἔθιμα</span> <span class='ocrx_word' id='word_1_129' title='bbox 2916 1296 3281 1368; x_wconf 82' lang='grc' dir='ltr'>καινουργῶν,</span> <span class='ocrx_word' id='word_1_130' title='bbox 3314 1291 3519 1367; x_wconf 73' lang='grc' dir='ltr'>φύρων,</span> 
     </span>
    </p>
   </div>
   <div class='ocr_carea' id='block_1_28' title="bbox 2372 1380 3656 1456">
    <p class='ocr_par' dir='ltr' id='par_1_28' title="bbox 2372 1380 3656 1456">
     <span class='ocr_line' id='line_1_28' title="bbox 2372 1380 3656 1456; baseline -0.003 -18"><span class='ocrx_word' id='word_1_131' title='bbox 2372 1384 2469 1439; x_wconf 81' lang='lat' dir='ltr'><strong>&quot;Ov</strong></span> <span class='ocrx_word' id='word_1_132' title='bbox 2507 1383 2603 1454; x_wconf 78' lang='grc' dir='ltr'><strong>μὶν</strong></span> <span class='ocrx_word' id='word_1_133' title='bbox 2632 1381 2887 1446; x_wconf 78' lang='grc' dir='ltr'>καθιστὰς</span> <span class='ocrx_word' id='word_1_134' title='bbox 2914 1385 3303 1456; x_wconf 83' lang='grc' dir='ltr'>ποιμεναρχῶν</span> <span class='ocrx_word' id='word_1_135' title='bbox 3334 1380 3412 1443; x_wconf 71' lang='grc' dir='ltr'><strong>εἲς</strong></span> <span class='ocrx_word' id='word_1_136' title='bbox 3442 1382 3656 1454; x_wconf 78' lang='grc' dir='ltr'>θρόνον,</span> 
     </span>
    </p>
   </div>
   <div class='ocr_carea' id='block_1_29' title="bbox 2374 1466 3532 1545">
    <p class='ocr_par' dir='ltr' id='par_1_29' title="bbox 2374 1466 3532 1545">
     <span class='ocr_line' id='line_1_29' title="bbox 2374 1466 3532 1545; baseline 0 -22"><span class='ocrx_word' id='word_1_137' title='bbox 2374 1475 2466 1525; x_wconf 86' lang='lat' dir='ltr'><strong>&quot;0v</strong></span> <span class='ocrx_word' id='word_1_138' title='bbox 2500 1468 2546 1525; x_wconf 85' lang='grc' dir='ltr'>δ’</span> <span class='ocrx_word' id='word_1_139' title='bbox 2578 1470 2777 1545; x_wconf 79' lang='grc' dir='ltr'>ἐξάγων</span> <span class='ocrx_word' id='word_1_140' title='bbox 2811 1468 2875 1523; x_wconf 79' lang='grc' dir='ltr'>αὗ</span> <span class='ocrx_word' id='word_1_141' title='bbox 2905 1471 2993 1524; x_wconf 85' lang='grc' dir='ltr'><strong>καὶ</strong></span> <span class='ocrx_word' id='word_1_142' title='bbox 3028 1466 3169 1542; x_wconf 79' lang='grc' dir='ltr'><strong>μὸνῇ</strong></span> <span class='ocrx_word' id='word_1_143' title='bbox 3201 1471 3532 1544; x_wconf 71' lang='grc' dir='ltr'>προαιρέσει.</span> 
     </span>
    </p>
   </div>
   <div class='ocr_carea' id='block_1_30' title="bbox 2370 1559 3545 1633">
    <p class='ocr_par' dir='ltr' id='par_1_30' title="bbox 2370 1559 3545 1633">
     <span class='ocr_line' id='line_1_30' title="bbox 2370 1559 3545 1633; baseline -0.002 -19"><span class='ocrx_word' id='word_1_144' title='bbox 2370 1559 2556 1631; x_wconf 78' lang='grc' dir='ltr'>Τούτῳ</span> <span class='ocrx_word' id='word_1_145' title='bbox 2586 1566 2863 1633; x_wconf 74' lang='grc' dir='ltr'>προσῆλθε</span> <span class='ocrx_word' id='word_1_146' title='bbox 2891 1562 2987 1613; x_wconf 78' lang='grc' dir='ltr'>τοῦ</span> <span class='ocrx_word' id='word_1_147' title='bbox 3012 1560 3239 1633; x_wconf 79' lang='grc' dir='ltr'>κράτους</span> <span class='ocrx_word' id='word_1_148' title='bbox 3269 1559 3545 1632; x_wconf 87' lang='grc' dir='ltr'>τετευχότι</span> 
     </span>
    </p>
   </div>
   <div class='ocr_carea' id='block_1_31' title="bbox 2194 1646 3545 1724">
    <p class='ocr_par' dir='ltr' id='par_1_31' title="bbox 2194 1646 3545 1724">
     <span class='ocr_line' id='line_1_31' title="bbox 2194 1646 3545 1724; baseline -0.004 -17"><span class='ocrx_word' id='word_1_149' title='bbox 2194 1651 2336 1707; x_wconf 87' lang='grc'>5680</span> <span class='ocrx_word' id='word_1_150' title='bbox 2376 1646 2610 1722; x_wconf 77' lang='grc' dir='ltr'>Ἀνδρῶν</span> <span class='ocrx_word' id='word_1_151' title='bbox 2644 1647 3037 1721; x_wconf 86' lang='grc' dir='ltr'>ἀπειράριθμον</span> <span class='ocrx_word' id='word_1_152' title='bbox 3068 1646 3326 1709; x_wconf 78' lang='grc' dir='ltr'>εὖσθενῶν</span> <span class='ocrx_word' id='word_1_153' title='bbox 3361 1668 3545 1724; x_wconf 68' lang='grc' dir='ltr'>στιφος</span> 
     </span>
    </p>
   </div>
   <div class='ocr_carea' id='block_1_32' title="bbox 2375 1733 3420 1809">
    <p class='ocr_par' dir='ltr' id='par_1_32' title="bbox 2375 1733 3420 1809">
     <span class='ocr_line' id='line_1_32' title="bbox 2375 1733 3420 1809; baseline -0.005 -16"><span class='ocrx_word' id='word_1_154' title='bbox 2375 1739 2470 1793; x_wconf 86' lang='grc' dir='ltr'>Ἐκ</span> <span class='ocrx_word' id='word_1_155' title='bbox 2498 1738 2819 1808; x_wconf 78' lang='grc' dir='ltr'><strong>Ῥωμαϊκῶν</strong></span> <span class='ocrx_word' id='word_1_156' title='bbox 2852 1733 3049 1789; x_wconf 72' lang='grc' dir='ltr'>ἀστέων</span> <span class='ocrx_word' id='word_1_157' title='bbox 3082 1733 3420 1809; x_wconf 78' lang='grc' dir='ltr'>πανταχόθεν</span> 
     </span>
    </p>
   </div>
   <div class='ocr_carea' id='block_1_33' title="bbox 3717 360 3825 416">
    <p class='ocr_par' dir='ltr' id='par_1_33' title="bbox 3717 360 3825 416">
     <span class='ocr_line' id='line_1_33' title="bbox 3717 360 3825 416; baseline -0.019 0"><span class='ocrx_word' id='word_1_158' title='bbox 3717 360 3825 416; x_wconf 82' lang='grc'>216</span> 
     </span>
    </p>
   </div>
   <div class='ocr_carea' id='block_1_34' title="bbox 455 1820 2089 1903">
    <p class='ocr_par' dir='ltr' id='par_1_34' title="bbox 455 1831 1571 1891">
     <span class='ocr_line' id='line_1_34' title="bbox 455 1831 1571 1891; baseline 0.002 -3"><span class='ocrx_word' id='word_1_159' title='bbox 455 1838 583 1889; x_wconf 89' lang='lat' dir='ltr'><strong>tum</strong></span> <span class='ocrx_word' id='word_1_160' title='bbox 614 1831 914 1890; x_wconf 86' lang='lat' dir='ltr'><strong>orientalis</strong></span> <span class='ocrx_word' id='word_1_161' title='bbox 948 1833 1104 1888; x_wconf 84' lang='lat' dir='ltr'><strong>orbis</strong></span> <span class='ocrx_word' id='word_1_162' title='bbox 1137 1838 1263 1889; x_wconf 91' lang='lat' dir='ltr'><strong>tum</strong></span> <span class='ocrx_word' id='word_1_163' title='bbox 1297 1834 1523 1891; x_wconf 91' lang='lat' dir='ltr'><strong>occidui</strong></span> <span class='ocrx_word' id='word_1_164' title='bbox 1558 1850 1571 1890; x_wconf 94' lang='lat'><strong>:</strong></span> 
     </span>
    </p>
   </div>
   <div class='ocr_carea' id='block_1_35' title="bbox 1913 1820 3547 1903">
    <p class='ocr_par' dir='ltr' id='par_1_35' title="bbox 2127 1820 3547 1903">
     <span class='ocr_line' id='line_1_35' title="bbox 2127 1820 3547 1903; baseline -0.002 -23"><span class='ocrx_word' id='word_1_165' title='bbox 2127 1838 2172 1903; x_wconf 82' lang='lat' dir='ltr'><strong>B</strong></span> <span class='ocrx_word' id='word_1_166' title='bbox 2383 1826 2591 1900; x_wconf 89' lang='grc' dir='ltr'>Χώρων</span> <span class='ocrx_word' id='word_1_167' title='bbox 2621 1844 2678 1877; x_wconf 86' lang='grc' dir='ltr'><strong>τε</strong></span> <span class='ocrx_word' id='word_1_168' title='bbox 2708 1822 2917 1877; x_wconf 81' lang='grc' dir='ltr'>λοιπῶν</span> <span class='ocrx_word' id='word_1_169' title='bbox 2947 1830 3045 1892; x_wconf 86' lang='grc' dir='ltr'><strong>τῆς</strong></span> <span class='ocrx_word' id='word_1_170' title='bbox 3071 1820 3144 1877; x_wconf 70' lang='grc' dir='ltr'><strong>ἕω</strong></span> <span class='ocrx_word' id='word_1_171' title='bbox 3168 1830 3270 1892; x_wconf 82' lang='grc' dir='ltr'><strong>τῆς</strong></span> <span class='ocrx_word' id='word_1_172' title='bbox 3301 1824 3547 1899; x_wconf 73' lang='grc' dir='ltr'>ἑσπέρας,</span> 
     </span>
    </p>
   </div>
   <div class='ocr_carea' id='block_1_36' title="bbox 455 1908 2089 2004">
    <p class='ocr_par' dir='ltr' id='par_1_36' title="bbox 455 1931 1770 2004">
     <span class='ocr_line' id='line_1_36' title="bbox 455 1931 1770 2004; baseline 0.002 -18"><span class='ocrx_word' id='word_1_173' title='bbox 455 1946 486 1986; x_wconf 91' lang='lat' dir='ltr'><strong>e</strong></span> <span class='ocrx_word' id='word_1_174' title='bbox 516 1931 733 2004; x_wconf 87' lang='lat' dir='ltr'><strong>quibus</strong></span> <span class='ocrx_word' id='word_1_175' title='bbox 756 1931 987 2001; x_wconf 84' lang='lat' dir='ltr'><strong>justum</strong></span> <span class='ocrx_word' id='word_1_176' title='bbox 1021 1931 1398 1987; x_wconf 88' lang='lat' dir='ltr'><strong>conscribens</strong></span> <span class='ocrx_word' id='word_1_177' title='bbox 1428 1933 1770 1999; x_wconf 83' lang='lat' dir='ltr'><strong>exercitum,</strong></span> 
     </span>
    </p>
   </div>
   <div class='ocr_carea' id='block_1_37' title="bbox 1805 1908 3439 2004">
    <p class='ocr_par' dir='ltr' id='par_1_37' title="bbox 2386 1908 3439 1986">
     <span class='ocr_line' id='line_1_37' title="bbox 2386 1908 3439 1986; baseline -0.002 -19"><span class='ocrx_word' id='word_1_178' title='bbox 2386 1912 2490 1974; x_wconf 78' lang='grc' dir='ltr'><strong>Οὓς</strong></span> <span class='ocrx_word' id='word_1_179' title='bbox 2524 1911 2596 1973; x_wconf 75' lang='grc' dir='ltr'>εἷς</span> <span class='ocrx_word' id='word_1_180' title='bbox 2626 1912 2872 1986; x_wconf 86' lang='grc' dir='ltr'>στρατιὰν</span> <span class='ocrx_word' id='word_1_181' title='bbox 2906 1910 3169 1981; x_wconf 80' lang='grc' dir='ltr'>ἀποτάξας</span> <span class='ocrx_word' id='word_1_182' title='bbox 3196 1912 3271 1972; x_wconf 84' lang='grc' dir='ltr'>ὡς</span> <span class='ocrx_word' id='word_1_183' title='bbox 3299 1908 3439 1983; x_wconf 83' lang='grc' dir='ltr'>δέον,</span> 
     </span>
    </p>
   </div>
   <div class='ocr_carea' id='block_1_38' title="bbox 452 1997 2086 2090">
    <p class='ocr_par' dir='ltr' id='par_1_38' title="bbox 452 2019 1547 2090">
     <span class='ocr_line' id='line_1_38' title="bbox 452 2019 1547 2090; baseline 0 -15"><span class='ocrx_word' id='word_1_184' title='bbox 452 2019 860 2077; x_wconf 85' lang='lat' dir='ltr'><strong>adnumeravit</strong></span> <span class='ocrx_word' id='word_1_185' title='bbox 887 2019 1166 2074; x_wconf 87' lang='lat' dir='ltr'><strong>Romanis</strong></span> <span class='ocrx_word' id='word_1_186' title='bbox 1199 2020 1547 2090; x_wconf 87' lang='lat' dir='ltr'><strong>legionibus.</strong></span> 
     </span>
    </p>
   </div>
   <div class='ocr_carea' id='block_1_39' title="bbox 1774 1997 3408 2090">
    <p class='ocr_par' dir='ltr' id='par_1_39' title="bbox 2380 1997 3408 2074">
     <span class='ocr_line' id='line_1_39' title="bbox 2380 1997 3408 2074; baseline -0.002 -18"><span class='ocrx_word' id='word_1_187' title='bbox 2380 2004 2711 2074; x_wconf 83' lang='grc' dir='ltr'><strong>Ῥωμαϊκοῖς</strong></span> <span class='ocrx_word' id='word_1_188' title='bbox 2739 2001 3011 2074; x_wconf 87' lang='grc' dir='ltr'>τάγμασιν</span> <span class='ocrx_word' id='word_1_189' title='bbox 3045 1997 3408 2074; x_wconf 70' lang='grc' dir='ltr'>ἱγκαταλὲγει·</span> 
     </span>
    </p>
   </div>
   <div class='ocr_carea' id='block_1_40' title="bbox 453 2087 2087 2181">
    <p class='ocr_par' dir='ltr' id='par_1_40' title="bbox 453 2087 1741 2181">
     <span class='ocr_line' id='line_1_40' title="bbox 453 2087 1741 2181; baseline 0.002 -18"><span class='ocrx_word' id='word_1_190' title='bbox 453 2107 739 2163; x_wconf 88' lang='lat' dir='ltr'><strong>Militibus</strong></span> <span class='ocrx_word' id='word_1_191' title='bbox 768 2107 910 2178; x_wconf 90' lang='lat' dir='ltr'><strong>quin</strong></span> <span class='ocrx_word' id='word_1_192' title='bbox 940 2106 1115 2162; x_wconf 89' lang='lat' dir='ltr'><strong>etiam</strong></span> <span class='ocrx_word' id='word_1_193' title='bbox 1150 2087 1311 2163; x_wconf 70' lang='lat' dir='ltr'><strong>extra</strong></span> <span class='ocrx_word' id='word_1_194' title='bbox 1343 2109 1741 2181; x_wconf 86' lang='lat' dir='ltr'><strong>metropolim,</strong></span> 
     </span>
    </p>
   </div>
   <div class='ocr_carea' id='block_1_41' title="bbox 1894 2087 3528 2181">
    <p class='ocr_par' dir='ltr' id='par_1_41' title="bbox 2200 2087 3528 2163">
     <span class='ocr_line' id='line_1_41' title="bbox 2200 2087 3528 2163; baseline -0.004 -15"><span class='ocrx_word' id='word_1_195' title='bbox 2200 2094 2341 2148; x_wconf 86' lang='grc'>5685</span> <span class='ocrx_word' id='word_1_196' title='bbox 2379 2090 2476 2145; x_wconf 79' lang='grc' dir='ltr'><strong>Καὶ</strong></span> <span class='ocrx_word' id='word_1_197' title='bbox 2506 2094 2621 2151; x_wconf 88' lang='grc' dir='ltr'>τοῖς</span> <span class='ocrx_word' id='word_1_198' title='bbox 2655 2090 2876 2162; x_wconf 86' lang='grc' dir='ltr'>θύραθεν</span> <span class='ocrx_word' id='word_1_199' title='bbox 2904 2109 3020 2142; x_wconf 84' lang='grc' dir='ltr'>ουσι</span> <span class='ocrx_word' id='word_1_200' title='bbox 3043 2087 3334 2163; x_wconf 80' lang='grc' dir='ltr'>ταγμάτων</span> <span class='ocrx_word' id='word_1_201' title='bbox 3363 2088 3528 2144; x_wconf 91' lang='grc' dir='ltr'>πάλιν</span> 
     </span>
    </p>
   </div>
   <div class='ocr_carea' id='block_1_42' title="bbox 456 2174 2090 2270">
    <p class='ocr_par' dir='ltr' id='par_1_42' title="bbox 456 2174 1863 2270">
     <span class='ocr_line' id='line_1_42' title="bbox 456 2174 1863 2270; baseline 0.002 -18"><span class='ocrx_word' id='word_1_202' title='bbox 456 2200 521 2253; x_wconf 92' lang='lat' dir='ltr'><strong>ut</strong></span> <span class='ocrx_word' id='word_1_203' title='bbox 550 2174 965 2269; x_wconf 69' lang='lat' dir='ltr'><strong>propulsandis</strong></span> <span class='ocrx_word' id='word_1_204' title='bbox 994 2194 1267 2251; x_wconf 75' lang='lat' dir='ltr'><strong>hostibus</strong></span> <span class='ocrx_word' id='word_1_205' title='bbox 1300 2174 1602 2270; x_wconf 73' lang='lat' dir='ltr'><strong>promptos</strong></span> <span class='ocrx_word' id='word_1_206' title='bbox 1636 2174 1863 2267; x_wconf 82' lang='lat' dir='ltr'><strong>faceret,</strong></span> 
     </span>
    </p>
   </div>
   <div class='ocr_carea' id='block_1_43' title="bbox 1905 2174 3539 2270">
    <p class='ocr_par' dir='ltr' id='par_1_43' title="bbox 2380 2174 3539 2254">
     <span class='ocr_line' id='line_1_43' title="bbox 2380 2174 3539 2254; baseline -0.005 -17"><span class='ocrx_word' id='word_1_207' title='bbox 2380 2180 2622 2252; x_wconf 84' lang='grc' dir='ltr'>Ὀψώνια</span> <span class='ocrx_word' id='word_1_208' title='bbox 2653 2179 2909 2254; x_wconf 73' lang='grc' dir='ltr'>πέπομφε</span> <span class='ocrx_word' id='word_1_209' title='bbox 2938 2176 3025 2231; x_wconf 83' lang='grc' dir='ltr'><strong>καὶ</strong></span> <span class='ocrx_word' id='word_1_210' title='bbox 3055 2175 3312 2239; x_wconf 77' lang='grc' dir='ltr'>πλείστας</span> <span class='ocrx_word' id='word_1_211' title='bbox 3343 2174 3539 2247; x_wconf 84' lang='grc' dir='ltr'>δόσεις,</span> 
     </span>
    </p>
   </div>
   <div class='ocr_carea' id='block_1_44' title="bbox 456 2264 2090 2356">
    <p class='ocr_par' dir='ltr' id='par_1_44' title="bbox 456 2264 1858 2356">
     <span class='ocr_line' id='line_1_44' title="bbox 456 2264 1858 2356; baseline 0.001 -14"><span class='ocrx_word' id='word_1_212' title='bbox 456 2264 678 2342; x_wconf 71' lang='lat' dir='ltr'><strong>victum</strong></span> <span class='ocrx_word' id='word_1_213' title='bbox 704 2281 984 2340; x_wconf 80' lang='lat' dir='ltr'><strong>submisit</strong></span> <span class='ocrx_word' id='word_1_214' title='bbox 1012 2264 1636 2356; x_wconf 38' lang='lat' dir='ltr'><strong>lautaque-stipendia,</strong></span> <span class='ocrx_word' id='word_1_215' title='bbox 1850 2264 1858 2267; x_wconf 29' lang='grc'>⁷</span> 
     </span>
    </p>
   </div>
   <div class='ocr_carea' id='block_1_45' title="bbox 2104 2264 3738 2356">
    <p class='ocr_par' dir='ltr' id='par_1_45' title="bbox 2378 2264 3738 2340">
     <span class='ocr_line' id='line_1_45' title="bbox 2378 2264 3738 2340; baseline -0.003 -18"><span class='ocrx_word' id='word_1_216' title='bbox 2378 2267 2524 2340; x_wconf 86' lang='grc' dir='ltr'><strong>Ηρὸς</strong></span> <span class='ocrx_word' id='word_1_217' title='bbox 2551 2267 2648 2334; x_wconf 77' lang='grc' dir='ltr'>τήν</span> <span class='ocrx_word' id='word_1_218' title='bbox 2681 2268 2797 2320; x_wconf 89' lang='grc' dir='ltr'>κατ’</span> <span class='ocrx_word' id='word_1_219' title='bbox 2828 2264 3037 2339; x_wconf 77' lang='grc' dir='ltr'>ἐχθρῶν</span> <span class='ocrx_word' id='word_1_220' title='bbox 3070 2264 3494 2340; x_wconf 72' lang='grc' dir='ltr'>παραθαρρύνων</span> <span class='ocrx_word' id='word_1_221' title='bbox 3530 2265 3738 2339; x_wconf 77' lang='grc' dir='ltr'>μάχην,</span> 
     </span>
    </p>
   </div>
   <div class='ocr_carea' id='block_1_46' title="bbox 461 2350 2095 2445">
    <p class='ocr_par' dir='ltr' id='par_1_46' title="bbox 461 2372 1657 2445">
     <span class='ocr_line' id='line_1_46' title="bbox 461 2372 1657 2445; baseline 0.001 -16"><span class='ocrx_word' id='word_1_222' title='bbox 461 2373 589 2429; x_wconf 86' lang='lat' dir='ltr'><strong>auri</strong></span> <span class='ocrx_word' id='word_1_223' title='bbox 622 2372 901 2428; x_wconf 88' lang='lat' dir='ltr'><strong>nimirum</strong></span> <span class='ocrx_word' id='word_1_224' title='bbox 930 2388 1228 2427; x_wconf 87' lang='lat' dir='ltr'><strong>summam</strong></span> <span class='ocrx_word' id='word_1_225' title='bbox 1262 2374 1433 2443; x_wconf 85' lang='lat' dir='ltr'><strong>cujus</strong></span> <span class='ocrx_word' id='word_1_226' title='bbox 1464 2376 1657 2445; x_wconf 89' lang='lat' dir='ltr'><strong>pondo</strong></span> 
     </span>
    </p>
   </div>
   <div class='ocr_carea' id='block_1_47' title="bbox 1759 2350 3393 2445">
    <p class='ocr_par' dir='ltr' id='par_1_47' title="bbox 2383 2350 3393 2430">
     <span class='ocr_line' id='line_1_47' title="bbox 2383 2350 3393 2430; baseline -0.003 -20"><span class='ocrx_word' id='word_1_227' title='bbox 2383 2356 2715 2429; x_wconf 79' lang='grc' dir='ltr'>Κεντηνάρια</span> <span class='ocrx_word' id='word_1_228' title='bbox 2744 2353 2974 2428; x_wconf 86' lang='grc' dir='ltr'>χρυσίου</span> <span class='ocrx_word' id='word_1_229' title='bbox 3007 2350 3217 2415; x_wconf 80' lang='grc' dir='ltr'>στείλας</span> <span class='ocrx_word' id='word_1_230' title='bbox 3250 2354 3393 2430; x_wconf 67' lang='grc' dir='ltr'>σφίσι</span> 
     </span>
    </p>
   </div>
   <div class='ocr_carea' id='block_1_48' title="bbox 462 2440 2096 2534">
    <p class='ocr_par' dir='ltr' id='par_1_48' title="bbox 462 2440 1780 2534">
     <span class='ocr_line' id='line_1_48' title="bbox 462 2440 1780 2534; baseline 0.002 -17"><span class='ocrx_word' id='word_1_231' title='bbox 462 2461 554 2533; x_wconf 90' lang='lat' dir='ltr'><strong>pol</strong></span> <span class='ocrx_word' id='word_1_232' title='bbox 588 2461 954 2517; x_wconf 80' lang='lat' dir='ltr'><strong>centenarias</strong></span> <span class='ocrx_word' id='word_1_233' title='bbox 985 2440 1377 2532; x_wconf 66' lang='lat' dir='ltr'><strong>quadraginta</strong></span> <span class='ocrx_word' id='word_1_234' title='bbox 1406 2440 1780 2534; x_wconf 76' lang='lat' dir='ltr'><strong>appenderet.</strong></span> 
     </span>
    </p>
   </div>
   <div class='ocr_carea' id='block_1_49' title="bbox 1825 2440 3459 2534">
    <p class='ocr_par' dir='ltr' id='par_1_49' title="bbox 2385 2440 3459 2516">
     <span class='ocr_line' id='line_1_49' title="bbox 2385 2440 3459 2516; baseline -0.001 -17"><span class='ocrx_word' id='word_1_235' title='bbox 2385 2444 2703 2516; x_wconf 82' lang='grc' dir='ltr'>Ποσούμενα</span> <span class='ocrx_word' id='word_1_236' title='bbox 2734 2442 3011 2514; x_wconf 76' lang='grc' dir='ltr'>ξύμπαντα</span> <span class='ocrx_word' id='word_1_237' title='bbox 3034 2442 3279 2514; x_wconf 83' lang='grc' dir='ltr'>τετράκις</span> <span class='ocrx_word' id='word_1_238' title='bbox 3313 2440 3459 2499; x_wconf 73' lang='grc' dir='ltr'>δέκα.</span> 
     </span>
    </p>
   </div>
   <div class='ocr_carea' id='block_1_50' title="bbox 462 2548 1822 2620">
    <p class='ocr_par' dir='ltr' id='par_1_50' title="bbox 462 2548 1822 2620">
     <span class='ocr_line' id='line_1_50' title="bbox 462 2548 1822 2620; baseline 0.004 -17"><span class='ocrx_word' id='word_1_239' title='bbox 462 2553 593 2603; x_wconf 88' lang='lat' dir='ltr'><strong>Jam</strong></span> <span class='ocrx_word' id='word_1_240' title='bbox 622 2564 777 2615; x_wconf 92' lang='lat' dir='ltr'><strong>vero,</strong></span> <span class='ocrx_word' id='word_1_241' title='bbox 812 2551 875 2603; x_wconf 92' lang='lat' dir='ltr'><strong>ut</strong></span> <span class='ocrx_word' id='word_1_242' title='bbox 904 2552 1055 2603; x_wconf 90' lang='lat' dir='ltr'><strong>retro</strong></span> <span class='ocrx_word' id='word_1_243' title='bbox 1084 2548 1361 2620; x_wconf 83' lang='lat' dir='ltr'><strong>diximus,</strong></span> <span class='ocrx_word' id='word_1_244' title='bbox 1394 2550 1563 2605; x_wconf 90' lang='lat' dir='ltr'><strong>miles</strong></span> <span class='ocrx_word' id='word_1_245' title='bbox 1591 2551 1822 2608; x_wconf 92' lang='lat' dir='ltr'><strong>Siculus</strong></span> 
     </span>
    </p>
   </div>
   <div class='ocr_carea' id='block_1_51' title="bbox 466 2636 1666 2694">
    <p class='ocr_par' dir='ltr' id='par_1_51' title="bbox 466 2636 1666 2694">
     <span class='ocr_line' id='line_1_51' title="bbox 466 2636 1666 2694; baseline 0.001 -1"><span class='ocrx_word' id='word_1_246' title='bbox 466 2638 760 2693; x_wconf 86' lang='lat' dir='ltr'><strong>Romanas</strong></span> <span class='ocrx_word' id='word_1_247' title='bbox 788 2636 962 2691; x_wconf 90' lang='lat' dir='ltr'><strong>urbes</strong></span> <span class='ocrx_word' id='word_1_248' title='bbox 991 2636 1234 2691; x_wconf 83' lang='lat' dir='ltr'><strong>vexabat</strong></span> <span class='ocrx_word' id='word_1_249' title='bbox 1263 2653 1620 2694; x_wconf 90' lang='lat' dir='ltr'><strong>concursans</strong></span> <span class='ocrx_word' id='word_1_250' title='bbox 1653 2657 1666 2694; x_wconf 88' lang='lat'><strong>:</strong></span> 
     </span>
    </p>
   </div>
   <div class='ocr_carea' id='block_1_52' title="bbox 464 2723 1777 2795">
    <p class='ocr_par' dir='ltr' id='par_1_52' title="bbox 464 2723 1777 2795">
     <span class='ocr_line' id='line_1_52' title="bbox 464 2723 1777 2795; baseline 0.002 -14"><span class='ocrx_word' id='word_1_251' title='bbox 464 2726 666 2781; x_wconf 85' lang='lat' dir='ltr'><strong>Serras</strong></span> <span class='ocrx_word' id='word_1_252' title='bbox 695 2737 946 2793; x_wconf 87' lang='lat' dir='ltr'><strong>orasque</strong></span> <span class='ocrx_word' id='word_1_253' title='bbox 977 2723 1305 2795; x_wconf 85' lang='lat' dir='ltr'><strong>Strymonis</strong></span> <span class='ocrx_word' id='word_1_254' title='bbox 1331 2724 1731 2783; x_wconf 90' lang='lat' dir='ltr'><strong>devastaverat</strong></span> <span class='ocrx_word' id='word_1_255' title='bbox 1764 2745 1777 2783; x_wconf 92' lang='lat'><strong>:</strong></span> 
     </span>
    </p>
   </div>
   <div class='ocr_carea' id='block_1_53' title="bbox 466 2811 1853 2887">
    <p class='ocr_par' dir='ltr' id='par_1_53' title="bbox 466 2811 1853 2887">
     <span class='ocr_line' id='line_1_53' title="bbox 466 2811 1853 2887; baseline 0.004 -19"><span class='ocrx_word' id='word_1_256' title='bbox 466 2812 670 2869; x_wconf 88' lang='lat' dir='ltr'><strong>urbem</strong></span> <span class='ocrx_word' id='word_1_257' title='bbox 702 2811 1124 2883; x_wconf 80' lang='lat' dir='ltr'><strong>Amphipolim,</strong></span> <span class='ocrx_word' id='word_1_258' title='bbox 1158 2814 1505 2885; x_wconf 86' lang='lat' dir='ltr'><strong>expugnatis</strong></span> <span class='ocrx_word' id='word_1_259' title='bbox 1539 2817 1853 2887; x_wconf 67' lang='lat' dir='ltr'><strong>moenibus,</strong></span> 
     </span>
    </p>
   </div>
   <div class='ocr_carea' id='block_1_54' title="bbox 466 2902 1663 2972">
    <p class='ocr_par' dir='ltr' id='par_1_54' title="bbox 466 2902 1663 2972">
     <span class='ocr_line' id='line_1_54' title="bbox 466 2902 1663 2972; baseline 0.003 -16"><span class='ocrx_word' id='word_1_260' title='bbox 466 2903 698 2972; x_wconf 90' lang='lat' dir='ltr'><strong>ceperat</strong></span> <span class='ocrx_word' id='word_1_261' title='bbox 727 2914 913 2972; x_wconf 90' lang='lat' dir='ltr'><strong>nuper</strong></span> <span class='ocrx_word' id='word_1_262' title='bbox 941 2916 1075 2955; x_wconf 91' lang='lat' dir='ltr'><strong>cum</strong></span> <span class='ocrx_word' id='word_1_263' title='bbox 1109 2902 1459 2972; x_wconf 90' lang='lat' dir='ltr'><strong>propinquis</strong></span> <span class='ocrx_word' id='word_1_264' title='bbox 1490 2903 1663 2971; x_wconf 90' lang='lat' dir='ltr'><strong>locis;</strong></span> 
     </span>
    </p>
   </div>
   <div class='ocr_carea' id='block_1_55' title="bbox 466 2990 1725 3061">
    <p class='ocr_par' dir='ltr' id='par_1_55' title="bbox 466 2990 1725 3061">
     <span class='ocr_line' id='line_1_55' title="bbox 466 2990 1725 3061; baseline 0.001 -16"><span class='ocrx_word' id='word_1_265' title='bbox 466 2990 708 3045; x_wconf 79' lang='lat' dir='ltr'><strong>Boleron</strong></span> <span class='ocrx_word' id='word_1_266' title='bbox 740 2994 1122 3060; x_wconf 89' lang='lat' dir='ltr'><strong>occupaverat</strong></span> <span class='ocrx_word' id='word_1_267' title='bbox 1147 3005 1281 3044; x_wconf 87' lang='lat' dir='ltr'><strong>cum</strong></span> <span class='ocrx_word' id='word_1_268' title='bbox 1315 2990 1679 3061; x_wconf 83' lang='lat' dir='ltr'><strong>Mosynopoli</strong></span> <span class='ocrx_word' id='word_1_269' title='bbox 1712 3009 1725 3046; x_wconf 88' lang='lat'><strong>:</strong></span> 
     </span>
    </p>
   </div>
   <div class='ocr_carea' id='block_1_56' title="bbox 466 3086 1698 3160">
    <p class='ocr_par' dir='ltr' id='par_1_56' title="bbox 466 3086 1698 3160">
     <span class='ocr_line' id='line_1_56' title="bbox 466 3086 1698 3160; baseline 0.001 -17"><span class='ocrx_word' id='word_1_270' title='bbox 466 3088 776 3160; x_wconf 89' lang='lat' dir='ltr'><strong>ipsamque</strong></span> <span class='ocrx_word' id='word_1_271' title='bbox 808 3086 1012 3141; x_wconf 88' lang='lat' dir='ltr'><strong>urbem</strong></span> <span class='ocrx_word' id='word_1_272' title='bbox 1046 3101 1106 3140; x_wconf 90' lang='lat' dir='ltr'><strong>se</strong></span> <span class='ocrx_word' id='word_1_273' title='bbox 1138 3090 1444 3158; x_wconf 90' lang='lat' dir='ltr'><strong>capturum</strong></span> <span class='ocrx_word' id='word_1_274' title='bbox 1479 3089 1698 3159; x_wconf 85' lang='lat' dir='ltr'><strong>regiam</strong></span> 
     </span>
    </p>
   </div>
   <div class='ocr_carea' id='block_1_57' title="bbox 468 3173 1579 3245">
    <p class='ocr_par' dir='ltr' id='par_1_57' title="bbox 468 3173 1579 3245">
     <span class='ocr_line' id='line_1_57' title="bbox 468 3173 1579 3245; baseline -0.003 -13"><span class='ocrx_word' id='word_1_275' title='bbox 468 3192 572 3232; x_wconf 91' lang='lat' dir='ltr'><strong>ceu</strong></span> <span class='ocrx_word' id='word_1_276' title='bbox 605 3174 809 3230; x_wconf 90' lang='lat' dir='ltr'><strong>nidum</strong></span> <span class='ocrx_word' id='word_1_277' title='bbox 839 3173 1178 3228; x_wconf 89' lang='lat' dir='ltr'><strong>derelictum</strong></span> <span class='ocrx_word' id='word_1_278' title='bbox 1212 3175 1579 3245; x_wconf 88' lang='lat' dir='ltr'><strong>autumabat,</strong></span> 
     </span>
    </p>
   </div>
   <div class='ocr_carea' id='block_1_58' title="bbox 471 3248 1485 3336">
    <p class='ocr_par' dir='ltr' id='par_1_58' title="bbox 471 3248 1485 3336">
     <span class='ocr_line' id='line_1_58' title="bbox 471 3248 1485 3336; baseline -0.004 -15"><span class='ocrx_word' id='word_1_279' title='bbox 471 3264 653 3336; x_wconf 90' lang='lat' dir='ltr'><strong>copiis</strong></span> <span class='ocrx_word' id='word_1_280' title='bbox 686 3262 812 3319; x_wconf 89' lang='lat' dir='ltr'><strong>suis</strong></span> <span class='ocrx_word' id='word_1_281' title='bbox 843 3260 1059 3316; x_wconf 88' lang='lat' dir='ltr'><strong>moenia</strong></span> <span class='ocrx_word' id='word_1_282' title='bbox 1092 3248 1485 3318; x_wconf 60' lang='lat' dir='ltr'><strong>c&#39;ircumdans.</strong></span> 
     </span>
    </p>
   </div>
   <div class='ocr_carea' id='block_1_59' title="bbox 472 3351 1724 3425">
    <p class='ocr_par' dir='ltr' id='par_1_59' title="bbox 472 3351 1724 3425">
     <span class='ocr_line' id='line_1_59' title="bbox 472 3351 1724 3425; baseline -0.001 -14"><span class='ocrx_word' id='word_1_283' title='bbox 472 3356 717 3425; x_wconf 87' lang='lat' dir='ltr'><strong>Jamque</strong></span> <span class='ocrx_word' id='word_1_284' title='bbox 748 3352 925 3408; x_wconf 89' lang='lat' dir='ltr'><strong>etiam</strong></span> <span class='ocrx_word' id='word_1_285' title='bbox 956 3351 1159 3407; x_wconf 84' lang='lat' dir='ltr'><strong>classis</strong></span> <span class='ocrx_word' id='word_1_286' title='bbox 1186 3351 1381 3407; x_wconf 87' lang='lat' dir='ltr'><strong>Sicula</strong></span> <span class='ocrx_word' id='word_1_287' title='bbox 1410 3353 1724 3411; x_wconf 87' lang='lat' dir='ltr'><strong>stationem</strong></span> 
     </span>
    </p>
   </div>
   <div class='ocr_carea' id='block_1_60' title="bbox 473 3439 1509 3499">
    <p class='ocr_par' dir='ltr' id='par_1_60' title="bbox 473 3439 1509 3499">
     <span class='ocr_line' id='line_1_60' title="bbox 473 3439 1509 3499; baseline -0.002 0"><span class='ocrx_word' id='word_1_288' title='bbox 473 3444 535 3499; x_wconf 89' lang='lat' dir='ltr'><strong>in</strong></span> <span class='ocrx_word' id='word_1_289' title='bbox 568 3440 923 3497; x_wconf 89' lang='lat' dir='ltr'><strong>suburbanis</strong></span> <span class='ocrx_word' id='word_1_290' title='bbox 952 3439 1167 3496; x_wconf 85' lang='lat' dir='ltr'><strong>insulis</strong></span> <span class='ocrx_word' id='word_1_291' title='bbox 1199 3440 1509 3497; x_wconf 88' lang='lat' dir='ltr'><strong>insederat.</strong></span> 
     </span>
    </p>
   </div>
   <div class='ocr_carea' id='block_1_61' title="bbox 476 3528 1525 3587">
    <p class='ocr_par' dir='ltr' id='par_1_61' title="bbox 476 3528 1525 3587">
     <span class='ocr_line' id='line_1_61' title="bbox 476 3528 1525 3587; baseline -0.002 0"><span class='ocrx_word' id='word_1_292' title='bbox 476 3535 695 3587; x_wconf 82' lang='lat' dir='ltr'><strong>Verum</strong></span> <span class='ocrx_word' id='word_1_293' title='bbox 727 3528 973 3585; x_wconf 82' lang='lat' dir='ltr'><strong>Romani</strong></span> <span class='ocrx_word' id='word_1_294' title='bbox 1005 3530 1213 3585; x_wconf 91' lang='lat' dir='ltr'><strong>ductor</strong></span> <span class='ocrx_word' id='word_1_295' title='bbox 1238 3530 1525 3585; x_wconf 78' lang='lat' dir='ltr'><strong>exercitus</strong></span> 
     </span>
    </p>
   </div>
   <div class='ocr_carea' id='block_1_62' title="bbox 474 3618 1724 3689">
    <p class='ocr_par' dir='ltr' id='par_1_62' title="bbox 474 3618 1724 3689">
     <span class='ocr_line' id='line_1_62' title="bbox 474 3618 1724 3689; baseline 0.002 -13"><span class='ocrx_word' id='word_1_296' title='bbox 474 3622 690 3677; x_wconf 89' lang='lat' dir='ltr'><strong>Branas</strong></span> <span class='ocrx_word' id='word_1_297' title='bbox 721 3618 810 3673; x_wconf 91' lang='lat' dir='ltr'><strong>vir</strong></span> <span class='ocrx_word' id='word_1_298' title='bbox 847 3619 1260 3689; x_wconf 79' lang='lat' dir='ltr'><strong>magnanimus</strong></span> <span class='ocrx_word' id='word_1_299' title='bbox 1290 3621 1345 3673; x_wconf 91' lang='lat' dir='ltr'><strong>et</strong></span> <span class='ocrx_word' id='word_1_300' title='bbox 1374 3618 1724 3677; x_wconf 88' lang='lat' dir='ltr'><strong>consiliosus</strong></span> 
     </span>
    </p>
   </div>
   <div class='ocr_carea' id='block_1_63' title="bbox 474 3705 1631 3779">
    <p class='ocr_par' dir='ltr' id='par_1_63' title="bbox 474 3705 1631 3779">
     <span class='ocr_line' id='line_1_63' title="bbox 474 3705 1631 3779; baseline -0.002 -14"><span class='ocrx_word' id='word_1_301' title='bbox 474 3707 619 3766; x_wconf 90' lang='lat' dir='ltr'><strong>Italo</strong></span> <span class='ocrx_word' id='word_1_302' title='bbox 650 3724 786 3763; x_wconf 90' lang='lat' dir='ltr'><strong>cum</strong></span> <span class='ocrx_word' id='word_1_303' title='bbox 820 3707 988 3775; x_wconf 79' lang='lat' dir='ltr'><strong>hoste</strong></span> <span class='ocrx_word' id='word_1_304' title='bbox 1018 3705 1301 3762; x_wconf 88' lang='lat' dir='ltr'><strong>consertis</strong></span> <span class='ocrx_word' id='word_1_305' title='bbox 1333 3706 1631 3779; x_wconf 90' lang='lat' dir='ltr'><strong>manibus,</strong></span> 
     </span>
    </p>
   </div>
   <div class='ocr_carea' id='block_1_64' title="bbox 471 3791 1512 3867">
    <p class='ocr_par' dir='ltr' id='par_1_64' title="bbox 471 3791 1512 3867">
     <span class='ocr_line' id='line_1_64' title="bbox 471 3791 1512 3867; baseline -0.002 -15"><span class='ocrx_word' id='word_1_306' title='bbox 471 3795 749 3852; x_wconf 88' lang='lat' dir='ltr'><strong>Numinis</strong></span> <span class='ocrx_word' id='word_1_307' title='bbox 780 3793 981 3867; x_wconf 76' lang='lat' dir='ltr'><strong>praelia</strong></span> <span class='ocrx_word' id='word_1_308' title='bbox 1010 3791 1353 3849; x_wconf 85' lang='lat' dir='ltr'><strong>inclinantis</strong></span> <span class='ocrx_word' id='word_1_309' title='bbox 1385 3810 1512 3867; x_wconf 92' lang='lat' dir='ltr'><strong>ope,</strong></span> 
     </span>
    </p>
   </div>
   <div class='ocr_carea' id='block_1_65' title="bbox 476 3880 1771 3956">
    <p class='ocr_par' dir='ltr' id='par_1_65' title="bbox 476 3880 1771 3956">
     <span class='ocr_line' id='line_1_65' title="bbox 476 3880 1771 3956; baseline 0.002 -17"><span class='ocrx_word' id='word_1_310' title='bbox 476 3899 757 3956; x_wconf 85' lang='lat' dir='ltr'><strong>magnum</strong></span> <span class='ocrx_word' id='word_1_311' title='bbox 791 3882 861 3938; x_wconf 87' lang='lat' dir='ltr'><strong>de</strong></span> <span class='ocrx_word' id='word_1_312' title='bbox 893 3880 1161 3937; x_wconf 76' lang='lat' dir='ltr'><strong>Barbarie</strong></span> <span class='ocrx_word' id='word_1_313' title='bbox 1193 3881 1389 3938; x_wconf 83' lang='lat' dir='ltr'><strong>retulit</strong></span> <span class='ocrx_word' id='word_1_314' title='bbox 1418 3884 1771 3956; x_wconf 70' lang='lat' dir='ltr'><strong>trophaaum,</strong></span> 
     </span>
    </p>
   </div>
   <div class='ocr_carea' id='block_1_66' title="bbox 474 3969 1757 4043">
    <p class='ocr_par' dir='ltr' id='par_1_66' title="bbox 474 3969 1757 4043">
     <span class='ocr_line' id='line_1_66' title="bbox 474 3969 1757 4043; baseline 0 -14"><span class='ocrx_word' id='word_1_315' title='bbox 474 3977 534 4029; x_wconf 90' lang='lat' dir='ltr'><strong>et</strong></span> <span class='ocrx_word' id='word_1_316' title='bbox 563 3969 891 4028; x_wconf 88' lang='lat' dir='ltr'><strong>Siculorum</strong></span> <span class='ocrx_word' id='word_1_317' title='bbox 923 3970 1236 4043; x_wconf 90' lang='lat' dir='ltr'><strong>plurimam</strong></span> <span class='ocrx_word' id='word_1_318' title='bbox 1273 3975 1520 4043; x_wconf 86' lang='lat' dir='ltr'><strong>stragem</strong></span> <span class='ocrx_word' id='word_1_319' title='bbox 1554 3974 1757 4031; x_wconf 90' lang='lat' dir='ltr'><strong>edidit.</strong></span> 
     </span>
    </p>
   </div>
   <div class='ocr_carea' id='block_1_67' title="bbox 473 4058 1577 4133">
    <p class='ocr_par' dir='ltr' id='par_1_67' title="bbox 473 4058 1577 4133">
     <span class='ocr_line' id='line_1_67' title="bbox 473 4058 1577 4133; baseline 0.005 -20"><span class='ocrx_word' id='word_1_320' title='bbox 473 4061 647 4117; x_wconf 89' lang='lat' dir='ltr'><strong>Vivos</strong></span> <span class='ocrx_word' id='word_1_321' title='bbox 679 4059 820 4133; x_wconf 90' lang='lat' dir='ltr'><strong>quin</strong></span> <span class='ocrx_word' id='word_1_322' title='bbox 853 4060 1031 4115; x_wconf 91' lang='lat' dir='ltr'><strong>etiam</strong></span> <span class='ocrx_word' id='word_1_323' title='bbox 1063 4058 1362 4130; x_wconf 88' lang='lat' dir='ltr'><strong>legionum</strong></span> <span class='ocrx_word' id='word_1_324' title='bbox 1396 4062 1577 4119; x_wconf 92' lang='lat' dir='ltr'><strong>duces</strong></span> 
     </span>
    </p>
   </div>
   <div class='ocr_carea' id='block_1_68' title="bbox 474 4146 1806 4222">
    <p class='ocr_par' dir='ltr' id='par_1_68' title="bbox 474 4146 1806 4222">
     <span class='ocr_line' id='line_1_68' title="bbox 474 4146 1806 4222; baseline 0.001 -15"><span class='ocrx_word' id='word_1_325' title='bbox 474 4151 786 4207; x_wconf 83' lang='lat' dir='ltr'><strong>Ricardum</strong></span> <span class='ocrx_word' id='word_1_326' title='bbox 819 4148 970 4220; x_wconf 90' lang='lat' dir='ltr'><strong>cepit</strong></span> <span class='ocrx_word' id='word_1_327' title='bbox 1000 4146 1474 4221; x_wconf 89' lang='lat' dir='ltr'><strong>Balduinumque</strong></span> <span class='ocrx_word' id='word_1_328' title='bbox 1505 4151 1806 4222; x_wconf 90' lang='lat' dir='ltr'><strong>comitem,</strong></span> 
     </span>
    </p>
   </div>
   <div class='ocr_carea' id='block_1_69' title="bbox 476 4236 1749 4311">
    <p class='ocr_par' dir='ltr' id='par_1_69' title="bbox 476 4236 1749 4311">
     <span class='ocr_line' id='line_1_69' title="bbox 476 4236 1749 4311; baseline 0.001 -17"><span class='ocrx_word' id='word_1_329' title='bbox 476 4255 624 4311; x_wconf 91' lang='lat' dir='ltr'><strong>quos</strong></span> <span class='ocrx_word' id='word_1_330' title='bbox 655 4238 713 4292; x_wconf 90' lang='lat' dir='ltr'><strong>in</strong></span> <span class='ocrx_word' id='word_1_331' title='bbox 746 4236 1116 4308; x_wconf 89' lang='lat' dir='ltr'><strong>metropolim</strong></span> <span class='ocrx_word' id='word_1_332' title='bbox 1150 4237 1312 4291; x_wconf 88' lang='lat' dir='ltr'><strong>misit</strong></span> <span class='ocrx_word' id='word_1_333' title='bbox 1344 4238 1413 4292; x_wconf 89' lang='lat' dir='ltr'><strong>ad</strong></span> <span class='ocrx_word' id='word_1_334' title='bbox 1442 4238 1749 4295; x_wconf 74' lang='lat' dir='ltr'><strong>Caesarem.</strong></span> 
     </span>
    </p>
   </div>
   <div class='ocr_carea' id='block_1_70' title="bbox 474 4325 2108 4407">
    <p class='ocr_par' dir='ltr' id='par_1_70' title="bbox 474 4333 1709 4407">
     <span class='ocr_line' id='line_1_70' title="bbox 474 4333 1709 4407; baseline -0.001 -16"><span class='ocrx_word' id='word_1_335' title='bbox 474 4334 780 4407; x_wconf 83' lang='lat' dir='ltr'><strong>Captivum</strong></span> <span class='ocrx_word' id='word_1_336' title='bbox 815 4333 948 4388; x_wconf 85' lang='lat' dir='ltr'><strong>fecit</strong></span> <span class='ocrx_word' id='word_1_337' title='bbox 977 4350 1109 4387; x_wconf 92' lang='lat' dir='ltr'><strong>cum</strong></span> <span class='ocrx_word' id='word_1_338' title='bbox 1143 4333 1429 4404; x_wconf 69' lang='lat' dir='ltr'><strong>praadictis</strong></span> <span class='ocrx_word' id='word_1_339' title='bbox 1461 4334 1709 4390; x_wconf 85' lang='lat' dir='ltr'><strong>ducibus</strong></span> 
     </span>
    </p>
   </div>
   <div class='ocr_carea' id='block_1_71' title="bbox 1935 4325 3569 4407">
    <p class='ocr_par' dir='ltr' id='par_1_71' title="bbox 2224 4325 3569 4404">
     <span class='ocr_line' id='line_1_71' title="bbox 2224 4325 3569 4404; baseline -0.001 -18"><span class='ocrx_word' id='word_1_340' title='bbox 2224 4332 2364 4385; x_wconf 88' lang='grc'>5710</span> <span class='ocrx_word' id='word_1_341' title='bbox 2404 4334 2612 4403; x_wconf 87' lang='grc' dir='ltr'>Ζωγρεῖ</span> <span class='ocrx_word' id='word_1_342' title='bbox 2638 4325 2694 4381; x_wconf 75' lang='grc' dir='ltr'>δὲ</span> <span class='ocrx_word' id='word_1_343' title='bbox 2717 4326 2807 4381; x_wconf 78' lang='grc' dir='ltr'><strong>σὺν</strong></span> <span class='ocrx_word' id='word_1_344' title='bbox 2842 4330 2923 4389; x_wconf 84' lang='grc' dir='ltr'>οἷς</span> <span class='ocrx_word' id='word_1_345' title='bbox 2958 4327 3146 4403; x_wconf 60' lang='grc' dir='ltr'>ἐρρέθη</span> <span class='ocrx_word' id='word_1_346' title='bbox 3182 4329 3569 4404; x_wconf 81' lang='grc' dir='ltr'>στρατηγέταις</span> 
     </span>
    </p>
   </div>
   <div class='ocr_carea' id='block_1_72' title="bbox 475 4409 2109 4494">
    <p class='ocr_par' dir='ltr' id='par_1_72' title="bbox 475 4409 1694 4494">
     <span class='ocr_line' id='line_1_72' title="bbox 475 4409 1694 4494; baseline -0.002 -14"><span class='ocrx_word' id='word_1_347' title='bbox 475 4424 719 4481; x_wconf 86' lang='lat' dir='ltr'><strong>exitium</strong></span> <span class='ocrx_word' id='word_1_348' title='bbox 757 4422 962 4494; x_wconf 69' lang='lat' dir='ltr'><strong>patria&quot;:</strong></span> <span class='ocrx_word' id='word_1_349' title='bbox 990 4409 1371 4476; x_wconf 84' lang='lat' dir='ltr'><strong>Commenum</strong></span> <span class='ocrx_word' id='word_1_350' title='bbox 1408 4421 1694 4493; x_wconf 80' lang='lat' dir='ltr'><strong>Alexium,</strong></span> 
     </span>
    </p>
   </div>
   <div class='ocr_carea' id='block_1_73' title="bbox 1834 4409 3468 4494">
    <p class='ocr_par' dir='ltr' id='par_1_73' title="bbox 2399 4414 3468 4494">
     <span class='ocr_line' id='line_1_73' title="bbox 2399 4414 3468 4494; baseline 0.001 -24"><span class='ocrx_word' id='word_1_351' title='bbox 2399 4417 2684 4488; x_wconf 81' lang='grc' dir='ltr'><strong>Κομνηνὸν</strong></span> <span class='ocrx_word' id='word_1_352' title='bbox 2717 4414 2955 4485; x_wconf 77' lang='grc' dir='ltr'>Ἀλὲξιον</span> <span class='ocrx_word' id='word_1_353' title='bbox 2984 4414 3241 4490; x_wconf 82' lang='grc' dir='ltr'>πατρίδος</span> <span class='ocrx_word' id='word_1_354' title='bbox 3273 4418 3468 4494; x_wconf 73' lang='grc' dir='ltr'>φθόρον</span> 
     </span>
    </p>
   </div>
   <div class='ocr_carea' id='block_1_74' title="bbox 476 4504 2110 4597">
    <p class='ocr_par' dir='ltr' id='par_1_74' title="bbox 476 4509 1726 4579">
     <span class='ocr_line' id='line_1_74' title="bbox 476 4509 1726 4579; baseline -0.003 -10"><span class='ocrx_word' id='word_1_355' title='bbox 476 4511 764 4569; x_wconf 89' lang='lat' dir='ltr'><strong>malorum</strong></span> <span class='ocrx_word' id='word_1_356' title='bbox 798 4526 1033 4565; x_wconf 88' lang='lat' dir='ltr'><strong>causam</strong></span> <span class='ocrx_word' id='word_1_357' title='bbox 1068 4514 1125 4563; x_wconf 92' lang='lat' dir='ltr'><strong>et</strong></span> <span class='ocrx_word' id='word_1_358' title='bbox 1156 4509 1419 4579; x_wconf 68' lang='lat' dir='ltr'><strong>procella:</strong></span> <span class='ocrx_word' id='word_1_359' title='bbox 1452 4511 1726 4579; x_wconf 82' lang='lat' dir='ltr'><strong>flabrnm,</strong></span> 
     </span>
    </p>
   </div>
   <div class='ocr_carea' id='block_1_75' title="bbox 1875 4504 3509 4597">
    <p class='ocr_par' dir='ltr' id='par_1_75' title="bbox 2147 4504 3509 4597">
     <span class='ocr_line' id='line_1_75' title="bbox 2147 4504 3509 4597; baseline -0.001 -36"><span class='ocrx_word' id='word_1_360' title='bbox 2147 4533 2194 4597; x_wconf 83' lang='lat' dir='ltr'><strong>D</strong></span> <span class='ocrx_word' id='word_1_361' title='bbox 2400 4504 2621 4575; x_wconf 72' lang='grc' dir='ltr'>Ῥἐκτην</span> <span class='ocrx_word' id='word_1_362' title='bbox 2658 4525 2714 4557; x_wconf 90' lang='grc' dir='ltr'><strong>τε</strong></span> <span class='ocrx_word' id='word_1_363' title='bbox 2743 4508 2920 4557; x_wconf 82' lang='grc' dir='ltr'>κακῶν</span> <span class='ocrx_word' id='word_1_364' title='bbox 2962 4506 3205 4558; x_wconf 89' lang='grc' dir='ltr'>κυκεῶνά</span> <span class='ocrx_word' id='word_1_365' title='bbox 3232 4527 3289 4559; x_wconf 90' lang='grc' dir='ltr'><strong>τε</strong></span> <span class='ocrx_word' id='word_1_366' title='bbox 3320 4504 3509 4575; x_wconf 77' lang='grc' dir='ltr'>ζάλης,</span> 
     </span>
    </p>
   </div>
   <div class='ocr_carea' id='block_1_76' title="bbox 477 4596 1539 4671">
    <p class='ocr_par' dir='ltr' id='par_1_76' title="bbox 477 4596 1539 4671">
     <span class='ocr_line' id='line_1_76' title="bbox 477 4596 1539 4671; baseline -0.004 -14"><span class='ocrx_word' id='word_1_367' title='bbox 477 4606 653 4671; x_wconf 91' lang='lat' dir='ltr'><strong>atque</strong></span> <span class='ocrx_word' id='word_1_368' title='bbox 682 4597 987 4653; x_wconf 89' lang='lat' dir='ltr'><strong>oculorum</strong></span> <span class='ocrx_word' id='word_1_369' title='bbox 1021 4596 1241 4652; x_wconf 83' lang='lat' dir='ltr'><strong>lumine</strong></span> <span class='ocrx_word' id='word_1_370' title='bbox 1273 4597 1539 4668; x_wconf 88' lang='lat' dir='ltr'><strong>privavit.</strong></span> 
     </span>
    </p>
   </div>
   <div class='ocr_carea' id='block_1_77' title="bbox 475 4685 1789 4758">
    <p class='ocr_par' dir='ltr' id='par_1_77' title="bbox 475 4685 1789 4758">
     <span class='ocr_line' id='line_1_77' title="bbox 475 4685 1789 4758; baseline 0.001 -15"><span class='ocrx_word' id='word_1_371' title='bbox 475 4691 772 4758; x_wconf 84' lang='lat' dir='ltr'><strong>Quotquot</strong></span> <span class='ocrx_word' id='word_1_372' title='bbox 803 4690 997 4741; x_wconf 89' lang='lat' dir='ltr'><strong>autem</strong></span> <span class='ocrx_word' id='word_1_373' title='bbox 1036 4685 1158 4740; x_wconf 79' lang='lat' dir='ltr'><strong>Itali</strong></span> <span class='ocrx_word' id='word_1_374' title='bbox 1188 4686 1521 4758; x_wconf 74' lang='lat' dir='ltr'><strong>effugerunt</strong></span> <span class='ocrx_word' id='word_1_375' title='bbox 1550 4689 1789 4758; x_wconf 71' lang='lat' dir='ltr'><strong>caedem,</strong></span> 
     </span>
    </p>
   </div>
   <div class='ocr_carea' id='block_1_78' title="bbox 477 4774 1620 4845">
    <p class='ocr_par' dir='ltr' id='par_1_78' title="bbox 477 4774 1620 4845">
     <span class='ocr_line' id='line_1_78' title="bbox 477 4774 1620 4845; baseline -0.003 -12"><span class='ocrx_word' id='word_1_376' title='bbox 477 4774 949 4833; x_wconf 89' lang='lat' dir='ltr'><strong>Thessalonicam</strong></span> <span class='ocrx_word' id='word_1_377' title='bbox 985 4779 1361 4845; x_wconf 88' lang='lat' dir='ltr'><strong>properantes</strong></span> <span class='ocrx_word' id='word_1_378' title='bbox 1393 4776 1620 4843; x_wconf 82' lang='lat' dir='ltr'><strong>urbem,</strong></span> 
     </span>
    </p>
   </div>
   <div class='ocr_carea' id='block_1_79' title="bbox 478 4863 1621 4932">
    <p class='ocr_par' dir='ltr' id='par_1_79' title="bbox 478 4863 1621 4932">
     <span class='ocr_line' id='line_1_79' title="bbox 478 4863 1621 4932; baseline 0 -11"><span class='ocrx_word' id='word_1_379' title='bbox 478 4864 727 4922; x_wconf 88' lang='lat' dir='ltr'><strong>navibus</strong></span> <span class='ocrx_word' id='word_1_380' title='bbox 757 4863 1027 4919; x_wconf 87' lang='lat' dir='ltr'><strong>abierunt</strong></span> <span class='ocrx_word' id='word_1_381' title='bbox 1058 4864 1114 4916; x_wconf 90' lang='lat' dir='ltr'><strong>in</strong></span> <span class='ocrx_word' id='word_1_382' title='bbox 1146 4863 1397 4932; x_wconf 89' lang='lat' dir='ltr'><strong>patriam</strong></span> <span class='ocrx_word' id='word_1_383' title='bbox 1430 4881 1621 4921; x_wconf 89' lang='lat' dir='ltr'><strong>suam.</strong></span> 
     </span>
    </p>
   </div>
   <div class='ocr_carea' id='block_1_80' title="bbox 480 4949 1586 5019">
    <p class='ocr_par' dir='ltr' id='par_1_80' title="bbox 480 4949 1586 5019">
     <span class='ocr_line' id='line_1_80' title="bbox 480 4949 1586 5019; baseline -0.002 -10"><span class='ocrx_word' id='word_1_384' title='bbox 480 4954 589 5019; x_wconf 89' lang='lat' dir='ltr'><strong>Qui</strong></span> <span class='ocrx_word' id='word_1_385' title='bbox 618 4969 749 5007; x_wconf 89' lang='lat' dir='ltr'><strong>vero</strong></span> <span class='ocrx_word' id='word_1_386' title='bbox 781 4951 838 5005; x_wconf 92' lang='lat' dir='ltr'><strong>in</strong></span> <span class='ocrx_word' id='word_1_387' title='bbox 870 4949 973 5004; x_wconf 86' lang='lat' dir='ltr'><strong>illa</strong></span> <span class='ocrx_word' id='word_1_388' title='bbox 1001 4949 1391 5004; x_wconf 86' lang='lat' dir='ltr'><strong>substiterunt</strong></span> <span class='ocrx_word' id='word_1_389' title='bbox 1424 4954 1586 5017; x_wconf 90' lang='lat' dir='ltr'><strong>urbe,</strong></span> 
     </span>
    </p>
   </div>
   <div class='ocr_carea' id='block_1_81' title="bbox 482 5038 1572 5108">
    <p class='ocr_par' dir='ltr' id='par_1_81' title="bbox 482 5038 1572 5108">
     <span class='ocr_line' id='line_1_81' title="bbox 482 5038 1572 5108; baseline -0.004 -11"><span class='ocrx_word' id='word_1_390' title='bbox 482 5042 669 5097; x_wconf 91' lang='lat' dir='ltr'><strong>malos</strong></span> <span class='ocrx_word' id='word_1_391' title='bbox 701 5038 851 5094; x_wconf 87' lang='lat' dir='ltr'><strong>male</strong></span> <span class='ocrx_word' id='word_1_392' title='bbox 875 5039 1077 5108; x_wconf 84' lang='lat' dir='ltr'><strong>justus</strong></span> <span class='ocrx_word' id='word_1_393' title='bbox 1106 5038 1264 5093; x_wconf 89' lang='lat' dir='ltr'><strong>ensis</strong></span> <span class='ocrx_word' id='word_1_394' title='bbox 1298 5040 1572 5107; x_wconf 89' lang='lat' dir='ltr'><strong>perdidit,</strong></span> 
     </span>
    </p>
   </div>
   <div class='ocr_carea' id='block_1_82' title="bbox 481 5126 1517 5201">
    <p class='ocr_par' dir='ltr' id='par_1_82' title="bbox 481 5126 1517 5201">
     <span class='ocr_line' id='line_1_82' title="bbox 481 5126 1517 5201; baseline -0.005 -14"><span class='ocrx_word' id='word_1_395' title='bbox 481 5128 926 5201; x_wconf 88' lang='lat' dir='ltr'><strong>superveniente</strong></span> <span class='ocrx_word' id='word_1_396' title='bbox 956 5127 1205 5181; x_wconf 79' lang='lat' dir='ltr'><strong>exercitu</strong></span> <span class='ocrx_word' id='word_1_397' title='bbox 1240 5126 1517 5183; x_wconf 83' lang='lat' dir='ltr'><strong>Romano.</strong></span> 
     </span>
    </p>
   </div>
   <div class='ocr_carea' id='block_1_83' title="bbox 480 5214 1598 5289">
    <p class='ocr_par' dir='ltr' id='par_1_83' title="bbox 480 5214 1598 5289">
     <span class='ocr_line' id='line_1_83' title="bbox 480 5214 1598 5289; baseline -0.002 -16"><span class='ocrx_word' id='word_1_398' title='bbox 480 5223 628 5289; x_wconf 87' lang='lat' dir='ltr'><strong>Ergo</strong></span> <span class='ocrx_word' id='word_1_399' title='bbox 659 5232 863 5272; x_wconf 89' lang='lat' dir='ltr'><strong>omnes</strong></span> <span class='ocrx_word' id='word_1_400' title='bbox 894 5214 1075 5269; x_wconf 89' lang='lat' dir='ltr'><strong>Siculi</strong></span> <span class='ocrx_word' id='word_1_401' title='bbox 1105 5215 1372 5285; x_wconf 86' lang='lat' dir='ltr'><strong>peribant</strong></span> <span class='ocrx_word' id='word_1_402' title='bbox 1404 5216 1598 5285; x_wconf 86' lang='lat' dir='ltr'><strong>gladio</strong></span> 
     </span>
    </p>
   </div>
   <div class='ocr_carea' id='block_1_84' title="bbox 481 5303 1850 5378">
    <p class='ocr_par' dir='ltr' id='par_1_84' title="bbox 481 5303 1850 5378">
     <span class='ocr_line' id='line_1_84' title="bbox 481 5303 1850 5378; baseline -0.001 -15"><span class='ocrx_word' id='word_1_403' title='bbox 481 5305 994 5378; x_wconf 86' lang='lat' dir='ltr'><strong>magnanimorum</strong></span> <span class='ocrx_word' id='word_1_404' title='bbox 1027 5303 1230 5358; x_wconf 86' lang='lat' dir='ltr'><strong>domiti</strong></span> <span class='ocrx_word' id='word_1_405' title='bbox 1267 5304 1519 5359; x_wconf 87' lang='lat' dir='ltr'><strong>virorum</strong></span> <span class='ocrx_word' id='word_1_406' title='bbox 1555 5306 1850 5374; x_wconf 89' lang='lat' dir='ltr'><strong>manibus,</strong></span> 
     </span>
    </p>
   </div>
   <div class='ocr_carea' id='block_1_85' title="bbox 482 5391 1747 5466">
    <p class='ocr_par' dir='ltr' id='par_1_85' title="bbox 482 5391 1747 5466">
     <span class='ocr_line' id='line_1_85' title="bbox 482 5391 1747 5466; baseline 0 -16"><span class='ocrx_word' id='word_1_407' title='bbox 482 5393 803 5466; x_wconf 60' lang='lat' dir='ltr'><strong>praesertim</strong></span> <span class='ocrx_word' id='word_1_408' title='bbox 839 5392 911 5446; x_wconf 87' lang='lat' dir='ltr'><strong>ab</strong></span> <span class='ocrx_word' id='word_1_409' title='bbox 945 5391 1141 5447; x_wconf 86' lang='lat' dir='ltr'><strong>Alanis</strong></span> <span class='ocrx_word' id='word_1_410' title='bbox 1173 5395 1311 5446; x_wconf 92' lang='lat' dir='ltr'><strong>tunc</strong></span> <span class='ocrx_word' id='word_1_411' title='bbox 1342 5394 1747 5450; x_wconf 84' lang='lat' dir='ltr'><strong>auxiliaribus.</strong></span> 
     </span>
    </p>
   </div>
   <div class='ocr_carea' id='block_1_86' title="bbox 484 5479 1721 5550">
    <p class='ocr_par' dir='ltr' id='par_1_86' title="bbox 484 5479 1721 5550">
     <span class='ocr_line' id='line_1_86' title="bbox 484 5479 1721 5550; baseline 0 -12"><span class='ocrx_word' id='word_1_412' title='bbox 484 5482 784 5538; x_wconf 90' lang='lat' dir='ltr'><strong>Talionem</strong></span> <span class='ocrx_word' id='word_1_413' title='bbox 817 5479 1106 5549; x_wconf 74' lang='lat' dir='ltr'><strong>siquidem</strong></span> <span class='ocrx_word' id='word_1_414' title='bbox 1142 5480 1449 5536; x_wconf 86' lang='lat' dir='ltr'><strong>reddentes</strong></span> <span class='ocrx_word' id='word_1_415' title='bbox 1482 5482 1721 5550; x_wconf 86' lang='lat' dir='ltr'><strong>Latinis,</strong></span> 
     </span>
    </p>
   </div>
   <div class='ocr_carea' id='block_1_87' title="bbox 486 5566 1438 5636">
    <p class='ocr_par' dir='ltr' id='par_1_87' title="bbox 486 5566 1438 5636">
     <span class='ocr_line' id='line_1_87' title="bbox 486 5566 1438 5636; baseline 0 -14"><span class='ocrx_word' id='word_1_416' title='bbox 486 5566 840 5636; x_wconf 60' lang='lat' dir='ltr'><strong>saevitiaque</strong></span> <span class='ocrx_word' id='word_1_417' title='bbox 870 5581 1154 5619; x_wconf 84' lang='lat' dir='ltr'><strong>memores</strong></span> <span class='ocrx_word' id='word_1_418' title='bbox 1187 5568 1438 5623; x_wconf 89' lang='lat' dir='ltr'><strong>recentis</strong></span> 
     </span>
    </p>
   </div>
   <div class='ocr_carea' id='block_1_88' title="bbox 489 5653 1814 5729">
    <p class='ocr_par' dir='ltr' id='par_1_88' title="bbox 489 5653 1814 5729">
     <span class='ocr_line' id='line_1_88' title="bbox 489 5653 1814 5729; baseline 0.003 -18"><span class='ocrx_word' id='word_1_419' title='bbox 489 5653 906 5712; x_wconf 88' lang='lat' dir='ltr'><strong>Thessalonica</strong></span> <span class='ocrx_word' id='word_1_420' title='bbox 930 5658 1098 5724; x_wconf 88' lang='lat' dir='ltr'><strong>capta</strong></span> <span class='ocrx_word' id='word_1_421' title='bbox 1129 5670 1300 5724; x_wconf 87' lang='lat' dir='ltr'><strong>quam</strong></span> <span class='ocrx_word' id='word_1_422' title='bbox 1334 5664 1814 5729; x_wconf 86' lang='lat' dir='ltr'><strong>exprompserant</strong></span> 
     </span>
    </p>
   </div>
   <div class='ocr_carea' id='block_1_89' title="bbox 2206 2538 3629 2614">
    <p class='ocr_par' dir='ltr' id='par_1_89' title="bbox 2206 2538 3629 2614">
     <span class='ocr_line' id='line_1_89' title="bbox 2206 2538 3629 2614; baseline -0.004 -14"><span class='ocrx_word' id='word_1_423' title='bbox 2206 2546 2348 2600; x_wconf 81' lang='lat'>5690</span> <span class='ocrx_word' id='word_1_424' title='bbox 2386 2546 2487 2599; x_wconf 86' lang='grc' dir='ltr'><strong>’Ἠν</strong></span> <span class='ocrx_word' id='word_1_425' title='bbox 2516 2540 2583 2613; x_wconf 85' lang='grc' dir='ltr'>δ’,</span> <span class='ocrx_word' id='word_1_426' title='bbox 2617 2542 2690 2602; x_wconf 86' lang='grc' dir='ltr'>ὡς</span> <span class='ocrx_word' id='word_1_427' title='bbox 2721 2538 2877 2614; x_wconf 82' lang='grc' dir='ltr'>ἔφην,</span> <span class='ocrx_word' id='word_1_428' title='bbox 2912 2544 3217 2613; x_wconf 83' lang='grc' dir='ltr'>στράτευμα</span> <span class='ocrx_word' id='word_1_429' title='bbox 3246 2545 3487 2595; x_wconf 77' lang='grc' dir='ltr'>Σικελῶν</span> <span class='ocrx_word' id='word_1_430' title='bbox 3520 2540 3629 2596; x_wconf 79' lang='grc' dir='ltr'><strong>ἄνω</strong></span> 
     </span>
    </p>
   </div>
   <div class='ocr_carea' id='block_1_90' title="bbox 2386 2628 3483 2703">
    <p class='ocr_par' dir='ltr' id='par_1_90' title="bbox 2386 2628 3483 2703">
     <span class='ocr_line' id='line_1_90' title="bbox 2386 2628 3483 2703; baseline 0 -18"><span class='ocrx_word' id='word_1_431' title='bbox 2386 2628 2582 2690; x_wconf 80' lang='grc' dir='ltr'>Πόλεις</span> <span class='ocrx_word' id='word_1_432' title='bbox 2616 2628 2762 2683; x_wconf 83' lang='grc' dir='ltr'>ἐπιὸν</span> <span class='ocrx_word' id='word_1_433' title='bbox 2783 2628 3093 2701; x_wconf 69' lang='grc' dir='ltr'>Ῥωμαϊκὰς</span> <span class='ocrx_word' id='word_1_434' title='bbox 3131 2630 3219 2683; x_wconf 82' lang='grc' dir='ltr'><strong>καὶ</strong></span> <span class='ocrx_word' id='word_1_435' title='bbox 3250 2628 3483 2703; x_wconf 81' lang='grc' dir='ltr'>τρύχον.</span> 
     </span>
    </p>
   </div>
   <div class='ocr_carea' id='block_1_91' title="bbox 2390 2716 3699 2793">
    <p class='ocr_par' dir='ltr' id='par_1_91' title="bbox 2390 2716 3699 2793">
     <span class='ocr_line' id='line_1_91' title="bbox 2390 2716 3699 2793; baseline 0.002 -21"><span class='ocrx_word' id='word_1_436' title='bbox 2390 2716 2591 2793; x_wconf 76' lang='grc' dir='ltr'>Σὲῥρας</span> <span class='ocrx_word' id='word_1_437' title='bbox 2628 2717 2721 2789; x_wconf 79' lang='grc' dir='ltr'><strong>μὶν</strong></span> <span class='ocrx_word' id='word_1_438' title='bbox 2753 2716 3050 2792; x_wconf 87' lang='grc' dir='ltr'>ἠμαύρωσε</span> <span class='ocrx_word' id='word_1_439' title='bbox 3082 2718 3442 2793; x_wconf 87' lang='grc' dir='ltr'>Στρυμμόνος</span> <span class='ocrx_word' id='word_1_440' title='bbox 3471 2718 3699 2787; x_wconf 85' lang='grc' dir='ltr'>τόπους,</span> 
     </span>
    </p>
   </div>
   <div class='ocr_carea' id='block_1_92' title="bbox 2393 2802 3377 2882">
    <p class='ocr_par' dir='ltr' id='par_1_92' title="bbox 2393 2802 3377 2882">
     <span class='ocr_line' id='line_1_92' title="bbox 2393 2802 3377 2882; baseline -0.003 -19"><span class='ocrx_word' id='word_1_441' title='bbox 2393 2804 2727 2882; x_wconf 78' lang='grc' dir='ltr'>Ἀμφίπολιν</span> <span class='ocrx_word' id='word_1_442' title='bbox 2762 2802 2819 2859; x_wconf 77' lang='grc' dir='ltr'><strong>δὶ</strong></span> <span class='ocrx_word' id='word_1_443' title='bbox 2847 2806 3186 2880; x_wconf 80' lang='grc' dir='ltr'>τειχομαχίᾳ</span> <span class='ocrx_word' id='word_1_444' title='bbox 3216 2805 3377 2860; x_wconf 86' lang='grc' dir='ltr'>πόλιν</span> 
     </span>
    </p>
   </div>
   <div class='ocr_carea' id='block_1_93' title="bbox 2388 2892 3550 2969">
    <p class='ocr_par' dir='ltr' id='par_1_93' title="bbox 2388 2892 3550 2969">
     <span class='ocr_line' id='line_1_93' title="bbox 2388 2892 3550 2969; baseline 0.003 -19"><span class='ocrx_word' id='word_1_445' title='bbox 2388 2892 2527 2965; x_wconf 84' lang='grc' dir='ltr'><strong>Ἤδη</strong></span> <span class='ocrx_word' id='word_1_446' title='bbox 2559 2896 2962 2966; x_wconf 81' lang='grc' dir='ltr'>παρεστήσαντο</span> <span class='ocrx_word' id='word_1_447' title='bbox 2990 2894 3080 2948; x_wconf 80' lang='grc' dir='ltr'>σὺν</span> <span class='ocrx_word' id='word_1_448' title='bbox 3111 2899 3225 2956; x_wconf 87' lang='grc' dir='ltr'>τοῖς</span> <span class='ocrx_word' id='word_1_449' title='bbox 3259 2894 3309 2949; x_wconf 81' lang='grc' dir='ltr'>ἐν</span> <span class='ocrx_word' id='word_1_450' title='bbox 3340 2896 3550 2969; x_wconf 79' lang='grc' dir='ltr'>κύκλῳ.</span> 
     </span>
    </p>
   </div>
   <div class='ocr_carea' id='block_1_94' title="bbox 2212 2981 3438 3055">
    <p class='ocr_par' dir='ltr' id='par_1_94' title="bbox 2212 2981 3438 3055">
     <span class='ocr_line' id='line_1_94' title="bbox 2212 2981 3438 3055; baseline -0.001 -16"><span class='ocrx_word' id='word_1_451' title='bbox 2212 2986 2355 3041; x_wconf 83' lang='grc'>5695</span> <span class='ocrx_word' id='word_1_452' title='bbox 2390 2982 2555 3040; x_wconf 78' lang='grc' dir='ltr'>Εἶλον</span> <span class='ocrx_word' id='word_1_453' title='bbox 2591 2981 2826 3055; x_wconf 89' lang='grc' dir='ltr'>Βολερὸν</span> <span class='ocrx_word' id='word_1_454' title='bbox 2860 2981 3244 3038; x_wconf 87' lang='grc' dir='ltr'>Μοσυνόπολιν</span> <span class='ocrx_word' id='word_1_455' title='bbox 3277 2983 3438 3038; x_wconf 91' lang='grc' dir='ltr'>πόλιν</span> 
     </span>
    </p>
   </div>
   <div class='ocr_carea' id='block_1_95' title="bbox 2390 3070 3506 3147">
    <p class='ocr_par' dir='ltr' id='par_1_95' title="bbox 2390 3070 3506 3147">
     <span class='ocr_line' id='line_1_95' title="bbox 2390 3070 3506 3147; baseline 0 -21"><span class='ocrx_word' id='word_1_456' title='bbox 2390 3074 2487 3126; x_wconf 82' lang='grc' dir='ltr'>Καὶ</span> <span class='ocrx_word' id='word_1_457' title='bbox 2518 3072 2618 3139; x_wconf 79' lang='grc' dir='ltr'>τήν</span> <span class='ocrx_word' id='word_1_458' title='bbox 2655 3070 3041 3145; x_wconf 82' lang='grc' dir='ltr'>βασιλεύουσαν</span> <span class='ocrx_word' id='word_1_459' title='bbox 3073 3073 3315 3147; x_wconf 72' lang='grc' dir='ltr'>αἱρήσειν</span> <span class='ocrx_word' id='word_1_460' title='bbox 3345 3072 3506 3128; x_wconf 88' lang='grc' dir='ltr'>πόλιν</span> 
     </span>
    </p>
   </div>
   <div class='ocr_carea' id='block_1_96' title="bbox 2137 3154 3395 3257">
    <p class='ocr_par' dir='ltr' id='par_1_96' title="bbox 2137 3154 3395 3257">
     <span class='ocr_line' id='line_1_96' title="bbox 2137 3154 3395 3257; baseline 0 -42"><span class='ocrx_word' id='word_1_461' title='bbox 2137 3184 2179 3257; x_wconf 74' lang='lat' dir='ltr'><strong><em>C</em></strong></span> <span class='ocrx_word' id='word_1_462' title='bbox 2394 3162 2483 3223; x_wconf 80' lang='grc' dir='ltr'><strong>Ὠς</strong></span> <span class='ocrx_word' id='word_1_463' title='bbox 2510 3158 2724 3214; x_wconf 79' lang='grc' dir='ltr'>νοσσιὰν</span> <span class='ocrx_word' id='word_1_464' title='bbox 2758 3154 2963 3233; x_wconf 78' lang='grc' dir='ltr'>ἔρημον</span> <span class='ocrx_word' id='word_1_465' title='bbox 2997 3156 3154 3231; x_wconf 81' lang='grc' dir='ltr'>ᾤοντ’</span> <span class='ocrx_word' id='word_1_466' title='bbox 3185 3160 3395 3231; x_wconf 78' lang='grc' dir='ltr'>αὐτίκα,</span> 
     </span>
    </p>
   </div>
   <div class='ocr_carea' id='block_1_97' title="bbox 2394 3246 3554 3323">
    <p class='ocr_par' dir='ltr' id='par_1_97' title="bbox 2394 3246 3554 3323">
     <span class='ocr_line' id='line_1_97' title="bbox 2394 3246 3554 3323; baseline 0.001 -20"><span class='ocrx_word' id='word_1_467' title='bbox 2394 3247 2595 3321; x_wconf 83' lang='grc' dir='ltr'>Κύκλῳ</span> <span class='ocrx_word' id='word_1_468' title='bbox 2625 3250 3038 3323; x_wconf 79' lang='grc' dir='ltr'>περιστήσοντες</span> <span class='ocrx_word' id='word_1_469' title='bbox 3063 3249 3237 3303; x_wconf 86' lang='grc' dir='ltr'>αὑτῶν</span> <span class='ocrx_word' id='word_1_470' title='bbox 3272 3246 3554 3322; x_wconf 85' lang='grc' dir='ltr'>δυνάμεις·</span> 
     </span>
    </p>
   </div>
   <div class='ocr_carea' id='block_1_98' title="bbox 2396 3332 3618 3414">
    <p class='ocr_par' dir='ltr' id='par_1_98' title="bbox 2396 3332 3618 3414">
     <span class='ocr_line' id='line_1_98' title="bbox 2396 3332 3618 3414; baseline 0.001 -23"><span class='ocrx_word' id='word_1_471' title='bbox 2396 3337 2496 3391; x_wconf 74' lang='grc' dir='ltr'>Καὶ</span> <span class='ocrx_word' id='word_1_472' title='bbox 2520 3342 2666 3413; x_wconf 82' lang='grc' dir='ltr'>σφῶν</span> <span class='ocrx_word' id='word_1_473' title='bbox 2696 3332 2891 3399; x_wconf 84' lang='grc' dir='ltr'>στόΛος</span> <span class='ocrx_word' id='word_1_474' title='bbox 2922 3334 2978 3390; x_wconf 75' lang='grc' dir='ltr'><strong>δὲ</strong></span> <span class='ocrx_word' id='word_1_475' title='bbox 3008 3337 3218 3407; x_wconf 88' lang='grc' dir='ltr'>νησίσιν</span> <span class='ocrx_word' id='word_1_476' title='bbox 3254 3338 3618 3414; x_wconf 69' lang='grc' dir='ltr'>ἀμφιρῥύτοις</span> 
     </span>
    </p>
   </div>
   <div class='ocr_carea' id='block_1_99' title="bbox 2255 3433 3512 3509">
    <p class='ocr_par' dir='ltr' id='par_1_99' title="bbox 2255 3433 3512 3509">
     <span class='ocr_line' id='line_1_99' title="bbox 2255 3433 3512 3509; baseline 0 -17"><span class='ocrx_word' id='word_1_477' title='bbox 2255 3438 2357 3492; x_wconf 78' lang='grc'><strong>700</strong></span> <span class='ocrx_word' id='word_1_478' title='bbox 2396 3433 2765 3507; x_wconf 75' lang='grc' dir='ltr'>Ἐλλιμενίζει</span> <span class='ocrx_word' id='word_1_479' title='bbox 2794 3439 2911 3497; x_wconf 89' lang='grc' dir='ltr'>ταῖς</span> <span class='ocrx_word' id='word_1_480' title='bbox 2941 3435 3063 3509; x_wconf 85' lang='grc' dir='ltr'>περὶ</span> <span class='ocrx_word' id='word_1_481' title='bbox 3094 3433 3255 3489; x_wconf 89' lang='grc' dir='ltr'>πόλιν</span> <span class='ocrx_word' id='word_1_482' title='bbox 3289 3437 3512 3509; x_wconf 73' lang='grc' dir='ltr'>φθάσας.</span> 
     </span>
    </p>
   </div>
   <div class='ocr_carea' id='block_1_100' title="bbox 2396 3521 3604 3599">
    <p class='ocr_par' dir='ltr' id='par_1_100' title="bbox 2396 3521 3604 3599">
     <span class='ocr_line' id='line_1_100' title="bbox 2396 3521 3604 3599; baseline -0.001 -20"><span class='ocrx_word' id='word_1_483' title='bbox 2396 3521 2575 3579; x_wconf 85' lang='grc' dir='ltr'>Ἀλλά</span> <span class='ocrx_word' id='word_1_484' title='bbox 2605 3524 2904 3598; x_wconf 87' lang='grc' dir='ltr'>στρατηγὸς</span> <span class='ocrx_word' id='word_1_485' title='bbox 2945 3530 3195 3599; x_wconf 82' lang='grc' dir='ltr'>στρατιᾶς</span> <span class='ocrx_word' id='word_1_486' title='bbox 3224 3531 3324 3593; x_wconf 79' lang='grc' dir='ltr'><strong>τῆς</strong></span> <span class='ocrx_word' id='word_1_487' title='bbox 3352 3524 3604 3581; x_wconf 80' lang='grc' dir='ltr'>Αὐσόνων</span> 
     </span>
    </p>
   </div>
   <div class='ocr_carea' id='block_1_101' title="bbox 2396 3610 3575 3690">
    <p class='ocr_par' dir='ltr' id='par_1_101' title="bbox 2396 3610 3575 3690">
     <span class='ocr_line' id='line_1_101' title="bbox 2396 3610 3575 3690; baseline 0.002 -24"><span class='ocrx_word' id='word_1_488' title='bbox 2396 3617 2602 3684; x_wconf 83' lang='grc' dir='ltr'>Βρανᾶς</span> <span class='ocrx_word' id='word_1_489' title='bbox 2633 3612 2768 3685; x_wconf 72' lang='grc' dir='ltr'>ἀνήρ</span> <span class='ocrx_word' id='word_1_490' title='bbox 2800 3632 2882 3672; x_wconf 88' lang='grc' dir='ltr'>τις</span> <span class='ocrx_word' id='word_1_491' title='bbox 2912 3610 3193 3685; x_wconf 78' lang='grc' dir='ltr'>γεννάδας,</span> <span class='ocrx_word' id='word_1_492' title='bbox 3229 3612 3575 3690; x_wconf 67' lang='grc' dir='ltr'>βουληφόρος</span> 
     </span>
    </p>
   </div>
   <div class='ocr_carea' id='block_1_102' title="bbox 2397 3698 3653 3777">
    <p class='ocr_par' dir='ltr' id='par_1_102' title="bbox 2397 3698 3653 3777">
     <span class='ocr_line' id='line_1_102' title="bbox 2397 3698 3653 3777; baseline -0.002 -21"><span class='ocrx_word' id='word_1_493' title='bbox 2397 3701 2653 3775; x_wconf 84' lang='grc' dir='ltr'>Ἐχθροῖς</span> <span class='ocrx_word' id='word_1_494' title='bbox 2686 3698 2913 3760; x_wconf 84' lang='grc' dir='ltr'>Ἰταλοῖς</span> <span class='ocrx_word' id='word_1_495' title='bbox 2940 3700 3275 3772; x_wconf 82' lang='grc' dir='ltr'>συμπλακεὶς</span> <span class='ocrx_word' id='word_1_496' title='bbox 3303 3702 3437 3755; x_wconf 90' lang='grc' dir='ltr'><strong>κατά</strong></span> <span class='ocrx_word' id='word_1_497' title='bbox 3469 3702 3653 3777; x_wconf 78' lang='grc' dir='ltr'>μάχην</span> 
     </span>
    </p>
   </div>
   <div class='ocr_carea' id='block_1_103' title="bbox 2397 3784 3569 3865">
    <p class='ocr_par' dir='ltr' id='par_1_103' title="bbox 2397 3784 3569 3865">
     <span class='ocr_line' id='line_1_103' title="bbox 2397 3784 3569 3865; baseline 0.002 -23"><span class='ocrx_word' id='word_1_498' title='bbox 2397 3793 2529 3843; x_wconf 78' lang='grc' dir='ltr'>Θεοῦ</span> <span class='ocrx_word' id='word_1_499' title='bbox 2560 3786 2805 3863; x_wconf 88' lang='grc' dir='ltr'>συνάρσει</span> <span class='ocrx_word' id='word_1_500' title='bbox 2838 3784 3214 3862; x_wconf 75' lang='grc' dir='ltr'>συντρίϐοντος</span> <span class='ocrx_word' id='word_1_501' title='bbox 3237 3789 3332 3851; x_wconf 75' lang='grc' dir='ltr'><strong>τὰς</strong></span> <span class='ocrx_word' id='word_1_502' title='bbox 3366 3789 3569 3865; x_wconf 89' lang='grc' dir='ltr'>μάχας,</span> 
     </span>
    </p>
   </div>
   <div class='ocr_carea' id='block_1_104' title="bbox 2221 3872 3488 3953">
    <p class='ocr_par' dir='ltr' id='par_1_104' title="bbox 2221 3872 3488 3953">
     <span class='ocr_line' id='line_1_104' title="bbox 2221 3872 3488 3953; baseline 0 -21"><span class='ocrx_word' id='word_1_503' title='bbox 2221 3879 2360 3932; x_wconf 86' lang='grc'>5705</span> <span class='ocrx_word' id='word_1_504' title='bbox 2398 3876 2669 3953; x_wconf 89' lang='grc' dir='ltr'>Τρόπαιον</span> <span class='ocrx_word' id='word_1_505' title='bbox 2703 3878 2824 3946; x_wconf 72' lang='grc' dir='ltr'>ἱστᾷ</span> <span class='ocrx_word' id='word_1_506' title='bbox 2853 3878 2987 3930; x_wconf 79' lang='grc' dir='ltr'>κατὰ</span> <span class='ocrx_word' id='word_1_507' title='bbox 3011 3872 3295 3951; x_wconf 77' lang='grc' dir='ltr'>βαρϐάρων</span> <span class='ocrx_word' id='word_1_508' title='bbox 3329 3879 3488 3953; x_wconf 82' lang='grc' dir='ltr'>μέγα,</span> 
     </span>
    </p>
   </div>
   <div class='ocr_carea' id='block_1_105' title="bbox 2400 3964 3590 4041">
    <p class='ocr_par' dir='ltr' id='par_1_105' title="bbox 2400 3964 3590 4041">
     <span class='ocr_line' id='line_1_105' title="bbox 2400 3964 3590 4041; baseline 0.001 -21"><span class='ocrx_word' id='word_1_509' title='bbox 2400 3965 2497 4021; x_wconf 80' lang='grc' dir='ltr'>Καὶ</span> <span class='ocrx_word' id='word_1_510' title='bbox 2528 3964 2785 4020; x_wconf 87' lang='grc' dir='ltr'>πλεῖστον</span> <span class='ocrx_word' id='word_1_511' title='bbox 2818 3965 3102 4039; x_wconf 79' lang='grc' dir='ltr'>εἰργάσατο</span> <span class='ocrx_word' id='word_1_512' title='bbox 3137 3964 3378 4020; x_wconf 87' lang='grc' dir='ltr'>Σικελῶν</span> <span class='ocrx_word' id='word_1_513' title='bbox 3410 3967 3590 4041; x_wconf 77' lang='grc' dir='ltr'>φόνον’</span> 
     </span>
    </p>
   </div>
   <div class='ocr_carea' id='block_1_106' title="bbox 2402 4049 3412 4129">
    <p class='ocr_par' dir='ltr' id='par_1_106' title="bbox 2402 4049 3412 4129">
     <span class='ocr_line' id='line_1_106' title="bbox 2402 4049 3412 4129; baseline 0 -22"><span class='ocrx_word' id='word_1_514' title='bbox 2402 4058 2606 4129; x_wconf 89' lang='grc' dir='ltr'>Ζωγρεῖ</span> <span class='ocrx_word' id='word_1_515' title='bbox 2633 4074 2690 4107; x_wconf 89' lang='grc' dir='ltr'><strong>τε</strong></span> <span class='ocrx_word' id='word_1_516' title='bbox 2715 4052 2802 4107; x_wconf 78' lang='grc' dir='ltr'><strong>καὶ</strong></span> <span class='ocrx_word' id='word_1_517' title='bbox 2836 4049 3166 4109; x_wconf 87' lang='grc' dir='ltr'>Βαλδουῖνον</span> <span class='ocrx_word' id='word_1_518' title='bbox 3200 4054 3412 4125; x_wconf 89' lang='grc' dir='ltr'>κόντον,</span> 
     </span>
    </p>
   </div>
   <div class='ocr_carea' id='block_1_107' title="bbox 2402 4139 3628 4215">
    <p class='ocr_par' dir='ltr' id='par_1_107' title="bbox 2402 4139 3628 4215">
     <span class='ocr_line' id='line_1_107' title="bbox 2402 4139 3628 4215; baseline -0.003 -16"><span class='ocrx_word' id='word_1_519' title='bbox 2402 4143 2512 4199; x_wconf 89' lang='grc' dir='ltr'><strong>Τὸν</strong></span> <span class='ocrx_word' id='word_1_520' title='bbox 2541 4139 2821 4215; x_wconf 88' lang='grc' dir='ltr'>Ῥικάρδον</span> <span class='ocrx_word' id='word_1_521' title='bbox 2852 4161 2910 4195; x_wconf 91' lang='grc' dir='ltr'><strong>τε</strong></span> <span class='ocrx_word' id='word_1_522' title='bbox 2938 4141 3027 4194; x_wconf 77' lang='grc' dir='ltr'><strong>καὶ</strong></span> <span class='ocrx_word' id='word_1_523' title='bbox 3058 4139 3391 4198; x_wconf 80' lang='grc' dir='ltr'>Βαλδουῖνον</span> <span class='ocrx_word' id='word_1_524' title='bbox 3423 4142 3628 4211; x_wconf 89' lang='grc' dir='ltr'>κόντον,</span> 
     </span>
    </p>
   </div>
   <div class='ocr_carea' id='block_1_108' title="bbox 2402 4228 3674 4306">
    <p class='ocr_par' dir='ltr' id='par_1_108' title="bbox 2402 4228 3674 4306">
     <span class='ocr_line' id='line_1_108' title="bbox 2402 4228 3674 4306; baseline 0.002 -22"><span class='ocrx_word' id='word_1_525' title='bbox 2402 4228 2508 4291; x_wconf 77' lang='grc' dir='ltr'><strong>Οὓς</strong></span> <span class='ocrx_word' id='word_1_526' title='bbox 2544 4229 2760 4305; x_wconf 81' lang='grc' dir='ltr'>βασιλεῖ</span> <span class='ocrx_word' id='word_1_527' title='bbox 2789 4230 3043 4305; x_wconf 71' lang='grc' dir='ltr'>πέπομφε</span> <span class='ocrx_word' id='word_1_528' title='bbox 3074 4232 3208 4305; x_wconf 88' lang='grc' dir='ltr'>πρὸς</span> <span class='ocrx_word' id='word_1_529' title='bbox 3241 4230 3400 4286; x_wconf 87' lang='grc' dir='ltr'>πόλιν</span> <span class='ocrx_word' id='word_1_530' title='bbox 3428 4233 3674 4306; x_wconf 81' lang='grc' dir='ltr'>κράτους’</span> 
     </span>
    </p>
   </div>
   <div class='ocr_carea' id='block_1_109' title="bbox 2402 4593 3565 4669">
    <p class='ocr_par' dir='ltr' id='par_1_109' title="bbox 2402 4593 3565 4669">
     <span class='ocr_line' id='line_1_109' title="bbox 2402 4593 3565 4669; baseline 0 -19"><span class='ocrx_word' id='word_1_531' title='bbox 2402 4594 2502 4650; x_wconf 82' lang='grc' dir='ltr'>Καὶ</span> <span class='ocrx_word' id='word_1_532' title='bbox 2535 4594 2744 4669; x_wconf 74' lang='grc' dir='ltr'>φωυτὸς</span> <span class='ocrx_word' id='word_1_533' title='bbox 2772 4593 3051 4666; x_wconf 73' lang='grc' dir='ltr'>ἐστέρησεν</span> <span class='ocrx_word' id='word_1_534' title='bbox 3084 4593 3241 4647; x_wconf 78' lang='grc' dir='ltr'>αὐτὸν</span> <span class='ocrx_word' id='word_1_535' title='bbox 3279 4593 3565 4667; x_wconf 84' lang='grc' dir='ltr'>ὀμμάτων.</span> 
     </span>
    </p>
   </div>
   <div class='ocr_carea' id='block_1_110' title="bbox 2400 4681 3507 4762">
    <p class='ocr_par' dir='ltr' id='par_1_110' title="bbox 2400 4681 3507 4762">
     <span class='ocr_line' id='line_1_110' title="bbox 2400 4681 3507 4762; baseline 0.002 -25"><span class='ocrx_word' id='word_1_536' title='bbox 2400 4690 2551 4738; x_wconf 72' lang='grc' dir='ltr'>*Οσοι</span> <span class='ocrx_word' id='word_1_537' title='bbox 2585 4681 2631 4737; x_wconf 84' lang='grc' dir='ltr'>δ’</span> <span class='ocrx_word' id='word_1_538' title='bbox 2663 4682 2885 4739; x_wconf 85' lang='grc' dir='ltr'>Ἰταλῶν</span> <span class='ocrx_word' id='word_1_539' title='bbox 2918 4682 3168 4761; x_wconf 74' lang='grc' dir='ltr'>ἐξέφυγον</span> <span class='ocrx_word' id='word_1_540' title='bbox 3199 4686 3290 4738; x_wconf 86' lang='grc' dir='ltr'><strong>τὸν</strong></span> <span class='ocrx_word' id='word_1_541' title='bbox 3324 4686 3507 4762; x_wconf 71' lang='grc' dir='ltr'>φόνον,</span> 
     </span>
    </p>
   </div>
   <div class='ocr_carea' id='block_1_111' title="bbox 2223 4768 3433 4844">
    <p class='ocr_par' dir='ltr' id='par_1_111' title="bbox 2223 4768 3433 4844">
     <span class='ocr_line' id='line_1_111' title="bbox 2223 4768 3433 4844; baseline -0.002 -15"><span class='ocrx_word' id='word_1_542' title='bbox 2223 4775 2364 4829; x_wconf 89' lang='grc'>5715</span> <span class='ocrx_word' id='word_1_543' title='bbox 2402 4770 2796 4841; x_wconf 79' lang='grc' dir='ltr'>Θεσσαλονίκην</span> <span class='ocrx_word' id='word_1_544' title='bbox 2829 4768 3221 4834; x_wconf 76' lang='grc' dir='ltr'>καταλαϐόντες</span> <span class='ocrx_word' id='word_1_545' title='bbox 3251 4773 3433 4844; x_wconf 76' lang='grc' dir='ltr'>πόλιν,</span> 
     </span>
    </p>
   </div>
   <div class='ocr_carea' id='block_1_112' title="bbox 2402 4860 3613 4939">
    <p class='ocr_par' dir='ltr' id='par_1_112' title="bbox 2402 4860 3613 4939">
     <span class='ocr_line' id='line_1_112' title="bbox 2402 4860 3613 4939; baseline 0.001 -22"><span class='ocrx_word' id='word_1_546' title='bbox 2402 4860 2605 4918; x_wconf 84' lang='grc' dir='ltr'>Ναυσὶν</span> <span class='ocrx_word' id='word_1_547' title='bbox 2636 4860 3049 4931; x_wconf 84' lang='grc' dir='ltr'>ἀπηλλάττοντο</span> <span class='ocrx_word' id='word_1_548' title='bbox 3080 4864 3213 4938; x_wconf 84' lang='grc' dir='ltr'>πρὸς</span> <span class='ocrx_word' id='word_1_549' title='bbox 3241 4864 3338 4931; x_wconf 68' lang='grc' dir='ltr'>τὴν</span> <span class='ocrx_word' id='word_1_550' title='bbox 3363 4861 3613 4939; x_wconf 82' lang='grc' dir='ltr'>πατρίδα·</span> 
     </span>
    </p>
   </div>
   <div class='ocr_carea' id='block_1_113' title="bbox 2402 4949 3420 5027">
    <p class='ocr_par' dir='ltr' id='par_1_113' title="bbox 2402 4949 3420 5027">
     <span class='ocr_line' id='line_1_113' title="bbox 2402 4949 3420 5027; baseline -0.001 -19"><span class='ocrx_word' id='word_1_551' title='bbox 2402 4954 2557 5008; x_wconf 73' lang='lat' dir='ltr'><strong>&quot;ant</strong></span> <span class='ocrx_word' id='word_1_552' title='bbox 2590 4949 2637 5005; x_wconf 83' lang='grc' dir='ltr'>δ’</span> <span class='ocrx_word' id='word_1_553' title='bbox 2664 4951 2974 5014; x_wconf 72' lang='grc' dir='ltr'>ἐναλύοντες</span> <span class='ocrx_word' id='word_1_554' title='bbox 3004 4954 3137 5020; x_wconf 81' lang='grc' dir='ltr'>ἦσαν</span> <span class='ocrx_word' id='word_1_555' title='bbox 3170 4958 3237 5027; x_wconf 79' lang='grc' dir='ltr'>τῇ</span> <span class='ocrx_word' id='word_1_556' title='bbox 3263 4954 3420 5009; x_wconf 83' lang='grc' dir='ltr'>πόλει</span> 
     </span>
    </p>
   </div>
   <div class='ocr_carea' id='block_1_114' title="bbox 2405 5038 3501 5119">
    <p class='ocr_par' dir='ltr' id='par_1_114' title="bbox 2405 5038 3501 5119">
     <span class='ocr_line' id='line_1_114' title="bbox 2405 5038 3501 5119; baseline 0.002 -26"><span class='ocrx_word' id='word_1_557' title='bbox 2405 5040 2569 5094; x_wconf 82' lang='grc' dir='ltr'>Κακοὶ</span> <span class='ocrx_word' id='word_1_558' title='bbox 2601 5045 2778 5101; x_wconf 88' lang='grc' dir='ltr'>κακῶς</span> <span class='ocrx_word' id='word_1_559' title='bbox 2810 5038 3060 5096; x_wconf 79' lang='grc' dir='ltr'>ὥλλυντο</span> <span class='ocrx_word' id='word_1_560' title='bbox 3094 5040 3315 5103; x_wconf 83' lang='grc' dir='ltr'>δικαίως</span> <span class='ocrx_word' id='word_1_561' title='bbox 3344 5041 3501 5119; x_wconf 75' lang='grc' dir='ltr'>ξίφει,</span> 
     </span>
    </p>
   </div>
   <div class='ocr_carea' id='block_1_115' title="bbox 2404 5128 3561 5207">
    <p class='ocr_par' dir='ltr' id='par_1_115' title="bbox 2404 5128 3561 5207">
     <span class='ocr_line' id='line_1_115' title="bbox 2404 5128 3561 5207; baseline 0 -23"><span class='ocrx_word' id='word_1_562' title='bbox 2404 5128 2803 5205; x_wconf 68' lang='grc' dir='ltr'>Ἐπιφθασάσης</span> <span class='ocrx_word' id='word_1_563' title='bbox 2836 5134 3082 5204; x_wconf 79' lang='grc' dir='ltr'>στρατιᾶς</span> <span class='ocrx_word' id='word_1_564' title='bbox 3115 5138 3247 5207; x_wconf 69' lang='grc' dir='ltr'>σιρᾶς</span> <span class='ocrx_word' id='word_1_565' title='bbox 3290 5129 3561 5186; x_wconf 79' lang='grc' dir='ltr'>Αὐσόνων·</span> 
     </span>
    </p>
   </div>
   <div class='ocr_carea' id='block_1_116' title="bbox 2226 5215 3597 5294">
    <p class='ocr_par' dir='ltr' id='par_1_116' title="bbox 2226 5215 3597 5294">
     <span class='ocr_line' id='line_1_116' title="bbox 2226 5215 3597 5294; baseline -0.001 -20"><span class='ocrx_word' id='word_1_566' title='bbox 2226 5220 2367 5274; x_wconf 84' lang='lat'>5720</span> <span class='ocrx_word' id='word_1_567' title='bbox 2406 5219 2605 5278; x_wconf 84' lang='grc' dir='ltr'>Ηάντες</span> <span class='ocrx_word' id='word_1_568' title='bbox 2639 5215 2683 5271; x_wconf 86' lang='grc' dir='ltr'>δ’</span> <span class='ocrx_word' id='word_1_569' title='bbox 2716 5218 3115 5293; x_wconf 80' lang='grc' dir='ltr'>ἀπεσφάττοντο</span> <span class='ocrx_word' id='word_1_570' title='bbox 3149 5218 3366 5274; x_wconf 83' lang='grc' dir='ltr'>Σικελοὶ</span> <span class='ocrx_word' id='word_1_571' title='bbox 3403 5222 3597 5294; x_wconf 84' lang='grc' dir='ltr'>σπάθῃ,</span> 
     </span>
    </p>
   </div>
   <div class='ocr_carea' id='block_1_117' title="bbox 2401 5304 3614 5383">
    <p class='ocr_par' dir='ltr' id='par_1_117' title="bbox 2401 5304 3614 5383">
     <span class='ocr_line' id='line_1_117' title="bbox 2401 5304 3614 5383; baseline 0.002 -23"><span class='ocrx_word' id='word_1_572' title='bbox 2401 5304 2631 5366; x_wconf 82' lang='grc' dir='ltr'>Ἀλλοις</span> <span class='ocrx_word' id='word_1_573' title='bbox 2656 5326 2713 5359; x_wconf 85' lang='grc' dir='ltr'><strong>τε</strong></span> <span class='ocrx_word' id='word_1_574' title='bbox 2742 5306 2977 5369; x_wconf 81' lang='grc' dir='ltr'>πολλοῖς</span> <span class='ocrx_word' id='word_1_575' title='bbox 3009 5305 3255 5381; x_wconf 82' lang='grc' dir='ltr'>ἀνδράσιν</span> <span class='ocrx_word' id='word_1_576' title='bbox 3290 5306 3614 5383; x_wconf 74' lang='grc' dir='ltr'>εὐκαρδίως,</span> 
     </span>
    </p>
   </div>
   <div class='ocr_carea' id='block_1_118' title="bbox 2405 5393 3680 5471">
    <p class='ocr_par' dir='ltr' id='par_1_118' title="bbox 2405 5393 3680 5471">
     <span class='ocr_line' id='line_1_118' title="bbox 2405 5393 3680 5471; baseline 0.002 -23"><span class='ocrx_word' id='word_1_577' title='bbox 2405 5400 2529 5457; x_wconf 87' lang='grc' dir='ltr'>Τοῖς</span> <span class='ocrx_word' id='word_1_578' title='bbox 2559 5393 2603 5449; x_wconf 84' lang='grc' dir='ltr'>δ’</span> <span class='ocrx_word' id='word_1_579' title='bbox 2638 5394 2896 5457; x_wconf 85' lang='grc' dir='ltr'>Ἀλανοῖς</span> <span class='ocrx_word' id='word_1_580' title='bbox 2931 5396 3165 5467; x_wconf 88' lang='grc' dir='ltr'>μάλιστα</span> <span class='ocrx_word' id='word_1_581' title='bbox 3197 5397 3514 5471; x_wconf 76' lang='grc' dir='ltr'>συμμάχοις</span> <span class='ocrx_word' id='word_1_582' title='bbox 3538 5396 3680 5452; x_wconf 85' lang='grc' dir='ltr'>τότε·</span> 
     </span>
    </p>
   </div>
   <div class='ocr_carea' id='block_1_119' title="bbox 2404 5480 3587 5558">
    <p class='ocr_par' dir='ltr' id='par_1_119' title="bbox 2404 5480 3587 5558">
     <span class='ocr_line' id='line_1_119' title="bbox 2404 5480 3587 5558; baseline -0.002 -19"><span class='ocrx_word' id='word_1_583' title='bbox 2404 5482 2727 5558; x_wconf 69' lang='grc' dir='ltr'>Ἀντίρροπα</span> <span class='ocrx_word' id='word_1_584' title='bbox 2754 5480 2986 5555; x_wconf 77' lang='grc' dir='ltr'>δρῶντες</span> <span class='ocrx_word' id='word_1_585' title='bbox 3015 5484 3116 5558; x_wconf 78' lang='grc' dir='ltr'><strong>γάρ</strong></span> <span class='ocrx_word' id='word_1_586' title='bbox 3146 5484 3294 5539; x_wconf 83' lang='grc' dir='ltr'>οὗτοι</span> <span class='ocrx_word' id='word_1_587' title='bbox 3328 5485 3587 5547; x_wconf 82' lang='grc' dir='ltr'>Λατίνους</span> 
     </span>
    </p>
   </div>
   <div class='ocr_carea' id='block_1_120' title="bbox 2406 5572 3681 5648">
    <p class='ocr_par' dir='ltr' id='par_1_120' title="bbox 2406 5572 3681 5648">
     <span class='ocr_line' id='line_1_120' title="bbox 2406 5572 3681 5648; baseline 0 -23"><span class='ocrx_word' id='word_1_588' title='bbox 2406 5578 2497 5626; x_wconf 78' lang='grc' dir='ltr'><strong>Ὧν</strong></span> <span class='ocrx_word' id='word_1_589' title='bbox 2538 5573 2663 5646; x_wconf 80' lang='grc' dir='ltr'>πρὶν</span> <span class='ocrx_word' id='word_1_590' title='bbox 2697 5573 3103 5641; x_wconf 80' lang='grc' dir='ltr'>καθυπὲστησαν</span> <span class='ocrx_word' id='word_1_591' title='bbox 3131 5572 3466 5647; x_wconf 84' lang='grc' dir='ltr'>ἀσπλάγχνῳ</span> <span class='ocrx_word' id='word_1_592' title='bbox 3496 5574 3681 5648; x_wconf 83' lang='grc' dir='ltr'>τρὸπῳ</span> 
     </span>
    </p>
   </div>
   <div class='ocr_carea' id='block_1_121' title="bbox 2228 5658 3419 5734">
    <p class='ocr_par' dir='ltr' id='par_1_121' title="bbox 2228 5658 3419 5734">
     <span class='ocr_line' id='line_1_121' title="bbox 2228 5658 3419 5734; baseline 0.005 -24"><span class='ocrx_word' id='word_1_593' title='bbox 2228 5665 2371 5719; x_wconf 80' lang='grc'>5725</span> <span class='ocrx_word' id='word_1_594' title='bbox 2408 5660 2531 5719; x_wconf 87' lang='grc' dir='ltr'><strong>Ἐπί</strong></span> <span class='ocrx_word' id='word_1_595' title='bbox 2560 5662 2878 5734; x_wconf 69' lang='grc' dir='ltr'>κατασχέσει</span> <span class='ocrx_word' id='word_1_596' title='bbox 2910 5682 2971 5733; x_wconf 82' lang='grc' dir='ltr'><strong>γε</strong></span> <span class='ocrx_word' id='word_1_597' title='bbox 3004 5658 3419 5730; x_wconf 83' lang='grc' dir='ltr'>Θεσσαλονίκης,</span> 
     </span>
    </p>
   </div>
  </div>
