4138 6296
339 368 431 422 217
1852 368 2210 426 cassus.
3615 353 3720 415 218

507 491 745 563 Ἐπῆγον
771 488 925 553 εὐθὺς
952 492 1013 545 τὸ
1044 491 1196 568 ξίφος
1222 494 1355 546 κατὰ
1386 494 1573 566 κάρας,

2108 491 2242 544 ecta
2272 485 2561 558 capitibus
2588 498 2757 540 enses
2788 480 3211 555 impingebant,

511 581 623 634 ΙΙοῦ
656 578 934 654 σύγγονος,
966 580 1283 656 φάσκοντες,
1315 580 1349 649 ἢ
1383 580 1766 658 συμφυλέτης;

513 664 620 727 Οὓς
651 666 775 741 πρὶν
809 666 1022 721 ἀνεῖλον
1058 665 1273 738 δηλαδὴ
1307 670 1442 725 κοιτά
1471 668 1655 726 πόλιν.

511 753 732 811 Τούτων
765 752 821 809 δὲ
850 760 997 819 ναοῖς
1018 758 1495 833 προσπεφευγότας
1524 756 1687 812 πάλιν

517 844 851 920 Σφάττοντες
879 842 1167 919 ἀνέγραζον
1201 845 1253 901 έν
1286 845 1581 922 παρρησίᾳ,

328 935 481 989 5730
518 935 652 1003 Ποῦ,
678 936 785 986 ποῦ
815 937 994 994 παπᾶς
1026 932 1255 1009 πέφυκεν
1280 934 1655 1009 ἀνῃρημένος

288 1009 296 1013 ’
517 1022 624 1081 Οὓς
656 1019 706 1074 έν
740 1024 874 1091 νεῷς
905 1018 1141 1076 ἔκτειναν
1175 1024 1226 1076 οἱ
1262 1023 1539 1099 μιαιφόνοι
1562 1042 1575 1057 ⁸

517 1110 684 1165 Ἐπὶν
718 1108 937 1184 ὑπῆρχε
965 1113 1197 1183 καθορᾷν
1221 1132 1272 1165 τι
1304 1112 1392 1165 καὶ
1424 1112 1569 1181 ξένον

521 1196 665 1258 Τοὺς
696 1197 857 1259 κύνας
886 1198 947 1251 οὐ
980 1198 1225 1272 θίγοντας
1256 1200 1429 1254 ἀστῶν
1460 1202 1725 1272 σωμάτων

518 1289 632 1338 Τῶν
664 1285 992 1359 νεκριμαίων
1026 1284 1294 1362 ἀμφόδοις
1326 1286 1666 1363 ἐρῥιμμένων
1699 1308 1711 1321 ⁵

337 1377 484 1431 5735
520 1376 649 1434 Τοῖς
682 1369 729 1427 δ’
763 1373 986 1428 Ἰταλῶν
1016 1374 1270 1447 πτώμασι
1299 1379 1377 1447 τῷ
1404 1373 1657 1446 τηνικάδε

524 1458 908 1532 Ἑπιμανέντας
939 1460 1131 1515 ἐσθίειν
1162 1462 1298 1517 κατά
1326 1461 1486 1534 κόρον

524 1550 620 1604 Καὶ
650 1544 1043 1622 τυμϐορυκτεῖν
1080 1551 1124 1603 εἰ
1159 1548 1337 1620 δεήσει
1369 1549 1641 1615 πολλάκις
1674 1572 1685 1583 ·

524 1635 713 1699 Οὕτως
744 1635 1000 1706 ἀπηλάθη
1028 1638 1121 1709 μὲν
1154 1636 1213 1691 ἐκ
1242 1636 1534 1701 Θεσσαλίας

524 1727 593 1781 Ἡ
626 1723 885 1793 Σικελική
919 1726 1143 1799 στρατιά
1173 1725 1263 1780 σῦν
1297 1726 1528 1801 αἰσχύνῃ
1562 1745 1573 1758 ·

332 1816 491 1870 5740
531 1815 599 1868 Al
632 1811 689 1868 δὲ
717 1815 958 1888 τριήρεις
986 1815 1040 1868 αἱ
1071 1815 1207 1869 κατὰ
1240 1813 1559 1883 Βυζαντίδος

532 1903 893 1960 Ἐκπλεύσασι
923 1908 1094 1981 σφῶν,
1124 1905 1200 1967 ὡς
1229 1901 1429 1982 ἔφαμεν
1459 1906 1673 1978 ἀνόπιν,

530 1996 727 2053 Κακῶς
756 1996 1022 2056 παθοῦσαι
1052 1993 1188 2068 πρὸς
1220 1998 1470 2068 στρατιᾶς
1494 1994 1745 2050 Αὐσόνων

530 2079 826 2158 Πλείστους
851 2102 908 2135 τε
932 2085 1140 2135 ναυτῶν
1172 2076 1587 2136 ἀποϐάλλουσαι
1622 2082 1775 2156 μόρῳ

528 2170 697 2227 Οὗσαι
730 2169 854 2243 περί
882 2190 987 2223 που
1020 2166 1102 2231 δὶς
1135 2170 1317 2225 ἑκατὸν
1350 2170 1439 2224 καὶ
1471 2168 1637 2226 πλέον

342 2261 497 2315 5745
535 2259 763 2335 νῼχοντ’
792 2257 1044 2332 ἀγεννῶς,
1070 2257 1282 2320 ἀκλεῶς
1312 2259 1449 2332 πρὸς
1479 2257 1715 2335 πατρίδα
1744 2280 1756 2293 ·

488 2351 608 2417 Ὦν,
633 2345 784 2422 φασὶ,
816 2343 1023 2399 πολλαὶ
1054 2343 1345 2400 κατέδυσαν
1373 2346 1447 2408 είς
1476 2348 1637 2420 βάθος

530 2434 680 2490 Κατά
708 2453 769 2507 γε
797 2434 888 2487 τὸν
916 2431 1092 2487 πλοῦν
1117 2436 1438 2506 πνευμάτων
1470 2437 1739 2510 καταιγίσι

532 2526 926 2597 Περιπεσοῦσαι
955 2522 1045 2576 καὶ
1075 2520 1316 2578 κλύδωνι
1343 2523 1429 2577 καὶ
1465 2522 1615 2596 σάλῳ
1649 2544 1661 2555 ·

524 2612 586 2664 Ὠ
618 2609 914 2674 ἀπολέσθαι
946 2613 1081 2664 κατᾶ
1110 2609 1271 2665 τάσδε
1299 2611 1394 2673 τὰς
1430 2611 1612 2686 μάχας

344 2702 499 2756 5750
539 2696 776 2769 Ἀνδρῶν
809 2697 1031 2755 Ἰταλῶν
1068 2698 1331 2773 μαχίμων
1357 2702 1489 2771 πρὸς
1519 2700 1769 2756 Αὐσόνων

543 2787 772 2850 Πλείους
801 2784 995 2862 σχεδόν
1028 2808 1133 2841 που
1159 2786 1491 2861 χιλιοστύων
1527 2786 1677 2843 δέκα·

536 2878 637 2935 Καὶ
672 2878 998 2950 συσχεθῆναι
1026 2876 1161 2930 κατά
1191 2873 1391 2944 διπλῆν
1422 2878 1521 2944 τήν
1557 2879 1742 2952 μάχην

535 2963 764 3040 Ἀνδρας
799 2962 1059 3026 Σικελοὺς
1088 2964 1342 3039 τέτταρας
1375 2962 1632 3039 χιλιάδας
1668 2985 1680 2997 ·

541 3055 608 3111 Οἳ
642 3052 935 3135 δημοσίαις
960 3050 1226 3129 φυλακαῖς
1257 3053 1641 3128 καθειργμένοι

341 3147 503 3202 5755
541 3140 956 3212 Ὥλοντονλιμῷ
985 3140 1075 3194 καὶ
1106 3139 1255 3215 κρύὶι
1287 3141 1375 3194 καὶ
1405 3146 1473 3214 τῇ
1505 3144 1670 3216 νόσῳ,

537 3230 785 3305 Ἥγάγεθ’
817 3229 974 3291 οὗτος
1003 3228 1091 3282 καὶ
1123 3226 1371 3281 σύνευνον
1413 3227 1681 3304 δευτέραν,

534 3320 764 3393 Πρώτης
796 3317 1086 3385 θανούσης,
1116 3315 1283 3371 παῖδα
1315 3318 1483 3393 ῥηγὸς
1511 3319 1779 3395 Οὐγγρίας
1812 3342 1823 3355 ·

536 3406 636 3465 Ἠς
671 3404 734 3458 οὐ
768 3402 1001 3472 θελήσας
1031 3405 1305 3479 νυμφικῆν
1336 3401 1490 3459 δαῖτα
1519 3408 1728 3480 γάμους

536 3495 631 3550 Ἐκ
653 3490 934 3564 δημοσίων
966 3491 1269 3565 χρημάτων
1304 3492 1564 3563 ἓστιάσαι,

342 3586 504 3641 5760
544 3579 737 3637 Φειδοῖ
764 3600 823 3659 τε
844 3578 1053 3634 τούτων
1083 3584 1172 3633 καὶ
1201 3579 1526 3655 φιλοχρύσῳ
1554 3584 1740 3659 τρόπῳ

536 3674 630 3726 Ἐκ
659 3673 769 3724 τῶν
802 3671 893 3723 ὑπ’
922 3669 1082 3722 αὐτὸν
1118 3668 1318 3723 ἀστέων
1353 3670 1606 3739 ὑπηκόων

533 3761 740 3834 Χωρῶν
767 3777 825 3811 τε
856 3755 1066 3811 λοιπῶν
1096 3757 1163 3825 ἦν
1194 3754 1312 3811 τάδ’
1336 3760 1691 3832 ἠρανισμένος
1724 3780 1739 3795 ·

537 3850 632 3902 Ὧν
664 3848 826 3922 χάριν
862 3846 1062 3902 Μυσῶν
1094 3844 1419 3920 ἐκταραχθέν
1452 3868 1568 3909 πως
1598 3844 1750 3911 ἔθνος

538 3936 666 3998 Καθ’
694 3936 872 4006 Αἷμον
903 3932 1106 4001 οἰκοῦν,
1141 3934 1192 3986 οἳ
1224 3931 1610 4003 κικλήσκονται
1645 3936 1879 4013 Βλάχοι,

346 4028 499 4083 5765
541 4021 936 4091 ’Δπεστάτησεν
971 4019 1226 4076 Αὐσόνων
1256 4024 1607 4098 κραταρχίας,

534 4113 842 4188 ’Δφαίρεσιν
875 4114 1021 4186 σφῶν
1055 4111 1381 4185 θρεμμάτων
1420 4115 1735 4188 εὑρηκότες,

2088 575 2333 631 fratrum
2360 589 2600 629 suorum
2628 571 3054 643 gentiliumque
3086 569 3340 624 vindices

2090 680 2238 734 quos
2269 662 2352 717 illi
2386 678 2595 733 nempe
2624 677 2726 731 per
2759 659 2963 715 urbem
2995 661 3386 715 mactaverant

2092 752 2253 819 Quod
2286 750 2335 806 si
2368 750 2466 822 qui
2500 750 2567 805 ad
2601 765 2765 805 sacra
2794 747 2955 819 asyla
2984 747 3418 819 confugiebant,

2091 840 2199 896 hos
2224 838 2565 910 jugulantes
2595 837 2923 893 clamabant
2952 836 3236 905 ferociter,

2097 928 2344 984 Ubinam
2379 931 2469 983 est
2495 927 2723 982 occisus
2755 942 2857 997 per
2884 941 2985 980 vos
3018 924 3328 980 sacerdos?

2096 1033 2230 1073 nam
2260 1021 2317 1071 et
2345 1031 2407 1071 se
2438 1016 2620 1071 sacris
2649 1014 2900 1070 caedibus
2932 1012 3337 1084 impiaverant.

2097 1111 2244 1161 Tum
2285 1108 2342 1160 et
2373 1104 2702 1159 mirandum
2731 1102 3012 1174 quiddam
3044 1102 3236 1157 videre
3263 1100 3446 1171 licuit,

2100 1209 2270 1248 canes
2302 1194 2604 1263 parcentes
2637 1190 2847 1244 civium
2878 1188 3237 1260 corporibus,

2101 1281 2149 1336 si
2181 1297 2307 1353 quae
2339 1281 2597 1352 projects
2618 1278 2895 1350 jacebant
2922 1277 2982 1332 in
3012 1276 3184 1345 vicis;

2103 1374 2189 1427 ast
2224 1368 2502 1425 Italorum
2530 1367 2795 1424 certatim
2827 1368 3108 1424 cadavera

2102 1458 2269 1514 avida
2299 1457 2451 1511 fame
2480 1456 2697 1511 ibidem
2729 1458 3095 1523 devorantes,

2103 1546 2243 1616 quin
2274 1549 2330 1601 et
2355 1544 2638 1617 sepulcris
2669 1560 2819 1616 saepe
2847 1544 3274 1616 protrahentes.

2103 1636 2194 1690 Sic
2225 1650 2255 1689 e
2284 1633 2637 1689 Thessalicis
2670 1632 2874 1703 pulsus
2902 1632 3010 1688 fuit
3041 1633 3262 1688 ﬁnibus

2106 1740 2239 1781 cum
2268 1721 2592 1795 ignominia
2621 1721 2855 1778 Siculus
2888 1722 3199 1777 exercitus.

2103 1811 2392 1867 Triremes
2423 1814 2640 1877 autem,
2670 1814 2734 1865 ut
2762 1810 3033 1882 superius
3064 1811 3341 1881 diximus,

2104 1900 2421 1971 Byzantina
2451 1899 2593 1955 urbe
2624 1900 2910 1972 fugientes
2948 1900 3171 1972 procul,

2106 1989 2257 2045 male
2286 2007 2319 2045 a
2351 1993 2607 2045 Romano
2640 1988 2827 2045 milite
2857 1993 2995 2045 sunt
3033 1988 3346 2057 mulctatus,

2104 2083 2281 2150 atque
2310 2078 2633 2134 amiserunt
2662 2077 2978 2149 plurimam
3010 2079 3240 2133 turbam
3274 2078 3572 2134 nauticam
3606 2094 3619 2132 :

2103 2182 2355 2238 cumque
2386 2167 2646 2221 ducentae
2675 2169 2871 2222 essent
2896 2166 2985 2222 vel
3015 2166 3189 2223 etiam
3221 2166 3441 2238 plures,

2103 2255 2350 2328 turpiter
2378 2254 2537 2310 victas
2571 2255 2869 2325 fugiebant
2897 2255 2955 2309 in
2992 2256 3239 2327 patriam
3277 2274 3288 2310 :

2105 2360 2352 2413 quarum
2386 2343 2706 2414 permultas
2738 2344 2893 2400 fama
2922 2349 3010 2399 est
3040 2344 3098 2399 in
3131 2360 3305 2400 cursu

2103 2437 2409 2486 ventorum
2440 2432 2555 2485 vim
2588 2448 2894 2502 perpessas
2924 2437 2981 2488 et
3007 2435 3392 2505 tempestatis,

2108 2520 2423 2590 naufragae
2455 2519 2647 2574 medio
2679 2519 2919 2591 periisse
2951 2520 3118 2576 mari.

2106 2608 2294 2671 Quare
2324 2607 2382 2662 in
2416 2606 2508 2662 his
2540 2606 2755 2678 praeliis
2785 2608 3095 2666 bellatores
3122 2611 3247 2666 Itali

2107 2700 2311 2750 contra
2340 2695 2669 2751 Romanum
2709 2697 3070 2754 decertantes
3104 2699 3349 2756 militem

2108 2782 2510 2838 occubuerunt
2542 2785 2740 2839 decem
2774 2786 2954 2841 ferme
2987 2788 3145 2844 mille
3177 2805 3190 2844 :

2108 2871 2488 2943 terrestrique
2517 2872 2695 2927 simul
2724 2880 2780 2929 et
2811 2875 3104 2931 maritimo

2107 2959 2259 3015 bello
2290 2965 2431 3015 sunt
2460 2961 2613 3031 capti
2644 2965 2850 3032 quater
2882 2963 3041 3019 mille
3071 2965 3270 3031 Siculi,

2111 3046 2211 3118 qui
2244 3047 2576 3104 carceribus
2606 3048 2857 3120 publicis
2883 3051 3142 3107 conclusi

2107 3132 2313 3206 frigori
2345 3142 2483 3192 sunt
2512 3139 2699 3194 enecti
2731 3145 2788 3195 et
2817 3141 3019 3196 morbo
3051 3145 3107 3196 et
3136 3141 3310 3196 fame.

2033 3189 2073 3256 ὓ
2106 3189 2361 3279 Αιίὲιιιιω
2393 3227 2558 3281 duxit
2584 3227 2841 3284 Isaacius
2872 3230 3201 3301 conjugem,

2108 3315 2339 3367 mortua
2364 3312 2577 3384 priore,
2609 3314 2879 3386 Ungarici
2909 3318 3061 3389 regis
3092 3317 3269 3373 filiam
3301 3335 3313 3372 :

2107 3416 2355 3469 quarum
2387 3403 2725 3474 nuptiarum
2757 3405 3164 3477 sponsalisque
3195 3423 3421 3480 pompae

2108 3488 2311 3543 nolens
2343 3490 2413 3545 de
2444 3490 2583 3546 ﬁsco
2616 3491 2771 3562 regio
2802 3492 3101 3563 impensas
3134 3496 3340 3562 facere,

2106 3577 2247 3631 dum
2280 3577 2414 3631 huic
2445 3579 2626 3647 parcit
2654 3580 2841 3635 victus
2872 3582 3133 3651 avaritia,

2106 3666 2276 3734 ccepit
2303 3667 2609 3735 pecuniam
2638 3671 2893 3726 subditis
2923 3689 2992 3727 ex
3022 3673 3269 3729 urbibus

2105 3758 2163 3808 et
2192 3752 2434 3825 reliquis
2465 3755 2722 3813 castellis
2749 3775 3086 3817 coacervare
3114 3780 3126 3817 :

2103 3845 2258 3900 unde
2291 3846 2565 3900 commoti
2597 3848 2797 3917 populi
2829 3850 3164 3922 Moesorum,

2105 3930 2307 3987 incola:
2338 3931 2542 3998 Haemi,
2574 3934 2675 4004 qui
2705 3935 2983 3992 dicuntur
3013 3939 3230 4007 Blacbi,

2102 4020 2278 4075 ﬁdem
2305 4025 2563 4077 Romano
2598 4028 2885 4093 negarunt
2914 4026 3179 4099 imperio,

2103 4116 2423 4179 propterea,
2455 4112 2607 4180 quod
2638 4113 2763 4167 suis
2794 4115 3066 4187 gregibus
3096 4120 3516 4192 spoliabantur,

532 4203 651 4270 Τὴν
726 4200 1077 4275 Πατρόγλους
1162 4203 1278 4273 (65)
1360 4202 1675 4279 τρῶφασιΛ,
1844 4226 1986 4281 φησι.

2108 4195 2385 4252 Patroclis
2416 4200 2661 4271 occasio,
2698 4206 2760 4256 ut
2790 4208 2877 4259 est
2908 4205 2964 4259 in
2998 4210 3317 4277 proverbio.

1653 4289 1857 4365 [λόγος.

534 4376 635 4432 Καῖ
667 4375 1166 4453 συνεπαλείφουσαν
1198 4376 1392 4438 αὐτοὺς
1419 4379 1554 4450 πρὸς
1584 4376 1708 4432 τόδε

537 4463 696 4520 Δυάδ’
727 4462 977 4540 ἀδελφῶν
1012 4464 1239 4533 Ἀσάνην
1271 4486 1328 4519 τε
1355 4465 1445 4519 καὶ
1477 4467 1674 4540 Πέτρον
1702 4486 1714 4498 ·

349 4557 497 4611 5770
535 4553 638 4619 Καὶ
669 4549 864 4607 τούσδε
894 4549 1107 4612 Μυσοὺς
1135 4553 1222 4605 καὶ
1252 4553 1403 4625 γένος
1434 4554 1521 4607 καὶ
1552 4556 1641 4609 τὸν
1677 4554 1876 4629 τρόπον
1912 4576 1922 4587 ·

539 4642 601 4695 Οἳ
635 4639 761 4712 πρὶν
796 4638 1077 4701 ὀκνοῦντας
1114 4636 1418 4715 βαρϐάρους
1448 4642 1788 4719 συμφυλέτας

543 4726 901 4784 Ἀποστασίαν
933 4727 1023 4782 καὶ
1052 4729 1114 4781 τὸ
1148 4729 1373 4803 ῥαγῆναι
1396 4730 1645 4803 κράτους,

545 4821 690 4892 Σφᾶς
721 4812 1189 4889 παραθαρρύνουσι
1221 4813 1643 4891 δραματουργία,

538 4910 603 4959 ἸΙ
641 4901 851 4975 μᾶλλον
887 4903 1045 4956 εἶπεῘύν
1083 4900 1435 4974 δαιμονιώδει
1467 4902 1662 4979 πλάνῃ,

354 4996 501 5050 5775
541 4996 814 5066 Περιφανῆ
847 4988 1118 5058 κτίζουσιν
1147 4992 1288 5063 ἱερὸν
1323 4988 1491 5062 δόμον

547 5074 884 5153 Μυροϐλύτῃ
917 5081 1029 5150 (66)
1064 5080 1292 5154 μάρτυρι
1324 5083 1403 5150 τῷ
1435 5080 1752 5153 Δημητρίῳ,

2058 4374 2059 4377 “
2101 4374 2184 4428 Ad
2219 4373 2275 4428 id
2308 4381 2584 4445 praeterea
2611 4379 2837 4436 facinus
2869 4387 3003 4437 sunt
3034 4385 3320 4456 compulsi

2104 4480 2137 4517 a
2168 4463 2445 4519 fratribus
2479 4467 2711 4522 duobus
2745 4477 2935 4526 Asane
2965 4476 3022 4526 et
3053 4476 3218 4528 Petro

2027 4536 2074 4601 D
2106 4550 2301 4607 Mmsis
2330 4559 2387 4609 et
2416 4554 2560 4625 ipsis
2591 4572 2798 4626 genere
2828 4565 2886 4613 et
2917 4560 3169 4632 ingenio.

2106 4643 2173 4697 Hi
2207 4643 2512 4715 populares
2541 4663 2701 4716 suos,
2733 4649 2833 4719 qui
2865 4651 3109 4707 deficere

2107 4750 2140 4787 a
2172 4734 2433 4803 partibus
2462 4735 2689 4807 imperii
2721 4741 3137 4812 subtimebant,

2106 4828 2461 4877 exacuerunt
2487 4825 2693 4882 callido
2722 4830 2986 4895 artiﬁcio,

2107 4927 2209 4966 seu
2241 4911 2595 4969 dzemoniaca
2625 4916 2844 4985 fraude,
2877 4924 2942 4973 ut
2971 4923 3187 4979 rectius
3216 4923 3425 4981 dicam.

2109 5000 2491 5070 Splendidum
2519 5004 2611 5058 isti
2645 5007 3032 5064 condiderunt
3066 5012 3265 5068 fanum

2108 5090 2398 5145 Demetrio
2433 5095 2672 5166 martyri
2704 5097 3128 5169 unguenliﬂuo,

430 5276 541 5343 (65)
570 5274 707 5329 Cod.
742 5272 1075 5348 Πάτροκλος.
1112 5275 1191 5348 De
1224 5276 1295 5329 iis
1326 5276 1437 5330 dici
1473 5279 1841 5348 proverbium
1876 5280 1999 5336 Dio-

363 5348 654 5418 genianus
684 5362 783 5413 vn,
817 5347 905 5418 47,
934 5346 1036 5414 ait,
1062 5347 1161 5415 qui
1186 5363 1317 5401 cum
1354 5346 1615 5418 proprias
1643 5350 2001 5408 calemilates

354 5415 425 5473 ob
458 5415 1033 5491 metum_deplorare
1054 5434 1177 5491 _non
1226 5415 1586 5491 ausi—ntfsub
1631 5420 1821 5476 alieno
1855 5440 1999 5491 prae-

356 5493 515 5543 textu
550 5504 649 5543 eas
680 5487 916 5541 deﬂent.
944 5487 1021 5542 Do
1054 5488 1312 5544 Patroclo
1344 5490 1748 5546 sordidissimo
1778 5487 1995 5549 Aristo-

362 5560 583 5631 phanes
617 5558 677 5611 in
711 5557 876 5612 Pluto
910 5576 949 5622 ι,
976 5560 1063 5613 28.

431 5631 543 5701 (66)
574 5632 1038 5700 Cognomentum
1090 5630 1196 5685 hoc
1234 5634 1289 5683 S.
1325 5630 1613 5687 Demetrio
1662 5634 2000 5690 attribuitur

2109 5281 2280 5356 etiam
2312 5283 2369 5337 in
2400 5292 2673 5356 argentea
2698 5288 2907 5343 tabella
2939 5308 3067 5346 cum
3104 5292 3193 5348 his
3248 5293 3452 5351 litteris
3485 5301 3538 5351 in
3574 5300 3739 5354 Chri-

2109 5354 2315 5439 stianis
2348 5354 2844 5439 inscriptionibus.
2872 5360 3009 5439 Αῦτῃ
3044 5365 3077 5429 ἡ
3135 5364 3367 5436 στάμνος
3427 5367 3573 5439 φέρει
3636 5370 3736 5439 μύ-

2110 5441 2199 5506 ρΟΪ
2235 5423 2382 5496 ἅγιον
2495 5420 2592 5510 ξτὸῦ
2626 5428 2850 5510 Win“
2891 5420 3301 5504 ἀντλῆἓτασα,’ἐν
3439 5420 3741 5510 ’τύξσῶιλα

2106 5498 2201 5579 τοῦ
2263 5493 2802 5567 μυροὸλύτουθείου
2859 5493 3173 5577 Δημητρίου
3206 5493 3388 5561 ’τοῦτο
3436 5493 3737 5579 ἀναδλύξον

2106 5584 2298 5619 κειται.
