4138 6296
328 308 436 365 223
1539 316 1909 371 ΕΡΗΒΕΜΠ
1948 317 1962 368 <

2080 314 2513 373 tONOGRAPHl
3610 321 3714 377 224

332 434 863 490 inconsummatum
896 450 1125 507 operam
1158 437 1457 507 omittens,

1995 439 2051 505 Α
2256 439 2358 493 Kal
2391 444 2616 516 τοῦργον
2652 441 2908 511 ἀνήνυτον
2934 442 3171 519 ἀφεικὼς
3203 440 3365 498 πάλιν

333 523 545 577 iterum
578 522 795 594 regiam
830 523 1001 579 rediit
1029 524 1089 579 in
1122 527 1349 581 urbem.

2071 526 2209 581 5895
2252 526 2392 602 Πρὸς
2421 529 2518 595 τὴν
2557 527 2946 602 βασιλεύουσαν
2979 527 3161 584 εἴσεισι
3193 529 3378 587 πόλιν·

332 609 561 665 Scilicet
590 610 843 682 pulchrae
870 612 1059 683 gratia
1088 615 1496 684 Pr0pontidos,

2248 618 2317 673 Al
2350 616 2569 690 χάριτες
2597 619 2702 692 γάρ
2732 616 3037 688 τῆςκαλῆς
3070 618 3440 694 Κροποντίδος

334 698 714 755 aediﬁciorum
747 701 1056 756 commoda
1084 704 1141 756 et
1168 706 1430 773 ornatus,

2250 705 2318 759 Al
2345 704 2609 761 καλλοναί
2640 727 2697 761 τε
2725 704 2889 775 τῆσδε
2918 707 3007 762 καὶ
3038 707 3220 780 κάλλη
3266 707 3473 782 δόμων,

334 786 566 843 venatio
595 786 785 843 dulcis
815 792 874 842 et
903 787 1081 843 simul
1112 790 1414 861 equitatio,

2251 793 2468 867 Τερπνά
2498 795 2795 868 κυνηγέσια
2826 794 2915 849 σὺν
2950 795 3200 867 ίππασίᾳ,

336 875 592 947 piscium
621 876 834 946 praeda,
868 892 1003 931 cum
1036 875 1455 949 hilaritatibus,

2256 884 2375 934 Σῶν
2410 881 2616 956 ἰχθύων
2649 879 2785 957 ἄγρα
2814 903 2870 937 τε
2900 883 2990 937 σὺν
3034 882 3262 958 εὐθυμία

336 964 437 1019 diu
468 963 860 1035 longinquum
894 981 1008 1021 non
1039 965 1311 1022 sinebant
1341 970 1641 1038 Caesarem,

2074 981 2216 1035 5900
2253 978 2468 1053 Maxpdv
2504 985 2723 1054 θυραῖον
2754 982 3039 1056 τυγχάνειν
3072 981 3169 1036 οὐκ
3196 982 3368 1056 ἠφίει,

336 1054 439 1109 sed
472 1054 543 1109 ad
574 1053 888 1108 fruendum
923 1069 1051 1110 sese
1082 1056 1528 1127 compellebant.

2256 1066 2429 1124 Ἀλλὰ
2452 1066 2668 1144 τρέχειν
2701 1067 2927 1144 ἤπειγον
2960 1069 3117 1125 αὐτὸν
3147 1071 3284 1143 πρὸς
3314 1068 3459 1138 τάδε,

339 1142 548 1198 Asanis
578 1158 811 1214 quoque
843 1158 1078 1198 uxorem
1110 1146 1299 1199 Caesar
1328 1145 1481 1216 cepit

2256 1157 2525 1231 Κατέσχιν
2559 1157 2684 1227 ἄναξ
2714 1158 2955 1232 γαμετὴν
2990 1158 3146 1215 Ἀσὰν
3178 1158 3320 1227 τότε,

338 1232 695 1304 tertiumque
726 1248 793 1287 ex
824 1232 954 1302 ejus
985 1233 1263 1289 fratribus
1295 1233 1579 1291 Joannem

2257 1246 2355 1301 Kal
2391 1246 2611 1317 θάτερον
2643 1243 2699 1299 δὶ
2733 1245 3013 1320 συγγόνων
3042 1246 3293 1318 Ἰωάννην

339 1320 565 1376 obsidis
594 1320 718 1376 loco
750 1321 1032 1376 traditum
1065 1323 1308 1393 accepit.

2255 1331 2491 1411 Εῗληφε,
2528 1330 2729 1388 δόντων
2764 1333 2839 1396 εἷς
2882 1334 3143 1410 ὁμηρείας
3176 1334 3361 1411 λόγον·

341 1408 535 1463 Nihilo
567 1407 660 1462 hic
691 1412 886 1463 tamen
921 1408 1117 1464 minus
1148 1414 1351 1481 postea
1382 1411 1581 1466 nocuit

2080 1424 2223 1479 5905
2259 1422 2356 1483 Ὅς
2384 1407 2607 1497 ὕστερόν
2639 1419 2864 1496 δέδρακε
2892 1407 3178 1496 Ῥωμαίων
3216 1407 3406 1488 πόλεις

341 1514 442 1569 pro
476 1514 584 1552 sua
616 1496 839 1553 malitia
869 1498 1125 1568 pessima
1158 1498 1736 1571 Romaniszurbibus.

2259 1510 2497 1566 Κάκιστα
2524 1511 2764 1578 πάντων,
2793 1516 2890 1584 φεῦ
2926 1514 3318 1587 μισανθρώπου
3345 1512 3551 1589 τρόπου
3577 1516 3588 1569 ι

338 1593 542 1649 Adhuc
572 1597 808 1650 tenente
838 1593 1152 1667 imperium
1185 1597 1404 1653 Isaacio

2261 1598 2474 1655 Τούτου
2504 1603 2837 1673 κρατοῦντος
2866 1604 2963 1654 τοῦ
2998 1599 3278 1675 βασιλείου
3309 1603 3558 1674 κράτους,

340 1682 546 1738 defecit
577 1682 815 1753 quidam
848 1684 1202 1755 Mancaphas
1234 1687 1581 1757 cognomine

2261 1688 2669 1757 Ἀποστατήσας
2700 1687 2789 1741 καὶ
2824 1690 3123 1765 Μαγκαφᾶς
3151 1687 3455 1759 τούπίκλην

340 1770 850 1843 Philadelphensis
882 1771 1024 1827 civis
1053 1772 1394 1828 Theodorus

2006 1782 2050 1846 Β
2260 1772 2537 1849 Θεόδωρός
2560 1795 2641 1836 τις
2671 1773 3046 1849 Φιλαδελφεὺς
3077 1780 3156 1849 τῷ
3185 1780 3352 1852 γένει,

342 1859 649 1931 Lydimque
679 1863 737 1916 et
764 1862 964 1932 patriai
999 1862 1213 1917 invaﬁit
1244 1864 1613 1931 tyrannidem
2082 1876 2224 1930 5910
2262 1876 2661 1946 Κατατυραννεῖ
2690 1872 2951 1945 πατρίδος
2977 1874 3068 1928 καί
3100 1872 3318 1946 Λυδίας,

343 1954 518 2020 atque
551 1950 726 2004 urbes
758 1949 1031 2020 plurimis
1057 1950 1328 2007 multavit
1357 1953 1591 2008 damnis

2267 1961 2369 2018 Kal
2402 1962 2633 2016 πλεῖστα
2666 1959 2854 2015 δεινῶν
2890 1962 3173 2038 εἰργάσατο
3202 1966 3300 2025 τάς
3329 1966 3538 2034 πόλεις,

340 2052 475 2091 cum
507 2036 715 2093 harum
748 2038 933 2109 pagis,
967 2038 1186 2094 circum
1218 2054 1382 2096 arma
1412 2040 1623 2096 ferens.

2262 2051 2464 2124 Κώμας
2488 2070 2546 2105 τε
2576 2048 2771 2111 λοιπὰς
2803 2052 2887 2111 αῖς
2920 2036 3073 2123 ἐπγςει
3108 2051 3198 2106 σὺν
3233 2052 3447 2118 ὅπλοις.

341 2133 769 2205 Philadelphia:
790 2136 979 2191 Caesar
1000 2120 1081 2190 \ad
1117 2136 1261 2191 lines
1292 2137 1531 2193 veniens

2261 2120 2422 2209 Ἀναξ
2455 2135 2500 2192 δ’
2530 2136 2748 2199 ἐπιστὰς
2781 2120 3179 2213 Φιλαδελφείας
3209 2141 3359 2214 ὅροις

343 2218 404 2277 ln
440 2239 547 2278 sua
578 2223 767 2295 patria
795 2223 1085 2282 conclusit
1116 2224 1415 2293 rebellem,

2261 2230 2609 2304 ’Έμφρουρον
2643 2224 2800 2281 αὐτὸν
2836 2225 3120 2301 ἐγκαθιστᾷ
3149 2228 3390 2302 πατρίδι,

346 2312 446 2381 qui
478 2316 617 2367 tunc
660 2312 933 2367 idoneum
965 2316 1174 2369 nactus
1208 2318 1295 2368 est
1326 2329 1612 2386 agnomen

2085 2319 2226 2373 5915
2261 2313 2432 2371 Ἦνίκ’
2473 2312 2827 2386 έπωνόμαστο
2858 2314 2947 2367 καὶ
2982 2313 3111 2387 μάλ’
3153 2314 3376 2379 ἐνδίκως

344 2400 538 2457 dictus
570 2402 642 2457 ab
674 2401 819 2457 actis
852 2403 1052 2458 fatuus
1080 2401 1444 2459 Theodorus.

2262 2405 2322 2461 '0
2352 2401 2790 2476 Μωροθεόδωρος
2823 2400 2881 2457 ἐκ
2908 2407 3016 2457 τῶν
3051 2406 3407 2479 πραγμάτων.

343 2489 488 2544 Cum
521 2489 887 2561 Philadelphi
920 2499 1111 2546 tamen
1142 2490 1301 2547 haud
1336 2496 1534 2563 posset
1567 2494 1768 2549 urbem

2264 2490 2417 2561 Πλὴν
2453 2492 2529 2562 μή
2559 2488 2808 2560 δυνηθεὶς
2833 2492 2932 2560 τήν
2965 2490 3313 2570 Φιλαδέλφου
3343 2493 3503 2549 πόλιν

344 2594 549 2649 capere
578 2582 770 2635 Caesar
801 2580 853 2634 vi
884 2580 1209 2652 peritiaque
1242 2580 1471 2652 bellica,

2263 2580 2426 2650 ’Ἄναξ
2458 2579 2600 2634 ἑλεῖν
2632 2576 2827 2640 ὅπλοις
2855 2600 2914 2633 τε
2942 2579 3033 2633 καὶ
3065 2582 3434 2658 στρατηγίαις,

343 2669 499 2739 quod
532 2668 639 2724 fuit
669 2669 985 2741 reliquum,
1018 2670 1383 2726 conditiones
1415 2670 1627 2727 obtulit
1660 2689 1673 2727 :

2265 2669 2411 2744 ῙΙρὸς
2439 2662 2793 2739 συμϐιϐάσεις
2815 2664 3060 2741 δεύτερον
3093 2666 3263 2724 πλοῦν
3297 2670 3512 2746 ἐτράπη

339 2781 545 2837 nempe
577 2772 637 2821 ut
667 2766 951 2838 depositis
985 2767 1217 2838 imperii
1247 2767 1584 2840 insignibus

2088 2768 2229 2822 5920
2264 2767 2352 2827 Ὠς
2384 2762 2443 2818 ἂν
2468 2767 2800 2839 Μαγκαφᾶς,
2821 2767 3122 2839 παράσημα
3147 2770 3243 2822 τοῦ
3271 2768 3498 2841 κράτους

341 2855 626 2926 privatam
656 2856 835 2911 vitam
868 2857 1220 2929 Mancaphas
1252 2857 1539 2928 exigeret;

2264 2851 2471 2926 Ῥίψας,
2502 2853 2617 2906 καθ’
2649 2851 2807 2907 αὐτὸν
2837 2854 2927 2907 τὸν
2966 2852 3080 2927 βίον
3114 2851 3352 2929 διανύτῃ,

344 2944 487 3000 urbs
512 2948 712 2999 autem
742 2948 995 3000 veterem
1026 2946 1288 3001 ordinem
1321 2946 1621 3018 reciperet,

2268 2943 2403 3011 Ἦθη
2440 2940 2497 2995 δὲ
2523 2941 2591 2994 τά
2618 2939 2744 3015 πρὶν
2776 2942 2809 3008 ἡ
2842 2940 3004 3002 πόλις
3035 2937 3300 3016 ἀναλάϐῃ,

344 3047 520 3102 seque
550 3031 727 3103 priori
757 3032 995 3088 domino
1023 3032 1411 3088 submitteret.

2268 3032 2367 3084 Kal
2394 3028 2558 3084 πάλιν
2588 3028 2824 3083 ἷθῦνοιτο
2856 3030 2980 3099 παρ’
3012 3029 3074 3083 οὗ
3104 3031 3189 3083 καὶ
3224 3028 3412 3085 πάλαι.

344 3120 700 3193 Mancaphas
727 3126 923 3177 tamen
956 3122 1293 3193 profugiens
1324 3123 1395 3178 ad
1428 3121 1751 3190 sultanum,

2009 3123 2052 3189 ο
2264 3123 2561 3193 Μαγκαφᾶς
2594 3115 2749 3178 οὗτος
2778 3117 3063 3190 πάοσρυεὶς
3091 3116 3171 3189 τῷ
3203 3117 3488 3191 σουλτάνῳ

340 3209 545 3265 Turcis
576 3210 897 3281 assumptis
926 3225 1127 3265 secum
1161 3208 1567 3281 auxiliaribus,

2095 3219 2226 3273 5925
2307 3216 2578 3288 Τούρκους
2652 3235 2709 3268 τε
2764 3208 2946 3268 λαϐὼν
3028 3217 3353 3291 συμμάχους
3440 3217 3557 3271 κατ’
3611 3215 3729 3272 Αὖ-

3444 3304 3664 3377 [σόνων,

340 3388 586 3442 Romani
618 3386 850 3459 imperii
881 3387 1028 3443 ﬁnes
1060 3387 1422 3444 incursabat.

2263 3393 2458 3463 Χώρας
2490 3388 2644 3462 ἐπῄει
2674 3390 2985 3462 Ῥωμαϊκὰς
3019 3384 3303 3465 ἐκτρίϐων,

344 3475 559 3531 Missus
592 3492 725 3531 cum
760 3477 929 3532 donis
960 3477 1190 3549 legatus
1220 3477 1292 3532 ad
1326 3477 1653 3547 sultanum,

2267 3477 2493 3538 Σταλεῖς
2525 3474 2583 3531 δὶ
2608 3475 2701 3530 σὺν
2732 3478 2981 3552 χρήμασι
3007 3473 3240 3552 πρέσϐυς
3275 3476 3552 3550 σουλτάνῳ

345 3564 727 3636 Mancapham
759 3570 1051 3622 annuente
1081 3566 1311 3621 reduxit
1342 3565 1574 3622 sultano

2265 3566 2367 3622 Kal
2398 3563 2550 3620 τόνδε
2580 3560 2762 3619 λαϐὼν
2796 3564 3098 3621 κατανεύσει
3130 3566 3448 3635 σουλτάνου,

347 3652 565 3723 regiam
598 3654 668 3708 ad
703 3654 926 3722 urbem,
959 3656 1157 3725 ibique
1180 3656 1371 3710 Caesar
1397 3653 1606 3710 vinclis

2267 3657 2407 3731 Πρὸς
2443 3652 2698 3729 βασιλίδα
2725 3656 2827 3723 τὴν
2857 3654 3019 3709 πόλιν
3052 3655 3321 3733 ἀναφέρει,

349 3744 745 3813 perpetuoque
777 3742 946 3798 illum
973 3743 1196 3799 addixit
1225 3744 1463 3800 carceri.

2088 3748 2231 3803 5930
2269 3746 2371 3802 Kal
2401 3742 2573 3816 δεσμά
2593 3743 2681 3797 καὶ
2712 3742 2975 3817 κάθειρξιν
3008 3742 3220 3814 ἄληκτα
3249 3745 3414 3821 φέρει.

349 3830 592 3901 Cognita
621 3847 711 3886 res
745 3830 962 3887 sultani
994 3832 1222 3888 exacuit
1255 3832 1464 3888 lratres

2268 3831 2369 3887 Kal
2399 3834 2564 3885 τοῦτο
2594 3830 2873 3905 παρώξυνε
2904 3827 3131 3884 σουλτάν
3160 3831 3456 3905 συγγόνους

349 3922 419 3978 ad
456 3922 819 3978 iracundiam
846 3922 1157 3994 plurimam
1190 3931 1363 3995 atque
1393 3925 1466 3979 ad
1499 3939 1683 3990 arma,

2270 3919 2411 3995 Πρὸς
2439 3921 2537 3989 τὴν
2569 3924 2686 3973 κατ’
2717 3918 2887 3972 αὐτοῦ
2919 3916 3005 3973 καί
3041 3918 3228 3994 μάχην
3261 3919 3349 3973 καὶ
3385 3917 3595 3992 μανίαν.

348 4009 653 4081 perﬁdiam
687 4008 1067 4065 criminantes
1099 4011 1253 4081 quod
1288 4009 1624 4081 prodiderat

2266 4007 2479 4083 ’Έγκλη
2494 4006 2567 4080 μά
2597 4008 2647 4061 οἱ
2679 4005 2938 4084 φέροντας
2968 4004 3155 4061 ἀδίκου
3189 4005 3347 4077 δίκης

352 4114 663 4155 munerum
692 4099 878 4171 gratia
909 4100 1276 4171 transfugam
1307 4099 1419 4154 sibi
1451 4100 1795 4171 supplicem.

1791 4142 1795 4154 .
2268 4093 2676 4172 Καταπροδόντι
2706 4095 2989 4172 πρόσφυγα
3020 4092 3207 4170 δώρων
3243 4096 3425 4170 χάριν.

350 4191 598 4260 Jamque
627 4188 807 4244 armis
830 4188 1129 4244 sultanum
1161 4188 1489 4259 aggressuri
1520 4192 1707 4252 erant,

2092 4190 2232 4246 5935
2272 4186 2371 4243 Kal
2399 4188 2523 4259 τάχ’
2552 4183 2611 4239 ἂν
2640 4183 2919 4257 ἠμύναντο
2948 4187 3135 4238 τοῦτον
3164 4188 3278 4242 τοῖς
3309 4181 3526 4254 ὅπλοις,

352 4279 467 4333 nisi
498 4279 590 4334 hic
621 4280 900 4351 speciosis
932 4295 1053 4333 rem
1086 4281 1397 4350 purgasset
1427 4277 1619 4331 verbis
1654 4292 1667 4331 :

2268 4277 2338 4332 Εἴ
2371 4277 2446 4347 μὴ
2477 4274 2641 4338 τιθεὶς
2674 4271 2941 4349 πρόφασιν
2976 4270 3203 4346 εὔλογον
3231 4270 3393 4345 τάχα·

355 4379 435 4435 ait
465 4378 622 4435 enim
656 4378 948 4433 hominem
983 4395 1015 4432 a
1044 4394 1106 4432 se
1138 4374 1335 4447 patriae
1368 4374 1656 4429 redditum

2268 4366 2532 4437 ’Έφασκεν
2566 4364 2726 4417 αὐτὸν
2756 4358 3051 4415 ἀποδοῦναι
3085 4357 3306 4434 πατρίδι

352 4470 466 4523 fide
496 4467 859 4539 interposita,
895 4482 966 4521 ne
998 4464 1083 4521 vel
1118 4467 1461 4530 moreretur,

2017 4475 2064 4538 D
2272 4455 2388 4508 Ἐπ’
2418 4450 2685 4539 ἀσφαλείᾳ
2718 4452 2855 4523 μήτε
2887 4454 3061 4513 θανεῖν
3099 4446 3384 4539 μηδόλωςλν

350 4574 489 4613 neve
521 4536 669 4628 quid
696 4556 831 4611 mali
864 4558 1164 4627 pateretur
1194 4568 1455 4623 corpore.

2018 4536 2052 4538 —
2272 4542 2417 4611 Μήτ’
2450 4539 2524 4601 εἷς
2551 4537 2715 4610 δέμας
2744 4560 2795 4592 τι
2825 4543 2930 4592 τῶν
2964 4539 3141 4591 κακῶν
3174 4536 3514 4591 πεπονθέναι.

349 4647 454 4702 Per
483 4623 627 4700 illud
659 4623 890 4716 tempus
925 4660 1019 4699 rex
1051 4658 1282 4714 quoque
1313 4639 1669 4695 Alamanniae

1661 4657 1669 4692 ι
2092 4632 2234 4686 5940
2270 4634 2356 4700 Τῷ
2384 4632 2680 4699 τηνικαῦτα
2708 4627 2798 4680 καὶ
2962 4623 3295 4696 ’Λλαμανίας

351 4736 514 4792 misit
543 4735 763 4806 legatos
793 4734 892 4803 qui
926 4736 1200 4804 rogarent
1231 4731 1516 4786 Cmsarem

2267 4717 2517 4775 Ἕστειλε
2546 4712 2795 4791 πρέσϐεις
2828 4716 2987 4785 ἀξιῶν
3020 4711 3244 4789 βασιλέα

2290 4813 2297 4818 .
2330 4807 2342 4818 .
2391 4811 2416 4818 -
2712 4809 2735 4818 -
2829 4802 2839 4817 .
3111 4807 3138 4817 η
3233 4800 3286 4818 κ,

353 4830 416 4880 ut
446 4825 558 4879 sibi
589 4828 764 4894 atque
794 4821 1066 4877 exercitui
1100 4820 1405 4891 pacificum

2273 4807 2429 4877 Αὐτῷ
2460 4809 2762 4879 παρασχεῖν
2796 4802 2887 4857 σὺν
2920 4807 3141 4877 στρατιᾷ
3170 4801 3364 4877 φιλίως

355 4916 677 4969 Romanam
711 4929 813 4983 per
844 4911 1119 4965 ditionem
1154 4913 1434 4963 annueret
1468 4908 1773 4963 transitum

2268 4901 2376 4964 Γῆς
2404 4890 2778 4969 παραδραμεῖν
2807 4890 3110 4964 Ῥωμαίδος
3138 4889 3263 4949 τοὺς
3294 4887 3453 4963 ὅρους

352 4975 744 5073 proficiscenti
778 5002 844 5055 ad
880 4998 1183 5054 Palestina:
1214 4997 1391 5051 locos.

2271 4984 2412 5058 Πρὸς
2444 4980 2803 5050 Παλαιστίνης
2839 4979 2965 5041 τοὺς
2998 4977 3196 5039 τόπους
3229 4975 3567 5052 ὡρμημένῳ.

350 5071 433 5145 Ad
467 5108 658 5162 regem
693 5094 887 5145 autem
921 5104 1130 5142 cursus
1162 5086 1458 5156 logothcla

2094 5084 2237 5138 5945
2276 5079 2417 5154 Πρὸς
2449 5079 2593 5155 ῥῆγα
2621 5076 2826 5144 τοίνυν,
2854 5074 3193 5162 τοῦ-δρόμου
3226 5071 3523 5162 λογοθέτην

351 5160 893 5250 Caesar—praemisso,
929 5177 1144 5230 fmdera
1175 5175 1526 5243 composuit.

2272 5169 2431 5238 ’Ἄναξ
2463 5167 2792 5242 πεπομφὼς,
2836 5160 3190 5237 συμϐιϐάσεις
3221 5161 3420 5237 ἀρτύει·

351 5249 602 5339 Accepta
630 5267 1008 5337 vicissimque
1036 5263 1229 5319 oblata
1261 5264 1370 5316 fide

2274 5253 2468 5313 Δαϐών
2498 5277 2555 5309 τε
2585 5256 2791 5317 πίστεις
2820 5256 2909 5309 καὶ
2942 5250 3193 5313 δεδωκὼς
3228 5251 3291 5305 αὖ
3324 5249 3484 5305 πάλιν

354 5357 626 5413 stabilem
658 5357 779 5411 fore
812 5372 943 5410 cum
976 5369 1110 5424 rege
1142 5351 1483 5416 amicitiam,

2271 5353 2355 5409 Ὠς
2388 5341 2595 5418 ἔμπεδα
2624 5344 2803 5398 κέοιτο
2832 5342 2900 5396 τὰ
2926 5348 3026 5409 τῆς
3056 5339 3263 5416 φιλίας,

353 5446 648 5518 logotheta
679 5445 750 5500 ad
780 5449 1060 5500 Caesarem
1094 5446 1182 5498 est
1212 5456 1500 5497 reversus.

2272 5436 2436 5497 Αὖθις
2465 5430 2801 5506 έπανέδραμε
2831 5431 2966 5504 πρὸς
2994 5426 3239 5503 βασιλέα·

356 5535 475 5590 Rex
503 5538 695 5589 autem
729 5533 874 5587 lines
907 5531 1133 5601 imperii
1167 5530 1468 5602 ingressus

2096 5528 2234 5583 5950
2275 5524 2374 5580 Kal
2534 5521 2749 5581 ἐπιστάς
2776 5524 2891 5580 τοῖς
2927 5519 3073 5592 ὅροις
3103 5513 3429 5588 Ῥωμαίδος,

352 5641 541 5696 usque
570 5626 639 5681 ad
671 5617 922 5693 Philippi
956 5622 1155 5677 urbem
1187 5620 1477 5692 promovit
1507 5625 1713 5677 castra.

2272 5613 2373 5669 Kal
2403 5612 2538 5685 πρὸς
2564 5609 2845 5665 Φιλίππου
2874 5608 2972 5676 τὴν
3000 5604 3163 5660 πόλιν
3193 5602 3497 5682 ἐπεφοάκει,
