4136 6292
324 337 433 393 225
1838 341 2198 396 omnes.
3612 364 3717 418 226

508 462 602 513 Καὶ
630 460 696 528 δὴ
730 460 863 532 μετά
894 482 955 535 γε
985 463 1075 524 ait;
1104 465 1238 537 πρὸς
1270 463 1551 535 ἀλλήλους
1586 466 1799 537 σχέσεις

516 547 618 601 Καὶ
652 546 998 624 φιλονείκως
1027 547 1268 621 διενέξεις
1301 553 1389 606 καὶ
1426 553 1629 626 μάχας,

516 635 825 690 Βάσιλικῶν
852 654 909 691 τε
942 636 1175 712 ῥηγικῶν
1207 659 1265 693 τε
1293 640 1577 714 ταγμάτων

327 726 481 780 5955
519 728 838 795 Ἀκαμανῶν
872 732 1175 799 στράτευμα
1202 728 1447 801 πορθμὸν
1484 722 1661 798 διέϐη,

521 812 615 865 Καὶ
650 811 788 886 πρὺς
821 811 1215 891 Φιλαδέλφειαν
1242 817 1341 883 ἧκε
1367 814 1467 884 τὴν
1500 814 1680 870 πόλιν

519 901 616 953 Διά
652 897 710 953 δὲ
739 900 983 974 Φρυγίας
1011 921 1069 955 τε
1096 900 1415 965 Λαοδικείας

521 987 833 1064 Ἐφίσταται
866 990 1100 1064 τάχιστα
1130 989 1453 1063 Φιλομιλίῳ

522 1075 608 1131 Ἐν
639 1076 685 1145 ᾧ
720 1077 906 1151 μάχην
940 1076 1119 1149 ἵστησι
1282 1079 1418 1153 πρὸς
1451 1079 1762 1135 σούλτανον’

352 1162 492 1218 5960
526 1161 625 1216 Καὶ
661 1161 813 1218 τόνδε
839 1169 963 1235 νικᾷ
990 1165 1079 1220 καὶ
1104 1172 1293 1239 κρατεῖ
1319 1166 1640 1243 πολιχνίου,

529 1252 696 1325 Ὅπερ
731 1250 1027 1315 σκυλεύσας
1058 1253 1349 1331 ἐμπιμπρᾷ
1376 1259 1511 1329 μετά
1538 1254 1681 1313 τόδε.

1990 465 2044 529 Α
2076 464 2219 521 Exin
2253 466 2619 526 alternabant
2648 473 2804 528 vario
2836 476 3065 546 affectu,

2081 557 2322 629 insuper
2350 562 2778 620 contendebant
2808 566 3282 643 dimicabantque

2080 645 2235 717 regis
2265 649 2523 718 praedicti
2556 653 2911 727 Caesarisque
2944 656 3178 727 milites,

2082 734 2266 793 donec
2296 737 2690 798 Alamannam
2722 760 2929 815 agmen
2964 749 3177 805 fretum
3217 754 3469 825 transiit,

2082 829 2138 879 et
2168 823 2530 899 Philadelphi
2562 847 2747 903 usque
2778 835 2850 889 ad
2890 838 3092 894 urbem
3124 842 3282 897 venit
3314 859 3326 896 :

2082 915 2537 989 praeteriensque
2564 922 2873 994 Phrygiam
2905 930 2961 981 et
2990 927 3354 1003 Laodiceam,

2082 1001 2255 1057 celeri
2285 1020 2460 1061 cursu
2494 1011 2754 1079 pervenit
2790 1013 3219 1088 Philomelium,

2086 1091 2186 1146 ubi
2218 1108 2317 1149 rex
2347 1111 2605 1167 pugnam
2635 1116 2770 1157 cum
2801 1104 3033 1162 sultano
3064 1108 3199 1177 ciet,

2085 1194 2268 1251 eoque
2298 1182 2471 1253 victo,
2500 1187 2718 1258 potitur
2747 1192 3048 1264 oppidulo,

2087 1268 2261 1341 idque
2292 1272 2585 1345 direptum
2616 1281 2911 1338 consumit
2942 1284 3230 1344 incendio.

2088 1356 2276 1429 Pergit
2304 1360 2511 1419 deinde
2542 1367 2612 1420 ad
2648 1368 2908 1426 Iconium
2942 1374 3167 1441 urbem,

2089 1466 2264 1520 quam
2297 1458 2607 1524 postquam
2641 1464 2994 1533 expugnavit
3021 1468 3234 1525 virtute
3266 1471 3490 1544 bellica,

524 1338 657 1393 Εἶτα
687 1341 978 1416 πεφθακὼς
998 1342 1263 1397 Ἰκονιέων
1296 1342 1482 1412 πόλιν,

519 1424 622 1481 Καὶ
650 1424 802 1494 τὴνδ’
830 1427 969 1481 ἑλὼν
1012 1427 1204 1491 ὅπλοις
1235 1450 1294 1485 τε
1322 1430 1411 1485 καὶ
1447 1431 1634 1506 μάχης
1664 1432 1820 1505 νόμῳ

517 1510 737 1567 ’Ὡδευσε
768 1512 961 1569 λοιπὸν
993 1517 1092 1584 τήν
1123 1519 1491 1592 προκειμένην
1520 1517 1726 1595 τρίϐον·

344 1602 486 1658 5955
522 1599 615 1663 Εἷς
643 1598 689 1655 δ’
711 1602 1001 1679 ’Λντιόχου
1028 1606 1128 1673 τήν
1162 1606 1324 1661 πόλιν
1357 1609 1682 1683 ἠπειγμένος

521 1689 906 1764 Ἑναπεπνίγη,
934 1697 1030 1767 φεῦ
1060 1698 1193 1748 Θεοῦ
1220 1700 1327 1749 τῶν
1360 1697 1672 1772 κριμάτωνι

524 1778 960 1855 Ἐναποληφθεῖς
982 1786 1098 1843 ταῖς
1131 1780 1299 1846 δίναις
1324 1789 1433 1839 τῶν
1465 1782 1669 1840 ὑδάτων

2089 1542 2452 1611 propositum
2484 1546 2593 1602 sibi
2626 1553 3087 1623 prosequebatur
3114 1557 3226 1614 iter
3255 1578 3270 1617 :

2085 1628 2326 1701 jamque
2357 1634 2427 1688 ad
2460 1635 2727 1693 Antiochi
2762 1641 2965 1698 urbem
2999 1650 3367 1720 properabat,

2090 1733 2221 1773 cum
2253 1722 2569 1781 suffocatus
2600 1731 2707 1796 est,
2742 1744 2773 1785 ο
2804 1730 2904 1786 Dei
2928 1733 3190 1803 judicia!

2011 1814 2059 1879 Β
2090 1806 2310 1877 rapidis
2342 1811 2518 1868 undis
2548 1814 2810 1872 ﬂuminis
2838 1819 3135 1892 abreptus.

2090 1894 2279 1965 Ipsius
2311 1903 2506 1955 autem
2540 1902 2698 1959 filius
2731 1914 3004 1981 suscepto
3036 1911 3278 1984 imperio

2088 1998 2276 2054 usque
2306 1988 2377 2041 ad
2410 1989 2679 2047 Antiochi
2712 1998 3086 2067 progreditur
3116 2003 3318 2060 urbem
3354 2023 3369 2059 :

2090 2074 2242 2127 unde
2274 2076 2344 2130 ad
2378 2076 2645 2148 Syriacas
2678 2098 2924 2154 pergens
2955 2088 3239 2158 civitates,

2089 2163 2488 2248 Agarenorum
2512 2168 2726 2240 jugum
2754 2172 2825 2227 ab
2857 2172 2972 2230 illis
3003 2177 3229 2248 depulit
3257 2196 3272 2236 :

2091 2247 2421 2324 Christique
2452 2272 2631 2312 causa
2661 2258 2981 2330 plurimum
3014 2247 3309 2335 laborans,

2090 2334 2141 2390 is
2172 2354 2404 2411 quoque
2434 2343 2563 2399 vitm
2594 2348 2911 2407 terminum
2944 2351 3063 2408 illic
3095 2334 3320 2412 habuit.

2091 2424 2240 2481 Tum
2271 2429 2581 2489 Alamanni
2615 2438 2861 2495 navibus
2890 2441 3180 2500 inscensis

2095 2516 2304 2572 reversi
2336 2524 2474 2575 sunt
2506 2520 2561 2576 in
2598 2524 2844 2593 patriam
2879 2528 3223 2590 incolumes.

526 1864 647 1927 l‘i’oc
688 1864 734 1921 δ’
766 1866 971 1922 ἐκείνου
999 1871 1059 1923 τὸ
1082 1872 1277 1945 κράτος
1308 1868 1623 1948 δεδεγμένος

524 1955 623 2009 Καὶ
663 1954 858 2029 μέχρις
888 1956 1057 2025 αὐτῆς
1088 1958 1428 2034 ’Δντιοχείας
1453 1964 1659 2035 φθάνει,

338 2043 487 2097 5970
524 2040 771 2106 Κάκεῖθεν
795 2044 943 2112 ἥκων
980 2047 1244 2119 Συριακᾶς
1270 2049 1407 2121 πρὸς
1436 2050 1627 2113 πόλεις

527 2129 835 2206 Ἐλευθεροῖ
862 2134 1058 2197 ταύτας
1083 2156 1144 2209 γε
1172 2140 1280 2190 τῶν
1312 2137 1372 2191 ἐκ
1400 2144 1498 2206 τῆς
1536 2140 1730 2213 ”Λγαρ·

528 2217 721 2274 Πολλὰ
741 2217 798 2274 δὲ
826 2224 1012 2294 καμὼν
1044 2225 1283 2286 κΑέσεως
1312 2226 1548 2300 Χριστοῦ
1578 2226 1760 2301 χάριν,

523 2309 678 2371 ,Εκεῖ
706 2308 1040 2365 καταλέλυκε
1069 2312 1264 2374 καύτὸς
1293 2316 1384 2367 τὸν
1424 2313 1566 2387 βίον.

525 2396 587 2448 Ol
619 2392 665 2449 δ’
689 2394 987 2469 Ἀλαμανοὶ
1019 2400 1172 2453 ναυσὶ
1204 2402 1295 2475 πρ’
1328 2424 1352 2464 ς
1378 2403 1476 2470 τὴν
1519 2402 1767 2479 πατρίδα·

353 2483 497 2538 5975
534 2480 695 2547 Αὖθις
728 2483 1109 2560 ἐπανήχθησαν
1143 2487 1199 2543 εὖ
1231 2491 1581 2562 σεσωσμένοι·

530 2573 634 2627 Καὶ
689 2574 967 2650 Φραγγίας
1176 2582 1463 2652 Γερμανῶν
1518 2582 1644 2653 (67)
1698 2584 1746 2636 τ’
1798 2581 1982 2658 ἄρχων

1630 2670 1816 2740 [πάλιν

532 2750 734 2803 Ναυσὶν
766 2748 1002 2820 ἐπῆλθον
1036 2750 1259 2807 ὁπλῖται
1288 2759 1404 2817 τοῖς
1435 2754 1485 2827 ἐξ
1517 2758 1710 2832 Ἀγαρ-

531 2837 648 2892 Οὐκ
678 2837 904 2912 ἴσχυσαν
938 2838 1093 2912 ὅμως
1124 2838 1180 2895 δὲ
1212 2843 1354 2896 Σιὼν
1387 2842 1545 2916 ἆγίας

530 2929 676 3002 Σιρᾶς
708 2925 949 2997 έξελᾶτται
980 2928 1067 2983 καὶ
1097 2931 1277 3003 νέμειν
1314 2931 1737 3006 χροιτωνύμοιςο

343 3015 493 3069 5980
532 3014 767 3091 ’ῼχοντο
800 3013 856 3070 δὲ
886 3014 1012 3087 πλῷ
1036 3017 1127 3072 καὶ
1156 3016 1320 3072 πάλιν
1356 3018 1407 3091 ἐξ
1438 3019 1690 3096 πατρίδα.

529 3102 589 3158 Ὀ
619 3100 665 3156 δ’
698 3101 972 3179 Ἰγκλίνων
1008 3105 1105 3180 ῥήξ
1128 3109 1361 3181 κατάρας
1391 3107 1443 3177 ἐξ
1472 3111 1568 3178 τὴν
1605 3112 1816 3187 Κύπρον

529 3188 741 3261 Ταύτης
769 3212 828 3245 τε
856 3198 1043 3266 κρατεῖ
1071 3198 1189 3256 τοῖς
1221 3194 1418 3257 ὅπλοις
1448 3197 1582 3251 κατὰ⁴
1605 3202 1823 3273 κράτος·

535 3284 737 3351 Δεσμεῖ
764 3277 821 3333 δὲ
852 3280 1071 3355 συσχὼν
1100 3282 1188 3336 καὶ
1219 3282 1476 3356 τύραννον
1507 3292 1606 3355 τῆς
1638 3287 1861 3363 Κύπρου

544 3368 826 3438 Κομνηνὸν
862 3370 1089 3423 Ἰσάκιον
1123 3372 1234 3442 (68)
1267 3372 1495 3446 Ἔχετον
1525 3375 1782 3450 τρόπους·

348 3453 495 3508 5935
535 3455 639 3509 Καὶ
664 3453 1039 3518 καταπλεύσας
1068 3459 1199 3532 πρὸς
1233 3458 1595 3531 Παλαιστίνης
1626 3462 1828 3526 τόπους

541 3541 861 3616 Στράτευμα
886 3544 1174 3600 κατέλιπεν
1208 3544 1404 3600 οἳκεῖον
1439 3548 1646 3621 Κύπρῳ

540 3633 598 3687 Ὀ
632 3637 917 3706 Γερμανῶν
1078 3631 1293 3704 δηλαδὴ
1324 3641 1430 3690 τῶν
1465 3637 1743 3713 ἸγκΛίνων

541 3718 645 3774 Καὶ
673 3718 828 3789 τῆσδ’
859 3721 1157 3797 έκυρίευσεν
1192 3724 1266 3785 ὡς
1297 3726 1564 3794 υπηκόου,

541 3814 694 3877 Ζωῆς
724 3805 767 3862 δ’
797 3808 1050 3884 ἀφορμάς
1078 3811 1299 3866 αὐτόθεν
1331 3813 1681 3885 κεκτημένος.

361 3898 508 3952 5990
546 3897 634 3954 Ἐν
662 3902 740 3969 τῷ
769 3897 993 3970 μέλλειν
1023 3897 1079 3954 δὲ
1109 3902 1245 3974 πρὸς
1278 3900 1718 3976 πατρίδ’ἆπιέναι

539 3985 689 4061 Ῥηγὶ
721 3985 933 4061 Κύπρον
968 3985 1169 4042 δέδωκε
1197 3994 1297 4057 τῆς
1335 3988 1703 4063 Παλαιστίνης

543 4072 720 4128 Οίκεῖν
750 4095 808 4129 τε
836 4075 1065 4147 ταύτην,
1089 4076 1134 4130 εἰ
1168 4078 1381 4151 σχολήν
1416 4075 1530 4154 ἄγει
1565 4080 1775 4153 μάχης.

2101 2786 2217 2842 Rex
2247 2803 2479 2859 quoque
2508 2792 2705 2847 Galliae
2736 2799 2792 2850 et
2822 2796 3133 2855 Britanniae
3165 2802 3442 2863 dominus

2099 2888 2230 2928 cum
2263 2873 2552 2932 classibus
2583 2882 2824 2937 armatis
2852 2896 3343 2959 supervenerunt;

2099 2978 2350 3035 cumque
2380 2970 2676 3037 Agarenos
2708 2970 2919 3041 pellere
2948 2990 3017 3030 ex
3047 2978 3188 3035 urbe
3218 2987 3421 3039 sancta

2099 3050 2313 3108 frustra
2346 3058 2687 3129 tentassent,
2723 3065 2785 3115 ut
2813 3061 3161 3122 Christianis
3193 3071 3509 3145 traderent,

2016 3156 2061 3221 ο
2100 3140 2327 3196 marino
2360 3159 2592 3201 rursum
2626 3163 2803 3204 cursu
2834 3149 2891 3205 in
2924 3154 3173 3222 patriam
3205 3159 3472 3217 redeunt.

2101 3232 2287 3284 Antea
2314 3234 2510 3287 tamen
2542 3234 2601 3289 in
2635 3239 2887 3308 Cyprum
2919 3244 3298 3302 exscenderat

2101 3317 2421 3388 Anglorum
2456 3337 2575 3389 rex,
2607 3328 2664 3378 et
2695 3326 2889 3383 insula
2922 3332 3142 3401 potitus
3174 3335 3381 3405 fuerat,

2102 3406 2344 3477 ejusque
2373 3409 2579 3467 vinclis
2611 3416 2925 3485 tyrannum
2963 3421 3285 3479 tradiderat

2103 3494 2464 3553 Comnenum
2497 3500 2805 3571 lsaacium,
2839 3506 3127 3563 novellum
3164 3511 3461 3570 Eehetum.

2103 3582 2249 3638 Tum
2280 3584 2605 3645 Palestinas
2638 3592 2918 3663 navigans
2952 3596 3023 3651 ad
3058 3602 3262 3668 terras,

2104 3672 2441 3741 prmeidium
2473 3693 2646 3733 suum
2680 3680 2737 3734 in
2770 3683 2954 3753 Cypro
2986 3684 3305 3758 reliquerat

2104 3761 2605 3830 Germanicorum,
2633 3768 2899 3839 inquam,
2932 3788 3030 3829 rex
3063 3775 3399 3847 Anglorum,

2106 3849 2350 3921 ejusque
2381 3851 2687 3909 dominum
2721 3873 2783 3913 se
2812 3860 3051 3928 gerebat
3082 3864 3310 3931 insulae,

2106 3943 2164 3994 et
2193 3944 2584 3998 commeatum
2619 3943 2787 4001 militi
2820 3945 2955 4003 hinc
2987 3950 3366 4011 subvehebat.

2108 4028 2322 4085 Verum
2354 4031 2413 4087 in
2446 4033 2690 4103 patriam
2724 4052 3065 4095 reversurus
3097 4046 3300 4112 postea

2107 4119 2361 4189 Cyprum
2395 4121 2630 4177 donavit
2659 4123 2967 4181 Palestina
3001 4128 3144 4201 regi,

2110 4210 2174 4260 ut
2202 4206 2321 4261 illic
2353 4209 2512 4279 pacis
2540 4214 2800 4284 tempore
2828 4213 3007 4272 vitam
3044 4223 3290 4289 gereret,

2112 4296 2265 4364 quod
2298 4295 2410 4368 ipsi
2440 4314 2686 4372 regnum
2714 4302 2921 4359 tribuit
2950 4305 3159 4363 affectu
3195 4310 3288 4380 pio

2112 4387 2347 4455 prepter
2374 4386 2669 4444 viviﬁcum
2698 4392 2927 4447 Domini
2962 4394 3322 4466 sepulcrum,

2039 4488 2083 4554 ί)
2115 4472 2254 4544 quia
2283 4491 2460 4547 prope
2490 4477 2809 4536 Palaestinas
2839 4482 2986 4538 fines
3016 4489 3163 4541 erat.

2118 4561 2354 4619 Interim
2386 4563 2704 4637 imperator
2734 4585 2838 4623 sus
2863 4570 3053 4642 deque
3082 4573 3293 4644 agebat

2115 4658 2321 4709 cuncta
2353 4653 2612 4710 humana
2640 4660 2698 4711 et
2728 4656 2924 4714 divina
2954 4660 3168 4733 ferens,
3202 4664 3452 4736 rapiens,

2115 4745 2504 4811 commutans,
2537 4746 2602 4798 ut
2633 4744 2698 4799 fit
2728 4745 2786 4799 in
2818 4747 3028 4817 scenis,
3062 4766 3166 4821 pro
3198 4768 3304 4809 suo
3338 4751 3596 4824 arbitrio,

2114 4843 2349 4883 summa
2376 4828 2647 4885 videlicet
2679 4831 2859 4887 fretus
2889 4838 3193 4904 potestate.

2042 4928 2045 4931 '
2114 4915 2260 4971 Sede
2288 4916 2498 4987 dejecit
2524 4917 2746 4989 injuste
2776 4923 3067 4981 sententia

2114 5004 2485 5062 Camaterum
2516 5008 2797 5066 Basilium
2828 5013 3221 5083 patriarcbam
3257 5034 3271 5072 :

2116 5093 2538 5168 substituitque
2571 5097 2829 5155 Nicetam
2855 5104 3198 5159 Montanum

2115 5181 2198 5237 vel
2232 5184 2423 5255 potius
2454 5186 2874 5258 depontanum,
2907 5192 3233 5249 confectum
3266 5194 3462 5263 senio;

545 4161 645 4215 Καὶ
678 4162 942 4238 κυριεύειν
966 4163 1055 4219 καὶ
1086 4171 1303 4240 κρατεῖν
1332 4172 1431 4236 τῆς
1464 4166 1746 4243 Κυπρίων,

545 4250 635 4313 Ὧς
670 4252 757 4306 ὑπ’
787 4251 994 4307 ἐκείνου
1016 4254 1491 4328 προσνεμηθείσης
1520 4256 1675 4328 πόθῳ

364 4339 509 4395 5995
548 4338 830 4413 Ζωηφόρῳ
864 4343 1107 4414 μνήματι
1136 4346 1215 4413 τῷ
1240 4347 1341 4397 τοῦ
1373 4343 1597 4419 Κυρίου,

546 4428 651 4482 Καὶ
684 4425 1036 4506 συναφθείσης
1066 4436 1183 4492 τοῖς
1216 4429 1365 4505 ὅροις
1402 4432 1788 4506 Παλαιστίνης.

547 4522 750 4590 ”Λγων.
787 4520 1059 4593 μετάγων,
1093 4518 1359 4594 συγχέων,
1395 4523 1738 4598 μετατρέπων

547 4603 891 4679 Ἀνθρώπινα
921 4608 1039 4661 θεῖά
1066 4628 1124 4661 τε
1152 4607 1441 4683 πράγματα
1470 4612 1685 4688 κράτωρ

547 4692 645 4747 Καὶ
677 4689 1129 4770 δραματουργῶν,
1156 4697 1229 4758 ὡς
1258 4694 1477 4753 δέδοκτό
1503 4699 1554 4753 οἱ
1584 4701 1754 4773 μόνῳ,

366 4781 514 4836 6000
550 4778 932 4857 Εὗθὺςέρείσας
950 4784 1041 4837 τὸν
1072 4781 1215 4838 πόδα
1244 4786 1569 4861 κραταρχίᾳ,

549 4868 653 4924 Τὸν
694 4870 1042 4947 πατριάρχην
1062 4875 1157 4926 τοῦ
1187 4874 1377 4945 θρόνου
1398 4872 1687 4950 παραλύει,

548 4958 653 5013 Τὸν
680 4961 1012 5036 Καματηρὸν
1042 4960 1328 5017 Βασίλειον
1359 4959 1579 5025 ἀδίκως·

546 5047 649 5100 Τὸν
678 5048 1001 5121 Μουντάνην
1035 5046 1093 5104 δὲ
1120 5055 1165 5104 Ν
1172 5052 1359 5121 ικήταν
1391 5049 1709 5127 ἀντεισάγει,

548 5133 934 5209 Τριπέμπελόν
964 5158 1021 5193 τε
1051 5139 1137 5193 καὶ
1174 5138 1362 5214 χρόνῳ
1384 5139 1730 5213 παρειμένονο

439 5391 552 5496 (6⁷2
581 5391 668 5496 ἔηίὲ
698 5392 897 5496 θοίίθέ·
931 5394 2008 5496 9.33093“-i“§£‘t-li?3’fffml‘liﬂé‘
2120 5405 3116 5496 -KSSLQCBEEiettiwwmnifsste
3141 5428 3359 5496 εττοτθι
3389 5431 3561 5487 quem
3596 5433 3755 5496 0.0a?-

2550 5462 2561 5463 ,
2639 5462 2659 5477 ,
2735 5462 2772 5478 ,,
2808 5462 3353 5481 ___w___-__--_----,
3436 5462 3561 5471 η...
3599 5462 3719 5473 ννυ..

362 5462 554 5518 clarat
581 5462 902 5520 Germanos
952 5462 1063 5521 hoc
1110 5466 1233 5521 loco
1281 5482 1342 5522 se
1392 5462 1719 5540 intelligere
1767 5472 2007 5544 Anglos,
2115 5462 2243 5554 gu‘it
2282 5462 2556 5554 :Nic_etas_,
2613 5480 2730 5535 imo
2778 5482 3026 5551 ipsemet
3072 5462 3468 5554 Ephraemiu‘ls,
3530 5488 3631 5554 qui
3681 5488 3751 5542 de

367 5532 465 5554 _-_:
505 5531 631 5554 -.ξ-.-
673 5535 888 5554 __!I!_-A
945 5535 960 5554 Ξ
1053 5536 1092 5554 1"
1132 5538 1166 5554 ἰ
1303 5538 1313 5549 ⁸
1509 5539 1546 5554 ﬁ
1766 5543 1775 5553 ι

362 5503 554 5518 νιν-μω·
583 5503 902 5520 υυιιμιιυυσ
955 5503 1061 5521 υυυ
1110 5503 1233 5521 ιυυυ
1281 5503 1342 5522 ac
1394 5503 1719 5540 ιιιιυιιιδῠιῠ
1767 5503 2007 5544 ηυδιυδ,
2115 5503 2243 5544 κυιι.
2298 5503 2556 5543 Πιυυιιιδ,
2613 5503 2730 5535 uno
2779 5503 3026 5551 Ipsemei
3072 5503 3468 5567 npnrmomlus,
3530 5503 3631 5612 (ΕΠ
3681 5503 3751 5542 (18

361 5532 467 5604 qui
501 5531 638 5587 olim
669 5535 895 5591 scilicet
944 5535 1002 5591 in
1053 5536 1414 5593 Britanniam
1447 5555 1477 5594 e
1506 5539 1817 5598 Germania
1845 5559 2009 5600 com-
2120 5546 2336 5670 Ispacio
2380 5546 2550 5617 Cypri
2600 5554 2843 5623 tyranno
2891 5554 2946 5606 in
3001 5556 3399 5623 superioribus
3446 5572 3547 5613 ver
3590 5576 3621 5614 a
3670 5559 3751 5614 fe-

364 5602 776 5670 migraverant.
2119 5632 2168 5670 e1
2201 5653 2215 5669 .

364 5602 776 5674 migraverant.
2119 5616 2215 5670 cit.
