4136 6292
284 328 393 384 229

464 449 644 506 Φάους
679 447 774 519 μὲν
804 445 1052 520 ἐστέρησε
1075 449 1171 501 τοῦ
1200 448 1308 501 τῶν
1342 444 1606 518 ὀμμάτων

279 539 423 593 6065
465 533 749 608 Κομνηνὸν
781 531 1129 607 ’Δνδρόνικον
1162 535 1283 587 ἄνευ
1314 531 1510 601 αἰτίας,

466 624 563 677 Καὶ
595 626 1002 676 Κωνσταντῖνον
1038 620 1319 691 Ἀσπιὲτην
1359 618 1680 690 τούπίκλην.

463 710 706 774 Ἄλλους
741 708 787 764 δ’
820 709 1125 786 ἑναπὲκειρε
1164 709 1625 787 φροντιστηρίοις.

471 798 899 868 Λεηλοιτοῦντων
934 797 1024 853 σὺν
1054 800 1331 871 Κομάνοις
1361 801 1467 852 τῶν
1502 794 1729 869 Βλάχων

471 887 555 945 Τὰ
580 887 720 943 κατὰ
750 883 899 941 δύσιν
932 887 1216 959 Ῥωμαϊκὰ
1246 885 1444 959 χωρία,

291 985 435 1040 6070
472 981 660 1039 ’Όπλα
688 982 805 1035 κατ’
832 980 1006 1037 αὐτῶν
1041 979 1298 1053 βασιλεὺς
1329 978 1466 1054 α’ίρει
1504 978 1691 1034 πάλιν.

478 1068 779 1144 Ἀγχίαλον
814 1070 905 1123 οὗν
936 1070 1286 1144 παραμείψας
1315 1070 1415 1137 τὴν
1446 1066 1606 1123 πόλιν

479 1158 718 1214 Εῗσεισιν
751 1160 921 1229 Αἷμον
952 1159 1052 1225 τὴν
1087 1156 1318 1231 Βλάχων
1354 1156 1638 1230 παροικίαν

478 1247 659 1299 Πάντα
685 1243 742 1299 δὲ
769 1246 920 1301 τάκεῖ
950 1245 1244 1322 φρουρίων.
1278 1244 1591 1320 πολιχνίων

473 1334 666 1407 Εὑρών
696 1332 932 1406 ἐρυμνὴν
968 1332 1122 1407 ἰσχὺν
1156 1332 1498 1406 ἐνδεδυμένοι,

288 1424 433 1479 6075
474 1421 572 1475 Καὶ
602 1421 804 1497 τείχεσι
836 1421 1067 1491 πύργοις
1093 1442 1151 1476 τε
1181 1418 1571 1493 διειλημμὲνω

472 1508 698 1571 Μυσοὺς
730 1507 787 1563 δὶ
820 1507 1025 1584 βλέψας
1059 1508 1259 1584 ἀγρίων
1292 1508 1459 1585 αἰγῶν
1496 1506 1650 1579 δίκην

466 1596 609 1659 Τοὺς
641 1597 1026 1673 ἀποκρήμνους
1057 1592 1464 1660 καταλαϐόντας
1492 1598 1690 1659 τόπους

465 1687 556 1749 Ὡς
584 1686 899 1758 Ῥωμαϊκὴν
936 1683 1261 1758 συμπλοκὴν
1296 1683 1562 1742 δεδιότας·

468 1775 615 1847 Πρὸς
649 1770 695 1828 δ’
726 1773 791 1829 αὗ
834 1774 1093 1828 Σκυθικὸν
1123 1773 1472 1851 ὑφορώμενος
1506 1776 1697 1851 στίφυς

288 1866 432 1922 6080
469 1864 844 1937 Τποστροφῆς
872 1862 1049 1936 ἥψατο
1078 1868 1175 1931 τῆς
1204 1863 1338 1936 πρὸς
1370 1865 1467 1933 τήν
1501 1863 1681 1920 πόλιν·

470 1950 568 2007 Διὰ
598 1948 657 2006 δὲ
684 1954 907 2022 τεμπῶν
940 1945 1219 2005 δυσϐάτων
1246 1971 1303 2005 τε
1332 1951 1554 2025 χωρίων

465 2040 565 2096 Καὶ
594 2038 901 2113 τρυμαλιᾶς
934 2039 1049 2095 οἷον
1080 2037 1247 2093 εἰπεῖν
1273 2036 1545 2115 δυσπόρου

462 2126 679 2183 Αὐλῶνι
713 2130 897 2204 σαφῶς
930 2126 1101 2182 πάντα
1130 2128 1567 2203 παρεικασμὲνης

465 2218 580 2285 Τήν
615 2214 668 2277 ἐς
701 2214 944 2290 Βερῥόην
976 2214 1257 2289 ἐκδρομὴν
1284 2218 1616 2289 τεθειμένος,

288 2314 433 2369 6085
470 2310 752 2369 Ἀπώλεσε
779 2309 1030 2367 πλεῖστόν
1062 2331 1121 2367 τε
1143 2316 1248 2367 τῶν
1283 2312 1717 2386 στρατευμάτων·

470 2399 721 2461 Κάκεῖνος
754 2398 817 2455 ἂν
844 2398 1076 2477 ἔφθαρτο
1106 2401 1252 2474 παρὰ
1296 2399 1474 2474 βραχύ
1504 2422 1579 2473 τι,

472 2488 534 2546 Ei
568 2490 643 2562 μὴ
680 2490 885 2563 βοηθοῦ
913 2492 1010 2545 τοῦ
1040 2493 1175 2545 Θεοῦ
1204 2486 1425 2563 τέτευχὲ
1454 2510 1593 2552 πως.

473 2579 559 2641 Ὠς
594 2577 693 2652 γάρ
721 2579 941 2641 ἑαυτοὺς
971 2572 1275 2652 παρέϐυσαν
1311 2575 1386 2640 εἷς
1418 2579 1580 2651 μέσον

475 2668 637 2739 ’Ἁναξ
663 2687 723 2721 τε
751 2666 839 2722 καὶ
872 2668 1177 2743 στράτευμα
1207 2664 1477 2741 δυσπόρου
1506 2667 1699 2741 πόρου,

292 2756 440 2813 6090
476 2755 783 2831 Ἠγοόμενα
812 2758 906 2828 μὲν
940 2751 1095 2824 διέϐη
1130 2757 1544 2831 στρατευμάτων

476 2849 661 2902 Κακῶν
694 2846 873 2913 ἀπαθῆ
905 2842 1151 2900 κινδύνλυ
1178 2865 1237 2900 τε
1267 2843 1355 2900 καὶ
1388 2845 1596 2920 μάχης·

472 2935 648 2990 Μὲσον
683 2930 740 2989 δὲ
766 2939 867 3003 τῆς
897 2932 1175 3011 φάλαγγος
1201 2934 1228 2989 ὁ
1257 2937 1467 3009 κρατῶν
1499 2933 1669 3007 ἔχων,

474 3022 737 3078 Ἐπίθεσιν
771 3020 961 3096 εὕρατο
989 3023 1126 3096 πρὸς
1157 3026 1263 3079 τῶν
1291 3017 1576 3101 βαρϐάρων

466 3109 686 3173 Οἶστοις
721 3110 999 3185 βαλόντων
1030 3110 1119 3166 καὶ
1153 3108 1339 3185 δόρασι
1366 3112 1455 3166 καὶ
1489 3110 1662 3177 λίθοις

278 3202 434 3258 6895
473 3200 833 3273 Ἑκατὲρωθεν
861 3200 1026 3255 αὐτὸν
1058 3198 1312 3260 ὁπλίταις
1345 3198 1493 3273 δίμα,⁸

468 3292 551 3350 Ὠς
582 3289 926 3363 παραμικρὸν
950 3284 1109 3342 τόνδε
1138 3292 1324 3364 φυγεῖν
1356 3287 1447 3343 τὸν
1498 3286 1688 3360 μόρον,

477 3380 662 3433 Πεσεῖν
695 3374 754 3432 δὲ
782 3375 1030 3438 πολλοὺς
1060 3376 1390 3450 στρατιώτας
1409 3373 1687 3451 γεννάδας.

475 3467 665 3538 Ὅμως
697 3462 912 3528 διεκδὺς
944 3460 1298 3536 δυσστίϐητον
1325 3464 1535 3542 χωρίον

481 3556 578 3611 Καὶ
607 3555 744 3631 πρὸς
776 3553 1016 3630 Βιῤῥόην
1050 3554 1347 3617 ἀποσωθεὶς
1364 3553 1455 3608 σὺν
1492 3553 1583 3628 βίᾳ

294 3653 442 3707 6100
479 3652 811 3727 Ἐμφροντιν
839 3648 957 3725 εὗρε
990 3652 1237 3724 στρατιὰν
1266 3650 1462 3706 τούτου
1493 3651 1653 3723 χάριν

479 3740 647 3814 Φήμῃ
680 3737 912 3814 δυσήχῳ
955 3737 1102 3811 μάλα
1124 3740 1496 3814 τεθροημὲνην

478 3829 571 3901 Τῷ
589 3849 673 3884 τοι
710 3826 965 3904 βασιλεὺς
1002 3829 1103 3896 τὴν
1134 3827 1538 3883 Κωνσταντίνου
1570 3827 1744 3903 φθάει,

477 3917 568 3973 Ἐκ
593 3915 751 3972 τοῦδε
781 3918 974 3991 φήμην
1004 3916 1066 3971 οὐ
1097 3915 1271 3983 καλήν
1303 3916 1630 3990 άνατρίπων·

474 4006 682 4077 Μικρὸν
713 4003 761 4059 δ’
794 4004 996 4082 ὀφρύος
1023 4006 1300 4081 καουφῆκε
1327 4004 1416 4059 καὶ
1446 4003 1616 4080 τύφου

283 4096 432 4151 6105
471 4091 891 4170 Ἐπαναδραμὼν
925 4093 1000 4156 εἲς
1031 4092 1194 4150 πόλιν
1224 4094 1324 4161 τὴν
1362 4097 1457 4148 τοῦ
1487 4093 1735 4167 κράτους,

471 4183 730 4257 Ἀθυμίας
764 4179 982 4259 δόρασιν
1015 4182 1437 4258 ἐμπεπαρμένην

467 4273 584 4349 Ἐφ’
614 4277 696 4335 οἷς
724 4276 902 4335 κακῶς
932 4273 1164 4335 πέπονθε
1190 4272 1290 4340 τήν
1321 4273 1505 4345 ψυχὴν
1533 4267 1697 4347 ἔχωνο

469 4362 581 4435 Πρὸ
604 4358 756 4416 τοῦδ’
784 4362 1034 4417 ἀνασπῶν
1061 4362 1156 4423 τὰς
1185 4357 1350 4438 ὀφρῦς
1382 4358 1704 4434 ἐπηρμένως

468 4448 613 4504 Μετὰ
642 4444 877 4525 σοϐαρᾶς
903 4448 994 4505 καὶ
1024 4450 1217 4524 φρενὸς
1245 4449 1335 4504 καὶ
1365 4446 1610 4523 καρδίας,

285 4540 436 4595 6110
473 4539 885 4614 Ἐπεστράτευσε
912 4536 1048 4593 κατὰ
1077 4538 1271 4595 Μυσῶν
1307 4532 1592 4612 βαρϐάρων

472 4625 682 4705 Ὀμφᾶς
713 4630 1011 4705 προφητῶν
1043 4625 1180 4681 κατὰ
1206 4629 1330 4681 νοῦν
1359 4626 1751 4704 περιστρέφων,

467 4715 556 4777 Ὧς
587 4712 768 4788 ἔξοδον
803 4716 900 4789 μὶν
932 4719 1076 4779 θεῖτο
1106 4714 1199 4770 σὺν
1230 4708 1491 4787 θυμηδίᾴ,

464 4800 757 4859 Ἐπάνοδον
789 4800 848 4857 δὲ
880 4801 1092 4876 μᾶλλον
1124 4800 1469 4877 ἀγαλλιάσειο

466 4890 664 4948 Βουνοί
691 4912 750 4948 τε
779 4890 1162 4967 προσδέξαιντο
1193 4890 1477 4969 χαίροντες
1510 4889 1659 4962 μάλα

280 4991 433 5049 6115
470 4991 573 5046 Καὶ
602 4989 774 5047 πάντα
804 4991 1139 5066 χαρήσαιντο
1167 4989 1235 5045 τὰ
1255 4986 1465 5064 δρυμοῦ
1492 4987 1645 5062 ξύλα,

464 5082 578 5134 Τοῦ
610 5076 657 5134 δ’
688 5077 943 5150 ἰξιόντος,
976 5078 1238 5142 ίῖσιόντος
1266 5075 1332 5133 αῦ
1362 5076 1547 5135 πόλιν.

464 5165 635 5230 Οὗτός
664 5187 749 5242 γε,
783 5164 961 5238 δόξαις
989 5163 1317 5239 ἀπᾳδούσαις
1348 5165 1620 5239 ἐμμένων,

460 5254 634 5331 Χάριν
666 5256 861 5311 ἑαυτοῦ
886 5255 1252 5331 γνωματεῶον
1283 5255 1349 5325 ἦν
1373 5250 1521 5310 τάδε’

462 5344 551 5405 Ὠς
584 5342 645 5398 οὗ
677 5341 748 5398 δι’
777 5342 812 5398 ἂ
840 5344 1119 5418 πὶπρακτο
1148 5341 1653 5417 πλημμελημάτων

282 5434 432 5490 6120
470 5435 673 5489 ’Ἀπασι
703 5436 862 5497 κοινῆ
992 5433 1124 5487 Θεοῦ
1155 5431 1271 5505 θείᾳ
1296 5431 1468 5507 κρίσει

461 5521 579 5593 Θεῷ
610 5518 765 5593 δίκην
796 5521 1046 5593 τίννυμεν
1079 5522 1512 5596 ἁμαρτημάτων·

463 5614 593 5683 Aan
622 5607 1012 5685 παραδοθέντες
1040 5606 1231 5688 ἄφρονι
1260 5608 1393 5673 τέως

1802 322 2164 380 CBBAREB.

1953 447 2007 515 Α
2038 441 2339 498 oculorum
2373 444 2609 515 quidem
2643 445 2858 516 eripuit
2888 444 3088 501 lumen

2038 532 2367 586 Andronico
2398 534 2688 589 Comneno
2721 533 3076 601 immerenti,

2038 624 2095 673 et
2123 620 2499 677 Constantino
2533 627 2921 694 cognomento
2954 622 3227 695 Aspiete.

2039 706 2199 763 Alios
2230 709 2452 766 addixit
2479 714 2681 767 tonsos
2716 710 3114 767 monasteriis.

2039 795 2184 850 Cum
2219 798 2620 868 praedarentur
2650 799 2842 855 Blachi
2875 816 3005 855 cum
3040 800 3311 857 Comanis

2040 883 2334 940 Romanas
2365 891 2548 941 terras
2579 888 2651 943 ad
2685 888 3043 944 occidentem
3076 892 3321 961 positas,

2041 989 2248 1029 rursus
2278 974 2387 1030 hos
2417 979 2620 1032 contra
2646 976 2799 1047 capit
2828 993 2989 1032 arma
3018 978 3225 1034 Caesar.

2041 1060 2429 1124 Quamobrem
2464 1063 2604 1118 urbe
2636 1063 2918 1121 Anchiale
2949 1064 3265 1136 praeterita,

2040 1148 2303 1203 Haemum
2336 1150 2661 1221 ingreditur
2692 1152 3041 1209 Blachorum
3075 1154 3273 1209 sedem
3310 1170 3323 1207 :

2040 1237 2139 1291 sed
2167 1252 2299 1292 cum
2331 1238 2569 1295 castella
2601 1240 2818 1296 ibidem
2850 1245 3209 1313 cunctasque
3243 1242 3550 1299 urbeculas

2041 1325 2329 1395 praesidiis
2359 1326 2678 1383 invenisset
2708 1328 2963 1384 munitas
2988 1328 3218 1401 validis,

2042 1413 2333 1469 moenibus
2364 1418 2538 1487 atque
2573 1416 2834 1472 turribus
2865 1418 3255 1485 convestitas;

2040 1499 2248 1557 Missos
2279 1501 2417 1557 item
2451 1508 2733 1572 cerneret,
2762 1508 3044 1577 tanquam
3077 1522 3337 1578 capreas,

2039 1594 2333 1661 praerupta
2361 1596 2535 1662 atque
2566 1592 2871 1650 inaccessa
2898 1598 3161 1652 tenentes
3190 1595 3341 1663 loca,

2041 1693 2109 1731 ne
2141 1694 2269 1732 cum
2305 1678 2583 1735 Romanis
2614 1697 2872 1754 pugnam
2906 1683 3211 1739 statariam
3256 1691 3523 1758 gererent
3557 1704 3571 1743 :

1966 1792 2013 1859 B
2046 1774 2391 1845 Scytharum
2422 1792 2653 1849 quoque
2683 1778 2987 1835 incursum
3021 1782 3483 1854 pertimesceret;

2044 1863 2297 1918 reditum
2332 1865 2403 1919 ad
2437 1864 2638 1921 urbem
2670 1868 2888 1939 regiam
2923 1868 3209 1925 instruere
3242 1872 3415 1945 capit

2044 1956 2323 2022 angustos
2356 1969 2457 2023 per
2485 1952 2783 2012 anfractus
2813 1956 3090 2029 locosque
3120 1958 3432 2032 impervios
3464 1979 3478 2018 :

2043 2038 2322 2093 nimirum
2354 2056 2454 2110 per
2484 2041 2803 2100 convallem
2836 2060 3075 2114 prorsus
3105 2046 3359 2104 similem

2042 2127 2337 2193 foramini,
2370 2132 2435 2183 ut
2464 2128 2543 2184 ita
2574 2130 2785 2199 dicam,
2820 2131 3270 2203 impenetrabili,

2044 2218 2289 2271 Berroen
2319 2232 2524 2273 versus
2556 2218 2804 2275 militum
2841 2219 3050 2276 direxit
3077 2222 3207 2287 iter,

2041 2320 2290 2373 quorum
2322 2305 2521 2365 amisit.
2548 2306 2771 2364 scilicet
2802 2310 3027 2380 partem
3060 2308 3374 2367 maximam
3410 2328 3422 2366 :

2042 2397 2215 2463 atque
2246 2395 2372 2465 ipse
2403 2411 2635 2451 summo
2665 2397 2821 2453 haud
2858 2397 3058 2454 aberat
3086 2399 3281 2470 exitio,

2043 2481 2099 2534 ni
2129 2482 2442 2553 sospitator
2469 2483 2623 2540 Deus
2654 2485 2886 2542 tulisset
2915 2502 3106 2557 opem.

2039 2568 2181 2624 Nam
2211 2585 2346 2626 cum
2376 2586 2437 2627 se
2469 2571 2529 2628 in
2561 2572 2783 2628 medias
2814 2575 3198 2643 conjecissent
3228 2576 3423 2635 fauces

2038 2657 2227 2713 Caesar
2257 2660 2661 2732 exercitusque
2692 2666 2812 2720 tam
2846 2663 3032 2719 stricti
3064 2666 3339 2733 tramitis,

2039 2745 2229 2815 prima
2257 2747 2495 2817 quidem
2528 2749 2763 2806 transiit
2793 2751 2953 2807 frons
2982 2755 3267 2809 exercitus

2038 2834 2164 2890 sine
2195 2835 2481 2894 molestiis
2512 2838 2691 2909 praelii
2723 2844 2898 2911 atque
2926 2841 3239 2898 incolumis
3272 2861 3285 2900 :

2037 2932 2137 2987 scd
2170 2934 2362 2990 media
2391 2934 2666 3006 phalanx,
2700 2935 2759 2991 in
2787 2952 2903 3007 qua
2931 2940 3119 2995 Caesar
3147 2944 3291 3010 erat,

2036 3020 2339 3078 incursum
2372 3024 2753 3081 barbarorum
2782 3026 2958 3098 cmpit
2986 3029 3233 3101 perpeti,

1960 3141 2003 3210 α
2041 3110 2140 3209 qui
2168 3110 2322 3210 telis,
2354 3110 2586 3179 lanceis,
2622 3113 3053 3210 saxisutroque
3080 3132 3148 3210 ex
3174 3115 3356 3175 latere

2042 3201 2235 3269 ipsum
2267 3201 2513 3271 ejusque
2543 3217 2751 3273 agmen
2784 3203 3166 3275 impetebant.

2042 3290 2228 3351 Quare
2258 3289 2349 3342 vix
2378 3287 2429 3346 is
2458 3305 2802 3359 supremum
2833 3293 3039 3350 vitavit
3065 3294 3274 3363 fatum,

2045 3376 2247 3433 multis
2277 3376 2514 3434 amissis
2542 3379 2799 3435 strenuis
2834 3381 3139 3441 militibus.

2041 3464 2153 3520 Sed
2182 3469 2375 3521 tamen
2411 3470 2527 3524 tam
2558 3467 2857 3525 difﬁcilem
2887 3485 3163 3529 emensus
3194 3473 3410 3540 locum,

2043 3577 2251 3634 magno
2282 3568 2530 3634 cognata
2564 3564 2878 3623 ineolumis
2910 3572 3155 3626 Berroen
3186 3572 3362 3640 venit,

2042 3650 2138 3704 ubi
2172 3650 2261 3705 sui
2295 3666 2472 3706 causa
2502 3653 2720 3710 invenit
2748 3656 2985 3711 anxium
3018 3658 3265 3716 militem

2041 3738 2192 3794 tristi
2226 3755 2460 3795 rumore
2488 3740 2655 3796 valde
2688 3745 3088 3813 peturbatum.

2042 3827 2227 3898 Igitur
2255 3827 2572 3899 imperator
2601 3829 2935 3900 Byzantium
2964 3841 3238 3906 properat

2039 3916 2423 3987 expeditionis
2457 3917 2669 3973 famam
2698 3934 2810 3974 non
2844 3920 3150 3991 pulchram
3181 3926 3432 3987 referens
3468 3946 3483 3988 :

2040 4009 2097 4060 et
2127 4005 2207 4075 sic
2238 4005 2479 4061 remisso
2511 4006 2793 4077 superbiae
2824 4010 3157 4081 supercilio,

2038 4092 2340 4163 ingressus
2370 4098 2458 4149 est
2484 4093 2712 4165 imperii
2746 4098 3147 4170 metropolim;

2038 4180 2301 4236 maeroris
2331 4197 2539 4252 nempe
2568 4181 2785 4239 aculeis
2819 4188 3349 4247 transverberatum

2038 4274 2273 4341 propter
2304 4274 2596 4341 acceptam
2629 4270 2854 4329 cladem
2885 4289 3092 4345 gerens
3137 4277 3422 4337 animum.

2036 4357 2293 4413 Antehac
2325 4358 2480 4415 enim
2511 4358 2662 4416 elato
2694 4362 3026 4433 supercilio,

2039 4445 2315 4517 superbia
2345 4445 2584 4503 inﬂatus
2615 4465 2680 4504 ac
2710 4453 2974 4509 tumente
3004 4452 3203 4510 animo

2040 4536 2322 4590 adversus
2354 4540 2563 4591 Mmsos
2595 4537 2876 4595 barbaros
2908 4547 3302 4612 processerat;

2038 4623 2193 4679 dicta
2223 4622 2562 4694 prophetica
2594 4628 2786 4681 mente
2817 4627 3136 4697 revolvens,

2039 4712 2194 4782 quod
2226 4727 2357 4768 cum
2389 4711 2590 4767 laetitia
2620 4712 2843 4769 scilicet
2874 4715 3017 4773 foret
3048 4719 3258 4787 exitus,

2038 4800 2261 4854 reditus
2293 4802 2485 4854 autem
2518 4799 2706 4871 magis
2737 4802 2927 4859 adhuc
2958 4803 3165 4866 laetus:

2037 4889 2312 4959 quodque
2341 4886 2699 4945 exsultantes
2729 4889 2905 4948 colles
2933 4909 2995 4949 se
3026 4895 3367 4969 reciperent,

2037 4984 2293 5056 ipsaeque
2324 4983 2659 5041 laetarentur
2687 4985 2877 5044 saltus
2906 4990 3167 5063 arbores,

2038 5090 2100 5130 se
2127 5074 2479 5145 procedente
2509 5089 2577 5130 ex
2608 5074 2749 5133 urbe
2776 5076 2865 5133 vel
2896 5080 3197 5138 redeunte.

2038 5164 2100 5217 In
2132 5162 2224 5217 his
2255 5178 2317 5218 se
2348 5160 2648 5220 obiectans
2677 5165 2921 5223 canticis
2950 5168 3335 5241 propheticis,

2037 5250 2264 5321 sibique
2294 5249 2601 5308 blandiens
2632 5251 2753 5309 haec
2784 5269 2983 5312 secum
3014 5259 3321 5329 reputabat
3354 5275 3368 5316 :

2037 5355 2408 5411 nequaquam
2439 5338 2512 5395 ob
2542 5342 2878 5398 communia
2908 5359 3034 5415 quae
3065 5346 3216 5402 ﬁunt
3246 5352 3485 5418 peccata

2037 5428 2189 5483 inter
2217 5426 2516 5495 mortales,
2549 5427 2703 5485 celso
2734 5430 2830 5487 Dei
2854 5432 3081 5502 Judicio

2037 5516 2362 5589 persolvere
2393 5532 2499 5571 nos
2532 5516 2757 5573 debitas
2789 5518 3027 5576 malitiae
3056 5537 3280 5592 pcenas,

2038 5621 2171 5661 cum
2202 5604 2493 5659 tradimur
2523 5605 2821 5663 barbarico
2852 5608 3056 5665 insano
3086 5610 3301 5681 populo

3574 319 3679 379 230
