4136 6292
456 335 556 388 231
1662 326 2031 381 ΕΡΗΒΕΜΙΙ
2076 330 2089 378 1

2218 326 2643 387 .ONOGRAPHI
3743 334 3851 388 232

460 456 531 510 ad
562 454 922 526 punitionem
948 455 1177 525 justam
1210 451 1766 518 correctionemque,

458 544 557 615 qui
592 544 690 599 Dei
725 541 1123 598 misericordis
1158 557 1284 596 mos
1316 555 1443 595 esse
1477 536 1653 605 solet;

456 633 558 688 sed
591 631 732 703 quia
761 632 962 686 Brants
988 629 1359 702 tyrannidem
1392 630 1629 683 secutus
1661 629 1783 680 erat

456 719 823 775 Christianus
856 719 1107 791 populus
1138 717 1384 789 imperio
1417 714 1713 779 deﬁciens,

456 808 673 864 idcirco
706 808 797 863 his
828 824 951 863 esse
984 806 1337 878 implicitum
1370 804 1559 860 aiebat
1589 801 1779 857 malis.

458 896 500 950 Ο
533 913 715 951 scaeva
745 896 977 967 ingenia
1009 894 1306 965 stultaque
1338 891 1582 948 consilia

455 984 505 1039 si
537 985 672 1055 quis
704 984 855 1039 hanc
888 987 1141 1039 mentem
1175 982 1325 1053 gerit
1354 986 1410 1036 et
1444 978 1814 1044 sententiam,

456 1073 689 1143 piorum
722 1089 932 1143 nempe
965 1072 1307 1126 innumeras
1340 1087 1373 1125 a
1400 1074 1516 1124 Deo
1545 1071 1803 1122 catervas

454 1162 718 1217 barbarae
749 1162 907 1232 genti
940 1161 1010 1216 ad
1045 1158 1343 1214 interitum
1373 1156 1524 1213 tradi

453 1249 777 1320 quamlibet
807 1253 1043 1319 propter
1072 1248 1288 1303 erroris
1320 1245 1637 1312 insaniam,

453 1355 569 1409 qua
600 1339 772 1393 laesus
811 1338 889 1392 sit
921 1337 1171 1391 fortasse
1205 1332 1467 1390 mortalis
1496 1331 1773 1387 dominus
1801 1329 1814 1383 1

453 1434 602 1500 Quin
633 1435 775 1489 adeo
808 1432 1199 1489 univcrsalem
1235 1428 1639 1486 monarchiam
1674 1426 1785 1483 sibi

451 1523 783 1578 vaticinans
814 1521 1166 1593 spondebat,
1199 1524 1256 1576 et
1286 1518 1653 1574 Palaestinam

445 1611 590 1681 jugo
621 1611 983 1666 subtractam
1015 1608 1379 1664 redditurum
1410 1623 1471 1661 se
1501 1602 1780 1676 imperio;

454 1704 512 1755 et
542 1715 602 1755 se
633 1699 722 1755 lac
752 1698 1105 1771 pepulorum
1140 1696 1520 1764 ebibiturum,

455 1787 688 1844 divitias
718 1791 1079 1852 voraturum,
1113 1789 1168 1839 et
1198 1783 1614 1856 pinguedinem

455 1876 732 1933 medullis
764 1876 1205 1940 exhausturum,
1240 1877 1303 1928 ut
1334 1872 1409 1928 ait
1441 1871 1739 1943 propheta.

456 1965 718 2021 Effutivit
747 1964 922 2020 etiam
957 1962 1151 2036 palam
1185 1964 1242 2018 in
1274 1960 1549 2017 concione

449 2053 692 2109 disertis
719 2051 934 2118 verbis,
967 2066 1206 2106 romano
1240 2048 1634 2105 Andronicum

452 2141 842 2213 praefuturum
875 2139 1045 2194 annis
1084 2138 1330 2209 imperio
1362 2150 1599 2201 novem;

453 2229 514 2285 ni
548 2228 871 2300 redegisset
900 2227 1053 2282 Deus
1084 2227 1155 2282 ad
1187 2225 1529 2288 triennium,

456 2334 525 2372 ex
554 2333 666 2386 quo
696 2316 1067 2371 Andronicus
1093 2320 1322 2385 sceptro
1355 2312 1516 2367 abuti
1548 2313 1801 2381 coeperat
1833 2326 1845 2364 :

454 2403 824 2459 subtractum
857 2409 1052 2458 autem
1083 2399 1413 2457 Andronico
1446 2396 1810 2454 sexennium.

455 2509 557 2548 ceu
591 2508 863 2563 purpura:
894 2500 1259 2562 segmentum
1292 2490 1343 2544 vi
1377 2490 1693 2558 direptum,

455 2580 527 2635 ad
561 2579 654 2634 sui
685 2579 867 2635 fuisse
892 2579 1187 2648 adjectum
1218 2577 1381 2647 regni
1413 2574 1671 2646 spatium
1705 2591 1717 2628 :

452 2683 630 2740 seque
662 2671 969 2740 propterea
995 2682 1098 2738 per
1125 2666 1182 2719 id
1218 2664 1562 2720 sexennium

450 2757 700 2811 fortasse
729 2756 1186 2826 haudquaquam
1225 2754 1343 2809 fore
1373 2767 1611 2823 prorsus
1641 2750 1943 2822 optimum.

450 2856 666 2908 Verum
699 2870 770 2909 ne
801 2850 1017 2924 elapsis
1044 2852 1280 2922 quidem
1314 2849 1603 2922 pradictis
1634 2847 1804 2903 annis

448 2940 610 2995 visus
642 2945 729 2995 est
759 2954 952 2994 mores
984 2956 1122 2994 suos
1149 2939 1409 2994 conferre
1442 2939 1499 2991 in
1535 2936 1765 2991 melius.

451 3028 799 3083 Blachorum
831 3043 974 3098 gens
997 3028 1121 3096 jam
1150 3030 1275 3081 erat
1304 3023 1712 3089 intolerabilis,

448 3116 727 3170 Romanis
757 3114 959 3186 spoliis
992 3112 1405 3181 manubiisque
1435 3112 1594 3165 dives

448 3202 790 3274 eximiisque
820 3202 1032 3273 opibus
1063 3201 1347 3254 instructa
1379 3199 1449 3253 ad
1482 3196 1700 3253 bellum
1737 3215 1750 3252 :

452 3306 630 3363 quare
658 3291 980 3345 Romanam
1018 3289 1326 3343 incursans
1354 3286 1711 3358 provinciam

452 3379 733 3451 oppidum
765 3382 1020 3433 Varnam
1053 3377 1205 3448 cepit
1235 3392 1367 3432 cum
1403 3374 1705 3442 Anchialo,

456 3475 513 3523 et
540 3468 844 3523 Triaditzae
876 3482 1109 3538 quoque
1139 3465 1354 3521 invasit
1380 3480 1608 3536 agrum,

449 3557 730 3612 Naissum
764 3555 980 3611 delevit
1010 3554 1261 3624 denique
1289 3570 1423 3608 cum
1453 3552 1739 3623 Stumpio,

451 3645 726 3701 abductis
756 3644 893 3698 inde
926 3642 1254 3697 innumeris
1281 3641 1598 3708 manubiis,

446 3734 589 3788 viris
622 3748 757 3787 cum
790 3731 1048 3801 feminis,
1080 3735 1136 3786 et
1166 3730 1443 3801 gregibus
1474 3729 1816 3801 omnigenis.

450 3829 778 3885 Conclusus
808 3844 945 3900 ergo
977 3843 1420 3900 quaquaversus
1450 3827 1722 3882 hostibus

449 3934 553 3972 nec
577 3918 703 3989 jam
737 3918 885 3973 tueri
915 3916 1097 3971 victos
1124 3916 1324 3973 valens
1353 3917 1563 3983 Caesar,

447 4008 765 4063 exercitum
796 4006 1068 4062 bifariam
1099 4006 1300 4061 divisit
1328 4005 1599 4071 ducibus,

448 4096 663 4167 partim
694 4096 766 4150 ad
797 4094 955 4151 locos
978 4095 1199 4164 jubens
1230 4095 1392 4150 abire
1422 4092 1742 4164 hesperios,

448 4184 661 4255 partim
694 4185 766 4238 ad
797 4188 983 4239 terras
1014 4200 1234 4255 nupero
1266 4182 1513 4237 afﬂictas
1544 4181 1696 4236 bello
1731 4198 1744 4234 :

447 4272 817 4343 Varnamque
848 4272 1195 4327 instauravit
1226 4286 1359 4325 cum
1390 4269 1690 4336 Anchialo,

441 4359 836 4430 idoneumque
868 4359 1151 4431 imposuit
1183 4358 1275 4412 his
1308 4356 1673 4428 praesidium.

440 4448 572 4519 Ipse
604 4449 897 4519 profectus
929 4448 1116 4503 denuo
1149 4444 1608 4516 Philippopolim

441 4535 753 4591 Mmsorum
786 4552 853 4591 ac
881 4535 1229 4607 Scytharum
1265 4534 1547 4605 repressit
1583 4533 1869 4604 impetum

440 4628 498 4679 et
527 4640 635 4679 sua
665 4623 976 4695 praesentia
1005 4627 1063 4679 et
1093 4621 1346 4677 ducibus
1375 4620 1762 4693 pugnacibus.

442 4722 709 4794 Cumque
738 4722 1036 4778 Triballus
1067 4721 1339 4793 princeps
1367 4720 1708 4791 Scopiorum
1743 4721 1944 4778 urbem

443 4828 579 4866 cum
612 4810 883 4866 universo
916 4826 1054 4882 agro
1094 4809 1492 4881 popularetur,

435 4899 724 4970 impetum
756 4898 891 4954 fecit
923 4898 1110 4954 Cesar
1140 4915 1273 4953 cum
1306 4899 1559 4955 exercitu

436 4986 720 5057 illumque
747 4985 1094 5059 triumphali
1130 4987 1445 5058 prostravit
1474 4987 1692 5058 praelio.

434 5075 583 5130 Exin
615 5075 955 5146 praeteriens
985 5079 1263 5131 cunctum
1297 5074 1491 5133 Naissi
1524 5092 1753 5147 agrum,

436 5179 907 5236 progressusque
937 5164 1009 5219 ad
1042 5162 1222 5235 ampli
1255 5164 1474 5221 ﬂuenta
1503 5165 1656 5230 Savi,

433 5252 516 5307 ibi
551 5253 610 5308 in
642 5268 1021 5322 congressum
1053 5251 1212 5307 venit
1242 5269 1376 5308 cum
1409 5268 1542 5308 caro
1572 5268 1793 5324 socero,

430 5341 527 5395 cui
559 5341 706 5396 Belas
738 5356 951 5397 nomen
983 5348 1127 5410 erat,
1161 5340 1423 5409 Ungariaa
1456 5356 1620 5413 rege;

431 5431 602 5500 cujus
632 5430 922 5501 colloquio
957 5430 1194 5496 fruitus,
1227 5434 1405 5500 atque
1436 5434 1501 5485 ut
1530 5430 1726 5486 decuit
1832 5478 1837 5481 ,

433 5518 680 5573 invicem
714 5517 1033 5590 impertitis
1063 5518 1283 5574 amoris
1314 5518 1524 5590 signis,

433 5606 597 5663 illinc
630 5623 899 5665 reversus
924 5612 1032 5677 est,
1065 5612 1303 5663 vocante
1333 5608 1544 5677 ofﬁcio,

2127 447 2180 514 A

2112 4478 2161 4544 D

2388 451 2527 524 Πρὸς
2561 450 2940 528 σωφρονισμὸν
2976 454 3312 526 μαστίγωσιν
3358 451 3598 529 μετρίαν,

2381 540 2551 613 ’ᾟπερ
2584 539 2889 614 φιλοίκτου,
2926 546 3242 614 συμπαθοῦς
3279 546 3411 596 Θεοῦ
3440 541 3628 614 νόμος’
3688 620 3692 627 ⁸

2208 626 2350 682 6125
2385 627 2504 682 Ὃτι
2539 625 2584 681 δ’
2619 628 2791 683 όπίσω
2822 637 2920 699 τῆς
2948 632 3127 705 Βρανᾶ
3154 629 3433 704 τυραννίος

2382 716 2609 788 Ὑπῆρξε
2640 715 2791 787 λαὸς,
2819 716 2968 772 τοῦδ’
2995 718 3230 779 ἀποστάς
3248 722 3343 772 τοῦ
3374 717 3628 792 κράτους,

2382 800 2635 856 Τοιοῖσδε
2665 809 2851 865 κακοῖς
2881 802 3191 859 ἐκδεδόσθαι
3224 799 3441 874 συνέϐη.

2380 890 2444 941 Ὤ
2468 894 2575 944 τῶν
2607 896 2848 965 πονηροῦ
2881 891 3207 966 σκεμμάτων
3249 892 3338 946 καὶ
3372 893 3695 968 σπερμάτων
3727 897 3737 949 ί

2382 977 2445 1031 Εἰ
2475 982 2642 1033 ταῦτά
2669 984 2806 1041 τινές
2838 980 2968 1035 εἰσιν
2996 980 3379 1057 ὑπειληφότες,

2204 1066 2343 1119 6130
2380 1065 2466 1127 Ὡς
2502 1065 2763 1138 μυριάδας
2796 1063 3027 1122 εὐσεϐῶν
3056 1065 3243 1130 ἐκδοὺς
3276 1066 3393 1142 ἔχει

2380 1153 2507 1214 Θεὸς
2536 1154 2669 1228 πρὸς
2700 1154 2974 1210 ἀπώλειαν
3005 1150 3141 1220 ἔθνει
3176 1150 3454 1229 βαρϐάρῳ,

2382 1240 2708 1296 Ούτινοσοὸν
2738 1244 3035 1316 ἀντίψυχον
3063 1244 3349 1318 παροινίας

2380 1330 2571 1391 ’Όντος
2603 1333 2721 1393 καθ’
2752 1333 2899 1403 ἡμᾶς
2926 1336 3022 1385 τοῦ
3052 1336 3232 1393 κακῶς
3264 1330 3612 1393 πεπονθότος.

2381 1416 2522 1490 Ηρὸς
2553 1416 2736 1471 τοῖσδε
2766 1414 3162 1496 προύφοίὸαζεν
3196 1421 3271 1483 ὡς
3303 1419 3603 1495 μοναρχίαν

2203 1514 2344 1570 6135
2379 1509 2787 1588 Περιϐαλεῖται,
2819 1516 2908 1570 καὶ
2936 1514 3301 1587 Παλαιστίνην
3331 1517 3492 1571 πάλιν

2383 1600 2786 1675 Ἐλευθερώσας
2818 1610 3117 1679 προσνεμεῖ
3143 1605 3468 1679 κραταρχίᾳ.

2382 1689 2479 1745 Καὶ
2508 1689 2649 1765 γάλα
2680 1689 2727 1745 δ’
2758 1691 2920 1755 ἐθνῶν
2956 1690 3179 1762 θηλάσει
3206 1695 3340 1747 κατά
3376 1695 3558 1767 κόρον,

2382 1778 2477 1831 Καὶ
2508 1778 2745 1834 πλοῦτον
2770 1780 2944 1836 αὐτῶν
2979 1782 3201 1858 φάγεται
3232 1782 3321 1835 καὶ
3350 1781 3415 1836 τὰ
3443 1781 3594 1855 πάχη

2382 1866 2667 1938 Ἐκμυελεῖ
2697 1871 2832 1923 κατὰ
2859 1871 2957 1938 τὴν
2992 1871 3267 1933 θεοπτίαν.

2202 1954 2341 2009 6140
2380 1955 2480 2011 Καὶ
2510 1957 2656 2010 τοῦτ’
2687 1957 2909 2029 ἀμαθῶς
2940 1956 3229 2033 συλλόγων
3254 1958 3566 2030 ήλισμένων

2375 2044 2606 2118 Ἐφασκε
2638 2049 2927 2117 Λαμπρῶς,
2961 2046 3036 2109 ὡς
3064 2044 3411 2121 Ἀνδρόνικος
3440 2047 3653 2120 χρόνων

2372 2129 2643 2203 ’Ἐμελλεν
2672 2130 2844 2208 ἄρξειν
2878 2131 3068 2188 έννάδα
3100 2132 3432 2208 Ῥωμαΐδος’

2373 2218 2501 2279 Θεὸς
2534 2216 2591 2273 δὲ
2622 2219 2952 2274 συνέστειλεν
2985 2220 3061 2282 εἷς
3088 2223 3189 2290 τὴν
3218 2219 3437 2295 τριάδα,

2375 2310 2551 2360 Κακοῦ
2583 2305 2833 2379 φανέντος
2866 2306 3218 2383 Ἀνδρονίκου
3249 2313 3325 2380 τῷ
3356 2310 3562 2384 κράτει.

2196 2403 2336 2459 6145
2372 2403 2433 2459 Ἣ
2460 2400 2504 2455 δ’
2537 2401 2650 2473 ἐξάς
2680 2402 2813 2473 αὕτη
2846 2408 2954 2458 τῶν
2992 2404 3212 2479 χρόνων
3247 2402 3596 2481 Ἀνδρονίκου

2369 2492 2455 2552 Ὡς
2487 2490 2742 2565 πορφύρᾳ
2773 2491 2936 2567 ῥάκος
2967 2514 3018 2547 τι
3052 2490 3443 2569 διερῥηγμένον

2371 2574 2765 2650 Ἑπιϐέϐληται
2794 2578 2954 2635 τοῦδε
2983 2584 3051 2654 τῇ
3087 2582 3416 2657 κραταρχίᾳ’

2370 2668 2465 2721 Καὶ
2499 2668 2633 2721 κατά
2661 2667 2891 2729 τούτους
2924 2668 3023 2722 οὐκ
3055 2670 3254 2743 ἀγαθὸς
3286 2669 3411 2732 τοὺς
3443 2670 3673 2743 χρόνους

2368 2757 2571 2810 Γένοιτ⁷
2604 2755 2662 2811 ἃν
2691 2755 2827 2819 ’ίσως
2859 2754 2983 2811 οὐδὲ
3017 2756 3251 2832 βελτίων
3277 2760 3434 2813 πάνυ.

2193 2846 2341 2900 6150
2378 2844 2528 2898 Ἐπεὶ
2559 2842 2615 2899 δε
2643 2843 2984 2920 παρέδραμεν
3019 2846 3134 2918 ἑξὰς
3156 2851 3261 2901 τῶν
3295 2847 3534 2922 χρόνων,

2364 2932 2537 2996 Αὐτὸς
2564 2933 2733 2988 πάλιν
2767 2936 2830 3001 ἧν
2861 2935 2971 3008 οὐχ
3002 2937 3192 2989 ἑαυτοῦ
3224 2934 3474 3010 βελτίων.

2361 3021 2595 3096 Βλάχων
2632 3023 2866 3097 ὑπῆρξεν
2911 3023 3285 3078 ἀνυπόστατον
3319 3026 3488 3100 φῦλον

2373 3107 2619 3179 Ηλησθὲν
2663 3109 2918 3186 λαφύρων
2954 3113 3286 3185 Ῥωμαϊκῶν
3315 3112 3403 3167 καὶ
3441 3112 3657 3168 σκύλων

2376 3196 2477 3253 Καὶ
2510 3195 2754 3253 πλοῦτον
2785 3194 2952 3272 ἀϐρὸν
2988 3197 3205 3263 ἔνδοθὲν
3235 3202 3372 3276 πρὸς
3401 3207 3500 3270 τῆς
3537 3200 3746 3275 μάχης·

2196 3287 2336 3342 6155
2375 3286 2564 3342 Τοίνυν
2597 3285 2750 3359 ἐπῄει
2780 3293 3109 3360 Ῥωμαϊκοῖς
3142 3289 3395 3363 χωρίοις,

2374 3373 2475 3430 Καὶ
2507 3374 2713 3449 Βάρναν
2746 3377 2863 3431 εἷλε
2896 3376 2988 3430 σὺν
3022 3377 3303 3451 Ἀγχιάλῳ
3333 3375 3524 3439 πόλεις

2381 3462 2476 3519 Καὶ
2508 3462 2836 3539 Τριαδίτζης
2863 3463 3166 3540 κατέδραμε
3196 3464 3324 3529 τοὺς
3352 3466 3533 3541 ὅρους,

2374 3552 2479 3606 Καὶ
2511 3553 2676 3608 Νίσον
2712 3554 2948 3630 ἠφάνισε
2979 3554 3071 3608 σὺν
3100 3558 3178 3625 τῷ
3204 3554 3519 3627 Στουμπίῳ,

2371 3641 2531 3694 Λείαν
2566 3639 2765 3704 ἐκεῖθεν
2793 3641 3075 3717 ἀπαγαγὸν
3113 3644 3308 3717 μυρίαν

2194 3739 2335 3794 6160
2374 3734 2636 3811 ’Λνδρῶν,
2666 3744 2962 3813 γυναικῶν,
2992 3738 3353 3795 παντοδαπῶν
3386 3738 3621 3814 ἀλόγων.

2370 3823 2760 3898 Κυκλούμενος
2789 3832 2919 3903 γοῦν
2951 3834 3069 3890 τοῖς
3101 3828 3323 3903 ἐχθροῖς
3354 3830 3713 3902 πανταχόθεν,

2374 3914 2476 3970 Καὶ
2513 3917 2587 3987 μὴ
2622 3916 2816 3979 σθένων
2849 3918 3150 3990 πάσχουσιν
3180 3917 3401 3991 ἀμύνειν
3444 3918 3586 3988 ἅναξ,

2368 4001 2461 4064 Εἷς
2488 4001 2612 4063 τοὺς
2645 4006 2976 4079 στρατηγοὺς
3011 4008 3262 4080 στρατιάν
3294 4005 3638 4079 κερματίσας,

2367 4092 2477 4159 Τὴν
2514 4091 2608 4163 μὶν
2646 4094 2801 4166 μέρει
2835 4092 3092 4169 πέπομφε
3120 4095 3259 4168 πρὸς
3289 4094 3535 4169 ἑσπέραν,

2192 4181 2335 4236 6165
2372 4178 2555 4252 Ἀλλῃ
2586 4178 2644 4233 δὲ
2672 4178 2835 4251 τήνδε
2864 4184 3000 4256 πρὸς
3031 4186 3229 4237 πονοῦν
3258 4183 3473 4244 πάντως
3504 4181 3668 4254 μέρος

2370 4269 2472 4324 Καὶ
2503 4269 2714 4342 Βάρναν
2745 4269 2985 4325 ἀνέκτισε
3016 4270 3107 4325 σὺν
3142 4271 3446 4345 Ἀγχιάλῳ,

2369 4357 2473 4413 Καὶ
2501 4356 2686 4411 ταῖσδε
2714 4358 2951 4433 φρουράν
2984 4360 3173 4425 ἱκανὴν
3208 4359 3505 4433 ὗπεισάγει·

2368 4444 2543 4507 Αὐτὸς
2578 4443 2624 4499 δ’
2653 4444 2874 4508 ἐπιστάς
2900 4449 2968 4519 τῇ
3003 4446 3287 4501 Φιλίππου
3318 4446 3407 4501 καὶ
3438 4444 3603 4502 πάλιν

2365 4537 2561 4588 Μυσῶν
2600 4554 2656 4588 τε
2688 4536 2906 4589 Σκυθῶν
2936 4535 3241 4608 ἆνεχαίτιζε
3272 4535 3461 4609 στίχας

2193 4632 2333 4686 6170
2371 4632 2469 4687 Καὶ
2508 4629 2578 4685 δι’
2607 4631 2795 4686 ἑαυτοῦ
2820 4631 2908 4686 καὶ
2936 4637 3252 4707 στρατηγῶν
3280 4631 3549 4688 εύόπλωνο

2371 4720 2472 4774 Καὶ
2502 4715 2878 4795 τριϐαλάρχου
2901 4717 3298 4795 καταδῃοῦντος
3328 4721 3489 4776 πόλιν

2371 4806 2476 4861 Σὺν
2503 4814 2620 4870 τοῖς
2650 4810 2801 4885 πέριξ
2835 4811 2997 4864 ἅπασι
3027 4812 3126 4879 τήν
3157 4813 3263 4864 τῶν
3310 4810 3581 4879 Σκοπίων,

2366 4897 2541 4970 Ὁρμᾷ
2577 4898 2693 4951 κατ’
2714 4897 2877 4952 αὐτοῦ
2912 4895 3167 4973 βασιλεὺς
3192 4898 3283 4952 σὺν
3314 4894 3557 4970 δυνάμει,

2369 4984 2721 5058 Συμπλακεῖς
2752 4987 2982 5058 ἥττησεν
3016 4987 3175 5042 αὐτὸν
3206 4987 3471 5062 ἐσχάτως.

2189 5076 2329 5130 6175
2366 5078 2561 5149 Χῶρον
2592 5074 2945 5149 παραλλάξας
2974 5073 3031 5130 δὲ
3058 5077 3231 5131 πάντα
3258 5078 3352 5129 τοῦ
3384 5074 3546 5128 Νίσου

2368 5162 2468 5218 Καὶ
2501 5165 2636 5239 πρὸς
2668 5159 2914 5218 Σάουϐον
2948 5165 3235 5241 πεφθακὼς
3271 5160 3559 5237 βαθυδίνην

2365 5252 2572 5307 Ἐκεῖσε
2602 5251 2847 5324 συνέμιξε
2878 5249 3114 5323 κηδεστῇ
3144 5251 3288 5329 φίλῳ

2366 5340 2634 5414 Ούγγρίας
2668 5340 2793 5415 ῥηγὶ
2824 5345 2903 5411 τῷ
2931 5339 3075 5409 Βελᾷ
3101 5338 3449 5411 κεκλημένῳ,

2364 5427 2468 5484 Καί
2500 5428 2551 5481 οἱ
2582 5428 3004 5504 προσαγόρευσιν
3034 5426 3341 5482 ἀποτιννύει

2185 5518 2326 5575 6180
2365 5514 2466 5572 Καὶ
2492 5517 2590 5585 τήν
2623 5514 2886 5591 πρεπώδη
2920 5514 3159 5586 δεξίωσιν
3190 5514 3279 5569 καὶ
3312 5514 3512 5589 σχέσιν·

2362 5606 2572 5660 Ἔπειτ’
2601 5605 2800 5670 ἐκεῖθεν
2828 5604 3129 5665 ἀπαναστὰς
3161 5604 3235 5665 ὡς
3268 5600 3406 5669 δέον,
