4136 6292
327 327 435 382 233

504 453 634 515 Μεθ’
665 454 876 525 ἡμέρας
909 452 1094 508 εἷ’σεισι
1125 455 1405 511 Φιλίππου
1435 452 1625 525 πόλιν,

504 540 761 603 Κάκεῖθεν
795 542 1061 612 ἀνέζευξεν
1096 543 1172 607 είς
1209 545 1636 602 Κωνσταντίνου.

504 628 655 681 Ἐπεὶ
687 625 744 681 δὲ
775 631 973 685 Μυσῶν
1001 633 1089 685 καὶ
1124 637 1341 695 Σκυθῶν
1375 630 1546 687 δεινὸν
1580 630 1749 708 φῦλον

318 716 469 771 6185
509 714 929 788 Ἐπεστράτευσε
955 720 1045 772 καὶ
1070 719 1234 774 πάλιν
1266 717 1555 792 Ῥωμαΐδι,

501 806 673 874 Δῃοῦν
708 800 765 857 δὶ
795 805 978 879 φθάνει
1013 806 1177 880 μέχρι
1207 814 1305 875 τῆς
1333 807 1645 882 Ἀρκαδίου,

496 889 596 944 Καὶ
628 892 878 965 στρατιὰν
908 893 1140 963 ἥττησεν
1171 894 1413 969 αἰσχρῶς
1444 895 1693 952 Αὐσόνων

498 979 644 1052 Πρὸς
676 978 1089 1055 ἀντιπαράταξιν
1123 982 1541 1057 ἰκτεττγμένην,

500 1068 688 1139 ’Έγνω
720 1065 790 1121 δι’
819 1069 981 1124 αὐτοῦ
1013 1075 1146 1147 σφᾶς
1178 1071 1448 1143 μετελθεῖν
1485 1075 1511 1127 ὁ
1540 1076 1776 1147 κράτωρ,

326 1163 469 1218 6190
507 1164 858 1240 Ἀπογραφὴν
885 1164 999 1238 οὗν,
1034 1167 1309 1243 συλλογὴν
1338 1171 1648 1244 καθημέραν

497 1250 656 1322 Ὀρᾷν
692 1252 909 1327 ὑπῆρχε
940 1256 1258 1325 Ῥῶμαῖκῶν
1287 1258 1598 1329 ταγμάτων·

493 1337 636 1411 Πρὸς
666 1336 723 1393 δὲ
752 1339 955 1409 ξενικὸν
988 1345 1335 1416 συμμαχικὸν
1372 1344 1562 1417 μυρίον

487 1424 700 1487 Μισθοὖ
732 1429 913 1481 συνιὸν
941 1426 994 1498 ἐξ
1026 1428 1164 1498 ὅλης
1197 1430 1508 1506 ἐθναρχίας.

486 1511 575 1572 Ὧς
607 1510 700 1566 οὖν
730 1513 1121 1589 ἀπειράριθμον
1154 1518 1419 1593 ἠθροίσθη
1451 1521 1653 1597 στίφος,

309 1598 455 1655 6195
491 1599 721 1669 Ἔξεισιν
752 1602 886 1676 ἦρος
913 1610 1013 1672 τῆς
1042 1607 1454 1661 Κωνσταντίνου
1482 1609 1715 1685 κράτωρ,

485 1693 702 1761 Χρυσοῦ
732 1694 1055 1766 κεντηνάρια
1083 1694 1239 1749 πέντε
1266 1696 1400 1769 πρὸς
1431 1694 1574 1769 δέκα,

487 1776 777 1851 Ἀργυρίου
805 1777 852 1833 δ’
880 1778 946 1834 αὖ
977 1779 1215 1853 ἑξήκοντ’
1253 1783 1582 1857 ἀπηγμένοςο

484 1865 581 1919 Καὶ
610 1867 747 1940 πρὸς
778 1865 1079 1924 Ῥαιδεστὸν
1109 1872 1206 1938 τὴν
1238 1872 1399 1927 πόλιν
1428 1873 1743 1949 ἀφιγμένος,

484 1953 632 2009 Ἐκεῖ
663 1953 830 2029 φύσας
860 1954 1025 2033 ἔφαγε
1058 1961 1315 2029 μυστικὸν
1346 1963 1563 2036 Πάσχα,

295 2051 441 2105 6200
480 2050 775 2125 Ἐορτάσας
806 2051 1014 2128 ἔγερσιν
1042 2058 1202 2128 ἡμῶν
1232 2061 1505 2114 Δεσπότου

484 2139 712 2213 Πρώτην
744 2143 1115 2215 κυριώνυμον,
1144 2146 1219 2208 ὡς
1242 2152 1457 2209 πιστοῖς
1480 2147 1617 2212 ἔθος.

476 2226 789 2301 Ευγγίνεται
822 2227 868 2283 δ’
899 2229 1124 2295 ἐνταῦθα
1155 2235 1463 2307 Βασιλακίῳ

470 2312 656 2389 Ἀνδρί
691 2316 893 2390 βιοῦντι
930 2319 1042 2393 βίον
1078 2319 1486 2396 ἐξηλλαγμένον

475 2402 575 2458 Καὶ
614 2400 886 2478 διαγωγὴν
914 2405 1157 2477 ἀσυνήθη
1188 2415 1303 2471 τοῖς
1337 2408 1510 2471 ὅλοις⁹

291 2490 436 2546 6205
470 2492 657 2554 Ὅστις
683 2493 748 2545 τὰ
778 2493 1008 2566 πρόσθεν
1039 2491 1372 2568 προϐλέπειν
1413 2501 1527 2573 εἶχε
1556 2498 1736 2574 κλέος,

472 2577 565 2640 Εἲς
598 2581 656 2633 δν
686 2581 928 2657 συνέρρει
962 2589 1071 2645 πᾶς
1103 2605 1188 2646 τις
1217 2586 1291 2648 ὡς
1320 2586 1395 2648 εἷς
1429 2588 1648 2660 Λοξίαν,

436 2664 603 2721 Οὐδὲν
637 2664 834 2741 διεξῄει
867 2667 925 2724 δὲ
954 2673 1140 2746 τρανὶς
1171 2673 1437 2742 συνόλως,

412 2770 419 2771 ’
468 2752 593 2809 Οὐδ’
634 2755 778 2829 ὑγιες
807 2777 866 2811 τε
895 2759 983 2811 καὶ
1017 2756 1496 2833 διηυκρινημένον,

470 2839 651 2896 Ἀλλά
677 2842 925 2919 γριφώδη
959 2846 1150 2915 πάντα,
1182 2848 1595 2922 πεπλανημένα·

279 2940 430 2995 6210
470 2940 556 2996 Ἐν
590 2936 637 2993 δ’
665 2938 729 2993 αὖ
758 2962 820 3014 γε
848 2942 1083 3006 πολλοῖς
1116 2944 1446 3022 ἀπεφλυάρει
1480 2947 1677 3023 λόγους

463 3028 843 3102 Εὐτραπελίας
873 3030 962 3085 καὶ
992 3031 1234 3105 γέλωτος
1266 3034 1466 3104 ἀξίους,

463 3115 714 3178 Μαστοὺς
743 3123 1015 3191 γυναικῶν
1046 3119 1319 3197 ἀναδιφῶν
1352 3122 1657 3195 παλάμαις,

460 3208 771 3279 Περιαθρῶν
796 3226 855 3260 τε
885 3207 975 3260 καὶ
1011 3210 1185 3283 σφυρὰ
1211 3209 1416 3263 τούτων
1447 3211 1634 3280 πάλιν,

453 3293 571 3369 Ἐφ’
604 3295 691 3347 οἷσ
717 3299 923 3367 συνεῖρε
948 3297 1035 3349 καὶ
1073 3299 1278 3370 μακρὰς
1310 3297 1605 3373 ληρωδίας.

277 3380 425 3435 6215
462 3380 656 3450 Ὅμως
690 3379 1051 3437 έπεισπάσατο
1084 3387 1367 3461 συρφάκων
1402 3383 1597 3461 ὄχλον,

459 3466 560 3524 Καὶ
594 3468 645 3521 οἱ
676 3475 976 3545 προσεῖχον
1011 3474 1099 3525 οἷα
1126 3475 1212 3526 καὶ
1251 3472 1566 3549 προηγόρῳ.

464 3554 739 3610 Συνείπετ’
771 3556 918 3629 αὐτῷ
948 3560 1038 3613 καὶ
1069 3581 1190 3614 τινα
1217 3560 1475 3636 γραῖδίων

458 3644 1017 3718 υἱστρηλατουμένων
1044 3668 1101 3702 τε
1129 3651 1215 3703 καὶ
1250 3651 1579 3727 παραφόρων

458 3736 535 3785 Τα
564 3729 814 3806 δρώμενά
843 3736 900 3788 οἱ
924 3755 1096 3792 παντα
1124 3738 1211 3792 καὶ
1243 3738 1540 3813 λελεγμένα

274 3821 423 3875 6220
461 3822 895 3895 Διατρανούντων
926 3824 1338 3901 ἀφικνουμένοις
1371 3825 1544 3890 ὅλοις.

457 3910 589 3971 Τοῖς
616 3910 833 3963 πλείοσι
867 3909 912 3965 δ’
945 3910 1090 3983 ἔδοξε
1119 3912 1311 3969 τοῦτον
1342 3913 1561 3971 εἰδότων

457 3998 801 4071 Προφητικός
830 4021 913 4062 τις
940 4003 1025 4055 καὶ
1060 4007 1175 4074 Θεῷ
1205 4002 1561 4077 πεφιλμένος’

456 4086 554 4148 Οἷς
584 4086 791 4150 σύνεσις
820 4085 867 4141 δ’
893 4088 960 4156 ἦν
990 4092 1079 4143 καὶ
1111 4091 1295 4167 φρένες
1324 4092 1523 4167 κρίνειν
1548 4091 1689 4165 δέον,

455 4172 676 4235 Γελοῖος
709 4174 1016 4246 ὑπείληπτο
1044 4177 1305 4253 ληρώδης
1329 4182 1523 4257 γέρων·

274 4261 418 4317 6225
455 4258 645 4331 Ἔδοξε
675 4260 719 4316 δ’
742 4262 937 4327 ἄλλοις
968 4272 1178 4340 πνεῦμα
1218 4268 1472 4332 Πύθωνος
1503 4270 1702 4347 φέρειν’

454 4350 639 4411 Ὅστις
670 4350 940 4409 ἐπιστάντι
974 4376 1033 4429 γε
1060 4361 1140 4427 τῷ
1170 4360 1494 4436 στεφηφόρῳ

451 4437 556 4493 Καὶ
586 4437 731 4493 τόνδ’
772 4438 976 4515 ἱλαρῶς
1007 4443 1363 4519 εὐλογήσαντι
1392 4450 1515 4503 τότε
1558 4448 1561 4451 ⁷

455 4524 626 4583 Οὐδὲν
657 4531 918 4601 κατξίωσε
947 4540 1244 4608 προσσχεῖν
1267 4536 1529 4599 συνόλως·

451 4616 600 4669 ιἈνω
634 4613 691 4671 δέ
729 4618 876 4672 κάτω
913 4620 1196 4696 βακχικῶς
1225 4644 1343 4686 πως
1374 4625 1618 4699 ἠγμένος

270 4711 425 4766 6230
466 4708 753 4767 Ὀνείδεσιν
788 4709 988 4771 ἔϐαλλε
1018 4718 1481 4794 συνειλεγμένους,

454 4799 595 4861 Τοὺς
632 4798 676 4853 δ’
707 4800 759 4854 ἐν
790 4803 935 4857 τέλει
973 4804 1209 4877 μάλιστα
1238 4809 1327 4862 καὶ
1357 4811 1659 4881 γερουσίας

456 4887 558 4942 Καὶ
590 4890 831 4965 κράτορα
864 4890 910 4945 δ’
941 4894 1047 4969 οὐχ
1074 4897 1235 4962 ἦττον
1267 4899 1331 4964 ἦν
1365 4902 1542 4960 κακῶς
1581 4900 1773 4975 λέγων’

457 4976 560 5032 Καὶ
594 4978 645 5031 οἱ
674 4981 870 5052 κρατὸς
904 4978 952 5035 δ’
981 4983 1235 5056 ὥρμησεν
1266 4984 1497 5059 ἅρπάσαι
1520 4985 1705 5045 πῖλον.

448 5062 624 5128 Μόλις
654 5063 712 5119 δὲ
751 5066 916 5137 λήξας
947 5069 1211 5126 πωλὶκῶν
1242 5075 1578 5145 κινημάτων,

272 5152 423 5208 6235
460 5156 536 5227 Τῇ
569 5152 657 5208 διὰ
686 5158 874 5231 χειρὸς
902 5158 1111 5215 εὐτελεῖ
1143 5161 1412 5235 βακτηρίᾳ

451 5242 698 5315 Ὄμματ⁹
719 5245 956 5320 ἀμαυροῖ
989 5247 1278 5322 βασιλικῆς
1307 5250 1513 5315 εἰκόνος

459 5330 566 5386 Επὶ
598 5332 821 5398 πίνακος
843 5335 1025 5400 αὐτόθ’
1056 5335 1512 5414 ἐγγεγραμμένης·

453 5419 563 5474 Τοῦ
594 5417 640 5473 δ’
671 5421 746 5483 ὡς
782 5424 1087 5496 μεμηνότος
1117 5426 1416 5500 καταγυοὺς
1457 5425 1603 5499 ἄναξ.

451 5505 686 5571 ’Δλλαις
708 5510 895 5567 ἑαυτὸν
928 5514 1200 5589 φροντίσιν
1235 5514 1547 5591 ἕνησχόλει.

265 5595 412 5652 6240
451 5596 691 5655 Ἐκεῖθεν
724 5599 799 5663 είς
825 5599 1089 5675 Κόψελλα
1116 5602 1372 5679 φρούριον
1406 5606 1631 5682 φθάσας,

554 5714 824 5780 Pusam.
873 5717 985 5783 Gn.
1024 5719 1283 5784 CXLIII.

1840 336 2199 391 CBSARES.

1994 487 2049 553 Α
2081 459 2357 553 brevique
2387 469 2518 533 post
2548 466 2809 536 pervenit
2840 466 3312 540 Philippopolim,

2084 553 2259 619 atque
2289 548 2426 605 hinc
2458 555 2745 609 concessit
2773 555 3355 628 Constantinopolim.

2079 636 2189 690 Sed
2224 638 2497 707 quoniam
2525 643 2685 697 Μωδί
2716 650 2771 698 et
2802 644 3025 715 Scytha
3058 653 3259 716 gentes
3291 648 3475 704 effem

2077 739 2286 780 rursus
2318 726 2580 785 molestis
2611 737 2780 787 erant
2813 732 3092 789 Romanis
3123 736 3294 791 terris

2074 814 2521 887 praedantesque
2547 831 2923 888 pervenerant
2955 825 3405 896 Arcadiopolim.

2072 902 2326 958 exercitu
2359 907 2619 962 Romano
2650 909 2798 964 victo
2830 912 3079 983 turpiter

2071 988 2171 1058 qui
2203 995 2403 1047 contra
2432 993 2583 1049 exire
2612 994 2671 1050 in
2703 997 2886 1053 aciem
2919 1016 3100 1056 ausus
3130 1002 3352 1070 fuerat;

2069 1075 2284 1133 bellum
2317 1082 2621 1137 constituit
2653 1084 2842 1138 Caesar
2870 1102 2973 1157 per
2994 1103 3055 1141 se
3082 1104 3298 1158 gerere.

2066 1162 2553 1224 Conscribebatur
2578 1171 2776 1242 itaque
2806 1174 3068 1243 quotidie
3096 1179 3403 1246 exercitus,

2066 1256 2430 1332 Romanique
2460 1264 2695 1321 ordines
2726 1267 3215 1325 centuriahantur
3248 1289 3261 1326 :

2062 1346 2353 1416 plurimus
2384 1352 2561 1407 etiam
2603 1355 2824 1411 advena
2862 1362 2919 1411 et
2947 1358 3247 1415 auxiliaris

2060 1436 2494 1493 cunducebatur
2523 1440 2690 1496 miles
2723 1442 2781 1497 in
2814 1450 3022 1500 cuneto
3049 1440 3314 1517 imperio.

2056 1520 2301 1593 Jamque
2324 1526 2583 1583 collectis
2614 1530 2797 1601 copiis
2825 1548 3003 1603 prope
3033 1534 3379 1605 innumeris,

2056 1626 2185 1667 vere
2216 1612 2452 1670 ineunte
2482 1616 2673 1673 Caesar
2693 1621 2968 1690 Byzantio
2999 1623 3194 1691 exivit,

2055 1697 2182 1752 auri
2213 1702 2449 1771 quidem
2481 1708 2844 1763 centenarios
2869 1708 3228 1779 quindecim,

2052 1786 2275 1855 argenti
2302 1790 2602 1860 sexaginta
2631 1808 2830 1849 secum
2866 1796 3076 1853 ferens.

2049 1868 2118 1925 Et
2148 1872 2219 1925 ad
2251 1873 2625 1933 Rhmdestum
2660 1896 2845 1951 usque
2877 1899 3225 1954 progressus
3258 1890 3463 1947 urbem

2051 1960 2359 2029 mysticum
2390 1963 2471 2018 ibi
2502 1969 2876 2025 manducavit
2917 1973 3157 2042 pascha,

2048 2052 2534 2109 resurrectionem
2558 2056 2769 2113 Christi
2801 2058 3122 2118 solemnem
3154 2081 3462 2137 peragens,

2046 2138 2297 2207 primam
2332 2158 2537 2214 nempe
2569 2143 2955 2214 Dominicam,
2988 2149 3321 2209 Christiano
3354 2172 3534 2217 more.

2048 2235 2131 2289 Ibi
2154 2236 2213 2291 in
2246 2238 2602 2309 colloquium
2630 2243 2787 2297 venit
2812 2260 2945 2300 cum
2980 2246 3262 2305 Basilacio

2044 2324 2167 2382 viro
2197 2328 2421 2384 vivente
2446 2330 2751 2389 insolitum
2783 2337 2911 2391 vitae
2941 2353 3150 2407 genus,

2042 2412 2190 2467 nulli
2224 2420 2425 2472 suetos
2456 2419 2766 2487 proﬁtente
2796 2438 3007 2489 mores,

2041 2501 2141 2570 qui
2177 2502 2373 2558 futura
2401 2507 2649 2561 canendi
2680 2507 2910 2565 cluebat
2933 2511 3134 2582 gloria,

2040 2591 2267 2648 cunctis
2295 2594 2364 2647 ad
2397 2610 2529 2649 eum
2564 2598 2932 2656 venientibus
2963 2618 3067 2658 ceu
3100 2606 3170 2659 ad
3205 2606 3461 2666 Loxiam.

2040 2676 2154 2733 Nec
2185 2681 2379 2734 tamen
2411 2680 2461 2735 is
2492 2682 2719 2738 dicebat
2763 2688 3068 2758 perspicue
3099 2691 3450 2763 quidquam,

2038 2780 2176 2818 neve
2209 2765 2307 2835 qui
2340 2782 2549 2822 sanum
2582 2770 2876 2841 probeque
2908 2774 3235 2847 definitum,

2035 2868 2233 2907 verum
2269 2853 2501 2910 fallacia
2531 2864 2739 2912 cuncta
2770 2864 2827 2914 et
2855 2863 3227 2930 perobscura.

2035 2938 2292 2996 Profecto
2324 2943 2451 3012 ejus
2480 2960 2783 3003 sermones
2810 2948 3158 3022 plerumque
3182 2963 3347 3012 erant

2031 3026 2356 3084 scurriliter
2384 3030 2552 3086 eﬂ‘usi
2583 3033 2823 3105 risuque
2854 3037 3038 3107 digni.

2030 3115 2281 3186 Papillas
2312 3118 2660 3176 feminarum
2694 3129 3064 3183 contrectans
3097 3133 3371 3189 manibus

1949 3183 1992 3250 C
2030 3183 2467 3277 inspiciensque
2499 3209 2715 3277 pariter
2743 3211 2977 3270 illarum
3008 3183 3180 3286 talos,

2023 3290 2226 3362 longas
2257 3298 2382 3348 tum
2410 3295 2647 3350 demum
2681 3303 2950 3356 nectebat
2980 3306 3322 3363 cantilenas.

2026 3390 2313 3448 Plebeiam
2344 3399 2540 3450 tamen
2574 3398 2807 3453 turbam
2838 3400 2885 3455 is
2919 3402 3184 3460 illexerat

2024 3481 2376 3549 praebentem
2411 3501 2582 3540 aures
2615 3486 2724 3540 sibi
2760 3492 3039 3560 tanquam
3073 3494 3210 3548 vati.

2022 3567 2461 3624 Comitabantur
2490 3571 2657 3627 illum
2694 3579 2750 3629 et
2781 3578 3047 3646 quaedam
3078 3582 3281 3635 vetulas

2019 3657 2249 3709 vecordi
2281 3660 2456 3711 (nstro
2489 3660 2722 3728 percita}
2750 3669 2940 3735 atquae
2966 3668 3206 3736 insanin,

2022 3760 2149 3813 quas
2180 3751 2379 3813 gestus
2412 3745 2538 3814 ejus
2572 3749 2789 3815 pariter
2818 3758 2874 3806 et
2902 3754 3057 3810 dicta
3082 3758 3279 3812 omnia

2021 3832 2423 3887 edisserebant
2448 3834 2645 3903 populi
2678 3852 2922 3894 coronas.

2023 3918 2303 3990 Vulgares
2330 3937 2466 3992 ergo
2498 3922 2768 3979 homines
2801 3927 2899 3996 qui
2932 3927 3089 3984 hunc
3123 3941 3427 4004 noverant,

2023 4006 2316 4078 prophetas
2349 4009 2473 4064 loco
2518 4010 2812 4067 habebant
2841 4013 3076 4086 Deoque
3108 4019 3265 4074 chari
3299 4038 3313 4074 :

2022 4112 2222 4152 verum
2256 4099 2477 4153 cordati
2509 4104 2568 4153 et
2597 4116 2739 4155 sano
2763 4101 2986 4171 judicio
3018 4107 3244 4175 praediti

2022 4185 2341 4240 ridiculum
2365 4203 2769 4259 nugacemque
2802 4193 3086 4260 putabant
3107 4211 3306 4251 senem
3336 4214 3347 4250 :

2023 4277 2120 4332 alii
2155 4281 2449 4348 postremo
2477 4278 2857 4348 pythonicum
2886 4283 3222 4338 credebant.

2024 4375 2077 4429 Is
2108 4372 2475 4428 accedentem
2511 4390 2612 4442 per
2641 4374 2698 4428 id
2733 4379 2966 4446 tempus
3001 4379 3323 4450 principem

2024 4468 2081 4517 et
2106 4461 2459 4517 salutantem
2494 4462 2737 4516 comiter
2768 4481 2833 4517 ac
2865 4466 3141 4521 benevole

1954 4538 2002 4603 D
2034 4548 2195 4605 nullo
2227 4548 2496 4618 dignatus
2526 4554 2615 4603 est
2643 4556 2931 4618 respectu,
2956 4554 3161 4608 auditu
3198 4572 3209 4607 :

2029 4638 2147 4692 imo
2180 4635 2287 4690 hac
2318 4634 2451 4689 illac
2480 4634 2789 4690 discurens
2821 4642 3103 4708 tanquam
3138 4640 3364 4698 baccha

2026 4723 2309 4781 conviciis
2340 4723 2792 4779 circumstantes
2822 4727 3126 4792 onerabat,

2028 4813 2329 4884 praefectos
2362 4808 2685 4880 praesertim
2718 4828 2784 4866 ac
2823 4819 3123 4871 senatores
3157 4837 3170 4883 ;

2028 4919 2132 4958 nec
2164 4902 2361 4955 minus
2393 4900 2505 4971 ipsi
2531 4902 2743 4956 Caesari
2778 4903 3163 4963 maledicebat
3192 4924 3203 4962 :

2028 4992 2171 5061 quin
2203 4993 2258 5043 et
2284 4986 2588 5043 detrahere
2618 4990 2807 5061 capite
2838 4994 3083 5048 tentavit
3114 4996 3360 5066 apicem.

2028 5078 2273 5133 Demum
2301 5076 2596 5131 desistens
2628 5078 2863 5147 equinis
2894 5080 3334 5152 saltationibus,

2027 5166 2125 5221 vili
2155 5181 2329 5236 quem
2357 5166 2503 5219 forte
2546 5180 2722 5219 manu
2759 5169 2994 5237 gerebat
3026 5170 3233 5226 baculo

2026 5254 2225 5311 oculos
2252 5250 2487 5308 violavit
2518 5251 2688 5323 regia
2723 5253 2998 5326 imaginis

2028 5361 2155 5416 quae
2190 5341 2487 5414 prostabat
2517 5340 2733 5396 ibidem
2768 5344 2921 5413 picta
2952 5345 3010 5398 in
3046 5345 3262 5402 tabula.

2028 5433 2190 5487 Tunc
2222 5428 2461 5483 homine
2495 5431 2557 5481 ut
2587 5428 2776 5482 insani
2812 5436 3146 5501 contempto
3181 5433 3403 5487 cerebri

2027 5521 2214 5576 Caesar
2246 5516 2317 5572 ad
2351 5514 2497 5569 alias
2531 5516 2792 5571 animum
2827 5519 3110 5573 convertit
3138 5536 3332 5576 curas.

2027 5607 2195 5664 Illinc
2225 5603 2510 5678 promotis
2543 5605 2614 5659 ad
2644 5605 2907 5676 Cypselis
2952 5605 3179 5675 castris,

3352 5725 3392 5784 8

3613 350 3721 407 234
