4136 6292
468 384 576 440 235
1678 385 2050 442 EPHREMII
2087 382 2652 441 CHRONOGRAPHI

470 507 655 565 animi
686 522 867 563 causa
895 509 1167 562 venatum
1202 511 1291 564 est
1319 510 1634 581 profectus,

469 595 827 666 invitavique
859 595 1095 650 fratrem
1130 600 1193 651 ut
1222 614 1420 652 secum
1447 598 1575 653 iret.

470 685 576 740 Hic
607 689 799 740 autem
832 699 988 739 venae
1026 686 1315 742 simulans
1348 687 1661 742 sectionem

471 772 834 829 venatorium
868 789 1179 828 excursum
1212 774 1522 830 declinavit
1555 791 1567 828 :

470 878 651 933 quare
679 862 1001 933 imperator
1026 863 1188 919 solus
1212 868 1301 919 est
1332 864 1646 934 profectus.

468 952 631 1008 Tunc
660 950 950 1021 conjurati
972 951 1245 1006 idoneum
1279 952 1431 1007 nacti
1465 960 1694 1021 tempus

470 1055 812 1112 germanum
850 1041 974 1110 ejus
996 1041 1263 1095 Alexium
1298 1041 1507 1113 raptim
1541 1042 1765 1095 ducunt

468 1131 625 1185 intra
656 1132 972 1185 tentorium
1004 1132 1230 1201 regium
1262 1133 1587 1202 thronoque
1619 1128 1926 1197 collocant,

471 1222 529 1274 et
558 1219 888 1273 Romanum
923 1219 1183 1274 salutant
1213 1220 1647 1291 imperatorem,

470 1306 801 1378 plausibus,
834 1311 899 1361 ut
928 1306 991 1360 fit
1021 1307 1280 1378 regibus,
1314 1310 1751 1377 concrepantes.

468 1395 688 1450 Audita
718 1410 776 1449 re
810 1394 1067 1450 lsaacius
1100 1400 1280 1449 Deum
1324 1394 1568 1465 rogabat

466 1490 534 1541 ut
565 1502 627 1541 se
658 1486 926 1557 praesenti
957 1485 1290 1542 discrimini
1323 1484 1594 1555 eriperet.

468 1574 617 1628 Tum
652 1575 863 1629 missos
896 1590 1139 1629 cernens
1170 1573 1399 1642 equites
1426 1571 1527 1641 qui
1558 1586 1620 1625 se
1650 1575 1923 1640 caperent

470 1664 644 1721 celeri
676 1682 850 1721 cursu
895 1665 1208 1733 instantes,
1240 1662 1486 1717 habenis
1516 1660 1664 1716 laxis

472 1755 646 1827 coepit
674 1760 732 1811 et
762 1755 887 1825 ipse
912 1754 972 1808 in
1004 1754 1204 1823 fugam
1236 1767 1298 1806 se
1328 1750 1614 1819 conjicere
1646 1767 1658 1804 :

483 1843 859 1915 Oppositique
890 1841 1050 1896 ﬂuvii
1079 1840 1329 1895 tranatis
1360 1838 1653 1908 ﬂuctibus,

469 1931 795 1986 calcaribus
827 1930 1072 2000 urgebat
1100 1943 1339 1984 cursum
1372 1925 1527 1997 equi.

466 2020 580 2077 Sed
607 2023 802 2074 tamen
833 2023 1041 2089 captus
1070 2018 1131 2071 in
1162 2015 1374 2087 oppido
1398 2014 1623 2083 Stagira

465 2108 708 2163 orbatus
738 2110 827 2162 est
856 2105 1160 2161 oculorum
1188 2102 1512 2159 luminibus

463 2197 524 2251 in
546 2196 873 2251 venerando
907 2194 1261 2250 monasterio
1301 2191 1477 2258 Berae,

465 2285 635 2355 cujus
666 2284 942 2340 fundator
972 2283 1161 2338 fuerat
1190 2281 1615 2336 sebastocrator

464 2373 841 2445 imperatoris
865 2371 1184 2427 Andronici
1216 2369 1463 2441 genitor.

464 2464 558 2517 Sic
589 2462 851 2518 lsaacius
881 2460 1207 2515 luminibus
1237 2474 1442 2512 cassus

465 2549 625 2621 regio
656 2550 716 2604 in
744 2547 955 2619 palatio
986 2545 1279 2601 clauditur
1309 2560 1413 2598 ceu
1437 2556 1686 2610 carcere,

463 2638 563 2692 ubi
596 2641 831 2708 propter
861 2633 1075 2690 doloris
1107 2631 1486 2687 acerbitatem

463 2726 693 2781 nullum
726 2740 828 2796 per
859 2722 983 2777 dies
1016 2720 1345 2792 complures
1375 2717 1631 2790 gustavit
1660 2716 1875 2771 cibum.

462 2816 610 2871 Exin
642 2815 712 2870 ad
737 2814 883 2869 duas
914 2812 1220 2868 columnas
1251 2809 1356 2879 (sic
1389 2809 1551 2863 locus
1583 2806 1819 2876 dicitur)

463 2904 673 2959 domus
697 2901 808 2972 ipsi
838 2901 1177 2971 assignatur
1206 2899 1264 2953 in
1296 2896 1665 2968 Propontide.

465 2995 778 3062 postquam
813 2988 1140 3043 Romanum
1176 2984 1451 3041 dominus
1482 2981 1791 3052 imperium

466 3084 696 3136 rexerat
724 3077 893 3134 annis
924 3092 1131 3131 novem
1162 3092 1295 3130 cum
1326 3076 1549 3143 septem
1582 3069 1906 3133 mensibus,

596 3190 897 3249 ALEXIUS
931 3186 1253 3245 ANGELUS
1300 3185 1417 3239 AN.
1449 3182 1596 3253 VIII,
1629 3182 1836 3237 MENS.
1870 3181 1963 3237 VI.

462 3296 654 3361 Atque
683 3289 765 3343 ita
796 3286 1031 3341 Alexius
1060 3284 1303 3354 imperio
1334 3282 1554 3353 potitus

462 3393 779 3448 rerumque
809 3390 1100 3431 summam
1134 3372 1294 3427 solus
1326 3370 1764 3433 administrans,

469 3484 586 3524 non
620 3471 814 3521 tamen
848 3462 1149 3518 festinavit
1177 3459 1519 3531 Byzantium
1553 3457 1775 3525 statim,

468 3556 569 3611 sed
605 3552 762 3608 occid
776 3552 865 3607 uis
898 3550 1163 3622 partibus
1190 3545 1616 3609 laborantibus,

466 3648 705 3716 propter
735 3642 1013 3696 molestos
1046 3638 1341 3709 principes
1371 3636 1678 3689 Mmsorum

474 3734 727 3786 Asanem
762 3734 937 3800 atque
963 3728 1201 3782 Petrum
1234 3725 1524 3779 infaustos
1556 3723 1783 3791 fratres,

470 3832 640 3888 opem
670 3830 991 3885 curamque
1021 3812 1247 3868 censuit
1284 3811 1755 3882 impendendam.

471 3906 831 3977 Significavit
860 3909 1055 3958 tamen
1088 3901 1321 3972 conjugi
1353 3901 1699 3971 dignitatem
1731 3914 1899 3953 suam

467 3998 820 4064 senatusque
846 3992 991 4062 parti
1023 4008 1152 4061 quae
1182 3991 1242 4044 in
1275 3991 1416 4044 urbe
1446 3992 1590 4054 erat,

467 4081 737 4152 cleroque
758 4080 884 4149 toti,
913 4079 1253 4149 civibusque
1285 4076 1481 4133 simul.

466 4172 654 4239 Atque
685 4167 835 4221 hanc
862 4181 1143 4220 novarum
1173 4163 1440 4218 notitiam
1465 4178 1659 4216 rerum

467 4271 637 4310 nemo
671 4270 785 4309 non
819 4253 1064 4307 libenter
1093 4251 1294 4305 hausit
1323 4250 1585 4303 auribus.

463 4348 615 4399 Dum
649 4348 843 4398 tamen
874 4340 1257 4412 Euphrosyne
1295 4339 1537 4392 ducaana

464 4433 535 4488 ad
570 4446 848 4502 magnum
883 4428 1165 4499 templum
1200 4426 1401 4498 regina
1432 4426 1785 4497 procederet,

460 4520 699 4591 plebeiae
727 4518 912 4573 turbze
943 4517 1275 4585 conspirata
1306 4531 1515 4569 manus

457 4609 648 4662 virum
672 4604 1025 4676 cognomine
1056 4602 1611 4674 Contostephanum,

458 4695 725 4751 Alexium
760 4698 952 4747 autem
984 4693 1239 4759 nomine,
1270 4692 1563 4746 deducens

455 4784 515 4838 in
550 4798 829 4853 magnum
863 4780 964 4834 Dei
992 4782 1383 4835 venerandum
1416 4779 1723 4851 templum,

457 4873 870 4943 imperatorem
906 4871 1229 4925 Romanum
1262 4870 1554 4925 salutavit.

452 4962 669 5017 Verum
704 4960 753 5016 is
785 4965 988 5031 captus
1020 4960 1217 5015 statim
1251 4961 1321 5015 ab
1363 4961 1744 5031 optimatibus

455 5050 724 5105 meritam
758 5049 965 5103 habuit
994 5050 1242 5104 carceris
1272 5048 1618 5103 custodiam.

454 5139 669 5195 Deinde
692 5142 939 5193 cunctus
974 5138 1223 5208 populus
1258 5139 1324 5193 ad
1359 5136 1646 5208 templum
1678 5155 1916 5197 currens

452 5227 881 5301 imperalricem
915 5227 1205 5283 salutabat
1234 5227 1671 5299 Euphrosynen.

2141 508 2196 574 Α
2401 506 2543 579 Πρὸς
2574 509 2741 581 θήραν
2775 506 3057 581 ἐξώρμησε
3083 504 3319 578 τέρψεως
3352 504 3533 579 χάριν·

2390 594 2487 648 Καὶ
2519 594 2797 650 συνεκάλει
2825 594 2913 649 καὶ
2946 594 3202 666 σύναιμον
3236 594 3369 667 πρὸς
3400 590 3547 647 τόδε⁸

2391 685 2737 757 Σκεψάμενος
2767 681 2823 737 δὲ
2851 685 2949 752 τὴν
2983 677 3180 758 φλεϐὸς
3208 680 3396 756 σχάσιν
3430 679 3522 735 ὅδε

2390 776 2498 825 Τοῦ
2525 773 2658 845 πρὸς
2690 772 3003 846 κυνηγέσιον
3038 769 3281 843 ἐκκρούει
3312 767 3539 842 δρόμου·

2214 861 2355 915 6245
2393 860 2593 928 Ἔξεισι
2634 857 2681 913 δ’
2711 860 2881 919 οὕτως
2913 858 3257 932 αὐτοκράτωρ
3288 858 3374 911 καὶ
3413 859 3603 929 μόνος,

2399 949 2713 1021 Συνίστορες
2746 946 2803 1001 δὲ
2831 942 3234 1022 προσλαϐόντες
3264 944 3593 1018 σκεμμάτων

2394 1036 2662 1108 Σύναιμον
2699 1035 2938 1105 Ἀλέξιον
2970 1034 3154 1110 ἄγουσι
3185 1035 3357 1109 τάχος

2396 1127 2579 1193 Σκηνή
2612 1126 2744 1197 πρὸς
2773 1122 2936 1191 αὐτὴν
2964 1124 3051 1178 καὶ
3087 1123 3360 1197 βασίλειον
3392 1122 3606 1196 θρόνον,

2394 1214 2492 1268 Καὶ
2524 1211 2668 1267 τόνδ’
2700 1214 2914 1267 ἀνεῖπον
2950 1211 3327 1287 αὐτοκράτορ’·
3358 1211 3609 1268 Αὐσόνων

2214 1302 2356 1357 6250
2395 1302 2527 1362 Τοῖς
2564 1298 2868 1375 βασιλικοῖς
2902 1298 3264 1367 ἀλαλάζοντες
3294 1298 3532 1372 κρότοις,

2394 1391 2491 1442 Καὶ
2519 1387 2679 1463 γνοὺς
2704 1389 2966 1448 Ἰσαάκιος
2990 1387 3057 1441 τὰ
3085 1387 3453 1462 πεπραγμένα,

2394 1474 2710 1529 Θεοκλυτῶν
2739 1476 2803 1545 ἦν
2834 1470 3079 1529 κίνδυνον
3110 1474 3451 1549 πεφευγέναι.

2394 1564 2541 1617 Ἐπεὶ
2574 1560 2630 1617 δὲ
2660 1562 2966 1632 συνέξοντας
2994 1560 3152 1615 αὐτὸν
3186 1561 3418 1623 ἱππότας

2394 1652 2573 1725 Ἐώρα
2602 1650 2992 1725 συντρέχοντας
3023 1649 3238 1724 ἀπτέρῳ
3267 1651 3445 1723 τάχει,

2218 1741 2360 1797 6255
2398 1738 2571 1801 Ἀνεὶς
2600 1739 2797 1814 χακινὰ
2824 1739 2960 1811 πρὸς
2990 1740 3165 1814 φυγὴν
3202 1735 3528 1812 μετετρᾶπη·

2398 1828 2498 1883 Καὶ
2528 1826 2650 1903 ῥοῦν
2683 1831 2933 1899 ποταμοῦ
2965 1820 3153 1887 διαϐὰς
3184 1826 3567 1899 προκειμένου,

2397 1915 2659 1973 Ἠλαυνεν
2687 1916 2857 1970 ’ίππον
2890 1913 3204 1991 φυγαδεύων
3291 1917 3491 1977 σθένος.

2391 2003 2544 2072 Πλὴν
2579 2005 2859 2079 συσχεθείς
2885 2024 2947 2078 γε
2975 2005 3111 2057 κατά
3138 2004 3430 2078 Στάγειραν
3451 2002 3643 2075 πόλιν,

2390 2094 2740 2150 Ἐκκόπτιται
2776 2091 2841 2161 δὴ
2874 2094 2968 2154 τὰς
2999 2091 3163 2165 κόρας
3194 2096 3302 2145 τῶν
3333 2091 3643 2165 ὀμμμάτων

2211 2184 2354 2238 6260
2393 2182 2541 2236 Κατὰ
2569 2186 2814 2253 σεμνεῖον
2845 2180 3029 2253 εὐαγὲς
3059 2180 3121 2233 τὸ
3145 2182 3243 2247 τῆς
3277 2181 3477 2252 Βήρας,

2389 2270 2563 2344 Οὗπερ
2597 2266 2857 2342 δομήτωρ
2889 2263 3329 2343 σεϐαστοκράτωρ
3361 2266 3459 2343 ἔφυ

2384 2356 2539 2412 Τοῦδ¹
2570 2356 2916 2433 ’Λνδρονίκου
2947 2358 3032 2411 καὶ
3062 2356 3249 2419 τοκεὺς
3281 2358 3646 2436 στεφηφόρου.

2388 2446 2545 2502 Οὕτω
2578 2444 2623 2500 δ’
2655 2446 2915 2509 Ἰσαάκιος
2944 2444 3191 2509 ἐκκοπεὶς
3221 2446 3405 2520 κόρας,

2386 2540 2478 2592 Ἐν
2519 2532 2819 2610 βασιλείοις
2846 2534 3277 2610 ἐγκαθείργνυται
3312 2532 3506 2607 δόμοις

2208 2626 2351 2680 6265
2388 2623 2533 2697 Οὐχὶ
2570 2625 2854 2699 μετασχὼν
2889 2626 3103 2678 οἱασοῦν
3140 2621 3388 2695 ἐδητύος,

2395 2715 2490 2766 Διά
2514 2713 2575 2766 τὸ
2604 2714 2771 2776 πάθος
2795 2715 3019 2785 ἡμερῶν
3049 2716 3264 2787 συχνῶν
3294 2712 3453 2768 πάνυ.

2386 2802 2595 2856 Ἔπειτ’
2623 2801 2822 2864 ἐκεῖθεν
2852 2796 3007 2875 ἔσχεν
3040 2800 3198 2855 αὐτὸν
3235 2799 3379 2854 οἰκία

2386 2892 2450 2945 Ἢ
2480 2890 2615 2945 κατᾶ
2644 2888 2871 2944 διπλοῦν
2902 2890 3055 2945 κίονα
3084 2886 3473 2960 Προποντίδος,

2388 2975 2491 3030 Σὺν
2526 2975 2688 3048 μησὶν
2720 2977 2853 3029 ἑπτὰ
2884 2978 2993 3049 (69)
3026 2972 3361 3037 λυκάϐαντας
3395 2974 3544 3030 ἐννέα

2208 3067 2352 3122 6270
2387 3063 2732 3139 Κραταρχίας
2764 3064 2990 3139 ἄρξαντα
3018 3072 3116 3134 τῆς
3145 3069 3252 3119 τῶν
3284 3065 3565 3121 Αὐσόνων.

2131 3211 2173 3277 C
2470 3183 2779 3239 ΑΑΕΞΙΟΣ
2821 3184 2866 3238 Ο
2902 3182 3218 3238 ΑΓΓΕΛΟΣ
3258 3182 3373 3238 ΕΤ.
3414 3182 3498 3249 Η’,
3530 3182 3617 3245 ς”.

2387 3279 2539 3335 Οὕτω
2572 3278 2618 3335 δ’
2645 3275 2833 3341 ἐπιϐὰς
2866 3278 3105 3349 Ἀλέξιος
3134 3283 3231 3333 τοῦ
3259 3280 3491 3351 κράτους

2387 3369 2489 3427 Καὶ
2518 3374 2624 3424 τῶν
2655 3366 2799 3423 ὅλων
2834 3370 2981 3444 σχὼν
3007 3369 3258 3443 καθαρῶς
3282 3366 3599 3442 αὐταρχίαν,

2386 3458 2495 3513 Οὐκ
2524 3457 2677 3519 εὐθὺς
2706 3455 2990 3533 εἰσέδραμε
3018 3457 3154 3531 πρὸς
3186 3453 3504 3525 Βυζαντίδα,

2386 3546 2559 3602 Ἀλλά
2585 3550 2765 3608 κακῶς
2796 3546 3067 3619 πάσχουσι
3095 3549 3212 3607 τοῖς
3238 3544 3375 3598 κατὰ
3396 3542 3542 3598 δύσιν

2208 3637 2351 3692 6275
2390 3636 2540 3709 Παρὰ
2569 3637 2878 3709 Μυσαρχῶν
2902 3634 3238 3707 κασιγνήτων
3274 3630 3585 3708 δυστρόπων

2378 3723 2543 3779 ²Λσάν
2572 3743 2629 3777 τε
2660 3724 2866 3798 Πέτρου
2894 3728 2999 3791 τῆσ
3026 3724 3196 3786 κακῆς
3229 3719 3526 3795 ξυνωρίδος

2388 3811 2719 3887 Προστρέχει
2746 3812 3027 3885 πράγμασι
3056 3809 3145 3864 καὶ
3174 3806 3358 3863 τοῖσδε
3388 3808 3599 3881 ἀμύνει.

2388 3900 2561 3971 Δηλοῖ
2595 3898 2640 3954 δ’
2671 3899 2753 3955 ἐπ’
2783 3899 2928 3971 αὐτῷ
2948 3900 3011 3954 τὸ
3040 3899 3282 3973 πραχθὲν
3312 3902 3381 3971 τῇ
3416 3896 3652 3973 συζύγῳ.

2386 3990 2671 4064 Γερουσίας
2707 3987 2856 4063 μέρει
2883 4008 2942 4043 τε
2967 3992 3045 4059 τῷ
3072 3988 3208 4042 κατά
3237 3983 3421 4057 πόλιν,

2206 4081 2350 4137 6280
2386 4077 2593 4153 Κλήρῳ
2620 4099 2678 4133 τε
2706 4077 2865 4133 παντὶ
2894 4080 2983 4133 καὶ
3013 4077 3270 4149 πολιτείᾳ
3298 4077 3487 4133 πάλινο

2385 4168 2487 4224 Καὶ
2518 4173 2623 4230 πᾶς
2651 4189 2731 4229 τις
2764 4166 2893 4221 ὠσὶν
2924 4166 3089 4235 ἀκοὴν
3121 4165 3516 4242 πεπραγμένων

2382 4258 2552 4329 Ἀγαν
2584 4256 2792 4331 ἱλαρῶς
2819 4254 2995 4325 ἡδέως
3024 4255 3274 4325 ἠκηκόει.

2381 4348 2495 4414 Τῆς
2526 4342 2573 4399 δ’
2602 4344 2952 4422 Εὐφροσύνης
2984 4343 3279 4413 Δουκαίνης
3313 4339 3585 4418 βαςιλίδος

2382 4435 2521 4507 Ηρὸς
2554 4434 2643 4488 τὸν
2675 4435 2924 4509 μέγιστον
2956 4434 3081 4487 ναὸν
3114 4431 3562 4510 ἀφικνουμένηςά

2200 4525 2343 4580 6285
2382 4524 2582 4599 Στίφος
2619 4522 2892 4597 βαναύσων
2926 4520 3185 4595 φρατρίαν
3220 4518 3539 4594 διδρακότε)

2382 4608 2585 4686 Ἀνδρα
2614 4609 3049 4685 Κπντοστέφανόν
3076 4630 3194 4663 τινα
3219 4605 3551 4677 τούπίκλην,

2375 4696 2616 4769 Ἀλέξιον
2648 4697 2839 4767 κλήσει
2873 4696 2954 4766 δὲ,
2987 4696 3371 4771 συνειληφότες

2374 4788 2462 4843 Ἐν
2494 4791 2571 4857 τῷ
2608 4787 2848 4860 μεγίστῳ
2877 4787 2973 4840 τοῦ
3012 4789 3143 4839 Θεοῦ
3174 4786 3304 4857 θείῳ
3336 4781 3492 4857 δόμῳ

2195 4877 2336 4931 6290
2376 4876 2617 4932 Ἀνεῖπον
2652 4876 2727 4935 ὡς
2758 4872 2953 4929 ἄνακτα
2977 4880 3076 4942 τῆς
3106 4870 3437 4945 Ῥωμαΐδος.

2373 4969 2651 5037 Λαμπρων
2686 4960 2731 5016 δ’
2757 4960 2923 5024 ἐνίοις
2957 4961 3237 5035 συσχεθεὶς
3265 4959 3566 5035 παραυτίκα

2375 5052 2624 5127 Φρουρὰν
2659 5051 2858 5119 ὑπέστη
2887 5051 2975 5105 καὶ
3004 5049 3273 5123 κάθειρξιν
3300 5045 3545 5108 ἐνδίκως.

2372 5141 2469 5195 Καὶ
2508 5139 2700 5195 λοιπὸν
2733 5136 2870 5201 ἄπας
2898 5139 3251 5212 προστρέχων
3287 5136 3413 5207 θείῳ
3443 5132 3602 5207 δόμῳ

2370 5230 2475 5297 Τὴν
2510 5228 2857 5306 Εὐφροσύνην
2890 5226 3111 5298 ἀνύμνει
3150 5221 3425 5300 βασιλίδα.

2123 4566 2171 4630 D

2195 5394 2446 5457 constat,
2520 5390 2857 5459 praedictam
2930 5385 3451 5459 notamliberiore
3523 5379 3833 5459 sensu__ah

2194 5452 2537 5533 Ephrmmio-
2570 5458 2844 5533 usurpari
2889 5459 2959 5513 ad
3008 5456 3463 5533 significandum
3508 5452 3835 5533 quemlib‘e't

2194 5520 2331 5589 anni
2374 5548 2694 5587 excessum.
2718 5520 2883 5591 -Quis
2931 5520 3099 5583 enim"
3126 5532 3209 5581 tot
3247 5530 3499 5581 Caesares
3527 5520 3720 5580 'annis
3755 5520 3828 5591 ΝΪ

2138 5609 2149 5619 ⁸
2194 5587 2327 5661 cum
2358 5603 2663 5659 mensibus
2693 5587 3056 5657 adamussim
3094 5614 3192 5654 sex
3214 5597 3550 5670 regnavisse
3591 5587 3829 5651 credat!

524 5388 633 5458 (69)
666 5387 839 5468 Atqui
872 5386 1232 5469 Ephremius
1264 5388 1322 5440 in
1351 5386 1522 5469 titulo
1554 5387 1869 5469 scripserat
1887 5394 2084 5469 notam

454 5458 536 5524 ζ”,
567 5476 693 5528 quae
753 5458 811 5513 in
839 5529 844 5530 γ
872 5459 1199 5513 Graecorum
1254 5459 1487 5528 scriptis
1538 5458 1829 5527 signiticat
1863 5466 2082 5530 partem

448 5530 780 5604 dimidiam.
823 5529 1209 5604 Quamobrem
1265 5535 1320 5583 ct
1378 5546 1490 5604 ego
1542 5529 2085 5604 perpetudscripsi

443 5617 615 5655 mens.
650 5602 723 5662 Vl,
761 5617 886 5671 quae
918 5603 1053 5655 anni
1116 5618 1247 5671 pars
1307 5605 1395 5655 est
1438 5600 1700 5671 dimidia.
1746 5602 1854 5657 Sed
1888 5600 2082 5659 tamen

445 5674 572 5728 tum
603 5688 671 5727 ex
702 5670 809 5727 hoc
865 5670 1015 5741 loco,
1073 5670 1196 5727 tum
1254 5671 1428 5727 etiam
1463 5670 1699 5727 aliunde
1754 5675 2083 5731 necessario
