4136 6292
280 416 401 473 237

283 540 429 597 6295
467 539 596 593 Μεθ’
625 538 837 613 ἡμέρας
870 532 917 590 δ’
947 534 1130 591 εἴσεισι
1161 534 1249 589 καὶ
1278 535 1493 609 κράτωρ
1520 530 1710 603 πόλιν,

471 625 547 683 Οὐ
577 630 739 680 πᾶσιν
765 624 1025 685 ἀσπάσιος
1058 623 1129 677 ὧν
1163 626 1323 697 χάριν
1354 619 1482 695 ἔδρα

467 714 565 775 Εἲς
594 712 850 787 σύγγονον
878 710 1036 787 φίλον
1064 731 1124 764 τε
1151 709 1239 764 καὶ
1278 706 1522 783 βασιλέα,

466 799 536 858 Ο’ί
564 800 656 855 καὶ
684 798 1128 876 παρεφθέγγοντο
1170 795 1436 866 δήπουθεν
1466 791 1611 863 τάδε,

470 893 566 946 ’Ἂν
601 885 744 942 οἶδεν
774 884 921 962 ὕδωρ
950 886 1077 948 τοὺς
1108 884 1430 946 πεπωκότας
1459 881 1692 956 πνίγειν,

293 980 439 1037 6300
474 978 539 1035 Τί
569 976 765 1032 λοιπὸν
797 972 937 1030 ἄλλο
968 976 1055 1029 καὶ
1088 975 1227 1028 πιὼν
1259 971 1481 1043 ζήσαιτό
1506 992 1585 1033 τις
1615 990 1630 1040 ;

469 1067 530 1121 Ei.
562 1063 608 1119 δ’
640 1065 702 1119 οὐ
729 1061 1021 1138 λυτροῦται
1045 1064 1136 1117 τὸν
1169 1063 1429 1134 σόναιμον
1471 1057 1719 1115 κινδύνου

470 1156 533 1211 Ὁ
567 1152 725 1230 φίλος
745 1150 1102 1227 αὖτάδελφος,
1135 1150 1344 1227 οἴχεται
1377 1150 1552 1227 φύσις.

474 1244 669 1315 Ὅμως
697 1239 979 1316 παρελθὼν
1007 1239 1084 1302 είς
1113 1241 1243 1294 νεὼν
1282 1242 1415 1294 Θεοῦ
1448 1239 1617 1312 μέγαν

473 1329 575 1386 Καὶ
606 1330 912 1391 ταινιωθεὶς
940 1334 1058 1383 ταῖν
1091 1333 1274 1404 χεροῖν
1307 1326 1625 1401 ἀρχιθύτου,

285 1420 434 1477 6305
470 1420 698 1489 ’Ἑξεισιν
733 1415 885 1479 αὖθις
914 1417 988 1477 ὡς
1018 1414 1136 1478 ἔθος
1166 1415 1546 1492 στεφηφόροις·

461 1507 657 1569 Ἵππος
684 1505 977 1578 προσήχθη
1010 1507 1212 1577 γαῦρος
1242 1502 1320 1565 εἷς
1352 1501 1613 1557 ἱππασίαν

465 1593 763 1653 Φατνιστὸς
794 1586 1104 1667 Ἀρῤάϐιος,
1138 1592 1193 1645 εὖ
1220 1592 1556 1663 ἡσκημένος’

466 1683 553 1743 Ὠς
585 1679 676 1735 οὖν
709 1678 943 1748 ἐπῆλθεν
973 1679 1318 1753 ἐγκαθιζῆσαι
1354 1676 1555 1756 δίφρῳ,

465 1772 662 1831 Ἵππος
695 1768 1036 1843 φριμάσσων,
1068 1772 1300 1843 γαυριῶν
1333 1768 1397 1835 ἧν
1429 1765 1694 1835 ἰκτόπως,

272 1860 425 1917 6310
459 1856 869 1931 Ἐμπροσθίους
899 1853 944 1909 δ’
976 1854 1174 1919 ἄνωθεν
1205 1855 1421 1928 ἀνυψῶν
1452 1853 1623 1916 πόδας

471 1944 572 2003 Καὶ
608 1944 909 2019 βλοσσυρόν
940 1964 990 1997 τι
1021 1943 1111 1997 καὶ
1140 1940 1402 2015 μανιῶδες
1435 1940 1673 2016 βλέπων.

466 2035 542 2090 Τὸ
575 2030 803 2087 δάπεδον
836 2033 883 2086 δ’
912 2029 1055 2104 ὄνυξι
1080 2033 1295 2086 κόπτων
1324 2032 1604 2105 συχνάκις,

456 2122 565 2179 Τὸν
592 2118 863 2191 ἀναϐάτην
893 2119 1154 2175 ἀπεσείετ⁹
1184 2119 1408 2193 ἐξόχως·

460 2210 612 2264 Ἐπεὶ
643 2206 701 2263 δὶ
732 2208 911 2271 λαθὼν
943 2202 1236 2281 ἑμϐεϐήκει
1267 2212 1346 2279 τῷ
1377 2205 1554 2283 δίφρῳ

279 2301 424 2358 6315
459 2298 613 2356 Ἣνία
642 2293 823 2353 λαϐὼν
856 2296 908 2351 ἐν
939 2302 1125 2372 χεροῖν
1158 2296 1530 2370 αὐτοκράτωρ,

460 2388 583 2462 Οὐχ
610 2386 774 2455 ἦτνον
798 2383 969 2447 ’ίππος
999 2384 1284 2459 ἆγέρωχος
1316 2386 1535 2452 ἠτάκτει

469 2472 643 2538 Πόδας
672 2475 884 2547 ἆνυψῶν
916 2471 1006 2527 καὶ
1037 2471 1298 2547 κροαίνων
1326 2471 1526 2545 ἀγρίως

465 2565 592 2619 Μετ’
621 2562 950 2636 έξακούστων
982 2565 1411 2635 χρεμμετισμῶν
1444 2560 1533 2614 καὶ
1563 2558 1789 2633 κρότων·

465 2651 562 2706 Καὶ
590 2655 757 2706 ταῦτα
784 2653 958 2704 ποιῶν
992 2649 1095 2703 οὐκ
1122 2646 1281 2719 ἔληξε
1312 2647 1584 2721 παράπαν,

276 2742 424 2799 6320
460 2742 604 2803 Ἕως
632 2737 872 2816 κεφαλῆς
898 2740 995 2793 τοῦ
1025 2740 1349 2812 κρατοῦντος
1376 2736 1438 2790 τὸ
1470 2738 1660 2813 στέφος

462 2828 645 2901 Χαμαῖ
677 2832 856 2882 πεσεῖν
880 2823 1122 2898 δέδρακε,
1152 2824 1240 2879 καὶ
1269 2823 1465 2878 τούτου
1500 2822 1632 2897 μέρη

460 2917 688 2992 Θραῦσίν
719 2936 777 2970 τε
806 2916 1016 2983 παθεῖν,
1049 2912 1281 2968 δυσκλεᾶ
1307 2915 1353 2967 τ’
1384 2913 1674 2985 ἀκοσμίαν,

464 3005 636 3066 Αὐτὸς
668 3002 715 3059 δ’
744 3003 1130 3079 ἀπεσφαίριστο
1161 3005 1273 3075 (70)
1309 3001 1437 3074 μάλ’
1468 2997 1736 3076 ἕφεστρίδι

460 3097 652 3152 Ἵππον
683 3092 726 3147 δ’
758 3088 958 3157 ἀναϐὰς
986 3089 1154 3147 ἄλλον
1188 3093 1215 3144 ὁ
1247 3090 1583 3167 στεφηφόρος

278 3186 435 3243 6325
472 3183 707 3256 Πομπήν
738 3179 1039 3236 ἐπεισόδιον
1072 3181 1214 3255 εἶχεν
1238 3180 1432 3240 ἀνύσας

461 3271 565 3327 Σὺν
595 3275 674 3343 τῷ
703 3269 919 3325 πεσόντι
953 3269 1041 3323 καὶ
1066 3269 1442 3343 τεθραυσμένῳ
1473 3269 1672 3342 στέφειο

461 3358 743 3420 Ἀπαίσιος
776 3355 823 3412 δ’
853 3354 1028 3428 ἔδοξεν
1058 3355 1247 3417 οἰωνὸς
1272 3352 1413 3412 τόδε.

460 3450 731 3522 Ὑπῆρχεν
760 3447 916 3507 οὗτος
946 3444 1142 3519 ἀγαθὸς
1172 3440 1408 3520 τρόπους
1443 3443 1679 3518 κράτωρ,

460 3535 755 3609 Μείλιχος,
786 3534 1040 3608 ἡσύχιος,
1071 3534 1212 3602 ἠπία
1242 3532 1419 3610 φύσις,

277 3627 423 3684 6330
462 3624 697 3696 ’1λαρὸν,
730 3621 1063 3677 εὐέντευκτον
1095 3621 1228 3688 ἦθος
1258 3622 1313 3675 εὖ
1344 3621 1539 3697 φέρων,

461 3708 828 3771 Μεταδοτικὸς
859 3710 947 3763 καὶ
980 3705 1378 3783 φιλο·κτίρμων
1410 3706 1600 3779 πλέον,

465 3804 598 3853 llam
628 3798 907 3872 προσιτὸς,
939 3796 1170 3868 εὐμενὴς
1206 3796 1489 3866 ὑπηκόοις,

460 3884 648 3954 Ἠδὺς,
678 3885 913 3961 χαρίεις,
944 3885 1216 3956 εὐπρεπὴς
1249 3879 1371 3955 ὄψιν
1404 3880 1554 3957 ἄγαν,

462 3976 705 4049 Ὀρθιος,
739 3972 927 4043 εὐῆλίξ
956 3993 1034 4044 τε,
1061 3972 1253 4047 Νιρεύς
1282 3991 1365 4025 τις
1395 3971 1534 4036 νέος,

277 4066 428 4122 6335
464 4059 663 4120 Οὕτινα
696 4060 908 4137 βλάψας
934 4060 1010 4121 εἷς
1042 4058 1228 4128 δέμας,
1258 4056 1332 4119 εἷς
1364 4056 1570 4125 οὐσίαν,

465 4148 591 4208 Οὕτ’
622 4148 687 4204 αὗ
716 4150 1036 4223 νεοχμώσας
1063 4168 1115 4201 τι
1138 4152 1237 4214 τῆς
1271 4144 1595 4215 Ἐκκλησίας

465 4239 543 4297 Οὐ
572 4236 815 4299 καινίσας
843 4236 1006 4309 ἔθιμα
1030 4241 1128 4305 τῆς
1163 4233 1515 4309 κραταρχίας·

460 4331 649 4383 Μισῶν
682 4320 974 4387 διαϐόλους
1004 4345 1062 4378 τε
1093 4327 1275 4387 θῶπας
1306 4322 1566 4392 καθάπαξο

465 4414 761 4485 Δίσθητική
793 4433 879 4475 τις
908 4409 1107 4486 καρδία
1131 4412 1229 4479 σής
1262 4409 1483 4479 όστέων,

276 4505 429 4564 6340
464 4509 572 4572 Τῆς
602 4502 679 4565 είς
712 4499 946 4575 ἀδελφὸν
978 4497 1166 4554 ἀδίκου
1197 4498 1476 4573 παροινίας

461 4594 549 4648 Ἑν
581 4586 838 4666 συντριϐῇ
868 4588 1173 4662 πνεύματος
1202 4588 1258 4641 εὗ
1288 4587 1593 4661 ᾐσθημένος

464 4680 564 4733 Καὶ
590 4679 867 4748 κατανύξει
894 4674 1118 4752 καρδίας
1148 4673 1483 4749 δακρυχέων⁹

468 4770 588 4845 Ἐφ’
616 4767 679 4822 οὗ
706 4768 837 4842 γυνή
870 4788 953 4829 τις
983 4764 1081 4819 οὐκ
1109 4763 1275 4840 ἐφάνη
1306 4764 1545 4837 γαμέτου

468 4858 563 4912 Ἐκ
589 4852 747 4910 τοῦδε
774 4858 955 4915 κακῶς
987 4853 1065 4915 εἲς
1098 4850 1262 4924 δέμας
1292 4850 1645 4922 πεπονθότος,

279 4946 433 5002 6345
470 4944 699 5018 Παρειᾶς
730 4940 1075 5019 ἀμφίδρυφος
1104 4942 1138 5010 ἢ
1164 4939 1254 4994 καὶ
1285 4938 1549 5011 λυσίθριξ,

472 5028 601 5089 Οὐδ’
631 5028 921 5095 ἀπελαθεὶς
952 5028 1102 5084 ὧπτό
1128 5049 1211 5088 τις
1240 5024 1518 5101 πατρίδος·

472 5120 628 5187 Πλὴν
657 5118 907 5193 νωχελὴς
938 5118 1004 5185 ἦν
1036 5116 1124 5172 καὶ
1160 5114 1402 5189 μαλακὸς
1429 5116 1526 5182 τὴν
1559 5113 1737 5192 φύσιν,

467 5205 600 5265 Οὐδ’
632 5206 689 5262 εὖ
719 5208 970 5284 πεφυκὼς
1000 5206 1133 5282 πρὸς
1165 5203 1431 5274 διοίκησιν
1465 5203 1631 5271 ὅλων,

464 5298 559 5352 Ἐκ
589 5302 689 5365 τῆς
721 5314 951 5370 φυσικης
983 5292 1326 5368 νωθρότητος
1350 5293 1650 5368 συντρόφου

282 5388 433 5446 6350
472 5387 572 5439 Καὶ
604 5387 700 5453 τῆς
730 5383 1040 5459 τρυχούσης
1063 5380 1189 5444 τοὺς
1222 5378 1390 5443 πόδας
1420 5380 1695 5455 καχεξίας.

472 5474 646 5535 Οὗτος
678 5492 741 5548 γε
766 5473 946 5529 τοίνυν
980 5469 1236 5545 ἀσφαλῶς
1269 5470 1416 5545 σχὼν
1447 5470 1509 5524 τὸ
1540 5469 1756 5542 κράτος,

367 5686 485 5761 (70)
514 5685 655 5743 Cod.
685 5681 1086 5765 ἐπεσφαίριστο.

1804 408 2167 464 ΟΒΒΔΒΕΒ.

1955 533 2009 597 Α
2042 530 2178 586 Post
2207 530 2331 586 dies
2363 532 2588 605 aliquot
2618 533 2806 589 Caesar
2826 548 3057 604 quoque
3088 533 3147 587 in
3182 530 3384 588 urbem

2040 617 2197 674 haud
2231 622 2461 677 cunctis
2487 622 2648 677 venit
2678 622 2749 677 oh
2781 637 2958 676 suum
3006 620 3233 676 facinus

2040 707 2244 758 contra
2273 721 2373 775 ger
2398 723 2620 760 nanum
2654 706 2890 760 fratrem
2924 722 3218 775 suumque
3248 705 3572 764 dominum.

2039 792 2221 863 Atque
2244 793 2577 849 convicians
2617 794 2832 867 aliquis
2858 795 2943 849 sic
2973 794 3117 849 forte
3144 793 3335 849 aiebat
3369 810 3381 847 :

2041 881 2100 936 Si
2134 882 2402 939 bibentes
2434 885 2671 954 quidem
2712 885 2987 955 praefocat
3016 900 3189 954 aqua,

2040 970 2176 1039 quis
2203 972 2323 1041 jam
2352 971 2465 1028 alio
2498 978 2632 1044 potu
2662 974 2839 1027 vitam
2873 972 3122 1027 toleret?

2040 1062 2097 1113 et
2125 1059 2173 1113 si
2207 1059 2442 1115 fratrem
2476 1077 2590 1115 non
2622 1061 2914 1116 redimita
2944 1060 3283 1117 discrimine

2040 1163 2355 1219 germanus
2387 1150 2577 1216 frater,
2612 1150 2781 1221 periit
2805 1155 3037 1215 natura,

2040 1240 2309 1292 Attamen
2344 1253 2691 1309 progressus
2722 1239 2793 1293 ad
2827 1237 3116 1308 templum
3152 1253 3453 1309 maguum,

2040 1331 2097 1382 et
2126 1328 2464 1398 patriarchae
2496 1332 2811 1383 coronatus
2843 1326 3139 1392 manibus,

2039 1414 2178 1469 exiit
2203 1416 2276 1469 ad
2311 1432 2586 1487 pompam
2617 1415 2945 1471 Caesaribus
2976 1414 3205 1470 solitam
3239 1430 3251 1467 :

2038 1504 2107 1558 ad
2142 1519 2313 1574 quem
2340 1503 2636 1571 sublimis,
2672 1509 2735 1558 ut
2760 1503 3062 1571 insideret,
3103 1502 3339 1556 ducitur

2036 1607 2223 1663 equus
2253 1594 2440 1649 Arabs
2470 1594 2541 1649 de
2574 1592 2936 1666 praisepibus
2969 1596 3028 1647 et
3049 1592 3206 1662 bene
3241 1591 3530 1648 exercitus
3563 1611 3576 1647 :

2035 1697 2235 1736 verum
2268 1682 2408 1737 dum
2442 1683 2632 1739 Caesar
2664 1682 2723 1737 in
2755 1680 3101 1754 ephippium
3134 1680 3340 1747 insilit,

2034 1771 2378 1827 subsultans
2407 1788 2593 1843 equus
2627 1771 2910 1842 valdeque
2945 1769 3253 1834 ferociens,

1957 1877 2005 1944 Β
2036 1875 2211 1930 seque
2242 1860 2563 1917 anteriores
2608 1862 2868 1929 arrigens
2900 1860 2955 1914 in
2989 1859 3192 1929 pedes,

2033 1948 2213 2005 torvis
2242 1950 2301 2005 in
2334 1950 2638 2006 iracundia
2668 1949 2911 2005 suffusis
2940 1947 3149 2016 oculis,

2034 2039 2092 2090 et
2119 2036 2515 2107 pavimentum
2550 2037 2787 2107 ungulis
2818 2051 2965 2107 saepe
2997 2036 3283 2106 quatiens,

2034 2124 2179 2179 miro
2211 2140 2502 2181 sessorem
2534 2124 2841 2180 recusabat
2871 2122 3002 2179 nisu
3041 2140 3053 2179 :

2034 2212 2134 2266 sed
2168 2229 2300 2267 cum
2331 2218 2567 2284 repente
2597 2212 2939 2284 ephippium
2971 2216 3322 2282 occupasset

2032 2300 2557 2373 prehendissetque
2588 2302 2817 2357 frenum
2852 2300 3193 2372 imperator,

2032 2388 2215 2443 nihilo
2246 2395 2443 2444 tamen
2478 2390 2789 2446 ferociebat
2818 2390 3017 2444 minus

2031 2492 2219 2547 equus
2249 2476 2418 2532 elatis
2449 2477 2695 2548 pedibus
2719 2483 3052 2547 terramque
3084 2477 3418 2543 verberans,

2031 2565 2379 2636 sonorisque
2411 2565 2738 2621 hinnitibus
2768 2581 2960 2620 aerem
2993 2564 3333 2635 complens;

2032 2669 2220 2724 neque
2246 2670 2279 2709 a
2310 2654 2502 2709 furore
2532 2654 2873 2723 hujusmodi
2914 2653 3073 2724 prius
3105 2652 3349 2723 destitit,

2034 2757 2212 2812 quam
2243 2742 2434 2813 capite
2464 2758 2740 2798 coronam
2772 2742 3030 2797 excussit
3059 2742 3267 2797 Caesari

2034 2829 2197 2884 bumi
2226 2830 2564 2901 projectam,
2598 2833 2766 2900 cujus
2792 2831 2966 2885 etiam
3000 2834 3189 2898 partes

2034 2918 2337 2973 confractaa
2364 2922 2503 2974 sunt
2534 2919 2787 2974 infausto
2819 2922 2992 2989 atque
3022 2918 3293 2973 indecore
3327 2934 3339 2970 :

2034 3021 2229 3061 sessor
2257 3011 2451 3062 autem
2485 3010 2664 3063 strato
2696 3005 2916 3063 corruit
2940 3022 3254 3078 purpureo.

2034 3095 2421 3159 Quamobrem
2454 3094 2568 3151 alio
2595 3095 2866 3151 inscenso
2896 3100 3085 3151 Caesar
3112 3110 3260 3165 equo

2036 3182 2525 3255 qualemcumque
2554 3186 2791 3239 demum
2823 3181 3072 3238 absolvit
3102 3198 3375 3253 pompam

2035 3287 2169 3325 cum
2200 3274 2508 3327 stemmate
2534 3273 2826 3327 confracta
2859 3276 2916 3327 et
2941 3272 3186 3327 deciduo
3215 3291 3229 3339 ;

2030 3360 2184 3429 quod
2218 3358 2421 3415 laevum
2453 3375 2623 3415 omen
2655 3359 2843 3414 visum
2877 3364 2965 3414 est
2996 3359 3421 3429 spectantibus.

2030 3448 2165 3503 Erat
2194 3447 2287 3503 hic
2318 3449 2507 3504 Caesar
2536 3446 2731 3503 indole
2766 3448 2918 3502 bona
2949 3447 3251 3518 praeditus,

2031 3536 2233 3606 comis,
2266 3537 2645 3608 tranquillus,
2678 3540 2986 3592 mansueto
3019 3536 3275 3608 ingenio,

2029 3623 2253 3692 hilaris,
2287 3641 2496 3680 accesu
2530 3627 2828 3697 atl'atuque
2854 3624 3062 3693 facilis,

2030 3711 2313 3767 clemente
2341 3711 2557 3779 animo,
2590 3728 2762 3767 manu
2796 3711 3041 3778 liberali,

2029 3804 2371 3856 cunctorum
2403 3799 2676 3871 precibus
2724 3805 2952 3870 patens,
2984 3806 3041 3855 et
3072 3798 3382 3855 benevolus
3415 3816 3427 3852 :

2030 3889 2304 3957 blandus,
2330 3888 2645 3961 gratiosus,
2679 3888 3088 3958 formosusque
3117 3888 3453 3955 admodum,

2030 3993 2328 4048 procerus,
2360 3978 2580 4034 virente
2610 3980 2799 4044 aetate,
2832 3975 2978 4031 alter
3006 3974 3234 4030 Nireus.

2031 4066 2293 4123 Neminis
2326 4065 2423 4121 hic
2452 4064 2679 4135 corpori
2709 4062 2862 4118 reive
2892 4062 3111 4130 nocuit,

2032 4172 2219 4227 neque
2246 4154 2305 4209 in
2336 4152 2590 4209 Ecclesia
2620 4154 2862 4224 quidam
2894 4153 3211 4222 innovavit,

2031 4258 2136 4298 nec
2166 4241 2467 4313 obrogavit
2496 4242 2634 4297 item
2669 4242 2898 4313 imperii
2929 4239 3159 4309 legibus
3188 4257 3201 4306 ;

2031 4330 2449 4387 assentationis
2487 4346 2649 4401 aeque
2674 4336 2731 4385 et
2762 4328 3069 4385 calumnias
3100 4344 3251 4383 osor.

2030 4419 2289 4490 Cumque
2319 4422 2478 4475 esset
2507 4423 2705 4474 tenero
2732 4418 2999 4473 imbutus
3027 4417 3225 4472 animo

2031 4507 2251 4563 crimen
2283 4508 2563 4563 adversus
2586 4507 2845 4571 fratrem,
2881 4512 2944 4560 ut
2975 4505 3189 4560 cariem
3222 4503 3469 4568 ossium,

1957 4590 2001 4655 D
2033 4598 2361 4654 exulcerata
2413 4598 2587 4653 fixum
2620 4596 2859 4667 gerebat
2890 4598 3105 4658 mente,

2038 4685 2472 4758 gemitibusque
2503 4690 2559 4742 et
2588 4682 2863 4755 lacrymis
2894 4682 3187 4753 expiabat.

2039 4776 2169 4845 Ipso
2200 4776 2479 4845 regnante
2510 4770 2672 4827 nulla
2703 4786 2963 4841 unquam
3006 4769 3219 4824 mulier

2038 4866 2273 4933 propter
2304 4859 2495 4915 mariti
2528 4858 2859 4914 mutilatum
2900 4874 3112 4929 corpus

2036 4950 2124 5005 vel
2154 4948 2428 5005 laceravit
2458 4963 2638 5018 genas
2666 4945 2753 5002 vel
2787 4945 2955 5002 solvit
2984 4963 3241 5012 comam,

2039 5052 2145 5092 nec
2176 5037 2489 5108 quisquam
2523 5036 2711 5105 patria
2742 5034 2948 5106 pulsus
2978 5033 3039 5089 in
3071 5033 3363 5089 exsilium.

2040 5127 2323 5181 Caeterum
2348 5141 2545 5180 socors
2576 5124 2940 5193 remissoque
2973 5123 3230 5193 ingenio,

2042 5228 2230 5285 neque
2261 5215 2331 5268 ad
2363 5212 2787 5284 rempublicam
2822 5210 3134 5281 regendam
3169 5209 3415 5265 idoneus

2042 5306 2276 5373 propter
2306 5306 2517 5357 natura
2548 5300 2784 5355 insitam
2820 5298 3153 5371 segnitiem,

2041 5393 2099 5446 et
2126 5391 2265 5461 quia
2287 5390 2534 5461 pedibus
2566 5388 2743 5444 etiam
2778 5387 3102 5443 laborabat.

2043 5479 2285 5542 Quietus
2315 5493 2450 5549 ergo
2482 5478 2788 5533 moderans
2818 5476 3067 5545 imperio
