4136 6292
452 417 557 471 239
1663 408 2031 465 EPHRBMII
2066 402 2643 460 CHBONOGRAPHI

453 546 628 611 atque
660 540 719 594 in
752 538 931 611 regali
959 537 1230 593 desidens
1262 533 1476 606 palatio

456 630 741 701 plurimos
772 627 940 683 donis
973 627 1214 697 largiter
1242 624 1465 679 ditabat

457 718 806 788 eximiisque
837 715 1088 786 augebat
1126 712 1530 785 dignitatibus.

460 810 525 862 In
557 806 838 861 orientem
870 808 1073 875 postea
1104 819 1238 858 cum
1272 800 1454 872 copiis
1486 798 1720 855 transiit
1752 813 1765 850 :

462 894 687 951 audivit
714 894 895 963 enim,
928 894 1119 947 denuo
1153 889 1427 945 rebellem

462 983 731 1038 Alexium
762 982 1071 1052 quemdam
1103 980 1162 1034 in
1196 978 1490 1049 provincia
1518 974 1781 1039 Cilicum,

465 1072 647 1143 (illius
669 1070 905 1127 nomine
936 1069 1162 1125 scilicet
1193 1069 1501 1136 assumpto

463 1162 645 1216 Alexii
676 1162 899 1217 Cassare
927 1157 1190 1213 Manuele
1221 1156 1359 1225 nati)

466 1266 648 1322 pagos
678 1250 920 1303 incursu
953 1248 1245 1316 urbesque
1278 1242 1643 1316 perturbare,

468 1340 550 1394 Ad
582 1337 1001 1407 Melangiorum
1033 1350 1171 1406 ergo
1200 1332 1471 1404 praesidia
1502 1345 1770 1401 pergens,

466 1432 641 1498 atque
670 1425 790 1482 illic
822 1425 998 1481 etiam
1032 1423 1320 1478 salulatus
1352 1420 1630 1476 dominus

465 1532 733 1571 reversus
762 1518 852 1569 est
882 1513 940 1568 in
976 1513 1179 1567 urbem
1199 1510 1537 1581 imperator.

465 1606 746 1661 Obortum
778 1607 867 1657 est
898 1602 1104 1657 deinde
1132 1600 1390 1654 Romano
1430 1594 1680 1666 imperio

470 1692 783 1748 molestum
814 1693 1146 1745 monstrum
1176 1693 1349 1755 atque
1380 1682 1844 1752 inexspectatum

469 1786 756 1854 tyrannus
788 1778 885 1833 ille
914 1775 1253 1847 Cypriorum
1284 1771 1502 1827 lsacius
1528 1788 1541 1834 ;

474 1869 575 1940 qui
602 1868 673 1923 ad
704 1866 1007 1922 sultanum
1037 1866 1270 1933 repente
1301 1858 1636 1931 profugiens

475 1964 650 2028 atque
672 1956 751 2011 ibi
786 1959 992 2010 nactus
1024 1950 1333 2007 auxiliares
1365 1948 1582 2017 copias,

478 2046 773 2101 Romanas
804 2048 986 2097 terras
1016 2040 1309 2109 urbesque
1339 2034 1663 2090 divexabat.

474 2135 582 2191 Sed
618 2133 771 2189 enim
798 2132 1002 2186 ambos
1036 2145 1192 2183 mors
1225 2122 1518 2196 oppressit
1547 2122 1807 2175 demum.

475 2223 669 2277 Caesar
697 2222 769 2275 de
802 2219 972 2274 terris
1004 2217 1262 2272 occiduis
1296 2212 1586 2268 sollicitus

478 2310 732 2380 peritum
765 2309 975 2363 ducem
1012 2306 1398 2375 cognomento
1429 2297 1725 2368 Aspielam

482 2414 612 2452 cum
646 2411 960 2451 numeroso
990 2392 1297 2463 validoque
1327 2386 1578 2444 exercitu

481 2486 768 2543 adversus
799 2484 1006 2538 Mmsos
1036 2479 1317 2536 barbaros
1347 2476 1545 2531 hostes
1579 2471 1741 2528 misit

478 2589 685 2628 verum
721 2570 939 2626 infelici
971 2568 1285 2624 commisso
1318 2563 1535 2636 praelio,

478 2666 686 2733 captus
716 2664 807 2715 est
832 2656 1097 2713 barbaris
1126 2654 1362 2724 Aspieta
1389 2650 1603 2704 Mcesis.

480 2748 807 2804 Plurimum
838 2762 1041 2800 rursus
1074 2743 1263 2799 Caesar
1291 2754 1498 2810 gerens
1529 2750 1729 2791 curam

479 2837 855 2892 occiduarum
890 2832 1121 2888 urbium
1155 2828 1529 2895 afflictarum,

480 2924 753 2989 Ieacium,
788 2922 883 2977 cui
912 2921 1229 2975 tradiderat
1258 2915 1439 2971 ﬁliam
1472 2910 1705 2982 nuptui,

482 3012 937 3066 sebastocratem
968 3006 1274 3078 dignitate,
1306 3002 1469 3057 misit

480 3100 673 3155 denuo
706 3114 834 3153 cum
867 3095 1177 3168 praevalido
1208 3093 1443 3162 ingente
1473 3085 1728 3142 exercitu
1762 3100 1775 3137 :

478 3188 578 3244 sed
611 3188 683 3242 ab
714 3188 903 3241 Asane
930 3188 1136 3254 captus
1164 3185 1222 3234 et
1248 3179 1344 3233 hic
1374 3176 1643 3239 barbaro,

478 3275 673 3331 vincla
699 3275 978 3329 diuturna
1007 3275 1063 3326 et
1093 3282 1380 3324 carcerem
1412 3278 1744 3337 perpessus,

479 3364 699 3418 ibidem
730 3361 983 3417 violenta
1016 3362 1196 3414 morte
1228 3355 1389 3411 obiit.

483 3452 692 3507 Verum
725 3455 782 3506 et
807 3450 931 3520 ipse
963 3448 1247 3502 barbarus
1281 3450 1435 3498 Asan
1466 3439 1638 3511 periit

482 3557 661 3595 manu
684 3540 996 3609 cujusdam
1030 3534 1191 3590 Moesi
1223 3530 1417 3588 Ibanci
1448 3528 1737 3593 domitus;

482 3629 792 3699 Petrtsque
826 3625 1082 3681 obtinuit
1111 3621 1315 3678 Musiae
1345 3618 1757 3691 principatum.

482 3803 593 3859 Sed
627 3818 760 3857 cum
792 3801 885 3855 hic
911 3798 1086 3854 etiam
1116 3795 1307 3869 gladio
1341 3793 1547 3849 fuisset
1576 3806 1780 3855 caesus,

472 3891 747 3961 princeps
782 3890 1090 3944 Moesorum
1123 3884 1345 3941 exstitit
1375 3883 1630 3938 Joannes

475 3980 631 4035 Petri
662 3978 991 4048 Asanisque
1021 3976 1217 4041 frater,
1253 3973 1486 4044 ingenio
1519 3967 1796 4041 pessimo,

469 4072 527 4123 et
555 4070 951 4123 Romanarum
985 4062 1216 4119 urbium
1252 4060 1556 4132 pernicies.

473 4156 725 4211 Ibancus
759 4158 954 4209 autem
987 4153 1055 4207 ad
1089 4153 1372 4207 Caesarem
1403 4144 1747 4215 confugiens

474 4248 650 4315 atque
676 4243 889 4298 libente
922 4241 1114 4296 animo
1146 4241 1413 4308 receptus

477 4330 755 4386 Romanis
785 4330 1051 4401 partibus
1083 4327 1283 4382 utilem
1318 4339 1379 4379 se
1412 4320 1675 4393 praebuit,

478 4419 719 4475 ﬂoribus
754 4433 958 4488 nempe
982 4416 1237 4486 juvenis,
1271 4414 1400 4468 ἴοι-ιι
1436 4425 1636 4473 manu,

472 4508 575 4563 sed
608 4507 679 4561 ad
710 4506 1058 4562 sumendam
1093 4504 1237 4557 iram
1272 4499 1701 4574 paratissimus.

469 4595 617 4649 Huic
640 4593 945 4650 collocavit
973 4592 1162 4646 Caesar
1192 4592 1250 4646 in
1284 4585 1726 4645 matrimonium

468 4683 529 4737 in
564 4682 755 4737 aulam
787 4681 1114 4737 advenienti
1142 4684 1373 4752 neptem
1405 4692 1595 4733 suam.

467 4777 524 4826 et
553 4771 953 4842 praefecturam
985 4769 1224 4824 tradidit
1253 4763 1744 4838 PbilippOpoleos.

477 4861 535 4915 Is
557 4864 750 4915 autem
787 4862 986 4914 contra
1018 4859 1226 4913 Moesos
1258 4862 1315 4912 et
1345 4862 1550 4912 contra
1579 4851 1820 4925 Scythas

469 4948 707 5003 ﬁrmum
742 4946 982 5003 Romani
1014 4946 1242 5017 imperii
1274 4944 1575 4999 munimen
1605 4944 1745 4996 erat.

462 5036 595 5092 Jam
622 5052 754 5091 cum
786 5035 978 5089 Sicilia
1008 5036 1078 5089 ab
1110 5032 1452 5088 Alamannis
1483 5028 1748 5085 barbaris

463 5125 714 5196 turpiter
744 5129 898 5179 esset
918 5124 1158 5189 domita,
1190 5126 1330 5177 tunc
1360 5122 1418 5174 in
1454 5118 1683 5174 Italiam

462 5213 515 5269 vi
548 5216 847 5284 deportata
876 5216 964 5267 est
994 5228 1094 5266 ceu
1130 5211 1320 5282 praeda
1348 5208 1482 5264 belli

464 5301 584 5356 ﬁlia
615 5317 848 5373 quoque
878 5300 1120 5356 Caesaris
1144 5298 1349 5354 Isaacii
1376 5317 1389 5364 ;

462 5395 521 5445 et
542 5389 695 5461 regis
716 5388 1071 5445 Alamanniae
1098 5402 1376 5459 germano
1410 5382 1574 5440 fratri

462 5477 729 5549 Philippo
754 5479 963 5548 juncta
992 5480 1082 5533 est
1114 5473 1361 5546 nuptiali
1386 5473 1619 5540 foedere,

530 5690 645 5763 (71)
674 5674 814 5747 Cod.
849 5683 1049 5758 λαϐήν.

2122 529 2178 596 Α

2140 1886 2187 1950 Β

2147 3230 2191 3299 C

2136 4582 2182 4647 D

2384 524 2482 579 Καὶ
2518 522 2814 599 βασιλείοις
2842 515 3178 593 ένδιατρίψας
3211 512 3425 587 δόμοις,

2382 613 2487 668 Καὶ
2520 609 2746 686 δωρεαῖς
2774 608 2901 671 τοὺς
2929 605 3219 665 πλείστους
3246 601 3569 661 καταπιάνας

2383 697 2488 754 Καὶ
2522 697 2839 771 φιλοτίμοις
2866 693 3034 767 ἀξίοις
3062 688 3391 760 καθηδύνας,

2205 788 2349 849 6355
2387 788 2535 843 Μετὰ
2566 790 2817 859 στρατιᾶς
2850 784 3047 857 ἐκπερᾷ
3077 780 3214 856 πρὸς
3244 779 3340 846 τήν
3371 774 3466 832 ἕω·

2382 876 2650 930 Ἥκουστο
2680 875 2767 928 καὶ
2801 873 2901 948 γὰρ
2934 872 3007 933 ὡς
3036 868 3364 938 ἀποστιάτης
3393 864 3557 921 πάλιν

2385 962 2629 1033 Ἀλέξιός
2656 984 2735 1024 τις
2769 959 3000 1017 Κιλίκων
3031 958 3295 1033 ἐπαρχίας

2386 1053 2760 1126 Προσηγορίαν
2794 1046 2993 1109 ὑποδὺς
3022 1046 3264 1117 Ἀλεξίου

2386 1140 2565 1213 Οὗπερ
2595 1138 2783 1202 τοκεὺς
2810 1140 2874 1207 ἧν
2901 1134 3163 1205 Μανουήλ
3193 1131 3561 1208 αὐτοκράτωρ,

2210 1229 2351 1284 6360
2389 1228 2587 1300 Κώμας
2622 1226 2785 1281 ἐπιὼν
2819 1225 3017 1280 ἀνέσειε
3045 1223 3139 1287 τὰς
3167 1221 3381 1284 πόλεις.

2389 1314 2583 1373 Τοίνυν
2616 1315 2831 1377 ἐπιστὰς
2864 1315 3147 1391 φρουρίοις
3178 1308 3552 1386 Μελαγγείων,

2392 1405 2494 1461 Καὶ
2520 1410 2637 1466 τοῖς
2667 1402 2837 1458 ἐκεῖσε
2871 1401 3124 1477 βασιλεὺς
3155 1399 3504 1472 αὐτοκράτωρ

2388 1492 2803 1568 Ἀναγορευθεὶς
2833 1492 2968 1565 πρὸς
3001 1490 3163 1545 πόλιν
3195 1489 3536 1564 ὑποστρέφει·

2392 1582 2501 1636 Εἶτ’
2536 1580 2735 1657 ἀνεφύη
2771 1576 3078 1652 Ῥωμαΐδος
3106 1581 3185 1648 τῷ
3215 1578 3400 1651 κράτει

2214 1672 2357 1727 6365
2395 1669 2570 1727 Κακόν
2602 1690 2655 1723 τι
2685 1667 2969 1743 τερμέριον
3000 1666 3230 1722 ἄελπτον
3257 1664 3443 1719 πάλιν.

2397 1758 2623 1822 Ἰσάκιος
2648 1758 2907 1831 τύραννος
2938 1756 3165 1832 αἰσχρὸς
3197 1755 3475 1829 Κυπρίων,

2394 1849 2488 1909 Ὃς
2518 1846 2771 1916 ἐξαπίνης
2800 1846 3088 1922 προσρυεὶς
3117 1849 3196 1915 τῷ
3226 1843 3506 1915 σουλτάνῳ

2396 1936 2651 1999 Κάκεῖθεν
2684 1936 2853 2009 εὑρὼν
2884 1934 3237 2007 συμμαχικόν
3264 1954 3315 1987 τι
3344 1932 3526 2008 στῖφος

2396 2026 2592 2099 Χώρας
2625 2025 2817 2077 έκάκου
2848 2024 2938 2077 καὶ
2969 2021 3158 2082 πόλεις
3189 2017 3512 2092 Ῥωμαΐδος.

2217 2115 2358 2170 6370
2395 2110 2666 2167 Ὤλλυντο
2698 2108 2743 2165 δ’
2776 2110 2940 2189 ἄμφω
2970 2110 3445 2186 παραπεμφθέντες
3471 2107 3644 2183 μόρῳ.

2398 2198 2670 2274 Φροντίδα
2697 2200 2866 2263 τιθεὶς
2896 2198 3124 2253 δυτικῶν
3158 2202 3358 2273 χωρῶν
3392 2194 3541 2269 ἄδαξ,

2396 2288 2553 2345 Μετὰ
2583 2293 2832 2361 στρατιᾶς
2861 2289 3047 2355 ἱκανῆς
3077 2283 3363 2360 εὐκαρδίου

2395 2374 2600 2451 ’Ἄνδρα
2629 2376 2926 2452 στρατηγὸν
2959 2374 3262 2445 τούπίκλην
3292 2374 3577 2443 Ἀσπιέτην

2396 2464 2541 2518 Κατᾶ
2571 2467 2771 2521 Μυσῶν
2806 2466 3087 2540 πέπομφεν
3121 2463 3332 2537 ἐχθρῶν
3371 2457 3676 2537 βαρϐάρων·

2218 2554 2361 2609 6375
2397 2553 2748 2627 Χρησάμενος
2783 2550 2839 2606 δὲ
2871 2553 2946 2624 μὴ
2981 2551 3209 2612 δεόντως
3238 2555 3305 2623 τῇ
3340 2552 3517 2625 μάχῃ.

2394 2642 2593 2703 Αὐτοῖς
2622 2640 2766 2695 ἑάλω
2803 2634 3097 2714 βαρϐάροις
3130 2640 3481 2715 ἀντιμάχοις,

2400 2728 2740 2801 Ποιούμενος
2768 2728 2929 2802 λόγον
2970 2726 3027 2783 δὲ
3054 2728 3279 2784 πλείονα
3306 2726 3468 2782 πάλιν

2399 2816 2622 2892 Κράτωρ
2655 2815 2885 2871 δυτικῶν
2917 2817 3115 2872 ἀστέων
3150 2817 3525 2888 κακουμένων,

2400 2905 2662 2959 Ἰσαάκιον
2696 2899 2941 2978 γαμϐρὸν
2976 2904 3051 2967 εἷς
3085 2905 3349 2978 θυγατέρα

2222 2994 2366 3050 6380
2402 2993 2500 3046 Τὸν
2534 2988 2999 3067 σεϐαστοκράτορα
3024 2994 3225 3065 πέμπει
3258 2989 3517 3068 δευτέρως

2402 3080 2506 3135 Σὺν
2537 3078 2854 3155 δυσαρίθμῳ
2885 3084 3105 3155 στρατιᾷ
3136 3080 3417 3155 ρωμαλέᾳ.

2398 3168 2664 3231 Κάκεῖνος
2694 3170 2851 3225 Ἀσᾶν
2885 3170 3165 3243 συσχεθεὶς
3192 3174 3270 3241 τῷ
3303 3163 3559 3245 βαρϐάρῳ

2405 3257 2607 3331 Χρόνια
2637 3256 2807 3331 δεσμὰ
2834 3258 2923 3312 καὶ
2953 3258 3215 3331 κάθειρξιν
3251 3254 3436 3328 ὑπέδυ,

2406 3348 2491 3401 Ἐν
2524 3349 2603 3408 οἷς
2634 3345 2921 3420 ἐναπέψυξε
2954 3345 3116 3421 βιαίῳ
3158 3348 3333 3421 μόρῳ.

2224 3436 2363 3491 6385
2404 3434 2555 3503 Πλὴν
2585 3433 2731 3491 ἀλλᾶ
2759 3437 2847 3489 καὶ
2885 3430 3159 3510 βάρϐαρος
3185 3436 3344 3491 Ἀσάν
3377 3433 3578 3509 ἐφθάρη

2399 3520 2612 3592 Κλῆσιν
2646 3518 2876 3599 Ἰὃαγκῳ
2902 3545 3012 3577 τινι
3040 3528 3237 3578 Μυσῶν
3270 3522 3328 3577 ἐκ
3357 3522 3560 3597 γένους·

3737 388 3848 443 240

2399 3612 2496 3667 Καὶ
2555 3614 2759 3686 Πέτρος
2817 3614 2995 3687 ἀρχὴν
3073 3614 3172 3681 τήν
3248 3613 3446 3670 Μυσῶν
3508 3606 3689 3667 λαϐὼν
3750 3614 3870 3685 (71)

3553 3697 3720 3775 [ἔχει.

2394 3788 2491 3844 Καὶ
2516 3787 2675 3844 τοῦδε
2701 3793 2881 3851 κακῶς
2912 3790 3336 3854 ἀποκτανθέντος
3366 3788 3524 3867 ξίφει,

2393 3877 2649 3949 Ἰωάννης
2682 3875 2918 3933 δέδεικτο
2954 3881 3398 3953 μυσαρχηγέτης,

2218 3966 2359 4021 6390
2397 3967 2551 4022 Ἀσᾶν
2587 3965 2791 4040 Πέτρου
2821 3967 3106 4039 σύναιμος,
3138 3965 3421 4041 αἴσχιστος
3456 3965 3712 4041 τρόπους,

2393 4058 2507 4109 Τῶν
2540 4056 2861 4127 Ῥωμαϊκῶν
2895 4054 3093 4110 ἀστέων
3126 4056 3464 4130 καθαιρέτης.

2392 4143 2453 4199 Ὁ
2482 4138 2529 4195 δ’
2560 4143 2649 4197 οὗν
2676 4137 2919 4218 Ἰϐαγκὸς
2949 4142 3239 4217 προσρυεὶς
3266 4140 3587 4218 στεφηφόρῳ

2392 4230 2490 4284 Καὶ
2521 4232 2667 4305 παρὰ
2693 4228 2852 4285 τοῦδε
2881 4228 3243 4305 προσδεχθεὶς
3279 4228 3410 4303 μάλ’
3439 4228 3707 4301 ἀσμένως,

2391 4320 2674 4392 Χρήσιμος
2704 4319 2852 4373 ὧπτο
2883 4323 2962 4390 τῷ
2997 4320 3146 4393 μέρει
3175 4324 3281 4374 τῶν
3313 4316 3585 4385 Αὐσόνων,

2212 4407 2353 4463 6395
2387 4409 2654 4479 Ἀκμαῖος
2687 4406 2759 4461 ὥν
2789 4429 2873 4468 τις
2903 4408 2991 4461 καὶ
3027 4408 3194 4482 χέρας
3225 4406 3538 4483 ῥωμαλέος,

2390 4496 2721 4573 Ὀξύρῥοπος
2752 4496 2799 4550 δ’
2829 4498 2919 4552 οὗν
2948 4499 3082 4573 πρὸς
3113 4498 3280 4570 Θυμὸν
3321 4498 3411 4551 καὶ
3457 4494 3667 4569 μανίαν.

2388 4584 2574 4656 Τούτῳ
2598 4584 2943 4660 κατηγγύησε
2972 4587 3107 4661 πρὸς
3136 4586 3404 4640 συνοικίαν

2389 4673 2498 4739 Τὴν
2532 4671 2860 4746 Θυγατριδῆν
2898 4672 3151 4742 βασιλεὺς
3185 4675 3488 4750 ἀφιγμένῳ.

2387 4761 2666 4834 Ὕπαρχον
2698 4760 2875 4834 ἀρχὴν
2902 4767 3001 4829 τῆς
3030 4760 3315 4816 Φιλίππου
3347 4761 3617 4836 χειρίσας,

2210 4848 2351 4902 6400
2387 4849 2481 4909 ⁸ος
2510 4848 2577 4916 ἦν
2610 4847 2966 4923 ἐπιτείχισμα
2993 4852 3202 4911 Μυσοῖς
3233 4850 3323 4905 καὶ
3360 4849 3611 4917 Σκύθαις,

2387 4938 2656 5012 Τειχῆρες
2687 4937 2938 4994 Αὐσόνων
2970 4936 3028 4992 δὲ
3053 4939 3273 5012 χωρίων
3313 4940 3484 5011 μέρει.

2387 5026 2518 5084 Τοῖς
2548 5022 2870 5096 Ἀλαμανοῖς
2909 5020 3203 5100 βαρϐάροις
3239 5023 3491 5087 Σικελίας

2386 5111 2646 5187 Αἱσχρῶς
2676 5110 2938 5182 ἀλούσης,
2971 5110 3023 5167 έν
3055 5111 3260 5184 Ἰταλίᾳ
3285 5113 3407 5168 τότε

2389 5199 2743 5274 Δορυάλωτος
2771 5202 3095 5275 συναπήχθη
3125 5202 3259 5276 πρὸς
3295 5202 3438 5276 βίαν,

2209 5290 2351 5345 6405
2389 5288 2491 5344 Καὶ
2522 5290 2761 5361 θυγάτηρ
2795 5286 3021 5351 ἄνακτος
3050 5289 3337 5357 Ἰσαακίου,

2388 5377 2485 5430 Καὶ
2517 5378 2826 5451 κασιγνήτῳ
2858 5376 3027 5451 ρηγὸς
3056 5375 3389 5449 Ἀλαμανίας

2389 5461 2654 5536 Φιλιππῳ
2686 5465 2998 5533 συνέζευκτο
3030 5466 3167 5540 πρὸς
3196 5464 3376 5539 γάμου
3407 5464 3614 5539 σχέσιν,
