4136 6292
341 284 441 340 241
1860 282 2217 337 ΟΒΒΔΒΒΒ.

515 406 679 461 Πόσιν
710 406 904 474 ἑαυτῆς
933 400 1288 459 ἀποϐαλοῦσα
1323 406 1478 479 μόρῳ

511 497 626 551 Τοῦ
660 496 907 548 Σικελῶν
937 494 1191 568 ἄρξαντος
1224 494 1338 548 υἱὸν
1370 496 1475 569 πρὸ
1504 493 1720 570 χρόνων
1757 512 1769 526 ·

328 587 473 642 6410
510 584 581 639 Ἢ
610 587 858 637 κυκεῶνα
888 583 1106 658 πικρίας
1138 582 1386 655 ἀψινθίου

503 672 777 745 Ποτήριον
813 668 861 724 δ’
882 670 1007 745 ,οὐχ
1034 674 1204 739 ἧττον
1240 670 1406 744 ὀργῆς
1437 670 1635 743 Κυρίου

515 758 797 832 Ὀλὲθριον
829 758 1047 831 κίρνησι
1076 763 1145 832 τῇ
1173 756 1477 827 Βυζαντίδι.

514 848 748 921 Πάσχων
779 846 847 900 τά
872 851 970 901 τοῦ
1002 847 1256 918 σώματος
1286 846 1452 921 ἄρθρα
1478 845 1567 899 καὶ
1603 846 1770 918 βάθρα

515 934 591 992 Οὐ
624 939 872 1008 συνεχῶς
908 936 1001 1007 μὲν
1033 934 1121 988 καὶ
1155 932 1245 988 διὰ
1279 933 1400 1009 βίου
1429 933 1661 1009 κράτωρ,

329 1025 474 1081 6415
510 1023 661 1078 Κατά
691 1021 748 1077 δὶ
778 1022 1016 1084 κύκλους
1040 1022 1132 1077 καί
1161 1043 1309 1085 τινας
1337 1019 1624 1095 περιόδους

512 1112 615 1167 Ἕκ
637 1132 783 1173 τινος
816 1111 954 1181 ὅλης
988 1112 1245 1183 σώματος
1274 1110 1551 1184 καχεξίας,

513 1197 734 1260 Ὀδύνας
766 1199 882 1272 εἶχε
911 1198 999 1253 καὶ
1030 1196 1419 1259 δυσυποίστους
1450 1198 1671 1269 πόνους,

506 1288 913 1361 Ἐπεισρυέντος
941 1290 1035 1341 τοῦ
1067 1290 1233 1341 κακοῦ
1262 1288 1351 1340 καὶ
1379 1285 1473 1339 τοῦ
1496 1285 1722 1356 πάθους,

502 1376 699 1448 Ἕαρος
728 1374 923 1427 οὐκοῦν
950 1376 1231 1443 τηνικαῦτ’
1261 1373 1561 1448 ἀφιγμένού

321 1463 465 1518 2420
504 1461 697 1522 Πόνοις
726 1461 969 1532 νικηθεὶς
999 1461 1088 1515 καὶ
1119 1458 1528 1536 περιωδυνίαις,

492 1547 693 1621 Τολμᾷ
719 1558 773 1603 τϊ
800 1554 1029 1623 πρᾶγμα
1060 1547 1389 1611 κινδυνῶδες
1419 1550 1508 1604 καὶ
1535 1551 1701 1621 ξένον,

486 1636 751 1712 ’Όλεθρον
782 1637 929 1709 αὖτῷ
958 1638 1251 1711 προξενοῦν
1283 1632 1616 1711 παραϐόλως
1651 1659 1662 1670 ·

488 1722 720 1799 Σιδήρια
749 1725 851 1800 γὰρ
882 1727 1289 1801 πυρακτωθέντα
1314 1725 1520 1802 σφόδρα

488 1814 713 1869 Σκελοῖν
745 1814 1044 1884 ἐπιτίθησιν
1076 1816 1277 1891 ἀμφοῖν
1308 1816 1396 1869 καὶ
1431 1816 1669 1890 βάθροιν,

300 1905 447 1959 6425
488 1902 601 1960 Καὶ
638 1903 776 1978 πρὸς
809 1903 971 1977 βάθος
1003 1900 1226 1976 δέδρακε
1253 1907 1495 1978 καυτῆρα
1529 1904 1694 1977 μάλα.

480 1991 579 2044 Καὶ
610 1992 746 2065 πρὸς
782 1992 959 2065 βραχὺ
995 1991 1088 2063 μὲν
1122 1990 1420 2065 ῥαϊσάντων
1453 1997 1562 2046 τῶν
1601 1994 1800 2061 πόνων,

474 2081 603 2143 Μεθ’
636 2074 844 2153 ὕϐρεων
879 2080 1104 2140 ἅπαντες
1140 2078 1545 2149 Ἀσκληπιάδαι

475 2168 696 2242 Μακράν
727 2167 1104 2235 ἀπηλαύνοντο
1125 2169 1391 2242 κράτορος
1425 2168 1575 2243 λόγῳ
1604 2188 1618 2201 ⁶

477 2257 622 2312 Μετά
652 2253 709 2309 δὲ
736 2253 895 2309 τοῦτο
927 2253 1227 2331 φλεγμοναὶ
1258 2256 1553 2331 καυτηρίας

298 2349 441 2403 6430
480 2343 825 2420 Κατὲτρυχον
852 2348 1154 2417 κρατοῦντα
1184 2344 1273 2397 καὶ
1303 2342 1620 2419 ποδαλγίαι,

481 2433 584 2491 Καὶ
616 2439 719 2495 πᾶς
752 2433 935 2507 ἰατρὸς
966 2432 1287 2503 είσκέκλητο
1316 2432 1409 2486 σὺν
1435 2435 1589 2505 τάχει
1626 2453 1639 2465 ⁸

488 2523 593 2580 Καὶ
622 2523 823 2583 πάντας
857 2522 1178 2595 ὑπέθραττεν
1211 2524 1273 2575 ού
1306 2521 1511 2590 φαῦλον
1543 2520 1685 2591 δέος,

487 2613 701 2681 Μήπως
729 2611 1009 2685 ἀνειρχθὶν
1041 2607 1274 2674 καθόδου
1306 2617 1404 2678 τῆς
1434 2612 1569 2684 πρὸς
1597 2610 1767 2673 πόδας

484 2698 700 2762 Εἴωθὸς
731 2700 867 2771 αἷμα
896 2698 985 2752 σὺν
1021 2696 1126 2771 ὕλῃ
1159 2696 1494 2772 καταρῥέειν,

305 2790 455 2845 6435
494 2789 797 2859 Ἐνσκῆψαν
830 2786 907 2847 εἷς
937 2786 1122 2861 καίρια
1154 2786 1410 2857 σώματος
1449 2785 1589 2858 μέλη

490 2874 645 2932 Οῗσει
677 2874 959 2949 κρατάρχῃ
994 2874 1218 2928 θάνατον
1249 2874 1574 2948 παραυτίκα,

487 2966 879 3021 Μεταπισεῖται
913 2960 958 3017 δ’
989 2961 1243 3037 ἀλλαχοῦ
1272 2963 1593 3038 κραταρχία.

484 3051 706 3108 Τούτων
742 3051 905 3124 λόγος
941 3050 1176 3123 μάλιστα
1203 3054 1271 3122 τῇ
1307 3049 1569 3125 βασιλίδι,

487 3139 816 3215 Κληροῦχον
849 3142 964 3194 υἱὸν
997 3139 1095 3195 οὐκ
1125 3139 1329 3213 ἐχούσῃ
1355 3144 1453 3194 τοῦ
1484 3140 1731 3214 κράτους,

302 3232 454 3285 6440
492 3225 684 3297 Μόνην
718 3225 983 3302 ξυνωρίδα
1014 3225 1071 3281 δὲ
1100 3232 1205 3281 τῶν
1241 3229 1572 3301 θυγατέρων,

496 3319 665 3385 Χῆτιν
726 3318 835 3388 (72)
869 3319 1156 3379 παθουσῶν
1206 3319 1311 3369 τῶν
1364 3320 1625 3370 συνευνῶν
1685 3316 1790 3389 πρὸ
1820 3318 1962 3391 χρό-

1710 3407 1836 3476 [νων
1871 3425 1884 3438 ·

490 3494 587 3546 Ὧν
618 3492 828 3565 Εἰρήνη
865 3492 959 3564 μὶν
992 3493 1026 3559 ἡ
1062 3491 1247 3565 χρόνῳ
1280 3487 1613 3567 πρεσϐυτέρα

495 3587 750 3650 Συνῆπτο
778 3578 962 3643 καλῶς
991 3580 1128 3652 πρὸς
1153 3581 1333 3653 γάμου
1365 3580 1645 3635 κοινωνίαν

493 3671 939 3746 Κοντοστεφάνων
968 3666 1022 3721 ἐκ
1044 3668 1231 3742 γένους
1264 3666 1485 3742 Ἄνδρον
1498 3690 1615 3741 ικῳ,

304 3760 455 3814 6445
492 3758 664 3830 Μόρῳ
699 3755 929 3828 μαλακῷ
957 3755 1317 3810 καταλύσαντι
1354 3755 1468 3829 βίον
1502 3777 1512 3788 ·

486 3847 550 3903 Ἡ
584 3842 801 3917 δευτέρα
829 3842 875 3897 δ’
906 3845 1075 3900 Ἀννα
1093 3866 1152 3919 γε
1186 3845 1413 3914 συνῴκει
1443 3842 1608 3897 πάλιν

490 3934 745 4005 Ἰσαακίῳ
771 3930 1119 4005 Κομνηνιάδῃ
1149 3932 1249 4003 νέῳ

485 4024 687 4079 Μυσῶν
720 4022 982 4094 καθείρξει
1008 4022 1099 4074 τὸν
1133 4020 1249 4095 βίον
1285 4018 1589 4091 λελοιπότι,

479 4116 566 4171 Ὠς
599 4112 829 4185 ἱστορῶν
855 4107 1076 4186 ἔφρασεν
1109 4108 1301 4163 ἀνόπιν
1332 4106 1517 4182 λόγος.

303 4203 375 4257 64
415 4204 448 4256 0
486 4201 669 4256 Ταῦτα
704 4199 797 4270 μὶν
833 4197 974 4252 οὕτω
1005 4203 1085 4270 τῷ
1120 4196 1334 4271 βασιλεῖ
1365 4192 1583 4267 συνέϐη.

482 4291 671 4359 Ὅμως
704 4286 916 4361 ῥαῖσας,
948 4284 1156 4359 ἀπάρας
1191 4282 1533 4356 Βυζαντίδος,

483 4374 801 4451 Ἑφίσταταί
826 4394 886 4447 γε
916 4372 1284 4446 Θεσσαλονίκῃ
1317 4372 1501 4439 πόλει,

484 4464 739 4526 Κάκεῖθεν
775 4463 919 4536 ὁρμᾷ
951 4462 1085 4516 κατὰ
1115 4461 1327 4535 Χρύσου
1355 4466 1449 4515 τοῦ
1480 4460 1728 4536 Βλάχου,

483 4554 579 4613 Ὀς
610 4545 941 4625 παραλαϐὼν
978 4550 1392 4622 Στρούμμιτζαν
1428 4551 1518 4603 σὺν
1544 4556 1659 4611 τοῖς
1698 4550 1870 4624 πέριξ,

303 4643 453 4699 6455
492 4640 588 4695 Καί
618 4662 670 4694 τι
700 4640 988 4711 κατασχὼν
1021 4640 1094 4700 είς
1122 4640 1434 4711 τυραννείου
1466 4637 1628 4713 λόγον

488 4728 800 4805 Ὑπερφυὲς,
830 4734 1111 4800 τειχῆρες,
1144 4726 1379 4780 αἶπεινὸν
1416 4725 1535 4780 λίαν

486 4818 720 4891 Ἔρυμα,
756 4813 953 4885 δεινὸν,
986 4816 1261 4889 Πρόσακον
1295 4813 1651 4885 κεκλημένον,

483 4907 546 4957 Ὃ
576 4902 977 4977 συνδραμοῦσαι
1000 4904 1156 4979 φύσις
1188 4903 1300 4974 ἅμα
1328 4902 1417 4955 καὶ
1446 4900 1613 4976 τέχνη

488 4992 873 5067 Ἀπρόσμαχόν
898 4992 942 5045 τ’
974 4992 1190 5065 ἄμαχον
1225 4989 1538 5064 εἷργάσαντό
1567 5011 1706 5064 πως,

300 5084 452 5139 6460
487 5082 588 5137 Ἦν
616 5082 949 5152 Ῥωμαϊκοῖς
971 5081 1360 5154 γειτνιάζουσιν
1395 5079 1543 5151 ὅροις

486 5171 637 5243 Μέγα
665 5189 714 5221 τι
746 5169 908 5221 κακὸν
942 5165 1275 5240 ἀφανίζουσα
1307 5166 1473 5239 λύμῃ.

484 5257 681 5314 Τοίνυν
713 5254 930 5315 ἐπιστὰς
968 5254 1220 5327 βασιλεὺς
1250 5258 1328 5324 τῷ
1360 5255 1629 5326 Προσάκῳ

485 5346 641 5401 Μετά
670 5350 923 5417 στρατιᾶς
954 5343 1279 5415 ἀξιαγάστου
1312 5340 1449 5409 λίαν,

374 5561 487 5632 (72)
519 5560 583 5616 In
616 5559 881 5631 margine
915 5557 1110 5630 glossa
1142 5554 1416 5628 στέρησιν.

2006 406 2061 474 Α
2093 406 2369 477 quoniam
2402 408 2653 480 priorem
2686 407 2797 478 ipsi
2831 422 2990 463 mors
3018 406 3344 463 abstulerat

2088 510 2376 565 sponsum
2406 496 2615 552 Sicilia:
2647 496 2943 567 quondam
2978 495 3131 565 regis
3164 494 3371 548 ﬁlium.

2088 581 2218 638 Haec
2252 584 2469 639 femina
2499 584 2798 639 conditum
2832 600 3029 639 amaro
3061 582 3358 638 absinthio

2084 671 2504 744 Dominicaque
2532 677 2809 744 tanquam
2844 673 2931 727 ira
2953 671 3188 743 plenum

2084 758 2323 814 calicem
2357 760 2685 832 propinavit
2719 762 2915 832 patriai
2948 778 3087 816 suae.

2082 847 2343 904 Pellibus
2372 853 2429 903 et
2459 849 2765 904 arthritide
2794 849 3066 904 laborans
3096 848 3282 903 Οωεειι·

2084 937 2236 991 haud
2268 938 2504 1007 quidem
2538 937 2664 992 sine
2697 937 2895 1009 requie
2924 936 3008 992 vel
3044 936 3370 1003 intervallo,

2081 1026 2180 1081 sed
2214 1027 2579 1096 temporibus
2609 1025 2781 1081 certis
2812 1042 2877 1081 ac
2907 1026 3193 1097 periodis,

2080 1118 2316 1186 propter
2336 1114 2607 1170 vitiosum
2640 1115 2901 1186 corporis
2932 1114 3239 1169 humorem

2077 1203 2307 1259 dolores
2338 1204 2675 1275 patiebatur
2704 1201 3124 1269 intolerabiles,

2076 1293 2216 1347 dum
2243 1308 2305 1348 se
2337 1308 2439 1363 per
2469 1309 2682 1363 corpus
2714 1293 2953 1347 morbus
2986 1292 3427 1362 circumageret.

2076 1380 2259 1451 Igitur
2289 1397 2463 1436 verno
2495 1384 2635 1435 tunc
2667 1382 2923 1435 instante
2955 1384 3237 1449 tempore,

2076 1485 2209 1523 cum
2241 1473 2552 1540 angeretur
2583 1468 2775 1523 solitis
2807 1468 3131 1535 doloribus,

2079 1574 2290 1612 novum
2325 1557 2600 1612 audacter
2632 1557 2874 1611 tentavit
2905 1556 3256 1622 remedium,

2075 1646 2230 1715 quod
2262 1644 2371 1715 ipsi
2405 1661 2704 1699 summum
2735 1643 2933 1699 attulit
2962 1644 3281 1699 discrimen
3321 1659 3332 1695 :

1972 1764 2017 1830 Β
2078 1731 2327 1788 fervidae
2358 1733 2513 1788 enim
2548 1734 2865 1787 admodum
2900 1732 3033 1786 ferri
3067 1732 3319 1786 laminas

2055 1824 2307 1892 otrique
2339 1821 2493 1877 cruri
2523 1826 2580 1876 et
2612 1821 2855 1891 pedibus
2886 1820 3201 1891 imponens

2062 1911 2280 1967 inussit
2311 1925 2483 1981 grave
2515 1910 2791 1965 carnibus
2826 1909 3183 1963 cauterium.

2048 2000 2117 2056 Et
2147 2000 2368 2055 sedatis
2399 1998 2637 2070 quidem
2673 2014 2997 2069 parumper
3022 1996 3333 2051 doloribus

2052 2092 2170 2144 non
2202 2091 2330 2143 sine
2358 2086 2635 2142 conviciis
2663 2102 2868 2141 omnes
2900 2085 3275 2155 Asclepiadas

2049 2168 2247 2233 procul
2279 2194 2310 2231 a
2339 2191 2401 2231 se
2433 2176 2739 2231 facessere
2771 2174 3017 2244 jubebat
3046 2177 3235 2227 Cmsar
3270 2191 3281 2227 :

2050 2282 2249 2320 verum
2282 2264 2526 2319 oauterii
2562 2267 2699 2335 post
2728 2262 2871 2317 hinc
2902 2261 3287 2316 inﬂammatio

2049 2352 2334 2423 dolorque
2362 2353 2575 2423 pedum
2606 2355 2887 2407 Caesarem
2920 2350 3258 2416 cruciabat;

2053 2440 2425 2511 revocatique
2458 2440 2666 2495 medici
2700 2444 2839 2493 sunt
2870 2438 3161 2501 celeriter,

2047 2546 2196 2601 quos
2227 2545 2432 2584 omnes
2464 2528 2620 2583 haud
2653 2544 2839 2583 vanus
2866 2526 3077 2581 invasit
3106 2525 3302 2593 timor,

2050 2634 2122 2672 ne
2154 2617 2486 2688 prohibitus
2519 2616 2837 2687 quominus
2871 2617 2926 2669 in
2962 2616 3137 2685 pedes
3170 2614 3379 2669 ﬂueret

2055 2704 2268 2758 solitus
2298 2703 2513 2758 humor
2539 2703 2847 2773 sanguinis
2879 2706 2936 2756 et
2967 2702 3181 2767 saniei,

2053 2792 2112 2845 in
2141 2791 2400 2861 corporis
2433 2789 2742 2861 praecipuis
2775 2792 3075 2855 stagnaret
3110 2789 3404 2858 partibus,

2056 2895 2397 2950 aegrumque
2426 2878 2737 2933 subitanea
2771 2881 2955 2931 morte
2993 2878 3368 2947 opprimeret,

2054 2974 2228 3037 atque
2258 2969 2327 3021 ad
2356 2971 2662 3021 extraneas
2694 2970 2991 3036 sceptrum
3027 2965 3211 3019 abiret
3241 2982 3473 3020 manus.

2065 3058 2266 3112 Sermo
2298 3055 2388 3109 hic
2419 3056 2593 3110 fiebat
2618 3055 2770 3125 apud
2804 3054 3068 3125 reginam
3103 3053 3381 3119 maxime,

1987 3116 2029 3181 θ·
2067 3162 2193 3216 quae
2222 3143 2545 3199 masculum
2574 3116 3052 3199 hairedemuhaud
3088 3116 3412 3212 pepererat,

2063 3234 2161 3289 sed
2196 3232 2541 3287 feminarum
2573 3236 2802 3285 tantum
2837 3249 2939 3301 par
2971 3232 3249 3294 ﬁliarum,

2062 3337 2312 3391 quarum
2338 3320 2463 3390 jam
2496 3322 2619 3374 erat
2650 3322 2898 3385 utraque
2929 3335 3143 3389 sponso
3175 3318 3371 3372 vidua.

2062 3497 2223 3552 Irene
2253 3499 2394 3549 natu
2424 3497 2612 3567 major
2632 3497 2838 3567 juncta
2870 3495 3058 3549 fuerat

2060 3582 2384 3654 splendidis
2414 3600 2555 3639 sane
2588 3584 2809 3656 nuptiis
2839 3583 3190 3648 Andronico,

2060 3672 2396 3743 progeniem
2430 3688 2594 3726 suam
2628 3672 2879 3725 trahenti
2914 3673 2981 3725 de
3012 3668 3541 3741 Contostephanis;

2059 3762 2157 3815 sed
2194 3761 2240 3814 is
2267 3759 2502 3830 abrupit
2527 3759 2704 3811 vitam
2738 3760 2810 3812 ob
2842 3776 3009 3813 suam
3036 3758 3360 3813 molliliem.

2055 3849 2263 3904 Junior
2288 3863 2451 3919 irque
2479 3857 2661 3916 nupta
2693 3846 2879 3899 fuerat
2911 3850 3077 3900 Anna

2056 3938 2479 3991 Comnenorum
2512 3933 2747 3989 surculo
2784 3934 3021 3999 lsaacio,

2057 4025 2156 4095 qui
2188 4024 2340 4095 apud
2374 4024 2577 4078 Mazsos
2608 4022 2751 4077 obiit
2778 4022 2835 4074 in
2862 4021 3133 4089 vinculis,

2056 4116 2119 4165 ut
2154 4117 2350 4167 nostra
2379 4111 2621 4165 historia
2653 4112 2903 4179 desuper
2936 4109 3217 4164 narravit.

2052 4202 2237 4270 Atque
2269 4200 2348 4253 ita
2379 4199 2620 4253 Caesaris
2652 4216 2713 4254 se
2741 4214 2831 4253 res
2866 4198 3159 4252 habebant
3197 4213 3209 4249 :

2053 4288 2152 4358 qui
2183 4287 2332 4342 male
2361 4288 2567 4342 firmus
2602 4288 2793 4341 adhuc
2826 4286 3098 4357 Byzantio
3130 4284 3416 4339 excedens

2050 4376 2527 4432 Thessalonicam
2558 4376 2805 4430 contulit
2836 4392 2897 4429 se
2919 4375 2977 4428 in
3012 4374 3215 4427 urbem
3251 4389 3263 4426 :

1973 4473 2021 4535 D
2052 4468 2186 4522 inde
2218 4467 2468 4539 perrexit
2499 4471 2700 4521 contra
2730 4466 3013 4534 Chrysum
3048 4464 3325 4518 Blachum

2058 4556 2157 4628 qui
2187 4556 2565 4610 Strummitza
2596 4562 2873 4622 occupata
2904 4569 3035 4606 cum
3070 4552 3304 4619 vicinia,

2058 4651 2374 4713 tenerisque
2406 4644 2723 4712 quoddam,
2757 4640 2934 4693 veluti
2966 4640 3182 4709 regiam
3217 4655 3409 4705 suam,

2059 4733 2460 4804 peridoneum,
2496 4728 2959 4783 munitissimum
2990 4734 3045 4781 et
3075 4727 3325 4781 sublime

2057 4823 2265 4893 ingens
2294 4818 2600 4874 castellum
2633 4817 2725 4871 cui
2760 4816 3306 4882 nomenProsacon,

2061 4910 2213 4981 quod
2247 4925 2341 4963 ars
2372 4907 2634 4960 certatim
2670 4921 2799 4959 cum
2831 4908 3044 4959 natura
3073 4904 3343 4959 effecerat

2059 4996 2416 5053 bellantibus
2442 4994 2808 5048 inaccessum
2844 4992 3317 5062 inexpugnabile,

2060 5086 2334 5140 Romanae
2364 5082 2482 5138 illic
2513 5082 2792 5152 proximis
2824 5079 3065 5134 ditionis
3100 5079 3317 5133 finibus

2057 5189 2231 5243 grave
2264 5170 2609 5225 imminebat
2643 5170 2860 5223 malum
2895 5172 2949 5221 et
2980 5167 3244 5221 exitium.

2058 5260 2352 5315 Accedens
2378 5275 2510 5327 ergo
2538 5258 2825 5311 Prosacon
2857 5254 3175 5324 imperator

2061 5364 2190 5403 cum
2224 5347 2462 5403 florente
2492 5345 2742 5400 exercitu
2776 5348 2831 5398 et
2863 5342 3137 5413 permiro,

3629 278 3734 334 242
