4136 6292
452 345 560 404 $53
1668 347 2037 405 EPHBEMII
2072 340 2643 400 CHBONOGRAPHI

2126 468 2180 535 Α
2387 465 2484 518 Καὶ
2511 467 2879 539 συγκροτήσας
2911 465 3173 540 καρτερὴν
3208 465 3414 525 Μυσοῖς
3447 464 3632 538 μάχην

458 473 841 544 consertaque
871 474 1032 545 gravi
1066 489 1196 528 cum
1222 474 1421 529 Moesis
1455 488 1672 545 pugna,

460 560 514 615 vi
548 560 843 617 nitebatur
871 560 1162 617 debellare
1190 563 1497 635 Chrysum,

461 651 707 720 ejusque
737 666 931 706 arcem
964 650 1143 706 armis
1174 668 1476 724 occupare.

460 737 601 792 Post
631 738 878 793 multam
913 742 1106 794 autem
1137 740 1349 795 caedem
1380 757 1444 795 ac
1473 740 1725 794 laborem

464 826 535 880 ad
569 826 730 897 pacis
757 827 1122 883 conditiones
1158 829 1408 900 respexit
1436 828 1713 899 Chrysus,

463 930 525 969 se
556 914 766 972 Caesari
798 915 1079 971 nimirum
1112 917 1231 971 fore
1261 917 1588 987 subditum,

463 1003 513 1059 si
546 1004 794 1060 retinere
824 1004 974 1059 hanc
1004 1004 1115 1060 sibi
1146 1005 1343 1061 liceret
1375 1022 1589 1075 arcem,

467 1097 525 1147 et
556 1093 605 1147 si
640 1093 878 1148 daretur
910 1094 1069 1165 regia
1098 1095 1167 1149 de
1199 1095 1378 1165 stirpe
1411 1111 1572 1149 uxor.

466 1181 557 1235 Sic
590 1197 648 1235 re
671 1181 931 1238 confecta
969 1182 1159 1237 Caesar
1208 1182 1515 1237 discedens
1563 1183 1831 1248 Prosaco,

470 1285 774 1340 regressus
806 1274 892 1325 est
925 1271 994 1324 ad
1029 1271 1230 1325 urbem
1262 1271 1645 1325 Constantini.

468 1357 612 1413 Exin
644 1358 906 1413 Romano
938 1358 1184 1429 imperio
1218 1358 1392 1412 ﬁdem
1426 1358 1597 1429 fregit

470 1446 711 1517 perfuga
745 1446 996 1502 Ibancus
1028 1447 1084 1500 in
1117 1446 1369 1517 Philippi
1404 1448 1566 1515 urbe,

466 1533 955 1604 detrimentisque
988 1534 1177 1590 atl'ecit
1218 1540 1448 1590 nostros
1480 1535 1752 1606 plurimis
1789 1552 1801 1588 :

469 1646 607 1686 nam
637 1635 693 1687 et
722 1631 842 1686 acie
869 1649 1018 1703 saepe
1051 1633 1321 1688 discessit
1344 1632 1543 1697 victor,

472 1721 803 1791 Cammytze
832 1736 1067 1791 quoque
1098 1725 1264 1791 capto
1294 1725 1733 1791 protostratore,

475 1812 534 1863 et
566 1807 885 1865 incursavit
918 1814 1126 1862 nostra:
1159 1808 1396 1863 ditionis
1427 1808 1600 1863 urbes

478 1912 603 1966 quae
636 1899 777 1953 sunt
806 1894 1048 1951 Bolcron
1078 1912 1281 1951 versus
1316 1912 1499 1966 usque
1532 1896 1872 1967 Xanthiam,

483 1983 681 2039 omnia
708 1983 821 2038 late
851 1983 1154 2055 diripiens,
1187 2001 1385 2055 agens,
1419 1986 1608 2040 ferens
1645 2004 1656 2038 :

483 2073 571 2128 vir
601 2073 728 2127 sine
759 2072 935 2127 dubio
963 2072 1241 2145 prmditus
1273 2074 1456 2128 ferino
1488 2074 1681 2143 corde,

485 2161 673 2216 rabidi
705 2160 869 2216 canis
901 2161 1088 2215 instar
1114 2161 1407 2216 Romanos
1437 2162 1752 2231 allatrans;

486 2248 585 2319 qui
620 2265 685 2304 eo
718 2250 964 2304 vesaniae
999 2250 1331 2320 furorisque
1362 2250 1562 2317 evasit,

486 2342 549 2393 ut
582 2337 797 2393 milites
826 2337 1118 2392 Romanos
1145 2337 1200 2390 in
1235 2337 1431 2409 prmlio
1462 2343 1663 2409 captos

488 2425 787 2483 frustatim
819 2441 946 2481 esse
977 2426 1224 2481 caederet
1249 2426 1307 2481 in
1342 2425 1622 2482 convivio.

483 2518 670 2580 Quare
702 2515 1018 2585 imperator
1049 2514 1252 2571 abiens
1284 2515 1556 2585 Byzantio

484 2607 672 2665 semet
701 2602 921 2658 Orestis
954 2602 1204 2657 contulit
1234 2605 1303 2657 ad
1338 2604 1542 2659 urbem
1577 2620 1589 2658 :

485 2715 739 2771 cumque
771 2698 1044 2754 rebellem
1078 2704 1338 2755 cerneret
1370 2701 1574 2755 fortem
1607 2701 1949 2770 admodum,

486 2789 781 2845 Romanos
813 2791 1005 2842 autem
1039 2792 1223 2842 semet
1251 2789 1596 2845 comitantes

488 2876 685 2949 praelio
716 2876 1029 2931 abhorrere
1062 2882 1238 2948 atque
1270 2883 1429 2932 metu
1462 2878 1781 2948 exanimes,

489 2966 659 3037 inops
690 2964 917 3021 consilii
946 2965 1102 3027 curis
1134 2966 1438 3021 aestuabat.

488 3055 672 3126 Igitur
702 3054 1064 3109 conditiones
1096 3053 1293 3109 rebelli
1325 3055 1559 3122 obtulit,

489 3159 787 3202 armorum
824 3158 1147 3213 pugnaeque
1180 3142 1411 3196 interim
1447 3160 1557 3196 non
1592 3142 1928 3210 immemor;

491 3231 927 3300 exercitumque
958 3245 1189 3284 omnem
1221 3245 1417 3284 secum
1453 3230 1693 3286 trahens

488 3319 734 3376 contulit
763 3335 821 3374 se
851 3319 908 3372 in
942 3317 1298 3389 provinciam
1334 3318 1822 3391 Philippopoleos.

488 3418 687 3488 ibique
720 3421 977 3472 castrum
1008 3415 1155 3486 cepit
1192 3417 1242 3471 vi
1277 3416 1740 3484 Stenimachum,

490 3507 590 3562 ubi
618 3506 1007 3560 Barbarorum
1042 3510 1164 3559 erat
1192 3502 1401 3573 ingens
1435 3520 1739 3565 numerus.

490 3610 637 3665 quos
671 3592 872 3647 urbem
908 3592 1222 3663 populatus
1252 3592 1580 3660 captivavit.

489 3680 709 3737 Deinde
739 3686 908 3751 capto
941 3679 1107 3734 falsis
1141 3679 1635 3749 promissionibus

490 3767 710 3826 crudeli
742 3771 979 3836 Ibanco,
1016 3768 1271 3839 pessimo
1304 3768 1651 3836 adversario,

488 3858 670 3914 victor
696 3874 965 3913 reversus
997 3862 1085 3911 est
1112 3856 1704 3928 ConstantinOpolim.

460 3949 786 4018 .Regnante
814 3945 1012 4000 Alexio
1042 3946 1111 3999 de
1141 3946 1451 4000 Comnenis
1487 3946 1739 4016 Angelis,

486 4036 711 4091 Joanne
744 4038 940 4089 autem
973 4034 1276 4088 Camatero
1310 4033 1580 4089 Ecclesia

488 4139 717 4187 sacrum
754 4126 988 4176 tenente
1020 4120 1230 4176 solium
1264 4121 1613 4190 Byzantina,

488 4227 701 4266 novum
729 4209 969 4265 emersit
995 4209 1381 4279 spuriumque
1411 4208 1645 4278 dogma,

486 4301 656 4370 cujus
691 4302 970 4369 magister
1000 4302 1126 4351 erat
1157 4302 1213 4351 et
1243 4300 1468 4350 creator

488 4387 813 4443 monachus
844 4386 1083 4457 quidam
1113 4384 1308 4439 dictus
1340 4383 1631 4447 Sicidites,

485 4476 691 4530 inﬁma
719 4490 852 4529 vere
884 4472 1179 4527 blaterans
1212 4478 1268 4527 et
1295 4471 1717 4540 ventriloquus.

487 4574 632 4631 Nam
665 4570 1061 4627 controversia
1092 4574 1290 4624 exorta
1318 4574 1513 4624 utrum
1548 4569 1739 4624 dicere

488 4663 606 4717 imo
638 4670 691 4716 et
721 4661 936 4715 diserte
962 4658 1193 4713 credere
1226 4674 1331 4712 nos
1363 4662 1648 4728 oporteat,

486 4764 696 4819 corpus
726 4747 1094 4802 Dominicum
1130 4748 1186 4799 in
1220 4745 1512 4817 mysteriis
1543 4750 1848 4816 sumptum

485 4836 953 4906 ineorruptivum
986 4850 1135 4898 esse,
1170 4840 1232 4888 ut
1264 4839 1395 4905 post
1426 4834 1758 4903 passionem

481 4923 1006 4990 admirandamque
1037 4916 1391 4987 anastasim;
1423 4938 1493 4974 an
1530 4922 1925 4993 corruptivum

480 5012 651 5084 quale
682 5015 815 5066 ante
845 5014 1088 5064 mortem
1120 5008 1307 5062 fuerat
1337 5025 1403 5061 ac
1435 5008 1798 5077 passionem;

480 5101 661 5155 altera
690 5114 821 5167 pars
852 5098 1046 5150 aiebat
1078 5095 1566 5165 incorruptivum,

478 5191 623 5245 freta
649 5184 931 5239 doctrinis
964 5190 1139 5253 atque
1176 5184 1527 5237 testimoniis

476 5277 585 5333 cati
620 5274 813 5346 Cyrilli
846 5278 902 5326 et
938 5272 1120 5325 l’utris
1152 5271 1577 5339 Chrysostouii,

476 5364 863 5432 Eutychiique
898 5360 1199 5431 Byzantini
1234 5360 1524 5430 praesulis,

480 5460 536 5510 et
567 5452 963 5522 Nyssenorum
1003 5447 1322 5518 phosphuri
1354 5447 1634 5513 Gregorii,

479 5539 579 5613 qui
612 5538 826 5609 scripto
862 5554 966 5591 suo
1000 5536 1249 5590 suadent
1284 5536 1640 5605 magisterio,

477 5628 638 5687 istud
667 5644 702 5682 a
734 5624 901 5681 nobis
931 5628 1235 5699 sumptum
1269 5625 1326 5681 in
1372 5623 1665 5697 mysteriis

2207 553 2348 609 6465
2388 550 2638 623 Σπουδήν
2673 553 2832 608 ἐτίθει
2863 558 2958 607 τοῦ
2990 552 3207 627 Χρύσου
3236 552 3582 626 κατισχύσαι,

2384 642 2560 696 Ἐλεῖν
2592 662 2649 696 τε
2678 642 2764 695 καὶ
2798 640 3057 717 φρούριον
3090 641 3254 695 αὐτοῦ
3281 645 3397 703 τοῖς
3430 639 3647 701 ὅπλοις.

2386 730 2531 785 Μετᾶ
2560 730 2721 807 φόνον
2756 735 2885 805 γοῦν
2917 731 3007 785 καὶ
3035 730 3274 803 κάματον
3312 728 3501 804 μυρίον

2387 818 2481 880 Εἷς
2510 814 2801 891 συμϐάαεις
2839 816 3135 893 βλέψαντος
3164 818 3307 890 αύτῷ
3334 822 3430 871 τοῦ
3459 817 3673 893 Χρύσου

2388 919 2501 973 Τοῦ
2530 916 2867 979 καθυπείκειν
2904 915 3119 990 βασιλεῖ
3148 913 3236 969 διὰ
3269 914 3413 989 βίου,

2210 1007 2352 1062 6470
2389 1008 2604 1079 Ἔρυμα
2631 1004 2880 1079 κατέχειν
2920 1002 3137 1080 βασιλεῖ
3168 1002 3257 1058 διὰ
3290 1002 3429 1077 βίου,

2389 1094 2495 1149 Καὶ
2526 1093 2754 1167 σύζυγον
2782 1098 2932 1168 σχεῖν
2963 1092 3021 1146 ὲκ
3055 1090 3332 1166 βασιλείου
3364 1092 3573 1166 γένους.

2389 1184 2550 1253 ’Ἅναξ
2584 1184 2849 1253 μεταστὰς
2878 1186 2984 1235 τῶν
3013 1185 3188 1255 μερῶν
3216 1184 3312 1235 τοῦ
3342 1178 3645 1255 Προσάκου.

2393 1269 2624 1326 Εἷ¹σεισιν
2659 1269 2808 1333 αὖθις
2837 1272 2936 1339 τήν
2968 1268 3131 1324 πόλιν
3164 1268 3593 1325 Κωνσταντίνου.

2392 1358 2701 1435 ’Λφίσταται
2734 1356 2790 1413 δὶ
2816 1362 2912 1413 τοῦ
2942 1357 3167 1433 κράτους
3195 1354 3499 1430 Ῥωμαΐδος

2214 1450 2356 1505 6475
2394 1448 2642 1521 Πρὸσφυξ
2671 1442 2918 1521 Ἰϐαγκὸς
2942 1446 3014 1501 ὣν
3043 1446 3094 1501 ἐν
3130 1444 3411 1501 Φιλίππου
3441 1444 3625 1513 πόλει,

2392 1536 2489 1590 Καὶ
2522 1534 2750 1591 πλεῖστα
2782 1532 2967 1589 δεινῶν
3002 1531 3243 1596 Αύσονας
3274 1533 3634 1610 κατειργάκει,

2394 1625 2490 1680 Καὶ
2519 1625 2767 1697 στρατιάν
2799 1623 3028 1693 ἥττησεν
3061 1624 3237 1677 αὐτῶν
3271 1620 3564 1689 πολλάκις,

2392 1711 2561 1767 Ἑλὼν
2595 1713 3067 1786 πρωτοστράτωρα
3098 1711 3438 1783 Καμμύτζην
3472 1710 3622 1785 μάχῃ
3653 1729 3665 1741 ’

2142 1827 2187 1893 Β
2397 1798 2744 1872 Ἐπιδραμὼν
2776 1799 2833 1855 δὲ
2861 1801 2947 1854 καὶ
2982 1799 3173 1863 πόλεις
3200 1796 3502 1871 Ῥωμαίδος

2221 1899 2361 1954 6480
2396 1898 2498 1959 Τάς
2530 1898 2665 1971 πρὸς
2694 1895 2923 1970 Βολερὸν
2962 1890 3157 1972 μέχρις
3178 1896 3344 1965 αὐτῆς
3375 1895 3660 1968 Ξανθείας³

2402 1986 2502 2042 Καὶ
2534 1987 2702 2039 πάντα
2737 1990 2941 2057 μυσῶν,
3036 2006 3183 2062 φασι,
3217 1984 3364 2040 λείαν
3400 1982 3594 2059 δράσας
3627 2005 3640 2016 ·

2401 2074 2567 2149 Ἀνὴρ
2598 2074 2839 2148 ἀτεχνῶς
2873 2075 3190 2149 αἰμοχαρής
3222 2071 3438 2148 καρδία,

2405 2163 2559 2219 Κύων
2597 2163 2818 2234 μανικὸς
2847 2161 3202 2217 καθυλακτῶν
3249 2160 3499 2218 Αὐσόνων
3535 2181 3547 2193 ·

2403 2253 2498 2313 Ὃς
2532 2249 2585 2313 ἐς
2614 2255 2841 2305 τοσοῦτο
2873 2250 3063 2323 μανίας
3092 2249 3379 2319 ἐληλάκει,

2228 2343 2369 2397 6485
2408 2341 2493 2401 Ὠς
2528 2340 2884 2413 συοχεθὲντας
2917 2338 3166 2395 Αὐσόνων
3198 2339 3336 2392 κατὰ
3364 2337 3571 2413 μάχην,

2408 2426 2639 2498 Τέμνειν
2684 2422 2923 2496 μεληδὸν
2958 2424 3008 2477 ἐν
3042 2424 3194 2496 πότῳ
3222 2422 3489 2501 ξιφειδίῳ.

2404 2516 2562 2577 Ὅθεν
2598 2512 2851 2588 βασιλεὺς
2884 2514 3094 2585 ἀπάρας
3124 2511 3448 2582 Βυζαντίδος

2406 2597 2725 2675 Ὀρεστιάδα
2754 2595 3161 2672 καταλαμϐάνει
3193 2600 3358 2655 πόλιν
3398 2620 3410 2632 ·

2410 2691 2584 2765 Ὀρῶν
2615 2690 2925 2758 ἀποστάτην
2956 2685 3012 2743 δὲ
3043 2685 3333 2763 δύσμαχον
3369 2687 3529 2756 πάνυ,

2233 2782 2375 2836 6490
2414 2779 2515 2835 Καὶ
2547 2778 2701 2832 συνὸν
2735 2777 2884 2848 αὐτῷ
2916 2776 3219 2849 Ῥωμαϊκόν
3250 2798 3303 2830 τι
3336 2777 3522 2853 στίφος

2412 2867 2551 2942 Πρὸς
2578 2864 2903 2938 συμπλοκὴν
2934 2865 3157 2939 φρίσσον
3190 2887 3247 2920 τε
3270 2867 3357 2920 καὶ
3396 2869 3619 2935 θνῆσκον
3656 2862 3796 2934 δὲει,

2414 2957 2761 3030 Ἐξηπορεῖτο
2796 2954 3041 3031 φροντίσι
3074 2954 3451 3030 προσανέχων,

2412 3045 2568 3111 Πλήν
2598 3042 2962 3119 προύκαλεῖτο
2997 3046 3132 3118 πρὸς
3166 3044 3352 3120 φιλίαν
3386 3045 3664 3115 ἰνστάτην,

2414 3130 2570 3203 Μηδὲ
2601 3138 2848 3206 στρατιᾶς
2883 3132 3103 3206 ἀμελῶν
3134 3134 3223 3187 καὶ
3252 3140 3352 3203 τῆς
3390 3136 3574 3209 μάχης
3609 3154 3621 3165 ·

2236 3235 2379 3289 6495
2416 3234 2513 3286 Καὶ
2544 3227 2876 3297 παραλαϐὼν
2902 3232 2995 3292 τὰς
3027 3228 3285 3304 δυνάμεις
3316 3234 3408 3293 τάς
3433 3231 3564 3293 ὅλας

2414 3322 2510 3375 Καὶ
2543 3323 2637 3387 τῆς
2666 3318 2948 3375 Φιλίππου
2969 3321 3067 3388 τὴν
3097 3318 3363 3395 ἐπαρχίαν
3398 3322 3623 3397 φθάσας,

2416 3409 2755 3483 Στενίμαχον
2790 3408 3047 3484 φρούριον
3076 3406 3218 3463 εἷλεν
3255 3408 3315 3463 ἐκ
3347 3411 3554 3483 μάχης,

2413 3500 2575 3560 Ἔνθα
2606 3499 2833 3565 συνῆκτο
2870 3491 3154 3572 βαρϐάρων
3183 3496 3441 3552 πλεῖστον
3478 3496 3682 3574 στίφος,

2413 3583 2515 3647 Οὓς
2546 3582 3017 3653 κατεδουλώσατο,
3052 3586 3333 3657 πορθήσας
3360 3584 3521 3640 πόλιν
3554 3602 3568 3616 ·

2236 3677 2377 3731 6500
2414 3676 2641 3730 Ἔπειτα
2664 3674 2881 3747 συσχὼν
2913 3674 3113 3744 ἀπάτῃ,
3144 3670 3489 3749 ψευδορκίοις

2413 3757 2657 3836 Ἰϐαγκὸν
2690 3761 2864 3833 ὠμὸν,
2898 3758 3205 3836 δύσμαχον,
3238 3760 3597 3836 κακεργάτην,

2416 3849 2616 3907 Εῗσεισι
2647 3848 2966 3912 καλλίνικος
2989 3851 3089 3918 τὴν
3122 3850 3542 3907 Κωνσταντίνου.

2413 3939 2626 3996 Τούτου
2652 3942 2977 4011 κρατοῦντος
3008 3938 3646 4013 Κομνηναγγελωνύμου,

2416 4026 2663 4081 Ἰωάννου
2692 4024 2747 4080 δὲ
2780 4029 3106 4099 Καματηροῦ
3136 4026 3226 4079 τὸν
3260 4025 3449 4101 θρόνον

2235 4120 2380 4173 6505
2416 4112 2776 4184 Βυζαντιάδος
2808 4113 3006 4168 ἰθύνειν
3040 4113 3358 4188 εἰληχότος,

2414 4205 2583 4277 Δόγμ’
2616 4203 2815 4280 ἀνεφύη
2850 4203 3168 4279 καινοφανὶς
3195 4202 3285 4257 καὶ
3317 4205 3493 4275 νόθον,

2411 4290 2713 4365 Γεννήτορά
2733 4311 2789 4344 τε
2818 4289 2905 4344 καὶ
2939 4288 3262 4345 διδάσκαλον
3295 4290 3453 4367 φὲρον

2411 4381 2546 4438 Τινὰ
2578 4380 2827 4453 μοναχὸν
2863 4377 3142 4450 Σικιδίτην
3176 4378 3505 4452 τούπίκλην,

2411 4468 2674 4525 Λαλοῦντ²
2708 4465 2930 4537 ἀληθῶς
2960 4467 3067 4522 ἀπὸ
3092 4474 3192 4543 γῆς
3224 4468 3313 4523 καὶ
3345 4468 3581 4529 κοιλίας.

2231 4568 2373 4625 6510
2412 4567 2695 4635 Ζητήσεως
2726 4560 2892 4633 οὔσης
2920 4563 3021 4638 γάρ
3054 4563 3098 4617 εἶ
3130 4565 3241 4638 χρή
3272 4564 3359 4619 καὶ
3395 4564 3565 4637 λέγειν

2411 4659 2567 4708 Νοεῖν
2598 4673 2656 4707 τε
2686 4656 2872 4725 σαφῶς
2905 4656 3065 4724 σῶμα
3096 4650 3331 4726 Χριστοῦ
3364 4652 3657 4723 Δεσπότου,

2407 4745 2468 4793 *Ο
2500 4737 2710 4809 ληπτόν
2742 4736 2881 4792 ἐστιν
2912 4740 3046 4809 ἡμῖν
3080 4736 3130 4792 ἐν
3168 4739 3487 4814 μυστηρίοις

2408 4831 2714 4906 Ἀφθαρτον
2750 4826 2908 4898 εἶναὶ,
2943 4826 3179 4901 καθάπερ
3215 4831 3348 4901 μετὰ
3376 4830 3549 4891 πάθος

2406 4918 2510 4973 Καὶ
2544 4916 2685 4980 θείαν
2720 4916 3030 4985 ἀνάστασιν,
3059 4917 3093 4985 ἢ
3128 4917 3360 4990 φθαρτὸν
3395 4916 3565 4991 λέγειν

2229 5010 2374 5064 6515
2410 5008 2629 5064 Ὁποῖον
2664 5006 2729 5072 ἦν
2762 5005 2866 5080 πρὸ
2900 5006 3125 5067 θανάτου
3159 5004 3247 5058 καὶ
3276 5008 3376 5059 τοῦ
3402 5006 3604 5068 πάθους

2407 5098 2710 5171 Ἀφθαρτον
2742 5096 2794 5147 οἱ
2830 5095 2921 5167 μὲν
2954 5092 3299 5149 ἀπεδείκνυον
3328 5092 3471 5165 τόδε,

2407 5181 2822 5241 Διδασκαλικαῖς
2857 5183 3139 5255 χρώμενοι
3174 5182 3490 5257 μαρτυρίαις

2408 5275 2585 5347 Σοφοῦ
2618 5269 2891 5345 Κυρίλλου
2921 5272 3007 5323 καὶ
3046 5272 3245 5345 πατρὸς
3278 5271 3686 5345 Χρυσοστόμου,

2154 4522 2200 4587 D

2406 5359 2677 5432 Εύτυχίου
2706 5379 2763 5412 τε
2792 5359 3053 5429 ποιμένος
3089 5356 3427 5431 Βυζαντίδος,

2223 5453 2365 5509 6520
2403 5449 2508 5503 Καὶ
2547 5446 2852 5521 Γρηγορίου
2884 5446 3176 5521 φωσφόρου
3204 5446 3488 5502 Νυσσαέων
3529 5468 3539 5479 ·

2402 5535 2572 5609 Οἷ’περ
2604 5536 2986 5607 παριστάνουσι
3020 5530 3393 5595 διδασκαλίαις

2401 5626 2609 5681 Ἐκεῖνο
2640 5627 2797 5696 σῶμα
2828 5621 3101 5677 Δεσπότου
3134 5620 3443 5701 πεφυκέναι.

3733 337 3844 395 244
