4136 6292
310 249 417 304 245

475 375 551 430 Τὸ
574 378 666 428 νῦν
696 373 834 447 πρὸς
865 373 1096 430 δστίασιν
1128 380 1266 451 ἡμῖν
1295 379 1592 455 τυγχάνον·

476 464 544 519 ’Ό
574 468 820 538 κρεῖττον
852 463 1010 540 ὀφθὶν
1041 467 1270 528 θανάτου
1306 468 1438 540 μετά
1461 468 1631 533 πάθος

299 552 444 607 6525
479 554 635 621 Ζωῆς
666 554 927 627 κατῆρξεν
959 553 1178 629 ἀφθίτου
1212 557 1421 631 βροτῶν
1464 559 1645 631 χάριν·

481 640 556 696 Οὗ
576 639 671 694 κᾶν
710 640 878 715 μὲροσ
901 661 982 702 τις
1007 642 1253 717 τυγχάνῃ
1288 642 1625 718 δεδεγμένος,

479 730 659 784 ’Δπαν
696 723 880 783 λαϐὼν
914 727 1093 784 ἄπεισι
1126 737 1285 804 σῶμα
1314 733 1538 806 Κυρίου,

483 815 582 870 Καὶ
612 818 1006 890 προσθεουργεῖ
1036 818 1164 880 τοὺς
1200 822 1563 894 μετασχόντας
1594 820 1772 894 ξένως.

484 904 551 960 Οἱ
584 900 630 957 δ’
660 902 720 958 ἐκ
750 902 967 977 μερίδος
995 912 1095 973 τῆς
1127 904 1367 969 ἐναντίας
1397 908 1561 963 πάλιν

309 1004 454 1059 6530
489 1004 763 1078 ’Έφασκον
790 1001 915 1057 αὐτὸ
952 1002 1096 1075 μηδὲ
1122 1004 1293 1060 τύπον
1324 1010 1579 1082 παρέχειν

488 1097 704 1160 Σεπτῆς
739 1092 1003 1165 μακαρίας
1030 1113 1089 1146 τε
1108 1092 1465 1162 παλινζωΐας·

487 1178 838 1250 Τελούμενον
866 1176 923 1233 δὲ
953 1182 1136 1242 θυσίαν
1171 1181 1343 1254 μόνην
1374 1183 1570 1258 φέρειν.

478 1267 769 1329 Κάντεῦθεν
804 1269 982 1337 άνουν,
1016 1270 1272 1342 φθαρτὸν,
1304 1269 1514 1345 ἄψυχον
1555 1273 1763 1342 πέλειν,

473 1355 576 1410 Καὶ
610 1352 701 1407 τὸν
736 1356 1076 1428 μετασχόντα
1111 1353 1169 1409 δὲ
1208 1353 1505 1430 λαμϐάνειν
1538 1363 1723 1433 μέρος,

294 1441 438 1497 6535
475 1442 603 1515 Οὐχ
634 1440 769 1495 ἅπαν
800 1443 863 1495 τὸ
894 1446 1056 1515 σῶμα
1081 1447 1180 1498 τοῦ
1206 1446 1440 1519 Χριστοῦ
1472 1449 1763 1505 Δεσπότου⁶

464 1529 530 1586 Εἰ
561 1530 688 1604 γὰρ,
722 1530 898 1605 φασὶν,
932 1528 1201 1607 ἄφθαρτον
1246 1534 1385 1602 ὗπὴν
1419 1536 1675 1608 καθόλου,

464 1622 562 1673 Ἠν
594 1616 653 1673 ἂν
681 1618 899 1692 ἆναφὶς,
930 1618 1156 1682 ἆθέατον
1186 1627 1302 1683 τοῖς
1333 1622 1514 1686 ὅλοις.

471 1708 711 1762 Τοιαῦτα
740 1706 1071 1780 συνείροντες
1100 1706 1214 1763 οἵδε
1245 1707 1580 1787 δυστρόπως,

467 1792 899 1869 Ἀπλουστέρους
930 1790 1137 1850 ἔπειθον
1170 1798 1403 1854 ὑπείκειν
1437 1802 1605 1878 σφίσι.

279 1892 428 1948 6540
466 1895 542 1964 Τῇ
571 1891 837 1965 κρείττονι
868 1889 994 1967 δόξῃ
1029 1891 1084 1947 δὲ
1112 1898 1426 1967 προστεθεὶς
1456 1897 1582 1969 ἅναξ

460 1978 560 2036 Εἴα
592 1979 859 2056 φθινύθειν
881 1980 1173 2049 τηνάλλως
1202 1983 1329 2045 τοὺς
1360 1986 1604 2061 θατέρας.

461 2069 663 2124 Μυσῶν
694 2068 852 2142 γένος
882 2070 1135 2124 κάκιστον
1166 2070 1243 2133 εἷς
1274 2075 1596 2148 συμμαχίαν

458 2155 655 2233 Στίφος
688 2158 951 2229 Κομάνων
985 2155 1294 2231 προσλαϐὸν
1324 2162 1656 2236 παριστρίων

452 2246 644 2319 Χώρας
672 2244 829 2318 ἐπῄει
860 2247 1171 2319 Ῥωμαϊκὰς
1206 2246 1452 2324 ἐκτρίϐον

275 2335 421 2391 6545
458 2333 554 2388 Καὶ
588 2334 737 2388 λείαν
769 2334 1051 2405 ἀμύθητον
1087 2337 1475 2411 αῗχμαλωσίαν

452 2423 553 2479 Καῖ
582 2421 755 2477 σκῦλα
785 2421 1016 2477 πλεῖστα
1035 2420 1297 2496 κερδάναν
1335 2427 1677 2507 ὑποστρέφει.

449 2509 550 2565 Καὶ
579 2513 725 2565 τοῦτ’
756 2508 813 2564 ἃν
840 2512 983 2586 εἶχεν
1017 2512 1182 2567 είσαεὶ
1214 2511 1339 2588 δρᾷν
1375 2515 1425 2586 ἐξ
1456 2514 1635 2589 ἔθους,

452 2597 518 2655 Ei
550 2599 627 2670 μὴ
659 2598 719 2653 τὸ
748 2601 1134 2673 Χριστώνυμον
1167 2598 1378 2665 εὐσεϐὲς
1408 2605 1578 2681 φῦλον

455 2691 569 2741 Τῶν
601 2686 737 2749 Ῥὼς
766 2688 981 2762 ἀπεῖρξέ
1012 2710 1144 2767 σφας
1173 2695 1343 2756 κακῆς
1373 2696 1698 2769 προθυμίας·

273 2777 419 2832 6550
454 2777 515 2833 Ὀ
545 2777 647 2851 γὰρ
683 2775 952 2847 Γαλίτζης
984 2779 1204 2854 ἡγεμὼν
1237 2784 1545 2855 παραινέσει

448 2865 567 2919 Τοῦ
598 2863 986 2939 ποιμσνάρχου
1016 2867 1280 2937 Ῥωσικῆς
1310 2869 1638 2941 Ἐκκλησίας

447 2951 653 3030 Στίφος
685 2960 933 3029 στρατιᾶς
958 2954 1169 3023 ἡλικὼς
1203 2958 1276 3020 ὡς
1307 2961 1505 3034 μυρίον

454 3037 698 3109 Ἐπῆλθε
727 3045 795 3114 τῇ
825 3050 893 3115 γῆ
924 3046 1031 3097 τῶν
1066 3043 1329 3116 Κομάνων
1356 3046 1576 3121 ἀθρόον,

446 3129 544 3183 Καὶ
577 3131 771 3204 χώραν
808 3132 1067 3206 ἠφάνισεν
1102 3134 1277 3187 αὐτῶν
1310 3134 1574 3209 ἐσχάτως·

262 3229 411 3285 6555
450 3227 549 3281 Καὶ
580 3232 741 3282 τοῦτο
773 3226 970 3303 δράσας
1000 3228 1316 3293 πλειστάκις
1346 3233 1692 3311 φιλοφρόνως

449 3315 546 3377 Εἷς
579 3311 816 3370 εὐσεϐῶν
850 3318 1117 3391 καύχημα
1145 3323 1250 3373 τῶν
1274 3322 1703 3396 Χριστωνύμων,

453 3408 600 3480 Σφᾶς
631 3406 945 3479 συμμάχεῖν
978 3404 1173 3461 ἔπαυσε
1202 3414 1406 3472 Μυσοῖς
1436 3408 1752 3488 βαρϐάροις.

451 3493 547 3546 Καὶ
580 3513 662 3554 τις
700 3498 927 3565 Κομνῶν
958 3493 1170 3572 ἐκφυεὶς
1203 3498 1457 3569 Ἰωάννης

454 3582 619 3657 Ἀνὴρ
652 3580 902 3653 πιθώδης
942 3587 1259 3657 σωματικὴν
1289 3590 1388 3656 τὴν
1420 3589 1617 3645 πλάσιν

273 3670 423 3727 6560
460 3669 790 3744 Προκοίλιός
817 3692 875 3726 τε
903 3672 993 3726 καὶ
1025 3671 1332 3748 λιπόκρεως
1364 3678 1485 3731 Λίαν

460 3758 647 3832 Παχὺς
679 3758 909 3831 ἐπίκλην
942 3760 1001 3815 ἐκ
1030 3763 1149 3825 θέας
1178 3764 1504 3839 φερωνύμου

460 3845 715 3922 ’Λντάρας
751 3846 900 3903 ὧπτο
928 3849 1143 3923 βασιλεῖ
1168 3851 1306 3905 κατὰ
1333 3851 1513 3907 πόλιν·

455 3935 602 3988 Νεὼν
636 3936 738 4010 γὰρ
769 3934 945 3999 εἰσδὺς
974 3939 1065 3992 τὸν
1099 3943 1232 3993 θεοῦ
1262 3940 1402 3993 θεῖον
1431 3942 1591 4017 μέγαν

457 4023 554 4076 Καὶ
583 4027 693 4078 τῶν
720 4023 844 4097 περὶ
870 4026 1136 4100 τράπεζαν
1168 4026 1508 4099 ᾐωρημένων

269 4113 415 4167 6565
456 4112 730 4186 Στέφανον
765 4112 935 4176 ἐνθείς
964 4118 1032 4183 τῇ
1062 4116 1217 4189 κρατὶ
1248 4119 1598 4189 παρανόμως,

449 4201 781 4274 Στεφανίτης
811 4197 967 4273 ἔξεισι
996 4207 1091 4256 τοῦ
1131 4204 1272 4257 θείου
1316 4202 1513 4277 δόμου’

448 4289 550 4343 Καὶ
583 4287 676 4343 σὺν
711 4292 943 4367 φρατρίᾳ
975 4292 1063 4345 καὶ
1097 4295 1427 4368 συνιστόρων
1459 4297 1637 4371 στίφει

446 4377 652 4433 Ὄντων
681 4376 966 4451 ἐπισήμων
998 4400 1054 4433 τε
1086 4380 1353 4453 λαμπρῶν
1390 4384 1450 4437 ἐκ
1479 4384 1691 4458 γένους,

451 4463 686 4520 Εῗσεισιν
718 4465 872 4528 εὐθὺς
906 4466 985 4529 εἷς
1014 4468 1279 4524 παλάτιον
1312 4470 1469 4546 μέγα,

259 4553 406 4607 6570
443 4558 568 4615 Τοῖς
596 4553 905 4628 βασιλικοῖς
935 4554 1303 4630 ἀναδούμενος
1332 4560 1568 4631 κρότοιςο

448 4640 552 4695 Καὶ
589 4642 867 4715 βασιλείου
898 4645 1119 4706 καθίσας
1153 4645 1237 4699 ἐπὶ
1272 4646 1465 4718 θρόνου

446 4728 604 4791 Τινὲς
636 4727 949 4804 ἐδωρήσατο
983 4732 1263 4807 λαμπραῖς
1293 4735 1480 4806 ἀξίαις.

446 4817 508 4874 Ὀ
541 4820 825 4895 συρφάκων
861 4816 1036 4893 ὄχλος
1067 4819 1240 4876 δὲκαὶ
1270 4827 1377 4877 τῶν
1410 4822 1718 4895 ξυγκλύδων

449 4905 578 4961 Ἀνὰ
616 4907 924 4972 στενωποὺς
956 4906 1237 4985 ἀμφόδους
1268 4909 1595 4978 Βυζαντίδος

258 5004 408 5060 6575
446 5003 588 5074 Πρὸς
618 5001 663 5057 δ’
695 5003 759 5059 αὖ
790 5006 983 5080 ἀγυιὰς
1011 5006 1382 5082 ἐκτρέχοντες,
1410 5006 1635 5081 λιμένας

446 5093 811 5167 ’Λνηγόρευον
847 5094 1093 5150 Αὐσόνων
1132 5096 1358 5169 βασιλέα

444 5177 748 5253 Ἐλευθὲρῳ
780 5183 1012 5254 σσόματι
1045 5181 1189 5238 τόνδ’
1223 5185 1502 5255 Ἰωάννην,

443 5266 690 5330 Τιθέντες
724 5270 797 5330 εἷς
834 5272 1090 5345 ἅρπαγμα
1122 5270 1377 5346 λαμπρὰς
1412 5273 1609 5337 οἰκίας.

448 5357 655 5419 Νυκτὸς
685 5355 742 5411 δὲ
773 5355 973 5432 χανδὸν
1005 5358 1336 5435 ἐμφορηθεὶς
1366 5362 1598 5433 ἀκράτου

270 5448 413 5501 6580
458 5444 646 5519 Παχὺς
678 5446 873 5520 φρένας
908 5446 1101 5516 κλῆσίν
1128 5468 1184 5501 τε
1212 5449 1470 5523 τύραννος
1502 5449 1641 5521 νέος,

454 5533 629 5598 ’Λνείς
655 5555 713 5589 τε
745 5533 921 5598 πύλας
954 5534 1167 5598 ἀνὲτους
1198 5536 1505 5614 ἀνακτόρων

1825 257 2185 312 CBSARRS.

1978 385 2034 451 Α
2063 381 2295 437 Domini
2322 398 2534 455 corpus
2562 400 2803 455 prorsus
2833 399 2962 440 esse
2992 383 3309 455 ejusmodi,

2057 468 2229 540 quale
2260 470 2480 526 devicta
2512 478 2695 527 morte
2727 476 2859 542 post
2888 472 3219 543 passionem

2056 561 2332 613 aeternam
2364 561 2590 631 accepit
2619 560 2795 615 vitam
2830 560 3013 615 nostri
3045 560 3232 631 gratia
3266 575 3278 614 :

2056 661 2245 716 neque
2276 645 2636 716 aliquantam
2670 652 2895 720 partem
2928 665 3033 703 nos
3071 648 3384 719 percipere,

2055 734 2155 788 sed
2190 733 2532 791 universum
2559 737 2771 793 Christi
2807 754 3017 806 corpus
3050 737 3304 805 Domini,

2054 838 2089 875 a
2117 838 2233 893 quo
2265 829 2568 879 sumentes
2598 825 3033 881 sanctiﬁcamur
3063 826 3226 880 mire.

2053 908 2269 965 Verum
2302 912 2604 968 contrariae
2635 914 2820 984 partis
2850 914 3188 969 defensores

2052 996 2325 1053 dicebant
2346 1000 2542 1071 ipsum
2574 1001 2726 1056 haud
2763 1001 3036 1073 praeferre
3059 1006 3263 1074 typum

2052 1101 2229 1140 sacras
2265 1103 2330 1142 ac
2360 1088 2538 1143 beatis
2569 1089 2799 1144 Domini
2830 1095 3191 1156 anastaseos,

2051 1173 2152 1227 sed
2184 1175 2538 1232 sacrificium
2572 1177 2741 1233 unice
2772 1178 3049 1249 mysterio
3083 1178 3241 1245 fieri;

2050 1259 2185 1315 hinc
2214 1265 2631 1335 corruptivum,
2666 1266 2792 1322 sine
2824 1282 3020 1336 sensu,
3052 1266 3337 1322 exanime.

2048 1359 2087 1411 A
2120 1360 2286 1415 nobis
2318 1365 2513 1416 autem
2546 1363 2702 1416 sumi
2734 1368 2958 1433 partem
2992 1368 3247 1431 tantum,

2047 1463 2161 1501 non
2193 1448 2529 1505 universum
2563 1467 2777 1522 corpus
2807 1450 3019 1506 Christi
3051 1451 3321 1507 Domini:

2045 1551 2179 1591 nam
2212 1538 2262 1592 si
2294 1537 2402 1593 hoc
2431 1555 2671 1609 prorsus
2694 1539 3179 1609 incorruptivum,

2043 1640 2147 1679 nec
2174 1625 2468 1697 palpabile
2500 1629 2619 1683 fore
2650 1644 2755 1683 nec
2785 1628 3034 1684 visibile.

1958 1738 2007 1804 B
2042 1716 2168 1804 _Heec
2196 1712 2291 1804 isti
2324 1714 2468 1804 falso
2500 1715 2855 1771 blaterantes
2886 1733 2985 1771 ore

2038 1799 2384 1872 imperitiori
2418 1804 2599 1859 turbae
2631 1805 2920 1859 faciebant
2951 1805 3149 1860 fucum
3184 1822 3197 1860 :

2036 1890 2137 1944 sed
2168 1889 2485 1961 imperator
2510 1893 2840 1962 obsequens
2872 1892 3097 1947 meliori
3130 1893 3390 1964 dogmati

2035 1977 2174 2032 sivit
2203 1979 2529 2035 contrarios
2560 1982 2779 2036 frustra
2806 1980 3093 2037 laborare.

2033 2064 2295 2122 Pessima
2324 2084 2467 2140 gens
2498 2074 2811 2124 Maasorum
2844 2086 2976 2124 cum
3008 2070 3167 2125 socia
3193 2086 3372 2125 manu

2031 2154 2361 2211 accolarum
2392 2156 2641 2213 Danubii
2673 2162 3063 2213 Comanorum

2031 2246 2195 2296 terrae
2225 2248 2517 2301 Romanas
2547 2246 2888 2301 incursabat
2916 2250 3176 2313 vastans,

2030 2332 2406 2403 praedamque
2431 2334 2639 2404 agebat
2665 2334 2980 2405 plurimam
3014 2339 3071 2389 et
3099 2335 3382 2405 captivos,

2030 2419 2247 2490 quibus
2278 2422 2461 2477 ditata
2492 2423 2550 2476 in
2578 2424 2829 2494 patriam
2863 2440 2925 2479 se
2956 2424 3293 2493 recipiebat.

2024 2519 2211 2589 Atque
2236 2519 2290 2574 id
2323 2521 2597 2593 deinceps
2630 2538 2862 2594 semper
2889 2527 3089 2578 actura
3120 2522 3328 2589 fuerat,

2027 2606 2143 2662 nisi
2172 2608 2483 2663 Bossorum
2513 2610 2608 2681 pia
2630 2626 2774 2681 gens
2804 2610 3133 2666 Christiana

2026 2693 2387 2751 cohibuisset
2417 2697 2704 2753 Barbaros
2738 2716 2770 2752 a
2802 2698 3111 2753 maleficio.

2026 2783 2261 2839 Galitzze
2289 2785 2506 2856 quippe
2540 2786 2836 2856 princeps,
2868 2786 3221 2842 adhortante

2027 2871 2295 2927 Ecclesia:
2329 2889 2562 2928 summo
2595 2874 2843 2929 Rossicaa
2873 2878 3128 2945 pastore,

2028 2960 2284 3030 plurima
2315 2962 2556 3017 militari
2588 2967 2789 3017 coacta
2821 2980 3021 3029 manu,

2027 3047 2085 3102 in
2116 3048 2504 3107 Comanorum
2530 3067 2735 3123 agrum
2765 3056 3002 3122 repente
3033 3051 3204 3108 irruit

2026 3153 2277 3207 eumque
2298 3143 2557 3193 extrema
2586 3140 2777 3195 ali'ecit
2808 3140 3077 3196 vastitate
3110 3158 3121 3194 :

2027 3227 2181 3296 quod
2214 3242 2344 3281 cum
2376 3226 2588 3298 egisset
2620 3243 2771 3296 srepe
2802 3228 2987 3283 amico
3019 3229 3215 3284 animo

2028 3315 2097 3370 ad
2131 3315 2405 3370 solatium
2440 3315 2670 3385 piorum
2699 3314 3185 3382 Christianorum,

2026 3402 2402 3458 Comanicum
2431 3402 2712 3458 auxilium
2747 3403 2942 3459 Mmsis
2971 3404 3234 3459 abstulit.

2028 3491 2282 3545 Joannes
2314 3490 2547 3560 quidam
2583 3492 2653 3546 de
2683 3491 2997 3547 Comnenis
3028 3492 3285 3563 genitus,

2028 3577 2287 3648 corporis
2319 3576 2469 3632 mole
2498 3578 2615 3633 doli
2648 3580 2894 3635 formam
2928 3580 3204 3650 referens,

2028 3666 2283 3737 projeoto
2314 3669 2533 3734 ventre,
2564 3667 2838 3723 carnibus
2874 3668 3304 3740 pinguissimis,

2029 3754 2265 3810 nomine
2294 3753 2501 3808 idoneo
2533 3752 2727 3807 dictus
2759 3754 2933 3825 vulgo
2966 3756 3231 3824 Crassus,

2029 3843 2239 3899 Caesari
2270 3859 2332 3898 se
2363 3840 2640 3897 rebellem
2675 3840 2733 3895 in
2768 3842 2911 3897 urbe
2941 3844 3208 3913 prmbuit.

2032 3942 2340 4012 Ingressus
2362 3940 2518 3994 enim
2553 3939 2834 4010 templum
2873 3939 2971 3994 Dei
3007 3941 3350 4011 maximum,

2030 4046 2303 4086 coronam
2333 4045 2401 4083 ex
2432 4028 2502 4083 iis
2534 4045 2659 4098 quas
2692 4044 2898 4084 mensa
2928 4029 3262 4099 pendebant
3290 4048 3458 4088 sacra

2029 4135 2176 4174 ausu
2206 4115 2451 4172 scelesto
2483 4115 2765 4186 imposuit
2797 4116 2855 4172 in
2887 4122 3064 4187 caput
3094 4134 3289 4183 suum,

2028 4212 2202 4278 atque
2233 4204 2313 4260 ita
2334 4209 2644 4259 coronatus
2676 4204 2895 4275 templo
2928 4205 3045 4259 exit
3078 4221 3090 4258 :

2027 4300 2085 4351 et
2111 4309 2247 4351 cum
2278 4294 2504 4349 favente
2534 4295 2865 4364 conspirate
2896 4293 3067 4364 globo

2029 4382 2333 4437 hominum
2366 4382 2809 4452 splendidorum
2843 4383 2911 4436 de
2943 4382 3132 4436 classe
3164 4381 3366 4449 nobili,

2026 4475 2178 4526 recta
2208 4472 2491 4540 processit
2521 4471 2591 4524 ad
2625 4468 2906 4540 palatium
2936 4485 3240 4539 magnum,

1949 4431 1989 4495 D

2024 4558 2331 4630 plausibus
2361 4557 2856 4627 concrepantibus
2885 4555 2943 4609 in
2979 4572 3197 4611 morem
3230 4558 3451 4628 regium
3478 4577 3490 4625 ;

2023 4664 2156 4703 mox
2184 4664 2315 4701 cum
2351 4646 2529 4715 regali
2561 4645 2927 4700 consedisset
2958 4644 3193 4711 throno,

2022 4735 2343 4805 splendidis
2376 4734 2659 4804 quosdam
2692 4733 2926 4787 donavit
2954 4732 3362 4803 dignitatibus.

2024 4824 2283 4879 Miscella
2313 4839 2446 4877 vero
2480 4820 2679 4893 populi
2712 4820 2990 4876 colluvies

2026 4928 2127 4983 per
2156 4911 2519 4981 angiportus,
2550 4911 2675 4966 vias
2705 4910 2981 4980 vicosque
3013 4910 3173 4965 urbis

2026 5015 2242 5069 perque
2270 4997 2492 5069 plateas
2522 5014 2762 5055 currens
2794 5002 2970 5068 atque
3000 5002 3204 5068 portus

2026 5095 2352 5150 Romanum
2386 5095 2767 5165 proclamavit
2792 5095 3206 5165 imperatorem

2026 5183 2209 5239 libera
2239 5183 2439 5253 lingua
2470 5183 2780 5238 clamitans
2813 5182 2966 5236 hunc
2996 5183 3314 5250 Joannem;

2028 5276 2084 5326 et
2114 5270 2288 5325 simul
2317 5272 2624 5341 opulentas
2656 5269 2945 5339 spoliabat
2974 5270 3200 5324 domos.

2030 5363 2242 5413 Verum
2277 5363 2554 5427 sequente
2582 5363 2747 5412 nocte
2779 5373 2939 5411 mero
2970 5369 3285 5426 oppressus

2030 5464 2263 5503 crassus
2295 5446 2389 5500 hic
2424 5449 2613 5501 mente
2644 5450 2700 5500 et
2730 5445 2964 5500 nomine
2995 5448 3305 5513 tyrannus,

2029 5534 2197 5607 regiae
2230 5533 2565 5603 patentibus
2598 5550 2698 5605 per
2729 5530 3056 5587 socordiam
3082 5530 3308 5599 januis,

3596 256 3704 311 246
