4138 6296
454 354 562 407 247
1668 356 2037 411 ΕΡΗΒΕΜῙῙ
2074 357 2088 406 t

1668 356 2037 411 EPHREMII
2074 353 2647 412 CHRONOGBAPHI

451 480 591 533 dum
616 478 735 548 ejes
768 492 867 548 per
897 479 1098 533 orbem
1130 482 1284 534 esset
1314 479 1543 550 dilapsa
1574 478 1802 547 cohors,

454 584 489 622 a
512 566 753 621 Caesaris
789 565 1077 622 militibus
1109 572 1344 638 repente
1374 572 1583 639 captus

456 656 863 713 calamitosum
898 662 1071 727 caput
1100 657 1224 712 ensi
1256 659 1485 714 obtulit.

452 745 819 814 Cammytzes
853 762 1083 815 quoque
1111 750 1517 815 protostrator,
1555 748 1785 802 tentum

452 849 629 903 quem
663 849 842 901 supra
873 832 991 887 dixi
1023 834 1079 887 in
1112 832 1359 889 vinculis
1390 836 1541 905 apud
1575 834 1809 900 Mcssos,

453 921 690 977 effracto
723 920 835 975 sibi
868 921 1069 993 Chrysi
1103 937 1279 977 manu
1312 938 1562 988 carcere,

455 1027 588 1067 cum
623 1010 729 1064 hoc
758 1010 1103 1080 conspirans
1133 1011 1340 1066 defecit
1370 1028 1403 1066 a
1433 1011 1677 1079 Caesare,

455 1104 513 1154 et
542 1098 911 1170 Pelagoniam
944 1104 1211 1154 cunctam
1244 1100 1551 1171 occupavit
1584 1116 1595 1153 :

456 1193 582 1243 tum
611 1186 787 1242 etiam
821 1188 974 1258 cepit
1002 1186 1300 1258 Prilapum
1333 1186 1441 1242 levi
1474 1187 1632 1257 nisu,

456 1281 631 1348 atque
662 1275 977 1331 Thessalia
1011 1276 1316 1331 dominum
1349 1293 1411 1331 se
1441 1276 1626 1347 gessit
1652 1292 1665 1329 :

454 1362 616 1420 nullo
644 1364 963 1419 obsistente
994 1364 1227 1418 demum
1261 1364 1571 1418 commovit
1604 1362 1923 1429 Helladem,

452 1450 848 1521 rebellemque
879 1451 1012 1506 fecit
1041 1450 1527 1521 Peloponnesum.

451 1543 601 1597 Tum
629 1544 685 1595 et
719 1539 953 1595 rebellis
985 1540 1136 1595 alius
1168 1544 1404 1611 repente
1428 1539 1702 1613 apparuit

455 1632 760 1701 (tanquam
795 1627 877 1682 illi
911 1629 1208 1699 quondam
1235 1629 1500 1700 gigantes
1530 1628 1729 1699 sparti)

454 1718 712 1774 Joannes
741 1717 987 1788 Cyprius
1018 1716 1187 1788 vulgo
1218 1716 1665 1789 Spyridonaces,

454 1807 565 1862 hoc
596 1806 819 1862 habens
850 1810 1303 1873 cognomentum
1338 1809 1580 1875 paterna
1609 1821 1678 1860 ex
1707 1805 1901 1873 domo,

455 1896 674 1950 {cadum
705 1893 842 1964 quid
874 1894 1023 1964 visu,
1058 1893 1319 1948 moribus
1352 1898 1407 1947 et
1436 1910 1695 1965 corpore,

454 1983 639 2041 oculis
670 1983 843 2038 homo
875 1982 1112 2049 strabis,
1147 1987 1269 2037 arte
1301 1982 1510 2053 opifex,

453 2071 657 2127 humili
689 2075 844 2127 sorte
874 2070 1109 2143 genitus
1138 2075 1196 2126 et
1228 2075 1391 2126 terrae
1426 2071 1600 2139 filius,

451 2159 699 2216 Caesaris
730 2159 865 2215 olim
899 2158 1191 2230 palatinus
1224 2159 1500 2228 famulus,

446 2248 743 2304 interioris
771 2248 895 2303 ﬁsci
927 2248 1202 2303 custodias
1236 2247 1556 2319 impositus
1592 2264 1604 2303 :

444 2337 575 2393 exin
608 2336 942 2393 Smolenam
974 2336 1381 2408 praefecturam
1414 2340 1647 2401 nactus,

444 2426 841 2497 inexspectata
873 2424 1162 2496 dignitate
1192 2423 1381 2479 elatus

445 2514 515 2570 ad
549 2514 859 2586 apostasia:
892 2514 1122 2583 proruit
1150 2513 1471 2568 vesaniam.

444 2602 702 2659 Tertiam
735 2601 988 2656 habebat
1018 2601 1206 2655 Caesar
1236 2605 1375 2655 tunc
1404 2601 1723 2668 miseriam,

446 2695 645 2747 suetos
677 2690 790 2745 sibi
824 2691 1096 2762 podagrae
1129 2689 1377 2745 dolores.

449 2779 722 2836 Bifariam
755 2778 936 2851 igitur
965 2778 1281 2834 distributo
1309 2779 1586 2849 exercitu,

449 2872 672 2941 partem
706 2868 1031 2923 ducendam
1063 2871 1264 2923 contra
1288 2867 1723 2939 Spiridonacem
1801 2890 1804 2896 ν

448 2971 661 3029 genero
692 2955 886 3010 Alexio
917 2956 1161 3010 tradidit
1190 2955 1507 3027 Palaaologo
1543 2975 1554 3011 :

448 3045 691 3101 alteram
725 3061 859 3100 vero
891 3044 1169 3100 traditam
1204 3044 1558 3115 OEnopolitze

447 3133 517 3189 ad
546 3131 953 3188 debellandum
990 3132 1151 3185 misit
1179 3132 1571 3202 Cammytzem
1604 3130 1852 3186 hostem.

445 3220 644 3276 Ριιωίἰο
677 3223 945 3275 conserto
979 3222 1293 3287 utrumque
1324 3218 1593 3273 rebellem
1628 3220 1783 3289 vicit,

445 3310 732 3380 ejecitque
762 3307 1009 3378 imperio
1040 3323 1174 3361 eum
1211 3306 1305 3362 Dei
1340 3324 1445 3377 ope
1474 3326 1485 3362 :

443 3404 499 3455 et
527 3399 815 3470 Chrysum
848 3413 1084 3468 quoque
1111 3396 1335 3468 pepulit
1366 3398 1765 3453 Strummitza.

440 3487 647 3544 Adhuc
680 3485 873 3542 Alexio
905 3485 1188 3541 retinente
1223 3486 1557 3555 imperium,

439 3575 651 3629 Asanis
678 3578 854 3645 atque
885 3574 1034 3627 Petri
1070 3574 1381 3628 Mcssorum
1416 3574 1594 3628 frater

442 3663 499 3716 in
534 3662 863 3734 principatu
899 3661 1096 3732 patrias
1129 3677 1433 3716 successor

441 3751 697 3805 Joannes
730 3766 896 3804 arma
926 3748 1135 3803 extulit
1164 3753 1363 3803 contra
1397 3747 1709 3820 imperium
1740 3767 1753 3806 :

442 3837 763 3909 statimque
795 3853 1105 3909 aggressus
1140 3854 1268 3892 cum
1304 3837 1556 3907 plurimo
1582 3840 1832 3894 exercitu

441 3927 497 3979 in
536 3925 885 3996 Rbodopeiis
908 3926 1070 3997 jugis
1102 3926 1499 3981 Constantiam
1531 3926 1729 3981 urbem

440 4015 587 4069 bene
618 4015 904 4068 munitam
938 4013 1307 4085 fastigiisque
1342 4014 1677 4085 impositam

439 4100 593 4154 facili
626 4100 818 4169 praelia
853 4101 963 4155 sibi
996 4101 1333 4156 vindicavit.

438 4189 624 4259 Hujus
654 4190 899 4260 dejectis
935 4190 1251 4255 moenibus,
1287 4190 1570 4245 scelestus
1605 4191 1772 4245 homo

436 4277 687 4332 Varnam
722 4277 976 4349 perrexit
1004 4278 1211 4332 urbem
1248 4279 1316 4332 ad
1356 4293 1513 4331 mare
1545 4280 1743 4346 sitam,

436 4380 612 4435 quam
646 4366 1012 4420 continenter
1048 4365 1242 4419 tribus
1276 4365 1484 4419 diebus
1512 4366 1798 4435 quatiens,

436 4452 691 4525 denique
717 4457 947 4525 captam
976 4453 1292 4524 exaequavit
1324 4452 1471 4516 solo,

438 4544 685 4613 ejusque
716 4543 869 4598 cives
902 4543 957 4596 in
988 4542 1253 4609 subjecta
1286 4542 1442 4596 fossa

438 4629 532 4683 hic
563 4630 789 4684 daemon
818 4630 1012 4685 obruit
1041 4630 1223 4690 vivos,
1257 4630 1367 4684 heu
1403 4630 1687 4684 dolorem!

439 4717 676 4772 Sabbati
712 4718 909 4789 magni
939 4725 994 4773 et
1023 4719 1311 4774 benedicti
1346 4717 1456 4787 die,

436 4805 648 4860 Christi
682 4823 907 4861 sacram
942 4806 1267 4876 passionem
1302 4808 1381 4862 nil
1416 4808 1695 4863 reveritus
1730 4826 1741 4862 :

432 4897 558 4948 tum
592 4895 826 4948 demum
863 4893 918 4947 in
952 4911 1119 4949 suam
1156 4897 1402 4965 patriam
1435 4901 1523 4950 est
1554 4913 1838 4952 reversus.

431 4981 596 5036 Nunc
628 4998 774 5052 opus
808 4982 961 5036 haud
998 4983 1193 5053 inepto
1227 4986 1482 5053 tragoedo
1514 4985 1677 5050 foret,

434 5085 610 5138 quam
645 5086 775 5126 sum
808 5087 933 5141 ego,
970 5076 1034 5125 ut
1064 5076 1366 5126 caneretur
1393 5073 1565 5142 digne

433 5157 833 5213 calamitatum
863 5158 1098 5228 pelagus
1128 5165 1183 5214 et
1213 5162 1482 5231 abyssus,

434 5244 719 5301 malorum
756 5248 993 5317 inquam
1034 5248 1167 5301 [lius
1193 5254 1248 5301 et
1280 5250 1579 5319 tragmdia,

424 5348 551 5399 qua:
580 5335 941 5389 Constantini
977 5335 1153 5388 simul
1190 5338 1313 5389 urbi
1347 5337 1592 5406 contigit
1623 5356 1635 5391 :

426 5418 545 5474 imo
575 5438 720 5492 opus
754 5423 897 5477 foret
928 5427 1127 5477 contra
1156 5440 1389 5479 summo
1422 5431 1547 5480 vate

2119 477 2169 543 Α
2374 476 2696 544 Ὀπλιτικῆς
2730 476 3013 555 φάλαγγος
3046 475 3439 550 ἐσκεδασμένης

2379 563 2609 628 Ἔλαϐεν
2640 564 2804 627 ἀλοὸς
2839 564 3089 627 ὁπλίταις
3124 566 3415 641 βασιλέως,

2378 655 2479 708 Καὶ
2506 656 2604 722 τὴν
2637 653 2878 730 κεφαλὴν
2912 655 3161 717 ἐκκοπεὶς
3190 655 3525 717 παναθλίωςο

2200 743 2340 798 6583
2380 742 2482 797 Καὶ
2513 740 2734 814 δέσμιος
2769 740 2825 796 δὲ
2855 746 3293 819 πρωτοστράτωρ
3327 745 3661 817 Καμμύτζης

2376 829 2471 884 "Ov
2505 830 2706 904 φθάσας
2734 830 2878 883 εἶπον
2910 836 3026 892 τοῖς
3052 833 3261 895 Μυσοῖς
3281 831 3555 900 ἡλωκέναι

2375 918 2611 991 Εἰρκτῆς
2639 938 2698 972 τε
2728 915 2938 989 δεσμῶν
2970 917 3211 983 ἐκλυθεὶς
3239 922 3382 995 παρᾶ
3413 920 3642 995 Χρύσου,

2378 1005 2481 1060 Σὺν
2514 1003 2643 1076 τῷδ’
2670 1005 3035 1075 ἀπεστάτησεν
3069 1009 3325 1063 Αὐσόνων
3358 1008 3606 1082 κράτους,

2376 1094 2480 1151 Καὶ
2510 1100 2836 1167 κατακρατεῖ
2865 1096 3191 1171 Πελαγονίας
3220 1096 3375 1166 ὅλης*

2196 1183 2337 1239 6590
2376 1184 2614 1257 Συνέσχε
2642 1185 2729 1237 καὶ
2766 1182 3046 1258 Πρίλαπον
3081 1182 3209 1238 ἄστυ
3242 1182 3466 1260 ῥᾳδίως,

2373 1276 2766 1346 Κατατυραννεῖ
2790 1271 3131 1327 Θετταλικῶν
3163 1273 3410 1347 χωρίων,

2372 1363 2660 1432 Παρακινεῖ
2684 1380 2743 1413 τε
2775 1359 2940 1435 ῥᾷστα
2974 1362 3064 1415 καὶ
3094 1362 3191 1428 τὴν
3222 1358 3484 1427 Ἑλλάδα,

2370 1442 2728 1518 Παλίμϐολον
2759 1448 2940 1518 τίθησι
2977 1447 3232 1510 Πέλοπος
3268 1448 3467 1520 κλίμα.

2373 1535 2513 1609 Πρὸς
2542 1533 2674 1606 τῷδ’
2694 1535 3003 1606 ἀποστάτης
3032 1557 3093 1611 γε
3125 1534 3374 1611 δεύτερος
3411 1536 3600 1605 πάλιν,

2195 1624 2336 1679 6595
2375 1622 2655 1693 Σπαρτοὺς
2686 1625 2823 1679 κατὰ
2850 1625 3129 1699 γίγαντας,
3164 1624 3358 1702 αἶ’φνης
3383 1626 3545 1701 ἀνέφυ

2373 1712 2627 1782 Ἰωάννης
2660 1712 2895 1787 Κύπριος
2928 1711 3373 1789 Σπυριδωνάκης,

2117 1836 2164 1901 Β
2374 1800 2750 1874 Τούπώνυμον
2780 1804 2928 1875 σχὼν
2963 1801 3022 1857 ἐκ
3046 1804 3299 1878 πατρῴας
3328 1802 3525 1866 ἑστίας·

2371 1889 2612 1965 Αἷσχρός
2641 1911 2723 1951 τις
2756 1889 2896 1952 εἶδος
2937 1888 3157 1960 ἠλικίαν
3190 1892 3278 1946 καὶ
3308 1892 3565 1964 τρόπους,

2367 1981 2753 2050 Χειρωνάκτης
2779 1980 2973 2054 τέχνην
3001 2000 3079 2049 τε,
3108 1981 3203 2044 τὰς
3233 1977 3381 2053 ὄψεις
3414 1977 3680 2055 πράὸων,

2192 2069 2331 2123 6600
2367 2072 2551 2139 Τυχην
2582 2070 2870 2142 χαμερπῆς
2901 2069 2990 2121 καὶ
3022 2067 3245 2142 χθόνιος
3277 2069 3580 2143 παντάπαν,

2368 2160 2673 2229 ,Υπηρετῶν
2708 2153 2891 2210 ἄνακτι
2922 2156 2987 2209 τὰ
3016 2156 3154 2211 κατὰ
3185 2155 3419 2229 δόμους,

2368 2242 2550 2312 Φύλαξ
2579 2243 2814 2315 ταμείων
2849 2247 2956 2298 τῶν
2989 2243 3093 2299 ἔσω
3124 2248 3476 2319 τεταγμένος’

2365 2332 2497 2388 Εἶτα
2527 2334 2819 2403 Σμολένων
2852 2332 3028 2404 κλίμα
3059 2333 3248 2408 λαχὼν
3288 2333 3508 2389 διέπειν·

2364 2422 2464 2482 ’Ός
2488 2420 2842 2496 κατεπαρθεὶς
2872 2421 3042 2493 ἀξίαις
3066 2422 3411 2499 παραλόγοις

2368 2516 2543 2585 ’Ήρθη
2575 2510 2710 2583 πρὸς
2744 2509 2996 2565 ἀπόνοιαν
3021 2510 3376 2574 ἀποστασίας.

2188 2601 2329 2655 6605
2364 2600 2528 2667 Ὑπῆν
2563 2598 2777 2673 βασιλεῖ
2805 2599 2895 2653 καὶ
2922 2601 3083 2654 κακὸν
3107 2600 3288 2674 τρίτον
3321 2602 3445 2657 τότε

2367 2686 2572 2751 Είωθός
2605 2688 2655 2741 οἱ
2685 2688 2901 2760 νόσημα
2928 2695 3027 2758 τῆς
3058 2687 3394 2751 ποδαλδίας.

2372 2778 2796 2849 Στρατευμάτων
2826 2777 3006 2831 τοίνυν
3030 2775 3225 2832 διελὼν
3256 2785 3358 2833 πᾶν
3394 2780 3469 2843 εἰς
3502 2779 3619 2836 δύο.

2370 2863 2447 2921 Τὸ
2478 2865 2570 2936 μὶν
2602 2867 2842 2939 παρέσχε
2870 2868 3007 2921 κατὰ
3039 2865 3469 2939 Σπυριδωνάκου

2368 2949 2607 3027 Γαμὸρῷ
2638 2951 3001 3027 Παλαιολόγῳ
3029 2959 3109 3027 τῷ
3139 2954 3388 3030 Ἀλεξίῳ·

2191 3042 2331 3097 6610
2369 3040 2447 3096 Τὸ
2479 3038 2524 3094 δ’
2557 3043 2675 3114 εἶχε
2704 3042 2918 3113 πέμψας
2949 3042 3257 3114 Ἰνοπολίτῃ
3290 3046 3401 3118 (73)
3436 3043 3602 3099 πάλιν

2374 3127 2465 3188 Εἷς
2499 3127 2807 3204 ἀντίμαχοσ
2835 3131 2970 3184 κατὰ
2999 3133 3307 3204 Καμμύτζη
3340 3131 3545 3207 μάχην.

2111 3192 2153 3256 C
2374 3216 2472 3269 Καὶ
2504 3212 2799 3288 συμϐαλὼν
2832 3218 3034 3288 ἥττησε
3062 3220 3188 3283 τοὺς
3212 3192 3514 3283 ἀποστάτας

2370 3304 2479 3360 Καὶ
2510 3302 2743 3381 φυγάδας
2773 3306 2957 3376 τίθησι
2985 3312 3065 3379 τῷ
3095 3312 3228 3362 Θεοῦ
3260 3314 3450 3371 σθένει.

2369 3394 2466 3446 Καὶ
2496 3392 2704 3465 Χρύσον
2737 3395 2985 3463 ἀπήλασε
3016 3400 3203 3471 χώρας
3238 3398 3683 3472 Στρουμμίτζης.

2191 3482 2333 3537 6615
2368 3482 2484 3558 Ἐφ’
2514 3484 2734 3557 ἡμερῶν
2765 3483 2964 3537 τούτου
2994 3505 3053 3559 γε
3082 3490 3183 3554 τῆς
3208 3485 3548 3561 κραταρχίας

2371 3570 2623 3640 Ἰωάννης
2657 3567 2815 3641 ἔξεισι
2852 3573 3273 3648 μυσαρχηγέτης

2371 3659 2641 3733 Σόναιμος
2670 3661 2829 3717 Ἀσᾶν
2871 3663 2959 3716 καὶ
2994 3665 3197 3738 Πέτρου
3231 3670 3331 3733 τῆς
3367 3664 3583 3726 Μυσίας

2368 3749 2517 3805 Μετὰ
2546 3755 2796 3823 στρατιᾶς
2825 3754 2959 3806 κατὰ
2988 3752 3272 3823 Ῥωμαίων
3307 3752 3473 3826 ὅρων,

2366 3840 2462 3893 Καὶ
2499 3836 2699 3895 διαϐὼν
2732 3840 2972 3895 ὁπλιτῶν
3001 3840 3229 3897 πολλῶν
3254 3840 3405 3904 ’ίλαις

2187 3929 2329 3984 6620
2368 3928 2514 3984 Κατὰ
2542 3927 2807 3998 Ῥοδόπην
2838 3932 2938 3999 τὴν
2973 3931 3337 3986 Κωνστάντιαν
3367 3931 3531 3987 πόλιν

2363 4018 2667 4094 ῼκισμένην
2699 4017 2755 4072 εὖ
2785 4019 2874 4073 καὶ
2905 4018 3202 4073 κολώνειαν
3235 4021 3417 4089 πόλιν,

2366 4106 2581 4175 Ταύτην
2609 4109 2980 4181 παρεστήσατο
3014 4107 3178 4183 ῥᾶστα
3206 4112 3274 4181 τῇ
3307 4109 3477 4183 μάχῃ·

2364 4195 2468 4249 Καὶ
2501 4195 2819 4268 κατερείψας
2849 4197 2940 4250 τὸν
2972 4192 3269 4271 περίϐολον
3309 4197 3470 4260 τάλας

2366 4282 2461 4344 Εἷς
2492 4284 2697 4357 Βάρναν
2730 4287 2828 4352 ἧκε
2855 4286 2950 4353 τήν
2981 4284 3249 4357 παράλιον
3283 4286 3471 4355 πόλιν,

2185 4371 2326 4425 6625
2365 4371 2461 4424 Kal
2493 4370 2655 4441 τήνδε
2683 4374 2823 4447 τρισῖ
2859 4372 3175 4437 κατασείσας
3203 4377 3435 4449 ἡμεραις

2366 4456 2704 4529 Παραλαϐὼν
2739 4481 2799 4514 κε
2823 4459 3178 4537 κατεδαφίσας
3212 4462 3347 4535 ἅμα,

2108 4541 2153 4605 D
2362 4547 2458 4601 Καὶ
2487 4547 2612 4610 τοὺς
2644 4549 2695 4603 ἐν
2722 4550 2861 4623 αὐτῇ
2894 4552 3216 4624 καταχώσας
3251 4555 3347 4624 φεῦ
3380 4551 3583 4612 πάθους
3619 4552 3632 4607 l

2356 4636 2536 4698 Ζωοὺς
2569 4637 2819 4712 ἀλάστωρ
2853 4638 3223 4711 παρακειμένῃ
3251 4641 3444 4715 τάφρῳ

2353 4725 2501 4778 Κατᾶ
2524 4726 2658 4799 μέγα
2682 4720 2961 4780 Σάϐϐατον
2995 4726 3191 4801 εὐλογη
3204 4726 3384 4798 μένον,

2177 4813 2318 4867 6630
2357 4810 2542 4881 Μηδὲν
2572 4808 2847 4876 σεϐασθεὶς
2879 4816 2945 4869 τὰ
2973 4817 3215 4888 Χριστοῦ
3247 4817 3364 4869 θεῖα
3393 4816 3561 4886 πάθη,

2354 4902 2587 4955 Ἐκεῖθεν
2612 4900 2881 4972 ἀνέζευξεν
2916 4902 2991 4964 εῒς
3023 4906 3121 4971 τήν
3145 4902 3396 4975 πατρίδα.

2355 4988 2571 5043 Φαῦλον
2601 4988 2867 5065 τραγῳδὸν
2898 4991 2996 5046 οὐκ
3027 4989 3132 5046 ἔδει
3164 4994 3409 5067 παριέναι

2352 5080 2612 5133 Τοιοῦτον
2644 5081 2759 5139 οἷος
2790 5074 2862 5132 ὤν
2896 5076 3068 5154 ἔγωγε
3097 5082 3376 5155 τυγχάνω,

2351 5166 2440 5225 Εἰς
2474 5172 2763 5239 συμφορῶν
2797 5166 3032 5242 πέλαγος
3053 5168 3130 5232 εἷς
3159 5170 3317 5223 τόσον
3355 5170 3518 5244 βάθος

2172 5254 2313 5308 6635
2352 5252 2705 5327 Τραγῳοδίας
2737 5276 2794 5307 τε
2824 5255 2913 5308 καὶ
2942 5261 3121 5309 κακῶν
3161 5255 3394 5320 Ἰλιάδος

2346 5344 2408 5394 “Α
2448 5345 2617 5395 πάντα
2649 5339 2961 5413 συμϐέϐηκε
2980 5349 3047 5417 τῇ
3085 5346 3507 5401 Κωνσταντίνου·

2347 5429 2506 5484 Ἀλλ’
2539 5432 2683 5494 ὅστις
2713 5430 2771 5485 ἃν
2804 5430 3045 5505 ἤμελλεν
3077 5434 3134 5488 ἐκ
3165 5432 3457 5508 δίαμέτρου

495 5629 606 5699 (73)
636 5628 1036 5701 Οἶνουπολίτης
1068 5632 1322 5689 Joannes
1354 5634 1446 5689 hic
1478 5634 1691 5691 dicitur
1720 5654 1752 5692 a
1782 5635 1979 5693 Niceta
2007 5635 2108 5693 lib.

1518 5634 1691 5691 icitur
1720 5654 1752 5692 a
1782 5635 1979 5693 Niceta
2007 5635 2108 5693 lib.
2143 5654 2226 5706 ιιι,
2258 5640 2312 5708 7,
2346 5656 2554 5713 nempe
2586 5642 2750 5698 urbis
2781 5644 2955 5699 OEnei
2986 5644 3148 5701 civis.

3739 358 3850 414 248
