  <div class='ocr_page' id='page_1' title='image "/cluster/home/n/w/nwhite01/storage/ocr_20150623/143/mdp.39015078384784/132.png"; bbox 0 0 4138 6296; ppageno 0'>
   <div class='ocr_carea' id='block_1_1' title="bbox 352 338 462 393">
    <p class='ocr_par' dir='ltr' id='par_1_1' title="bbox 352 338 462 393">
     <span class='ocr_line' id='line_1_1' title="bbox 352 338 462 393; baseline 0.009 -1"><span class='ocrx_word' id='word_1_1' title='bbox 352 338 462 393; x_wconf 68' lang='grc'>249</span> 
     </span>
    </p>
   </div>
   <div class='ocr_carea' id='block_1_2' title="bbox 522 463 1733 538">
    <p class='ocr_par' dir='ltr' id='par_1_2' title="bbox 522 463 1733 538">
     <span class='ocr_line' id='line_1_2' title="bbox 522 463 1733 538; baseline 0.002 -21"><span class='ocrx_word' id='word_1_2' title='bbox 522 464 774 518; x_wconf 80' lang='grc' dir='ltr'>’Ἂπαντα</span> <span class='ocrx_word' id='word_1_3' title='bbox 797 464 954 531; x_wconf 81' lang='grc' dir='ltr'>νικᾷν</span> <span class='ocrx_word' id='word_1_4' title='bbox 983 463 1236 538; x_wconf 83' lang='grc' dir='ltr'>τραγικὸν</span> <span class='ocrx_word' id='word_1_5' title='bbox 1269 465 1404 538; x_wconf 83' lang='grc' dir='ltr'>πρὸς</span> <span class='ocrx_word' id='word_1_6' title='bbox 1432 466 1494 519; x_wconf 85' lang='grc' dir='ltr'>τὸ</span> <span class='ocrx_word' id='word_1_7' title='bbox 1526 464 1733 520; x_wconf 80' lang='grc' dir='ltr'>κλαίειν</span> 
     </span>
    </p>
   </div>
   <div class='ocr_carea' id='block_1_3' title="bbox 530 548 1815 629">
    <p class='ocr_par' dir='ltr' id='par_1_3' title="bbox 530 548 1815 629">
     <span class='ocr_line' id='line_1_3' title="bbox 530 548 1815 629; baseline 0.002 -24"><span class='ocrx_word' id='word_1_8' title='bbox 530 552 631 606; x_wconf 75' lang='grc' dir='ltr'>Καὶ</span> <span class='ocrx_word' id='word_1_9' title='bbox 671 548 1082 626; x_wconf 75' lang='grc' dir='ltr'>δραματουργὸν</span> <span class='ocrx_word' id='word_1_10' title='bbox 1114 557 1406 629; x_wconf 80' lang='grc' dir='ltr'>συμφορῶν</span> <span class='ocrx_word' id='word_1_11' title='bbox 1435 553 1815 629; x_wconf 83' lang='grc' dir='ltr'>ἀνθρωπίνων,</span> 
     </span>
    </p>
   </div>
   <div class='ocr_carea' id='block_1_4' title="bbox 340 636 1642 715">
    <p class='ocr_par' dir='ltr' id='par_1_4' title="bbox 340 636 1642 715">
     <span class='ocr_line' id='line_1_4' title="bbox 340 636 1642 715; baseline 0 -18"><span class='ocrx_word' id='word_1_12' title='bbox 340 640 489 697; x_wconf 70' lang='grc'>6640</span> <span class='ocrx_word' id='word_1_13' title='bbox 526 639 654 695; x_wconf 79' lang='grc' dir='ltr'>Οῖοί</span> <span class='ocrx_word' id='word_1_14' title='bbox 684 660 785 714; x_wconf 87' lang='grc' dir='ltr'>περ</span> <span class='ocrx_word' id='word_1_15' title='bbox 820 636 969 702; x_wconf 76' lang='grc' dir='ltr'>ὅντες</span> <span class='ocrx_word' id='word_1_16' title='bbox 999 641 1363 715; x_wconf 77' lang='grc' dir='ltr'>τυγχάνουσιν</span> <span class='ocrx_word' id='word_1_17' title='bbox 1398 640 1642 705; x_wconf 80' lang='grc' dir='ltr'>ἐκτόπως</span> 
     </span>
    </p>
   </div>
   <div class='ocr_carea' id='block_1_5' title="bbox 533 728 1763 805">
    <p class='ocr_par' dir='ltr' id='par_1_5' title="bbox 533 728 1763 805">
     <span class='ocr_line' id='line_1_5' title="bbox 533 728 1763 805; baseline 0.003 -24"><span class='ocrx_word' id='word_1_18' title='bbox 533 729 857 805; x_wconf 80' lang='grc' dir='ltr'>Σοφοκλεῖς,</span> <span class='ocrx_word' id='word_1_19' title='bbox 890 728 1165 802; x_wconf 83' lang='grc' dir='ltr'>Αίσχύλοι</span> <span class='ocrx_word' id='word_1_20' title='bbox 1190 749 1246 783; x_wconf 89' lang='grc' dir='ltr'>τε</span> <span class='ocrx_word' id='word_1_21' title='bbox 1268 728 1360 782; x_wconf 76' lang='grc' dir='ltr'>σὺν</span> <span class='ocrx_word' id='word_1_22' title='bbox 1392 729 1716 803; x_wconf 87' lang='grc' dir='ltr'>Εὐριπίδαις</span> <span class='ocrx_word' id='word_1_23' title='bbox 1751 752 1763 763; x_wconf 88' lang='grc'><strong>·</strong></span> 
     </span>
    </p>
   </div>
   <div class='ocr_carea' id='block_1_6' title="bbox 532 814 1631 893">
    <p class='ocr_par' dir='ltr' id='par_1_6' title="bbox 532 814 1631 893">
     <span class='ocr_line' id='line_1_6' title="bbox 532 814 1631 893; baseline 0.004 -23"><span class='ocrx_word' id='word_1_24' title='bbox 532 815 760 877; x_wconf 88' lang='grc' dir='ltr'>Πίσυνος</span> <span class='ocrx_word' id='word_1_25' title='bbox 792 814 864 869; x_wconf 75' lang='grc' dir='ltr'>ὢν</span> <span class='ocrx_word' id='word_1_26' title='bbox 898 816 1050 889; x_wconf 77' lang='grc' dir='ltr'>ὅμως</span> <span class='ocrx_word' id='word_1_27' title='bbox 1083 814 1139 871; x_wconf 73' lang='grc' dir='ltr'>δὲ</span> <span class='ocrx_word' id='word_1_28' title='bbox 1168 817 1323 891; x_wconf 84' lang='grc' dir='ltr'>κάγὼ</span> <span class='ocrx_word' id='word_1_29' title='bbox 1352 822 1430 890; x_wconf 76' lang='grc' dir='ltr'>τῷ</span> <span class='ocrx_word' id='word_1_30' title='bbox 1465 819 1631 893; x_wconf 87' lang='grc' dir='ltr'>λόγῳ,</span> 
     </span>
    </p>
   </div>
   <div class='ocr_carea' id='block_1_7' title="bbox 534 902 1697 981">
    <p class='ocr_par' dir='ltr' id='par_1_7' title="bbox 534 902 1697 981">
     <span class='ocr_line' id='line_1_7' title="bbox 534 902 1697 981; baseline 0.002 -20"><span class='ocrx_word' id='word_1_31' title='bbox 534 907 720 961; x_wconf 80' lang='grc' dir='ltr'>Αὐτοῦ</span> <span class='ocrx_word' id='word_1_32' title='bbox 752 902 1015 977; x_wconf 80' lang='grc' dir='ltr'>διδόντος,</span> <span class='ocrx_word' id='word_1_33' title='bbox 1048 905 1210 981; x_wconf 78' lang='grc' dir='ltr'>ἐξερῶ</span> <span class='ocrx_word' id='word_1_34' title='bbox 1240 928 1290 960; x_wconf 86' lang='grc' dir='ltr'>τι</span> <span class='ocrx_word' id='word_1_35' title='bbox 1324 908 1457 981; x_wconf 88' lang='grc' dir='ltr'>πρὸς</span> <span class='ocrx_word' id='word_1_36' title='bbox 1492 907 1697 971; x_wconf 80' lang='grc' dir='ltr'>σθένος.</span> 
     </span>
    </p>
   </div>
   <div class='ocr_carea' id='block_1_8' title="bbox 531 993 1633 1072">
    <p class='ocr_par' dir='ltr' id='par_1_8' title="bbox 531 993 1633 1072">
     <span class='ocr_line' id='line_1_8' title="bbox 531 993 1633 1072; baseline 0.003 -24"><span class='ocrx_word' id='word_1_37' title='bbox 531 993 793 1053; x_wconf 87' lang='grc' dir='ltr'>Καθεῖλεν</span> <span class='ocrx_word' id='word_1_38' title='bbox 828 994 1069 1066; x_wconf 78' lang='grc' dir='ltr'>Ἀλέξιος</span> <span class='ocrx_word' id='word_1_39' title='bbox 1100 997 1388 1067; x_wconf 87' lang='grc' dir='ltr'>Κομνηνὸς</span> <span class='ocrx_word' id='word_1_40' title='bbox 1418 995 1633 1072; x_wconf 80' lang='grc' dir='ltr'>κράτωρ</span> 
     </span>
    </p>
   </div>
   <div class='ocr_carea' id='block_1_9' title="bbox 347 1091 1605 1169">
    <p class='ocr_par' dir='ltr' id='par_1_9' title="bbox 347 1091 1605 1169">
     <span class='ocr_line' id='line_1_9' title="bbox 347 1091 1605 1169; baseline -0.009 -16"><span class='ocrx_word' id='word_1_41' title='bbox 347 1096 492 1152; x_wconf 76' lang='grc'>6645</span> <span class='ocrx_word' id='word_1_42' title='bbox 532 1093 802 1165; x_wconf 86' lang='grc' dir='ltr'>Σύναιμον</span> <span class='ocrx_word' id='word_1_43' title='bbox 832 1091 1065 1147; x_wconf 77' lang='grc' dir='ltr'>Ἰσάκιον</span> <span class='ocrx_word' id='word_1_44' title='bbox 1100 1094 1330 1168; x_wconf 75' lang='grc' dir='ltr'>ἀρχικοῦ</span> <span class='ocrx_word' id='word_1_45' title='bbox 1363 1094 1557 1169; x_wconf 74' lang='grc' dir='ltr'>θρόνου</span> <span class='ocrx_word' id='word_1_46' title='bbox 1594 1116 1605 1127; x_wconf 90' lang='grc'><strong>·</strong></span> 
     </span>
    </p>
   </div>
   <div class='ocr_carea' id='block_1_10' title="bbox 529 1180 1719 1259">
    <p class='ocr_par' dir='ltr' id='par_1_10' title="bbox 529 1180 1719 1259">
     <span class='ocr_line' id='line_1_10' title="bbox 529 1180 1719 1259; baseline 0 -21"><span class='ocrx_word' id='word_1_47' title='bbox 529 1182 635 1239; x_wconf 79' lang='grc' dir='ltr'>Καὶ</span> <span class='ocrx_word' id='word_1_48' title='bbox 665 1180 791 1255; x_wconf 79' lang='grc' dir='ltr'>τάχ’</span> <span class='ocrx_word' id='word_1_49' title='bbox 820 1182 877 1235; x_wconf 79' lang='grc' dir='ltr'>ἃν</span> <span class='ocrx_word' id='word_1_50' title='bbox 914 1181 1050 1246; x_wconf 80' lang='grc' dir='ltr'>ὑπῆν</span> <span class='ocrx_word' id='word_1_51' title='bbox 1085 1181 1357 1257; x_wconf 84' lang='grc' dir='ltr'>συμφέρον</span> <span class='ocrx_word' id='word_1_52' title='bbox 1391 1184 1719 1259; x_wconf 83' lang='grc' dir='ltr'>κραταρχίᾳ,</span> 
     </span>
    </p>
   </div>
   <div class='ocr_carea' id='block_1_11' title="bbox 529 1266 1623 1347">
    <p class='ocr_par' dir='ltr' id='par_1_11' title="bbox 529 1266 1623 1347">
     <span class='ocr_line' id='line_1_11' title="bbox 529 1266 1623 1347; baseline 0.002 -22"><span class='ocrx_word' id='word_1_53' title='bbox 529 1270 594 1329; x_wconf 75' lang='lat' dir='ltr'>El</span> <span class='ocrx_word' id='word_1_54' title='bbox 624 1268 785 1325; x_wconf 74' lang='grc' dir='ltr'>τοῦδε</span> <span class='ocrx_word' id='word_1_55' title='bbox 819 1266 987 1342; x_wconf 77' lang='grc' dir='ltr'>μηδὲν</span> <span class='ocrx_word' id='word_1_56' title='bbox 1018 1270 1270 1347; x_wconf 78' lang='grc' dir='ltr'>φυλακῆς</span> <span class='ocrx_word' id='word_1_57' title='bbox 1300 1271 1623 1344; x_wconf 84' lang='grc' dir='ltr'>κατημέλει.</span> 
     </span>
    </p>
   </div>
   <div class='ocr_carea' id='block_1_12' title="bbox 532 1355 1424 1433">
    <p class='ocr_par' dir='ltr' id='par_1_12' title="bbox 532 1355 1424 1433">
     <span class='ocr_line' id='line_1_12' title="bbox 532 1355 1424 1433; baseline 0 -19"><span class='ocrx_word' id='word_1_58' title='bbox 532 1359 663 1415; x_wconf 75' lang='grc' dir='ltr'>Νυνὶ</span> <span class='ocrx_word' id='word_1_59' title='bbox 692 1357 748 1413; x_wconf 78' lang='grc' dir='ltr'>δὲ</span> <span class='ocrx_word' id='word_1_60' title='bbox 780 1355 1019 1433; x_wconf 82' lang='grc' dir='ltr'>διάγοντι</span> <span class='ocrx_word' id='word_1_61' title='bbox 1048 1356 1181 1430; x_wconf 80' lang='grc' dir='ltr'>τῷδ’</span> <span class='ocrx_word' id='word_1_62' title='bbox 1212 1360 1424 1433; x_wconf 86' lang='grc' dir='ltr'>Ἰσακίῳ</span> 
     </span>
    </p>
   </div>
   <div class='ocr_carea' id='block_1_13' title="bbox 531 1445 1631 1523">
    <p class='ocr_par' dir='ltr' id='par_1_13' title="bbox 531 1445 1631 1523">
     <span class='ocr_line' id='line_1_13' title="bbox 531 1445 1631 1523; baseline -0.001 -17"><span class='ocrx_word' id='word_1_63' title='bbox 531 1448 679 1507; x_wconf 75' lang='grc' dir='ltr'>Κατά</span> <span class='ocrx_word' id='word_1_64' title='bbox 706 1470 770 1523; x_wconf 92' lang='grc' dir='ltr'>γε</span> <span class='ocrx_word' id='word_1_65' title='bbox 795 1445 1023 1503; x_wconf 78' lang='grc' dir='ltr'>διπλοῦν</span> <span class='ocrx_word' id='word_1_66' title='bbox 1055 1447 1206 1503; x_wconf 88' lang='grc' dir='ltr'>κίονα</span> <span class='ocrx_word' id='word_1_67' title='bbox 1235 1448 1631 1519; x_wconf 84' lang='grc' dir='ltr'>Ηροποντίδος,</span> 
     </span>
    </p>
   </div>
   <div class='ocr_carea' id='block_1_14' title="bbox 354 1538 1567 1613">
    <p class='ocr_par' dir='ltr' id='par_1_14' title="bbox 354 1538 1567 1613">
     <span class='ocr_line' id='line_1_14' title="bbox 354 1538 1567 1613; baseline -0.003 -16"><span class='ocrx_word' id='word_1_68' title='bbox 354 1542 497 1597; x_wconf 83' lang='grc'>6650</span> <span class='ocrx_word' id='word_1_69' title='bbox 534 1539 853 1602; x_wconf 86' lang='grc' dir='ltr'>Ἀνεύθυνον</span> <span class='ocrx_word' id='word_1_70' title='bbox 885 1539 1151 1611; x_wconf 71' lang='grc' dir='ltr'>ξύμπασιν</span> <span class='ocrx_word' id='word_1_71' title='bbox 1182 1539 1248 1607; x_wconf 81' lang='grc' dir='ltr'>ἧν</span> <span class='ocrx_word' id='word_1_72' title='bbox 1285 1538 1567 1613; x_wconf 72' lang='grc' dir='ltr'>προσιέναι</span> 
     </span>
    </p>
   </div>
   <div class='ocr_carea' id='block_1_15' title="bbox 532 1626 1717 1702">
    <p class='ocr_par' dir='ltr' id='par_1_15' title="bbox 532 1626 1717 1702">
     <span class='ocr_line' id='line_1_15' title="bbox 532 1626 1717 1702; baseline 0 -17"><span class='ocrx_word' id='word_1_73' title='bbox 532 1628 637 1685; x_wconf 84' lang='grc' dir='ltr'>Καὶ</span> <span class='ocrx_word' id='word_1_74' title='bbox 671 1628 1011 1701; x_wconf 76' lang='grc' dir='ltr'>καθομιλεῖν,</span> <span class='ocrx_word' id='word_1_75' title='bbox 1044 1630 1219 1682; x_wconf 81' lang='grc' dir='ltr'>πάντα</span> <span class='ocrx_word' id='word_1_76' title='bbox 1247 1649 1307 1682; x_wconf 90' lang='grc' dir='ltr'>τε</span> <span class='ocrx_word' id='word_1_77' title='bbox 1345 1626 1470 1702; x_wconf 80' lang='grc' dir='ltr'>δρᾷν</span> <span class='ocrx_word' id='word_1_78' title='bbox 1505 1627 1717 1699; x_wconf 82' lang='grc' dir='ltr'>ἀνέδην.</span> 
     </span>
    </p>
   </div>
   <div class='ocr_carea' id='block_1_16' title="bbox 534 1713 1601 1789">
    <p class='ocr_par' dir='ltr' id='par_1_16' title="bbox 534 1713 1601 1789">
     <span class='ocr_line' id='line_1_16' title="bbox 534 1713 1601 1789; baseline -0.002 -17"><span class='ocrx_word' id='word_1_79' title='bbox 534 1716 813 1777; x_wconf 87' lang='grc' dir='ltr'>Διακόνοις</span> <span class='ocrx_word' id='word_1_80' title='bbox 846 1714 937 1771; x_wconf 75' lang='grc' dir='ltr'>οὖν</span> <span class='ocrx_word' id='word_1_81' title='bbox 968 1713 1203 1777; x_wconf 82' lang='grc' dir='ltr'>Ἰταλοῖς</span> <span class='ocrx_word' id='word_1_82' title='bbox 1234 1717 1601 1789; x_wconf 75' lang='grc' dir='ltr'>κεχρημένος,</span> 
     </span>
    </p>
   </div>
   <div class='ocr_carea' id='block_1_17' title="bbox 534 1803 1811 1882">
    <p class='ocr_par' dir='ltr' id='par_1_17' title="bbox 534 1803 1811 1882">
     <span class='ocr_line' id='line_1_17' title="bbox 534 1803 1811 1882; baseline 0.002 -24"><span class='ocrx_word' id='word_1_83' title='bbox 534 1803 780 1880; x_wconf 82' lang='grc' dir='ltr'>Ἀνδράσι</span> <span class='ocrx_word' id='word_1_84' title='bbox 809 1804 1011 1882; x_wconf 80' lang='grc' dir='ltr'>φίλοις,</span> <span class='ocrx_word' id='word_1_85' title='bbox 1041 1803 1319 1879; x_wconf 81' lang='grc' dir='ltr'>γράμματ’</span> <span class='ocrx_word' id='word_1_86' title='bbox 1348 1804 1609 1877; x_wconf 83' lang='grc' dir='ltr'>ἐκπέμπει</span> <span class='ocrx_word' id='word_1_87' title='bbox 1641 1805 1811 1880; x_wconf 81' lang='grc' dir='ltr'>λάθρα</span> 
     </span>
    </p>
   </div>
   <div class='ocr_carea' id='block_1_18' title="bbox 530 1892 1607 1969">
    <p class='ocr_par' dir='ltr' id='par_1_18' title="bbox 530 1892 1607 1969">
     <span class='ocr_line' id='line_1_18' title="bbox 530 1892 1607 1969; baseline 0 -20"><span class='ocrx_word' id='word_1_88' title='bbox 530 1893 677 1969; x_wconf 77' lang='grc' dir='ltr'>Φίλῃ</span> <span class='ocrx_word' id='word_1_89' title='bbox 708 1893 932 1969; x_wconf 84' lang='grc' dir='ltr'>θυγατρὶ</span> <span class='ocrx_word' id='word_1_90' title='bbox 956 1897 1024 1965; x_wconf 80' lang='grc' dir='ltr'>τῇ</span> <span class='ocrx_word' id='word_1_91' title='bbox 1060 1892 1292 1965; x_wconf 79' lang='grc' dir='ltr'>συνεύνῳ</span> <span class='ocrx_word' id='word_1_92' title='bbox 1323 1892 1607 1949; x_wconf 79' lang='grc' dir='ltr'>Φιλίππου</span> 
     </span>
    </p>
   </div>
   <div class='ocr_carea' id='block_1_19' title="bbox 342 1980 1584 2057">
    <p class='ocr_par' dir='ltr' id='par_1_19' title="bbox 342 1980 1584 2057">
     <span class='ocr_line' id='line_1_19' title="bbox 342 1980 1584 2057; baseline -0.003 -16"><span class='ocrx_word' id='word_1_93' title='bbox 342 1986 493 2041; x_wconf 86' lang='grc'>6655</span> <span class='ocrx_word' id='word_1_94' title='bbox 532 1981 854 2055; x_wconf 83' lang='grc' dir='ltr'>Ἀλαμανῶν</span> <span class='ocrx_word' id='word_1_95' title='bbox 886 1980 1155 2056; x_wconf 73' lang='grc' dir='ltr'>ἄρχοντος</span> <span class='ocrx_word' id='word_1_96' title='bbox 1188 1980 1430 2057; x_wconf 80' lang='grc' dir='ltr'>εὐτυχῶς</span> <span class='ocrx_word' id='word_1_97' title='bbox 1462 1984 1584 2037; x_wconf 88' lang='grc' dir='ltr'>τότε</span> 
     </span>
    </p>
   </div>
   <div class='ocr_carea' id='block_1_20' title="bbox 531 2067 1691 2145">
    <p class='ocr_par' dir='ltr' id='par_1_20' title="bbox 531 2067 1691 2145">
     <span class='ocr_line' id='line_1_20' title="bbox 531 2067 1691 2145; baseline -0.003 -16"><span class='ocrx_word' id='word_1_98' title='bbox 531 2073 743 2143; x_wconf 80' lang='grc' dir='ltr'>Δηλοῦν</span> <span class='ocrx_word' id='word_1_99' title='bbox 775 2074 841 2127; x_wconf 75' lang='grc' dir='ltr'>τά</span> <span class='ocrx_word' id='word_1_100' title='bbox 871 2074 922 2126; x_wconf 75' lang='grc' dir='ltr'>οἳ</span> <span class='ocrx_word' id='word_1_101' title='bbox 954 2072 1230 2144; x_wconf 78' lang='grc' dir='ltr'>ξύμπαντα</span> <span class='ocrx_word' id='word_1_102' title='bbox 1262 2067 1645 2145; x_wconf 73' lang='grc' dir='ltr'>συμϐεϐηκότα</span> <span class='ocrx_word' id='word_1_103' title='bbox 1680 2092 1691 2105; x_wconf 80' lang='grc'><em>’</em></span> 
     </span>
    </p>
   </div>
   <div class='ocr_carea' id='block_1_21' title="bbox 531 2158 1630 2236">
    <p class='ocr_par' dir='ltr' id='par_1_21' title="bbox 531 2158 1630 2236">
     <span class='ocr_line' id='line_1_21' title="bbox 531 2158 1630 2236; baseline -0.001 -19"><span class='ocrx_word' id='word_1_104' title='bbox 531 2162 784 2225; x_wconf 84' lang='grc' dir='ltr'>Κάκεῖθεν</span> <span class='ocrx_word' id='word_1_105' title='bbox 816 2160 1114 2236; x_wconf 81' lang='grc' dir='ltr'>ἀντίγραφα</span> <span class='ocrx_word' id='word_1_106' title='bbox 1144 2158 1630 2236; x_wconf 73' lang='grc' dir='ltr'>προσδεδεγμένος,</span> 
     </span>
    </p>
   </div>
   <div class='ocr_carea' id='block_1_22' title="bbox 527 2248 1542 2325">
    <p class='ocr_par' dir='ltr' id='par_1_22' title="bbox 527 2248 1542 2325">
     <span class='ocr_line' id='line_1_22' title="bbox 527 2248 1542 2325; baseline -0.001 -20"><span class='ocrx_word' id='word_1_107' title='bbox 527 2250 737 2323; x_wconf 83' lang='grc' dir='ltr'>Πέμπει</span> <span class='ocrx_word' id='word_1_108' title='bbox 770 2250 906 2325; x_wconf 87' lang='grc' dir='ltr'>πρὸς</span> <span class='ocrx_word' id='word_1_109' title='bbox 936 2248 1104 2318; x_wconf 76' lang='grc' dir='ltr'>αὐτὴν</span> <span class='ocrx_word' id='word_1_110' title='bbox 1136 2248 1375 2321; x_wconf 77' lang='grc' dir='ltr'>Ἀλέξιον</span> <span class='ocrx_word' id='word_1_111' title='bbox 1404 2250 1542 2321; x_wconf 76' lang='grc' dir='ltr'>υἱέα,</span> 
     </span>
    </p>
   </div>
   <div class='ocr_carea' id='block_1_23' title="bbox 522 2335 1819 2415">
    <p class='ocr_par' dir='ltr' id='par_1_23' title="bbox 522 2335 1819 2415">
     <span class='ocr_line' id='line_1_23' title="bbox 522 2335 1819 2415; baseline 0.002 -22"><span class='ocrx_word' id='word_1_112' title='bbox 522 2342 618 2397; x_wconf 89' lang='grc' dir='ltr'>Ὀν</span> <span class='ocrx_word' id='word_1_113' title='bbox 650 2337 739 2393; x_wconf 86' lang='grc' dir='ltr'>καὶ</span> <span class='ocrx_word' id='word_1_114' title='bbox 773 2336 953 2393; x_wconf 82' lang='grc' dir='ltr'>λιπεῖν</span> <span class='ocrx_word' id='word_1_115' title='bbox 981 2335 1184 2406; x_wconf 74' lang='grc' dir='ltr'>ἤλπιζε</span> <span class='ocrx_word' id='word_1_116' title='bbox 1208 2336 1525 2412; x_wconf 74' lang='grc' dir='ltr'>κληροῦχον</span> <span class='ocrx_word' id='word_1_117' title='bbox 1570 2339 1819 2415; x_wconf 85' lang='grc' dir='ltr'>στέφους,</span> 
     </span>
    </p>
   </div>
   <div class='ocr_carea' id='block_1_24' title="bbox 351 2432 1737 2510">
    <p class='ocr_par' dir='ltr' id='par_1_24' title="bbox 351 2432 1737 2510">
     <span class='ocr_line' id='line_1_24' title="bbox 351 2432 1737 2510; baseline -0.001 -18"><span class='ocrx_word' id='word_1_118' title='bbox 351 2440 487 2495; x_wconf 89' lang='grc'>6660</span> <span class='ocrx_word' id='word_1_119' title='bbox 522 2436 771 2501; x_wconf 77' lang='grc' dir='ltr'>Λαθόντα</span> <span class='ocrx_word' id='word_1_120' title='bbox 798 2436 897 2503; x_wconf 83' lang='grc' dir='ltr'>τήν</span> <span class='ocrx_word' id='word_1_121' title='bbox 932 2432 1180 2504; x_wconf 72' lang='grc' dir='ltr'>αἶ’σθησιν</span> <span class='ocrx_word' id='word_1_122' title='bbox 1215 2437 1301 2496; x_wconf 80' lang='grc' dir='ltr'>οἷς</span> <span class='ocrx_word' id='word_1_123' title='bbox 1326 2433 1524 2489; x_wconf 69' lang='grc' dir='ltr'>τούτου</span> <span class='ocrx_word' id='word_1_124' title='bbox 1550 2434 1737 2510; x_wconf 87' lang='grc' dir='ltr'>λόγος.</span> 
     </span>
    </p>
   </div>
   <div class='ocr_carea' id='block_1_25' title="bbox 525 2519 1615 2597">
    <p class='ocr_par' dir='ltr' id='par_1_25' title="bbox 525 2519 1615 2597">
     <span class='ocr_line' id='line_1_25' title="bbox 525 2519 1615 2597; baseline -0.002 -18"><span class='ocrx_word' id='word_1_125' title='bbox 525 2528 713 2585; x_wconf 82' lang='grc' dir='ltr'>’Ὅπως</span> <span class='ocrx_word' id='word_1_126' title='bbox 745 2521 802 2579; x_wconf 71' lang='grc' dir='ltr'>δὲ</span> <span class='ocrx_word' id='word_1_127' title='bbox 835 2522 1016 2587; x_wconf 80' lang='grc' dir='ltr'>λαθὼν</span> <span class='ocrx_word' id='word_1_128' title='bbox 1050 2519 1317 2597; x_wconf 84' lang='grc' dir='ltr'>διέδρασε,</span> <span class='ocrx_word' id='word_1_129' title='bbox 1352 2522 1567 2577; x_wconf 87' lang='grc' dir='ltr'>λεκτέον</span> <span class='ocrx_word' id='word_1_130' title='bbox 1603 2544 1615 2557; x_wconf 74' lang='grc' dir='ltr'>ο</span> 
     </span>
    </p>
   </div>
   <div class='ocr_carea' id='block_1_26' title="bbox 529 2610 1546 2689">
    <p class='ocr_par' dir='ltr' id='par_1_26' title="bbox 529 2610 1546 2689">
     <span class='ocr_line' id='line_1_26' title="bbox 529 2610 1546 2689; baseline -0.006 -19"><span class='ocrx_word' id='word_1_131' title='bbox 529 2614 705 2678; x_wconf 83' lang='grc' dir='ltr'>Οὗτός</span> <span class='ocrx_word' id='word_1_132' title='bbox 735 2635 797 2688; x_wconf 80' lang='grc' dir='ltr'>γε</span> <span class='ocrx_word' id='word_1_133' title='bbox 826 2613 1081 2683; x_wconf 81' lang='grc' dir='ltr'>συνέξεισι</span> <span class='ocrx_word' id='word_1_134' title='bbox 1110 2616 1189 2683; x_wconf 81' lang='grc' dir='ltr'>τῷ</span> <span class='ocrx_word' id='word_1_135' title='bbox 1222 2610 1546 2689; x_wconf 83' lang='grc' dir='ltr'>στεφηφόρῳ</span> 
     </span>
    </p>
   </div>
   <div class='ocr_carea' id='block_1_27' title="bbox 531 2701 1711 2774">
    <p class='ocr_par' dir='ltr' id='par_1_27' title="bbox 531 2701 1711 2774">
     <span class='ocr_line' id='line_1_27' title="bbox 531 2701 1711 2774; baseline 0.001 -18"><span class='ocrx_word' id='word_1_136' title='bbox 531 2702 850 2774; x_wconf 81' lang='grc' dir='ltr'>Στράτευμα</span> <span class='ocrx_word' id='word_1_137' title='bbox 880 2703 1165 2771; x_wconf 79' lang='grc' dir='ltr'>κινήσαντι</span> <span class='ocrx_word' id='word_1_138' title='bbox 1197 2701 1334 2754; x_wconf 82' lang='grc' dir='ltr'>κατὰ</span> <span class='ocrx_word' id='word_1_139' title='bbox 1364 2701 1663 2773; x_wconf 80' lang='grc' dir='ltr'>Καμμύτζη</span> <span class='ocrx_word' id='word_1_140' title='bbox 1700 2720 1711 2732; x_wconf 88' lang='grc'>·</span> 
     </span>
    </p>
   </div>
   <div class='ocr_carea' id='block_1_28' title="bbox 531 2788 1661 2864">
    <p class='ocr_par' dir='ltr' id='par_1_28' title="bbox 531 2788 1661 2864">
     <span class='ocr_line' id='line_1_28' title="bbox 531 2788 1661 2864; baseline -0.003 -17"><span class='ocrx_word' id='word_1_141' title='bbox 531 2791 626 2853; x_wconf 80' lang='grc' dir='ltr'>Εἷς</span> <span class='ocrx_word' id='word_1_142' title='bbox 660 2790 705 2845; x_wconf 85' lang='grc' dir='ltr'>δ’</span> <span class='ocrx_word' id='word_1_143' title='bbox 738 2789 826 2845; x_wconf 78' lang='grc' dir='ltr'>οὖν</span> <span class='ocrx_word' id='word_1_144' title='bbox 862 2789 1262 2864; x_wconf 82' lang='grc' dir='ltr'>Δαμοκράνειαν</span> <span class='ocrx_word' id='word_1_145' title='bbox 1292 2788 1661 2861; x_wconf 83' lang='grc' dir='ltr'>έσκηνημένου</span> 
     </span>
    </p>
   </div>
   <div class='ocr_carea' id='block_1_29' title="bbox 347 2875 1713 2955">
    <p class='ocr_par' dir='ltr' id='par_1_29' title="bbox 347 2875 1713 2955">
     <span class='ocr_line' id='line_1_29' title="bbox 347 2875 1713 2955; baseline -0.006 -15"><span class='ocrx_word' id='word_1_146' title='bbox 347 2884 494 2940; x_wconf 89' lang='grc'>6665</span> <span class='ocrx_word' id='word_1_147' title='bbox 532 2881 803 2955; x_wconf 82' lang='grc' dir='ltr'>Ἀπῴχετ’</span> <span class='ocrx_word' id='word_1_148' title='bbox 833 2878 993 2940; x_wconf 87' lang='grc' dir='ltr'>αὐτὸς</span> <span class='ocrx_word' id='word_1_149' title='bbox 1023 2875 1261 2953; x_wconf 79' lang='grc' dir='ltr'>ἀποδρὰς</span> <span class='ocrx_word' id='word_1_150' title='bbox 1290 2879 1424 2954; x_wconf 88' lang='grc' dir='ltr'>πρὸς</span> <span class='ocrx_word' id='word_1_151' title='bbox 1456 2878 1713 2952; x_wconf 84' lang='grc' dir='ltr'>Ἀθύραν.</span> 
     </span>
    </p>
   </div>
   <div class='ocr_carea' id='block_1_30' title="bbox 532 2963 1468 3045">
    <p class='ocr_par' dir='ltr' id='par_1_30' title="bbox 532 2963 1468 3045">
     <span class='ocr_line' id='line_1_30' title="bbox 532 2963 1468 3045; baseline -0.005 -22"><span class='ocrx_word' id='word_1_152' title='bbox 532 2963 821 3045; x_wconf 84' lang='grc' dir='ltr'>Ἐφόλκιον</span> <span class='ocrx_word' id='word_1_153' title='bbox 854 2964 911 3021; x_wconf 78' lang='grc' dir='ltr'>δὶ</span> <span class='ocrx_word' id='word_1_154' title='bbox 938 2967 1068 3036; x_wconf 85' lang='grc' dir='ltr'>νηὸς</span> <span class='ocrx_word' id='word_1_155' title='bbox 1099 2965 1300 3037; x_wconf 80' lang='grc' dir='ltr'>εὐρείας</span> <span class='ocrx_word' id='word_1_156' title='bbox 1330 2966 1468 3019; x_wconf 81' lang='grc' dir='ltr'>πάνυ</span> 
     </span>
    </p>
   </div>
   <div class='ocr_carea' id='block_1_31' title="bbox 529 3054 1710 3127">
    <p class='ocr_par' dir='ltr' id='par_1_31' title="bbox 529 3054 1710 3127">
     <span class='ocr_line' id='line_1_31' title="bbox 529 3054 1710 3127; baseline -0.006 -14"><span class='ocrx_word' id='word_1_157' title='bbox 529 3056 700 3126; x_wconf 84' lang='grc' dir='ltr'>Ἑλλη</span> <span class='ocrx_word' id='word_1_158' title='bbox 712 3054 990 3116; x_wconf 89' lang='grc' dir='ltr'>σποντίαις</span> <span class='ocrx_word' id='word_1_159' title='bbox 1022 3060 1225 3127; x_wconf 84' lang='grc' dir='ltr'>πηγαῖς</span> <span class='ocrx_word' id='word_1_160' title='bbox 1254 3054 1710 3126; x_wconf 82' lang='grc' dir='ltr'>καθωρμισμένης</span> 
     </span>
    </p>
   </div>
   <div class='ocr_carea' id='block_1_32' title="bbox 530 3141 1620 3217">
    <p class='ocr_par' dir='ltr' id='par_1_32' title="bbox 530 3141 1620 3217">
     <span class='ocr_line' id='line_1_32' title="bbox 530 3141 1620 3217; baseline -0.006 -16"><span class='ocrx_word' id='word_1_161' title='bbox 530 3146 628 3206; x_wconf 73' lang='grc' dir='ltr'>Ἠς</span> <span class='ocrx_word' id='word_1_162' title='bbox 658 3146 880 3217; x_wconf 77' lang='grc' dir='ltr'>ἡγεμὼν</span> <span class='ocrx_word' id='word_1_163' title='bbox 908 3142 973 3210; x_wconf 73' lang='grc' dir='ltr'>ἦν</span> <span class='ocrx_word' id='word_1_164' title='bbox 1003 3142 1061 3196; x_wconf 85' lang='grc' dir='ltr'>έκ</span> <span class='ocrx_word' id='word_1_165' title='bbox 1092 3141 1332 3196; x_wconf 85' lang='grc' dir='ltr'>Λατίνων</span> <span class='ocrx_word' id='word_1_166' title='bbox 1366 3144 1620 3203; x_wconf 80' lang='grc' dir='ltr'>Ηισσαῖος</span> 
     </span>
    </p>
   </div>
   <div class='ocr_carea' id='block_1_33' title="bbox 530 3227 1752 3307">
    <p class='ocr_par' dir='ltr' id='par_1_33' title="bbox 530 3227 1752 3307">
     <span class='ocr_line' id='line_1_33' title="bbox 530 3227 1752 3307; baseline -0.002 -20"><span class='ocrx_word' id='word_1_167' title='bbox 530 3232 990 3307; x_wconf 76' lang='grc' dir='ltr'>Προευτρεπισθὶν</span> <span class='ocrx_word' id='word_1_168' title='bbox 1018 3229 1094 3292; x_wconf 82' lang='grc' dir='ltr'>εἷς</span> <span class='ocrx_word' id='word_1_169' title='bbox 1126 3228 1300 3303; x_wconf 72' lang='grc' dir='ltr'>δοχὴν</span> <span class='ocrx_word' id='word_1_170' title='bbox 1332 3233 1429 3283; x_wconf 70' lang='grc' dir='ltr'>τοῦ⁹</span> <span class='ocrx_word' id='word_1_171' title='bbox 1462 3227 1752 3304; x_wconf 71' lang='grc' dir='ltr'>δραπέτου,</span> 
     </span>
    </p>
   </div>
   <div class='ocr_carea' id='block_1_34' title="bbox 348 3316 1437 3395">
    <p class='ocr_par' dir='ltr' id='par_1_34' title="bbox 348 3316 1437 3395">
     <span class='ocr_line' id='line_1_34' title="bbox 348 3316 1437 3395; baseline -0.007 -16"><span class='ocrx_word' id='word_1_172' title='bbox 348 3325 494 3379; x_wconf 82' lang='grc'>6670</span> <span class='ocrx_word' id='word_1_173' title='bbox 534 3323 678 3375; x_wconf 84' lang='grc' dir='ltr'>Ἐκεῖ</span> <span class='ocrx_word' id='word_1_174' title='bbox 706 3319 936 3395; x_wconf 83' lang='grc' dir='ltr'>κατάραν</span> <span class='ocrx_word' id='word_1_175' title='bbox 963 3316 1269 3391; x_wconf 70' lang='grc' dir='ltr'>ἐξεπίτηδες</span> <span class='ocrx_word' id='word_1_176' title='bbox 1296 3318 1437 3387; x_wconf 88' lang='grc' dir='ltr'>τότε,</span> 
     </span>
    </p>
   </div>
   <div class='ocr_carea' id='block_1_35' title="bbox 526 3407 1502 3483">
    <p class='ocr_par' dir='ltr' id='par_1_35' title="bbox 526 3407 1502 3483">
     <span class='ocr_line' id='line_1_35' title="bbox 526 3407 1502 3483; baseline -0.004 -17"><span class='ocrx_word' id='word_1_177' title='bbox 526 3411 804 3483; x_wconf 84' lang='grc' dir='ltr'>Ἥρπακὸς</span> <span class='ocrx_word' id='word_1_178' title='bbox 836 3407 1115 3483; x_wconf 77' lang='grc' dir='ltr'>ἐξέπλευσε</span> <span class='ocrx_word' id='word_1_179' title='bbox 1143 3409 1235 3463; x_wconf 89' lang='grc' dir='ltr'>τὸν</span> <span class='ocrx_word' id='word_1_180' title='bbox 1266 3408 1502 3478; x_wconf 90' lang='grc' dir='ltr'>νεανίαν,</span> 
     </span>
    </p>
   </div>
   <div class='ocr_carea' id='block_1_36' title="bbox 532 3496 1759 3572">
    <p class='ocr_par' dir='ltr' id='par_1_36' title="bbox 532 3496 1759 3572">
     <span class='ocr_line' id='line_1_36' title="bbox 532 3496 1759 3572; baseline -0.001 -17"><span class='ocrx_word' id='word_1_181' title='bbox 532 3500 637 3555; x_wconf 83' lang='grc' dir='ltr'>Καὶ</span> <span class='ocrx_word' id='word_1_182' title='bbox 667 3499 803 3572; x_wconf 86' lang='grc' dir='ltr'>πρὸς</span> <span class='ocrx_word' id='word_1_183' title='bbox 838 3498 949 3572; x_wconf 75' lang='grc' dir='ltr'>μέγ’</span> <span class='ocrx_word' id='word_1_184' title='bbox 982 3498 1250 3572; x_wconf 80' lang='grc' dir='ltr'>ἀπήνεγκε</span> <span class='ocrx_word' id='word_1_185' title='bbox 1278 3496 1472 3551; x_wconf 85' lang='grc' dir='ltr'>πλοῖον</span> <span class='ocrx_word' id='word_1_186' title='bbox 1506 3499 1759 3554; x_wconf 77' lang='grc' dir='ltr'>Λατίνου.</span> 
     </span>
    </p>
   </div>
   <div class='ocr_carea' id='block_1_37' title="bbox 532 3583 1653 3661">
    <p class='ocr_par' dir='ltr' id='par_1_37' title="bbox 532 3583 1653 3661">
     <span class='ocr_line' id='line_1_37' title="bbox 532 3583 1653 3661; baseline -0.001 -19"><span class='ocrx_word' id='word_1_187' title='bbox 532 3588 686 3642; x_wconf 81' lang='grc' dir='ltr'>Ἐπεὶ</span> <span class='ocrx_word' id='word_1_188' title='bbox 710 3584 767 3641; x_wconf 75' lang='grc' dir='ltr'>δὲ</span> <span class='ocrx_word' id='word_1_189' title='bbox 796 3584 1035 3661; x_wconf 84' lang='grc' dir='ltr'>δρασμὸς</span> <span class='ocrx_word' id='word_1_190' title='bbox 1062 3583 1354 3659; x_wconf 85' lang='grc' dir='ltr'>διέγνωστο</span> <span class='ocrx_word' id='word_1_191' title='bbox 1384 3590 1478 3639; x_wconf 79' lang='grc' dir='ltr'>τοῦ</span> <span class='ocrx_word' id='word_1_192' title='bbox 1508 3587 1653 3656; x_wconf 85' lang='grc' dir='ltr'>νέου,</span> 
     </span>
    </p>
   </div>
   <div class='ocr_carea' id='block_1_38' title="bbox 533 3672 1708 3751">
    <p class='ocr_par' dir='ltr' id='par_1_38' title="bbox 533 3672 1708 3751">
     <span class='ocr_line' id='line_1_38' title="bbox 533 3672 1708 3751; baseline -0.001 -21"><span class='ocrx_word' id='word_1_193' title='bbox 533 3673 762 3737; x_wconf 84' lang='grc' dir='ltr'>Στείλας</span> <span class='ocrx_word' id='word_1_194' title='bbox 796 3675 981 3751; x_wconf 79' lang='grc' dir='ltr'>ἐρευνᾷ</span> <span class='ocrx_word' id='word_1_195' title='bbox 1014 3672 1266 3749; x_wconf 77' lang='grc' dir='ltr'>βασιλεὺς</span> <span class='ocrx_word' id='word_1_196' title='bbox 1298 3673 1492 3728; x_wconf 89' lang='grc' dir='ltr'>πλοῖον</span> <span class='ocrx_word' id='word_1_197' title='bbox 1526 3672 1663 3749; x_wconf 66' lang='grc' dir='ltr'>μέγα</span> <span class='ocrx_word' id='word_1_198' title='bbox 1695 3695 1708 3706; x_wconf 87' lang='grc'><strong>·</strong></span> 
     </span>
    </p>
   </div>
   <div class='ocr_carea' id='block_1_39' title="bbox 335 3769 1679 3847">
    <p class='ocr_par' dir='ltr' id='par_1_39' title="bbox 335 3769 1679 3847">
     <span class='ocr_line' id='line_1_39' title="bbox 335 3769 1679 3847; baseline -0.002 -17"><span class='ocrx_word' id='word_1_199' title='bbox 335 3776 482 3830; x_wconf 81' lang='grc'>6675</span> <span class='ocrx_word' id='word_1_200' title='bbox 525 3770 698 3830; x_wconf 73' lang='grc' dir='ltr'>Οὐδὶν</span> <span class='ocrx_word' id='word_1_201' title='bbox 733 3769 789 3827; x_wconf 72' lang='grc' dir='ltr'>δὲ</span> <span class='ocrx_word' id='word_1_202' title='bbox 819 3772 909 3826; x_wconf 87' lang='grc' dir='ltr'>καὶ</span> <span class='ocrx_word' id='word_1_203' title='bbox 942 3771 1227 3847; x_wconf 81' lang='grc' dir='ltr'>δράσαντες</span> <span class='ocrx_word' id='word_1_204' title='bbox 1262 3771 1679 3844; x_wconf 82' lang='grc' dir='ltr'>ἀπεσταλμένοι,</span> 
     </span>
    </p>
   </div>
   <div class='ocr_carea' id='block_1_40' title="bbox 524 3856 1632 3933">
    <p class='ocr_par' dir='ltr' id='par_1_40' title="bbox 524 3856 1632 3933">
     <span class='ocr_line' id='line_1_40' title="bbox 524 3856 1632 3933; baseline 0.002 -20"><span class='ocrx_word' id='word_1_205' title='bbox 524 3856 897 3932; x_wconf 85' lang='grc' dir='ltr'>Παλίνδρομοι</span> <span class='ocrx_word' id='word_1_206' title='bbox 927 3857 1185 3933; x_wconf 74' lang='grc' dir='ltr'>φθάνουσι</span> <span class='ocrx_word' id='word_1_207' title='bbox 1216 3858 1351 3933; x_wconf 86' lang='grc' dir='ltr'>πρὸς</span> <span class='ocrx_word' id='word_1_208' title='bbox 1386 3857 1632 3932; x_wconf 83' lang='grc' dir='ltr'>βασιλέα.</span> 
     </span>
    </p>
   </div>
   <div class='ocr_carea' id='block_1_41' title="bbox 527 3946 1655 4023">
    <p class='ocr_par' dir='ltr' id='par_1_41' title="bbox 527 3946 1655 4023">
     <span class='ocr_line' id='line_1_41' title="bbox 527 3946 1655 4023; baseline -0.003 -20"><span class='ocrx_word' id='word_1_209' title='bbox 527 3948 863 4020; x_wconf 83' lang='grc' dir='ltr'>Κειράμενος</span> <span class='ocrx_word' id='word_1_210' title='bbox 894 3947 997 4021; x_wconf 81' lang='grc' dir='ltr'>γὰρ</span> <span class='ocrx_word' id='word_1_211' title='bbox 1028 3947 1239 4023; x_wconf 77' lang='grc' dir='ltr'>εὐφυῶς</span> <span class='ocrx_word' id='word_1_212' title='bbox 1270 3946 1425 4008; x_wconf 79' lang='grc' dir='ltr'>οὗτος</span> <span class='ocrx_word' id='word_1_213' title='bbox 1452 3948 1655 4019; x_wconf 83' lang='grc' dir='ltr'>κόμην,</span> 
     </span>
    </p>
   </div>
   <div class='ocr_carea' id='block_1_42' title="bbox 525 4035 1640 4108">
    <p class='ocr_par' dir='ltr' id='par_1_42' title="bbox 525 4035 1640 4108">
     <span class='ocr_line' id='line_1_42' title="bbox 525 4035 1640 4108; baseline -0.001 -17"><span class='ocrx_word' id='word_1_214' title='bbox 525 4035 833 4107; x_wconf 81' lang='grc' dir='ltr'>Ἐσθήμασί</span> <span class='ocrx_word' id='word_1_215' title='bbox 860 4055 919 4089; x_wconf 90' lang='grc' dir='ltr'>τε</span> <span class='ocrx_word' id='word_1_216' title='bbox 950 4035 1341 4108; x_wconf 85' lang='grc' dir='ltr'>σχηματισθεὶς</span> <span class='ocrx_word' id='word_1_217' title='bbox 1370 4037 1640 4106; x_wconf 84' lang='grc' dir='ltr'>Λατίνων,</span> 
     </span>
    </p>
   </div>
   <div class='ocr_carea' id='block_1_43' title="bbox 527 4121 1685 4201">
    <p class='ocr_par' dir='ltr' id='par_1_43' title="bbox 527 4121 1685 4201">
     <span class='ocr_line' id='line_1_43' title="bbox 527 4121 1685 4201; baseline 0 -22"><span class='ocrx_word' id='word_1_218' title='bbox 527 4123 863 4196; x_wconf 78' lang='grc' dir='ltr'>Εἱλούμενός</span> <span class='ocrx_word' id='word_1_219' title='bbox 892 4126 937 4177; x_wconf 81' lang='grc' dir='ltr'>τ’</span> <span class='ocrx_word' id='word_1_220' title='bbox 972 4123 1036 4177; x_wconf 80' lang='grc' dir='ltr'>αὗ</span> <span class='ocrx_word' id='word_1_221' title='bbox 1069 4122 1262 4195; x_wconf 77' lang='grc' dir='ltr'>ἀναμὶξ</span> <span class='ocrx_word' id='word_1_222' title='bbox 1294 4124 1469 4178; x_wconf 82' lang='grc' dir='ltr'>αὐτῶν</span> <span class='ocrx_word' id='word_1_223' title='bbox 1504 4121 1685 4201; x_wconf 77' lang='grc' dir='ltr'>ὄχλῳ,</span> 
     </span>
    </p>
   </div>
   <div class='ocr_carea' id='block_1_44' title="bbox 345 4210 1655 4287">
    <p class='ocr_par' dir='ltr' id='par_1_44' title="bbox 345 4210 1655 4287">
     <span class='ocr_line' id='line_1_44' title="bbox 345 4210 1655 4287; baseline -0.004 -17"><span class='ocrx_word' id='word_1_224' title='bbox 345 4215 492 4269; x_wconf 87' lang='grc'>6680</span> <span class='ocrx_word' id='word_1_225' title='bbox 530 4213 842 4287; x_wconf 84' lang='grc' dir='ltr'>’Δγνωστος</span> <span class='ocrx_word' id='word_1_226' title='bbox 873 4213 939 4280; x_wconf 78' lang='grc' dir='ltr'>ἦν</span> <span class='ocrx_word' id='word_1_227' title='bbox 975 4214 1141 4265; x_wconf 80' lang='grc' dir='ltr'>ἅπασι</span> <span class='ocrx_word' id='word_1_228' title='bbox 1171 4212 1259 4266; x_wconf 84' lang='grc' dir='ltr'>καὶ</span> <span class='ocrx_word' id='word_1_229' title='bbox 1289 4217 1405 4275; x_wconf 89' lang='grc' dir='ltr'>τοῖς</span> <span class='ocrx_word' id='word_1_230' title='bbox 1435 4210 1655 4271; x_wconf 82' lang='grc' dir='ltr'>εἰδόσιν,</span> 
     </span>
    </p>
   </div>
   <div class='ocr_carea' id='block_1_45' title="bbox 526 4298 1576 4375">
    <p class='ocr_par' dir='ltr' id='par_1_45' title="bbox 526 4298 1576 4375">
     <span class='ocr_line' id='line_1_45' title="bbox 526 4298 1576 4375; baseline -0.004 -17"><span class='ocrx_word' id='word_1_231' title='bbox 526 4299 716 4362; x_wconf 67' lang='grc' dir='ltr'>Οὕτως</span> <span class='ocrx_word' id='word_1_232' title='bbox 747 4298 986 4375; x_wconf 76' lang='grc' dir='ltr'>ἀποδρὰς</span> <span class='ocrx_word' id='word_1_233' title='bbox 1018 4300 1279 4372; x_wconf 75' lang='grc' dir='ltr'>Ἀλέξιος,</span> <span class='ocrx_word' id='word_1_234' title='bbox 1314 4302 1386 4362; x_wconf 88' lang='grc' dir='ltr'>ὡς</span> <span class='ocrx_word' id='word_1_235' title='bbox 1419 4299 1576 4374; x_wconf 81' lang='grc' dir='ltr'>ἔφην,</span> 
     </span>
    </p>
   </div>
   <div class='ocr_carea' id='block_1_46' title="bbox 528 4385 1575 4462">
    <p class='ocr_par' dir='ltr' id='par_1_46' title="bbox 528 4385 1575 4462">
     <span class='ocr_line' id='line_1_46' title="bbox 528 4385 1575 4462; baseline -0.001 -20"><span class='ocrx_word' id='word_1_236' title='bbox 528 4389 673 4462; x_wconf 78' lang='grc' dir='ltr'>Πρὸς</span> <span class='ocrx_word' id='word_1_237' title='bbox 700 4390 1031 4461; x_wconf 78' lang='grc' dir='ltr'>κασιγνήτην</span> <span class='ocrx_word' id='word_1_238' title='bbox 1059 4388 1111 4443; x_wconf 73' lang='grc' dir='ltr'>ἐν</span> <span class='ocrx_word' id='word_1_239' title='bbox 1144 4385 1366 4459; x_wconf 79' lang='grc' dir='ltr'>Σικελίᾳ</span> <span class='ocrx_word' id='word_1_240' title='bbox 1393 4386 1575 4458; x_wconf 82' lang='grc' dir='ltr'>πλέει,</span> 
     </span>
    </p>
   </div>
   <div class='ocr_carea' id='block_1_47' title="bbox 528 4474 1743 4554">
    <p class='ocr_par' dir='ltr' id='par_1_47' title="bbox 528 4474 1743 4554">
     <span class='ocr_line' id='line_1_47' title="bbox 528 4474 1743 4554; baseline 0.003 -25"><span class='ocrx_word' id='word_1_241' title='bbox 528 4478 628 4531; x_wconf 78' lang='grc' dir='ltr'>Καὶ</span> <span class='ocrx_word' id='word_1_242' title='bbox 658 4474 780 4549; x_wconf 75' lang='grc' dir='ltr'>τῇδ’</span> <span class='ocrx_word' id='word_1_243' title='bbox 813 4474 1424 4554; x_wconf 80' lang='grc' dir='ltr'>ἐποφθεῖς,έκτραγῳδεῖ</span> <span class='ocrx_word' id='word_1_244' title='bbox 1452 4478 1518 4531; x_wconf 79' lang='grc' dir='ltr'>τὰ</span> <span class='ocrx_word' id='word_1_245' title='bbox 1548 4477 1693 4548; x_wconf 84' lang='grc' dir='ltr'>πάθη</span> <span class='ocrx_word' id='word_1_246' title='bbox 1731 4498 1743 4511; x_wconf 87' lang='grc'><strong>·</strong></span> 
     </span>
    </p>
   </div>
   <div class='ocr_carea' id='block_1_48' title="bbox 524 4563 1615 4640">
    <p class='ocr_par' dir='ltr' id='par_1_48' title="bbox 524 4563 1615 4640">
     <span class='ocr_line' id='line_1_48' title="bbox 524 4563 1522 4620; baseline 0.001 0"><span class='ocrx_word' id='word_1_247' title='bbox 524 4567 585 4620; x_wconf 86' lang='grc' dir='ltr'>Ἡ</span> <span class='ocrx_word' id='word_1_248' title='bbox 615 4563 716 4620; x_wconf 75' lang='grc' dir='ltr'>δ’ἰ</span> <span class='ocrx_word' id='word_1_249' title='bbox 757 4564 789 4620; x_wconf 85' lang='grc' dir='ltr'>λ</span> <span class='ocrx_word' id='word_1_250' title='bbox 957 4570 982 4581; x_wconf 72' lang='lat'><strong><em>”</em></strong></span> <span class='ocrx_word' id='word_1_251' title='bbox 1049 4566 1060 4581; x_wconf 85' lang='lat'><em>‘</em></span> <span class='ocrx_word' id='word_1_252' title='bbox 1181 4565 1193 4584; x_wconf 93' lang='lat'><strong><em>’</em></strong></span> <span class='ocrx_word' id='word_1_253' title='bbox 1426 4566 1441 4584; x_wconf 83' lang='lat'><strong>’</strong></span> <span class='ocrx_word' id='word_1_254' title='bbox 1496 4571 1522 4581; x_wconf 76' lang='grc'><em>”</em></span> 
     </span>
     <span class='ocr_line' id='line_1_49' title="bbox 720 4582 1615 4640; baseline 0.001 -21"><span class='ocrx_word' id='word_1_255' title='bbox 720 4586 752 4619; x_wconf 92' lang='grc' dir='ltr'>κ</span> <span class='ocrx_word' id='word_1_256' title='bbox 797 4582 980 4640; x_wconf 87' lang='grc' dir='ltr'>ιπαρει</span> <span class='ocrx_word' id='word_1_257' title='bbox 1010 4586 1099 4619; x_wconf 83' lang='grc' dir='ltr'>τον</span> <span class='ocrx_word' id='word_1_258' title='bbox 1136 4587 1384 4620; x_wconf 90' lang='grc' dir='ltr'>συνευνον</span> <span class='ocrx_word' id='word_1_259' title='bbox 1416 4587 1615 4638; x_wconf 88' lang='grc' dir='ltr'>αμυναι</span> 
     </span>
    </p>
   </div>
   <div class='ocr_carea' id='block_1_49' title="bbox 341 4660 1613 4737">
    <p class='ocr_par' dir='ltr' id='par_1_49' title="bbox 341 4660 1613 4737">
     <span class='ocr_line' id='line_1_50' title="bbox 341 4660 1613 4737; baseline -0.002 -18"><span class='ocrx_word' id='word_1_260' title='bbox 341 4665 487 4719; x_wconf 88' lang='grc'>6685</span> <span class='ocrx_word' id='word_1_261' title='bbox 526 4662 689 4734; x_wconf 80' lang='grc' dir='ltr'>Φίλῳ</span> <span class='ocrx_word' id='word_1_262' title='bbox 716 4683 774 4717; x_wconf 89' lang='grc' dir='ltr'>τε</span> <span class='ocrx_word' id='word_1_263' title='bbox 804 4663 967 4734; x_wconf 85' lang='grc' dir='ltr'>πατρὶ</span> <span class='ocrx_word' id='word_1_264' title='bbox 1000 4660 1279 4737; x_wconf 82' lang='grc' dir='ltr'>δυστυχῶς</span> <span class='ocrx_word' id='word_1_265' title='bbox 1311 4666 1613 4737; x_wconf 84' lang='grc' dir='ltr'>πεπραγότι</span> 
     </span>
    </p>
   </div>
   <div class='ocr_carea' id='block_1_50' title="bbox 531 4750 1740 4826">
    <p class='ocr_par' dir='ltr' id='par_1_50' title="bbox 531 4750 1740 4826">
     <span class='ocr_line' id='line_1_51' title="bbox 531 4750 1740 4826; baseline 0.001 -19"><span class='ocrx_word' id='word_1_266' title='bbox 531 4750 632 4807; x_wconf 85' lang='grc' dir='ltr'>Καὶ</span> <span class='ocrx_word' id='word_1_267' title='bbox 668 4751 910 4826; x_wconf 84' lang='grc' dir='ltr'>συγγόνῳ</span> <span class='ocrx_word' id='word_1_268' title='bbox 937 4750 1172 4821; x_wconf 79' lang='grc' dir='ltr'>πλάνητι</span> <span class='ocrx_word' id='word_1_269' title='bbox 1207 4757 1401 4824; x_wconf 84' lang='grc' dir='ltr'>γυμνῷ</span> <span class='ocrx_word' id='word_1_270' title='bbox 1430 4754 1476 4804; x_wconf 91' lang='grc' dir='ltr'>τ’</span> <span class='ocrx_word' id='word_1_271' title='bbox 1506 4752 1740 4826; x_wconf 72' lang='grc' dir='ltr'>ἀστέγῳ.</span> 
     </span>
    </p>
   </div>
   <div class='ocr_carea' id='block_1_51' title="bbox 525 4839 1630 4913">
    <p class='ocr_par' dir='ltr' id='par_1_51' title="bbox 525 4839 1630 4913">
     <span class='ocr_line' id='line_1_52' title="bbox 525 4839 1630 4913; baseline 0.001 -20"><span class='ocrx_word' id='word_1_272' title='bbox 525 4843 705 4893; x_wconf 77' lang='grc' dir='ltr'>Ταῦτα</span> <span class='ocrx_word' id='word_1_273' title='bbox 739 4842 831 4911; x_wconf 78' lang='grc' dir='ltr'>μὲν</span> <span class='ocrx_word' id='word_1_274' title='bbox 865 4839 1008 4893; x_wconf 69' lang='grc' dir='ltr'>οὕτω</span> <span class='ocrx_word' id='word_1_275' title='bbox 1040 4840 1327 4913; x_wconf 87' lang='grc' dir='ltr'>συνέκυρσε</span> <span class='ocrx_word' id='word_1_276' title='bbox 1356 4844 1433 4909; x_wconf 80' lang='grc' dir='ltr'>τῷ</span> <span class='ocrx_word' id='word_1_277' title='bbox 1462 4841 1585 4894; x_wconf 85' lang='grc' dir='ltr'>τότε</span> <span class='ocrx_word' id='word_1_278' title='bbox 1620 4858 1630 4869; x_wconf 91' lang='grc'><strong>·</strong></span> 
     </span>
    </p>
   </div>
   <div class='ocr_carea' id='block_1_52' title="bbox 530 4924 1791 5004">
    <p class='ocr_par' dir='ltr' id='par_1_52' title="bbox 530 4924 1791 5004">
     <span class='ocr_line' id='line_1_53' title="bbox 530 4924 1791 5004; baseline 0.002 -23"><span class='ocrx_word' id='word_1_279' title='bbox 530 4928 696 4994; x_wconf 80' lang='grc' dir='ltr'>’Υπῆν</span> <span class='ocrx_word' id='word_1_280' title='bbox 727 4924 773 4981; x_wconf 87' lang='grc' dir='ltr'>δ’</span> <span class='ocrx_word' id='word_1_281' title='bbox 802 4926 1008 4998; x_wconf 76' lang='grc' dir='ltr'>ἐριννὺς</span> <span class='ocrx_word' id='word_1_282' title='bbox 1035 4928 1300 5004; x_wconf 80' lang='grc' dir='ltr'>φθαρτικὴ</span> <span class='ocrx_word' id='word_1_283' title='bbox 1330 4926 1418 4981; x_wconf 81' lang='grc' dir='ltr'>καί</span> <span class='ocrx_word' id='word_1_284' title='bbox 1449 4928 1573 5000; x_wconf 83' lang='grc' dir='ltr'>πρὶν</span> <span class='ocrx_word' id='word_1_285' title='bbox 1606 4929 1791 5003; x_wconf 74' lang='grc' dir='ltr'>πόλει,</span> 
     </span>
    </p>
   </div>
   <div class='ocr_carea' id='block_1_53' title="bbox 526 5013 1647 5089">
    <p class='ocr_par' dir='ltr' id='par_1_53' title="bbox 526 5013 1647 5089">
     <span class='ocr_line' id='line_1_54' title="bbox 526 5013 1647 5089; baseline -0.002 -18"><span class='ocrx_word' id='word_1_286' title='bbox 526 5014 744 5089; x_wconf 79' lang='grc' dir='ltr'>Ἐρίκος</span> <span class='ocrx_word' id='word_1_287' title='bbox 774 5036 855 5076; x_wconf 90' lang='grc' dir='ltr'>τις</span> <span class='ocrx_word' id='word_1_288' title='bbox 891 5014 1197 5077; x_wconf 69' lang='grc' dir='ltr'>Δοίνδουλος</span> <span class='ocrx_word' id='word_1_289' title='bbox 1227 5013 1351 5084; x_wconf 77' lang='grc' dir='ltr'>δοὺξ</span> <span class='ocrx_word' id='word_1_290' title='bbox 1380 5015 1647 5085; x_wconf 86' lang='grc' dir='ltr'>Βενετίας,</span> 
     </span>
    </p>
   </div>
   <div class='ocr_carea' id='block_1_54' title="bbox 344 5103 1595 5177">
    <p class='ocr_par' dir='ltr' id='par_1_54' title="bbox 344 5103 1595 5177">
     <span class='ocr_line' id='line_1_55' title="bbox 344 5103 1595 5177; baseline -0.004 -16"><span class='ocrx_word' id='word_1_291' title='bbox 344 5106 491 5161; x_wconf 83' lang='grc'>6690</span> <span class='ocrx_word' id='word_1_292' title='bbox 533 5105 695 5175; x_wconf 84' lang='grc' dir='ltr'>Ἀνὴρ</span> <span class='ocrx_word' id='word_1_293' title='bbox 724 5103 959 5177; x_wconf 80' lang='grc' dir='ltr'>ἀγύρτης</span> <span class='ocrx_word' id='word_1_294' title='bbox 990 5104 1078 5158; x_wconf 84' lang='grc' dir='ltr'>καὶ</span> <span class='ocrx_word' id='word_1_295' title='bbox 1110 5103 1344 5165; x_wconf 89' lang='grc' dir='ltr'>παλαιὸς</span> <span class='ocrx_word' id='word_1_296' title='bbox 1377 5104 1595 5173; x_wconf 85' lang='grc' dir='ltr'>κακίαν,</span> 
     </span>
    </p>
   </div>
   <div class='ocr_carea' id='block_1_55' title="bbox 526 5189 1518 5267">
    <p class='ocr_par' dir='ltr' id='par_1_55' title="bbox 526 5189 1518 5267">
     <span class='ocr_line' id='line_1_56' title="bbox 526 5189 1518 5267; baseline -0.001 -21"><span class='ocrx_word' id='word_1_297' title='bbox 526 5189 692 5266; x_wconf 78' lang='grc' dir='ltr'>’Ἀδιρ</span> <span class='ocrx_word' id='word_1_298' title='bbox 724 5191 1034 5267; x_wconf 75' lang='grc' dir='ltr'>ἀλιτήριος,</span> <span class='ocrx_word' id='word_1_299' title='bbox 1065 5192 1313 5247; x_wconf 78' lang='grc' dir='ltr'>Αὐσόνων</span> <span class='ocrx_word' id='word_1_300' title='bbox 1345 5191 1518 5263; x_wconf 80' lang='grc' dir='ltr'>λύμη,</span> 
     </span>
    </p>
   </div>
   <div class='ocr_carea' id='block_1_56' title="bbox 524 5279 1542 5356">
    <p class='ocr_par' dir='ltr' id='par_1_56' title="bbox 524 5279 1542 5356">
     <span class='ocr_line' id='line_1_57' title="bbox 524 5279 1542 5356; baseline -0.001 -21"><span class='ocrx_word' id='word_1_301' title='bbox 524 5282 619 5342; x_wconf 71' lang='grc' dir='ltr'>Ὃς</span> <span class='ocrx_word' id='word_1_302' title='bbox 653 5279 939 5356; x_wconf 83' lang='grc' dir='ltr'>ὑποτύφων</span> <span class='ocrx_word' id='word_1_303' title='bbox 968 5282 1217 5352; x_wconf 76' lang='grc' dir='ltr'>ζιύπυρον</span> <span class='ocrx_word' id='word_1_304' title='bbox 1254 5280 1542 5352; x_wconf 88' lang='grc' dir='ltr'>βασκανίας</span> 
     </span>
    </p>
   </div>
   <div class='ocr_carea' id='block_1_57' title="bbox 516 5365 1652 5441">
    <p class='ocr_par' dir='ltr' id='par_1_57' title="bbox 516 5365 1652 5441">
     <span class='ocr_line' id='line_1_58' title="bbox 516 5365 1652 5441; baseline -0.001 -18"><span class='ocrx_word' id='word_1_305' title='bbox 516 5368 839 5439; x_wconf 80' lang='grc' dir='ltr'>Ἐναύσματ’</span> <span class='ocrx_word' id='word_1_306' title='bbox 872 5368 935 5422; x_wconf 70' lang='grc' dir='ltr'>αὖ</span> <span class='ocrx_word' id='word_1_307' title='bbox 971 5365 1197 5439; x_wconf 76' lang='grc' dir='ltr'>μήνιδος</span> <span class='ocrx_word' id='word_1_308' title='bbox 1230 5365 1441 5430; x_wconf 80' lang='grc' dir='ltr'>ἔνδοθεν</span> <span class='ocrx_word' id='word_1_309' title='bbox 1472 5368 1652 5441; x_wconf 87' lang='grc' dir='ltr'>φέρων</span> 
     </span>
    </p>
   </div>
   <div class='ocr_carea' id='block_1_58' title="bbox 519 5454 1521 5525">
    <p class='ocr_par' dir='ltr' id='par_1_58' title="bbox 519 5454 1521 5525">
     <span class='ocr_line' id='line_1_59' title="bbox 519 5454 1521 5525; baseline -0.001 -15"><span class='ocrx_word' id='word_1_310' title='bbox 519 5458 605 5518; x_wconf 82' lang='grc' dir='ltr'>Ὠς</span> <span class='ocrx_word' id='word_1_311' title='bbox 638 5456 689 5511; x_wconf 78' lang='grc' dir='ltr'>ἑν</span> <span class='ocrx_word' id='word_1_312' title='bbox 719 5455 920 5525; x_wconf 75' lang='grc' dir='ltr'>σποδιᾷ</span> <span class='ocrx_word' id='word_1_313' title='bbox 946 5463 1043 5524; x_wconf 80' lang='grc' dir='ltr'>τῆς</span> <span class='ocrx_word' id='word_1_314' title='bbox 1074 5456 1265 5511; x_wconf 73' lang='grc' dir='ltr'>ἑαυτοῦ</span> <span class='ocrx_word' id='word_1_315' title='bbox 1298 5454 1521 5525; x_wconf 87' lang='grc' dir='ltr'>καρδίας</span> 
     </span>
    </p>
   </div>
   <div class='ocr_carea' id='block_1_59' title="bbox 346 5540 1723 5621">
    <p class='ocr_par' dir='ltr' id='par_1_59' title="bbox 346 5540 1723 5621">
     <span class='ocr_line' id='line_1_60' title="bbox 346 5540 1723 5621; baseline -0.001 -20"><span class='ocrx_word' id='word_1_316' title='bbox 346 5546 489 5601; x_wconf 85' lang='grc'>6695</span> <span class='ocrx_word' id='word_1_317' title='bbox 526 5547 640 5613; x_wconf 83' lang='grc' dir='ltr'>Τῆς</span> <span class='ocrx_word' id='word_1_318' title='bbox 673 5542 860 5614; x_wconf 84' lang='grc' dir='ltr'>δῆθεν,</span> <span class='ocrx_word' id='word_1_319' title='bbox 893 5545 967 5605; x_wconf 81' lang='grc' dir='ltr'>ὡς</span> <span class='ocrx_word' id='word_1_320' title='bbox 999 5540 1246 5617; x_wconf 80' lang='grc' dir='ltr'>ἔφασκεν,</span> <span class='ocrx_word' id='word_1_321' title='bbox 1280 5543 1355 5603; x_wconf 82' lang='grc' dir='ltr'>εἷς</span> <span class='ocrx_word' id='word_1_322' title='bbox 1380 5542 1723 5621; x_wconf 86' lang='grc' dir='ltr'>συμφυλέτας</span> 
     </span>
    </p>
   </div>
   <div class='ocr_carea' id='block_1_60' title="bbox 523 5632 1661 5709">
    <p class='ocr_par' dir='ltr' id='par_1_60' title="bbox 523 5632 1661 5709">
     <span class='ocr_line' id='line_1_61' title="bbox 523 5632 1661 5709; baseline 0 -22"><span class='ocrx_word' id='word_1_323' title='bbox 523 5636 656 5708; x_wconf 80' lang='grc' dir='ltr'>Παρ¹</span> <span class='ocrx_word' id='word_1_324' title='bbox 683 5632 946 5691; x_wconf 82' lang='grc' dir='ltr'>Αὐσόνων</span> <span class='ocrx_word' id='word_1_325' title='bbox 973 5632 1098 5706; x_wconf 83' lang='grc' dir='ltr'>πρὶν</span> <span class='ocrx_word' id='word_1_326' title='bbox 1135 5632 1335 5705; x_wconf 84' lang='grc' dir='ltr'>ζημίας</span> <span class='ocrx_word' id='word_1_327' title='bbox 1364 5632 1661 5709; x_wconf 76' lang='grc' dir='ltr'>παροινίας,</span> 
     </span>
    </p>
   </div>
   <div class='ocr_carea' id='block_1_61' title="bbox 1885 343 2241 399">
    <p class='ocr_par' dir='ltr' id='par_1_61' title="bbox 1885 343 2241 399">
     <span class='ocr_line' id='line_1_62' title="bbox 1885 343 2241 399; baseline -0.006 0"><span class='ocrx_word' id='word_1_328' title='bbox 1885 343 2241 399; x_wconf 66' lang='lat' dir='ltr'>CESARES.</span> 
     </span>
    </p>
   </div>
   <div class='ocr_carea' id='block_1_62' title="bbox 2035 467 3469 548">
    <p class='ocr_par' dir='ltr' id='par_1_62' title="bbox 2035 467 3469 548">
     <span class='ocr_line' id='line_1_63' title="bbox 2035 467 3469 548; baseline 0.008 -29"><span class='ocrx_word' id='word_1_329' title='bbox 2035 468 2089 534; x_wconf 79' lang='grc' dir='ltr'><strong>Α</strong></span> <span class='ocrx_word' id='word_1_330' title='bbox 2118 467 2218 537; x_wconf 85' lang='lat' dir='ltr'>qui</span> <span class='ocrx_word' id='word_1_331' title='bbox 2251 470 2512 540; x_wconf 80' lang='lat' dir='ltr'>quemvis</span> <span class='ocrx_word' id='word_1_332' title='bbox 2544 479 2843 545; x_wconf 81' lang='lat' dir='ltr'>superaret</span> <span class='ocrx_word' id='word_1_333' title='bbox 2872 474 3156 548; x_wconf 81' lang='lat' dir='ltr'>plorando</span> <span class='ocrx_word' id='word_1_334' title='bbox 3187 475 3469 548; x_wconf 87' lang='lat' dir='ltr'>tragicum</span> 
     </span>
    </p>
   </div>
   <div class='ocr_carea' id='block_1_63' title="bbox 2104 555 3363 633">
    <p class='ocr_par' dir='ltr' id='par_1_63' title="bbox 2104 555 3363 633">
     <span class='ocr_line' id='line_1_64' title="bbox 2104 555 3363 633; baseline 0.008 -23"><span class='ocrx_word' id='word_1_335' title='bbox 2104 555 2628 632; x_wconf 88' lang='lat' dir='ltr'>humanarumque</span> <span class='ocrx_word' id='word_1_336' title='bbox 2663 567 2915 619; x_wconf 84' lang='lat' dir='ltr'>actorem</span> <span class='ocrx_word' id='word_1_337' title='bbox 2950 565 3363 633; x_wconf 82' lang='lat' dir='ltr'>miseriarum;</span> 
     </span>
    </p>
   </div>
   <div class='ocr_carea' id='block_1_64' title="bbox 2110 646 3179 717">
    <p class='ocr_par' dir='ltr' id='par_1_64' title="bbox 2110 646 3179 717">
     <span class='ocr_line' id='line_1_65' title="bbox 2110 646 3179 717; baseline 0.008 -18"><span class='ocrx_word' id='word_1_338' title='bbox 2110 646 2314 717; x_wconf 81' lang='lat' dir='ltr'>quales</span> <span class='ocrx_word' id='word_1_339' title='bbox 2349 648 2582 704; x_wconf 85' lang='lat' dir='ltr'>fuerunt</span> <span class='ocrx_word' id='word_1_340' title='bbox 2614 652 2840 707; x_wconf 78' lang='lat' dir='ltr'>scilicet</span> <span class='ocrx_word' id='word_1_341' title='bbox 2871 653 2955 707; x_wconf 90' lang='lat' dir='ltr'>illi</span> <span class='ocrx_word' id='word_1_342' title='bbox 2983 654 3179 709; x_wconf 85' lang='lat' dir='ltr'>eximii</span> 
     </span>
    </p>
   </div>
   <div class='ocr_carea' id='block_1_65' title="bbox 2106 734 3441 813">
    <p class='ocr_par' dir='ltr' id='par_1_65' title="bbox 2106 734 3441 813">
     <span class='ocr_line' id='line_1_66' title="bbox 2106 734 3441 813; baseline 0.007 -26"><span class='ocrx_word' id='word_1_343' title='bbox 2106 734 2423 806; x_wconf 84' lang='lat' dir='ltr'>Sophocles</span> <span class='ocrx_word' id='word_1_344' title='bbox 2458 738 2881 811; x_wconf 67' lang='lat' dir='ltr'>Eschylusque</span> <span class='ocrx_word' id='word_1_345' title='bbox 2913 747 3084 812; x_wconf 90' lang='lat' dir='ltr'>atque</span> <span class='ocrx_word' id='word_1_346' title='bbox 3112 742 3441 813; x_wconf 83' lang='lat' dir='ltr'>Euripides.</span> 
     </span>
    </p>
   </div>
   <div class='ocr_carea' id='block_1_66' title="bbox 2104 822 3356 899">
    <p class='ocr_par' dir='ltr' id='par_1_66' title="bbox 2104 822 3356 899">
     <span class='ocr_line' id='line_1_67' title="bbox 2104 822 3356 899; baseline 0.007 -22"><span class='ocrx_word' id='word_1_347' title='bbox 2104 822 2320 879; x_wconf 87' lang='lat' dir='ltr'>Verum</span> <span class='ocrx_word' id='word_1_348' title='bbox 2353 830 2411 881; x_wconf 93' lang='lat' dir='ltr'>et</span> <span class='ocrx_word' id='word_1_349' title='bbox 2444 842 2549 898; x_wconf 87' lang='lat' dir='ltr'>ego</span> <span class='ocrx_word' id='word_1_350' title='bbox 2584 828 2768 884; x_wconf 87' lang='lat' dir='ltr'>fretus</span> <span class='ocrx_word' id='word_1_351' title='bbox 2800 830 3081 886; x_wconf 62' lang='lat' dir='ltr'>facundia</span> <span class='ocrx_word' id='word_1_352' title='bbox 3112 832 3356 899; x_wconf 88' lang='lat' dir='ltr'>viribus,</span> 
     </span>
    </p>
   </div>
   <div class='ocr_carea' id='block_1_67' title="bbox 2103 910 3151 988">
    <p class='ocr_par' dir='ltr' id='par_1_67' title="bbox 2103 910 3151 988">
     <span class='ocr_line' id='line_1_68' title="bbox 2103 910 3151 988; baseline 0.009 -23"><span class='ocrx_word' id='word_1_353' title='bbox 2103 910 2312 967; x_wconf 88' lang='lat' dir='ltr'>harum</span> <span class='ocrx_word' id='word_1_354' title='bbox 2341 931 2446 986; x_wconf 90' lang='lat' dir='ltr'>ope</span> <span class='ocrx_word' id='word_1_355' title='bbox 2478 916 2701 988; x_wconf 89' lang='lat' dir='ltr'>aliquid</span> <span class='ocrx_word' id='word_1_356' title='bbox 2737 920 2989 974; x_wconf 88' lang='lat' dir='ltr'>conabor</span> <span class='ocrx_word' id='word_1_357' title='bbox 3022 920 3151 975; x_wconf 87' lang='lat' dir='ltr'>fari.</span> 
     </span>
    </p>
   </div>
   <div class='ocr_carea' id='block_1_68' title="bbox 2107 1001 3247 1079">
    <p class='ocr_par' dir='ltr' id='par_1_68' title="bbox 2107 1001 3247 1079">
     <span class='ocr_line' id='line_1_69' title="bbox 2107 1001 3247 1079; baseline 0.008 -24"><span class='ocrx_word' id='word_1_358' title='bbox 2107 1001 2443 1059; x_wconf 88' lang='lat' dir='ltr'>Comnenus</span> <span class='ocrx_word' id='word_1_359' title='bbox 2473 1005 2663 1062; x_wconf 66' lang='lat' dir='ltr'>Caesar</span> <span class='ocrx_word' id='word_1_360' title='bbox 2692 1008 2991 1079; x_wconf 82' lang='lat' dir='ltr'>expulerat</span> <span class='ocrx_word' id='word_1_361' title='bbox 3014 1008 3247 1064; x_wconf 85' lang='lat' dir='ltr'>Alexius</span> 
     </span>
    </p>
   </div>
   <div class='ocr_carea' id='block_1_69' title="bbox 2106 1094 3256 1168">
    <p class='ocr_par' dir='ltr' id='par_1_69' title="bbox 2106 1094 3256 1168">
     <span class='ocr_line' id='line_1_70' title="bbox 2106 1094 3256 1168; baseline 0.009 -25"><span class='ocrx_word' id='word_1_362' title='bbox 2106 1105 2450 1160; x_wconf 90' lang='lat' dir='ltr'>germanum</span> <span class='ocrx_word' id='word_1_363' title='bbox 2488 1094 2773 1151; x_wconf 88' lang='lat' dir='ltr'>Isaacium</span> <span class='ocrx_word' id='word_1_364' title='bbox 2794 1098 2973 1168; x_wconf 88' lang='lat' dir='ltr'>regali</span> <span class='ocrx_word' id='word_1_365' title='bbox 3007 1099 3256 1165; x_wconf 82' lang='lat' dir='ltr'>throno;</span> 
     </span>
    </p>
   </div>
   <div class='ocr_carea' id='block_1_70' title="bbox 2106 1177 3245 1256">
    <p class='ocr_par' dir='ltr' id='par_1_70' title="bbox 2106 1177 3245 1256">
     <span class='ocr_line' id='line_1_71' title="bbox 2106 1177 3245 1256; baseline 0.007 -25"><span class='ocrx_word' id='word_1_366' title='bbox 2106 1177 2282 1248; x_wconf 89' lang='lat' dir='ltr'>idque</span> <span class='ocrx_word' id='word_1_367' title='bbox 2314 1180 2552 1237; x_wconf 75' lang='lat' dir='ltr'>fortasse</span> <span class='ocrx_word' id='word_1_368' title='bbox 2584 1182 2771 1239; x_wconf 81' lang='lat' dir='ltr'>fuerat</span> <span class='ocrx_word' id='word_1_369' title='bbox 2802 1184 3049 1256; x_wconf 87' lang='lat' dir='ltr'>imperio</span> <span class='ocrx_word' id='word_1_370' title='bbox 3082 1186 3245 1255; x_wconf 89' lang='lat' dir='ltr'>utile,</span> 
     </span>
    </p>
   </div>
   <div class='ocr_carea' id='block_1_71' title="bbox 2106 1266 3167 1345">
    <p class='ocr_par' dir='ltr' id='par_1_71' title="bbox 2106 1266 3167 1345">
     <span class='ocr_line' id='line_1_72' title="bbox 2106 1266 3167 1345; baseline 0.007 -25"><span class='ocrx_word' id='word_1_371' title='bbox 2106 1266 2216 1321; x_wconf 86' lang='lat' dir='ltr'>nisi</span> <span class='ocrx_word' id='word_1_372' title='bbox 2251 1268 2576 1325; x_wconf 86' lang='lat' dir='ltr'>custodiam</span> <span class='ocrx_word' id='word_1_373' title='bbox 2608 1271 2761 1342; x_wconf 91' lang='lat' dir='ltr'>pulsi</span> <span class='ocrx_word' id='word_1_374' title='bbox 2795 1273 3167 1345; x_wconf 85' lang='lat' dir='ltr'>neglexisset.</span> 
     </span>
    </p>
   </div>
   <div class='ocr_carea' id='block_1_72' title="bbox 2106 1365 3320 1426">
    <p class='ocr_par' dir='ltr' id='par_1_72' title="bbox 2106 1365 3320 1426">
     <span class='ocr_line' id='line_1_73' title="bbox 2106 1365 3320 1426; baseline 0.005 -7"><span class='ocrx_word' id='word_1_375' title='bbox 2106 1365 2271 1420; x_wconf 90' lang='lat' dir='ltr'>Nunc</span> <span class='ocrx_word' id='word_1_376' title='bbox 2304 1382 2437 1422; x_wconf 91' lang='lat' dir='ltr'>cum</span> <span class='ocrx_word' id='word_1_377' title='bbox 2460 1369 2719 1425; x_wconf 91' lang='lat' dir='ltr'>Isaacius</span> <span class='ocrx_word' id='word_1_378' title='bbox 2754 1371 2995 1426; x_wconf 88' lang='lat' dir='ltr'>domum</span> <span class='ocrx_word' id='word_1_379' title='bbox 3031 1371 3320 1426; x_wconf 82' lang='lat' dir='ltr'>habitaret</span> 
     </span>
    </p>
   </div>
   <div class='ocr_carea' id='block_1_73' title="bbox 2107 1454 3385 1531">
    <p class='ocr_par' dir='ltr' id='par_1_73' title="bbox 2107 1454 3385 1531">
     <span class='ocr_line' id='line_1_74' title="bbox 2107 1454 3385 1531; baseline 0.005 -23"><span class='ocrx_word' id='word_1_380' title='bbox 2107 1454 2174 1509; x_wconf 89' lang='lat' dir='ltr'>ad</span> <span class='ocrx_word' id='word_1_381' title='bbox 2209 1456 2355 1510; x_wconf 87' lang='lat' dir='ltr'>duas</span> <span class='ocrx_word' id='word_1_382' title='bbox 2386 1455 2688 1513; x_wconf 85' lang='lat' dir='ltr'>columnas</span> <span class='ocrx_word' id='word_1_383' title='bbox 2723 1460 2897 1514; x_wconf 84' lang='lat' dir='ltr'>sitam</span> <span class='ocrx_word' id='word_1_384' title='bbox 2927 1461 2985 1514; x_wconf 92' lang='lat' dir='ltr'>in</span> <span class='ocrx_word' id='word_1_385' title='bbox 3016 1459 3385 1531; x_wconf 85' lang='lat' dir='ltr'>Propontide,</span> 
     </span>
    </p>
   </div>
   <div class='ocr_carea' id='block_1_74' title="bbox 2106 1543 3063 1617">
    <p class='ocr_par' dir='ltr' id='par_1_74' title="bbox 2106 1543 3063 1617">
     <span class='ocr_line' id='line_1_75' title="bbox 2106 1543 3063 1617; baseline 0.005 -19"><span class='ocrx_word' id='word_1_386' title='bbox 2106 1546 2229 1598; x_wconf 89' lang='lat' dir='ltr'>erat</span> <span class='ocrx_word' id='word_1_387' title='bbox 2249 1543 2458 1615; x_wconf 91' lang='lat' dir='ltr'>cuique</span> <span class='ocrx_word' id='word_1_388' title='bbox 2488 1543 2736 1601; x_wconf 91' lang='lat' dir='ltr'>liberum</span> <span class='ocrx_word' id='word_1_389' title='bbox 2769 1549 3063 1617; x_wconf 83' lang='lat' dir='ltr'>accedere,</span> 
     </span>
    </p>
   </div>
   <div class='ocr_carea' id='block_1_75' title="bbox 2106 1630 3386 1709">
    <p class='ocr_par' dir='ltr' id='par_1_75' title="bbox 2106 1630 3386 1709">
     <span class='ocr_line' id='line_1_76' title="bbox 2106 1630 3386 1709; baseline 0.003 -24"><span class='ocrx_word' id='word_1_390' title='bbox 2106 1630 2394 1701; x_wconf 90' lang='lat' dir='ltr'>colloquia</span> <span class='ocrx_word' id='word_1_391' title='bbox 2422 1636 2595 1705; x_wconf 90' lang='lat' dir='ltr'>atque</span> <span class='ocrx_word' id='word_1_392' title='bbox 2627 1636 2858 1707; x_wconf 84' lang='lat' dir='ltr'>negotia</span> <span class='ocrx_word' id='word_1_393' title='bbox 2890 1638 3166 1692; x_wconf 86' lang='lat' dir='ltr'>audacter</span> <span class='ocrx_word' id='word_1_394' title='bbox 3198 1653 3386 1709; x_wconf 89' lang='lat' dir='ltr'>agere.</span> 
     </span>
    </p>
   </div>
   <div class='ocr_carea' id='block_1_76' title="bbox 2104 1719 3222 1790">
    <p class='ocr_par' dir='ltr' id='par_1_76' title="bbox 2104 1719 3222 1790">
     <span class='ocr_line' id='line_1_77' title="bbox 2104 1719 3222 1790; baseline 0.005 -17"><span class='ocrx_word' id='word_1_395' title='bbox 2104 1719 2252 1790; x_wconf 88' lang='lat' dir='ltr'>Ergo</span> <span class='ocrx_word' id='word_1_396' title='bbox 2286 1720 2540 1776; x_wconf 85' lang='lat' dir='ltr'>Isaacius</span> <span class='ocrx_word' id='word_1_397' title='bbox 2564 1739 2707 1777; x_wconf 89' lang='lat' dir='ltr'>usus</span> <span class='ocrx_word' id='word_1_398' title='bbox 2739 1724 3026 1781; x_wconf 87' lang='lat' dir='ltr'>ministris</span> <span class='ocrx_word' id='word_1_399' title='bbox 3059 1725 3222 1780; x_wconf 88' lang='lat' dir='ltr'>Italis</span> 
     </span>
    </p>
   </div>
   <div class='ocr_carea' id='block_1_77' title="bbox 2031 1807 3193 1889">
    <p class='ocr_par' dir='ltr' id='par_1_77' title="bbox 2031 1807 3193 1889">
     <span class='ocr_line' id='line_1_78' title="bbox 2031 1807 3193 1889; baseline 0.006 -27"><span class='ocrx_word' id='word_1_400' title='bbox 2031 1825 2079 1889; x_wconf 84' lang='lat' dir='ltr'><strong>B</strong></span> <span class='ocrx_word' id='word_1_401' title='bbox 2111 1807 2315 1863; x_wconf 84' lang='lat' dir='ltr'>amicis</span> <span class='ocrx_word' id='word_1_402' title='bbox 2347 1808 2458 1864; x_wconf 88' lang='lat' dir='ltr'>sibi</span> <span class='ocrx_word' id='word_1_403' title='bbox 2496 1810 2659 1877; x_wconf 63' lang='lat' dir='ltr'>viris,</span> <span class='ocrx_word' id='word_1_404' title='bbox 2692 1829 2935 1867; x_wconf 90' lang='lat' dir='ltr'>arcanas</span> <span class='ocrx_word' id='word_1_405' title='bbox 2968 1813 3193 1869; x_wconf 86' lang='lat' dir='ltr'>litteras</span> 
     </span>
    </p>
   </div>
   <div class='ocr_carea' id='block_1_78' title="bbox 2111 1895 3369 1972">
    <p class='ocr_par' dir='ltr' id='par_1_78' title="bbox 2111 1895 3369 1972">
     <span class='ocr_line' id='line_1_79' title="bbox 2111 1895 3369 1972; baseline 0.005 -22"><span class='ocrx_word' id='word_1_406' title='bbox 2111 1895 2293 1951; x_wconf 87' lang='lat' dir='ltr'>mittit</span> <span class='ocrx_word' id='word_1_407' title='bbox 2323 1897 2394 1951; x_wconf 89' lang='lat' dir='ltr'>ad</span> <span class='ocrx_word' id='word_1_408' title='bbox 2427 1899 2610 1954; x_wconf 86' lang='lat' dir='ltr'>ﬁliam</span> <span class='ocrx_word' id='word_1_409' title='bbox 2644 1917 2810 1955; x_wconf 88' lang='lat' dir='ltr'>suam</span> <span class='ocrx_word' id='word_1_410' title='bbox 2845 1900 3097 1972; x_wconf 89' lang='lat' dir='ltr'>Philippi</span> <span class='ocrx_word' id='word_1_411' title='bbox 3131 1918 3369 1959; x_wconf 80' lang='lat' dir='ltr'>uxorem</span> 
     </span>
    </p>
   </div>
   <div class='ocr_carea' id='block_1_79' title="bbox 2108 1984 3287 2058">
    <p class='ocr_par' dir='ltr' id='par_1_79' title="bbox 2108 1984 3287 2058">
     <span class='ocr_line' id='line_1_80' title="bbox 2108 1984 3287 2058; baseline 0.003 -20"><span class='ocrx_word' id='word_1_412' title='bbox 2108 1988 2247 2038; x_wconf 89' lang='lat' dir='ltr'>tunc</span> <span class='ocrx_word' id='word_1_413' title='bbox 2279 1984 2622 2041; x_wconf 88' lang='lat' dir='ltr'>Alamannis</span> <span class='ocrx_word' id='word_1_414' title='bbox 2656 1988 2997 2058; x_wconf 87' lang='lat' dir='ltr'>imperantis</span> <span class='ocrx_word' id='word_1_415' title='bbox 3029 1988 3287 2045; x_wconf 84' lang='lat' dir='ltr'>feliciter.</span> 
     </span>
    </p>
   </div>
   <div class='ocr_carea' id='block_1_80' title="bbox 2110 2073 3249 2144">
    <p class='ocr_par' dir='ltr' id='par_1_80' title="bbox 2110 2073 3249 2144">
     <span class='ocr_line' id='line_1_81' title="bbox 2110 2073 3249 2144; baseline 0.006 -16"><span class='ocrx_word' id='word_1_416' title='bbox 2110 2075 2172 2128; x_wconf 91' lang='lat' dir='ltr'>In</span> <span class='ocrx_word' id='word_1_417' title='bbox 2197 2073 2287 2128; x_wconf 87' lang='lat' dir='ltr'>bis</span> <span class='ocrx_word' id='word_1_418' title='bbox 2316 2073 2683 2144; x_wconf 72' lang='lat' dir='ltr'>signifiCubat</span> <span class='ocrx_word' id='word_1_419' title='bbox 2712 2078 3006 2132; x_wconf 84' lang='lat' dir='ltr'>fortunam</span> <span class='ocrx_word' id='word_1_420' title='bbox 3032 2095 3201 2133; x_wconf 88' lang='lat' dir='ltr'>suam</span> <span class='ocrx_word' id='word_1_421' title='bbox 3238 2098 3249 2135; x_wconf 90' lang='lat'>:</span> 
     </span>
    </p>
   </div>
   <div class='ocr_carea' id='block_1_81' title="bbox 2108 2162 3193 2233">
    <p class='ocr_par' dir='ltr' id='par_1_81' title="bbox 2108 2162 3193 2233">
     <span class='ocr_line' id='line_1_82' title="bbox 2108 2162 3193 2233; baseline 0.005 -17"><span class='ocrx_word' id='word_1_422' title='bbox 2108 2162 2469 2233; x_wconf 85' lang='lat' dir='ltr'>receptisque</span> <span class='ocrx_word' id='word_1_423' title='bbox 2502 2163 2664 2219; x_wconf 91' lang='lat' dir='ltr'>illinc</span> <span class='ocrx_word' id='word_1_424' title='bbox 2694 2166 2951 2221; x_wconf 85' lang='lat' dir='ltr'>vicissim</span> <span class='ocrx_word' id='word_1_425' title='bbox 2983 2166 3193 2221; x_wconf 89' lang='lat' dir='ltr'>litteris</span> 
     </span>
    </p>
   </div>
   <div class='ocr_carea' id='block_1_82' title="bbox 2109 2251 3431 2325">
    <p class='ocr_par' dir='ltr' id='par_1_82' title="bbox 2109 2251 3431 2325">
     <span class='ocr_line' id='line_1_83' title="bbox 2109 2251 3431 2325; baseline 0.005 -22"><span class='ocrx_word' id='word_1_426' title='bbox 2109 2251 2341 2308; x_wconf 91' lang='lat' dir='ltr'>mittere</span> <span class='ocrx_word' id='word_1_427' title='bbox 2371 2252 2636 2308; x_wconf 86' lang='lat' dir='ltr'>Alexium</span> <span class='ocrx_word' id='word_1_428' title='bbox 2670 2253 2855 2309; x_wconf 85' lang='lat' dir='ltr'>filium</span> <span class='ocrx_word' id='word_1_429' title='bbox 2887 2256 2955 2309; x_wconf 91' lang='lat' dir='ltr'>ad</span> <span class='ocrx_word' id='word_1_430' title='bbox 2993 2255 3181 2325; x_wconf 86' lang='lat' dir='ltr'>ipsam</span> <span class='ocrx_word' id='word_1_431' title='bbox 3206 2255 3431 2325; x_wconf 89' lang='lat' dir='ltr'>statuit,</span> 
     </span>
    </p>
   </div>
   <div class='ocr_carea' id='block_1_83' title="bbox 2109 2339 3518 2414">
    <p class='ocr_par' dir='ltr' id='par_1_83' title="bbox 2109 2339 3518 2414">
     <span class='ocr_line' id='line_1_84' title="bbox 2109 2339 3518 2414; baseline 0.004 -21"><span class='ocrx_word' id='word_1_432' title='bbox 2109 2339 2300 2411; x_wconf 84' lang='lat' dir='ltr'>(quem</span> <span class='ocrx_word' id='word_1_433' title='bbox 2334 2343 2389 2395; x_wconf 90' lang='lat' dir='ltr'>et</span> <span class='ocrx_word' id='word_1_434' title='bbox 2420 2342 2692 2411; x_wconf 87' lang='lat' dir='ltr'>sperabat</span> <span class='ocrx_word' id='word_1_435' title='bbox 2722 2343 2883 2414; x_wconf 84' lang='lat' dir='ltr'>regni</span> <span class='ocrx_word' id='word_1_436' title='bbox 2914 2343 3200 2397; x_wconf 66' lang='lat' dir='ltr'>hmredem</span> <span class='ocrx_word' id='word_1_437' title='bbox 3232 2342 3518 2413; x_wconf 80' lang='lat' dir='ltr'>linquere)</span> 
     </span>
    </p>
   </div>
   <div class='ocr_carea' id='block_1_84' title="bbox 2108 2426 3525 2500">
    <p class='ocr_par' dir='ltr' id='par_1_84' title="bbox 2108 2426 3525 2500">
     <span class='ocr_line' id='line_1_85' title="bbox 2108 2426 3525 2500; baseline 0.004 -19"><span class='ocrx_word' id='word_1_438' title='bbox 2108 2427 2255 2482; x_wconf 91' lang='lat' dir='ltr'>clam</span> <span class='ocrx_word' id='word_1_439' title='bbox 2289 2426 2407 2482; x_wconf 90' lang='lat' dir='ltr'>illis</span> <span class='ocrx_word' id='word_1_440' title='bbox 2436 2429 2657 2483; x_wconf 85' lang='lat' dir='ltr'>scilicet</span> <span class='ocrx_word' id='word_1_441' title='bbox 2689 2432 2787 2500; x_wconf 91' lang='lat' dir='ltr'>qui</span> <span class='ocrx_word' id='word_1_442' title='bbox 2820 2431 3207 2486; x_wconf 86' lang='lat' dir='ltr'>observabant</span> <span class='ocrx_word' id='word_1_443' title='bbox 3231 2431 3525 2500; x_wconf 84' lang='lat' dir='ltr'>juvenem.</span> 
     </span>
    </p>
   </div>
   <div class='ocr_carea' id='block_1_85' title="bbox 2105 2515 3185 2589">
    <p class='ocr_par' dir='ltr' id='par_1_85' title="bbox 2105 2515 3185 2589">
     <span class='ocr_line' id='line_1_86' title="bbox 2105 2515 3185 2589; baseline 0.003 -20"><span class='ocrx_word' id='word_1_444' title='bbox 2105 2517 2211 2571; x_wconf 85' lang='lat' dir='ltr'>Sed</span> <span class='ocrx_word' id='word_1_445' title='bbox 2246 2519 2309 2570; x_wconf 91' lang='lat' dir='ltr'>ut</span> <span class='ocrx_word' id='word_1_446' title='bbox 2339 2515 2574 2571; x_wconf 88' lang='lat' dir='ltr'>latuerit</span> <span class='ocrx_word' id='word_1_447' title='bbox 2605 2517 2761 2588; x_wconf 88' lang='lat' dir='ltr'>fuga,</span> <span class='ocrx_word' id='word_1_448' title='bbox 2789 2519 2957 2587; x_wconf 89' lang='lat' dir='ltr'>juvat</span> <span class='ocrx_word' id='word_1_449' title='bbox 2973 2517 3185 2589; x_wconf 93' lang='lat' dir='ltr'>eloqui.</span> 
     </span>
    </p>
   </div>
   <div class='ocr_carea' id='block_1_86' title="bbox 2107 2613 3389 2687">
    <p class='ocr_par' dir='ltr' id='par_1_86' title="bbox 2107 2613 3389 2687">
     <span class='ocr_line' id='line_1_87' title="bbox 2107 2613 3389 2687; baseline 0.002 -20"><span class='ocrx_word' id='word_1_450' title='bbox 2107 2613 2408 2669; x_wconf 87' lang='lat' dir='ltr'>Profectus</span> <span class='ocrx_word' id='word_1_451' title='bbox 2437 2613 2532 2668; x_wconf 90' lang='lat' dir='ltr'>hic</span> <span class='ocrx_word' id='word_1_452' title='bbox 2562 2630 2696 2668; x_wconf 90' lang='lat' dir='ltr'>cum</span> <span class='ocrx_word' id='word_1_453' title='bbox 2728 2618 2946 2670; x_wconf 65' lang='lat' dir='ltr'>Caesare</span> <span class='ocrx_word' id='word_1_454' title='bbox 2980 2632 3168 2687; x_wconf 89' lang='lat' dir='ltr'>nuper</span> <span class='ocrx_word' id='word_1_455' title='bbox 3200 2615 3389 2671; x_wconf 82' lang='lat' dir='ltr'>fuerat</span> 
     </span>
    </p>
   </div>
   <div class='ocr_carea' id='block_1_87' title="bbox 2105 2700 3468 2773">
    <p class='ocr_par' dir='ltr' id='par_1_87' title="bbox 2105 2700 3468 2773">
     <span class='ocr_line' id='line_1_88' title="bbox 2105 2700 3468 2773; baseline 0.001 -16"><span class='ocrx_word' id='word_1_456' title='bbox 2105 2700 2325 2757; x_wconf 92' lang='lat' dir='ltr'>bellum</span> <span class='ocrx_word' id='word_1_457' title='bbox 2358 2702 2727 2773; x_wconf 70' lang='lat' dir='ltr'>Cammytzaa,</span> <span class='ocrx_word' id='word_1_458' title='bbox 2762 2708 2823 2758; x_wconf 91' lang='lat' dir='ltr'>ut</span> <span class='ocrx_word' id='word_1_459' title='bbox 2852 2703 3129 2769; x_wconf 83' lang='lat' dir='ltr'>diximus,</span> <span class='ocrx_word' id='word_1_460' title='bbox 3163 2704 3468 2760; x_wconf 87' lang='lat' dir='ltr'>inferenti:</span> 
     </span>
    </p>
   </div>
   <div class='ocr_carea' id='block_1_88' title="bbox 2108 2791 3298 2859">
    <p class='ocr_par' dir='ltr' id='par_1_88' title="bbox 2108 2791 3298 2859">
     <span class='ocr_line' id='line_1_89' title="bbox 2108 2791 3298 2859; baseline 0.002 -14"><span class='ocrx_word' id='word_1_461' title='bbox 2108 2807 2242 2846; x_wconf 92' lang='lat' dir='ltr'>cum</span> <span class='ocrx_word' id='word_1_462' title='bbox 2275 2796 2469 2845; x_wconf 90' lang='lat' dir='ltr'>autem</span> <span class='ocrx_word' id='word_1_463' title='bbox 2492 2791 2889 2846; x_wconf 70' lang='lat' dir='ltr'>Damocrania:</span> <span class='ocrx_word' id='word_1_464' title='bbox 2922 2809 3083 2847; x_wconf 90' lang='lat' dir='ltr'>mora</span> <span class='ocrx_word' id='word_1_465' title='bbox 3116 2792 3298 2859; x_wconf 83' lang='lat' dir='ltr'>fieret,</span> 
     </span>
    </p>
   </div>
   <div class='ocr_carea' id='block_1_89' title="bbox 2107 2878 3303 2952">
    <p class='ocr_par' dir='ltr' id='par_1_89' title="bbox 2107 2878 3303 2952">
     <span class='ocr_line' id='line_1_90' title="bbox 2107 2878 3303 2952; baseline 0.001 -18"><span class='ocrx_word' id='word_1_466' title='bbox 2107 2881 2245 2951; x_wconf 88' lang='lat' dir='ltr'>fuga</span> <span class='ocrx_word' id='word_1_467' title='bbox 2274 2878 2614 2935; x_wconf 84' lang='lat' dir='ltr'>adolescens</span> <span class='ocrx_word' id='word_1_468' title='bbox 2645 2880 2889 2935; x_wconf 87' lang='lat' dir='ltr'>contulit</span> <span class='ocrx_word' id='word_1_469' title='bbox 2922 2897 2983 2935; x_wconf 89' lang='lat' dir='ltr'>se</span> <span class='ocrx_word' id='word_1_470' title='bbox 3008 2881 3303 2952; x_wconf 76' lang='lat' dir='ltr'>Athyram.</span> 
     </span>
    </p>
   </div>
   <div class='ocr_carea' id='block_1_90' title="bbox 2105 2966 3394 3039">
    <p class='ocr_par' dir='ltr' id='par_1_90' title="bbox 2105 2966 3394 3039">
     <span class='ocr_line' id='line_1_91' title="bbox 2105 2966 3394 3039; baseline 0.002 -16"><span class='ocrx_word' id='word_1_471' title='bbox 2105 2973 2366 3039; x_wconf 92' lang='lat' dir='ltr'>Cumque</span> <span class='ocrx_word' id='word_1_472' title='bbox 2396 2966 2651 3022; x_wconf 85' lang='lat' dir='ltr'>famulus</span> <span class='ocrx_word' id='word_1_473' title='bbox 2685 2967 2913 3023; x_wconf 90' lang='lat' dir='ltr'>lembus</span> <span class='ocrx_word' id='word_1_474' title='bbox 2948 2968 3202 3038; x_wconf 82' lang='lat' dir='ltr'>ingentis</span> <span class='ocrx_word' id='word_1_475' title='bbox 3233 2970 3394 3025; x_wconf 89' lang='lat' dir='ltr'>navis</span> 
     </span>
    </p>
   </div>
   <div class='ocr_carea' id='block_1_91' title="bbox 2107 3055 3264 3127">
    <p class='ocr_par' dir='ltr' id='par_1_91' title="bbox 2107 3055 3264 3127">
     <span class='ocr_line' id='line_1_92' title="bbox 2107 3055 3264 3127; baseline 0.001 -15"><span class='ocrx_word' id='word_1_476' title='bbox 2107 3058 2275 3127; x_wconf 90' lang='lat' dir='ltr'>cujus</span> <span class='ocrx_word' id='word_1_477' title='bbox 2307 3055 2633 3111; x_wconf 89' lang='lat' dir='ltr'>navarchus</span> <span class='ocrx_word' id='word_1_478' title='bbox 2664 3061 2788 3111; x_wconf 90' lang='lat' dir='ltr'>erat</span> <span class='ocrx_word' id='word_1_479' title='bbox 2819 3056 3066 3113; x_wconf 89' lang='lat' dir='ltr'>Pisanus</span> <span class='ocrx_word' id='word_1_480' title='bbox 3098 3058 3264 3122; x_wconf 90' lang='lat' dir='ltr'>civis,</span> 
     </span>
    </p>
   </div>
   <div class='ocr_carea' id='block_1_92' title="bbox 2023 3144 3356 3237">
    <p class='ocr_par' dir='ltr' id='par_1_92' title="bbox 2023 3144 3356 3237">
     <span class='ocr_line' id='line_1_93' title="bbox 2023 3144 3356 3237; baseline -0.001 -35"><span class='ocrx_word' id='word_1_481' title='bbox 2023 3172 2065 3237; x_wconf 68' lang='grc' dir='ltr'><strong>ρ</strong></span> <span class='ocrx_word' id='word_1_482' title='bbox 2104 3148 2175 3202; x_wconf 92' lang='lat' dir='ltr'>ad</span> <span class='ocrx_word' id='word_1_483' title='bbox 2209 3144 2567 3215; x_wconf 85' lang='lat' dir='ltr'>Hellesponti</span> <span class='ocrx_word' id='word_1_484' title='bbox 2598 3149 2773 3237; x_wconf 74' lang='lat' dir='ltr'>caput</span> <span class='ocrx_word' id='word_1_485' title='bbox 2804 3146 3356 3237; x_wconf 55' lang='lat' dir='ltr'>progressusﬁsset,</span> 
     </span>
    </p>
   </div>
   <div class='ocr_carea' id='block_1_93' title="bbox 2102 3234 3501 3306">
    <p class='ocr_par' dir='ltr' id='par_1_93' title="bbox 2102 3234 3501 3306">
     <span class='ocr_line' id='line_1_94' title="bbox 2102 3234 3501 3306; baseline 0 -18"><span class='ocrx_word' id='word_1_486' title='bbox 2102 3238 2341 3306; x_wconf 88' lang='lat' dir='ltr'>paratus</span> <span class='ocrx_word' id='word_1_487' title='bbox 2364 3250 2571 3303; x_wconf 91' lang='lat' dir='ltr'>nempe</span> <span class='ocrx_word' id='word_1_488' title='bbox 2599 3234 2669 3287; x_wconf 92' lang='lat' dir='ltr'>ad</span> <span class='ocrx_word' id='word_1_489' title='bbox 2703 3234 3109 3305; x_wconf 84' lang='lat' dir='ltr'>excipiendum</span> <span class='ocrx_word' id='word_1_490' title='bbox 3145 3236 3456 3306; x_wconf 90' lang='lat' dir='ltr'>profugum</span> <span class='ocrx_word' id='word_1_491' title='bbox 3486 3260 3501 3303; x_wconf 81' lang='lat'><strong>;</strong></span> 
     </span>
    </p>
   </div>
   <div class='ocr_carea' id='block_1_94' title="bbox 2102 3322 3218 3394">
    <p class='ocr_par' dir='ltr' id='par_1_94' title="bbox 2102 3322 3218 3394">
     <span class='ocr_line' id='line_1_95' title="bbox 2102 3322 3218 3394; baseline 0.001 -17"><span class='ocrx_word' id='word_1_492' title='bbox 2102 3325 2338 3394; x_wconf 87' lang='lat' dir='ltr'>repente</span> <span class='ocrx_word' id='word_1_493' title='bbox 2368 3322 2637 3377; x_wconf 86' lang='lat' dir='ltr'>admotus</span> <span class='ocrx_word' id='word_1_494' title='bbox 2670 3322 2889 3392; x_wconf 69' lang='lat' dir='ltr'>Athyraa</span> <span class='ocrx_word' id='word_1_495' title='bbox 2918 3323 3218 3378; x_wconf 82' lang='lat' dir='ltr'>littoribus</span> 
     </span>
    </p>
   </div>
   <div class='ocr_carea' id='block_1_95' title="bbox 2103 3409 3187 3481">
    <p class='ocr_par' dir='ltr' id='par_1_95' title="bbox 2103 3409 3187 3481">
     <span class='ocr_line' id='line_1_96' title="bbox 2103 3409 3187 3481; baseline 0.002 -17"><span class='ocrx_word' id='word_1_496' title='bbox 2103 3414 2331 3481; x_wconf 89' lang='lat' dir='ltr'>recepto</span> <span class='ocrx_word' id='word_1_497' title='bbox 2364 3409 2730 3465; x_wconf 89' lang='lat' dir='ltr'>adolescente</span> <span class='ocrx_word' id='word_1_498' title='bbox 2762 3410 2946 3465; x_wconf 90' lang='lat' dir='ltr'>altum</span> <span class='ocrx_word' id='word_1_499' title='bbox 2978 3412 3187 3479; x_wconf 88' lang='lat' dir='ltr'>tenuit,</span> 
     </span>
    </p>
   </div>
   <div class='ocr_carea' id='block_1_96' title="bbox 2101 3498 3487 3569">
    <p class='ocr_par' dir='ltr' id='par_1_96' title="bbox 2101 3498 3487 3569">
     <span class='ocr_line' id='line_1_97' title="bbox 2101 3498 3487 3569; baseline -0.001 -14"><span class='ocrx_word' id='word_1_500' title='bbox 2101 3503 2275 3569; x_wconf 90' lang='lat' dir='ltr'>atque</span> <span class='ocrx_word' id='word_1_501' title='bbox 2305 3499 2374 3553; x_wconf 92' lang='lat' dir='ltr'>ad</span> <span class='ocrx_word' id='word_1_502' title='bbox 2410 3498 2598 3554; x_wconf 90' lang='lat' dir='ltr'>Pisani</span> <span class='ocrx_word' id='word_1_503' title='bbox 2630 3514 2833 3554; x_wconf 91' lang='lat' dir='ltr'>navem</span> <span class='ocrx_word' id='word_1_504' title='bbox 2866 3500 3138 3555; x_wconf 90' lang='lat' dir='ltr'>eumdem</span> <span class='ocrx_word' id='word_1_505' title='bbox 3163 3500 3487 3556; x_wconf 90' lang='lat' dir='ltr'>transtulit.</span> 
     </span>
    </p>
   </div>
   <div class='ocr_carea' id='block_1_97' title="bbox 2101 3587 3368 3659">
    <p class='ocr_par' dir='ltr' id='par_1_97' title="bbox 2101 3587 3368 3659">
     <span class='ocr_line' id='line_1_98' title="bbox 2101 3587 3368 3659; baseline 0.001 -17"><span class='ocrx_word' id='word_1_506' title='bbox 2101 3588 2212 3642; x_wconf 89' lang='lat' dir='ltr'>Sed</span> <span class='ocrx_word' id='word_1_507' title='bbox 2246 3603 2378 3641; x_wconf 86' lang='lat' dir='ltr'>mox</span> <span class='ocrx_word' id='word_1_508' title='bbox 2409 3591 2473 3641; x_wconf 89' lang='lat' dir='ltr'>ut</span> <span class='ocrx_word' id='word_1_509' title='bbox 2503 3588 2640 3659; x_wconf 90' lang='lat' dir='ltr'>fuga</span> <span class='ocrx_word' id='word_1_510' title='bbox 2669 3587 2926 3643; x_wconf 89' lang='lat' dir='ltr'>innotuit</span> <span class='ocrx_word' id='word_1_511' title='bbox 2956 3587 3368 3657; x_wconf 86' lang='lat' dir='ltr'>adolescentis,</span> 
     </span>
    </p>
   </div>
   <div class='ocr_carea' id='block_1_98' title="bbox 2100 3685 3415 3757">
    <p class='ocr_par' dir='ltr' id='par_1_98' title="bbox 2100 3685 3415 3757">
     <span class='ocr_line' id='line_1_99' title="bbox 2100 3685 3415 3757; baseline 0 -17"><span class='ocrx_word' id='word_1_512' title='bbox 2100 3685 2399 3755; x_wconf 86' lang='lat' dir='ltr'>navigium</span> <span class='ocrx_word' id='word_1_513' title='bbox 2431 3701 2709 3753; x_wconf 83' lang='lat' dir='ltr'>magnum</span> <span class='ocrx_word' id='word_1_514' title='bbox 2735 3690 2927 3742; x_wconf 58' lang='lat' dir='ltr'>Caesar</span> <span class='ocrx_word' id='word_1_515' title='bbox 2958 3686 3207 3742; x_wconf 88' lang='lat' dir='ltr'>scrutari</span> <span class='ocrx_word' id='word_1_516' title='bbox 3229 3688 3415 3757; x_wconf 89' lang='lat' dir='ltr'>jussit</span> 
     </span>
    </p>
   </div>
   <div class='ocr_carea' id='block_1_99' title="bbox 2100 3772 3330 3840">
    <p class='ocr_par' dir='ltr' id='par_1_99' title="bbox 2100 3772 3330 3840">
     <span class='ocr_line' id='line_1_100' title="bbox 2100 3772 3330 3840; baseline 0 -11"><span class='ocrx_word' id='word_1_517' title='bbox 2100 3773 2402 3829; x_wconf 88' lang='lat' dir='ltr'>ministros</span> <span class='ocrx_word' id='word_1_518' title='bbox 2432 3789 2465 3827; x_wconf 89' lang='lat' dir='ltr'>a</span> <span class='ocrx_word' id='word_1_519' title='bbox 2492 3786 2553 3827; x_wconf 91' lang='lat' dir='ltr'>se</span> <span class='ocrx_word' id='word_1_520' title='bbox 2587 3772 2800 3828; x_wconf 89' lang='lat' dir='ltr'>missos</span> <span class='ocrx_word' id='word_1_521' title='bbox 2827 3792 2839 3840; x_wconf 92' lang='lat'><strong>;</strong></span> <span class='ocrx_word' id='word_1_522' title='bbox 2875 3776 2976 3829; x_wconf 91' lang='lat' dir='ltr'>sed</span> <span class='ocrx_word' id='word_1_523' title='bbox 3009 3775 3106 3830; x_wconf 92' lang='lat' dir='ltr'>isti</span> <span class='ocrx_word' id='word_1_524' title='bbox 3138 3780 3330 3831; x_wconf 91' lang='lat' dir='ltr'>tamen</span> 
     </span>
    </p>
   </div>
   <div class='ocr_carea' id='block_1_100' title="bbox 2099 3860 3259 3931">
    <p class='ocr_par' dir='ltr' id='par_1_100' title="bbox 2099 3860 3259 3931">
     <span class='ocr_line' id='line_1_101' title="bbox 2099 3860 3259 3931; baseline 0 -14"><span class='ocrx_word' id='word_1_525' title='bbox 2099 3865 2169 3918; x_wconf 89' lang='lat' dir='ltr'>ad</span> <span class='ocrx_word' id='word_1_526' title='bbox 2203 3878 2335 3916; x_wconf 91' lang='lat' dir='ltr'>eum</span> <span class='ocrx_word' id='word_1_527' title='bbox 2360 3860 2574 3916; x_wconf 90' lang='lat' dir='ltr'>reversi</span> <span class='ocrx_word' id='word_1_528' title='bbox 2605 3866 2745 3916; x_wconf 88' lang='lat' dir='ltr'>sunt</span> <span class='ocrx_word' id='word_1_529' title='bbox 2770 3863 3000 3931; x_wconf 90' lang='lat' dir='ltr'>negotio</span> <span class='ocrx_word' id='word_1_530' title='bbox 3026 3863 3259 3919; x_wconf 85' lang='lat' dir='ltr'>infecto.</span> 
     </span>
    </p>
   </div>
   <div class='ocr_carea' id='block_1_101' title="bbox 2097 3949 3190 4021">
    <p class='ocr_par' dir='ltr' id='par_1_101' title="bbox 2097 3949 3190 4021">
     <span class='ocr_line' id='line_1_102' title="bbox 2097 3949 3190 4021; baseline 0 -16"><span class='ocrx_word' id='word_1_531' title='bbox 2097 3951 2323 4005; x_wconf 88' lang='lat' dir='ltr'>Etenim</span> <span class='ocrx_word' id='word_1_532' title='bbox 2358 3954 2491 4021; x_wconf 88' lang='lat' dir='ltr'>apte</span> <span class='ocrx_word' id='word_1_533' title='bbox 2523 3954 2691 4004; x_wconf 92' lang='lat' dir='ltr'>tonso</span> <span class='ocrx_word' id='word_1_534' title='bbox 2724 3949 2932 4020; x_wconf 86' lang='lat' dir='ltr'>capillo</span> <span class='ocrx_word' id='word_1_535' title='bbox 2954 3951 3190 4020; x_wconf 84' lang='lat' dir='ltr'>juvenis</span> 
     </span>
    </p>
   </div>
   <div class='ocr_carea' id='block_1_102' title="bbox 2098 4037 3289 4107">
    <p class='ocr_par' dir='ltr' id='par_1_102' title="bbox 2098 4037 3289 4107">
     <span class='ocr_line' id='line_1_103' title="bbox 2098 4037 3289 4107; baseline 0.002 -16"><span class='ocrx_word' id='word_1_536' title='bbox 2098 4038 2553 4107; x_wconf 76' lang='lat' dir='ltr'>vestimentaque</span> <span class='ocrx_word' id='word_1_537' title='bbox 2586 4037 2874 4092; x_wconf 89' lang='lat' dir='ltr'>simulans</span> <span class='ocrx_word' id='word_1_538' title='bbox 2905 4052 2966 4092; x_wconf 91' lang='lat' dir='ltr'>se</span> <span class='ocrx_word' id='word_1_539' title='bbox 3001 4038 3289 4104; x_wconf 84' lang='lat' dir='ltr'>Latinum,</span> 
     </span>
    </p>
   </div>
   <div class='ocr_carea' id='block_1_103' title="bbox 2099 4126 3303 4196">
    <p class='ocr_par' dir='ltr' id='par_1_103' title="bbox 2099 4126 3303 4196">
     <span class='ocr_line' id='line_1_104' title="bbox 2099 4126 3303 4196; baseline 0.001 -15"><span class='ocrx_word' id='word_1_540' title='bbox 2099 4143 2231 4181; x_wconf 92' lang='lat' dir='ltr'>cum</span> <span class='ocrx_word' id='word_1_541' title='bbox 2260 4142 2322 4181; x_wconf 89' lang='lat' dir='ltr'>se</span> <span class='ocrx_word' id='word_1_542' title='bbox 2352 4126 2796 4196; x_wconf 87' lang='lat' dir='ltr'>permiscuisset</span> <span class='ocrx_word' id='word_1_543' title='bbox 2826 4126 3009 4180; x_wconf 70' lang='lat' dir='ltr'>turba:</span> <span class='ocrx_word' id='word_1_544' title='bbox 3039 4127 3303 4183; x_wconf 66' lang='lat' dir='ltr'>nauticae.</span> 
     </span>
    </p>
   </div>
   <div class='ocr_carea' id='block_1_104' title="bbox 2098 4213 3381 4285">
    <p class='ocr_par' dir='ltr' id='par_1_104' title="bbox 2098 4213 3381 4285">
     <span class='ocr_line' id='line_1_105' title="bbox 2098 4213 3381 4285; baseline 0.002 -17"><span class='ocrx_word' id='word_1_545' title='bbox 2098 4216 2326 4269; x_wconf 89' lang='lat' dir='ltr'>cunctis</span> <span class='ocrx_word' id='word_1_546' title='bbox 2349 4213 2433 4269; x_wconf 82' lang='lat' dir='ltr'>vel</span> <span class='ocrx_word' id='word_1_547' title='bbox 2467 4213 2853 4270; x_wconf 89' lang='lat' dir='ltr'>familiaribus</span> <span class='ocrx_word' id='word_1_548' title='bbox 2886 4214 2994 4269; x_wconf 88' lang='lat' dir='ltr'>fuit</span> <span class='ocrx_word' id='word_1_549' title='bbox 3025 4215 3381 4285; x_wconf 87' lang='lat' dir='ltr'>incognitus.</span> 
     </span>
    </p>
   </div>
   <div class='ocr_carea' id='block_1_105' title="bbox 2095 4301 3403 4373">
    <p class='ocr_par' dir='ltr' id='par_1_105' title="bbox 2095 4301 3403 4373">
     <span class='ocr_line' id='line_1_106' title="bbox 2095 4301 3403 4373; baseline 0 -14"><span class='ocrx_word' id='word_1_550' title='bbox 2095 4303 2188 4361; x_wconf 87' lang='lat' dir='ltr'>sic</span> <span class='ocrx_word' id='word_1_551' title='bbox 2219 4302 2356 4373; x_wconf 84' lang='lat' dir='ltr'>fuga</span> <span class='ocrx_word' id='word_1_552' title='bbox 2386 4301 2646 4373; x_wconf 89' lang='lat' dir='ltr'>elapsus,</span> <span class='ocrx_word' id='word_1_553' title='bbox 2678 4307 2742 4357; x_wconf 91' lang='lat' dir='ltr'>ut</span> <span class='ocrx_word' id='word_1_554' title='bbox 2771 4303 2993 4357; x_wconf 91' lang='lat' dir='ltr'>dictum</span> <span class='ocrx_word' id='word_1_555' title='bbox 3026 4308 3135 4370; x_wconf 90' lang='lat' dir='ltr'>est,</span> <span class='ocrx_word' id='word_1_556' title='bbox 3162 4302 3403 4359; x_wconf 81' lang='lat' dir='ltr'>Alexius</span> 
     </span>
    </p>
   </div>
   <div class='ocr_carea' id='block_1_106' title="bbox 2097 4390 3197 4456">
    <p class='ocr_par' dir='ltr' id='par_1_106' title="bbox 2097 4390 3197 4456">
     <span class='ocr_line' id='line_1_107' title="bbox 2097 4390 3197 4456; baseline -0.002 -9"><span class='ocrx_word' id='word_1_557' title='bbox 2097 4394 2168 4447; x_wconf 91' lang='lat' dir='ltr'>ad</span> <span class='ocrx_word' id='word_1_558' title='bbox 2200 4405 2457 4447; x_wconf 90' lang='lat' dir='ltr'>sororem</span> <span class='ocrx_word' id='word_1_559' title='bbox 2490 4392 2713 4446; x_wconf 85' lang='lat' dir='ltr'>confert</span> <span class='ocrx_word' id='word_1_560' title='bbox 2733 4407 2796 4445; x_wconf 89' lang='lat' dir='ltr'>se</span> <span class='ocrx_word' id='word_1_561' title='bbox 2826 4390 2885 4445; x_wconf 91' lang='lat' dir='ltr'>in</span> <span class='ocrx_word' id='word_1_562' title='bbox 2916 4390 3197 4456; x_wconf 90' lang='lat' dir='ltr'>Siciliam,</span> 
     </span>
    </p>
   </div>
   <div class='ocr_carea' id='block_1_107' title="bbox 2100 4478 3408 4550">
    <p class='ocr_par' dir='ltr' id='par_1_107' title="bbox 2100 4478 3408 4550">
     <span class='ocr_line' id='line_1_108' title="bbox 2100 4478 3408 4550; baseline -0.001 -16"><span class='ocrx_word' id='word_1_563' title='bbox 2100 4485 2273 4550; x_wconf 89' lang='lat' dir='ltr'>atque</span> <span class='ocrx_word' id='word_1_564' title='bbox 2304 4479 2458 4550; x_wconf 88' lang='lat' dir='ltr'>apud</span> <span class='ocrx_word' id='word_1_565' title='bbox 2491 4478 2651 4532; x_wconf 90' lang='lat' dir='ltr'>illam</span> <span class='ocrx_word' id='word_1_566' title='bbox 2683 4494 2853 4533; x_wconf 90' lang='lat' dir='ltr'>casus</span> <span class='ocrx_word' id='word_1_567' title='bbox 2887 4478 2984 4533; x_wconf 87' lang='lat' dir='ltr'>flet</span> <span class='ocrx_word' id='word_1_568' title='bbox 3014 4478 3367 4533; x_wconf 90' lang='lat' dir='ltr'>domesticos</span> <span class='ocrx_word' id='word_1_569' title='bbox 3394 4497 3408 4546; x_wconf 89' lang='lat'><strong>;</strong></span> 
     </span>
    </p>
   </div>
   <div class='ocr_carea' id='block_1_108' title="bbox 2102 4566 3342 4638">
    <p class='ocr_par' dir='ltr' id='par_1_108' title="bbox 2102 4566 3342 4638">
     <span class='ocr_line' id='line_1_109' title="bbox 2102 4566 3342 4638; baseline -0.002 -16"><span class='ocrx_word' id='word_1_570' title='bbox 2102 4583 2229 4638; x_wconf 77' lang='lat' dir='ltr'>quae</span> <span class='ocrx_word' id='word_1_571' title='bbox 2260 4582 2539 4637; x_wconf 90' lang='lat' dir='ltr'>sponsum</span> <span class='ocrx_word' id='word_1_572' title='bbox 2575 4567 2829 4621; x_wconf 84' lang='lat' dir='ltr'>exoravit</span> <span class='ocrx_word' id='word_1_573' title='bbox 2858 4570 2918 4621; x_wconf 89' lang='lat' dir='ltr'>ut</span> <span class='ocrx_word' id='word_1_574' title='bbox 2943 4566 3150 4620; x_wconf 88' lang='lat' dir='ltr'>vindex</span> <span class='ocrx_word' id='word_1_575' title='bbox 3180 4566 3342 4620; x_wconf 83' lang='lat' dir='ltr'>ﬁeret</span> 
     </span>
    </p>
   </div>
   <div class='ocr_carea' id='block_1_109' title="bbox 2102 4653 3439 4727">
    <p class='ocr_par' dir='ltr' id='par_1_109' title="bbox 2102 4653 3439 4727">
     <span class='ocr_line' id='line_1_110' title="bbox 2102 4653 3439 4727; baseline -0.001 -16"><span class='ocrx_word' id='word_1_576' title='bbox 2102 4655 2327 4727; x_wconf 89' lang='lat' dir='ltr'>parenti</span> <span class='ocrx_word' id='word_1_577' title='bbox 2356 4672 2461 4711; x_wconf 90' lang='lat' dir='ltr'>suo</span> <span class='ocrx_word' id='word_1_578' title='bbox 2487 4659 2605 4709; x_wconf 90' lang='lat' dir='ltr'>tam</span> <span class='ocrx_word' id='word_1_579' title='bbox 2629 4653 2904 4724; x_wconf 87' lang='lat' dir='ltr'>gravibus</span> <span class='ocrx_word' id='word_1_580' title='bbox 2935 4670 3216 4723; x_wconf 89' lang='lat' dir='ltr'>oppresso</span> <span class='ocrx_word' id='word_1_581' title='bbox 3247 4654 3439 4723; x_wconf 89' lang='lat' dir='ltr'>malis,</span> 
     </span>
    </p>
   </div>
   <div class='ocr_carea' id='block_1_110' title="bbox 2100 4739 3294 4814">
    <p class='ocr_par' dir='ltr' id='par_1_110' title="bbox 2100 4739 3294 4814">
     <span class='ocr_line' id='line_1_111' title="bbox 2100 4739 3294 4814; baseline -0.002 -16"><span class='ocrx_word' id='word_1_582' title='bbox 2100 4744 2375 4814; x_wconf 82' lang='lat' dir='ltr'>fratrique</span> <span class='ocrx_word' id='word_1_583' title='bbox 2407 4741 2776 4807; x_wconf 83' lang='lat' dir='ltr'>nudo,exsuli</span> <span class='ocrx_word' id='word_1_584' title='bbox 2807 4746 2864 4795; x_wconf 89' lang='lat' dir='ltr'>et</span> <span class='ocrx_word' id='word_1_585' title='bbox 2895 4742 3020 4795; x_wconf 91' lang='lat' dir='ltr'>sine</span> <span class='ocrx_word' id='word_1_586' title='bbox 3052 4739 3294 4796; x_wconf 90' lang='lat' dir='ltr'>laribus.</span> 
     </span>
    </p>
   </div>
   <div class='ocr_carea' id='block_1_111' title="bbox 2100 4836 3288 4908">
    <p class='ocr_par' dir='ltr' id='par_1_111' title="bbox 2100 4836 3288 4908">
     <span class='ocr_line' id='line_1_112' title="bbox 2100 4836 3288 4908; baseline -0.003 -12"><span class='ocrx_word' id='word_1_587' title='bbox 2100 4841 2249 4896; x_wconf 91' lang='lat' dir='ltr'>Dum</span> <span class='ocrx_word' id='word_1_588' title='bbox 2268 4840 2388 4893; x_wconf 68' lang='lat' dir='ltr'>haec</span> <span class='ocrx_word' id='word_1_589' title='bbox 2421 4838 2867 4908; x_wconf 81' lang='lat' dir='ltr'>peragebantur,</span> <span class='ocrx_word' id='word_1_590' title='bbox 2891 4836 3139 4908; x_wconf 82' lang='lat' dir='ltr'>Erinnys</span> <span class='ocrx_word' id='word_1_591' title='bbox 3174 4837 3288 4892; x_wconf 89' lang='lat' dir='ltr'>alia</span> 
     </span>
    </p>
   </div>
   <div class='ocr_carea' id='block_1_112' title="bbox 2100 4925 2872 4999">
    <p class='ocr_par' dir='ltr' id='par_1_112' title="bbox 2100 4925 2872 4999">
     <span class='ocr_line' id='line_1_113' title="bbox 2100 4925 2872 4999; baseline -0.005 -15"><span class='ocrx_word' id='word_1_592' title='bbox 2100 4929 2344 4984; x_wconf 88' lang='lat' dir='ltr'>exitiosa</span> <span class='ocrx_word' id='word_1_593' title='bbox 2382 4925 2708 4999; x_wconf 66' lang='lat' dir='ltr'>Byzantina:</span> <span class='ocrx_word' id='word_1_594' title='bbox 2744 4926 2872 4980; x_wconf 91' lang='lat' dir='ltr'>urbi</span> 
     </span>
    </p>
   </div>
   <div class='ocr_carea' id='block_1_113' title="bbox 2100 5013 3360 5086">
    <p class='ocr_par' dir='ltr' id='par_1_113' title="bbox 2100 5013 3360 5086">
     <span class='ocr_line' id='line_1_114' title="bbox 2100 5013 3360 5086; baseline -0.001 -14"><span class='ocrx_word' id='word_1_595' title='bbox 2100 5018 2217 5072; x_wconf 82' lang='lat' dir='ltr'>dux</span> <span class='ocrx_word' id='word_1_596' title='bbox 2239 5015 2614 5071; x_wconf 87' lang='lat' dir='ltr'>Venetiarum</span> <span class='ocrx_word' id='word_1_597' title='bbox 2648 5018 2771 5069; x_wconf 91' lang='lat' dir='ltr'>erat</span> <span class='ocrx_word' id='word_1_598' title='bbox 2801 5015 3004 5071; x_wconf 85' lang='lat' dir='ltr'>Ericus</span> <span class='ocrx_word' id='word_1_599' title='bbox 3039 5013 3360 5086; x_wconf 89' lang='lat' dir='ltr'>Dandulus,</span> 
     </span>
    </p>
   </div>
   <div class='ocr_carea' id='block_1_114' title="bbox 2098 5103 3295 5174">
    <p class='ocr_par' dir='ltr' id='par_1_114' title="bbox 2098 5103 3295 5174">
     <span class='ocr_line' id='line_1_115' title="bbox 2098 5103 3295 5174; baseline -0.002 -13"><span class='ocrx_word' id='word_1_600' title='bbox 2098 5107 2186 5162; x_wconf 91' lang='lat' dir='ltr'>vir</span> <span class='ocrx_word' id='word_1_601' title='bbox 2219 5103 2641 5171; x_wconf 83' lang='lat' dir='ltr'>fraudulentus,</span> <span class='ocrx_word' id='word_1_602' title='bbox 2665 5108 2950 5158; x_wconf 89' lang='lat' dir='ltr'>veterator</span> <span class='ocrx_word' id='word_1_603' title='bbox 2981 5104 3295 5174; x_wconf 88' lang='lat' dir='ltr'>pessimus,</span> 
     </span>
    </p>
   </div>
   <div class='ocr_carea' id='block_1_115' title="bbox 2098 5192 3187 5266">
    <p class='ocr_par' dir='ltr' id='par_1_115' title="bbox 2098 5192 3187 5266">
     <span class='ocr_line' id='line_1_116' title="bbox 2098 5192 3187 5266; baseline -0.006 -16"><span class='ocrx_word' id='word_1_604' title='bbox 2098 5199 2248 5266; x_wconf 85' lang='lat' dir='ltr'>Aper</span> <span class='ocrx_word' id='word_1_605' title='bbox 2277 5194 2686 5249; x_wconf 84' lang='lat' dir='ltr'>exsecrandus.</span> <span class='ocrx_word' id='word_1_606' title='bbox 2722 5192 2947 5262; x_wconf 90' lang='lat' dir='ltr'>imperii</span> <span class='ocrx_word' id='word_1_607' title='bbox 2982 5192 3187 5261; x_wconf 89' lang='lat' dir='ltr'>pestis,</span> 
     </span>
    </p>
   </div>
   <div class='ocr_carea' id='block_1_116' title="bbox 2100 5280 3349 5354">
    <p class='ocr_par' dir='ltr' id='par_1_116' title="bbox 2100 5280 3349 5354">
     <span class='ocr_line' id='line_1_117' title="bbox 2100 5280 3349 5354; baseline -0.003 -16"><span class='ocrx_word' id='word_1_608' title='bbox 2100 5284 2200 5354; x_wconf 91' lang='lat' dir='ltr'>qui</span> <span class='ocrx_word' id='word_1_609' title='bbox 2225 5298 2495 5338; x_wconf 87' lang='lat' dir='ltr'>arcanam</span> <span class='ocrx_word' id='word_1_610' title='bbox 2529 5282 2826 5335; x_wconf 85' lang='lat' dir='ltr'>ﬂammam</span> <span class='ocrx_word' id='word_1_611' title='bbox 2854 5280 3120 5335; x_wconf 89' lang='lat' dir='ltr'>nutriens</span> <span class='ocrx_word' id='word_1_612' title='bbox 3148 5280 3349 5335; x_wconf 81' lang='lat' dir='ltr'>livoris</span> 
     </span>
    </p>
   </div>
   <div class='ocr_carea' id='block_1_117' title="bbox 2099 5367 3171 5441">
    <p class='ocr_par' dir='ltr' id='par_1_117' title="bbox 2099 5367 3171 5441">
     <span class='ocr_line' id='line_1_118' title="bbox 2099 5367 3171 5441; baseline -0.006 -14"><span class='ocrx_word' id='word_1_613' title='bbox 2099 5377 2271 5441; x_wconf 89' lang='lat' dir='ltr'>atque</span> <span class='ocrx_word' id='word_1_614' title='bbox 2299 5369 2411 5426; x_wconf 92' lang='lat' dir='ltr'>odii</span> <span class='ocrx_word' id='word_1_615' title='bbox 2435 5367 2937 5437; x_wconf 86' lang='lat' dir='ltr'>tomitemjamdiu</span> <span class='ocrx_word' id='word_1_616' title='bbox 2962 5384 3171 5437; x_wconf 86' lang='lat' dir='ltr'>gerens</span> 
     </span>
    </p>
   </div>
   <div class='ocr_carea' id='block_1_118' title="bbox 2096 5454 3346 5531">
    <p class='ocr_par' dir='ltr' id='par_1_118' title="bbox 2096 5454 3346 5531">
     <span class='ocr_line' id='line_1_119' title="bbox 2096 5454 3346 5531; baseline -0.005 -16"><span class='ocrx_word' id='word_1_617' title='bbox 2096 5466 2377 5531; x_wconf 85' lang='lat' dir='ltr'>tanquam</span> <span class='ocrx_word' id='word_1_618' title='bbox 2405 5458 2514 5512; x_wconf 88' lang='lat' dir='ltr'>sub</span> <span class='ocrx_word' id='word_1_619' title='bbox 2546 5456 2758 5511; x_wconf 88' lang='lat' dir='ltr'>mentis</span> <span class='ocrx_word' id='word_1_620' title='bbox 2783 5456 2975 5510; x_wconf 88' lang='lat' dir='ltr'>cinere</span> <span class='ocrx_word' id='word_1_621' title='bbox 3003 5454 3346 5525; x_wconf 88' lang='lat' dir='ltr'>repositum,</span> 
     </span>
    </p>
   </div>
   <div class='ocr_carea' id='block_1_119' title="bbox 2096 5542 3118 5610">
    <p class='ocr_par' dir='ltr' id='par_1_119' title="bbox 2096 5542 3118 5610">
     <span class='ocr_line' id='line_1_120' title="bbox 2096 5542 3118 5610; baseline -0.009 -6"><span class='ocrx_word' id='word_1_622' title='bbox 2096 5549 2169 5604; x_wconf 92' lang='lat' dir='ltr'>ob</span> <span class='ocrx_word' id='word_1_623' title='bbox 2202 5548 2325 5603; x_wconf 91' lang='lat' dir='ltr'>suis</span> <span class='ocrx_word' id='word_1_624' title='bbox 2350 5545 2533 5610; x_wconf 89' lang='lat' dir='ltr'>illata,</span> <span class='ocrx_word' id='word_1_625' title='bbox 2563 5549 2625 5598; x_wconf 82' lang='lat' dir='ltr'>ut</span> <span class='ocrx_word' id='word_1_626' title='bbox 2648 5544 2855 5608; x_wconf 86' lang='lat' dir='ltr'>aiebat,</span> <span class='ocrx_word' id='word_1_627' title='bbox 2891 5542 3118 5597; x_wconf 89' lang='lat' dir='ltr'>civibus</span> 
     </span>
    </p>
   </div>
   <div class='ocr_carea' id='block_1_120' title="bbox 2096 5630 3194 5701">
    <p class='ocr_par' dir='ltr' id='par_1_120' title="bbox 2096 5630 3194 5701">
     <span class='ocr_line' id='line_1_121' title="bbox 2096 5630 3194 5701; baseline -0.007 -10"><span class='ocrx_word' id='word_1_628' title='bbox 2096 5654 2128 5691; x_wconf 89' lang='lat' dir='ltr'>a</span> <span class='ocrx_word' id='word_1_629' title='bbox 2151 5634 2316 5690; x_wconf 88' lang='lat' dir='ltr'>nobis</span> <span class='ocrx_word' id='word_1_630' title='bbox 2346 5633 2698 5689; x_wconf 87' lang='lat' dir='ltr'>detrimenta</span> <span class='ocrx_word' id='word_1_631' title='bbox 2722 5636 2894 5701; x_wconf 83' lang='lat' dir='ltr'>atque</span> <span class='ocrx_word' id='word_1_632' title='bbox 2926 5630 3194 5701; x_wconf 82' lang='lat' dir='ltr'>injurias,</span> 
     </span>
    </p>
   </div>
   <div class='ocr_carea' id='block_1_121' title="bbox 3652 351 3762 406">
    <p class='ocr_par' dir='ltr' id='par_1_121' title="bbox 3652 351 3762 406">
     <span class='ocr_line' id='line_1_122' title="bbox 3652 351 3762 406; baseline -0.009 0"><span class='ocrx_word' id='word_1_633' title='bbox 3652 351 3762 406; x_wconf 83' lang='lat'>250</span> 
     </span>
    </p>
   </div>
  </div>
