4136 6292
474 360 585 415 255
1680 361 2053 415 EPHRBMII
2090 360 2107 412 <

1680 361 2053 415 ΕΡΗΒΕΜΙΙ
2090 355 2659 415 CHRONOGBAPHI

475 484 695 542 Latinis
724 484 1076 540 resistebant
1106 484 1239 539 forti
1269 482 1465 538 animo
1491 501 1503 537 ι

472 573 780 644 portisque
810 587 874 626 se
896 571 1209 626 eti‘erebant
1241 575 1302 624 ut
1333 570 1711 625 ostenderent

474 660 704 717 bellicis
733 660 952 714 viribus
984 660 1187 714 urbem
1220 675 1335 713 non
1368 658 1633 722 destitui,

477 763 669 820 neque
700 764 762 803 se
790 747 975 803 aleam
1008 764 1214 819 pugnae
1247 747 1588 801 detrectare.

473 836 735 891 Profecto
764 840 888 889 tum
921 836 1210 889 Romanos
1237 833 1483 888 vidisses
1518 838 1811 900 strenuos,

469 926 646 990 atque
677 923 964 978 Mavortias
991 938 1279 977 memores
1328 922 1566 976 virtutis
1608 941 1621 987 ;

476 1010 801 1083 presertim
836 1010 933 1064 ubi
967 1010 1337 1080 imperatoris
1366 1026 1549 1078 gener

475 1099 695 1155 bellum
726 1099 936 1153 ducatu
970 1098 1206 1168 regebat
1236 1097 1481 1152 miriﬁco

475 1187 737 1243 Lascaris
770 1186 1114 1241 Theodorus
1143 1186 1202 1240 in
1229 1185 1440 1256 praeliis
1473 1185 1581 1241 leo.

469 1274 573 1328 Hic
603 1274 759 1328 enim
791 1290 1018 1344 pugnas
1051 1274 1275 1328 fortiter
1297 1278 1641 1328 sustentans

469 1361 747 1430 cadebat,
779 1360 1120 1415 concidebat
1148 1360 1529 1415 adversarios.

466 1458 651 1521 Quare
676 1456 958 1512 collectus
991 1456 1231 1512 Latinus
1264 1456 1554 1512 exercitus

466 1546 763 1600 terrestris
795 1549 852 1599 et
883 1545 1238 1611 maritimus,
1271 1545 1416 1614 proh
1446 1543 1666 1598 rabiem
1694 1542 1882 1597 diram
1915 1541 1927 1594 !

467 1634 692 1705 impetu
724 1635 930 1689 statuit
960 1651 1163 1705 capere
1196 1634 1535 1703 Byzantium

466 1724 517 1780 si
549 1728 703 1779 certe
730 1722 1102 1794 praevaleret;
1141 1723 1232 1776 sin
1262 1726 1458 1776 autem
1492 1720 1711 1787 minus,

468 1813 678 1868 oblatis
704 1811 1140 1867 conditionibus
1172 1812 1308 1866 hinc
1342 1812 1626 1866 recedere.

466 1901 615 1971 Ergo
646 1900 825 1955 Latini
859 1901 1056 1955 hostes
1085 1900 1145 1954 in
1171 1899 1354 1955 aciem
1391 1900 1678 1968 prodeunt

467 1992 644 2058 atque
674 2004 849 2043 naves
879 1993 1221 2058 promovent
1251 2002 1438 2058 usque
1471 1988 1541 2042 ad
1575 1985 1831 2042 Petrium
1856 2006 1870 2052 ;

467 2077 718 2147 grandes
753 2076 1031 2131 habentes
1060 2077 1121 2131 in
1145 2075 1415 2130 antennis
1448 2076 1637 2131 scalas

467 2163 710 2218 funibus
743 2163 1011 2235 alligatas
1044 2168 1165 2218 arte
1198 2165 1363 2218 mira.

467 2251 721 2306 Arietem
748 2250 848 2305 alii
871 2252 1201 2305 machinam
1233 2252 1531 2320 objectant

469 2338 705 2395 solitum
738 2341 1098 2394 urbanorum
1132 2338 1427 2408 ﬂagellum
1463 2338 1764 2403 moenium,

469 2431 526 2482 et
555 2427 1008 2497 circumponunt
1040 2426 1307 2481 homines
1340 2425 1685 2497 armigeros,

472 2515 753 2569 nimirum
783 2514 1145 2570 hallistarios
1176 2514 1274 2584 qui
1311 2514 1540 2569 hostem
1570 2515 1896 2569 verberent.

469 2613 629 2668 Tunc
660 2617 825 2666 atrox
858 2612 1186 2665 exardescit
1213 2612 1284 2665 ad
1311 2609 1524 2665 moenia
1557 2610 1775 2664 bellum

472 2704 696 2755 terrore
727 2698 965 2768 plenum
999 2698 1273 2753 maximis
1294 2697 1619 2753 conatibus-

472 2788 659 2843 Ariete
690 2791 1088 2858 expugnatore
1117 2791 1401 2857 ruperunt
1430 2786 1598 2841 facile

474 2877 783 2932 obversum
811 2875 956 2931 mari
990 2890 1222 2929 murum
1258 2893 1271 2941 ;
1305 2876 1405 2929 sed
1438 2879 1576 2929 sunt
1616 2873 1832 2945 repulsi

475 2981 509 3021 a
538 2964 751 3019 nostris
782 2962 1163 3019 auxiliaribus
1196 2963 1295 3034 qui
1327 2963 1386 3016 in
1419 2964 1559 3018 urbe
1590 2968 1775 3018 erant.

472 3051 545 3105 At
575 3050 861 3107 classiarii
893 3052 1145 3122 desuper
1177 3067 1207 3106 e
1238 3050 1412 3106 scalis

467 3139 763 3211 lapidibus
793 3139 1094 3206 feriebant,
1126 3138 1281 3201 telis,
1314 3138 1525 3207 gladiis

470 3229 727 3284 turrium
759 3228 1034 3283 custodes
1067 3226 1468 3297 moeniumque
1498 3227 1780 3296 vindices,

472 3316 750 3387 brevique
780 3316 1015 3371 eosdem
1054 3316 1110 3369 in
1135 3315 1331 3385 fugam
1364 3316 1756 3385 conjecerunt.

470 3404 695 3461 Deinde
725 3403 925 3459 hostes
958 3403 1249 3458 moenibus
1281 3403 1449 3473 potiti

470 3493 713 3548 urbanis
738 3492 933 3563 ignem
967 3492 1532 3562 domibusinjiciunt

470 3581 607 3637 inde
639 3598 671 3636 a
703 3581 1037 3636 Blachernis
1061 3581 1130 3637 ad
1164 3582 1345 3634 eadem
1379 3580 1693 3649 Evergetw.

473 3681 637 3735 Tunc
661 3679 853 3735 dirum
888 3694 1090 3733 casum
1124 3693 1368 3732 cernens
1400 3677 1717 3747 imperator

469 3765 922 3836 trepidationem
954 3764 1357 3836 lacrymasque
1380 3764 1613 3832 civium,

472 3854 800 3926 horumque
822 3869 1028 3909 verens
1054 3858 1306 3908 maxime
1337 3853 1790 3923 querimoniam,

473 3957 623 4014 aegre
652 3947 709 3997 et
739 3946 975 3998 coactus
1007 3944 1242 3997 tandem
1275 3942 1335 3995 in
1370 3958 1533 3996 arma
1557 3942 1800 4011 rapitur,

470 4035 527 4086 et
548 4031 959 4101 cataphractus
987 4031 1261 4101 prodiens
1297 4029 1513 4100 palatio

472 4118 646 4174 traxit
683 4119 969 4174 nobilium
994 4120 1258 4190 equitum
1279 4121 1568 4172 catervam

475 4207 857 4276 peditumque
888 4208 1168 4274 iuvenum
1193 4205 1396 4258 fortem
1424 4220 1685 4271 manum.

475 4295 545 4348 Et
574 4293 821 4348 fortasse
852 4294 1083 4364 aliquod
1115 4295 1387 4362 peractus
1417 4295 1540 4345 erat

476 4380 619 4436 utile
651 4381 781 4435 urbi
813 4380 1041 4435 facinus
1064 4384 1120 4435 et
1150 4378 1418 4450 imperio,

473 4467 521 4522 si
555 4484 685 4523 cum
714 4468 987 4523 hostibus
1021 4484 1259 4522 manum
1293 4467 1706 4535 conseruisset,

469 4555 559 4611 vel
591 4559 741 4611 certe
770 4557 1002 4613 Lascari
1036 4572 1246 4629 genero
1270 4555 1589 4610 fortissimo

471 4643 723 4698 maxime
748 4644 970 4715 Optanti
1008 4659 1265 4716 pugnam
1300 4642 1708 4714 permisisset:

473 4747 631 4785 nunc
662 4732 1068 4786 conservandae
1098 4733 1225 4786 vitae
1259 4732 1399 4785 dum
1433 4731 1629 4786 studet
1661 4730 1831 4786 miles

474 4819 817 4873 acceleravit
847 4819 979 4872 urbi
1012 4819 1322 4874 discrimen
1358 4835 1683 4873 summum.

477 4915 622 4969 Nam
653 4915 844 4969 Caesar
876 4915 1057 4968 armis
1090 4914 1340 4984 sumptis
1374 4913 1432 4967 in
1462 4915 1710 4984 speciem
1744 4922 1971 4972 tantum

477 5006 785 5074 postquam
818 5018 880 5056 se
911 5002 1069 5056 brevi
1101 5006 1398 5055 armatum
1427 5004 1683 5057 ostendit
1712 5005 1957 5074 civibus,

482 5088 646 5145 nulla
675 5104 736 5143 re
768 5090 946 5159 digna
976 5092 1139 5159 gesta
1169 5088 1406 5143 recessit
1428 5090 1668 5159 statim;
1842 5077 1846 5081 ’

476 5181 533 5232 et
563 5177 662 5247 qui
685 5177 994 5246 jucundus
1014 5192 1199 5247 nuper
1222 5177 1277 5229 in
1314 5176 1575 5246 praelium
1607 5184 1859 5249 venerat,

479 5282 613 5319 mox
646 5265 973 5336 ignominia
1002 5265 1210 5334 plenus
1242 5281 1308 5319 ex
1341 5281 1405 5318 eo
1432 5265 1727 5333 discersit,

475 5358 644 5408 aucta
673 5353 892 5409 Latinis
923 5352 1192 5408 hostibus
1226 5353 1489 5415 audacia,

482 5445 624 5496 Cum
648 5441 960 5512 recepisset
989 5456 1125 5512 ergo
1151 5456 1212 5495 se
1241 5440 1298 5493 in
1331 5440 1610 5511 palatium

486 5530 782 5584 Romanus
809 5530 1000 5583 Caesar
1030 5530 1361 5583 Comnenus
1385 5527 1641 5599 Alexius,

486 5617 628 5672 utilc
658 5615 771 5672 sibi
802 5618 1030 5674 censuit
1062 5634 1125 5675 ac
1158 5616 1573 5674 necessarium.

2143 481 2197 547 Α
2225 480 2365 535 6810
2405 474 2807 530 Συνιπλέκοντο
2841 474 3089 537 Λατίνοις
3124 473 3439 548 εὐκαρδίως·

2395 563 2468 619 Τὸ
2502 564 2596 634 μὲν
2626 561 3039 637 παριστάνοντες
3073 562 3148 623 ὡς
3179 559 3328 617 ἔνδον
3359 560 3522 624 πόλις

2396 650 2711 708 Ὀπλιτικὸν
2750 651 3019 724 μάχιμον,
3055 651 3295 713 εὐσθενὲς
3336 650 3505 727 φέρει,

2394 741 2464 795 Τὸ
2497 737 2544 793 δ’
2572 738 2635 793 αὐ
2665 741 2864 793 ἑαυτῶν
2899 739 2948 791 ἐν
2987 738 3192 813 μάχαις
3224 737 3517 814 εὐανδρίαν·

2392 829 2559 885 Ἠνίκ’
2591 828 2771 899 ἀθρεῖν
2802 827 2867 895 ἦν
2902 827 3001 881 οὐκ
3033 829 3229 901 ἀγεννῆ
3261 828 3308 881 τ’
3337 826 3585 884 Αὐσόνων

2218 919 2359 973 6815
2396 914 2528 973 Οὐδ’
2554 915 2775 989 ἀρεϊκῆς
2808 913 3162 990 ἀνδραγαθίας
3193 914 3326 985 ξέναο

2396 1005 2502 1061 Καὶ
2538 1002 2750 1075 μᾶλλον
2785 1001 2907 1057 ἔνθα
2936 999 3187 1080 γαμὸρὸς
3216 1005 3282 1073 ἦν
3318 1002 3588 1079 βασιλέως

2397 1094 2594 1167 Μάχας
2625 1090 2937 1167 στρατηγῶν
2967 1093 3055 1146 καὶ
3089 1090 3377 1147 διευθύνων
3410 1094 3571 1165 ξένως

2394 1179 2674 1256 Θεόδωρος
2710 1180 2976 1255 Λάσκαρις
3010 1181 3061 1235 ἐν
3098 1184 3305 1256 μάχαις
3336 1182 3498 1239 λέων.

2396 1269 2567 1331 Οὗτος
2596 1267 2911 1323 τολυπεύων
2945 1268 3046 1344 γὰρ
3079 1270 3267 1343 ἄριστα
3301 1269 3481 1343 μάχας

2217 1369 2358 1423 6820
2396 1365 2693 1436 Ἐπληττε,
2725 1364 3063 1436 κατέπληττε
3092 1368 3217 1428 τοὺς
3245 1367 3591 1429 ἀντιπάλους·

2397 1455 2760 1527 Συσπειραθὶν
2794 1456 3100 1528 στράτευμα
3126 1454 3322 1509 λοιπὸν
3350 1454 3594 1509 Λατίνων

2393 1544 2654 1617 Χερσαῖον
2692 1538 2911 1615 ὑδραῖόν
2940 1562 3015 1613 τε,
3049 1546 3145 1616 φεῦ
3184 1548 3282 1609 τῆς
3318 1543 3548 1613 μανίαςί

2392 1632 2629 1705 Ἐγνωκε
2662 1628 2772 1684 δεῖν
2803 1651 2921 1691 πως
2950 1626 3281 1702 προσϐαλεῖν
3314 1629 3619 1699 Βυζαντίδι·

2390 1721 2485 1774 ”Ιν’
2515 1719 2565 1772 εἷ’
2592 1720 2685 1790 μὲν
2721 1718 2982 1791 ἰσχύσειν·
3019 1718 3063 1772 εἰ
3096 1716 3141 1772 δ’
3173 1716 3287 1786 οὗν,
3317 1714 3563 1783 συϐάσεις

2216 1810 2359 1864 6825
2398 1808 2625 1879 Δράσαν,
2658 1807 2791 1880 ἀπίῃ
2824 1808 2959 1880 πρὸς
2988 1805 3277 1870 κελεύθους
3308 1805 3469 1869 ἰδίαςο

2396 1896 2462 1951 Οἱ
2498 1897 2589 1967 μὲν
2622 1892 2884 1948 τολοιπὸν
2917 1895 3237 1969 ἀντιμάχων
3266 1896 3506 1950 Λατίνων

2396 1982 2575 2037 Πλοῖα
2605 1980 2856 2058 φέροντες
2885 1984 3060 2037 ἱστᾶσι
3093 1984 3199 2056 πρὸ
3232 1984 3493 2059 Πετρίων,

2396 2072 2493 2125 Διά
2516 2072 2698 2126 κάλων
2732 2070 3004 2143 κλίμακας
3041 2071 3261 2147 ἴσχοντα
3291 2071 3462 2145 ξένας,

2393 2161 2585 2222 Ἱστοῖς
2624 2159 2761 2233 πρὸς
2792 2159 2925 2232 ὕψος
2958 2159 3228 2234 εὐτέχνως
3255 2158 3641 2235 συνδουμένας·

2220 2252 2364 2305 6830
2402 2250 2470 2305 Οἱ
2502 2246 2559 2301 δὲ
2588 2249 2740 2321 κριὸν
2774 2248 3029 2321 τεύχουσι
3067 2251 3429 2323 μηχανήματι

2394 2336 2774 2410 Καθαιρετικὸν
2808 2336 3035 2410 τειχέων
3068 2336 3453 2409 πολισμάτων

2396 2422 2593 2495 Κύκλῳ
2618 2425 3038 2497 περιστήσαντες
3072 2422 3268 2500 ἄνδρας
3304 2425 3533 2487 ὁπλίτας

2396 2512 2841 2587 Τζαγρατοξότας
2872 2512 2948 2576 εἷς
2982 2515 3169 2589 μάχην
3201 2516 3543 2589 ἀντιμάχων·

2396 2600 2497 2657 Καὶ
2527 2601 2820 2669 τηνικαῦτα
2851 2607 3209 2674 συγκροτοῦσι
3239 2604 3337 2670 τὴν
3375 2603 3558 2676 μάχην

2140 1858 2187 1923 Β

2219 2699 2362 2753 6835
2398 2698 2485 2757 Ὡς
2516 2695 2774 2770 κρατεράν
2804 2716 2861 2749 τε
2889 2697 2977 2749 καὶ
3011 2694 3217 2773 σφόδρα
3247 2698 3560 2772 φρικαλέαν,

2396 2785 2453 2836 Ὁ
2482 2782 2915 2858 τειχεσιπλήτης
2948 2782 3004 2838 δὲ
3034 2786 3185 2858 κριὸς
3213 2783 3409 2861 ῥᾳδίως

2401 2872 2635 2948 ’Ἐρῥηξε
2662 2878 2851 2946 τεῖχος
2881 2873 3015 2945 πρὸς
3048 2871 3313 2936 θάλασσαν
3344 2876 3406 2928 τὸ
3444 2875 3665 2949 βλέπον·

2400 2960 2506 3015 Κᾶν
2542 2959 2882 3033 ἀπεκρούσθη
2916 2961 3235 3036 συμμάχοις
3261 2967 3377 3024 τοῖς
3409 2962 3687 3019 Αὐσόνων·

2404 3048 2628 3109 Πλοίοις
2663 3046 2707 3102 δ’
2735 3047 2943 3110 ἐνόντες
2977 3048 3036 3103 ἐκ
3063 3049 3349 3121 κλιμάκων
3383 3046 3573 3124 ὑψόθεν

2222 3141 2363 3196 6840
2402 3136 2653 3212 Ἠφίεσαν
2686 3135 2870 3198 λίθους
2902 3158 2961 3191 τε
2990 3138 3216 3200 κοντοὺς
3245 3141 3331 3193 καὶ
3366 3141 3489 3217 ξίφη

2144 3209 2186 3273 C
2402 3209 2614 3281 d’ﬂaxz
2644 3224 2862 3299 πύργων
2890 3227 2977 3279 καὶ
3009 3227 3325 3302 προμάχοις
3346 3209 3591 3302 τειχέων,

2398 3315 2499 3369 Καὶ
2532 3313 2666 3386 πρὸς
2698 3315 2869 3388 φυγὴν
2902 3312 3183 3387 τρέπουσιν
3216 3315 3409 3377 αὐτοὺς
3441 3314 3657 3391 ῥᾳδίως.

2400 3402 2601 3456 Λοιπὸν
2634 3402 2888 3475 κρατοῦσι
2919 3405 3147 3477 τειχέων
3176 3405 3579 3479 πυργωμάτων,

2401 3491 2500 3547 Καὶ
2532 3490 2904 3563 πυρπολοῦσιν
2935 3490 3107 3553 οἰκίας
3143 3489 3428 3565 ἱδρυμένας

2220 3590 2361 3645 6845
2401 3589 2492 3642 Ἐκ
2520 3588 2625 3642 τῶν
2657 3587 2982 3663 Βλαχερνῶν
3016 3587 3068 3651 ές
3098 3591 3268 3661 μονὴν
3299 3590 3609 3666 Εὐεργέτου.

2399 3673 2547 3733 Ἰδὼν
2584 3672 2639 3729 δὲ
2670 3672 2997 3749 δυστύχῆμα
3022 3678 3166 3731 τοῦτ’
3197 3677 3541 3753 αὐτοκράτωρ

2398 3766 2497 3821 Καὶ
2532 3764 2770 3836 συνοχὴν
2806 3761 3009 3836 δάκρυα
3038 3769 3144 3819 τῶν
3180 3766 3433 3836 ὑπηκόων

2398 3854 2647 3926 Μέμψεις
2682 3850 2738 3905 δὲ
2767 3851 2972 3907 τούτων
3007 3849 3331 3924 εὐλαϐηθεῖς
3370 3856 3457 3910 καὶ
3488 3855 3682 3926 πλέον,

2396 3941 2572 4003 Μόλις
2604 3940 2838 4011 ὁπλίτης
2868 3942 3067 4016 γίνεται
3100 3944 3189 3997 καὶ
3220 3943 3311 3997 σὺν
3343 3946 3454 4017 βίᾳ.

2218 4034 2363 4087 6850
2400 4034 2515 4083 Τῶν
2552 4028 2840 4103 βασιλείων
2877 4028 2923 4085 δ’
2954 4030 3104 4102 ἐξιὼν
3135 4032 3508 4105 ὡπλισμένος,

2397 4117 2691 4179 Πλείστους
2722 4117 3057 4174 ἐπεσπάσατο
3090 4118 3379 4195 λαμπροὺς
3412 4120 3626 4188 ἱππέας,

2396 4205 2497 4261 Καὶ
2524 4207 2749 4274 πεζικὴν
2784 4204 3035 4283 φάλαγγα
3065 4210 3320 4283 γενναίων
3355 4204 3508 4264 νέων·

2397 4292 2499 4350 Καὶ
2522 4295 2648 4369 τάχ’
2677 4292 2737 4346 ἃν
2771 4292 2929 4369 ἔργον
2961 4294 3171 4357 εὐκλεὲς
3201 4298 3477 4372 πέπρακτό
3513 4298 3562 4351 οἱ

2401 4383 2684 4456 Σωτήριον
2716 4380 2877 4436 πόλει
2909 4403 2966 4437 τε
2994 4384 3081 4437 καὶ
3112 4385 3436 4459 κραταρχίᾳ,

2220 4482 2367 4537 6855
2411 4481 2471 4536 Εἰ
2504 4479 2813 4549 συνεπλάκη
2845 4486 2961 4543 τοῖς
2994 4482 3216 4557 ἐχθροῖς
3246 4484 3500 4553 ἐναντίος,

2149 4554 2193 4618 D
2402 4571 2475 4624 Ἠ
2506 4566 2833 4640 συμπλοκὴν
2868 4554 3108 4642 Λάσκαρι
3135 4567 3366 4648 γαμϐρῷ
3397 4570 3617 4647 γεννάδα

2397 4659 2663 4730 Ὀργῶντι
2700 4656 2847 4727 μάλα
2878 4662 3290 4733 συγκεχωρήκει
3322 4663 3464 4715 τότε·

2397 4746 2506 4800 Νῦν
2542 4742 2586 4798 δ’
2623 4744 2773 4818 ὑπὲρ⁹
2802 4746 2951 4799 αἶσαν
2982 4748 3015 4815 ἡ
3052 4753 3301 4821 στρατιᾶς
3331 4746 3508 4804 δειλία

2400 4832 2493 4895 Εἰς
2522 4830 2750 4907 ἔσχατον
2778 4830 3023 4888 κίνδυνον
3055 4835 3162 4889 ὦσι
3190 4837 3288 4904 τὴν
3322 4834 3509 4893 πόλιν.

2221 4924 2363 4978 6860
2401 4920 2580 4977 Μόνον
2613 4919 2717 4995 γὰρ
2749 4919 2824 4981 εἷς
2855 4917 3070 4991 ἔνδειξιν
3102 4922 3263 4976 αὐτὸν
3296 4923 3524 4987 ὁπλίσας

2400 5009 2606 5081 Μικρόν
2639 5028 2697 5061 τε
2728 5009 2913 5084 φανεὶς
2938 5010 2965 5063 ὁ
2996 5009 3309 5083 κρατάρχης
3344 5008 3596 5083 ὁπλίτης,

2403 5096 2574 5159 Εὐθὺς
2604 5097 2950 5169 ἀπεκρύψατο
2984 5095 3150 5169 μηδέν
3182 5120 3235 5151 τι
3266 5096 3488 5173 δράσας·

2406 5186 2694 5245 Ἀσπάσιος
2728 5186 2819 5256 μὲν
2854 5184 3006 5255 ἐξιὼν
3036 5186 3171 5259 πρὸς
3199 5188 3297 5254 τήν
3335 5190 3545 5262 μάχην,

2402 5272 2665 5325 Ἐπανιὼν
2702 5270 2747 5325 δ’
2775 5271 3055 5347 αἴσχιστος
3086 5272 3144 5326 ἐκ
3177 5275 3363 5347 μάχης
3392 5277 3557 5350 τάχα,
3600 5336 3603 5337 ν

2222 5362 2365 5417 6865
2401 5360 2766 5432 Θρασυτέρους
2797 5360 2903 5419 θεὶς
2936 5361 3274 5433 ἀντιμάχους
3303 5363 3579 5426 Λατίνους·

2400 5450 2592 5518 ’Ὁμως
2630 5445 2879 5508 ὑπεισδὺς
2908 5447 3031 5508 τοὺς
3070 5446 3383 5521 βασιλείους
3415 5448 3617 5525 δόμους

2407 5541 2481 5589 K0
2491 5556 2596 5606 μνη
2612 5537 2691 5596 νὸς
2725 5534 2963 5605 Ἀλέξιος
2994 5535 3448 5613 Αὐσονοκράτωρ,

2405 5626 2644 5699 Ἔγνωκε
2679 5621 2786 5678 δεῖν
2821 5624 2869 5679 οἱ
2902 5623 3173 5700 συμφέρον
3203 5644 3261 5679 τε
3289 5625 3568 5700 τυγχάνειν
