4136 6292
320 314 427 370 257

489 440 869 516 Ἀντιφερίζειν
907 443 1081 516 μηδὴν
1118 448 1264 521 ἀκμῇ
1294 447 1566 505 κινδύνου.

307 527 453 582 6870
491 529 691 599 ’Έξεισι
721 532 913 594 νυκτὸς
940 540 1227 609 τοιγαροῦν
1258 535 1596 607 λεληθότως.

492 617 637 686 Πρὸς
666 614 927 674 Δεϐελτὸν
961 619 1005 675 δ’
1037 620 1215 679 ἄπεισι
1247 625 1499 700 φρούριον
1528 630 1764 701 Θρᾷκης,

492 704 663 766 Ἔνθα
692 708 1071 779 προητοίμασε
1098 712 1197 779 τὴν
1226 712 1527 780 κατοικίαν,

500 793 674 847 Ὀκτὼ
705 797 995 871 κατασχὼν
1023 800 1120 867 τὴν
1157 799 1431 873 βασιλείαν
1465 803 1696 876 χρόνους

490 879 598 934 Σὺν
646 883 783 953 μησὶ
813 885 984 957 τρισὶν
1019 888 1251 961 ἡμέραις
1284 888 1435 953 αὖθις
1468 888 1611 947 δέκα.

492 998 811 1055 ΔΔΕΞΙΟΣ
853 1001 896 1056 Ο
936 1003 1095 1059 ΥΙΟΣ
1138 1007 1473 1063 ΙΣΑΔΚΙΟΥ
1509 1008 1675 1062 MHN.
1721 1008 1782 1075 ζ’.

309 1090 455 1145 6875
492 1088 661 1178 Αὖθις
696 1090 743 1146 δ’
770 1095 1039 1159 Ἰσαάκιος
1072 1100 1238 1173 ἄρχοι
1265 1105 1359 1154 τοῦ
1400 1101 1622 1178 στὲφους

510 1177 615 1232 Σὺν
646 1179 875 1254 Ἀλεξίῳ
902 1186 1097 1257 τεκνίῳ
1128 1185 1466 1261 πεφιλμένῳ·

518 1266 671 1320 Ἐπεὶ
700 1270 800 1344 γὰρ
832 1269 1069 1341 Ἀλέξιος
1101 1275 1301 1344 ἀπέστη
1334 1276 1585 1350 κράτους,

492 1354 595 1408 Καῖ
626 1357 761 1428 πρὸς
794 1353 1055 1413 Δεϐελτὸν
1087 1360 1405 1437 ἀπέδρασεν,
1428 1367 1501 1427 ὡς
1526 1365 1684 1441 ἔφη»,

482 1440 657 1505 Εὐθὺς
684 1443 1015 1521 ἀνηγόρευτο
1048 1450 1185 1523 πρὸς
1210 1453 1502 1525 γερουσίας

306 1529 449 1588 6880
490 1529 755 1592 Ἰσαάκιος
789 1534 1042 1606 βασιλεὺς
1071 1540 1247 1612 πηρὸς
1280 1542 1415 1617 φάη,

481 1618 715 1693 Εἱρκτῆς
742 1640 800 1674 τε
831 1619 1044 1694 δεσμῶν
1076 1626 1276 1689 ἀνεθεὶς
1308 1629 1659 1704 παραλόγως·

485 1706 868 1783 Καθείργνυται
905 1708 963 1765 δὲ
998 1713 1214 1787 βασιλὶς
1246 1717 1591 1792 Εὐφροσύνη.

482 1795 570 1855 Ὧς
601 1792 647 1849 δ’
677 1796 973 1871 ἐγκατέστη
1009 1802 1097 1855 καὶ
1129 1803 1293 1858 πάλιν
1326 1810 1651 1882 κραταρχίᾳ,

485 1883 681 1954 Τίθησι
716 1884 885 1957 δῆλον
917 1893 1020 1943 πᾶν
1051 1891 1113 1945 τὸ
1143 1888 1351 1965 συμϐὰν
1386 1896 1661 1958 Λατίνοις

297 1972 446 2027 6885
492 1974 553 2026 Οἱ
587 1971 633 2027 δ’
665 1974 781 2029 υἱὺν
815 1974 1181 2050 ἐκπέμπουσιν
1214 1981 1359 2054 αὐτῷ
1390 1983 1481 2038 σὺν
1512 1987 1693 2060 τάχει,

484 2061 573 2124 Ὠς
597 2063 800 2133 ἠξίωτο
826 2074 1091 2138 πατρικῆς
1121 2067 1399 2144 συνεδρίας

494 2151 791 2215 Κοινωνίας
819 2174 875 2207 τε
902 2158 997 2208 τοῦ
1032 2156 1312 2229 βασιλείου
1345 2161 1595 2232 κράτους.

484 2238 587 2292 Καὶ
616 2244 719 2301 πᾶς
751 2243 989 2315 προσιὼν
1024 2241 1281 2316 δημοτῶν
1313 2250 1419 2300 τῶν
1453 2246 1503 2302 ἐν
1537 2247 1681 2303 τὲλει

482 2325 718 2403 ’Δμφοῖν
751 2337 994 2405 προσῆγε
1023 2334 1390 2407 προσκύνησιν
1424 2338 1513 2389 καὶ
1539 2333 1715 2398 σέϐας.

302 2412 446 2467 6890
485 2415 630 2469 Μετᾶ
659 2416 836 2491 βραχὺ
873 2415 930 2473 δὲ
956 2419 1052 2473 καὶ
1085 2418 1372 2497 πρόκριτοι
1414 2423 1656 2479 Λατίνων

477 2504 607 2564 Τοῖς
643 2504 945 2577 βασιλείοις
978 2507 1390 2582 παραϐαλόντες
1420 2509 1613 2584 δόμοις

482 2593 675 2663 Τιμῶν
704 2594 962 2668 τυχόντες
995 2594 1213 2671 δωρεῶν
1242 2600 1291 2652 τ’
1316 2596 1382 2653 αὖ
1407 2599 1649 2677 ἀφθόνων

476 2677 638 2741 Αὖθις
671 2681 1090 2751 ἀπηλλάττοντο
1124 2685 1214 2739 σὺν
1252 2686 1482 2758 εὐταξίᾳ.

475 2766 702 2830 Τούτοις
746 2771 998 2833 βασιλεὺς
1034 2770 1281 2846 δαψιλῶς
1312 2775 1623 2851 καθημὲραν

295 2854 447 2910 6895
485 2856 652 2918 Ὅλας
683 2856 954 2921 θαλάσσας
988 2862 1290 2935 χρημάτων
1318 2862 1382 2930 ἦν
1416 2864 1694 2938 παρέχων,

477 2943 541 2999 Εἰ
571 2944 658 2999 καὶ
688 2946 834 3023 σφίσι
864 2947 1079 3023 κέκριτο
1114 2948 1261 3024 ῥανίς
1290 2971 1373 3012 τις
1402 2948 1548 3007 τάδε.

478 3035 711 3107 Χρήζων
740 3036 1003 3090 τολοιπὸν
1032 3037 1298 3093 πλειόνων
1332 3038 1410 3101 εἷς
1440 3037 1680 3111 δαπάνην

476 3122 599 3176 Τῶν
627 3122 787 3195 ἱερῶν
813 3123 1013 3197 ἥψατο,
1046 3128 1141 3200 φεῦ
1166 3126 1497 3199 κειμηλίων,

476 3213 691 3264 Σκευῶν
720 3231 779 3265 τε
809 3211 965 3275 θείων
991 3218 1085 3267 καῖ
1113 3208 1385 3269 σεϐαστῶν
1415 3215 1634 3271 εἰκόνων
1672 3220 1683 3273 !

285 3296 436 3350 6900
476 3298 587 3351 Καὶ
617 3296 788 3353 τῶνδε
815 3299 1021 3373 κόσμον
1056 3299 1651 3376 ἀθεμίτωςῖλαμϐάνων

470 3384 557 3445 Ὠς
589 3387 769 3440 κοινὸν
803 3387 1060 3461 ἀργύριον
1088 3388 1123 3457 ἢ
1154 3389 1243 3444 καὶ
1276 3391 1500 3465 χρυσίον

470 3471 740 3547 Παρεὶχεν
770 3471 988 3549 ἐχθροῖς
1018 3477 1250 3539 Ἰταλοῖς
1277 3477 1423 3533 τόνδ’
1448 3481 1715 3557 ἀφθόνως.

468 3560 641 3622 Οὗτος
674 3562 962 3625 Πισσαίους
986 3562 1224 3627 Ἰταλοὺς
1252 3567 1376 3628 τοὺς
1407 3566 1457 3621 ἐν
1486 3568 1646 3624 πόλει

468 3650 769 3724 Διαφόρους
803 3645 960 3714 ὄντας
987 3672 1048 3724 γε
1076 3658 1191 3716 τοῖς
1221 3655 1538 3727 Βενετίκοις,

280 3738 431 3793 6905
467 3737 589 3793 Ἐπὶ
618 3742 786 3811 κακῷ,
819 3741 945 3814 cpe-:3!
978 3746 1079 3809 τῆς
1109 3739 1246 3811 ὅλης
1275 3742 1577 3815 Ῥωμαίδος

468 3825 709 3888 Σπεύσας
734 3826 914 3902 φιλιοῖ
940 3829 1030 3883 καὶ
1059 3829 1420 3885 καταλλάσσει
1450 3831 1589 3887 τότε.

466 3915 535 3971 Οἱ
567 3912 614 3969 δ’
644 3915 969 3990 ἆντιμάχοις
998 3916 1353 3992 προσρυέντις
1389 3919 1575 3974 αὐτίκα

464 4002 574 4060 Ἀεὶ
597 4000 781 4078 διῆγον
809 4004 1047 4060 σύσσιτοι
1071 4006 1431 4079 συνημμένον

463 4093 617 4149 Ὅθεν
651 4093 983 4168 Φραγγίσκοι
1016 4090 1419 4168 προσλαϐόντες
1447 4115 1497 4148 τι
1534 4095 1695 4170 μέρος

284 4181 427 4238 6910
465 4182 589 4237 Τῶν
621 4183 999 4256 προσρυέντων
1033 4184 1303 4237 Πισσαίων
1335 4184 1627 4240 Βενετίκων

463 4272 543 4323 Δι’
572 4270 801 4324 ἀκατίων
834 4269 1336 4344 προσπεπλευκότες
1367 4272 1527 4327 πόλει

461 4358 905 4421 Συνεισπεσόντες
937 4358 1159 4414 ὁπλῖται
1191 4362 1484 4437 ξιφηφόροι

460 4447 542 4518 Τῇ
572 4451 861 4521 συναγωγῇ
892 4448 1136 4524 κρυφίως
1161 4455 1268 4505 τῶν
1302 4449 1352 4503 ἐν
1395 4451 1585 4525 Ἀγαρ,

459 4534 700 4590 Ἂπαντα
730 4535 1051 4609 λῃστεύουσι
1080 4533 1266 4591 τᾶνδον
1305 4537 1566 4611 καθάπαξ·

275 4621 424 4678 6915
460 4622 603 4683 Τέως
633 4620 680 4677 δ’
704 4623 1147 4697 ἀπεκρούσθησαν
1177 4624 1575 4698 Ἰσμαηλίταις,

460 4710 879 4775 Ἀστυπολίταις
913 4713 1059 4789 σφίσι
1095 4733 1156 4766 συ
1166 4733 1393 4787 μμαχου
1404 4716 1606 4786 μένοις.

459 4798 523 4851 Οἱ
554 4795 600 4853 δ’
631 4797 947 4871 ἐκμανέντες
978 4804 1082 4875 πῦρ
1114 4800 1283 4855 ἐνιᾶσι
1318 4799 1537 4873 δόμοις.

463 4888 559 4940 Καὶ
592 4886 936 4963 πυρπολοῦσι
961 4894 1040 4961 τῷ
1070 4889 1201 4962 πυρὶ
1232 4893 1309 4959 τῷ
1334 4888 1610 4964 παμφάγῳ

458 4975 540 5030 Τὰ
566 4974 795 5031 πλεῖστα
822 4977 911 5031 καὶ
940 4976 1208 5032 κάλλιστα
1236 4983 1336 5045 τῆς
1366 4976 1786 5033 Κωνσταντίνου.

269 5063 421 5120 6920
457 5062 598 5138 Ἃφή
635 5064 729 5135 μὶν
763 5065 1040 5140 ἀπήρξατο
1071 5065 1242 5140 πυρὸς
1273 5068 1353 5136 τῷ
1380 5065 1503 5119 τότε

457 5151 553 5207 Ἐκ
582 5155 919 5229 συναγωγῆς,
950 5154 1023 5214 ὡς
1053 5148 1209 5230 ἔφην,
1239 5156 1345 5207 τῶν
1376 5152 1427 5223 ἐξ
1459 5156 1653 5228 Ἅγαρ·

453 5240 528 5295 Τὸ
557 5241 647 5295 καὶ
679 5242 916 5297 Μιτάτον
947 5247 1065 5304 τοῖς
1092 5240 1247 5304 ὅλοις
1274 5239 1614 5314 κεκλημένον

453 5330 523 5385 "0
552 5329 689 5402 πρὸς
721 5329 990 5392 θάλασσαν
1016 5329 1256 5404 Εἰρήνης
1278 5336 1377 5399 τῆς
1410 5328 1565 5404 ἁγίας

452 5414 842 5493 Ἀγχωμάλως
869 5415 1061 5492 ’ίδρυτο
1093 5422 1201 5490 ναῷ
1230 5419 1426 5491 τιμίῳ,

265 5507 415 5563 6925
455 5506 556 5563 Καὶ
583 5505 758 5562 πάντα
788 5506 1008 5585 φλὲξαν,
1036 5506 1291 5583 ἀφανίσαν
1319 5507 1384 5561 τὰ
1412 5508 1586 5582 πέριξ.

455 5594 659 5672 Δερῥύη
694 5599 819 5672 πῦρ⁹
847 5597 1004 5651 παντ’
1037 5593 1277 5670 ἆρημοῦν
1307 5596 1373 5649 τὰ
1402 5595 1589 5669 κύκλῳ

1838 334 2199 389 CESARES.

1979 460 2028 522 Α
2063 452 2313 511 instanti
2339 457 2464 526 jam
2498 459 2755 530 periculo
2788 476 2901 516 non
2934 463 3034 517 diu
3067 464 3357 521 resistere.

2074 542 2236 598 Clam
2274 544 2455 614 igitur
2486 563 2587 616 per
2616 554 2843 603 noctem
2874 550 3138 621 dilapsus
3166 554 3388 610 aedibus

2074 630 2221 684 abiit
2250 631 2557 690 Debeltum
2591 637 2848 691 Thracia:
2878 639 3209 707 castellum,

2074 719 2173 771 ubi
2200 721 2324 788 jam
2355 721 2465 775 sibi
2502 723 2859 779 instruxerat
2884 727 3304 797 diversorium;

2074 810 2382 876 postquam
2413 814 2683 865 tenuerat
2714 829 2959 881 regnum
2992 816 3160 870 annis
3189 822 3338 885 octo,

2071 893 2257 948 tribus
2288 900 2564 965 praeterea
2597 902 2918 965 mensibus,
2953 903 3159 960 diebus
3191 906 3412 960 decem.

2255 1009 2563 1065 ALEXIUS
2606 1012 2857 1068 ISAACII
2908 1016 3138 1072 FILIUS
3180 1018 3393 1077 MENS.
3438 1025 3538 1079 VI.

2072 1103 2231 1157 Tunc
2266 1104 2473 1160 iterum
2509 1108 2767 1165 Isaacius
2799 1112 3023 1181 potitur
3052 1119 3365 1172 stemmate

2071 1206 2201 1244 cum
2236 1192 2444 1248 dilecto
2470 1211 2577 1250 suo
2611 1196 2793 1251 ﬁliolo
2829 1198 3027 1254 Alexio
3058 1218 3070 1254 :

2071 1295 2203 1333 nam
2238 1285 2545 1352 postquam
2581 1284 2739 1355 prior
2768 1286 3005 1343 Alexius
3038 1290 3214 1345 cessit
3244 1306 3422 1363 regno

2068 1370 2243 1437 atque
2273 1369 2602 1437 Debeltum,
2634 1378 2697 1426 ut
2727 1375 3006 1443 diximus,
3038 1378 3316 1451 profugit,

2067 1471 2099 1509 a
2130 1464 2331 1511 seuatu
2365 1459 2632 1528 protinus
2667 1462 2983 1532 imperator

2066 1558 2252 1599 caecus
2284 1546 2543 1603 Isaacius
2574 1552 2662 1603 est
2692 1550 3071 1618 acclamatus,

2064 1646 2289 1686 carcere
2320 1650 2426 1688 suo
2460 1640 2665 1705 praeter
2693 1653 2855 1708 spem
2890 1642 3165 1699 emissus.

2060 1717 2270 1774 Contra
2301 1721 2500 1791 regina
2531 1723 2911 1797 Euphrosyne
2941 1730 3218 1787 custodia
3251 1734 3521 1791 traditur.

1984 1804 2031 1870 Β
2052 1805 2161 1881 Ille
2191 1813 2417 1879 recepto
2448 1811 2657 1866 iterum
2693 1813 2937 1884 imperio

2058 1902 2353 1966 peractam
2390 1916 2511 1954 rem
2540 1901 2833 1972 signiﬁcat
2868 1904 3087 1960 Latinis
3119 1926 3136 1961 .-

2056 1986 2153 2054 qui
2185 1986 2385 2040 statim
2418 1987 2529 2058 ipsi
2555 1989 2908 2044 remiserunt
2941 1992 3127 2048 ﬁlium

2055 2076 2119 2127 ut
2146 2074 2477 2129 consideret
2505 2092 2637 2131 eum
2672 2084 2908 2147 parente
2939 2081 3175 2137 domino

2052 2161 2395 2233 sociumque
2430 2162 2702 2219 honorem
2737 2166 3025 2222 obtineret
3056 2172 3239 2241 regni.

2050 2248 2211 2304 Tunc
2242 2250 2551 2307 universus
2584 2253 2834 2325 populus
2865 2272 2995 2311 cum
3029 2259 3477 2330 magistratibus

2052 2336 2282 2407 utrique
2305 2339 2481 2394 simul
2515 2342 2751 2397 domino
2783 2344 3133 2414 obsequium
3166 2349 3397 2406 obtulit.

2053 2424 2226 2480 Paulo
2259 2431 2392 2497 post
2421 2428 2599 2483 etiam
2624 2429 2801 2485 duces
2838 2433 3171 2488 Latinorum

2048 2512 2190 2567 Cum
2225 2515 2292 2569 ad
2330 2515 2552 2586 regales
2580 2517 2731 2572 aedes
2762 2534 2824 2573 se
2854 2520 3260 2591 contulissent,

2048 2598 2369 2659 honoribus
2399 2605 2587 2659 affecti
2619 2606 2903 2678 donisque
2931 2608 3278 2678 innumeris,

2048 2689 2226 2757 quieti
2261 2698 2629 2748 recesserunt
2660 2710 2788 2749 cum
2824 2700 2978 2751 recto
3010 2699 3234 2755 ordine.

2045 2778 2148 2832 His
2176 2777 2496 2849 imperator
2524 2781 2745 2835 affatim
2777 2784 3038 2853 quotidie

2047 2866 2231 2921 maria
2261 2868 2517 2937 pecuniae
2545 2868 2601 2922 in
2635 2869 2832 2924 sinum
2865 2871 3184 2945 ingerebat,

2044 2968 2377 3025 quanquam
2412 2955 2530 3010 haec
2561 2956 2703 3027 ipsis
2734 2958 3082 3015 videbantur
3110 2966 3309 3033 guttaa.

2045 3041 2174 3097 Mox
2205 3044 2274 3098 ad
2310 3044 2609 3115 impensas
2641 3045 2878 3116 indigus
2906 3049 3165 3118 pecuniae

2045 3130 2217 3201 coepit
2246 3131 2493 3203 diripere
2519 3149 2716 3190 sacros
2743 3134 3073 3205 thesauros,

2043 3232 2183 3271 vasa
2213 3217 2428 3286 divina,
2462 3222 2820 3275 venerandae
2852 3228 3099 3293 statuas,

2041 3306 2256 3375 quibus
2287 3305 2484 3361 illicite
2513 3308 2829 3363 detrahens
2860 3316 3157 3381 ornatum,

2039 3399 2460 3465 argenteosque
2486 3400 2540 3451 et
2571 3412 2777 3451 aureos
2810 3414 3082 3455 nummos
3114 3404 3396 3473 conﬂans,

2038 3480 2308 3537 hostibus
2336 3482 2489 3551 large
2523 3486 2907 3555 profundebat
2937 3486 3118 3543 Italis.

2039 3570 2093 3623 Is
2124 3573 2179 3623 et
2213 3569 2449 3626 Pisanos
2474 3573 2635 3628 urbis
2667 3572 2991 3644 inquilinos

2036 3657 2279 3711 antehac
2305 3675 2338 3712 a
2369 3661 2603 3713 Venetis
2634 3662 2765 3715 odio
2798 3662 3174 3731 dissidentes,

2034 3744 2145 3799 heu
2174 3745 2185 3799 l
2220 3762 2352 3801 cum
2386 3747 2640 3817 pernicie
2675 3749 2930 3805 universi
2962 3752 3192 3821 imperii

2033 3833 2184 3889 inter
2212 3851 2274 3890 se
2303 3834 2530 3889 studuit
2552 3835 2799 3906 jungere
2831 3837 3104 3893 amicitia.

2035 3921 2120 3976 llli
2156 3923 2501 3979 adversariis
2532 3924 2661 3977 exin
2695 3924 3047 3980 reconciliati

2034 4026 2167 4064 cum
2203 4011 2293 4066 his
2325 4012 2610 4066 curabant
2635 4011 2897 4080 quotidie
2927 4014 3209 4071 convivia.

2031 4096 2177 4152 Tum
2208 4100 2380 4153 etiam
2418 4100 2642 4165 Franci,
2676 4100 2831 4155 socia
2859 4101 3095 4157 cohorte

2038 4185 2248 4241 Pisana
2278 4188 2605 4259 Venetaque
2635 4204 2761 4259 quae
2794 4190 2946 4245 ultro
2976 4193 3243 4263 accessit,

2032 4274 2255 4344 cymbis
2284 4275 2343 4329 in
2377 4277 2579 4332 urbem
2610 4278 2803 4333 subito
2835 4278 3011 4334 delati

2029 4361 2314 4433 impetum
2346 4364 2568 4420 faciunt
2597 4366 2774 4420 simul
2805 4372 3027 4423 armata
3060 4384 3239 4426 manu

2028 4448 2087 4504 in
2114 4467 2467 4523 synagogam
2502 4452 2651 4508 clam
2683 4456 3102 4525 Agarenorum,

2030 4540 2273 4611 ejusque
2303 4558 2534 4597 omnem
2569 4542 2803 4613 rapiunt
2832 4544 3255 4613 supellectilem
3292 4566 3305 4603 :

2034 4644 2232 4684 verum
2266 4646 2299 4684 a
2322 4630 2525 4684 Turcis
2556 4631 2791 4686 demum
2822 4636 2960 4687 sunt
2991 4633 3233 4705 repulsi,

2034 4732 2200 4787 opem
2236 4718 2556 4773 ferentibus
2586 4718 2842 4788 Byzantii
2875 4719 3119 4776 civibus.

2035 4805 2119 4859 Illi
2152 4805 2367 4860 efferati
2400 4806 2623 4860 faculas
2654 4806 2927 4875 injiciunt

2034 4893 2243 4948 civium
2278 4893 2464 4960 tectis,
2499 4900 2973 4967 consumuntque
3003 4898 3272 4957 incendio

2033 4980 2286 5052 plurima
2317 4986 2371 5035 et
2402 4982 2625 5052 optima
2654 4983 2817 5037 urbis
2840 4986 3106 5041 aediﬁcia.

2034 5069 2224 5140 Magni
2258 5069 2365 5125 fuit
2394 5074 2587 5125 autem
2620 5071 2872 5126 incendii
2907 5073 3138 5129 initium

2032 5175 2066 5213 a
2095 5174 2406 5229 synagoga,
2441 5163 2506 5213 ut
2535 5158 2811 5225 diximus,
2845 5162 3272 5231 Agarenorum,

2031 5248 2131 5316 qui
2162 5246 2321 5301 locus
2344 5246 2517 5317 vulgo
2548 5247 2762 5302 dicitur
2790 5248 3093 5318 Mitatum;

2028 5334 2204 5406 idque
2234 5335 2544 5390 aediﬁcium
2577 5338 2824 5406 pertinet
2854 5337 2925 5391 ad
2960 5353 3120 5392 mare

2029 5424 2128 5478 ubi
2160 5429 2217 5479 et
2246 5424 2441 5479 Irenes
2472 5424 2612 5479 divae
2646 5424 2932 5495 templum
2965 5426 3157 5496 surgit
3191 5442 3202 5479 ε

2026 5510 2187 5565 illinc
2219 5512 2597 5582 progrediens
2628 5513 3063 5582 amburensque
3094 5514 3296 5569 omnia

2026 5604 2532 5672 propagatumque
2560 5601 2719 5672 gravi
2751 5617 2884 5655 cum
2915 5600 3091 5655 exitio
