4138 6296
461 410 567 464 259
1675 404 2046 459 ΕΡΗΒΕΜΙΙ

2174 401 2646 461 ἨΟΝΟΟΒΔΡΗῙ

460 530 690 587 devenit
717 544 903 601 usque
934 529 1005 584 ai
1037 528 1321 599 inclytum
1356 527 1575 581 circum
1609 524 1954 592 maximum,

459 620 560 691 qui
587 618 979 675 sanctissimas
1007 617 1233 688 Sophia:
1268 614 1482 687 templo
1514 615 1742 685 adjacet
1778 629 1789 666 :

458 713 632 780 atque
666 709 735 762 ad
768 705 1103 778 oppositum
1134 705 1291 760 venit
1324 719 1508 774 usque
1540 717 1722 769 mare,

456 797 627 869 longe
656 796 885 866 lateque
920 794 1106 847 media
1138 792 1335 847 omnia
1361 806 1759 846 concremans.

457 889 571 941 Nec
601 888 793 940 tutum
826 886 950 938 erat
976 883 1047 937 ad
1080 879 1298 936 amicos
1330 879 1622 945 accedere,

456 974 569 1030 nisi
600 974 729 1044 quis
761 971 973 1044 cymba
1003 973 1184 1026 semet
1215 966 1690 1024 circumveheret.

454 1068 587 1118 Haec
616 1061 871 1118 lsaacius
903 1076 1035 1114 cum
1066 1074 1309 1113 maerore
1341 1056 1614 1110 audiebat
1646 1072 1658 1109 :

453 1152 553 1208 sed
584 1151 763 1222 hujus
792 1149 948 1203 ﬁlius
980 1147 1178 1219 patria:
1205 1145 1488 1217 pernicies

451 1245 613 1297 tanto
649 1238 941 1311 gaudebat
970 1236 1133 1291 urbis
1163 1232 1526 1289 exterminio.

452 1328 728 1386 Romanis
762 1325 935 1380 rebus
968 1324 1047 1379 ita
1071 1340 1133 1378 se
1164 1322 1519 1377 habentibus

454 1435 643 1489 nuper
668 1418 885 1486 ejeclus
915 1415 1106 1468 Caesar
1135 1410 1372 1466 Debelto
1404 1408 1641 1464 veniens

454 1506 636 1564 armis
667 1505 882 1561 insedit
912 1504 1115 1557 urbem
1148 1497 1451 1554 Hadriani.

451 1594 751 1649 Infaustus
774 1589 1009 1661 juvenis
1038 1604 1098 1643 re
1130 1585 1364 1657 cognita
1394 1582 1656 1649 Alexius,

448 1676 955 1749 Constantinopoli
986 1692 1117 1731 cum
1150 1673 1404 1729 exercitu
1439 1670 1612 1726 exivit

450 1769 671 1825 habens
703 1766 973 1822 Latinum
1006 1763 1066 1818 in
1098 1761 1378 1817 comitatu
1409 1759 1615 1813 ducem

447 1854 865 1914 Montisferrati
898 1850 1296 1907 marchionem
1331 1845 1718 1911 Bonifacium,

446 1960 623 2017 quem
658 1942 916 2000 mercede
948 1938 1304 1995 conduxerat
1330 1936 1402 1991 ad
1435 1933 1651 1989 bellum

446 2032 737 2091 sexdecim
769 2031 896 2086 auri
930 2027 1080 2084 datis
1111 2022 1481 2081 centenariis.

443 2124 627 2195 Igitur
655 2120 910 2177 Thraciae
937 2114 1259 2189 peragratis
1290 2112 1554 2178 urbibus,

448 2226 626 2281 reque
658 2208 919 2264 confecta
946 2222 1015 2261 ex
1048 2203 1227 2259 animi
1260 2199 1571 2267 sententia,

441 2315 628 2370 usque
643 2297 713 2353 ad
740 2292 1008 2367 Cypsella
1039 2288 1386 2363 oppidulum
1418 2301 1786 2359 progressus,

445 2404 581 2443 mox
607 2385 679 2441 ad
711 2380 1078 2455 metropolim
1111 2381 1261 2435 retro
1293 2377 1495 2448 pedem
1526 2373 1678 2429 tulit.

446 2475 588 2531 Dein
616 2472 881 2530 scelestis
912 2469 1178 2541 partibus
1210 2464 1457 2521 adhaesit

444 2563 752 2620 hominum
783 2559 881 2631 qui
917 2561 1214 2630 parentem
1245 2554 1669 2609 excaecaverant

442 2653 773 2721 thronoque
801 2648 1270 2708 deturbaverant,
1305 2643 1558 2696 faventes
1591 2642 1831 2710 patruo;

441 2755 619 2812 quam
649 2753 764 2793 rem
799 2733 1097 2807 aegerrime
1128 2748 1315 2786 caecus
1345 2745 1442 2784 rex
1477 2728 1713 2796 ferebat,

440 2829 541 2900 qui
575 2825 923 2882 moliebatur
946 2822 1175 2893 jamdiu
1211 2817 1567 2891 supplicium
1600 2831 1831 2872 sumere

441 2918 513 2973 de
541 2915 679 2970 viris
705 2914 805 2984 qui
839 2929 899 2969 se
930 2916 1089 2967 tanto
1118 2909 1269 2964 malo
1302 2909 1630 2963 affecerant.

440 3005 585 3060 Hinc
616 3000 941 3059 maledictis
966 2999 1150 3054 ﬁlium
1185 2996 1535 3061 incessebat,

439 3109 614 3165 quem
644 3089 861 3147 versari
893 3104 1025 3144 cum
1056 3086 1324 3159 pessimis
1351 3083 1644 3150 audiebat,

435 3180 540 3236 tali
572 3179 921 3251 gaudentem
953 3174 1204 3231 maxime
1235 3169 1559 3236 consortio;

431 3270 632 3324 ludere
664 3266 922 3339 quotidie
954 3264 1079 3319 alea
1105 3278 1238 3316 cum
1272 3258 1432 3315 Italis

431 3354 951 3423 commessarique,
985 3354 1041 3406 et
1071 3348 1417 3420 dignitatem
1450 3346 1668 3417 regiam

432 3446 779 3501 dedecorare
811 3439 1077 3512 singulos
1109 3454 1212 3509 per
1242 3441 1424 3491 actus.

430 3536 579 3606 Ergo
614 3533 770 3587 hunc
802 3533 1047 3585 oderant
1079 3525 1327 3599 populus
1360 3528 1417 3579 et
1448 3523 1759 3593 optimates
1786 3538 1797 3576 :

435 3637 543 3677 nec
569 3620 766 3675 minus
796 3617 926 3673 odio
958 3616 1172 3686 dignus
1205 3616 1367 3684 pater
1398 3616 1541 3666 erat.

434 3709 532 3779 qui
564 3706 929 3765 concinnatis
960 3701 1223 3758 ridiculis
1254 3699 1528 3768 oraculis,

435 3815 561 3869 quae
590 3793 917 3852 universale
948 3792 1056 3848 sibi
1090 3790 1454 3863 spondebant
1484 3803 1750 3859 regnum,

432 3891 497 3941 ut
527 3885 661 3940 laeso
693 3883 926 3938 cerebro
950 3880 1256 3952 judicabat
1286 3878 1461 3942 fatue,

433 3992 467 4031 a
498 3991 559 4029 se
590 3973 966 4043 conjunctum
1001 3970 1067 4024 iri
1093 3968 1401 4024 occiduum
1432 3966 1631 4021 orbem

432 4060 802 4117 deblaterans
831 4060 1024 4115 aiebat
1055 4057 1286 4122 orienti,

433 4149 734 4221 totiusque
766 4147 969 4202 mundi
1000 4146 1301 4201 dominum
1333 4160 1394 4198 se
1423 4143 1542 4197 fore
1578 4158 1590 4194 :

434 4253 610 4308 quam
646 4236 978 4307 patiebatur
1008 4233 1248 4304 insuper
1279 4231 1620 4298 czecitatem,

434 4323 873 4393 arthritidisque
901 4321 1172 4376 morbum
1205 4323 1378 4389 atque
1410 4318 1725 4388 podagram

431 4430 495 4468 se
526 4411 852 4484 positurum
882 4409 1062 4465 velut]
1092 4407 1350 4463 exuvias.

430 4505 560 4556 Hac
591 4499 640 4555 ei
674 4498 997 4555 suadebant
1028 4496 1327 4551 catillones
1360 4492 1651 4562 monachi,

433 4588 632 4646 omnia
664 4587 885 4646 ventris
910 4602 1088 4641 causa
1119 4588 1175 4638 et
1206 4584 1311 4638 fari
1340 4587 1396 4637 et
1424 4596 1621 4653 gerere

431 4674 804 4747 imperatoris
834 4673 991 4729 soliti
1022 4674 1080 4728 in
1107 4671 1366 4728 convivio
1394 4689 1405 4739 ;

431 4766 528 4835 qui
560 4763 697 4818 huic
728 4761 1129 4817 monarchiam
1164 4759 1354 4816 verbis
1386 4758 1813 4829 despondentes

432 4851 667 4907 interim
701 4866 858 4906 mero
886 4864 1011 4904 sese
1043 4847 1523 4919 ingurgitabant;

431 4941 677 5010 ejusque
708 4938 974 4991 inﬁrmas
1003 4952 1211 4989 manus
1242 4933 1668 5001 deosculantes,

431 5045 565 5083 mox
592 5029 924 5097 recepturus
956 5023 1134 5078 robur
1163 5021 1570 5093 praedicabant.

431 5113 712 5170 Credulas
743 5130 917 5168 senex
948 5111 1040 5166 his
1073 5111 1365 5182 praebebat
1397 5125 1566 5163 aures

432 5202 835 5283 deliramentis
864 5205 1040 5271 atque
1070 5198 1386 5262 vaticiniis,

432 5297 608 5362 atque
638 5290 861 5346 laetitiis
892 5290 1199 5343 incedebat
1223 5287 1518 5342 omnibus.

430 5378 757 5451 Astrologis
790 5378 929 5450 quin
960 5376 1134 5431 etiam
1166 5377 1427 5447 apprime
1458 5373 1712 5443 deditus,

496 5540 612 5621 $76)
659 5537 1048 5621 Invect'ionern
1083 5535 1320 5621 .hancua
1358 5535 1556 5618 Niceta
1600 5534 1782 5621 spmlt
1830 5536 2064 5621 Ephrem

430 5607 773 5692 mins;qu
814 5608 862 5664 si
895 5607 1387 5692 veritatelnit‘itur.
1439 5607 1565 5689 sine
1614 5607 1792 5662 dubio
1841 5607 2066 5692 vitupe-

427 5680 595 5738 randi
620 5677 761 5738 siint
790 5678 1060 5736 monachi
1092 5677 1197 5732 illi.
1224 5677 1335 5733 Sed
1365 5678 1522 5733 enim
1556 5693 1731 5749 quam
1760 5694 1911 5751 saepe
1946 5677 2065 5737 h'aac

2128 535 2182 599 Α
2386 524 2549 599 Ἀχρι
2586 524 2845 600 μεγίστου
2870 526 2961 580 καὶ
2994 524 3321 600 περικλύτου
3353 522 3526 599 δόμου

2381 616 2513 667 Θεοῦ
2548 614 2748 686 Σοφίας
2781 614 2868 667 καὶ
2900 614 3164 689 παναγίου
3186 612 3382 688 Λόγου,

2380 706 2545 768 Διῆκε
2576 700 2739 777 μέχρι
2772 701 2861 756 καὶ
2894 701 3166 771 θαλάσσης
3188 698 3411 777 Θατὲρας

2201 786 2343 842 6930
2382 789 2524 841 Κατά
2548 809 2605 842 τε
2638 796 2812 861 μῆκος
2844 788 3159 863 πυρπολοῦν
3190 789 3276 843 καὶ
3309 789 3445 863 πρὸς
3477 786 3705 851 πλὰτος·

2380 875 2492 930 Οὐκ
2521 876 2587 944 ἦν
2618 878 2728 931 τότ’
2758 875 3035 939 ἀκίνδυνος·
3067 880 3101 947 ἡ
3135 877 3307 955 φίλων
3337 876 3450 948 θέα,

2384 964 2446 1018 El
2481 965 2660 1036 μήτις
2691 963 2960 1039 ἐχρήσατο
2990 966 3270 1041 πορθμείῳ
3293 967 3462 1039 τάχα.

2376 1053 2555 1107 Ταῦτα
2590 1054 2683 1125 μὶν
2719 1056 2945 1115 Ἰσάκιος
2976 1052 3179 1128 ἤχθετο
3205 1052 3407 1107 κλύων·

2377 1140 2502 1201 Υἱὸς
2542 1140 2598 1195 δὲ
2626 1142 2820 1197 τούτου
2850 1142 3211 1216 πυρπολητής
3237 1138 3494 1216 πατρίδος

2199 1224 2342 1282 6935
2376 1226 2605 1303 Ἒχαιρε
2625 1227 2779 1294 τῆσδι
2814 1230 3153 1302 συντιλεσμῷ
3179 1230 3269 1284 καὶ
3301 1228 3499 1303 φθίσει.

2378 1316 2563 1379 Οὕτως
2595 1316 2639 1373 δ’
2670 1319 2909 1395 ἐχόντων
2940 1319 3271 1397 πραγμάτων
3301 1316 3591 1390 Ῥωμαίδι,

2376 1407 2444 1461 Ὀ
2471 1406 2595 1481 πρὶν
2628 1412 2944 1485 κρατάρχης
2976 1410 3181 1485 ἀπάρας
3216 1404 3537 1472 Δεὸελτόθιν

2376 1495 2490 1562 Τήν
2516 1494 2809 1569 Ἀδριανοῦ
2833 1494 3237 1572 κατιολαμϐάνει
3268 1496 3453 1552 πόλιν·

2376 1584 2444 1639 ’Ό
2475 1583 2637 1657 γνοὺς
2668 1586 2695 1639 ὁ
2727 1584 2891 1648 δαλὸς
2924 1586 3158 1657 Ἀλέξιος
3178 1583 3440 1661 πατρίδος

2198 1669 2339 1724 6940
2376 1671 2603 1742 ’Έξεισιν
2636 1674 2747 1746 ἅμα
2777 1680 2997 1745 στρατιᾷ
3026 1672 3374 1744 Βυζαντίδος,

2387 1759 2570 1833 Ἐχων
2598 1769 2712 1833 μεθ’
2740 1764 2907 1817 αὑτοῦ
2937 1764 3304 1836 συστράτηγον
3336 1763 3583 1818 Λατίνων

2120 1884 2164 1948 Β
2375 1849 2477 1903 Βον
2489 1847 2695 1925 ιφάτιον
2732 1850 3021 1926 μαρκέσιον
3056 1852 3298 1927 Φεράντη
3311 1874 3356 1921 ς,

2373 1941 2860 2014 Συνεκσ-τρατεῦσαι
2891 1939 3079 2001 πείσας
3107 1940 3264 1994 αὐτὸν
3299 1939 3532 2015 χρυσίου

2374 2026 2754 2099 Κεντηναρίοις
2784 2024 2836 2097 ἓξ
2869 2025 3022 2090 ὅλοις
3054 2029 3188 2102 πρὸς
3208 2033 3324 2090 τοῖς
3356 2026 3501 2084 δέκα.

2193 2111 2335 2167 6945
2373 2111 2727 2190 Περιδραμὼν
2761 2114 2850 2170 οὗν
2886 2117 3153 2189 Θρᾳκικὰς
3184 2117 3339 2179 οὗτος
3366 2117 3577 2188 πόλεις,

2371 2202 2467 2255 Καὶ
2493 2200 2663 2257 πάντα
2693 2204 2800 2265 θεὶς
2834 2203 2888 2259 εὖ
2921 2204 2996 2266 εἷς
3030 2206 3221 2259 ἑαυτοῦ
3252 2208 3545 2283 συμφέρον,

2368 2291 2535 2365 ’Ἄχρι
2566 2291 2865 2365 Κυψέλλων
2894 2295 3090 2347 κατιὼν
3123 2292 3441 2369 πολιχνίου,

2370 2377 2534 2441 Αὖθις
2568 2379 2944 2456 έπανέσερεψεν
2978 2381 3053 2444 εἷς
3080 2379 3400 2451 Βυζαντίδα.

2368 2466 2465 2520 Καὶ
2494 2465 2685 2522 λοιπὸν
2720 2468 2980 2543 ἐξήρτητο
3010 2476 3179 2539 κακῆς
3212 2469 3473 2546 φρατρίας

2188 2555 2330 2610 6950
2364 2556 2432 2611 Ἠ
2464 2553 2879 2628 συνδιεπράξατο
2905 2560 3150 2631 πήρωσιν
3185 2558 3341 2632 φίτου

2365 2644 2456 2715 Τῷ
2486 2642 2852 2718 πατραδέλφῳ
2880 2645 2969 2699 καὶ
2998 2646 3303 2720 καθαίρεσιν
3335 2646 3565 2721 κράτους

2364 2731 2478 2804 Ἐφ’
2510 2733 2590 2793 οἷς
2614 2732 2984 2808 ἀπηγχόνιστο
3014 2734 3190 2806 πηρὸς
3220 2732 3465 2806 αὐτάναξ·

2364 2819 2815 2897 Ἐκαιροφυλάκει
2843 2821 2944 2895 γὰρ
2976 2821 3173 2876 ’ἐκτισιν
3205 2823 3340 2883 τέως

2361 2910 2474 2961 Τῶν
2505 2908 2661 2983 τόνγε
2689 2913 2865 2971 κακῶς
2892 2908 2968 2971 εἷς
3001 2910 3134 2986 φάος
3166 2907 3519 2982 δεδρακότων.

2184 2994 2325 3050 6955
2359 2996 2518 3052 ⁸ΟΟεν
2548 2998 2638 3051 τὸν
2678 2997 2791 3050 υἱὸν
2826 2995 3092 3072 λοιδορῶν
3115 2998 3210 3052 οὐκ
3239 2998 3396 3068 ἀνίει,

2362 3083 2460 3136 Καὶ
2495 3081 2711 3157 μᾶλλον
2744 3086 2823 3147 οἷς
2856 3083 3040 3140 ἔκλυεν
3070 3084 3285 3160 ἀνδράσι
3317 3088 3541 3161 φθόροις

2368 3172 2590 3247 Χαίρειν
2622 3192 2679 3227 τε
2704 3178 2891 3227 τοῦτον
2924 3175 3009 3227 καὶ
3048 3173 3196 3245 μάλα
3224 3181 3545 3248 γεγηθῆναι,

2099 3232 2141 3298 C
2357 3261 2455 3314 Kal
2481 3232 2821 3336 συγκυϐεύειν
2857 3232 3086 3324 ’[ταλοίς
3120 3232 3455 3337 καῦηιίέραν,

2353 3349 2454 3404 Kal
2494 3349 2894 3425 συγκραιπαλᾷν
2926 3372 2983 3405 τε
3012 3351 3100 3405 καὶ
3135 3350 3408 3426 ῥυπαίνειν
3442 3353 3654 3430 στέφος,

2176 3438 2318 3494 6960
2354 3438 2569 3509 Ἀνάξια
2600 3437 2879 3510 ξύμπαντα
2912 3436 3123 3513 δρῶντα
3146 3444 3242 3494 τοῦ
3272 3439 3526 3515 κράτους.

2350 3532 2447 3581 Ἦν
2472 3525 2561 3581 οὖν
2596 3528 2858 3601 στυγητὸς
2890 3532 3018 3581 πᾶσι
3049 3528 3136 3582 καὶ
3167 3534 3283 3589 τοῖς
3316 3527 3366 3582 έν
3390 3527 3555 3583 τέλει’

2354 3616 2476 3689 Οὑχ
2503 3618 2662 3683 ἦττον
2701 3617 2839 3685 ὑπῆν
2871 3616 2959 3671 καὶ
2991 3624 3169 3691 πατὴρ
3203 3618 3517 3692 στυγητέος,

2352 3703 2557 3779 Ὀμφάς
2585 3724 2732 3765 τινας
2768 3702 2927 3778 λόγια
2953 3705 3155 3766 συνθεὶς
3188 3706 3432 3778 ἀσέμνως

2353 3791 2525 3866 "Amp
2557 3792 2922 3867 προηγόρευέν
2956 3795 3005 3847 ol
3042 3793 3371 3869 μπναρχίαν,

2176 3878 2318 3933 6965
2354 3878 2442 3939 Ὠς
2474 3874 2591 3949 ᾤετ’
2620 3878 2776 3941 αὐτὸς
2807 3878 3117 3954 δοξομανῶν
3152 3880 3386 3957 ἀλόγως,

2356 3966 2521 4022 Αὐτὸν
2550 3988 2606 4022 τε
2637 3968 2937 4043 συνάψοντα
2961 3968 3104 4025 δύσει
3135 3971 3232 4039 τήν
3262 3968 3334 4025 έω

2355 4058 2619 4133 Ἔφασκεν
2646 4059 2797 4131 εἶναι,
2830 4061 2906 4131 μὴ
2939 4064 3045 4113 νῶν
3080 4061 3107 4113 ὅ
3133 4081 3184 4114 τι
3217 4060 3390 4136 λέγοι,

2356 4147 2562 4218 Κράτος
2591 4168 2650 4201 τε
2679 4148 3013 4220 παγκόσμιον
3040 4145 3222 4219 ἕξοντα
3240 4147 3384 4204 τόδε·

2353 4234 2494 4308 Πρὸς
2524 4232 2706 4290 τοῖσδε
2728 4235 2816 4289 καὶ
2836 4233 3114 4312 τύφλωσιν
3138 4236 3204 4306 ἧν
3236 4238 3531 4316 περιφέρει,

2176 4322 2317 4376 6970
2353 4321 2666 4397 Ἀρορίτιδα
2693 4324 2847 4377 νόσον
2879 4344 2937 4378 τε
2964 4323 3053 4377 καὶ
3084 4322 3383 4400 ποδαλγίαν

2355 4410 2747 4481 Ἀποξόσασθαι
2778 4413 3017 4488 καθάπερ
3048 4407 3337 4489 λεϐηρίδα,

2353 4499 2500 4561 Ὠσθ’
2531 4499 2583 4552 οἱ
2613 4498 2904 4573 προτένθαι
2934 4505 3041 4555 τῶν
3077 4506 3340 4577 μοναχῶν
3371 4504 3461 4558 καὶ
3494 4503 3681 4581 λίχνοι

2106 4587 2149 4651 D
2356 4586 2423 4642 Ol
2451 4585 2624 4641 πάντα
2646 4588 2835 4662 γαστρί
2860 4584 2986 4663 δρᾷν
3015 4586 3191 4662 λέγειν
3222 4592 3270 4644 τ’
3302 4590 3604 4668 εἰθισμένοι

2354 4674 2540 4746 Τούτῳ
2570 4675 2929 4740 συνεσθίοντες
2958 4677 3009 4732 ἐν
3043 4679 3298 4750 συσσιτίῳ

2177 4764 2319 4820 6975
2356 4763 2644 4838 Μὸναρχον
2677 4764 2852 4839 ἀρχὴν
2881 4766 3249 4840 συγκαθίστων
3282 4769 3332 4822 οἱ
3364 4765 3575 4844 λόγοις,

2359 4850 2682 4924 Ἀνθοσμίαν
2715 4853 2958 4916 πίνοντες
2991 4852 3122 4929 ἄχρι
3154 4854 3244 4909 καὶ
3274 4855 3461 4928 κόρου,

2354 4938 2451 4995 Καὶ
2483 4939 2806 5016 κατεφίλουν
2837 4942 3147 5005 ἀπατῶντες
3176 4944 3270 5006 τὰς
3303 4946 3468 5019 χέρας

2352 5026 2448 5081 Καὶ
2478 5026 2783 5104 προῦλεγον
2809 5035 2953 5107 σφῶν
2988 5030 3316 5087 ἀνακαίνισιν
3347 5036 3565 5099 σθένους
3593 5037 3711 5111 (76)

2350 5116 2411 5172 Ὁ
2443 5112 2500 5169 δὲ
2525 5122 2814 5192 προσεῖχεν
2843 5119 2914 5180 ὡς
2946 5118 3207 5175 ἀπλανέσι
3245 5122 3389 5197 σφίσι

2173 5206 2314 5261 6980
2350 5203 2447 5258 Kal
2478 5204 2890 5279 θεσπιῳδήμασι
2922 5214 3039 5271 ταῖς
3074 5208 3375 5283 ληρωδίαις

2354 5293 2724 5367 Ἐπιγεγηθὼς
2756 5300 2923 5372 σφῶν,
2957 5296 3241 5372 ἐπεσκίρτα
3276 5299 3429 5375 μέγα⁸

2350 5381 2747 5456 Προσκείμενος
2777 5386 2823 5436 τ’
2853 5385 2920 5452 ἦν
2952 5385 3348 5463 ἀστρολέσχαις
3377 5388 3467 5444 καὶ
3502 5388 3676 5463 μάλα,

2174 5540 2420 5627 crimina
2443 5542 2528 5598 vel
2558 5543 2704 5599 falso
2724 5545 3126 5627 _dican_tur__vel
3158 5556 3587 5627 exaggerentur
3615 5553 3820 5611 ascri-

2174 5615 2649 5743 Loor‘i’pgisparum
2681 5616 2793 5685 piis
2826 5622 2925 5674 aut
2954 5619 3086 5675 odio
3122 5615 3340 5693 aliqu'o'
3369 5623 3638 5697 imbutis,
3673 5624 3820 5686 satis
