4136 6292
483 360 592 415 263
1686 353 2056 409 EPHRBMII
2092 351 2656 408 CHRONOGRAPHI

544 480 843 537 ALEXIUS
886 479 1358 537 MURTZUFLUS
1398 480 1474 535 M.
1518 481 1588 549 II,
1629 478 1779 535 CUM
1817 479 1884 534 D.
1931 478 2048 531 XV.
2145 480 2199 545 Α

481 605 670 660 Ducas
702 603 931 674 imperii
958 603 1202 672 adeptus
1234 607 1579 672 potestatem

483 692 753 747 aerarium
785 707 1031 746 cernens
1062 706 1309 746 vacuum
1343 691 1608 761 pecunia,

483 800 517 836 a
549 783 916 854 superiorum
949 787 1280 851 temporum
1314 779 1645 850 publicanis

480 871 541 924 in
566 870 668 938 jus
697 868 915 923 vocatis
946 884 1156 922 aurum
1188 868 1378 938 exegit
1408 867 1744 937 plurimum,

478 959 655 1028 idque
684 960 755 1011 ad
787 957 1096 1027 gerendam
1131 955 1379 1010 contulit
1410 954 1852 1026 rempublicam.

478 1048 626 1102 Tum
658 1046 837 1101 armis
868 1045 1076 1115 captis,
1110 1044 1273 1099 Italis
1300 1045 1598 1109 resistens,

476 1136 686 1191 horam
718 1150 996 1189 excursus
1028 1133 1334 1188 cohibebat
1362 1133 1526 1187 facile
1561 1150 1573 1186 :

472 1225 853 1294 quamobrem
881 1228 1081 1293 gratus
1114 1223 1433 1277 admodum
1464 1227 1587 1277 erat
1618 1221 1864 1290 civibus,

468 1312 791 1382 praasertim
816 1327 949 1366 vero
976 1310 1229 1365 militum
1261 1309 1620 1365 cohortibus.

465 1402 537 1456 Et
568 1400 707 1471 quia
738 1399 1013 1454 Flandriaa
1045 1414 1237 1453 comes
1271 1398 1594 1453 Balduinus

469 1488 682 1545 Phileas
714 1489 1008 1559 regionem
1041 1486 1226 1541 milite
1255 1487 1540 1553 vastabat,

470 1580 749 1633 adversus
781 1576 945 1631 illum
978 1576 1177 1630 statim
1211 1575 1399 1629 Cmsar
1429 1574 1565 1629 exiit
1597 1590 1608 1627 :

469 1666 570 1721 sed
602 1663 757 1719 enim
790 1666 1119 1734 perpetrato
1153 1661 1355 1715 Martis
1385 1676 1579 1729 opere,

467 1759 631 1823 terga
662 1752 962 1807 Romanus
993 1748 1274 1803 convertit
1302 1748 1607 1812 exercitus,

466 1856 793 1911 parumque
823 1837 1011 1893 abfuit
1039 1838 1229 1893 Caesar
1259 1837 1330 1891 ab
1361 1834 1601 1890 interitu
1629 1854 1643 1905 ;

458 1930 656 1999 imago
686 1945 818 1983 vero
850 1926 1093 1998 virginis
1122 1925 1403 1996 Deiparaa,

467 2034 645 2089 quam
679 2016 862 2072 nostri
893 2031 1057 2086 reges
1088 2012 1222 2069 belli
1248 2013 1468 2068 sociam
1501 2018 1725 2083 vocant,

471 2122 671 2178 pugna
698 2106 951 2161 fervente
982 2108 1153 2173 capta
1176 2107 1265 2157 est
1290 2102 1362 2157 ab
1396 2102 1680 2157 hostibus.

471 2197 621 2251 Tum
654 2197 813 2265 pacis
844 2191 1221 2247 conciliandae
1247 2190 1467 2245 omissa
1495 2207 1658 2258 cura,

476 2285 547 2339 ad
583 2283 917 2353 capiendam
950 2281 1154 2335 urbem
1182 2279 1694 2349 diripiendamque

475 2390 538 2428 se
568 2371 942 2442 comparabat
969 2368 1257 2425 exercitus
1286 2366 1546 2422 Latinus.

474 2461 620 2531 Ergo
652 2458 899 2515 sublatis
930 2456 1198 2512 anchoris
1232 2456 1482 2528 navigia,

473 2550 531 2604 in
564 2549 777 2619 quibus
807 2551 972 2600 erant
1002 2545 1283 2601 machinae
1316 2561 1448 2599 cum
1484 2544 1679 2609 scalis,

469 2638 542 2692 ab
574 2637 857 2704 Evergetae
890 2633 1226 2688 monasterii
1258 2649 1359 2686 ora

473 2740 658 2794 usque
689 2723 761 2778 ad
792 2721 1144 2777 Blachernas
1176 2736 1371 2775 coram
1404 2720 1809 2775 constiterunt.

474 2811 739 2868 Vicissim
776 2816 958 2865 Ducas
990 2808 1294 2864 transtulit
1324 2809 1639 2864 tentorium

470 2899 717 2970 proximi
748 2898 912 2953 collis
942 2903 1210 2953 statuens
1239 2896 1296 2951 in
1329 2897 1588 2967 specula,

470 2987 625 3041 unde
654 2984 966 3054 conspicua
996 2983 1202 3038 classis
1235 2984 1487 3037 hostium
1521 2987 1666 3049 erat,

468 3073 763 3127 moenibus
788 3072 911 3141 jam
942 3087 1073 3124 cum
1108 3070 1290 3124 milite
1321 3070 1815 3140 appropinquans.

465 3161 711 3230 Moxque
740 3156 1037 3228 congressi
1067 3172 1198 3210 cum
1232 3157 1765 3226 propugnatoribus

467 3248 671 3302 urbani
708 3246 861 3300 muri
893 3249 949 3299 et
979 3244 1227 3298 turrium
1259 3244 1601 3299 custodibus

467 3336 649 3390 Latini
684 3349 945 3406 pugnam
980 3331 1233 3386 validam
1264 3331 1527 3399 ciebant;

466 3425 566 3479 sed
599 3423 900 3478 inferiores
930 3420 1032 3475 illa
1062 3421 1297 3475 fuerunt
1326 3421 1437 3474 die.

462 3512 666 3566 Postea
697 3515 854 3564 totus
888 3509 1060 3564 rediit
1090 3509 1377 3563 exercitus
1414 3525 1424 3560 :

458 3599 691 3669 duoque
722 3597 826 3651 viri
859 3612 960 3667 per
990 3596 1206 3651 scalam
1245 3599 1636 3666 prorepentes,

460 3700 635 3754 quam
661 3685 812 3738 inter
842 3684 1088 3739 ﬁxerant
1118 3683 1189 3737 ad
1224 3683 1435 3750 Patria,

461 3773 519 3826 in
551 3771 977 3843 apprehensam
1010 3772 1219 3825 turrim
1251 3771 1633 3842 desiluerunt,

459 3860 916 3931 praesidiumque
947 3859 1161 3931 gladiis
1188 3859 1565 3931 proﬂigantes

456 3950 693 4020 signum
720 3950 929 4005 laatitiaa
962 3950 1328 4005 sustulerunt
1357 3951 1479 4006 suis
1516 3968 1528 4004 :

453 4044 595 4093 tunc
628 4039 905 4094 Italorum
938 4039 1130 4094 omnis
1162 4038 1369 4094 cohors
1402 4038 1592 4093 irruit.

453 4128 561 4194 Qui
592 4144 722 4182 vero
754 4128 1036 4182 Caesarem
1068 4128 1533 4182 circumstabant
1562 4129 1734 4185 aulici

451 4222 626 4287 atque
653 4216 899 4271 Romani
930 4216 1214 4271 exercitus
1251 4220 1504 4270 rectores

454 4306 515 4360 in
546 4306 723 4375 pedes
753 4304 949 4359 cuncti
982 4308 1165 4358 semet
1194 4304 1589 4372 conjecerunt,

453 4396 630 4463 atque
660 4406 843 4445 unum
876 4389 1032 4444 mille
1063 4390 1253 4444 timidi
1287 4391 1606 4460 fugiebant,

455 4479 557 4551 qui
589 4495 722 4534 cum
756 4479 825 4533 ad
860 4483 1086 4549 portam
1120 4479 1520 4547 pervenissent
1550 4497 1812 4548 auream,

456 4584 602 4623 novo
634 4567 854 4635 dejecto
885 4566 1207 4620 festinatim
1235 4583 1421 4633 muro,

455 4654 666 4709 misere
696 4654 849 4708 foras
882 4658 1061 4708 semet
1093 4653 1505 4724 proripiebant.

452 4744 521 4796 At
550 4740 794 4807 inimici,
828 4739 939 4796 heu
972 4740 1280 4811 lugubrem
1312 4743 1683 4813 tragoediam!

452 4826 569 4880 late
602 4825 863 4895 palantes
895 4826 1113 4895 passim
1148 4843 1246 4896 per
1276 4827 1612 4897 Byzantium

452 4913 853 4968 latrocinando
886 4914 1141 4984 spoliant
1172 4915 1455 4971 nobilium
1487 4918 1713 4985 domos,

453 5000 599 5057 nihil
632 5001 948 5056 nefandum
983 5002 1110 5057 urbi
1144 5019 1257 5058 non
1290 5005 1552 5061 efﬁciunt
1584 5022 1596 5059 :

452 5087 633 5159 regali
663 5105 892 5159 quoque
924 5096 1200 5161 occupato
1231 5092 1469 5162 palatio,

450 5178 713 5234 inclusas
744 5195 881 5249 opes
909 5181 1144 5250 penitus
1174 5181 1480 5253 diripiunt.

450 5268 643 5325 Caasar
673 5269 895 5341 plateas
926 5271 1211 5343 triviaque
1242 5290 1585 5344 percurrens

451 5360 780 5415 centuriare
806 5362 1101 5417 nitebatur
1127 5362 1428 5434 pepulum,

448 5446 843 5516 suadebatque
875 5452 938 5503 ut
966 5449 1235 5505 hostibus
1266 5451 1605 5506 resisterent
1639 5467 1653 5505 :

450 5539 508 5592 at
540 5536 781 5593 meliora
811 5539 1057 5595 consilia
1088 5556 1257 5595 nemo
1287 5541 1565 5597 audiebat

450 5624 772 5695 quamlibet
798 5627 925 5683 urbi
960 5632 1015 5686 et
1042 5627 1154 5685 sibi
1186 5630 1493 5701 profutura
1526 5647 1538 5685 :

2404 603 2493 663 Ὡς
2525 601 2615 656 οὖν
2646 603 2877 677 κατέσχε
2905 604 3004 670 τὴν
3035 602 3367 677 κραταρχίαν
3403 603 3636 673 Δούκας,

2402 694 2695 764 Χρυσῶνας
2727 692 2898 764 εὑρὼν
2930 690 2979 744 έν
3010 695 3175 762 στενῷ
3206 693 3533 768 πεφυκότας,

3755 358 3861 413 264

2317 478 2629 534 ΑΛΕΞῙΟΣ
2668 480 2713 533 Ο
2753 476 3303 532 ΜΟΥΡΤΖΟΥΦΛΟΣ
3343 479 3513 533 ΜΗΝ.
3555 484 3635 537 Β’.
3684 482 3763 543 ς”.

2402 779 2629 852 Συσχὼν
2657 777 2899 839 τελώνας
2932 779 3241 854 πράκτορας
3270 784 3376 833 τῶν
3411 780 3537 854 πρὶν
3573 780 3754 858 φόρων

2401 872 2592 940 ’Όγκον
2625 868 2751 941 παρ’
2781 868 2957 921 αὐτῶν
2992 867 3102 921 εἷλε
3131 869 3435 941 χρημάτων
3465 868 3655 944 μέγαν,

2223 956 2365 1010 7045
2403 954 2501 1008 Καὶ
2530 953 2702 1009 τοῖσδ’
2732 954 2936 1029 ἐχρῆτο
2966 954 3101 1030 πρὸς
3132 952 3398 1024 διοίκησιν
3432 955 3576 1013 ὅλων
3612 976 3625 989 ⁸

2401 1042 2498 1099 Kal
2525 1049 2641 1105 τοῖς
2670 1043 2899 1105 Ἰταλοῖς
2930 1044 3193 1098 άντεπιὼν
3224 1044 3474 1115 ὁπλίτης,

2396 1130 2497 1192 Τάς
2529 1129 2799 1205 ἐκδρομὰς
2832 1136 2978 1208 σφῶν
3010 1130 3497 1212 άνέκοπτευρᾳδίως
3523 1152 3536 1165 ·

2396 1220 2555 1275 ’Όθεν
2588 1221 2839 1283 ποθεινὸς
2876 1222 3119 1295 ὑπῆρχεν
3156 1221 3439 1291 ὑπηκόοις,

2395 1307 2708 1381 Ἐξαιρέτως
2742 1305 2798 1362 δὲ
2828 1312 3168 1382 στρατιωτῶν
3202 1315 3321 1370 ταῖς
3351 1307 3497 1373 ἴλαις
3524 1330 3536 1344 ·

2214 1395 2357 1449 7050
2394 1395 2497 1449 Καὶ
2532 1392 2865 1450 Βαλδουίνου
2894 1400 2991 1449 τοῦ
3022 1395 3264 1468 κόμητος
3293 1403 3392 1465 τῆς
3425 1396 3708 1475 Φλάντρας

2391 1482 2470 1538 Τὰ
2498 1484 2633 1555 πρὸς
2664 1482 2837 1537 Φιλέα
2866 1484 3274 1550 κατακείροντος
3303 1486 3466 1560 μέρη,

2392 1572 2453 1628 Ὀ
2489 1572 2742 1647 βασιλεὺς
2773 1569 2929 1645 ἔξεισι
2956 1575 3072 1628 κατ’
3102 1573 3265 1628 αὐτοῦ
3293 1576 3465 1648 τάχος
3500 1598 3511 1610 ·

2393 1662 2495 1717 Καὶ
2527 1661 2879 1737 συῤῥαγείσης
2909 1661 2959 1731 ἐξ
2993 1663 3254 1736 ἑκατέρων
3292 1663 3499 1738 μάχης,

2381 1750 2448 1805 Ἠ
2479 1750 2762 1821 Ῥωμαϊκή
2793 1750 3015 1824 στρατιά
3042 1754 3189 1804 νῶτα
3213 1749 3382 1805 κλίνει
3417 1770 3429 1783 ’

2136 1824 2181 1887 Β
2212 1837 2354 1891 7055
2391 1838 2539 1899 Ἔνθ’
2570 1835 2628 1890 ἂν
2664 1836 3057 1910 παραπόλλυτο
3087 1843 3283 1914 μικροῦ
3313 1841 3400 1893 καὶ
3434 1842 3676 1917 κράτωρ·

2390 1924 2567 1980 Είκών
2599 1946 2657 1979 τε
2688 1926 2855 1993 σεπτή
2882 1932 2983 1994 τῆς
3014 1925 3424 2001 μητρανὸίνδρου
3456 1929 3657 2001 Κόρης,

2384 2014 2480 2070 Ἢν
2511 2014 2562 2067 οἱ
2594 2010 2811 2075 ἄνακτες
2844 2015 3144 2069 πλουτοῦσι
3176 2018 3548 2090 στρατηγέτιν,

2391 2102 2646 2175 Ἐχθροῖς
2679 2100 2825 2155 ἑάλω
2855 2104 2991 2156 κατᾶ
3014 2099 3178 2173 τήνδε
3204 2104 3304 2172 τὴν
3339 2106 3523 2179 μάχην
3566 2123 3577 2138 ·

2392 2190 2641 2262 Ἀφεῖντο
2675 2186 2742 2260 δ’,
2775 2189 3059 2261 ήμέληντο
3090 2192 3179 2245 καὶ
3206 2186 3562 2263 συμϐιϐάσεις
3590 2211 3602 2225 ·

2211 2279 2354 2333 7060
2392 2276 2495 2334 Καὶ
2527 2276 2721 2332 λοιπὸν
2756 2277 3083 2351 ηὐτρέπιστο
3113 2278 3319 2355 φάλαγξ
3351 2281 3589 2336 Λατίνων

2394 2367 2534 2440 Πρὸς
2567 2363 2752 2427 ἄστεος
2776 2366 3041 2437 πόρθησιν
3075 2366 3279 2421 ἅλωσιν
3314 2370 3360 2421 θ’
3392 2369 3504 2441 ἅμα
3536 2389 3548 2401 '

2389 2454 2614 2509 Ἠϊόνων
2650 2452 2739 2508 οὖν
2772 2452 3191 2510 άποπλεύσαντα
3220 2458 3393 2531 σκάφη

2388 2541 2503 2615 Ἐφ’
2534 2542 2608 2594 ὧν
2641 2542 2890 2615 ὑπῆρχον
2923 2541 3187 2614 κλίμακες
3218 2542 3310 2596 σὺν
3344 2542 3619 2617 ὀργάνοις,

2388 2629 2558 2701 Ἀκτῇ
2587 2629 2873 2703 πόοσίσχει
2905 2636 3003 2698 τῆς
3038 2637 3209 2701 μονῆς
3242 2630 3562 2705 Εὐεργέτου,

2207 2718 2349 2772 7065
2384 2717 2529 2777 "Em:
2562 2713 2892 2790 Βλαχερνῶν
2926 2720 3169 2791 συνεχῶς
3199 2714 3466 2792 ἀφιγμένη
3498 2737 3511 2748 ·

2386 2804 2483 2857 Καὶ
2516 2804 2720 2865 Δούκας
2748 2804 2897 2867 αὖθις
2928 2804 3159 2877 πηγνύει
3186 2807 3389 2874 σκηνὴν
3423 2807 3618 2882 φέρων,

2383 2891 2507 2947 Ἐπὶ
2538 2890 2787 2946 κολωνοῦ
2818 2892 3054 2961 πΛησίον
3087 2894 3487 2963 παντεπόπτου,

2385 2986 2551 3043 Ἔνθα
2581 2981 2742 3034 θεατὰ
2764 2984 2867 3033 τῶν
2898 2980 3108 3054 ἐχθρῶν
3142 2982 3275 3049 ἦσαν
3309 2983 3508 3058 σκάφη,

2380 3070 2450 3124 ’Ἄ
2483 3068 2570 3122 καὶ
2598 3070 2870 3142 προσέσχε
2897 3068 3102 3142 τείχεσι
3138 3068 3227 3123 σὺν
3258 3069 3509 3132 ὁπλίταις
3545 3089 3557 3103 ·

2130 3176 2173 3241 C
2209 3159 2351 3213 7070
2386 3157 2453 3214 Οἳ
2486 3154 2895 3228 συμπλακέντες
2921 3161 3037 3217 ταῖς
3068 3158 3172 3231 πρὸ
3201 3160 3432 3232 τειχέων
3472 3156 3617 3221 ἴλαις

2385 3246 2490 3301 Καὶ
2518 3251 2636 3307 τοῖς
2668 3246 2756 3299 ἐπὶ
2787 3246 3009 3319 πύργων
3035 3267 3093 3318 γε
3122 3247 3559 3319 καθισταμένοις,

2380 3335 2520 3408 Πρὸς
2550 3339 2681 3411 σφᾶς
2714 3334 2897 3406 ἀγῶνα
2925 3333 3013 3387 καὶ
3049 3333 3235 3407 μάχην
3268 3335 3615 3409 συνεκρότουν
3648 3356 3661 3369 ·

2378 3424 2576 3477 Ἦττον
2606 3418 2651 3475 δ’
2684 3422 3053 3495 ἀπηνέγκαντο
3084 3423 3180 3491 τὴν
3212 3422 3325 3475 τόθ’
3356 3424 3588 3498 ἡμέραν.

2376 3510 2531 3579 Ἑξῆς
2563 3506 2620 3563 δὲ
2648 3504 3063 3582 προσϐάλλουσι
3095 3507 3317 3563 πανσυδὶ
3348 3510 3505 3565 πόλει
3539 3530 3553 3545 ⁶

2199 3600 2340 3653 7075
2378 3598 2475 3651 Καὶ
2509 3595 2602 3651 δύο
2637 3594 2683 3651 δ’
2715 3594 2902 3670 ἄνδρες
2936 3596 2995 3651 ἐκ
3028 3601 3151 3669 μιᾶς
3179 3602 3286 3651 τῶν
3318 3596 3603 3670 κλιμάκων

2374 3682 2682 3760 Ὶδρυμένης
2713 3684 2945 3760 ἄγχιστα
2973 3686 3160 3759 χώρου
3186 3685 3443 3759 Πετρίων,

2376 3773 2473 3835 Ei:
2508 3779 2690 3848 χῶρον
2723 3771 3005 3847 ἀφήλαντο
3026 3774 3116 3827 τὸν
3150 3782 3493 3846 συνημμένον
3524 3793 3537 3805 ’

2373 3862 2471 3916 Καὶ
2503 3861 2802 3936 φυλακικὸν
2836 3860 3232 3936 ἐχθροήσαντες
3267 3862 3428 3937 ξίφει,

2373 3949 2663 4021 Σύσσημον
2695 3950 2834 4023 ἦραν
2866 3955 3149 4023 χαρμονῆς
3177 3953 3292 4009 τοῖς
3327 3948 3604 4022 φυλέταις,

2194 4039 2340 4094 7080
2376 4038 2474 4091 Καὶ
2503 4042 2604 4091 πᾶν
2636 4038 2858 4093 Ἰταλῶν
2890 4034 3296 4110 συνδεδράμηκε
3325 4036 3533 4114 στίφος.

2374 4126 2504 4201 Περὶ
2540 4124 2765 4199 βασιλέα
2798 4123 2854 4179 δὲ
2873 4126 3017 4179 τοῦτ’
3049 4124 3372 4200 ήθρηκότες,

2368 4214 2473 4269 Καὶ
2503 4215 2817 4287 Ῥωμαϊκῆς
2852 4219 3103 4288 στρατιᾶς
3133 4213 3383 4288 ἱλαρχία,

2370 4304 2610 4380 ’ῼχοντο
2641 4305 2833 4364 πάντες
2865 4303 3113 4364 ἀπιόντες
3142 4301 3192 4357 ἐν
3224 4298 3401 4375 φόϐῳ,

2369 4392 2518 4447 Κατᾶ
2548 4389 2768 4466 χιλίους
2802 4390 2888 4467 ὑφ’
2916 4391 3031 4452 ἑνὸς
3061 4388 3381 4468 πεφευγότες
3416 4430 3429 4443 .

2192 4480 2335 4536 7085
2372 4479 2477 4534 Καὶ
2508 4480 2601 4540 τὰς
2636 4478 2890 4553 χρυσείας
2923 4472 3322 4541 καταλαϐόντες
3350 4474 3524 4538 πύλας

2373 4568 2567 4623 Καινόν
2597 4588 2655 4621 τε
2685 4572 2873 4642 τεῖχος
2907 4567 3071 4643 ῥᾷστα
3100 4564 3492 4640 καθηρηκότες,

2372 4655 2624 4729 Ἐξῄεσαν
2661 4655 2946 4729 τρέχοντες
2975 4653 3186 4716 ἀκλεῶς
3212 4656 3349 4707 πάνυ
3384 4673 3396 4685 ·

2373 4744 2703 4819 Ἀντίμαχοι
2737 4741 2816 4812 δὲ,
2842 4748 2939 4820 φεῦ
2976 4742 3127 4813 ξένης
3157 4738 3459 4816 τραγῳδίας
3489 4742 3499 4795 !

2371 4833 2761 4907 Διασπαρέντες
2791 4829 3059 4906 πολλαχῆ
3093 4827 3414 4899 Βυζαντίδος

2192 4923 2335 4977 7090
2376 4926 2593 4975 ΣυΛῶσι
2627 4920 2978 4994 λῃστρεύουσι
3012 4917 3267 4993 λαμπράς
3301 4918 3495 4984 οἰκίας,

2372 5009 2469 5063 Καὶ
2500 5011 2672 5064 πάντα
2699 5010 2764 5064 τὰ
2794 5008 3043 5083 χείριστα
3075 5006 3239 5082 δρῶσι
3269 5007 3367 5075 τὴν
3399 5002 3558 5061 πόλιν
3589 5024 3601 5035 ·

2370 5100 2774 5173 Κατακρατοῦσι
2800 5098 2887 5151 καὶ
2927 5094 3215 5171 βασιλείων
3241 5093 3448 5168 δόμων,

2368 5187 2475 5242 Τὸν
2506 5184 2676 5240 τοῖσδ’
2706 5185 2886 5241 ἐνόντα
2915 5185 3154 5240 πλοῦτον
3182 5182 3580 5242 έσκυλευκότες.

2372 5274 2537 5344 ’Ἃναξ
2569 5272 2616 5328 δ’
2645 5275 2839 5349 ἀγυιὰς
2865 5272 3118 5349 τριόδους
3148 5273 3487 5347 περιτρέχων

2192 5365 2335 5420 7095
2370 5360 2632 5419 Ἕσπευδε
2660 5364 2791 5417 Ααὸν
2823 5362 3147 5438 συναγείρειν
3186 5360 3263 5423 εἷς
3293 5359 3436 5431 ἴλας,

2373 5450 2515 5523 Πρὸς
2548 5448 2595 5504 δ’
2623 5450 3033 5526 ἀντιπαράταξιν
3070 5448 3392 5505 ὑπεναντίων
3430 5466 3442 5479 ·

2370 5540 2437 5596 Οἱ
2468 5536 2514 5592 δ’
2545 5537 2651 5613 οὐχ
2681 5539 2899 5593 ὑπεῖκον
2931 5540 3191 5612 κρείττον’
3225 5534 3579 5614 ὑφηγουμένῳ

2374 5626 2469 5681 Kal
2500 5626 2836 5703 συμφέροντα
2865 5627 2952 5683 καὶ
2987 5628 3136 5705 σφίσι
3159 5625 3249 5682 καὶ
3279 5628 3347 5699 τῇ
3379 5621 3563 5690 πόλει,

2120 4527 2164 4591 D
