4136 6292
315 343 425 397 265

487 470 601 517 Τῶν
633 462 831 517 ούσιῶν
863 459 906 515 δ’
931 460 1158 521 ἕκαστος
1189 456 1481 532 ηὑτούργει
1512 455 1684 529 τάχος

305 556 448 609 7100
490 550 789 615 Μετάθεσίν
822 570 879 603 τε
909 553 996 603 καί
1027 548 1331 621 κατάχωσιν
1361 545 1550 600 πλέον.

489 638 638 697 Ἰδὼν
672 637 719 694 δ’
751 640 779 692 ὁ
812 638 1015 700 Δῡύκας
1046 639 1119 698 ὡς
1153 633 1337 705 ὄνησις
1370 634 1469 688 οὐκ
1495 628 1589 697 ἔνι,

490 731 560 785 ’Ἡ
590 729 681 783 καὶ
715 725 908 788 δεδιὼς
942 727 1073 799 ὑπὲρ
1106 726 1273 779 αὐτοῦ
1304 718 1571 780 πλειόνως

490 818 579 884 Μὴ
613 815 896 889 συσχεθεὶς
926 814 1118 868 τίσειεν
1156 812 1357 875 ἀθλίως
1392 808 1568 879 δίκας,

490 902 628 964 Τοὺς
678 901 986 977 βασιλείους
1034 898 1338 974 εἷ’σδραμὼν
1388 893 1674 968 λαμπροὺς
1730 892 1951 965 δόμους,

310 994 458 1048 7105
496 992 591 1045 Καὶ
625 987 880 1065 βασιλίδα
907 982 1241 1063 παραλαϐὼν
1275 983 1641 1061 Εὐφροσύνην,

428 1078 530 1132 Σὺν
565 1077 855 1152 θυγατράσι
882 1078 927 1131 τ’
958 1071 1212 1149 ἐμϐαλὼν
1243 1069 1529 1146 λεμϐαδίῳ

491 1165 691 1227 Ἀλοὺς
729 1172 851 1239 μιᾶς
882 1162 1040 1241 ἔρωτι
1070 1164 1274 1219 τούτων
1307 1162 1570 1230 ἐκτόπως,

498 1256 699 1324 Ἔξεισι
730 1254 941 1331 φεύγων
972 1252 1201 1327 πατρίδα
1229 1245 1524 1319 Βυζαντίδα
1559 1267 1571 1280 ·

490 1344 650 1417 Ἀνὴρ
684 1343 947 1417 ὑπάρχων
979 1342 1192 1413 ἀρεϊκὸς
1218 1339 1269 1394 ἐν
1298 1340 1530 1411 μάχαις,

302 1434 445 1488 7110
486 1430 719 1506 Στερῥὸς
746 1430 1026 1505 μαχητὴς,
1062 1424 1333 1503 γεννάδας,
1364 1420 1672 1501 ῥωμαλέος,

484 1518 883 1592 Σοφισματίας,
916 1516 1210 1591 κρυψίνους
1242 1537 1299 1570 τε
1325 1513 1415 1568 τὸν
1448 1514 1673 1587 τρόπον,

482 1605 778 1683 Πεφυκέναι
807 1606 1083 1680 πράγμασι
1115 1605 1416 1676 κομπάζων
1449 1600 1601 1661 ὅλοις
1636 1617 1649 1631 ⁸

477 1693 554 1750 Οὐ
586 1700 906 1766 σωματικῆς
936 1691 991 1747 εὖ
1022 1691 1167 1767 ἔχων
1203 1691 1561 1763 συμμετρίας,

474 1782 671 1856 Αὐχῶν
704 1782 799 1843 τάς
833 1783 999 1857 ὀφρῦς
1034 1779 1182 1853 μάλα
1213 1779 1667 1850 συνεσπασμένας,

284 1874 434 1928 7115
479 1869 581 1927 Καὶ
615 1872 893 1945 βραγχιῶν
926 1870 1190 1946 φάρυγγα,
1225 1865 1468 1941 δύσηχος
1500 1864 1692 1941 λόγον,

477 1959 726 2015 Ἡλικίαν
759 1958 923 2030 μέσος
951 1978 1010 2012 τε
1034 1956 1122 2011 καὶ
1152 1954 1343 2017 κοῖλος
1374 1955 1551 2031 φύσει,

479 2045 699 2108 Ἀδικος
728 2047 915 2116 εὐνὴν,
945 2043 1248 2122 φιλογύνης
1279 2044 1368 2098 καὶ
1400 2041 1623 2118 λάγνος,

476 2130 977 2209 Πρωτοὸεστιάριος
1010 2131 1083 2187 ὣν
1111 2134 1208 2201 τήν
1240 2132 1410 2203 ἀξίαν,

476 2226 641 2279 ’Όταν
674 2225 905 2297 κατῆρξε
932 2226 1027 2275 τοῦ
1062 2221 1340 2295 βασιλείου
1369 2219 1623 2294 κράτους,

294 2316 441 2368 7120
477 2313 569 2382 Ἓξ
600 2308 811 2385 ἡμέρας
845 2309 971 2364 δέκα
1000 2331 1057 2364 τε
1088 2310 1178 2363 σὺν
1215 2310 1345 2380 μησὶ
1380 2306 1473 2361 δύο

485 2403 598 2468 Τῆς
631 2399 905 2474 βασιλείας
935 2400 997 2453 τὸ
1029 2400 1225 2473 κράτος
1253 2395 1509 2459 διιθύνας.

565 2543 917 2627 οΕοΔρροΣ
956 2545 1001 2597 o
1040 2541 1399 2595 ΛΑΣΚΑΡΙΣ
1441 2540 1546 2594 ET.
1592 2539 1688 2594 ιδ’.

482 2668 631 2724 Ἐπεὶ
659 2664 703 2721 δ’
736 2668 762 2721 ὁ
793 2670 1002 2742 κρατῶν
1037 2664 1353 2740 ἀπέδρασεν,
1387 2665 1461 2727 ὡς
1490 2659 1647 2740 ἔφην,

487 2755 688 2815 Δούκας
717 2775 775 2808 τε
802 2754 890 2809 καὶ
922 2755 1189 2827 Λάσκαρις
1218 2752 1411 2827 ἤρισαν
1442 2753 1694 2824 κράτους,

486 2838 893 2904 Καταλαϐὁντες
924 2844 1014 2897 τὸν
1048 2846 1180 2896 Θεοῦ
1213 2840 1379 2915 μέγαν
1415 2838 1607 2912 δόμον,

296 2935 443 2988 7125
482 2935 681 3008 ’Ἄμφω
715 2930 962 3004 μαχηταὶ
992 2932 1079 2985 καὶ
1113 2931 1272 3010 καλοὶ
1306 2929 1505 2984 νεανίαι
1540 2947 1554 2961 ’

482 3018 690 3092 Κλήρῳ
722 3022 829 3091 (77)
864 3015 921 3072 δὲ
952 3017 1139 3093 λαχὼν
1174 3018 1443 3091 Λάσκαρις
1470 3014 1827 3090 κραταρχίαν,

479 3108 631 3169 Τέως
665 3107 757 3179 μὶν
790 3106 1055 3161 ἀπείπατο
1088 3101 1340 3178 σύμϐολα
1367 3106 1595 3179 κράτους
1628 3122 1642 3137 ο

484 3196 750 3265 Συνεξιὼν
782 3192 839 3250 δὲ
866 3199 964 3250 τοῦ
994 3197 1095 3250 νεὼ
1124 3199 1203 3266 τῷ
1233 3194 1459 3266 ποιμένι

484 3284 631 3341 Κατὰ
660 3284 864 3340 Μίλιον
897 3282 985 3338 καὶ
1014 3282 1149 3358 μέρη
1183 3279 1504 3351 Βυζαντίδος

293 3376 449 3430 7130
489 3372 635 3434 Τοὺς
667 3374 947 3434 συνιόντας
978 3373 1218 3445 εὐμενῶς
1250 3366 1552 3441 ἠντιϐόλει,

482 3460 583 3517 Καὶ
615 3460 906 3534 παρεκάλει
938 3460 1072 3533 πρὸς
1106 3459 1290 3534 μάχην
1322 3457 1654 3527 ἀντιπάλων,

485 3548 741 3605 Μάλιστα
770 3548 983 3603 πάντων
1014 3547 1141 3610 τοὺς
1172 3547 1296 3624 περὶ
1332 3547 1555 3623 βασιλέα

487 3640 748 3699 Σείοντας
782 3638 947 3710 ὤμων
977 3638 1149 3712 ἀρείκ’
1180 3638 1309 3692 ἅττα
1339 3637 1462 3715 ξίφη

486 3726 722 3788 Κελτοὺς
756 3730 1025 3803 Αιπαρῶν,
1056 3727 1375 3801 προτρέπων
1410 3725 1507 3779 οὐκ
1537 3725 1691 3781 ἀνίει.

296 3818 452 3874 7135
490 3815 641 3873 Ἐπεὶ
673 3813 729 3869 δὲ
760 3814 1019 3880 θωπεύων
1049 3836 1107 3869 τε
1134 3814 1223 3869 καὶ
1254 3812 1599 3889 παροτρύνων

488 3905 601 3961 Ούκ
633 3904 749 3979 εἶχέ
776 3925 897 3959 τινα
925 3905 1014 3958 τὸν
1045 3902 1283 3958 κλύοντα
1316 3898 1600 3973 μηδόλως,

488 3990 629 4062 ’Ήδη
667 3990 722 4046 δὲ
752 3992 838 4046 καὶ
873 3991 1081 4069 φάλαγξ
1112 4012 1195 4053 τις
1224 3991 1374 4044 ὧπτο
1406 3988 1666 4045 Λατίνων.

490 4080 817 4144 Μεθίσταται
848 4082 1061 4154 τάχιστ’
1092 4078 1313 4148 ἐκεῖθεν,
1346 4078 1419 4140 ὡς
1453 4076 1593 4147 δέον,

490 4169 593 4226 Καὶ
625 4169 761 4243 πρὸς
794 4170 970 4245 φυγὴν
998 4163 1195 4242 ἔϐλεψε
1223 4168 1310 4223 καὶ
1341 4168 1613 4241 σωτηρίαν
1648 4185 1661 4199 ·

302 4261 451 4315 7140
485 4258 808 4333 Ἀντίμαχοι
841 4255 898 4312 δὲ
927 4259 1042 4312 κατ’
1070 4255 1301 4331 ἐρημίαν
1326 4256 1470 4331 τάχα

488 4349 608 4403 Τῶν
640 4346 999 4401 κωλυσόντων
1033 4343 1300 4420 ἐκδρομὰς
1333 4349 1478 4422 σφῶν
1512 4346 1749 4413 ἀνέτους,

493 4434 757 4507 Ἐπῄεσαν
785 4434 1081 4495 κτείνοντες
1115 4431 1345 4507 ἀφειδῶς
1375 4432 1510 4511 ξίφει

487 4523 588 4576 Τὸν
620 4521 1001 4598 προστυχόντα
1024 4522 1113 4576 καὶ
1144 4519 1494 4583 σκυλεύοντες
1530 4522 1639 4597 βία,

492 4608 923 4679 Λεηλατοῦντες,
954 4606 1361 4682 πυρπολοῦντες
1391 4612 1489 4678 τὴν
1521 4610 1708 4680 πόλιν,

302 4702 459 4756 7145
497 4697 599 4755 Καὶ
628 4698 801 4753 πάντα
832 4695 1083 4772 δρῶντες,
1117 4694 1161 4750 ὢ
1192 4694 1548 4751 δυσυποίστου
1580 4697 1699 4757 θέας
1728 4698 1739 4752 l

496 4785 717 4858 Κόσμον
749 4786 1019 4846 συλῶντες
1052 4785 1196 4860 ἱερὸν
1228 4784 1381 4848 θείων
1416 4782 1621 4856 δόμων,

501 4873 677 4928 Σεπτά
702 4894 759 4929 1's
787 4872 1053 4946 κείμήλια
1080 4873 1170 4927 καὶ
1202 4872 1377 4936 θείους
1400 4870 1663 4941 πέπλους,

497 4963 741 5018 Ἔκτυπα
769 4964 1026 5038 Χριστοῦ,
1054 4960 1274 5035 Μητρὸς
1305 4958 1467 5014 αὐτοῦ
1498 4958 1767 5035 πανάγνου

500 5048 594 5111 Εἲς
622 5057 721 5125 γῆν
753 5047 1236 5127 καταρῥάσσοντες,
1268 5046 1454 5103 ἄλλων
1490 5049 1535 5112 θ’
1568 5047 1731 5122 ἁγίων
1764 5068 1777 5081 ⁶

305 5144 461 5199 7150
499 5140 598 5193 Καὶ
627 5138 718 5193 τὸν
742 5140 867 5214 παρ’
892 5138 1076 5200 αὐτοῖς
1102 5138 1305 5210 κόσμον
1336 5136 1394 5191 ἐκ
1424 5137 1803 5213 χρυσαργύρου

498 5231 669 5285 Ὀντα
699 5226 1083 5304 διαρπάζοντες
1114 5228 1165 5282 οἱ
1195 5222 1500 5302 παραϐάται
1536 5248 1550 5261 ·

500 5317 708 5391 Σεμνὰς
740 5322 1000 5392 γυναῖκας
1029 5313 1173 5390 ἱεράς
1204 5336 1263 5371 τε
1291 5317 1585 5389 παρθένους

1826 334 2190 387 ΟΛΕΒΑΒΕΒ.

1980 454 2031 519 Α
2064 455 2163 508 sed
2201 454 2604 525 unusquisque
2636 456 2761 510 suis
2796 456 3003 527 raptim
3036 457 3246 526 opibus

2067 544 2339 598 studebat
2370 544 2789 599 transferendis
2821 550 2920 599 aut
2952 544 3327 599 infodiendis.

2066 630 2207 684 Cum
2243 648 2376 702 ergo
2407 638 2592 688 Ducas
2629 633 2809 687 hilum
2842 650 2951 687 non
2990 634 3313 703 proﬁceret,

2066 718 2297 789 sibique
2326 721 2698 776 vehementer
2723 724 2844 791 jam
2886 723 3135 787 timeret,

2066 823 2136 860 ne
2167 813 2376 879 captus
2406 826 2611 879 graves
2638 828 2836 881 poenas
2871 811 3019 865 hosti
3057 811 3258 874 lueret,

2064 894 2255 964 regias
2288 897 2355 951 ad
2389 900 2539 953 aedes
2573 900 2889 954 festinatim
2924 898 3258 966 convolans,

2063 988 2234 1054 atque
2268 984 2427 1041 illinc
2452 992 2747 1058 sumptam
2782 987 3221 1059 Euphrosynem
3258 986 3519 1056 reginam

2062 1087 2235 1140 parvo
2264 1072 2321 1127 in
2356 1074 2593 1143 phaselo
2623 1092 2757 1131 cum
2789 1076 3026 1130 ﬁliabus
3055 1075 3367 1142 collocans,

2061 1177 2307 1230 quarum
2341 1179 2517 1218 unam
2551 1164 2674 1235 ipse
2702 1164 2962 1220 efﬂictim
2996 1163 3317 1234 deperibat,

2060 1248 2222 1303 exsul
2255 1250 2512 1321 profugit
2540 1252 2730 1323 patria
2758 1252 3049 1321 Byzantio.

2058 1338 2154 1393 Vir
2184 1338 2308 1393 sine
2341 1340 2515 1394 dubio
2546 1346 2819 1395 strenuus
2852 1342 2907 1394 in
2943 1340 3178 1412 proeliis,

2058 1432 2333 1482 constans
2366 1427 2627 1493 bellator,
2662 1429 3091 1497 magnanimus,
3128 1427 3310 1497 tortis,

2056 1515 2326 1585 callidus,
2360 1521 2416 1571 et
2447 1517 2691 1573 consilia
2720 1516 2905 1572 celare
2936 1518 3164 1587 solitus,

2056 1606 2281 1660 cunctis
2315 1622 2377 1661 se
2400 1606 2635 1676 jactans
2666 1607 2939 1662 idoneum
2973 1606 3223 1677 negotiis
3262 1625 3274 1660 :

2055 1693 2313 1764 corporis
2344 1695 2529 1749 forma
2561 1712 2673 1750 non
2708 1696 2850 1751 satis
2883 1696 3189 1762 concinna,

1972 1808 2022 1873 Β
2054 1783 2361 1837 adductum
2395 1800 2623 1855 semper
2652 1800 2859 1853 gerens
2890 1785 3295 1855 supercilium,

2052 1870 2318 1926 faucibus
2350 1874 2562 1939 raucis,
2597 1890 2802 1943 aspera
2832 1873 3084 1943 loquela,

2052 1963 2277 2014 statura
2309 1960 2500 2015 media
2528 1966 2583 2015 et
2610 1960 2813 2032 valgus
2845 1980 2876 2015 θ.
2909 1965 3139 2029 natura,

2052 2045 2328 2114 lascivus,
2361 2048 2709 2104 mulierosus
2739 2054 2795 2103 et
2825 2049 3072 2104 adulter.

2053 2134 2106 2189 Is
2137 2135 2420 2206 dignitate
2452 2136 2930 2207 protovestiarius
2967 2139 3091 2190 erat

2052 2238 2183 2277 cum
2218 2240 2509 2279 summam
2544 2229 2889 2295 potestatem
2921 2227 3009 2279 est
3042 2223 3286 2294 adeptus
3322 2240 3335 2278 :

2052 2312 2220 2380 cujus
2252 2312 2474 2383 regales
2507 2314 2693 2368 tenuit
2726 2314 2983 2368 habenas

2052 2399 2262 2455 diebus
2293 2402 2582 2456 sexdecim
2616 2419 2795 2473 supra
2832 2418 3063 2455 menses
3095 2401 3263 2454 duos.

2262 2543 2692 2599 THEODORUS
2735 2544 3079 2599 LASCARIS
3120 2544 3235 2597 AN.
3277 2543 3477 2597 XVIII.

2054 2672 2187 2723 Post
2218 2668 2415 2739 fugam
2457 2670 2721 2736 Caesaris,
2757 2671 2827 2725 de
2854 2668 3135 2740 capiendo
3170 2668 3416 2739 imperio

2057 2756 2314 2811 Lascaris
2344 2762 2400 2811 et
2427 2757 2578 2812 alius
2610 2758 2797 2813 Ducas
2830 2759 3204 2813 decertarunt

2054 2844 2111 2899 in
2145 2846 2242 2900 Dei
2276 2845 2555 2917 templum
2591 2846 2911 2901 maximum
2948 2846 3217 2917 profecti,-

2055 2933 2215 2987 fortis
2251 2937 2489 3003 uterque
2520 2934 2904 3006 egregiusque
2927 2933 3192 3003 juvenis;

2052 3037 2249 3076 verum
2282 3038 2408 3077 sors
2437 3024 2668 3077 Lascari
2700 3021 2945 3077 contulit
2974 3021 3310 3092 imperium,

2053 3110 2152 3179 qui
2182 3111 2341 3181 regia
2370 3115 2563 3166 tamen
2597 3127 2713 3166 non
2745 3110 2999 3181 sumpsit
3030 3108 3285 3181 insignia
3320 3126 3332 3162 :

2059 3159 2152 3179 γ-
2183 3159 2341 3181 ησ-
2375 3159 2563 3166 -——-—
2598 3159 2713 3166 -ν-
2745 3159 2998 3181 -ν--τπ
3031 3159 3161 3181 -—~-.

1971 3159 2016 3228 ϐ
2054 3198 2153 3253 sed
2185 3198 2498 3255 comitante
2536 3198 2861 3270 patriarcha
2890 3214 3161 3270 egressus

2053 3287 2123 3341 ad
2157 3286 2379 3342 Milium
2410 3293 2583 3358 atque
2614 3288 2684 3341 ad
2712 3288 2856 3342 alias
2889 3287 3053 3342 urbis
3084 3292 3304 3357 partes,

2052 3375 2254 3446 populi
2284 3381 2506 3431 turmas
2538 3375 2745 3430 blande
2781 3374 3171 3445 compellabat

2053 3464 2123 3518 ad
2157 3464 2548 3519 resistendum
2580 3464 2849 3520 hostibus
2881 3463 3201 3518 adhortans
3234 3480 3247 3517 :

2054 3552 2342 3622 praecipue
2372 3569 2503 3609 vero
2536 3554 2849 3624 stipatores
2882 3550 3094 3623 regios,

2044 3641 2305 3711 grandes
2334 3646 2631 3711 gestantes
2662 3641 2925 3695 humeris
2962 3640 3267 3711 bipennes,

2053 3727 2242 3783 Celtas
2272 3728 2457 3783 enixis
2490 3731 2835 3800 perurgebat
2868 3729 3156 3800 precibus.

2052 3818 2161 3872 Sed
2194 3834 2325 3873 cum
2359 3833 2460 3872 nec
2493 3816 2725 3871 blandis
2757 3818 3029 3872 suadenti
3060 3818 3276 3885 verbis,

2055 3923 2241 3977 neque
2272 3905 2601 3961 adhortanti
2633 3904 2922 3975 quispiam
2955 3907 3333 3974 auscultaret,

2046 3993 2289 4064 jamque
2320 3996 2626 4066 appareret
2655 3992 2862 4047 cohors
2892 3992 3262 4061 Latinorum;

2058 4082 2317 4137 Lascaris
2345 4081 2529 4148 illinc,
2564 4086 2627 4136 ut
2658 4097 2761 4152 par
2785 4085 2928 4148 erat,
2958 4080 3159 4136 abiens

2056 4170 2195 4239 fuga
2224 4169 2399 4224 saluti
2432 4169 2855 4224 consulendum
2888 4168 3136 4225 censuit.

2058 4256 2292 4311 Interim
2325 4256 2541 4325 hostes,
2576 4258 2843 4313 obviante
2870 4257 3103 4311 nemine

2057 4344 2156 4415 qui
2188 4345 2480 4401 cohiberet
2511 4346 2725 4401 liberos
2755 4362 3058 4413 excursus,

2056 4436 2201 4490 Orco
2237 4435 2542 4490 mittebant
2572 4433 2948 4489 inclementer
2977 4433 3206 4487 animas

1980 4520 2027 4584 D
2059 4523 2271 4579 civium
2305 4538 2606 4591 caesorum,
2642 4539 2781 4592 opes
2812 4521 3173 4590 auferebant,

2060 4612 2192 4683 igne
2224 4611 2659 4680 latrociniisque
2690 4613 2987 4664 vastantes
3020 4610 3245 4663 urbem.

2062 4702 2104 4755 Ο
2137 4701 2569 4756 intolerandum
2601 4698 2847 4770 lugubre
2879 4696 3315 4769 spectaculum!

2063 4806 2226 4844 sacer
2254 4789 2606 4860 templorum
2640 4790 2877 4841 ornatus
2906 4784 3200 4857 diripitur,

2063 4878 2391 4933 veneranda
2422 4874 2652 4931 cimelia
2682 4873 2966 4945 almzeque
2995 4879 3206 4943 vestes,

2064 4967 2261 5022 icones
2288 4964 2501 5021 Christi
2532 4963 2851 5033 Matrisque
2882 4963 3293 5029 sanctissimae,

2067 5054 2435 5125 aliorumque
2467 5068 2745 5124 superum
2779 5054 3127 5106 sternuntur
3156 5051 3350 5121 humi;

2068 5147 2240 5214 atque
2269 5142 2363 5198 his
2395 5141 2717 5213 pretiosum
2749 5138 2932 5211 impia
2960 5139 3015 5192 vi
3049 5139 3373 5194 detractum

2070 5230 2369 5286 metallum
2403 5229 2516 5286 sibi
2547 5229 2844 5285 vindicant
2875 5230 3171 5293 apostatae.

2068 5324 2358 5375 Matronae
2388 5318 2749 5374 venerandas
2780 5331 3093 5385 sacrasque
3120 5314 3374 5384 virgines

3599 334 3706 389 266

2068 5483 2352 5553 praelatus.
2377 5476 2538 5553 _Alibi
2560 5490 2793 5553 quoque
2820 5473 2975 5553 idem
3010 5469 3153 5553 mihi
3175 5470 3709 5553 ljicetzeﬁinterpres

305 5540 549 5621 videtur
598 5551 844 5621 Wolﬁus
890 5540 1103 5605 Nicetis
1159 5550 1447 5621 interpres
1494 5550 1593 5621 qui
1644 5550 1962 5607 dictionem
2068 5540 2184 5608 hon
2217 5548 2395 5606 semel
2434 5540 2673 5621 peccare
2696 5540 3030 5621 videbatur.
3060 5541 3284 5595 Confer.
3316 5557 3353 5595 ν
3382 5542 3480 5597 Gr.
3510 5540 3570 5594 in
3607 5540 3711 5593 hoc

308 5624 372 5677 ἐκ
400 5620 461 5677 δὲ
490 5619 705 5695 κλήρου
735 5620 799 5674 τὸ
832 5624 1099 5691 πρωτεῖον
1150 5616 1395 5692 εἰληφῶς
1439 5616 1687 5693 explicat
1731 5638 1765 5678 a
1815 5622 1960 5680 clero

2072 5622 2365 5679 volumine
2394 5616 2453 5690 pI
2486 5619 2607 5687 116,
2641 5634 2698 5673 n.
2732 5617 2780 5670 1.

646 5738 909 5799 Persen.
957 5739 1067 5797 Gn.
1118 5736 1375 5798 CXLIII.
3362 5732 3398 5785 υ

384 5482 500 5549 (77)
530 5481 741 5537 Sortem
786 5479 1074 5550 intelligo,
1124 5494 1238 5533 non
1290 5482 1527 5541 clerum;
1557 5482 1614 5533 et
1644 5477 1763 5533 falli
1818 5480 1963 5535 mihi
