4138 6296
394 359 506 415 267
1602 346 1974 405 EPHREMII
2019 337 2558 395 CHRONOGRAPH
2566 341 2587 390 Ι
3683 326 3791 381 368

398 486 467 541 ad
502 489 773 555 stuprum
808 481 1042 552 rapiunt
1072 479 1321 534 violenta
1354 492 1533 530 manu
1578 492 1588 528 :

400 573 513 628 alia
542 571 790 628 scelesta
818 570 975 642 (nam
1010 566 1322 622 dicendum
1359 562 1632 630 breviter)

401 662 658 718 facinora
688 658 1065 715 committunt
1095 656 1185 711 his
1218 654 1457 710 similia.

400 757 551 821 Ergo
582 750 951 821 angiportus,
982 745 1174 814 trivia,
1206 748 1262 799 et
1294 740 1652 805 ambulacra,

403 844 604 894 sancta
634 836 898 900 delubra,
930 840 986 890 et
1017 832 1209 903 anguli
1243 828 1547 895 reconditi,

404 931 547 999 fora,
578 926 703 994 viae,
732 925 867 991 vici,
899 923 1171 993 compita,
1209 919 1431 992 plateae,

401 1017 586 1086 luctu,
617 1012 956 1086 gemitibus,
988 1010 1263 1076 clamore,
1299 1013 1355 1063 et
1386 998 1712 1062 ululatibus

402 1108 680 1171 virorum,
714 1103 1086 1167 feminarum,
1122 1098 1351 1167 alioque
1385 1104 1593 1167 genere

401 1194 746 1265 multiplicis
779 1189 1070 1263 tragmdiae
1106 1180 1522 1259 personabant.

399 1287 510 1340 Sed
548 1264 858 1355 postquam
890 1278 1096 1351 spoliis
1132 1264 1380 1348 explevit
1410 1269 1749 1344 ingluviem,

403 1376 573 1428 linem
606 1370 916 1443 praedando
948 1373 1070 1422 tum
1101 1364 1353 1433 denique
1383 1359 1667 1431 imposuit

405 1460 728 1515 crudelium
759 1452 1103 1512 detestanda
1132 1466 1273 1523 gens
1304 1447 1610 1505 Italorum.

404 1550 603 1603 Visum
639 1546 847 1602 deinde
878 1552 963 1599 est
995 1538 1289 1613 primariis
1320 1530 1572 1592 ducibus

408 1652 662 1692 annuere
692 1635 941 1689 liberum
975 1646 1040 1685 ex
1070 1629 1214 1685 urbe
1243 1622 1573 1682 discessum

406 1724 712 1795 quibusvis
742 1721 930 1777 solum
965 1722 1186 1773 vertere
1218 1716 1488 1788 placeret.

405 1815 554 1884 Ergo
587 1811 834 1866 millenae‘
862 1807 1097 1864 exibant
1125 1808 1369 1861 catervae

408 1900 790 1967 miserabiles,
823 1898 1018 1953 tristes
1051 1899 1107 1951 et
1140 1909 1439 1966 pannosae,

411 1990 699 2062 sanguine
733 1988 949 2059 potius,
982 1989 1047 2039 ut
1072 1985 1258 2053 aiunt,
1292 1994 1469 2053 quam
1501 1970 1776 2047 laerymis

404 2083 748 2153 praesentem
779 2075 1149 2147 deplorantes
1180 2073 1475 2126 fortunam
1511 2076 1695 2123 suam.

408 2169 535 2225 Itali
568 2184 698 2223 vero
729 2165 939 2220 tumidi
973 2156 1271 2234 superbia,

407 2275 512 2313 ceu
546 2256 595 2311 si
627 2252 1025 2326 quadriﬁdum
1052 2248 1173 2322 jam
1204 2250 1469 2303 tenerent
1500 2246 1722 2313 orbem,

408 2365 692 2423 regesque
721 2362 926 2417 regum
959 2342 1146 2397 semet
1176 2332 1526 2406 effecissent,

407 2418 696 2510 qu'otquot
724 2435 831 2489 sub
863 2428 1065 2487 l‘hcebi
1097 2426 1277 2484 radiis
1312 2418 1680 2496 imperitant;

407 2527 559 2581 inter
588 2542 650 2579 se
680 2526 957 2577 cunctum
991 2517 1331 2573 dividebant
1360 2514 1673 2581 mundum,

410 2612 760 2686 provincias,
792 2610 986 2674 urbes,
1021 2604 1238 2677 singuli
1271 2604 1604 2667 sortientes,

413 2709 468 2758 et
498 2698 861 2774 potentatum
893 2694 1082 2751 verbis
1111 2695 1481 2763 occupantes.

412 2795 628 2846 Veneto
661 2791 807 2844 duce
838 2786 1121 2841 suadente
1147 2778 1414 2837 Dandulo

412 2879 671 2949 (homine
702 2894 883 2932 caecos
914 2870 1113 2931 oculos
1145 2872 1404 2943 gerente,

412 2970 541 3024 luce
572 2968 671 3023 sed
700 2965 910 3021 mentis
940 2964 1047 3018 heu
1083 2960 1261 3016 nimis
1294 2954 1601 3026 instructo)

410 3062 477 3113 ut
501 3058 818 3128 imperator
849 3051 1012 3108 fieret
1044 3049 1283 3106 Latinus

409 3148 480 3201 de
508 3145 765 3209 Venetis,
799 3132 1165 3206 Lombardis,
1202 3134 1509 3191 Francisve
1541 3129 1784 3197 electus,

416 3241 570 3297 datis
602 3237 895 3308 suﬂ‘ragiis
928 3233 1205 3290 eleetores
1239 3224 1463 3285 nobiles

413 3331 829 3401 imperatorem
864 3323 1079 3379 faciunt
1111 3318 1397 3392 Byzantii;

424 3418 780 3473 Balduinum
813 3410 1085 3469 comitem
1125 3408 1435 3482 provinciae
1467 3404 1775 3472 Flandriaa,

418 3506 632 3564 eximia
661 3502 1088 3560 adolescentem
1117 3493 1303 3555 forma
1334 3493 1664 3567 prmditum,

418 3598 602 3669 pium,
637 3599 694 3649 et
719 3593 945 3649 Christo
979 3587 1225 3645 maxime
1256 3586 1549 3651 devotum,

415 3685 686 3749 hilarem,
721 3682 945 3743 mitem,
979 3676 1359 3749 apprimeque
1389 3676 1640 3738 castum,

411 3770 805 3840 eleemosynis
836 3767 1010 3822 etiam
1039 3762 1462 3835 indulgentem,

414 3860 781 3917 cumulatum
816 3853 1018 3911 multis
1049 3871 1082 3909 a
1116 3854 1225 3908 Deo
1256 3846 1591 3914 virtutibus,

412 3950 513 4005 sed
548 3944 831 4020 pudicitia
859 3945 920 4000 in
953 3942 1159 4016 primis
1192 3958 1255 3996 ac
1276 3938 1531 4010 justitia.

410 4039 513 4094 Hic
546 4055 647 4109 per
679 4050 1001 4109 preaconem
1032 4026 1124 4087 bis
1156 4030 1214 4085 in
1244 4021 1613 4084 hebdomade

412 4128 669 4183 maxima
696 4140 834 4180 voce
860 4118 1108 4194 jubebat
1139 4116 1287 4174 edici

410 4232 480 4271 ne
511 4214 644 4285 quis
678 4213 733 4266 in
766 4211 928 4283 regia
958 4212 1129 4263 noctu
1164 4198 1473 4270 cubitaret,

409 4282 657 4373 qui—non
691 4282 1043 4369 conjunctus
1077 4290 1310 4364 conjugi
1342 4282 1621 4361 legitimae»

410 4390 506 4444 sed
541 4385 825 4443 meretrici
861 4388 1062 4439 contra
1095 4382 1180 4435 fas
1214 4376 1561 4434 conviveret.

408 4479 543 4532 Erat
574 4481 630 4532 et
660 4475 856 4546 legum
878 4471 1240 4543 justitiazque
1272 4470 1468 4521 custos
1504 4480 1516 4518 :

408 4566 683 4621 feminam
715 4561 984 4634 quamvis
1016 4574 1270 4614 renuens
1303 4555 1617 4625 attingere,

404 4672 509 4710 nec
540 4652 827 4708 teneriore
856 4653 1141 4706 contuens
1173 4648 1428 4715 aspectu,

402 4745 644 4816 quandu
679 4740 913 4814 prOpria
944 4738 1054 4794 tori
1090 4735 1247 4793 socia
1274 4735 1525 4790 abesset.

403 4836 549 4906 Ergo
580 4833 899 4901 imperator
928 4828 1144 4883 electus
1175 4823 1499 4879 Balduinus

403 4924 545 4981 abiit
574 4940 644 4979 ex
673 4922 816 4977 urbe
846 4916 917 4974 ad
952 4919 1146 4988 partes
1180 4914 1475 4980 occiduas,

400 5023 556 5079 haud
586 5026 868 5089 tanquam
899 5014 1029 5070 illas
1062 5030 1261 5085 pugna
1292 5012 1679 5078 subacturus,

403 5112 503 5168 sed
534 5109 858 5180 imperator
887 5103 1084 5159 volens
1117 5100 1362 5157 salutari

402 5198 799 5269 obsequioque
830 5210 863 5247 a
892 5190 1120 5247 cunctis
1150 5190 1261 5245 coli
1292 5187 1562 5244 subditis.

404 5292 592 5355 Quare
626 5301 729 5340 nec
759 5281 972 5339 veteris
1002 5270 1233 5351 imperii
1261 5276 1478 5334 milites

406 5379 466 5433 in
493 5392 668 5431 suum
698 5372 881 5428 voluit
911 5368 1207 5425 conscribi
1242 5358 1579 5422 exercitum.

411 5460 850 5533 Adrianopolim
882 5454 1460 5528 Philippopolimqus

413 5553 677 5623 aliasque
707 5552 776 5605 ad
812 5548 988 5603 urbes
1016 5544 1274 5600 Thraciis
1306 5543 1623 5615 profectus;

412 5642 733 5712 Latinoque
766 5636 859 5693 his
888 5634 1165 5707 imposito
1196 5632 1487 5706 praesidio,

2072 468 2125 532 Α
2331 458 2625 517 ’Ἑλκοντες
2659 455 2735 517 εἷς
2765 451 2915 530 ὕϐριν
2949 474 3005 509 τε
3033 452 3122 507 καὶ
3155 453 3354 529 φθορὰν
3388 451 3495 525 βίᾳ,

2329 547 2431 603 Καὶ
2462 545 2640 601 τᾶλλα
2670 549 2850 599 κακῶν
2886 541 3135 618 δρῶντες,
3168 539 3264 595 ὧδ’
3293 541 3460 594 εἰπεῖν
3492 533 3644 607 ἔπος,

2148 638 2292 693 7155
2334 637 2610 709 Σύστοιχα
2638 633 2851 693 τούτοις
2880 631 3119 702 καθάπαξ
3153 629 3387 684 ἐοικότα.

2329 726 2418 781 Ἐν
2446 721 2537 777 οὖν
2568 727 2887 789 στενωποῖς,
2908 718 3170 793 τριόδοις,
3205 714 3531 792 λεωφόροις,

2330 817 2516 881 Ναοῖς,
2549 810 2841 884 σεμνείοις,
2869 808 3093 885 γωνίαις
3124 802 3481 883 ἀποκρύφοις,

2328 898 2533 968 Ὁδοῖς,
2565 900 2800 975 ἀγυιαῖς,
2830 898 2920 953 καὶ
2952 896 3258 964 πλατείαις,
3290 891 3581 972 ἀμφόδοις,

2331 991 2573 1064 Θρήνων,
2606 993 2985 1062 στεναγμάτων
3014 1007 3094 1055 τε,
3119 988 3402 1052 κωκυτῶν,
3433 984 3600 1059 γόων,

2153 1080 2295 1133 7160
2333 1076 2526 1139 Εἷ¹δους
2556 1094 2615 1132 τε
2644 1072 2846 1146 λοιπῆς
2878 1074 3177 1150 δυστυχοῦς
3207 1070 3515 1148 τραγῳδίας

2333 1164 2599 1237 Ἀνδρῶν,
2620 1169 2893 1241 γυναικῶν
2922 1166 2988 1234 ἧν
3021 1168 3275 1239 παριοῦσι
3303 1160 3510 1216 κλύειν.

2332 1256 2462 1311 Επεὶ
2499 1252 2549 1308 δ’
2577 1256 2774 1316 ἱκανῶς
2807 1255 2922 1327 εἶχε
2952 1258 3061 1307 τῶν
3093 1249 3504 1322 σκυλευμάτων,

2332 1345 2570 1400 Ἐπαυσε
2600 1341 2748 1403 λείας
2778 1343 2867 1396 καὶ
2900 1340 3322 1418 Λαφυραγωγίας

2329 1435 2622 1507 ’Ἐχθιστον
2658 1431 2810 1493 ἔθνος
2840 1426 3062 1489 Ἰταλῶν
3100 1430 3428 1505 μιαιφόνων.

2153 1532 2296 1587 7165
2333 1529 2521 1602 Ἔδοξε
2552 1527 2609 1584 δὲ
2635 1532 2781 1607 σφῶν
2816 1529 3137 1604 ’προκρίτοις
3167 1524 3561 1601 στρατηγέταις

2336 1621 2453 1689 Ἑᾷν
2488 1615 2735 1693 ἀπαίρειν
2763 1616 2964 1678 πάντας
2995 1615 3053 1671 ἐκ
3084 1611 3411 1683 Βυζαντίδος

2332 1710 2429 1770 Οἷς
2456 1705 2560 1776 ἡδὺ
2589 1707 2676 1760 καὶ
2710 1706 2991 1781 ’πρόθυμον
3020 1704 3086 1772 ἦν
3121 1703 3335 1773 ἐξιέναι.

2078 1824 2125 1895 Β
2338 1795 2583 1867 Ἐξῄεσαν
2619 1792 2707 1849 οὖν
2740 1792 2875 1848 κατὰ
2902 1790 3246 1867 χιλιοστύας,

2338 1882 2581 1957 Οἷκτροί,
2610 1887 2893 1959 κατηφεῖς,
2923 1881 3138 1957 ῥακίοις
3174 1878 3483 1952 είλημένοι,

2160 1985 2301 2039 7170
2339 1979 2543 2053 Α’ίμασι
2580 1977 2790 2053 μᾶλλον
2820 1974 2855 2048 ἢ
2890 1974 3167 2052 δάκρυσιν,
3198 1976 3273 2038 ὡς
3305 1975 3494 2050 λόγος,

2338 2068 2633 2129 Κλαίοντες
2661 2068 2810 2122 οὗτοι
2837 2072 2933 2135 τῆς
2963 2062 3259 2133 ἐνεστώσης
3289 2064 3486 2140 τύχης,

2338 2158 2404 2214 Οἱ
2438 2155 2482 2210 δ’
2516 2152 2727 2226 Ιταλοὶ,
2757 2158 2853 2232 φεῦ
2889 2154 3190 2228 ὑπεροψίας
3219 2150 3385 2221 τόσης
3414 2152 3427 2207 l

2338 2248 2428 2308 Ὠς
2460 2245 2512 2299 εἴ
2534 2267 2594 2318 γε
2623 2242 2988 2319 τετράκλιμον
3022 2236 3269 2316 ἴσχοντες
3299 2238 3498 2311 κτίσιν,

2336 2337 2402 2390 Ἠ
2432 2334 2521 2389 καὶ
2558 2331 2801 2407 βασιλεῖς
2830 2330 3218 2407 ἐγκαθεστῶτες
3246 2329 3389 2404 τάχα

2160 2425 2303 2478 7175
2341 2419 2617 2477 Βασιλέων
2651 2414 2865 2473 πάντων
2898 2434 2959 2493 γε
2986 2419 3077 2472 τὸν
3112 2415 3197 2471 ἐπὶ
3235 2417 3428 2490 χθόνα,

2342 2510 2537 2570 Αύτοῖς
2568 2506 2773 2563 διεῖλον
2806 2507 2983 2584 σφίσιν
3010 2508 3109 2574 τὴν
3142 2504 3494 2579 οἰκουμένην,

2340 2599 2553 2673 Χώρας,
2586 2594 2777 2657 πόλεις
2804 2593 3026 2657 ἕκαστος
3060 2595 3134 2656 εἷς
3161 2593 3505 2670 κληρουχίαν

2341 2688 2441 2743 Καὶ
2474 2684 2787 2741 δεσποτείαν
2819 2678 3191 2757 λαμϐάνοντες
3224 2681 3275 2737 έν
3310 2682 3523 2757 λόγοις.

2342 2773 2629 2830 Βενετίκων
2660 2768 2811 2844 δόξαν
2847 2770 2903 2827 δὲ
2934 2770 3088 2827 δουκῖ
3121 2768 3433 2845 Δανδούλῳ,

2163 2867 2303 2923 7180
2342 2868 2508 2937 Πηρῷ
2540 2862 2635 2935 μὶν
2667 2858 2818 2935 ἀνδρὶ
2850 2860 2946 2923 τὰς
2976 2860 3141 2933 κόρας
3170 2864 3275 2913 τῶν
3310 2859 3595 2931 ὀμμάτων,

2340 2952 2480 3012 Νοὸς
2514 2950 2705 3025 φρένας
2739 2946 2795 3003 δὲ
2825 2948 2915 3002 καὶ
2948 2946 3067 3003 λίαν
3098 2947 3417 3024 ἐρρωμένῳ,

2340 3040 2521 3117 Ψήφῳ
2549 3037 2862 3115 κρατάρχην
2896 3037 3184 3112 ἐκλεγῆναι
3220 3036 3488 3107 Λατίνων,

2340 3130 2441 3184 Ἕκ
2466 3149 2523 3183 τε
2554 3127 2930 3202 Φραγγίσκων,
2964 3122 3280 3194 Βενετίκων,
3317 3121 3667 3199 Λαμπάρδων

2086 3192 2129 3258 C
2346 3192 2732 3292 ’EmAsyév'ts'c'
2748 3192 2983 3289 εὐγενεῖς
3013 3192 3337 3292 ψηφηφόροι

2167 3318 2309 3372 7185
2349 3315 2440 3375 Εἷς
2472 3312 2669 3368 ἄνακτα
2700 3312 2916 3388 χρίουσι
2946 3316 3044 3377 τῆς
3079 3312 3482 3367 Κωνσταντίνου

2347 3399 2678 3459 Βαλδουῖνον
2713 3400 2927 3473 κόμητα
2953 3398 3139 3476 χώρας
3170 3405 3272 3465 τῆς
3304 3398 3611 3475 Φλάντρας,

2345 3487 2573 3546 Νεανίαν
2603 3488 2918 3552 κάλλιστον,
2952 3490 3151 3561 ὡραῖον
3187 3486 3364 3563 φύσει,

2348 3573 2659 3647 Φιλευσοϐἧ
2691 3599 2748 3632 τε
2768 3577 2859 3632 καὶ
2891 3576 3250 3656 φιλόχριστον
3285 3568 3428 3649 λίαν,

2348 3668 2549 3742 Πραὺν,
2582 3665 2795 3741 ἱλαρὸν,
2828 3666 3268 3742 σωφρονέστατον
3306 3665 3455 3739 μάλα

2167 3759 2310 3815 7190
2352 3750 2559 3830 Μερῖδα
2588 3755 2677 3810 καὶ
2712 3744 2973 3827 μέλλοντι
3007 3744 3224 3809 διδόντα
3260 3754 3381 3830 βίῳ,

2344 3843 2581 3902 Ηολλῶν
2611 3848 2835 3917 ταμεῖον
2868 3844 3070 3919 ἀρετῶν
3106 3832 3426 3914 θεοσδότων,

2345 3934 2579 3993 Μάλιστ’
2610 3935 2838 4012 ἒραστήν
2870 3930 3222 4012 σωφροσύνης
3241 3934 3329 3989 καὶ
3358 3930 3534 4005 δίκης,

2344 4027 2432 4087 Ὠς
2468 4020 2582 4100 εἶχε
2614 4020 2695 4086 δὶς
2725 4025 2938 4098 κήρυκα
2963 4031 3062 4092 τῆς
3094 4012 3399 4095 ἑϐδομάδος

2346 4115 2515 4190 Τορὸν
2553 4108 2769 4189 βοῶντα
2802 4114 2875 4185 μὴ
2901 4108 3177 4176 καθεύδειν
3214 4110 3419 4185 μηδένα

2167 4206 2309 4260 7195
2345 4207 2466 4260 Τῶν
2508 4198 2795 4278 βασιλείων
2830 4198 3038 4265 ἔνδοθεν
3072 4197 3186 4256 καθ’
3212 4201 3436 4277 ἑσπέραν

2343 4291 2527 4362 Μηδὲν
2560 4292 2787 4363 νομίμῳ
2815 4291 3026 4365 γυναικὶ
3064 4289 3431 4363 συνημμένον,

2344 4381 2526 4454 Πόρνῃ
2561 4377 2605 4433 δ’
2638 4378 2883 4452 ἀθέσμως
2915 4373 3179 4452 συμϐιοῦν
3212 4376 3508 4454 ᾑρημένον.

2343 4472 2441 4525 Ἦν
2473 4468 2563 4522 καὶ
2595 4466 2764 4545 φύλαξ
2796 4466 2979 4541 νόμων
3013 4488 3069 4521 τε
3100 4464 3257 4536 δίκης
3286 4468 3335 4520 τ’
3364 4464 3589 4538 ἐννόμου

2093 4552 2138 4619 D
2348 4556 2565 4611 Γυναικὶ
2595 4561 2892 4630 προσσχεῖν
2927 4555 2987 4609 οὐ
3023 4553 3258 4625 Θελήσας
3292 4552 3536 4615 οὐδόλως

2165 4659 2306 4711 7200
2344 4651 2486 4723 Μηδ⁹
2517 4649 2576 4707 ἃν
2613 4652 2775 4727 μέχρι
2806 4652 3127 4726 βλέμματος
3158 4652 3395 4725 ἐμπαΘεῖ
3424 4652 3517 4721 θέᾳ

2339 4744 2503 4799 "anv
2535 4762 2633 4816 περ
2664 4738 2805 4809 ἀπῆν
2839 4748 2939 4810 τῆς
2974 4738 3227 4795 συνεύνου
3257 4741 3349 4794 τὸν
3382 4738 3603 4814 χρόνον.

2342 4830 2706 4905 Αὐτοκράτωρ
2739 4825 2830 4883 οὖν
2862 4825 3224 4903 ἀναδειχθεὶς,
3260 4830 3333 4889 ὡς
3364 4822 3520 4903 ἔφην,

2344 4918 2575 4989 Ἐξεισιν
2608 4918 2718 4971 εἶτα
2746 4918 2881 4991 πρὸς
2917 4916 3056 4992 μέρη
3084 4923 3184 4985 τῆς
3218 4916 3466 4991 ἑσπέρας.

2497 5006 2570 5089 ᾡς
2601 5000 2884 5079 κρατήσων
2911 5001 3083 5059 τῶνδε
3111 5011 3210 5073 τῆς
3244 5003 3433 5078 μάχης
3460 5004 3638 5076 νόμῳ,

2088 5128 2090 5130 τ
2169 5098 2312 5152 7205
2348 5085 2504 5150 Ἀλλ’
2528 5085 2619 5148 Ἵνα
2647 5097 2864 5170 γνωσθῇ
2901 5089 3155 5168 βασιλεὺς
3187 5091 3559 5168 αὐτοκράτωρ,

2349 5183 2453 5239 Καὶ
2481 5180 2831 5259 προσκυνηθῇ
2860 5186 2988 5235 πᾶσι
3020 5186 3136 5243 τοῖς
3164 5179 3446 5251 ὑπηκόοις.

2347 5274 2501 5326 Ταῦτ’
2535 5273 2637 5347 ἄρα
2657 5270 2837 5346 τάγμα
2865 5272 3210 5344 στρατιωτῶν
3241 5262 3491 5325 Αύσόνων

2352 5364 2467 5413 Δεῖν
2497 5356 2596 5413 οὐκ
2624 5346 2797 5433 ἔκρινε
2826 5352 3234 5433 προσλαϐέσθαι
3269 5355 3511 5418 συνόλως
3545 5374 3557 5387 ·

2353 5448 2446 5509 Εἷς
2477 5445 2765 5521 Ἀδριανοῦ
2794 5450 2892 5515 τήν
2921 5444 3082 5500 πόλιν
3118 5442 3163 5499 δ’
3193 5445 3513 5520 ἀφιγμένος,

2175 5540 2320 5594 7210
2356 5534 2453 5589 Kal
2478 5536 2577 5603 τήν
2613 5533 2899 5589 Φιλίππού
2929 5532 3196 5606 Θρᾳκικάς
3226 5533 3269 5584 τ’
3307 5529 3483 5592 ἄλλα(
3512 5529 3731 5601 πόλεις,

2358 5623 2460 5681 Καὶ
2489 5620 2673 5678 ταῖσδε
2704 5621 2941 5699 φρουρὰν
2971 5615 3226 5694 ἐμϐαλὼν
3257 5619 3319 5674 ix
3346 5620 3616 5689 Λατίνων,
