4138 6296
330 395 430 451 269

507 513 904 587 Θεσσαλονίκην
936 513 1330 589 καταλαμϐάνει
1361 518 1544 573 πόλιν-

511 604 614 660 Καὶ
646 604 751 665 πὰς
781 605 809 658 ὁ
848 604 978 665 λαὸς
1013 606 1323 680 ἐκχτθέντες
1348 606 1616 678 ἀσμένως,

508 692 658 747 Μετὰ
684 692 893 767 κρότων
928 693 1088 748 αἰνῶν
1119 715 1195 765 τε,
1229 699 1421 772 φωνῶν
1452 694 1638 748 αἰσίων

325 785 474 837 ’7215
512 780 721 842 Αὑτούς
744 801 802 835 τε
832 780 1148 856 παρέδωκαν
1179 785 1293 856 ἅμα
1321 785 1410 837 καὶ
1442 781 1602 837 πόλιν

524 871 745 923 ’Λνακτι
772 868 912 940 τῷδε
937 869 1257 943 Βαλδουίνῳ
1290 871 1635 947 προφρόνως·

515 956 578 1012 Οἵ
609 959 693 1012 καὶ
717 957 1091 1013 καθικέτευσαν
1119 960 1276 1014 αὐτὸν
1305 961 1596 1029 συντόνως,

512 1048 659 1115 Μήτ’
689 1046 846 1102 αὐτὸν
879 1050 1184 1123 στράτευμα
1212 1049 1502 1124 παρελθεῖν
1534 1045 1637 1102 ἔσω

510 1136 915 1205 Θεσσαλονίκης
943 1136 1167 1207 ἀξιῶσαι
1194 1158 1448 1212 τειχεων·

334 1236 474 1289 7220
510 1235 577 1289 Ὃ
605 1234 693 1288 καὶ
726 1230 998 1308 δεδρακὼς
1030 1231 1269 1307 εὐμενῶς
1300 1233 1646 1307 Βαλδουὶνος,

510 1322 678 1386 Αὖθις
708 1322 1138 1398 καθυπέστρεψεν
1175 1325 1250 1387 εἷς
1283 1322 1600 1393 Βυζαντίδα’

511 1412 613 1468 Καὶ
646 1410 923 1467 σπένδεταί
953 1434 1013 1489 γε
1044 1412 1353 1469 Δανδούλου
1383 1412 1693 1487 συμϐουλίᾳ

511 1506 603 1572 Τῷ
632 1503 760 1574 πρὶν
789 1498 857 1554 δι’
888 1500 1093 1576 ἔχθρας
1118 1504 1448 1577 τυγχάνοντι
1480 1504 1568 1557 καὶ
1603 1502 1787 1576 μάχης

511 1588 655 1657 ’Έξω
681 1584 1015 1664 διατρίϐοντι
1045 1595 1122 1662 τῷ
1159 1592 1452 1666 μαρκεσίῳ·

328 1679 476 1732 7225
512 1678 702 1739 "Ome;
731 1676 966 1738 ἀποστὰς
987 1676 1383 1753 Διδυμοτείχου
1411 1677 1584 1733 θέλων

511 1764 823 1841 ,Εφίσταται
853 1766 1086 1839 τάχιστα
1116 1764 1502 1839 Θεσσαλονίκῂ,

519 1852 623 1909 Καὶ
656 1854 753 1922 τὴν
785 1853 945 1909 πόλιν
974 1854 1165 1909 εἷ’σεισε
1193 1855 1394 1924 ταύτην
1422 1856 1678 1929 ἀμάχως,

517 1941 618 1994 Καὶ
649 1940 933 2013 ζημιώσας
960 1944 1089 2005 τοὺς
1118 1942 1348 2005 πολίτας
1380 1941 1583 2004 ἀδίκως

517 2028 612 2086 Εἲς
640 2032 901 2103 χρήματά
928 2050 987 2085 τε
1014 2033 1101 2087 καὶ
1133 2029 1426 2110 τιμαλφεῖς
1449 2030 1642 2100 οἰκίας,

322 2121 478 2175 7230
517 2120 731 2194 Μαρίαν
755 2120 907 2197 ἀφεὶς
936 2123 1034 2191 τὴν
1066 2124 1314 2178 σύνευνον
1347 2122 1533 2187 αὐτόθι

512 2208 622 2274 Τὴν
655 2209 909 2282 κρέτορος
938 2210 1062 2285 πρὶν
1092 2212 1331 2285 γαμετὴν
1362 2209 1620 2280 Ἰσακίου,

510 2298 751 2359 Ἐκεῖθεν
783 2295 1066 2370 ἐξώρμησε
1092 2298 1358 2373 τάγμασιν
1392 2301 1523 2372 ἅμα,

512 2388 623 2438 Καῖ
655 2384 744 2444 τὰς
772 2384 961 2448 πόλεις
998 2386 1231 2460 μέτεισιν
1261 2389 1356 2449 τὰς
1387 2388 1520 2462 πρὸς
1550 2386 1791 2461 ἑσπέραν.

516 2471 722 2547 Σὲρρας
754 2478 1124 2548 παρεστήσατο
1151 2476 1249 2543 σὴν
1280 2478 1348 2548 τῇ
1372 2474 1603 2551 Βερῥοίᾳ

339 2571 481 2623 7235
524 2572 723 2640 Κρατεῖ
752 2571 1020 2645 Λαρίσσης
1048 2570 1315 2634 Ἑλλάδος
1346 2593 1403 2625 τε
1432 2576 1531 2636 τῆς
1560 2569 1720 2642 ὅλης,

508 2656 667 2732 Αἱρεῖ
693 2676 753 2712 τε
780 2661 876 2728 τήν
910 2660 1193 2729 Πέλοπος,
1224 2656 1398 2722 ἄλλας
1427 2662 1490 2714 αὖ
1521 2660 1685 2714 πάλιν

506 2746 875 2820 Συγκειμὲνας
906 2747 1141 2823 ἄγχιστα
1172 2750 1359 2823 χώρας
1387 2750 1476 2803 καὶ
1506 2748 1719 2811 πόλεις·

503 2834 604 2887 Καὶ
634 2840 737 2888 πᾶν
768 2856 827 2911 γε
862 2842 1058 2911 μικροῦ
1085 2838 1149 2892 τὸ
1170 2830 1305 2914 πρὸς
1334 2837 1559 2911 ἑσπέραν
1583 2835 1758 2909 κλίμα

505 2922 719 2977 Αοῦλον
746 2928 1121 2999 παρεστήσατο
1154 2928 1394 2982 Λατίνων
1426 2928 1631 3001 κράτει,

315 3013 469 3066 7240
510 3011 609 3064 Καὶ
643 3011 974 3075 Βαλδουῖνος
1005 3013 1056 3068 ἐν
1087 3015 1246 3070 πόλει
1277 3010 1569 3088 διατρίϐων

505 3099 794 3178 Πέπομφεν
820 3102 1021 3178 Ἐῥρῆν
1052 3102 1313 3179 σύγγονον
1344 3104 1480 3176 πρὸς
1502 3106 1634 3159 “Em.

504 3188 602 3241 Καὶ
638 3191 840 3264 [Ιέτρου
870 3188 1040 3266 ἄνδρα
1068 3189 1316 3265 γεννάδα,
1350 3190 1636 3266 ῥωμαλέον

501 3275 770 3345 Ἡρωϊκόν
797 3297 856 3331 τε
879 3278 978 3345 τήν
1013 3279 1149 3355 φυὴν
1180 3279 1271 3333 καὶ
1300 3278 1364 3331 τὸ
1395 3276 1597 3341 σθένος·

501 3364 625 3439 Ἀφ’
652 3365 726 3417 ὧν
753 3364 955 3439 Ἐῥρἦς
989 3367 1083 3440 μὶν
1115 3362 1447 3440 προσλαϐὼν
1482 3366 1799 3442 συμμαχίαν

300 3463 467 3516 7245
505 3460 592 3530 Ἐξ
623 3462 926 3536 Ἀρμενίων
957 3468 1065 3519 τῶν
1087 3462 1304 3519 ἐνοίκων
1331 3462 1590 3540 Τρωάδος

498 3550 692 3623 Χώρας
722 3549 935 3619 ἐκάκου,
966 3554 1240 3628 κατέκειρε
1266 3554 1357 3607 καὶ
1386 3551 1576 3615 πόλεις

506 3635 580 3689 At
612 3635 780 3708 μηδὲν
814 3639 1117 3695 ὖπέκυπτον
1148 3639 1373 3695 Ἰταλῶν
1403 3640 1609 3716 κράτει”

505 3725 606 3778 Διὰ
634 3723 693 3781 δὲ
712 3732 931 3799 τεμπῶν
962 3730 1047 3783 καὶ
1078 3734 1273 3784 στενῶν
1301 3734 1411 3784 τῶν
1434 3734 1537 3798 τῆς
1567 3727 1716 3799 Ἴδης

501 3814 597 3875 Εἰς
623 3815 723 3883 τὴν
757 3814 1039 3881 ’Πετίωνος
1066 3820 1331 3895 πὲφθακεν
1353 3817 1538 3873 πόλιν

299 3906 468 3960 7250
505 3902 594 3972 Ἐξ
626 3905 810 3966 ἄστεος
838 3906 1041 3977 Πέτρος
1072 3904 1130 3960 δὲ
1161 3908 1356 3982 Πηγῶν
1389 3906 1593 3983 ἀπάρας

505 3992 623 4058 ’ῌει
650 3992 787 4067 πρὸς
816 3991 1091 4049 Λοπάδιον
1118 3995 1357 4071 εὐχερῶς
1388 3992 1575 4051 πόλιν

508 4081 577 4156 ᾯ
607 4080 733 4153 πρὶν
764 4081 1019 4152 ἀπήντων
1052 4084 1353 4157 Ῥωμαϊκαὶ
1382 4082 1637 4157 δυνάμεις

506 4167 791 4244 Θεοδώρνυ
821 4171 1059 4246 Λᾶσκαρι
1087 4174 1400 4249 κρατάρχου
1423 4174 1545 4229 τότε

504 4257 603 4320 Εἷς
619 4258 923 4334 ἀντίμαχον
956 4260 1014 4315 εὖ
1048 4264 1234 4336 μάχην
1262 4263 1622 4335 ὡπλισμένοι,

311 4349 467 4404 7255
504 4348 592 4401 Ἐν
631 4350 963 4421 [Ιοιμανηνῷ
993 4352 1190 4426 χωρίῳ
1218 4350 1561 4424 κεκλημένῳ.

501 4435 631 4490 Εἶτα
664 4435 905 4490 Λατίνων
936 4437 1033 4492 οὐκ
1058 4437 1361 4511 ἐνεγκοῦσαι
1393 4438 1579 4503 σθένος

506 4526 750 4600 ’ᾩχοντο
778 4526 971 4579 λοιπὸν
1002 4528 1081 4588 εἰς
1102 4528 1276 4604 φυγὴν
1296 4527 1681 4603 τετραμμέναν

510 4612 709 4685 Κρατεῖ
740 4609 798 4665 δὲ
828 4614 1028 4687 Πέτρος
1052 4616 1293 4689 εὐχερῶς
1322 4614 1618 4687 Λοπαδίου,

513 4700 608 4755 Ἐκ
636 4699 889 4773 γειτόνων
922 4700 1109 4757 ἄλλων
1144 4723 1204 4756 τε
1227 4701 1435 4757 λοιπῶν
1468 4704 1691 4759 ἀστέων.

315 4790 482 4846 7260
522 4789 672 4842 Ἐπεὶ
696 4786 753 4843 δὲ
780 4787 1108 4866 προσϐάλειε
1132 4791 1220 4847 καὶ
1251 4791 1463 4868 Προύσῃ
1490 4792 1650 4848 πόλει

514 4876 830 4947 Ἀνηνύτοις
860 4876 1085 4956 ἔγνωκεν
1117 4880 1388 4957 ἐγχειρεῖν
1427 4882 1621 4953 μάτηνο

516 4967 842 5031 Μεθίσταται
872 4973 1002 5043 γοῦν
1034 4968 1351 5025 καταλιπὼν
1379 4970 1477 5036 τὴν
1510 4968 1695 5025 πόλιν.

514 5057 840 5129 Προυσαίοις
868 5056 916 5112 δ’
942 5057 1033 5113 ἴσα
1060 5059 1150 5114 καὶ
1186 5056 1538 5134 Φιλαδὲλφου
1568 5055 1732 5118 πόλις

517 5143 779 5209 Δουλείας
798 5145 1079 5209 ἀνάλωτος
1106 5145 1327 5205 Ἰταλῶν
1356 5145 1528 5220 μένει·

319 5246 481 5301 7265
518 5242 797 5316 Θεόδωρος
825 5246 929 5323 γὰρ
960 5252 1252 5325 Μαγκαφᾶς
1282 5268 1364 5309 τις
1394 5242 1695 5315 τοῦπίκλην

517 5334 759 5397 ’Λνωθεν
788 5334 976 5410 αὐχῶν
1006 5334 1136 5389 ἄστυ
1164 5332 1400 5410 πατρίδα
1424 5331 1569 5403 τόδε,

718 5421 955 5497 συνᾶψας
986 5429 1232 5479 Λατινων
1260 5424 1421 5499 ἀρχῷ
1456 5426 1643 5498 μάχην

512 5512 606 5565 ’Ἐν
635 5532 743 5566 τινι
775 5513 952 5588 χώρῳ
972 5517 1054 5583 τῷ
1082 5514 1215 5587 πρὸς
1244 5512 1651 5587 “²Δτραμυττίῳ,

513 5599 688 5661 Αὐτὸς
722 5601 894 5673 μόρον
924 5601 1158 5677 πέφευγε
1184 5601 1280 5655 τὸν
1307 5600 1370 5654 ἐκ
1394 5604 1490 5654 τοῦ
1512 5599 1718 5676 ξίφους,

327 5687 487 5741 7270
520 5685 686 5745 Οὐδὲν
712 5687 774 5745 δὲ
798 5692 955 5764 μεῖον
985 5688 1077 5746 καὶ
1102 5689 1263 5752 πόλις
1292 5689 1529 5760 ἆνωτέρα

1839 397 2199 452 ΟΛΕΒΔΒΕΒ.

2001 534 2057 598 Α
2088 516 2557 571 Thessalonicam
2590 520 2791 587 postea
2820 515 3110 570 concessit
3140 530 3153 568 :

2084 606 2254 674 cujus
2287 606 2475 659 omnis
2508 606 2738 659 obviam
2771 604 3024 675 populus
3057 602 3319 657 hilariter

2084 709 2214 747 cum
2250 693 2555 764 plausibus
2590 693 2873 764 processit
2900 697 2959 747 et
2987 690 3458 756 laudationibus;

2085 797 2265 851 seque
2294 780 2543 836 libenter
2572 781 2849 836 Balduino
2882 781 3001 851 regi

2086 884 2217 921 cum
2251 868 2483 923 civitate
2514 868 2850 924 obtulerunt
2882 868 3172 936 subditos,

2084 960 2282 1010 tamen
2315 957 2502 1011 enixis
2540 957 2812 1027 precibus
2846 960 3127 1027 rogarunt

2085 1049 2152 1098 ut
2180 1044 2305 1114 ipse
2336 1047 2554 1114 pariter
2582 1046 2827 1115 ejusque
2855 1045 3143 1099 exercitus

2085 1140 2247 1193 urbis
2282 1141 2521 1196 introitu
2557 1140 2771 1195 vellent
2798 1141 3091 1196 abstinere
3124 1158 3137 1195 :

2084 1227 2143 1280 id
2176 1229 2331 1297 quod
2365 1228 2683 1283 clementer
2716 1228 3035 1284 Balduinus
3068 1228 3295 1295 annuit,

2086 1331 2335 1387 moxque
2368 1334 2428 1371 se
2460 1318 2641 1372 redux
2672 1318 2919 1372 contulit
2949 1316 3308 1389 Byzantium.

2084 1412 2225 1465 Exin
2260 1415 2669 1485 obtemperans
2702 1414 2952 1469 Danduli
2983 1414 3243 1469 consiliis

2084 1501 2492 1557 reconciliatur
2520 1502 2838 1557 Marchioni
2871 1504 3015 1557 irato

2084 1589 2201 1643 imo
2235 1606 2361 1644 cum
2394 1592 2575 1645 armis
2609 1591 2811 1662 procul
2842 1592 2986 1645 urbe
3013 1592 3193 1646 stanti
3230 1608 3243 1646 :

2084 1677 2181 1748 qui
2217 1679 2412 1733 statim
2447 1678 2634 1735 libens
2668 1680 3068 1751 Didymoticho
3098 1680 3335 1736 veniens

2083 1765 2558 1822 Thessalonicam
2587 1766 2835 1823 contulit
2863 1784 2927 1823 se
2960 1769 3015 1823 in
3048 1770 3252 1824 urbem

2000 1882 2051 1948 Β
2082 1870 2329 1926 eamque
2361 1856 2521 1911 nullo
2553 1858 2860 1948 resistente
2890 1857 3143 1912 obtinuit
3175 1874 3188 1911 :

2087 1943 2257 2013 cujus
2287 1943 2508 2014 injusta
2534 1942 2719 2000 multa
2748 1946 2941 2001 affecit
2970 1946 3144 2000 nives.

2085 2032 2332 2102 pecunia
2362 2036 2418 2087 et
2449 2034 2722 2089 domibus
2752 2049 2971 2089 exuens
3004 2034 3333 2106 pmcipuis.

2084 2119 2169 2173 Ibi
2201 2120 2404 2175 relicta
2433 2123 2680 2193 conjuge
2712 2121 2911 2189 Maria,

2084 2225 2215 2280 quas
2244 2209 2485 2265 Caesaris
2518 2210 2684 2265 Isacii
2711 2212 2833 2281 jam
2869 2222 3012 2265 uxor
3042 2212 3252 2277 fuerat,

2084 2298 2217 2353 inde
2250 2300 2524 2355 discessit
2554 2301 2867 2357 comitante
2898 2300 3175 2367 exercitu,

2082 2402 2271 2452 terras
2304 2415 2649 2468 percurrens
2681 2399 2751 2453 ad
2785 2398 3154 2455 Occidentem
3189 2399 3428 2470 positas.

2081 2486 2264 2542 Serris
2299 2488 2517 2557 potitus
2547 2490 2651 2552 est,
2690 2504 2793 2542 nec
2824 2500 2939 2542 non
2971 2487 3261 2541 Berrhcea.

2084 2575 2367 2630 Larissam
2401 2574 2722 2646 occupavit,
2757 2578 3058 2647 totamque
3090 2576 3401 2645 Helladem,

2080 2663 2217 2717 item
2254 2662 2736 2732 PeIOponnesum,
2766 2668 2824 2718 et
2854 2662 2997 2719 alias
3030 2678 3234 2720 rursus

2082 2750 2239 2805 hisce
2269 2752 2527 2805 conﬁnes
2561 2752 2735 2806 urbes
2767 2757 2822 2805 et
2854 2751 3184 2822 provincias
3220 2770 3232 2807 :

2080 2842 2470 2908 cunctamque
2504 2854 2647 2909 pene
2680 2839 2971 2909 regionem
3004 2840 3304 2894 occiduam

2080 2926 2375 2981 subditam
2411 2925 2545 2980 fecit
2575 2924 2913 2982 Latinorum
2944 2928 3209 2999 imperio.

2078 3014 2315 3068 Interim
2352 3013 2673 3073 Balduinus
2704 3015 2762 3069 in
2795 3016 2938 3070 urbe
2970 3016 3234 3071 residens

2078 3102 2314 3156 fratrem
2346 3102 2611 3158 Erricum
2643 3103 2714 3157 ad
2741 3102 3030 3159 Orientem
3066 3105 3229 3159 misit

2080 3206 2212 3244 cum
2243 3194 2409 3246 Petro
2442 3191 2595 3258 forti,
2628 3190 3004 3263 magnanimo
3034 3192 3180 3261 viro,

2078 3277 2325 3333 heroicis
2360 3277 2603 3350 praedito
2636 3279 2857 3335 viribus
2889 3285 2947 3335 et
2976 3282 3222 3336 statura.

2071 3367 2302 3421 Erricus
2330 3366 2562 3437 quidem
2596 3366 2903 3423 roboratus
2936 3368 3152 3424 auxilio

2070 3456 2468 3510 Armeniorum
2500 3456 2740 3511 Troadis
2772 3456 3121 3522 incolarum,

2070 3548 2255 3598 terras
2287 3546 2572 3607 vastabat,
2607 3546 2782 3600 urbes
2812 3546 3147 3616 diripiebat,

2071 3647 2431 3702 quaecunque
2465 3632 2619 3686 [talis
2651 3635 2943 3703 negabant
2972 3635 3342 3705 obsequium.

2071 3728 2215 3783 Dein
2246 3744 2347 3798 per
2379 3728 2489 3782 Idae
2520 3730 2740 3784 montis
2772 3736 3051 3801 angustas
3083 3733 3280 3788 fauces

2072 3817 2144 3871 ad
2174 3817 2419 3871 )Etionis
2448 3816 2653 3871 urbem
2685 3818 2773 3871 est
2807 3835 3171 3889 progressus.

2072 3905 2152 3960 De
2185 3905 2350 3975 Pegis
2385 3910 2573 3959 autem
2604 3902 2746 3959 urbe
2776 3906 3095 3975 procedens
3126 3908 3324 3963 Petrus

2073 3993 2277 4047 itinere
2310 3993 2581 4063 pergebat
2610 3992 2926 4064 Lopadium
2965 3993 3138 4062 i‘acill,

2075 4082 2175 4136 ubi
2207 4082 2497 4135 Romanas
2530 4082 2785 4151 primum
2818 4079 3061 4137 offendit
3085 4081 3235 4138 vires

2076 4171 2185 4225 sub
2215 4169 2512 4224 Theodoro
2543 4167 2802 4240 principe
2830 4174 3111 4225 Lascareo

2076 4260 2147 4313 ad
2178 4258 2597 4312 decertandum
2632 4258 2949 4313 instructas
2978 4260 3208 4332 egregie

2078 4347 2236 4401 haud
2270 4345 2469 4416 procul
2504 4346 2715 4417 Oppido
2745 4348 3094 4402 Poemaneno
3127 4349 3303 4405 dicto.

2078 4435 2172 4489 Hae
2202 4439 2396 4489 tamen
2429 4434 2622 4489 robori
2655 4435 2987 4490 Latinorum
3018 4436 3275 4508 impares

2080 4523 2287 4579 castris
2318 4527 2499 4577 exutae
2524 4523 2585 4576 in
2619 4523 2816 4593 fugam
2848 4541 2911 4579 se
2942 4524 3230 4579 dederunt
3264 4541 3276 4580 :

2004 4601 2049 4664 D
2086 4613 2407 4682 Petrusque
2439 4611 2603 4666 facile
2635 4612 2854 4681 potitur
2882 4610 3158 4683 Lopadio,

2087 4706 2259 4772 atque
2290 4700 2427 4754 huic
2458 4699 2742 4769 proximis
2773 4699 2905 4755 aliis
2934 4701 3288 4757 civitatibus.

2085 4800 2195 4854 Sed
2224 4814 2355 4852 cum
2391 4797 2739 4852 Prusensem
2772 4810 3005 4868 quoque
3043 4802 3328 4854 tentasset
3357 4801 3585 4874 urbem,

2088 4887 2310 4942 irritam
2344 4885 2504 4939 novit
2533 4884 2733 4939 ludere
2763 4898 2824 4939 se
2855 4900 3125 4955 operam;

2089 4974 2218 5029 urbi
2250 4973 2530 5029 molestus
2561 4988 2667 5028 nec
2696 4974 2804 5028 fuit
2833 4972 3076 5029 diutius.

2089 5062 2319 5120 mmula
2350 5062 2541 5117 Prusae
2574 5059 2939 5134 Philadelphi
2969 5063 3176 5119 civitas

2094 5152 2303 5207 Latinae
2334 5151 2597 5205 servituti
2630 5151 2786 5206 haud
2820 5152 3137 5223 subjacuit.

2090 5242 2229 5296 Eam
2262 5240 2607 5295 Theodorus
2639 5240 2992 5312 Mancaphas
3022 5244 3369 5314 cognomine

2093 5328 2321 5403 generis
2352 5329 2592 5400 stirpem
2624 5330 2697 5384 ab
2730 5329 2838 5384 hac
2868 5330 3012 5385 urbe
3042 5337 3313 5401 repetens

2094 5434 2292 5490 pugna
2316 5421 2581 5472 conserta
2612 5432 2746 5472 cum
2778 5417 2983 5472 Latino
3014 5419 3209 5473 Errico

2095 5506 2349 5577 quodam
2381 5505 2438 5558 in
2472 5504 2596 5559 loco
2626 5504 2783 5559 haud
2814 5504 3015 5575 procul
3046 5508 3415 5577 Atramyttio,

2099 5594 2224 5665 ipse
2251 5593 2344 5647 vix
2375 5591 2611 5661 quidem
2646 5606 2845 5648 necem
2874 5592 3129 5659 evitavit,

2097 5680 2278 5738 nihilo
2309 5684 2505 5735 tamen
2539 5680 2737 5734 minus
2765 5680 2894 5750 ipsa
2922 5680 3134 5735 civitas

3620 391 3728 444 270
