  <div class='ocr_page' id='page_1' title='image "/cluster/home/n/w/nwhite01/storage/ocr_20150623/143/mdp.39015078384784/143.png"; bbox 0 0 4138 6296; ppageno 0'>
   <div class='ocr_carea' id='block_1_1' title="bbox 457 387 2091 450">
    <p class='ocr_par' dir='ltr' id='par_1_1' title="bbox 457 391 2091 450">
     <span class='ocr_line' id='line_1_1' title="bbox 457 391 2091 450; baseline -0.006 0"><span class='ocrx_word' id='word_1_1' title='bbox 457 396 559 450; x_wconf 85' lang='grc'>271</span> <span class='ocrx_word' id='word_1_2' title='bbox 1659 391 2035 444; x_wconf 71' lang='grc' dir='ltr'>ΕΡΗΒΕΜΙΙ</span> <span class='ocrx_word' id='word_1_3' title='bbox 2085 396 2091 432; x_wconf 73' lang='lat' dir='ltr'>l</span> 
     </span>
    </p>
   </div>
   <div class='ocr_carea' id='block_1_2' title="bbox 1014 387 2648 450">
    <p class='ocr_par' dir='ltr' id='par_1_2' title="bbox 1659 387 2648 444">
     <span class='ocr_line' id='line_1_2' title="bbox 1659 387 2648 444; baseline -0.001 0"><span class='ocrx_word' id='word_1_4' title='bbox 1659 391 2035 444; x_wconf 68' lang='lat' dir='ltr'>EPHREMII</span> <span class='ocrx_word' id='word_1_5' title='bbox 2085 387 2648 443; x_wconf 85' lang='lat' dir='ltr'>CHRONOGRAPHI</span> 
     </span>
    </p>
   </div>
   <div class='ocr_carea' id='block_1_3' title="bbox 460 512 1578 573">
    <p class='ocr_par' dir='ltr' id='par_1_3' title="bbox 460 512 1578 573">
     <span class='ocr_line' id='line_1_3' title="bbox 460 512 1578 573; baseline -0.007 0"><span class='ocrx_word' id='word_1_6' title='bbox 460 516 665 573; x_wconf 90' lang='lat' dir='ltr'>Latino</span> <span class='ocrx_word' id='word_1_7' title='bbox 691 514 974 571; x_wconf 89' lang='lat' dir='ltr'>immunis</span> <span class='ocrx_word' id='word_1_8' title='bbox 1004 514 1222 569; x_wconf 82' lang='lat' dir='ltr'>mansit</span> <span class='ocrx_word' id='word_1_9' title='bbox 1253 512 1578 568; x_wconf 88' lang='lat' dir='ltr'>dominatu.</span> 
     </span>
    </p>
   </div>
   <div class='ocr_carea' id='block_1_4' title="bbox 460 602 1635 674">
    <p class='ocr_par' dir='ltr' id='par_1_4' title="bbox 460 602 1635 674">
     <span class='ocr_line' id='line_1_4' title="bbox 460 602 1635 674; baseline -0.005 -13"><span class='ocrx_word' id='word_1_10' title='bbox 460 605 699 661; x_wconf 77' lang='lat' dir='ltr'>Interim</span> <span class='ocrx_word' id='word_1_11' title='bbox 734 602 993 659; x_wconf 88' lang='lat' dir='ltr'>marchio</span> <span class='ocrx_word' id='word_1_12' title='bbox 1024 602 1333 674; x_wconf 89' lang='lat' dir='ltr'>Hesperias</span> <span class='ocrx_word' id='word_1_13' title='bbox 1373 602 1635 656; x_wconf 73' lang='lat' dir='ltr'>civitates</span> 
     </span>
    </p>
   </div>
   <div class='ocr_carea' id='block_1_5' title="bbox 462 689 1542 761">
    <p class='ocr_par' dir='ltr' id='par_1_5' title="bbox 462 689 1542 761">
     <span class='ocr_line' id='line_1_5' title="bbox 462 689 1542 761; baseline -0.007 -11"><span class='ocrx_word' id='word_1_14' title='bbox 462 694 692 750; x_wconf 85' lang='lat' dir='ltr'>hellans</span> <span class='ocrx_word' id='word_1_15' title='bbox 726 692 927 747; x_wconf 88' lang='lat' dir='ltr'>Latino</span> <span class='ocrx_word' id='word_1_16' title='bbox 959 691 1268 761; x_wconf 80' lang='lat' dir='ltr'>subigebat</span> <span class='ocrx_word' id='word_1_17' title='bbox 1299 689 1542 755; x_wconf 85' lang='lat' dir='ltr'>nomini,</span> 
     </span>
    </p>
   </div>
   <div class='ocr_carea' id='block_1_6' title="bbox 468 777 1714 854">
    <p class='ocr_par' dir='ltr' id='par_1_6' title="bbox 468 777 1714 854">
     <span class='ocr_line' id='line_1_6' title="bbox 468 777 1714 854; baseline -0.003 -18"><span class='ocrx_word' id='word_1_18' title='bbox 468 782 823 854; x_wconf 81' lang='lat' dir='ltr'>quibusdam</span> <span class='ocrx_word' id='word_1_19' title='bbox 858 779 1077 835; x_wconf 79' lang='lat' dir='ltr'>nostris</span> <span class='ocrx_word' id='word_1_20' title='bbox 1110 782 1282 833; x_wconf 89' lang='lat' dir='ltr'>utens</span> <span class='ocrx_word' id='word_1_21' title='bbox 1312 777 1414 831; x_wconf 65' lang='lat' dir='ltr'>via;</span> <span class='ocrx_word' id='word_1_22' title='bbox 1444 777 1714 833; x_wconf 83' lang='lat' dir='ltr'>ducibus.</span> 
     </span>
    </p>
   </div>
   <div class='ocr_carea' id='block_1_7' title="bbox 466 866 1639 943">
    <p class='ocr_par' dir='ltr' id='par_1_7' title="bbox 466 866 1639 943">
     <span class='ocr_line' id='line_1_7' title="bbox 466 866 1639 943; baseline -0.005 -18"><span class='ocrx_word' id='word_1_23' title='bbox 466 877 690 943; x_wconf 86' lang='lat' dir='ltr'>Sgurus</span> <span class='ocrx_word' id='word_1_24' title='bbox 723 872 917 923; x_wconf 90' lang='lat' dir='ltr'>autem</span> <span class='ocrx_word' id='word_1_25' title='bbox 952 869 1059 923; x_wconf 88' lang='lat' dir='ltr'>Leo</span> <span class='ocrx_word' id='word_1_26' title='bbox 1094 867 1328 921; x_wconf 77' lang='lat' dir='ltr'>cohorte</span> <span class='ocrx_word' id='word_1_27' title='bbox 1360 866 1639 935; x_wconf 88' lang='lat' dir='ltr'>imposita</span> 
     </span>
    </p>
   </div>
   <div class='ocr_carea' id='block_1_8' title="bbox 470 953 1520 1025">
    <p class='ocr_par' dir='ltr' id='par_1_8' title="bbox 470 953 1520 1025">
     <span class='ocr_line' id='line_1_8' title="bbox 470 953 1520 1025; baseline -0.005 -12"><span class='ocrx_word' id='word_1_28' title='bbox 470 960 669 1014; x_wconf 78' lang='lat' dir='ltr'>Atticae</span> <span class='ocrx_word' id='word_1_29' title='bbox 695 958 820 1014; x_wconf 90' lang='lat' dir='ltr'>loco</span> <span class='ocrx_word' id='word_1_30' title='bbox 850 956 1059 1012; x_wconf 82' lang='lat' dir='ltr'>celebri</span> <span class='ocrx_word' id='word_1_31' title='bbox 1091 953 1520 1025; x_wconf 84' lang='lat' dir='ltr'>Thermopylis,</span> 
     </span>
    </p>
   </div>
   <div class='ocr_carea' id='block_1_9' title="bbox 470 1044 1488 1118">
    <p class='ocr_par' dir='ltr' id='par_1_9' title="bbox 470 1044 1488 1118">
     <span class='ocr_line' id='line_1_9' title="bbox 470 1044 1488 1118; baseline -0.006 -16"><span class='ocrx_word' id='word_1_32' title='bbox 470 1053 534 1102; x_wconf 91' lang='lat' dir='ltr'>ut</span> <span class='ocrx_word' id='word_1_33' title='bbox 563 1048 644 1102; x_wconf 91' lang='lat' dir='ltr'>ibi</span> <span class='ocrx_word' id='word_1_34' title='bbox 668 1046 938 1118; x_wconf 60' lang='lat' dir='ltr'>praelians</span> <span class='ocrx_word' id='word_1_35' title='bbox 968 1045 1129 1099; x_wconf 78' lang='lat' dir='ltr'>Italis</span> <span class='ocrx_word' id='word_1_36' title='bbox 1162 1044 1488 1109; x_wconf 82' lang='lat' dir='ltr'>resisteret;</span> 
     </span>
    </p>
   </div>
   <div class='ocr_carea' id='block_1_10' title="bbox 470 1132 1515 1204">
    <p class='ocr_par' dir='ltr' id='par_1_10' title="bbox 470 1132 1515 1204">
     <span class='ocr_line' id='line_1_10' title="bbox 470 1132 1515 1204; baseline -0.008 -13"><span class='ocrx_word' id='word_1_37' title='bbox 470 1135 633 1191; x_wconf 88' lang='lat' dir='ltr'>nulla</span> <span class='ocrx_word' id='word_1_38' title='bbox 662 1152 722 1190; x_wconf 91' lang='lat' dir='ltr'>re</span> <span class='ocrx_word' id='word_1_39' title='bbox 754 1135 929 1204; x_wconf 89' lang='lat' dir='ltr'>digna</span> <span class='ocrx_word' id='word_1_40' title='bbox 959 1132 1236 1187; x_wconf 86' lang='lat' dir='ltr'>laudibus</span> <span class='ocrx_word' id='word_1_41' title='bbox 1273 1135 1515 1201; x_wconf 87' lang='lat' dir='ltr'>patrata,</span> 
     </span>
    </p>
   </div>
   <div class='ocr_carea' id='block_1_11' title="bbox 468 1215 1663 1292">
    <p class='ocr_par' dir='ltr' id='par_1_11' title="bbox 468 1215 1663 1292">
     <span class='ocr_line' id='line_1_11' title="bbox 468 1215 1663 1292; baseline -0.006 -17"><span class='ocrx_word' id='word_1_42' title='bbox 468 1222 681 1292; x_wconf 84' lang='lat' dir='ltr'>raptim</span> <span class='ocrx_word' id='word_1_43' title='bbox 716 1219 1058 1275; x_wconf 84' lang='lat' dir='ltr'>Corinthum</span> <span class='ocrx_word' id='word_1_44' title='bbox 1092 1219 1229 1289; x_wconf 88' lang='lat' dir='ltr'>fuga</span> <span class='ocrx_word' id='word_1_45' title='bbox 1260 1234 1321 1273; x_wconf 91' lang='lat' dir='ltr'>se</span> <span class='ocrx_word' id='word_1_46' title='bbox 1352 1215 1663 1288; x_wconf 87' lang='lat' dir='ltr'>proripuit.</span> 
     </span>
    </p>
   </div>
   <div class='ocr_carea' id='block_1_12' title="bbox 468 1304 1473 1377">
    <p class='ocr_par' dir='ltr' id='par_1_12' title="bbox 468 1304 1473 1377">
     <span class='ocr_line' id='line_1_12' title="bbox 468 1304 1473 1377; baseline -0.005 -13"><span class='ocrx_word' id='word_1_47' title='bbox 468 1311 571 1364; x_wconf 86' lang='lat' dir='ltr'>Hic</span> <span class='ocrx_word' id='word_1_48' title='bbox 601 1314 723 1364; x_wconf 86' lang='lat' dir='ltr'>erat</span> <span class='ocrx_word' id='word_1_49' title='bbox 754 1313 917 1364; x_wconf 88' lang='lat' dir='ltr'>ortus</span> <span class='ocrx_word' id='word_1_50' title='bbox 948 1307 1183 1377; x_wconf 90' lang='lat' dir='ltr'>Nauplii</span> <span class='ocrx_word' id='word_1_51' title='bbox 1216 1304 1473 1376; x_wconf 87' lang='lat' dir='ltr'>regione,</span> 
     </span>
    </p>
   </div>
   <div class='ocr_carea' id='block_1_13' title="bbox 467 1392 1737 1465">
    <p class='ocr_par' dir='ltr' id='par_1_13' title="bbox 467 1392 1737 1465">
     <span class='ocr_line' id='line_1_13' title="bbox 467 1392 1737 1465; baseline -0.007 -13"><span class='ocrx_word' id='word_1_52' title='bbox 467 1398 762 1453; x_wconf 90' lang='lat' dir='ltr'>modicum</span> <span class='ocrx_word' id='word_1_53' title='bbox 798 1400 1003 1450; x_wconf 90' lang='lat' dir='ltr'>nactus</span> <span class='ocrx_word' id='word_1_54' title='bbox 1036 1414 1068 1449; x_wconf 82' lang='grc' dir='ltr'>υ.</span> <span class='ocrx_word' id='word_1_55' title='bbox 1097 1399 1262 1465; x_wconf 85' lang='lat' dir='ltr'>patre</span> <span class='ocrx_word' id='word_1_56' title='bbox 1294 1392 1684 1464; x_wconf 83' lang='lat' dir='ltr'>principatum</span> <span class='ocrx_word' id='word_1_57' title='bbox 1726 1406 1737 1442; x_wconf 89' lang='lat'><strong>:</strong></span> 
     </span>
    </p>
   </div>
   <div class='ocr_carea' id='block_1_14' title="bbox 464 1480 1614 1555">
    <p class='ocr_par' dir='ltr' id='par_1_14' title="bbox 464 1480 1614 1555">
     <span class='ocr_line' id='line_1_14' title="bbox 464 1480 1614 1555; baseline -0.007 -15"><span class='ocrx_word' id='word_1_58' title='bbox 464 1502 667 1540; x_wconf 90' lang='lat' dir='ltr'>verum</span> <span class='ocrx_word' id='word_1_59' title='bbox 702 1484 995 1555; x_wconf 89' lang='lat' dir='ltr'>reciproco</span> <span class='ocrx_word' id='word_1_60' title='bbox 1030 1489 1360 1553; x_wconf 89' lang='lat' dir='ltr'>temporum</span> <span class='ocrx_word' id='word_1_61' title='bbox 1392 1480 1614 1550; x_wconf 87' lang='lat' dir='ltr'>euripo,</span> 
     </span>
    </p>
   </div>
   <div class='ocr_carea' id='block_1_15' title="bbox 471 1572 1644 1645">
    <p class='ocr_par' dir='ltr' id='par_1_15' title="bbox 471 1572 1644 1645">
     <span class='ocr_line' id='line_1_15' title="bbox 471 1572 1644 1645; baseline -0.006 -17"><span class='ocrx_word' id='word_1_62' title='bbox 471 1578 824 1645; x_wconf 75' lang='lat' dir='ltr'>praepostero</span> <span class='ocrx_word' id='word_1_63' title='bbox 856 1572 1134 1642; x_wconf 89' lang='lat' dir='ltr'>varioque</span> <span class='ocrx_word' id='word_1_64' title='bbox 1167 1572 1411 1626; x_wconf 67' lang='lat' dir='ltr'>fortunae</span> <span class='ocrx_word' id='word_1_65' title='bbox 1444 1584 1644 1635; x_wconf 80' lang='lat' dir='ltr'>cursu,</span> 
     </span>
    </p>
   </div>
   <div class='ocr_carea' id='block_1_16' title="bbox 472 1653 1843 1732">
    <p class='ocr_par' dir='ltr' id='par_1_16' title="bbox 472 1653 1843 1732">
     <span class='ocr_line' id='line_1_16' title="bbox 472 1653 1843 1732; baseline -0.008 -15"><span class='ocrx_word' id='word_1_66' title='bbox 472 1678 657 1732; x_wconf 89' lang='lat' dir='ltr'>usque</span> <span class='ocrx_word' id='word_1_67' title='bbox 687 1660 1063 1732; x_wconf 87' lang='lat' dir='ltr'>progrediens</span> <span class='ocrx_word' id='word_1_68' title='bbox 1096 1675 1345 1729; x_wconf 89' lang='lat' dir='ltr'>magnus</span> <span class='ocrx_word' id='word_1_69' title='bbox 1376 1674 1405 1712; x_wconf 88' lang='lat' dir='ltr'>e</span> <span class='ocrx_word' id='word_1_70' title='bbox 1435 1671 1612 1727; x_wconf 88' lang='lat' dir='ltr'>parvo</span> <span class='ocrx_word' id='word_1_71' title='bbox 1642 1653 1843 1711; x_wconf 86' lang='lat' dir='ltr'>evasit.</span> 
     </span>
    </p>
   </div>
   <div class='ocr_carea' id='block_1_17' title="bbox 476 1754 1598 1828">
    <p class='ocr_par' dir='ltr' id='par_1_17' title="bbox 476 1754 1598 1828">
     <span class='ocr_line' id='line_1_17' title="bbox 476 1754 1598 1828; baseline -0.006 -14"><span class='ocrx_word' id='word_1_72' title='bbox 476 1762 527 1815; x_wconf 87' lang='lat' dir='ltr'>ls</span> <span class='ocrx_word' id='word_1_73' title='bbox 558 1765 615 1814; x_wconf 88' lang='lat' dir='ltr'>et</span> <span class='ocrx_word' id='word_1_74' title='bbox 644 1757 984 1813; x_wconf 88' lang='lat' dir='ltr'>Corinthum</span> <span class='ocrx_word' id='word_1_75' title='bbox 1017 1758 1298 1828; x_wconf 92' lang='lat' dir='ltr'>oppidum</span> <span class='ocrx_word' id='word_1_76' title='bbox 1333 1754 1598 1825; x_wconf 87' lang='lat' dir='ltr'>diripuit,</span> 
     </span>
    </p>
   </div>
   <div class='ocr_carea' id='block_1_18' title="bbox 472 1841 1603 1916">
    <p class='ocr_par' dir='ltr' id='par_1_18' title="bbox 472 1841 1603 1916">
     <span class='ocr_line' id='line_1_18' title="bbox 472 1841 1603 1916; baseline -0.004 -16"><span class='ocrx_word' id='word_1_77' title='bbox 472 1851 528 1901; x_wconf 90' lang='lat' dir='ltr'>et</span> <span class='ocrx_word' id='word_1_78' title='bbox 560 1849 735 1916; x_wconf 77' lang='lat' dir='ltr'>Argos</span> <span class='ocrx_word' id='word_1_79' title='bbox 764 1843 941 1899; x_wconf 88' lang='lat' dir='ltr'>simili</span> <span class='ocrx_word' id='word_1_80' title='bbox 976 1844 1245 1915; x_wconf 85' lang='lat' dir='ltr'>posthinc</span> <span class='ocrx_word' id='word_1_81' title='bbox 1277 1841 1603 1897; x_wconf 87' lang='lat' dir='ltr'>latrocinio.</span> 
     </span>
    </p>
   </div>
   <div class='ocr_carea' id='block_1_19' title="bbox 476 1929 1628 1998">
    <p class='ocr_par' dir='ltr' id='par_1_19' title="bbox 476 1929 1628 1998">
     <span class='ocr_line' id='line_1_19' title="bbox 476 1929 1628 1998; baseline -0.001 -14"><span class='ocrx_word' id='word_1_82' title='bbox 476 1938 769 1988; x_wconf 87' lang='lat' dir='ltr'>Postremo</span> <span class='ocrx_word' id='word_1_83' title='bbox 800 1934 1059 1987; x_wconf 82' lang='lat' dir='ltr'>Athenas</span> <span class='ocrx_word' id='word_1_84' title='bbox 1090 1932 1267 1986; x_wconf 90' lang='lat' dir='ltr'>etiam</span> <span class='ocrx_word' id='word_1_85' title='bbox 1298 1929 1628 1998; x_wconf 88' lang='lat' dir='ltr'>invadebat,</span> 
     </span>
    </p>
   </div>
   <div class='ocr_carea' id='block_1_20' title="bbox 469 2017 1658 2092">
    <p class='ocr_par' dir='ltr' id='par_1_20' title="bbox 469 2017 1658 2092">
     <span class='ocr_line' id='line_1_20' title="bbox 469 2017 1658 2092; baseline -0.003 -16"><span class='ocrx_word' id='word_1_86' title='bbox 469 2038 669 2076; x_wconf 90' lang='lat' dir='ltr'>verum</span> <span class='ocrx_word' id='word_1_87' title='bbox 704 2020 973 2092; x_wconf 90' lang='lat' dir='ltr'>repulsus</span> <span class='ocrx_word' id='word_1_88' title='bbox 1002 2020 1194 2075; x_wconf 85' lang='lat' dir='ltr'>verbis</span> <span class='ocrx_word' id='word_1_89' title='bbox 1224 2017 1658 2089; x_wconf 78' lang='lat' dir='ltr'>archipraesulis</span> 
     </span>
    </p>
   </div>
   <div class='ocr_carea' id='block_1_21' title="bbox 468 2107 1570 2179">
    <p class='ocr_par' dir='ltr' id='par_1_21' title="bbox 468 2107 1570 2179">
     <span class='ocr_line' id='line_1_21' title="bbox 468 2107 1570 2179; baseline -0.004 -15"><span class='ocrx_word' id='word_1_90' title='bbox 468 2109 770 2165; x_wconf 87' lang='lat' dir='ltr'>Michaelis</span> <span class='ocrx_word' id='word_1_91' title='bbox 799 2108 1092 2164; x_wconf 66' lang='lat' dir='ltr'>Choniataa</span> <span class='ocrx_word' id='word_1_92' title='bbox 1126 2107 1570 2179; x_wconf 83' lang='lat' dir='ltr'>sapientissimi,</span> 
     </span>
    </p>
   </div>
   <div class='ocr_carea' id='block_1_22' title="bbox 466 2194 1662 2267">
    <p class='ocr_par' dir='ltr' id='par_1_22' title="bbox 466 2194 1662 2267">
     <span class='ocr_line' id='line_1_22' title="bbox 466 2194 1662 2267; baseline -0.003 -13"><span class='ocrx_word' id='word_1_93' title='bbox 466 2199 696 2254; x_wconf 87' lang='lat' dir='ltr'>Thebas</span> <span class='ocrx_word' id='word_1_94' title='bbox 727 2196 985 2252; x_wconf 81' lang='lat' dir='ltr'>celeriter</span> <span class='ocrx_word' id='word_1_95' title='bbox 1015 2197 1271 2252; x_wconf 86' lang='lat' dir='ltr'>excurrit</span> <span class='ocrx_word' id='word_1_96' title='bbox 1300 2194 1662 2267; x_wconf 80' lang='lat' dir='ltr'>heptapylas,</span> 
     </span>
    </p>
   </div>
   <div class='ocr_carea' id='block_1_23' title="bbox 473 2282 1540 2356">
    <p class='ocr_par' dir='ltr' id='par_1_23' title="bbox 473 2282 1540 2356">
     <span class='ocr_line' id='line_1_23' title="bbox 473 2282 1540 2356; baseline -0.006 -15"><span class='ocrx_word' id='word_1_97' title='bbox 473 2302 687 2356; x_wconf 89' lang='lat' dir='ltr'>easque</span> <span class='ocrx_word' id='word_1_98' title='bbox 720 2285 832 2340; x_wconf 91' lang='lat' dir='ltr'>sibi</span> <span class='ocrx_word' id='word_1_99' title='bbox 866 2284 1021 2339; x_wconf 86' lang='lat' dir='ltr'>facili</span> <span class='ocrx_word' id='word_1_100' title='bbox 1054 2283 1205 2338; x_wconf 92' lang='lat' dir='ltr'>bello</span> <span class='ocrx_word' id='word_1_101' title='bbox 1236 2282 1494 2337; x_wconf 89' lang='lat' dir='ltr'>vindicat</span> <span class='ocrx_word' id='word_1_102' title='bbox 1527 2299 1540 2335; x_wconf 91' lang='lat'>:</span> 
     </span>
    </p>
   </div>
   <div class='ocr_carea' id='block_1_24' title="bbox 469 2370 1500 2436">
    <p class='ocr_par' dir='ltr' id='par_1_24' title="bbox 469 2370 1500 2436">
     <span class='ocr_line' id='line_1_24' title="bbox 469 2370 1500 2436; baseline -0.005 -7"><span class='ocrx_word' id='word_1_103' title='bbox 469 2380 527 2429; x_wconf 87' lang='lat' dir='ltr'>et</span> <span class='ocrx_word' id='word_1_104' title='bbox 556 2377 693 2428; x_wconf 90' lang='lat' dir='ltr'>dum</span> <span class='ocrx_word' id='word_1_105' title='bbox 724 2373 967 2428; x_wconf 74' lang='lat' dir='ltr'>Larissae</span> <span class='ocrx_word' id='word_1_106' title='bbox 1001 2373 1268 2426; x_wconf 85' lang='lat' dir='ltr'>faucibus</span> <span class='ocrx_word' id='word_1_107' title='bbox 1298 2370 1500 2436; x_wconf 83' lang='lat' dir='ltr'>exiret,</span> 
     </span>
    </p>
   </div>
   <div class='ocr_carea' id='block_1_25' title="bbox 470 2458 1674 2534">
    <p class='ocr_par' dir='ltr' id='par_1_25' title="bbox 470 2458 1674 2534">
     <span class='ocr_line' id='line_1_25' title="bbox 470 2458 1674 2534; baseline -0.004 -17"><span class='ocrx_word' id='word_1_108' title='bbox 470 2463 807 2534; x_wconf 84' lang='lat' dir='ltr'>imperatori</span> <span class='ocrx_word' id='word_1_109' title='bbox 841 2462 1136 2532; x_wconf 89' lang='lat' dir='ltr'>quondam</span> <span class='ocrx_word' id='word_1_110' title='bbox 1171 2459 1368 2515; x_wconf 83' lang='lat' dir='ltr'>Alexio</span> <span class='ocrx_word' id='word_1_111' title='bbox 1399 2458 1674 2528; x_wconf 87' lang='lat' dir='ltr'>occurrit,</span> 
     </span>
    </p>
   </div>
   <div class='ocr_carea' id='block_1_26' title="bbox 467 2548 1573 2620">
    <p class='ocr_par' dir='ltr' id='par_1_26' title="bbox 467 2548 1573 2620">
     <span class='ocr_line' id='line_1_26' title="bbox 467 2548 1573 2620; baseline -0.003 -16"><span class='ocrx_word' id='word_1_112' title='bbox 467 2550 565 2620; x_wconf 92' lang='lat' dir='ltr'>qui</span> <span class='ocrx_word' id='word_1_113' title='bbox 593 2550 925 2604; x_wconf 89' lang='lat' dir='ltr'>borealibus</span> <span class='ocrx_word' id='word_1_114' title='bbox 956 2549 1219 2620; x_wconf 87' lang='lat' dir='ltr'>partibus</span> <span class='ocrx_word' id='word_1_115' title='bbox 1250 2548 1573 2618; x_wconf 85' lang='lat' dir='ltr'>digressus,</span> 
     </span>
    </p>
   </div>
   <div class='ocr_carea' id='block_1_27' title="bbox 469 2634 1569 2701">
    <p class='ocr_par' dir='ltr' id='par_1_27' title="bbox 469 2634 1569 2701">
     <span class='ocr_line' id='line_1_27' title="bbox 469 2634 1569 2701; baseline -0.003 -9"><span class='ocrx_word' id='word_1_116' title='bbox 469 2639 732 2693; x_wconf 89' lang='lat' dir='ltr'>exsulum</span> <span class='ocrx_word' id='word_1_117' title='bbox 773 2653 930 2692; x_wconf 91' lang='lat' dir='ltr'>more</span> <span class='ocrx_word' id='word_1_118' title='bbox 959 2636 1067 2691; x_wconf 90' lang='lat' dir='ltr'>hac</span> <span class='ocrx_word' id='word_1_119' title='bbox 1098 2641 1153 2690; x_wconf 91' lang='lat' dir='ltr'>et</span> <span class='ocrx_word' id='word_1_120' title='bbox 1183 2634 1315 2689; x_wconf 89' lang='lat' dir='ltr'>illac</span> <span class='ocrx_word' id='word_1_121' title='bbox 1344 2652 1569 2701; x_wconf 88' lang='lat' dir='ltr'>errans,</span> 
     </span>
    </p>
   </div>
   <div class='ocr_carea' id='block_1_28' title="bbox 471 2724 1734 2794">
    <p class='ocr_par' dir='ltr' id='par_1_28' title="bbox 471 2724 1734 2794">
     <span class='ocr_line' id='line_1_28' title="bbox 471 2724 1734 2794; baseline -0.005 -13"><span class='ocrx_word' id='word_1_122' title='bbox 471 2743 627 2781; x_wconf 91' lang='lat' dir='ltr'>nunc</span> <span class='ocrx_word' id='word_1_123' title='bbox 661 2727 729 2780; x_wconf 90' lang='lat' dir='ltr'>ad</span> <span class='ocrx_word' id='word_1_124' title='bbox 764 2724 1102 2780; x_wconf 89' lang='lat' dir='ltr'>Thessalica</span> <span class='ocrx_word' id='word_1_125' title='bbox 1128 2725 1345 2794; x_wconf 90' lang='lat' dir='ltr'>Tempe</span> <span class='ocrx_word' id='word_1_126' title='bbox 1378 2727 1734 2794; x_wconf 85' lang='lat' dir='ltr'>pervenerat,</span> 
     </span>
    </p>
   </div>
   <div class='ocr_carea' id='block_1_29' title="bbox 468 2811 1672 2876">
    <p class='ocr_par' dir='ltr' id='par_1_29' title="bbox 468 2811 1672 2876">
     <span class='ocr_line' id='line_1_29' title="bbox 468 2811 1672 2876; baseline -0.004 -7"><span class='ocrx_word' id='word_1_127' title='bbox 468 2814 691 2869; x_wconf 91' lang='lat' dir='ltr'>habens</span> <span class='ocrx_word' id='word_1_128' title='bbox 725 2814 783 2868; x_wconf 92' lang='lat' dir='ltr'>in</span> <span class='ocrx_word' id='word_1_129' title='bbox 815 2812 1093 2868; x_wconf 89' lang='lat' dir='ltr'>comitatu</span> <span class='ocrx_word' id='word_1_130' title='bbox 1128 2812 1436 2867; x_wconf 89' lang='lat' dir='ltr'>Eudociam</span> <span class='ocrx_word' id='word_1_131' title='bbox 1469 2811 1672 2876; x_wconf 82' lang='lat' dir='ltr'>filiam,</span> 
     </span>
    </p>
   </div>
   <div class='ocr_carea' id='block_1_30' title="bbox 471 2899 1768 2972">
    <p class='ocr_par' dir='ltr' id='par_1_30' title="bbox 471 2899 1768 2972">
     <span class='ocr_line' id='line_1_30' title="bbox 471 2899 1768 2972; baseline -0.004 -15"><span class='ocrx_word' id='word_1_132' title='bbox 471 2919 645 2972; x_wconf 87' lang='lat' dir='ltr'>quam</span> <span class='ocrx_word' id='word_1_133' title='bbox 678 2906 818 2957; x_wconf 91' lang='lat' dir='ltr'>tunc</span> <span class='ocrx_word' id='word_1_134' title='bbox 849 2902 1203 2971; x_wconf 88' lang='lat' dir='ltr'>desponsam</span> <span class='ocrx_word' id='word_1_135' title='bbox 1237 2899 1541 2954; x_wconf 86' lang='lat' dir='ltr'>collocavit</span> <span class='ocrx_word' id='word_1_136' title='bbox 1568 2903 1768 2970; x_wconf 85' lang='lat' dir='ltr'>Sguro.</span> 
     </span>
    </p>
   </div>
   <div class='ocr_carea' id='block_1_31' title="bbox 470 2987 1670 3061">
    <p class='ocr_par' dir='ltr' id='par_1_31' title="bbox 470 2987 1670 3061">
     <span class='ocr_line' id='line_1_31' title="bbox 470 2987 1670 3061; baseline -0.001 -19"><span class='ocrx_word' id='word_1_137' title='bbox 470 2991 605 3060; x_wconf 89' lang='lat' dir='ltr'>Ipsa</span> <span class='ocrx_word' id='word_1_138' title='bbox 635 2990 872 3061; x_wconf 90' lang='lat' dir='ltr'>quidem</span> <span class='ocrx_word' id='word_1_139' title='bbox 904 2988 1042 3043; x_wconf 90' lang='lat' dir='ltr'>olim</span> <span class='ocrx_word' id='word_1_140' title='bbox 1078 2987 1453 3043; x_wconf 86' lang='lat' dir='ltr'>matrimonio</span> <span class='ocrx_word' id='word_1_141' title='bbox 1483 2989 1670 3041; x_wconf 84' lang='lat' dir='ltr'>fuerat</span> 
     </span>
    </p>
   </div>
   <div class='ocr_carea' id='block_1_32' title="bbox 465 3074 1717 3148">
    <p class='ocr_par' dir='ltr' id='par_1_32' title="bbox 465 3074 1717 3148">
     <span class='ocr_line' id='line_1_32' title="bbox 465 3074 1717 3148; baseline -0.005 -16"><span class='ocrx_word' id='word_1_142' title='bbox 465 3077 714 3148; x_wconf 88' lang='lat' dir='ltr'>principi</span> <span class='ocrx_word' id='word_1_143' title='bbox 741 3078 951 3146; x_wconf 79' lang='lat' dir='ltr'>juncta</span> <span class='ocrx_word' id='word_1_144' title='bbox 979 3075 1367 3131; x_wconf 87' lang='lat' dir='ltr'>Triballorum</span> <span class='ocrx_word' id='word_1_145' title='bbox 1400 3074 1717 3144; x_wconf 86' lang='lat' dir='ltr'>Stephano,</span> 
     </span>
    </p>
   </div>
   <div class='ocr_carea' id='block_1_33' title="bbox 466 3162 1618 3237">
    <p class='ocr_par' dir='ltr' id='par_1_33' title="bbox 466 3162 1618 3237">
     <span class='ocr_line' id='line_1_33' title="bbox 466 3162 1618 3237; baseline -0.005 -17"><span class='ocrx_word' id='word_1_146' title='bbox 466 3165 568 3236; x_wconf 92' lang='lat' dir='ltr'>qui</span> <span class='ocrx_word' id='word_1_147' title='bbox 600 3165 967 3237; x_wconf 86' lang='lat' dir='ltr'>repudiatam</span> <span class='ocrx_word' id='word_1_148' title='bbox 998 3164 1227 3218; x_wconf 86' lang='lat' dir='ltr'>remisit</span> <span class='ocrx_word' id='word_1_149' title='bbox 1256 3164 1313 3216; x_wconf 92' lang='lat' dir='ltr'>in</span> <span class='ocrx_word' id='word_1_150' title='bbox 1347 3162 1618 3233; x_wconf 87' lang='lat' dir='ltr'>patriam,</span> 
     </span>
    </p>
   </div>
   <div class='ocr_carea' id='block_1_34' title="bbox 464 3249 1691 3321">
    <p class='ocr_par' dir='ltr' id='par_1_34' title="bbox 464 3249 1691 3321">
     <span class='ocr_line' id='line_1_34' title="bbox 464 3249 1691 3321; baseline -0.003 -12"><span class='ocrx_word' id='word_1_151' title='bbox 464 3255 682 3309; x_wconf 88' lang='lat' dir='ltr'>Eadem</span> <span class='ocrx_word' id='word_1_152' title='bbox 713 3252 1017 3309; x_wconf 89' lang='lat' dir='ltr'>Murtzuﬂo</span> <span class='ocrx_word' id='word_1_153' title='bbox 1047 3251 1217 3306; x_wconf 82' lang='lat' dir='ltr'>Ducas</span> <span class='ocrx_word' id='word_1_154' title='bbox 1247 3249 1456 3305; x_wconf 91' lang='lat' dir='ltr'>deinde</span> <span class='ocrx_word' id='word_1_155' title='bbox 1486 3250 1691 3321; x_wconf 87' lang='lat' dir='ltr'>nupsit</span> 
     </span>
    </p>
   </div>
   <div class='ocr_carea' id='block_1_35' title="bbox 468 3338 1962 3413">
    <p class='ocr_par' dir='ltr' id='par_1_35' title="bbox 468 3338 1962 3413">
     <span class='ocr_line' id='line_1_35' title="bbox 468 3338 1962 3413; baseline -0.003 -16"><span class='ocrx_word' id='word_1_156' title='bbox 468 3346 779 3413; x_wconf 88' lang='lat' dir='ltr'>postquam</span> <span class='ocrx_word' id='word_1_157' title='bbox 814 3340 907 3394; x_wconf 91' lang='lat' dir='ltr'>hic</span> <span class='ocrx_word' id='word_1_158' title='bbox 933 3338 1244 3408; x_wconf 85' lang='lat' dir='ltr'>imperium</span> <span class='ocrx_word' id='word_1_159' title='bbox 1275 3339 1636 3410; x_wconf 81' lang='lat' dir='ltr'>palriamque</span> <span class='ocrx_word' id='word_1_160' title='bbox 1667 3338 1962 3393; x_wconf 88' lang='lat' dir='ltr'>amiserat.</span> 
     </span>
    </p>
   </div>
   <div class='ocr_carea' id='block_1_36' title="bbox 468 3435 1718 3508">
    <p class='ocr_par' dir='ltr' id='par_1_36' title="bbox 468 3435 1718 3508">
     <span class='ocr_line' id='line_1_36' title="bbox 468 3435 1718 3508; baseline -0.002 -14"><span class='ocrx_word' id='word_1_161' title='bbox 468 3440 577 3495; x_wconf 92' lang='lat' dir='ltr'>Sed</span> <span class='ocrx_word' id='word_1_162' title='bbox 611 3439 765 3494; x_wconf 91' lang='lat' dir='ltr'>hunc</span> <span class='ocrx_word' id='word_1_163' title='bbox 796 3438 1008 3493; x_wconf 91' lang='lat' dir='ltr'>deinde</span> <span class='ocrx_word' id='word_1_164' title='bbox 1038 3442 1272 3508; x_wconf 89' lang='lat' dir='ltr'>captum</span> <span class='ocrx_word' id='word_1_165' title='bbox 1303 3435 1536 3491; x_wconf 85' lang='lat' dir='ltr'>Alexius</span> <span class='ocrx_word' id='word_1_166' title='bbox 1564 3435 1718 3503; x_wconf 89' lang='lat' dir='ltr'>dolo,</span> 
     </span>
    </p>
   </div>
   <div class='ocr_carea' id='block_1_37' title="bbox 473 3523 1611 3597">
    <p class='ocr_par' dir='ltr' id='par_1_37' title="bbox 473 3523 1611 3597">
     <span class='ocr_line' id='line_1_37' title="bbox 473 3523 1611 3597; baseline -0.005 -15"><span class='ocrx_word' id='word_1_167' title='bbox 473 3544 572 3583; x_wconf 89' lang='lat' dir='ltr'>rex</span> <span class='ocrx_word' id='word_1_168' title='bbox 599 3543 727 3582; x_wconf 89' lang='lat' dir='ltr'>erro</span> <span class='ocrx_word' id='word_1_169' title='bbox 758 3542 1023 3582; x_wconf 88' lang='lat' dir='ltr'>erronem</span> <span class='ocrx_word' id='word_1_170' title='bbox 1056 3542 1249 3597; x_wconf 88' lang='lat' dir='ltr'>regem</span> <span class='ocrx_word' id='word_1_171' title='bbox 1282 3529 1435 3579; x_wconf 90' lang='lat' dir='ltr'>sorte</span> <span class='ocrx_word' id='word_1_172' title='bbox 1466 3523 1611 3594; x_wconf 88' lang='lat' dir='ltr'>pari,</span> 
     </span>
    </p>
   </div>
   <div class='ocr_carea' id='block_1_38' title="bbox 473 3611 1591 3670">
    <p class='ocr_par' dir='ltr' id='par_1_38' title="bbox 473 3611 1591 3670">
     <span class='ocr_line' id='line_1_38' title="bbox 473 3611 1591 3670; baseline -0.004 -1"><span class='ocrx_word' id='word_1_173' title='bbox 473 3614 698 3670; x_wconf 92' lang='lat' dir='ltr'>lumine</span> <span class='ocrx_word' id='word_1_174' title='bbox 729 3631 962 3670; x_wconf 89' lang='lat' dir='ltr'>cassum</span> <span class='ocrx_word' id='word_1_175' title='bbox 996 3614 1296 3668; x_wconf 91' lang='lat' dir='ltr'>oculorum</span> <span class='ocrx_word' id='word_1_176' title='bbox 1324 3611 1591 3666; x_wconf 90' lang='lat' dir='ltr'>reddidit.</span> 
     </span>
    </p>
   </div>
   <div class='ocr_carea' id='block_1_39' title="bbox 478 3700 1660 3775">
    <p class='ocr_par' dir='ltr' id='par_1_39' title="bbox 478 3700 1660 3775">
     <span class='ocr_line' id='line_1_39' title="bbox 478 3700 1660 3775; baseline -0.003 -17"><span class='ocrx_word' id='word_1_177' title='bbox 478 3705 655 3759; x_wconf 65' lang='lat' dir='ltr'>Saevis</span> <span class='ocrx_word' id='word_1_178' title='bbox 691 3709 981 3775; x_wconf 88' lang='lat' dir='ltr'>postremo</span> <span class='ocrx_word' id='word_1_179' title='bbox 1016 3701 1354 3756; x_wconf 89' lang='lat' dir='ltr'>Latinorum</span> <span class='ocrx_word' id='word_1_180' title='bbox 1387 3700 1660 3755; x_wconf 89' lang='lat' dir='ltr'>manibus</span> 
     </span>
    </p>
   </div>
   <div class='ocr_carea' id='block_1_40' title="bbox 471 3789 1720 3863">
    <p class='ocr_par' dir='ltr' id='par_1_40' title="bbox 471 3789 1720 3863">
     <span class='ocr_line' id='line_1_40' title="bbox 471 3789 1720 3863; baseline -0.004 -15"><span class='ocrx_word' id='word_1_181' title='bbox 471 3793 663 3848; x_wconf 90' lang='lat' dir='ltr'>Ducas</span> <span class='ocrx_word' id='word_1_182' title='bbox 695 3796 968 3863; x_wconf 83' lang='lat' dir='ltr'>exceptus</span> <span class='ocrx_word' id='word_1_183' title='bbox 1001 3789 1461 3862; x_wconf 83' lang='lat' dir='ltr'>Byzantiumque</span> <span class='ocrx_word' id='word_1_184' title='bbox 1488 3789 1720 3857; x_wconf 90' lang='lat' dir='ltr'>ductus,</span> 
     </span>
    </p>
   </div>
   <div class='ocr_carea' id='block_1_41' title="bbox 471 3877 1667 3952">
    <p class='ocr_par' dir='ltr' id='par_1_41' title="bbox 471 3877 1667 3952">
     <span class='ocr_line' id='line_1_41' title="bbox 471 3877 1667 3952; baseline -0.002 -17"><span class='ocrx_word' id='word_1_185' title='bbox 471 3880 711 3951; x_wconf 89' lang='lat' dir='ltr'>pertulit</span> <span class='ocrx_word' id='word_1_186' title='bbox 750 3897 1004 3952; x_wconf 76' lang='lat' dir='ltr'>poenam,</span> <span class='ocrx_word' id='word_1_187' title='bbox 1033 3879 1188 3951; x_wconf 92' lang='lat' dir='ltr'>quod</span> <span class='ocrx_word' id='word_1_188' title='bbox 1220 3877 1419 3934; x_wconf 86' lang='lat' dir='ltr'>Alexio</span> <span class='ocrx_word' id='word_1_189' title='bbox 1449 3878 1667 3948; x_wconf 86' lang='lat' dir='ltr'>Angelo</span> 
     </span>
    </p>
   </div>
   <div class='ocr_carea' id='block_1_42' title="bbox 468 3966 1487 4041">
    <p class='ocr_par' dir='ltr' id='par_1_42' title="bbox 468 3966 1487 4041">
     <span class='ocr_line' id='line_1_42' title="bbox 468 3966 1487 4041; baseline -0.004 -17"><span class='ocrx_word' id='word_1_190' title='bbox 468 3970 669 4041; x_wconf 88' lang='lat' dir='ltr'>gulam</span> <span class='ocrx_word' id='word_1_191' title='bbox 705 3970 933 4023; x_wconf 88' lang='lat' dir='ltr'>funesto</span> <span class='ocrx_word' id='word_1_192' title='bbox 963 3968 1169 4039; x_wconf 92' lang='lat' dir='ltr'>laqueo</span> <span class='ocrx_word' id='word_1_193' title='bbox 1202 3966 1487 4037; x_wconf 82' lang='lat' dir='ltr'>fregisset.</span> 
     </span>
    </p>
   </div>
   <div class='ocr_carea' id='block_1_43' title="bbox 467 4055 1490 4113">
    <p class='ocr_par' dir='ltr' id='par_1_43' title="bbox 467 4055 1490 4113">
     <span class='ocr_line' id='line_1_43' title="bbox 467 4055 1490 4113; baseline -0.002 -1"><span class='ocrx_word' id='word_1_194' title='bbox 467 4057 609 4112; x_wconf 90' lang='lat' dir='ltr'>Nam</span> <span class='ocrx_word' id='word_1_195' title='bbox 641 4059 711 4113; x_wconf 89' lang='lat' dir='ltr'>de</span> <span class='ocrx_word' id='word_1_196' title='bbox 740 4057 979 4113; x_wconf 84' lang='lat' dir='ltr'>sublimi</span> <span class='ocrx_word' id='word_1_197' title='bbox 1011 4056 1189 4111; x_wconf 88' lang='lat' dir='ltr'>Tauri</span> <span class='ocrx_word' id='word_1_198' title='bbox 1216 4055 1490 4111; x_wconf 90' lang='lat' dir='ltr'>columna</span> 
     </span>
    </p>
   </div>
   <div class='ocr_carea' id='block_1_44' title="bbox 470 4143 1667 4218">
    <p class='ocr_par' dir='ltr' id='par_1_44' title="bbox 470 4143 1667 4218">
     <span class='ocr_line' id='line_1_44' title="bbox 470 4143 1667 4218; baseline -0.003 -17"><span class='ocrx_word' id='word_1_199' title='bbox 470 4146 865 4218; x_wconf 75' lang='lat' dir='ltr'>praecipitatus</span> <span class='ocrx_word' id='word_1_200' title='bbox 896 4151 1004 4216; x_wconf 91' lang='lat' dir='ltr'>est,</span> <span class='ocrx_word' id='word_1_201' title='bbox 1037 4145 1181 4217; x_wconf 91' lang='lat' dir='ltr'>prob</span> <span class='ocrx_word' id='word_1_202' title='bbox 1213 4145 1314 4199; x_wconf 91' lang='lat' dir='ltr'>Dei</span> <span class='ocrx_word' id='word_1_203' title='bbox 1339 4143 1628 4215; x_wconf 88' lang='lat' dir='ltr'>judicium</span> <span class='ocrx_word' id='word_1_204' title='bbox 1656 4143 1667 4197; x_wconf 89' lang='lat'>!</span> 
     </span>
    </p>
   </div>
   <div class='ocr_carea' id='block_1_45' title="bbox 471 4244 1410 4301">
    <p class='ocr_par' dir='ltr' id='par_1_45' title="bbox 471 4244 1410 4301">
     <span class='ocr_line' id='line_1_45' title="bbox 471 4244 1410 4301; baseline -0.004 0"><span class='ocrx_word' id='word_1_205' title='bbox 471 4250 526 4301; x_wconf 89' lang='lat' dir='ltr'>et</span> <span class='ocrx_word' id='word_1_206' title='bbox 555 4246 638 4301; x_wconf 90' lang='lat' dir='ltr'>sic</span> <span class='ocrx_word' id='word_1_207' title='bbox 669 4245 909 4300; x_wconf 90' lang='lat' dir='ltr'>collisus</span> <span class='ocrx_word' id='word_1_208' title='bbox 940 4244 1219 4299; x_wconf 91' lang='lat' dir='ltr'>violenter</span> <span class='ocrx_word' id='word_1_209' title='bbox 1249 4244 1410 4297; x_wconf 90' lang='lat' dir='ltr'>obiit.</span> 
     </span>
    </p>
   </div>
   <div class='ocr_carea' id='block_1_46' title="bbox 471 4329 1605 4397">
    <p class='ocr_par' dir='ltr' id='par_1_46' title="bbox 471 4329 1605 4397">
     <span class='ocr_line' id='line_1_46' title="bbox 471 4329 1605 4397; baseline -0.004 -9"><span class='ocrx_word' id='word_1_210' title='bbox 471 4333 709 4388; x_wconf 87' lang='lat' dir='ltr'>Interim</span> <span class='ocrx_word' id='word_1_211' title='bbox 744 4333 1001 4387; x_wconf 91' lang='lat' dir='ltr'>marchio</span> <span class='ocrx_word' id='word_1_212' title='bbox 1026 4331 1187 4386; x_wconf 90' lang='lat' dir='ltr'>venit</span> <span class='ocrx_word' id='word_1_213' title='bbox 1216 4330 1275 4384; x_wconf 93' lang='lat' dir='ltr'>in</span> <span class='ocrx_word' id='word_1_214' title='bbox 1306 4329 1605 4397; x_wconf 78' lang='lat' dir='ltr'>Bmotiam,</span> 
     </span>
    </p>
   </div>
   <div class='ocr_carea' id='block_1_47' title="bbox 470 4420 1578 4494">
    <p class='ocr_par' dir='ltr' id='par_1_47' title="bbox 470 4420 1578 4494">
     <span class='ocr_line' id='line_1_47' title="bbox 470 4420 1578 4494; baseline -0.003 -17"><span class='ocrx_word' id='word_1_215' title='bbox 470 4440 718 4494; x_wconf 90' lang='lat' dir='ltr'>eamque</span> <span class='ocrx_word' id='word_1_216' title='bbox 751 4422 861 4477; x_wconf 82' lang='lat' dir='ltr'>sibi</span> <span class='ocrx_word' id='word_1_217' title='bbox 895 4421 1045 4477; x_wconf 88' lang='lat' dir='ltr'>bello</span> <span class='ocrx_word' id='word_1_218' title='bbox 1078 4422 1213 4477; x_wconf 89' lang='lat' dir='ltr'>fecit</span> <span class='ocrx_word' id='word_1_219' title='bbox 1242 4420 1578 4486; x_wconf 89' lang='lat' dir='ltr'>subditam;</span> 
     </span>
    </p>
   </div>
   <div class='ocr_carea' id='block_1_48' title="bbox 471 4508 1719 4582">
    <p class='ocr_par' dir='ltr' id='par_1_48' title="bbox 471 4508 1719 4582">
     <span class='ocr_line' id='line_1_48' title="bbox 471 4508 1719 4582; baseline -0.006 -14"><span class='ocrx_word' id='word_1_220' title='bbox 471 4512 721 4568; x_wconf 80' lang='lat' dir='ltr'>Atticam</span> <span class='ocrx_word' id='word_1_221' title='bbox 755 4526 985 4582; x_wconf 91' lang='lat' dir='ltr'>quoque</span> <span class='ocrx_word' id='word_1_222' title='bbox 1015 4508 1265 4565; x_wconf 88' lang='lat' dir='ltr'>obtinuit</span> <span class='ocrx_word' id='word_1_223' title='bbox 1294 4525 1427 4563; x_wconf 89' lang='lat' dir='ltr'>cum</span> <span class='ocrx_word' id='word_1_224' title='bbox 1458 4508 1672 4562; x_wconf 77' lang='lat' dir='ltr'>Eubcsa</span> <span class='ocrx_word' id='word_1_225' title='bbox 1707 4526 1719 4562; x_wconf 91' lang='lat'><strong>:</strong></span> 
     </span>
    </p>
   </div>
   <div class='ocr_carea' id='block_1_49' title="bbox 470 4596 1708 4670">
    <p class='ocr_par' dir='ltr' id='par_1_49' title="bbox 470 4596 1708 4670">
     <span class='ocr_line' id='line_1_49' title="bbox 470 4596 1708 4670; baseline -0.002 -16"><span class='ocrx_word' id='word_1_226' title='bbox 470 4602 655 4670; x_wconf 84' lang='lat' dir='ltr'>Atque</span> <span class='ocrx_word' id='word_1_227' title='bbox 678 4603 743 4653; x_wconf 92' lang='lat' dir='ltr'>ut</span> <span class='ocrx_word' id='word_1_228' title='bbox 775 4600 977 4670; x_wconf 84' lang='lat' dir='ltr'>paucis</span> <span class='ocrx_word' id='word_1_229' title='bbox 1007 4614 1127 4653; x_wconf 87' lang='lat' dir='ltr'>rem</span> <span class='ocrx_word' id='word_1_230' title='bbox 1161 4597 1353 4653; x_wconf 91' lang='lat' dir='ltr'>verbis</span> <span class='ocrx_word' id='word_1_231' title='bbox 1384 4596 1708 4667; x_wconf 87' lang='lat' dir='ltr'>expediam,</span> 
     </span>
    </p>
   </div>
   <div class='ocr_carea' id='block_1_50' title="bbox 470 4685 1582 4758">
    <p class='ocr_par' dir='ltr' id='par_1_50' title="bbox 470 4685 1582 4758">
     <span class='ocr_line' id='line_1_50' title="bbox 470 4685 1582 4758; baseline 0.001 -19"><span class='ocrx_word' id='word_1_232' title='bbox 470 4685 699 4758; x_wconf 89' lang='lat' dir='ltr'>integro</span> <span class='ocrx_word' id='word_1_233' title='bbox 731 4688 995 4742; x_wconf 90' lang='lat' dir='ltr'>nondum</span> <span class='ocrx_word' id='word_1_234' title='bbox 1028 4686 1400 4758; x_wconf 66' lang='lat' dir='ltr'>praeterlapso</span> <span class='ocrx_word' id='word_1_235' title='bbox 1431 4685 1582 4740; x_wconf 88' lang='lat' dir='ltr'>anno</span> 
     </span>
    </p>
   </div>
   <div class='ocr_carea' id='block_1_51' title="bbox 471 4774 1432 4846">
    <p class='ocr_par' dir='ltr' id='par_1_51' title="bbox 471 4774 1432 4846">
     <span class='ocr_line' id='line_1_51' title="bbox 471 4774 1432 4846; baseline -0.002 -16"><span class='ocrx_word' id='word_1_236' title='bbox 471 4792 576 4830; x_wconf 90' lang='lat' dir='ltr'>eoa</span> <span class='ocrx_word' id='word_1_237' title='bbox 605 4775 782 4830; x_wconf 89' lang='lat' dir='ltr'>simul</span> <span class='ocrx_word' id='word_1_238' title='bbox 814 4774 956 4830; x_wconf 90' lang='lat' dir='ltr'>ditio</span> <span class='ocrx_word' id='word_1_239' title='bbox 986 4779 1159 4846; x_wconf 89' lang='lat' dir='ltr'>atque</span> <span class='ocrx_word' id='word_1_240' title='bbox 1190 4774 1432 4830; x_wconf 82' lang='lat' dir='ltr'>occidua</span> 
     </span>
    </p>
   </div>
   <div class='ocr_carea' id='block_1_52' title="bbox 471 4863 1685 4920">
    <p class='ocr_par' dir='ltr' id='par_1_52' title="bbox 471 4863 1685 4920">
     <span class='ocr_line' id='line_1_52' title="bbox 471 4863 1685 4920; baseline -0.002 -1"><span class='ocrx_word' id='word_1_241' title='bbox 471 4868 669 4920; x_wconf 88' lang='lat' dir='ltr'>nostra</span> <span class='ocrx_word' id='word_1_242' title='bbox 700 4864 757 4918; x_wconf 92' lang='lat' dir='ltr'>in</span> <span class='ocrx_word' id='word_1_243' title='bbox 794 4864 1057 4918; x_wconf 88' lang='lat' dir='ltr'>Latinum</span> <span class='ocrx_word' id='word_1_244' title='bbox 1092 4864 1268 4919; x_wconf 89' lang='lat' dir='ltr'>cessit</span> <span class='ocrx_word' id='word_1_245' title='bbox 1296 4863 1685 4918; x_wconf 91' lang='lat' dir='ltr'>dominatum.</span> 
     </span>
    </p>
   </div>
   <div class='ocr_carea' id='block_1_53' title="bbox 470 4950 1557 5022">
    <p class='ocr_par' dir='ltr' id='par_1_53' title="bbox 470 4950 1557 5022">
     <span class='ocr_line' id='line_1_53' title="bbox 470 4950 1557 5022; baseline -0.004 -15"><span class='ocrx_word' id='word_1_246' title='bbox 470 4951 704 5007; x_wconf 88' lang='lat' dir='ltr'>Alexius</span> <span class='ocrx_word' id='word_1_247' title='bbox 734 4951 1008 5022; x_wconf 90' lang='lat' dir='ltr'>posthinc</span> <span class='ocrx_word' id='word_1_248' title='bbox 1034 4950 1195 5006; x_wconf 89' lang='lat' dir='ltr'>exsul</span> <span class='ocrx_word' id='word_1_249' title='bbox 1238 4951 1557 5020; x_wconf 89' lang='lat' dir='ltr'>imperator</span> 
     </span>
    </p>
   </div>
   <div class='ocr_carea' id='block_1_54' title="bbox 473 5047 1824 5113">
    <p class='ocr_par' dir='ltr' id='par_1_54' title="bbox 473 5047 1824 5113">
     <span class='ocr_line' id='line_1_54' title="bbox 473 5047 1824 5113; baseline -0.002 -9"><span class='ocrx_word' id='word_1_250' title='bbox 473 5066 606 5104; x_wconf 89' lang='lat' dir='ltr'>cum</span> <span class='ocrx_word' id='word_1_251' title='bbox 642 5049 701 5103; x_wconf 92' lang='lat' dir='ltr'>in</span> <span class='ocrx_word' id='word_1_252' title='bbox 733 5048 999 5103; x_wconf 89' lang='lat' dir='ltr'>Latinum</span> <span class='ocrx_word' id='word_1_253' title='bbox 1034 5047 1426 5103; x_wconf 90' lang='lat' dir='ltr'>marchionem</span> <span class='ocrx_word' id='word_1_254' title='bbox 1460 5047 1824 5113; x_wconf 87' lang='lat' dir='ltr'>incurrisset,</span> 
     </span>
    </p>
   </div>
   <div class='ocr_carea' id='block_1_55' title="bbox 473 5135 1616 5207">
    <p class='ocr_par' dir='ltr' id='par_1_55' title="bbox 473 5135 1616 5207">
     <span class='ocr_line' id='line_1_55' title="bbox 473 5135 1616 5207; baseline -0.001 -15"><span class='ocrx_word' id='word_1_255' title='bbox 473 5138 707 5192; x_wconf 85' lang='lat' dir='ltr'>exuitur</span> <span class='ocrx_word' id='word_1_256' title='bbox 734 5137 952 5191; x_wconf 88' lang='lat' dir='ltr'>invitus</span> <span class='ocrx_word' id='word_1_257' title='bbox 983 5135 1213 5207; x_wconf 90' lang='lat' dir='ltr'>imperii</span> <span class='ocrx_word' id='word_1_258' title='bbox 1243 5135 1616 5206; x_wconf 85' lang='lat' dir='ltr'>insignibus:</span> 
     </span>
    </p>
   </div>
   <div class='ocr_carea' id='block_1_56' title="bbox 472 5223 1651 5296">
    <p class='ocr_par' dir='ltr' id='par_1_56' title="bbox 472 5223 1651 5296">
     <span class='ocr_line' id='line_1_56' title="bbox 472 5223 1651 5296; baseline -0.003 -15"><span class='ocrx_word' id='word_1_259' title='bbox 472 5233 598 5281; x_wconf 87' lang='lat' dir='ltr'>tum</span> <span class='ocrx_word' id='word_1_260' title='bbox 631 5227 700 5281; x_wconf 86' lang='lat' dir='ltr'>ad</span> <span class='ocrx_word' id='word_1_261' title='bbox 735 5224 1081 5296; x_wconf 82' lang='lat' dir='ltr'>Hesperium</span> <span class='ocrx_word' id='word_1_262' title='bbox 1108 5224 1248 5279; x_wconf 91' lang='lat' dir='ltr'>salsi</span> <span class='ocrx_word' id='word_1_263' title='bbox 1280 5223 1430 5279; x_wconf 88' lang='lat' dir='ltr'>aeris</span> <span class='ocrx_word' id='word_1_264' title='bbox 1460 5225 1651 5279; x_wconf 90' lang='lat' dir='ltr'>locum</span> 
     </span>
    </p>
   </div>
   <div class='ocr_carea' id='block_1_57' title="bbox 474 5311 1725 5383">
    <p class='ocr_par' dir='ltr' id='par_1_57' title="bbox 474 5311 1725 5383">
     <span class='ocr_line' id='line_1_57' title="bbox 474 5311 1725 5383; baseline -0.001 -15"><span class='ocrx_word' id='word_1_265' title='bbox 474 5315 750 5383; x_wconf 87' lang='lat' dir='ltr'>mittitur,</span> <span class='ocrx_word' id='word_1_266' title='bbox 785 5320 849 5369; x_wconf 90' lang='lat' dir='ltr'>ut</span> <span class='ocrx_word' id='word_1_267' title='bbox 880 5314 1059 5368; x_wconf 88' lang='lat' dir='ltr'>vitam</span> <span class='ocrx_word' id='word_1_268' title='bbox 1090 5311 1167 5366; x_wconf 89' lang='lat' dir='ltr'>ibi</span> <span class='ocrx_word' id='word_1_269' title='bbox 1208 5328 1373 5367; x_wconf 71' lang='lat' dir='ltr'>suam</span> <span class='ocrx_word' id='word_1_270' title='bbox 1406 5311 1725 5379; x_wconf 87' lang='lat' dir='ltr'>clauderet,</span> 
     </span>
    </p>
   </div>
   <div class='ocr_carea' id='block_1_58' title="bbox 473 5400 1689 5473">
    <p class='ocr_par' dir='ltr' id='par_1_58' title="bbox 473 5400 1689 5473">
     <span class='ocr_line' id='line_1_58' title="bbox 473 5400 1689 5473; baseline -0.002 -16"><span class='ocrx_word' id='word_1_271' title='bbox 473 5420 588 5457; x_wconf 90' lang='lat' dir='ltr'>non</span> <span class='ocrx_word' id='word_1_272' title='bbox 622 5403 748 5458; x_wconf 89' lang='lat' dir='ltr'>sine</span> <span class='ocrx_word' id='word_1_273' title='bbox 774 5402 1156 5473; x_wconf 79' lang='lat' dir='ltr'>Euphrosyne</span> <span class='ocrx_word' id='word_1_274' title='bbox 1187 5402 1437 5471; x_wconf 87' lang='lat' dir='ltr'>conjuge</span> <span class='ocrx_word' id='word_1_275' title='bbox 1469 5400 1689 5471; x_wconf 88' lang='lat' dir='ltr'>regina,</span> 
     </span>
    </p>
   </div>
   <div class='ocr_carea' id='block_1_59' title="bbox 475 5487 1549 5561">
    <p class='ocr_par' dir='ltr' id='par_1_59' title="bbox 475 5487 1549 5561">
     <span class='ocr_line' id='line_1_59' title="bbox 475 5487 1549 5561; baseline -0.002 -15"><span class='ocrx_word' id='word_1_276' title='bbox 475 5492 670 5546; x_wconf 91' lang='lat' dir='ltr'>sedem</span> <span class='ocrx_word' id='word_1_277' title='bbox 704 5492 953 5547; x_wconf 72' lang='lat' dir='ltr'>fortunae</span> <span class='ocrx_word' id='word_1_278' title='bbox 982 5505 1301 5561; x_wconf 86' lang='lat' dir='ltr'>congruam</span> <span class='ocrx_word' id='word_1_279' title='bbox 1335 5487 1549 5544; x_wconf 91' lang='lat' dir='ltr'>sortiti.</span> 
     </span>
    </p>
   </div>
   <div class='ocr_carea' id='block_1_60' title="bbox 476 5577 1487 5648">
    <p class='ocr_par' dir='ltr' id='par_1_60' title="bbox 476 5577 1487 5648">
     <span class='ocr_line' id='line_1_60' title="bbox 476 5577 1487 5648; baseline -0.007 -13"><span class='ocrx_word' id='word_1_280' title='bbox 476 5579 719 5635; x_wconf 69' lang='lat' dir='ltr'>Caesaris</span> <span class='ocrx_word' id='word_1_281' title='bbox 748 5583 944 5633; x_wconf 89' lang='lat' dir='ltr'>autem</span> <span class='ocrx_word' id='word_1_282' title='bbox 979 5578 1289 5647; x_wconf 89' lang='lat' dir='ltr'>stipatores</span> <span class='ocrx_word' id='word_1_283' title='bbox 1322 5577 1487 5648; x_wconf 76' lang='lat' dir='ltr'>iegii,</span> 
     </span>
    </p>
   </div>
   <div class='ocr_carea' id='block_1_61' title="bbox 478 5667 1413 5738">
    <p class='ocr_par' dir='ltr' id='par_1_61' title="bbox 478 5667 1413 5738">
     <span class='ocr_line' id='line_1_61' title="bbox 478 5667 1413 5738; baseline -0.002 -15"><span class='ocrx_word' id='word_1_284' title='bbox 478 5667 702 5723; x_wconf 88' lang='lat' dir='ltr'>strenui</span> <span class='ocrx_word' id='word_1_285' title='bbox 732 5668 859 5737; x_wconf 88' lang='lat' dir='ltr'>viri,</span> <span class='ocrx_word' id='word_1_286' title='bbox 889 5667 1093 5738; x_wconf 90' lang='lat' dir='ltr'>stirpis</span> <span class='ocrx_word' id='word_1_287' title='bbox 1123 5682 1413 5737; x_wconf 68' lang='lat' dir='ltr'>generosae</span> 
     </span>
    </p>
   </div>
   <div class='ocr_carea' id='block_1_62' title="bbox 2133 505 3341 580">
    <p class='ocr_par' dir='ltr' id='par_1_62' title="bbox 2133 505 3341 580">
     <span class='ocr_line' id='line_1_62' title="bbox 2133 505 3341 580; baseline 0.001 -21"><span class='ocrx_word' id='word_1_288' title='bbox 2133 509 2189 574; x_wconf 81' lang='grc' dir='ltr'><strong>Α</strong></span> <span class='ocrx_word' id='word_1_289' title='bbox 2393 512 2499 577; x_wconf 84' lang='grc' dir='ltr'>Τῆς</span> <span class='ocrx_word' id='word_1_290' title='bbox 2533 506 2755 564; x_wconf 79' lang='grc' dir='ltr'>Ἰταλῶν</span> <span class='ocrx_word' id='word_1_291' title='bbox 2789 506 2967 580; x_wconf 80' lang='grc' dir='ltr'>ἔμεινε</span> <span class='ocrx_word' id='word_1_292' title='bbox 2996 505 3341 580; x_wconf 82' lang='grc' dir='ltr'>κυριαρχίας.</span> 
     </span>
    </p>
   </div>
   <div class='ocr_carea' id='block_1_63' title="bbox 2389 590 3539 670">
    <p class='ocr_par' dir='ltr' id='par_1_63' title="bbox 2389 590 3539 670">
     <span class='ocr_line' id='line_1_63' title="bbox 2389 590 3539 670; baseline -0.004 -20"><span class='ocrx_word' id='word_1_293' title='bbox 2389 595 2691 670; x_wconf 79' lang='grc' dir='ltr'>Μαρκέσιος</span> <span class='ocrx_word' id='word_1_294' title='bbox 2723 594 2778 650; x_wconf 79' lang='grc' dir='ltr'>δὲ</span> <span class='ocrx_word' id='word_1_295' title='bbox 2805 596 2900 656; x_wconf 72' lang='grc' dir='ltr'>τὰς</span> <span class='ocrx_word' id='word_1_296' title='bbox 2929 596 3062 667; x_wconf 78' lang='grc' dir='ltr'>πρὸς</span> <span class='ocrx_word' id='word_1_297' title='bbox 3093 595 3316 669; x_wconf 79' lang='grc' dir='ltr'>ἒσπέραν</span> <span class='ocrx_word' id='word_1_298' title='bbox 3349 590 3539 653; x_wconf 81' lang='grc' dir='ltr'>πόλεις</span> 
     </span>
    </p>
   </div>
   <div class='ocr_carea' id='block_1_64' title="bbox 2387 678 3527 759">
    <p class='ocr_par' dir='ltr' id='par_1_64' title="bbox 2387 678 3527 759">
     <span class='ocr_line' id='line_1_64' title="bbox 2387 678 3527 759; baseline -0.007 -20"><span class='ocrx_word' id='word_1_299' title='bbox 2387 685 2569 758; x_wconf 76' lang='grc' dir='ltr'>Αἱρῶν</span> <span class='ocrx_word' id='word_1_300' title='bbox 2607 684 2778 759; x_wconf 73' lang='grc' dir='ltr'>ὑπῆγε</span> <span class='ocrx_word' id='word_1_301' title='bbox 2805 688 2882 755; x_wconf 77' lang='grc' dir='ltr'>τῷ</span> <span class='ocrx_word' id='word_1_302' title='bbox 2911 684 3093 754; x_wconf 78' lang='grc' dir='ltr'>κράτει</span> <span class='ocrx_word' id='word_1_303' title='bbox 3123 687 3227 735; x_wconf 91' lang='grc' dir='ltr'>τῶν</span> <span class='ocrx_word' id='word_1_304' title='bbox 3264 678 3527 749; x_wconf 79' lang='grc' dir='ltr'>Λατίνων,</span> 
     </span>
    </p>
   </div>
   <div class='ocr_carea' id='block_1_65' title="bbox 2387 768 3581 846">
    <p class='ocr_par' dir='ltr' id='par_1_65' title="bbox 2387 768 3581 846">
     <span class='ocr_line' id='line_1_65' title="bbox 2387 768 3581 846; baseline -0.003 -20"><span class='ocrx_word' id='word_1_305' title='bbox 2387 778 2570 845; x_wconf 81' lang='grc' dir='ltr'>Ἕχων</span> <span class='ocrx_word' id='word_1_306' title='bbox 2596 770 2870 846; x_wconf 82' lang='grc' dir='ltr'>ποδηγούς</span> <span class='ocrx_word' id='word_1_307' title='bbox 2901 792 3048 833; x_wconf 89' lang='grc' dir='ltr'>τινας</span> <span class='ocrx_word' id='word_1_308' title='bbox 3080 770 3138 824; x_wconf 81' lang='grc' dir='ltr'>ἐκ</span> <span class='ocrx_word' id='word_1_309' title='bbox 3163 774 3273 824; x_wconf 89' lang='grc' dir='ltr'>τῶν</span> <span class='ocrx_word' id='word_1_310' title='bbox 3304 768 3581 824; x_wconf 82' lang='grc' dir='ltr'>Αὐσόνων.</span> 
     </span>
    </p>
   </div>
   <div class='ocr_carea' id='block_1_66' title="bbox 2209 865 3466 943">
    <p class='ocr_par' dir='ltr' id='par_1_66' title="bbox 2209 865 3466 943">
     <span class='ocr_line' id='line_1_66' title="bbox 2209 865 3466 943; baseline 0 -24"><span class='ocrx_word' id='word_1_311' title='bbox 2209 868 2351 922; x_wconf 81' lang='grc'>7275</span> <span class='ocrx_word' id='word_1_312' title='bbox 2390 869 2536 922; x_wconf 88' lang='grc' dir='ltr'>Λέων</span> <span class='ocrx_word' id='word_1_313' title='bbox 2570 867 2626 922; x_wconf 75' lang='grc' dir='ltr'>δὲ</span> <span class='ocrx_word' id='word_1_314' title='bbox 2658 870 2901 943; x_wconf 86' lang='grc' dir='ltr'>Σγουρὸς</span> <span class='ocrx_word' id='word_1_315' title='bbox 2936 867 3264 932; x_wconf 86' lang='grc' dir='ltr'>ὑποκαθίσας</span> <span class='ocrx_word' id='word_1_316' title='bbox 3297 865 3466 939; x_wconf 79' lang='grc' dir='ltr'>λόχον</span> 
     </span>
    </p>
   </div>
   <div class='ocr_carea' id='block_1_67' title="bbox 2390 952 3532 1031">
    <p class='ocr_par' dir='ltr' id='par_1_67' title="bbox 2390 952 3532 1031">
     <span class='ocr_line' id='line_1_67' title="bbox 2390 952 3532 1031; baseline -0.003 -21"><span class='ocrx_word' id='word_1_317' title='bbox 2390 956 2475 1010; x_wconf 86' lang='grc' dir='ltr'>Ἐν</span> <span class='ocrx_word' id='word_1_318' title='bbox 2510 954 2894 1031; x_wconf 81' lang='grc' dir='ltr'>Θερμοπύλαις</span> <span class='ocrx_word' id='word_1_319' title='bbox 2928 958 3179 1019; x_wconf 81' lang='grc' dir='ltr'>Ἀττικῆς</span> <span class='ocrx_word' id='word_1_320' title='bbox 3211 959 3291 1027; x_wconf 80' lang='grc' dir='ltr'>τῷ</span> <span class='ocrx_word' id='word_1_321' title='bbox 3324 952 3532 1027; x_wconf 80' lang='grc' dir='ltr'>χωρίῳ.</span> 
     </span>
    </p>
   </div>
   <div class='ocr_carea' id='block_1_68' title="bbox 2390 1041 3562 1118">
    <p class='ocr_par' dir='ltr' id='par_1_68' title="bbox 2390 1041 3562 1118">
     <span class='ocr_line' id='line_1_68' title="bbox 2390 1041 3562 1118; baseline -0.001 -21"><span class='ocrx_word' id='word_1_322' title='bbox 2390 1044 2532 1115; x_wconf 85' lang='grc' dir='ltr'>Πρός</span> <span class='ocrx_word' id='word_1_323' title='bbox 2566 1042 2720 1112; x_wconf 77' lang='grc' dir='ltr'>δῆθεν</span> <span class='ocrx_word' id='word_1_324' title='bbox 2754 1044 3057 1118; x_wconf 86' lang='grc' dir='ltr'>ἀντίμαχον</span> <span class='ocrx_word' id='word_1_325' title='bbox 3089 1043 3318 1099; x_wconf 78' lang='grc' dir='ltr'>Ἰταλῶν</span> <span class='ocrx_word' id='word_1_326' title='bbox 3353 1041 3562 1115; x_wconf 83' lang='grc' dir='ltr'>μάχην.</span> 
     </span>
    </p>
   </div>
   <div class='ocr_carea' id='block_1_69' title="bbox 2389 1130 3527 1207">
    <p class='ocr_par' dir='ltr' id='par_1_69' title="bbox 2389 1130 3527 1207">
     <span class='ocr_line' id='line_1_69' title="bbox 2389 1130 3527 1207; baseline -0.001 -22"><span class='ocrx_word' id='word_1_327' title='bbox 2389 1130 2568 1202; x_wconf 76' lang='grc' dir='ltr'>Μηδὲν</span> <span class='ocrx_word' id='word_1_328' title='bbox 2603 1130 2660 1187; x_wconf 77' lang='grc' dir='ltr'>δὲ</span> <span class='ocrx_word' id='word_1_329' title='bbox 2689 1133 2926 1206; x_wconf 85' lang='grc' dir='ltr'>γενναῖόν</span> <span class='ocrx_word' id='word_1_330' title='bbox 2954 1154 3005 1187; x_wconf 92' lang='grc' dir='ltr'>τι</span> <span class='ocrx_word' id='word_1_331' title='bbox 3032 1131 3120 1187; x_wconf 85' lang='grc' dir='ltr'>καὶ</span> <span class='ocrx_word' id='word_1_332' title='bbox 3155 1130 3352 1207; x_wconf 81' lang='grc' dir='ltr'>δράσας</span> <span class='ocrx_word' id='word_1_333' title='bbox 3382 1130 3527 1193; x_wconf 77' lang='grc' dir='ltr'>ὅλως</span> 
     </span>
    </p>
   </div>
   <div class='ocr_carea' id='block_1_70' title="bbox 2389 1217 3496 1295">
    <p class='ocr_par' dir='ltr' id='par_1_70' title="bbox 2389 1217 3496 1295">
     <span class='ocr_line' id='line_1_70' title="bbox 2389 1217 3496 1295; baseline -0.004 -20"><span class='ocrx_word' id='word_1_334' title='bbox 2389 1219 2624 1283; x_wconf 82' lang='grc' dir='ltr'>Ἐκεῖθεν</span> <span class='ocrx_word' id='word_1_335' title='bbox 2657 1221 2734 1282; x_wconf 85' lang='grc' dir='ltr'>εἰς</span> <span class='ocrx_word' id='word_1_336' title='bbox 2766 1222 3029 1295; x_wconf 89' lang='grc' dir='ltr'>Κόρινθον</span> <span class='ocrx_word' id='word_1_337' title='bbox 3053 1217 3232 1294; x_wconf 79' lang='grc' dir='ltr'>ᾤχετο</span> <span class='ocrx_word' id='word_1_338' title='bbox 3259 1218 3496 1292; x_wconf 83' lang='grc' dir='ltr'>τρέχων·</span> 
     </span>
    </p>
   </div>
   <div class='ocr_carea' id='block_1_71' title="bbox 2213 1306 3499 1385">
    <p class='ocr_par' dir='ltr' id='par_1_71' title="bbox 2213 1306 3499 1385">
     <span class='ocr_line' id='line_1_71' title="bbox 2213 1306 3499 1385; baseline 0.001 -26"><span class='ocrx_word' id='word_1_339' title='bbox 2213 1310 2356 1361; x_wconf 79' lang='lat'>7&#39;280</span> <span class='ocrx_word' id='word_1_340' title='bbox 2390 1309 2488 1370; x_wconf 77' lang='grc' dir='ltr'>’Ὁς</span> <span class='ocrx_word' id='word_1_341' title='bbox 2521 1308 2671 1385; x_wconf 82' lang='grc' dir='ltr'>ἐξέφυ</span> <span class='ocrx_word' id='word_1_342' title='bbox 2707 1310 2800 1381; x_wconf 69' lang='grc' dir='ltr'>μὲν</span> <span class='ocrx_word' id='word_1_343' title='bbox 2831 1309 2889 1363; x_wconf 86' lang='grc' dir='ltr'>έκ</span> <span class='ocrx_word' id='word_1_344' title='bbox 2917 1307 3186 1381; x_wconf 79' lang='grc' dir='ltr'>κλίματος</span> <span class='ocrx_word' id='word_1_345' title='bbox 3221 1306 3499 1362; x_wconf 76' lang='grc' dir='ltr'>Ναυπλίου</span> 
     </span>
    </p>
   </div>
   <div class='ocr_carea' id='block_1_72' title="bbox 2397 1394 3527 1471">
    <p class='ocr_par' dir='ltr' id='par_1_72' title="bbox 2397 1394 3527 1471">
     <span class='ocr_line' id='line_1_72' title="bbox 2397 1394 3527 1471; baseline -0.001 -22"><span class='ocrx_word' id='word_1_346' title='bbox 2397 1398 2655 1470; x_wconf 83' lang='grc' dir='ltr'>Πατρῴας</span> <span class='ocrx_word' id='word_1_347' title='bbox 2687 1394 2873 1471; x_wconf 80' lang='grc' dir='ltr'>ἄίρχων</span> <span class='ocrx_word' id='word_1_348' title='bbox 2908 1396 3129 1470; x_wconf 83' lang='grc' dir='ltr'>μετρίας</span> <span class='ocrx_word' id='word_1_349' title='bbox 3156 1395 3527 1470; x_wconf 85' lang='grc' dir='ltr'>κληρουχίας.</span> 
     </span>
    </p>
   </div>
   <div class='ocr_carea' id='block_1_73' title="bbox 2393 1482 3416 1559">
    <p class='ocr_par' dir='ltr' id='par_1_73' title="bbox 2393 1482 3416 1559">
     <span class='ocr_line' id='line_1_73' title="bbox 2393 1482 3416 1559; baseline -0.004 -19"><span class='ocrx_word' id='word_1_350' title='bbox 2393 1484 2713 1556; x_wconf 81' lang='grc' dir='ltr'>Ἀνωμαλίᾳ</span> <span class='ocrx_word' id='word_1_351' title='bbox 2738 1486 2956 1559; x_wconf 81' lang='grc' dir='ltr'>καιρικῇ</span> <span class='ocrx_word' id='word_1_352' title='bbox 2988 1482 3044 1538; x_wconf 72' lang='grc' dir='ltr'>δὲ</span> <span class='ocrx_word' id='word_1_353' title='bbox 3084 1482 3416 1559; x_wconf 71' lang='grc' dir='ltr'>πραγμάτων</span> 
     </span>
    </p>
   </div>
   <div class='ocr_carea' id='block_1_74' title="bbox 2393 1570 3502 1647">
    <p class='ocr_par' dir='ltr' id='par_1_74' title="bbox 2393 1570 3502 1647">
     <span class='ocr_line' id='line_1_74' title="bbox 2393 1570 3502 1647; baseline -0.001 -22"><span class='ocrx_word' id='word_1_354' title='bbox 2393 1577 2543 1646; x_wconf 82' lang='grc' dir='ltr'>Φορᾷ</span> <span class='ocrx_word' id='word_1_355' title='bbox 2570 1593 2629 1626; x_wconf 91' lang='grc' dir='ltr'>τε</span> <span class='ocrx_word' id='word_1_356' title='bbox 2650 1572 2827 1647; x_wconf 91' lang='grc' dir='ltr'>τύχης</span> <span class='ocrx_word' id='word_1_357' title='bbox 2861 1574 3091 1627; x_wconf 82' lang='grc' dir='ltr'>ἀστάτου</span> <span class='ocrx_word' id='word_1_358' title='bbox 3129 1572 3219 1626; x_wconf 79' lang='grc' dir='ltr'>καὶ</span> <span class='ocrx_word' id='word_1_359' title='bbox 3242 1570 3502 1646; x_wconf 82' lang='grc' dir='ltr'>συγχύσει</span> 
     </span>
    </p>
   </div>
   <div class='ocr_carea' id='block_1_75' title="bbox 2394 1658 3417 1735">
    <p class='ocr_par' dir='ltr' id='par_1_75' title="bbox 2394 1658 3417 1735">
     <span class='ocr_line' id='line_1_75' title="bbox 2394 1658 3417 1735; baseline -0.003 -20"><span class='ocrx_word' id='word_1_360' title='bbox 2394 1660 2503 1716; x_wconf 83' lang='grc' dir='ltr'>Ἀεὶ</span> <span class='ocrx_word' id='word_1_361' title='bbox 2534 1661 2741 1734; x_wconf 81' lang='grc' dir='ltr'>προϊὼν</span> <span class='ocrx_word' id='word_1_362' title='bbox 2775 1659 2831 1714; x_wconf 80' lang='grc' dir='ltr'>ἐκ</span> <span class='ocrx_word' id='word_1_363' title='bbox 2866 1665 3064 1734; x_wconf 74' lang='grc' dir='ltr'>μικροῦ</span> <span class='ocrx_word' id='word_1_364' title='bbox 3100 1661 3265 1733; x_wconf 76' lang='grc' dir='ltr'>μέγας</span> <span class='ocrx_word' id='word_1_365' title='bbox 3299 1658 3417 1735; x_wconf 71' lang='grc' dir='ltr'>ἔφυο</span> 
     </span>
    </p>
   </div>
   <div class='ocr_carea' id='block_1_76' title="bbox 2214 1748 3410 1823">
    <p class='ocr_par' dir='ltr' id='par_1_76' title="bbox 2214 1748 3410 1823">
     <span class='ocr_line' id='line_1_76' title="bbox 2214 1748 3410 1823; baseline -0.002 -19"><span class='ocrx_word' id='word_1_366' title='bbox 2214 1753 2356 1807; x_wconf 82' lang='lat'>7285</span> <span class='ocrx_word' id='word_1_367' title='bbox 2396 1750 2650 1820; x_wconf 70' lang='grc' dir='ltr'>Ληῗζεται</span> <span class='ocrx_word' id='word_1_368' title='bbox 2679 1748 2736 1804; x_wconf 74' lang='grc' dir='ltr'>δὲ</span> <span class='ocrx_word' id='word_1_369' title='bbox 2764 1750 2852 1804; x_wconf 81' lang='grc' dir='ltr'>καὶ</span> <span class='ocrx_word' id='word_1_370' title='bbox 2886 1750 3192 1823; x_wconf 82' lang='grc' dir='ltr'>Βπρινθίων</span> <span class='ocrx_word' id='word_1_371' title='bbox 3225 1749 3410 1817; x_wconf 88' lang='grc' dir='ltr'>πόλιν,</span> 
     </span>
    </p>
   </div>
   <div class='ocr_carea' id='block_1_77' title="bbox 2138 1835 3487 1934">
    <p class='ocr_par' dir='ltr' id='par_1_77' title="bbox 2138 1835 3487 1934">
     <span class='ocr_line' id='line_1_77' title="bbox 2138 1835 3487 1934; baseline -0.003 -40"><span class='ocrx_word' id='word_1_372' title='bbox 2138 1872 2187 1934; x_wconf 83' lang='grc' dir='ltr'><strong>Β</strong></span> <span class='ocrx_word' id='word_1_373' title='bbox 2392 1844 2593 1934; x_wconf 69' lang='grc' dir='ltr'>’Ἄργος</span> <span class='ocrx_word' id='word_1_374' title='bbox 2619 1841 2996 1914; x_wconf 78' lang='grc' dir='ltr'>παρεστήσατο</span> <span class='ocrx_word' id='word_1_375' title='bbox 3024 1844 3125 1892; x_wconf 78' lang='grc' dir='ltr'>πᾶν</span> <span class='ocrx_word' id='word_1_376' title='bbox 3161 1835 3487 1912; x_wconf 76' lang='grc' dir='ltr'>λῃσταρχίᾳ.</span> 
     </span>
    </p>
   </div>
   <div class='ocr_carea' id='block_1_78' title="bbox 2397 1924 3652 2003">
    <p class='ocr_par' dir='ltr' id='par_1_78' title="bbox 2397 1924 3652 2003">
     <span class='ocr_line' id='line_1_78' title="bbox 2397 1924 3652 2003; baseline -0.003 -21"><span class='ocrx_word' id='word_1_377' title='bbox 2397 1924 2570 1988; x_wconf 90' lang='grc' dir='ltr'>Τέλος</span> <span class='ocrx_word' id='word_1_378' title='bbox 2600 1926 2995 2003; x_wconf 74' lang='grc' dir='ltr'>προσαῤῥάσσει</span> <span class='ocrx_word' id='word_1_379' title='bbox 3031 1924 3088 1980; x_wconf 76' lang='grc' dir='ltr'>δὲ</span> <span class='ocrx_word' id='word_1_380' title='bbox 3116 1926 3205 1979; x_wconf 85' lang='grc' dir='ltr'>καὶ</span> <span class='ocrx_word' id='word_1_381' title='bbox 3230 1930 3347 1987; x_wconf 90' lang='grc' dir='ltr'>ταῖς</span> <span class='ocrx_word' id='word_1_382' title='bbox 3380 1927 3652 1995; x_wconf 84' lang='grc' dir='ltr'>Ἀθήναις·</span> 
     </span>
    </p>
   </div>
   <div class='ocr_carea' id='block_1_79' title="bbox 2397 2012 3619 2089">
    <p class='ocr_par' dir='ltr' id='par_1_79' title="bbox 2397 2012 3619 2089">
     <span class='ocr_line' id='line_1_79' title="bbox 2397 2012 3619 2089; baseline -0.001 -21"><span class='ocrx_word' id='word_1_383' title='bbox 2397 2012 2553 2070; x_wconf 86' lang='grc' dir='ltr'>Ἀλλ’</span> <span class='ocrx_word' id='word_1_384' title='bbox 2580 2015 2967 2089; x_wconf 78' lang='grc' dir='ltr'>ἀποκρουσθεὶς</span> <span class='ocrx_word' id='word_1_385' title='bbox 3003 2014 3401 2088; x_wconf 84' lang='grc' dir='ltr'>ἀρχιποιμένος</span> <span class='ocrx_word' id='word_1_386' title='bbox 3430 2012 3619 2088; x_wconf 85' lang='grc' dir='ltr'>λόγοις</span> 
     </span>
    </p>
   </div>
   <div class='ocr_carea' id='block_1_80' title="bbox 2394 2100 3549 2178">
    <p class='ocr_par' dir='ltr' id='par_1_80' title="bbox 2394 2100 3549 2178">
     <span class='ocr_line' id='line_1_80' title="bbox 2394 2100 3549 2178; baseline -0.001 -22"><span class='ocrx_word' id='word_1_387' title='bbox 2394 2107 2498 2156; x_wconf 77' lang='grc' dir='ltr'>Τοῦ</span> <span class='ocrx_word' id='word_1_388' title='bbox 2525 2103 2838 2157; x_wconf 85' lang='grc' dir='ltr'>Χωνειάτου</span> <span class='ocrx_word' id='word_1_389' title='bbox 2865 2100 3097 2177; x_wconf 76' lang='grc' dir='ltr'>Μιχαὴλ</span> <span class='ocrx_word' id='word_1_390' title='bbox 3127 2105 3223 2155; x_wconf 81' lang='grc' dir='ltr'>τοῦ</span> <span class='ocrx_word' id='word_1_391' title='bbox 3253 2100 3549 2178; x_wconf 86' lang='grc' dir='ltr'>πανσόφου,</span> 
     </span>
    </p>
   </div>
   <div class='ocr_carea' id='block_1_81' title="bbox 2220 2195 3446 2277">
    <p class='ocr_par' dir='ltr' id='par_1_81' title="bbox 2220 2195 3446 2277">
     <span class='ocr_line' id='line_1_81' title="bbox 2220 2195 3446 2277; baseline -0.002 -24"><span class='ocrx_word' id='word_1_392' title='bbox 2220 2202 2364 2255; x_wconf 85' lang='grc'>7290</span> <span class='ocrx_word' id='word_1_393' title='bbox 2392 2195 2594 2270; x_wconf 77' lang='grc' dir='ltr'>Θήϐαις</span> <span class='ocrx_word' id='word_1_394' title='bbox 2624 2199 2809 2277; x_wconf 83' lang='grc' dir='ltr'>ἐφπμᾷ</span> <span class='ocrx_word' id='word_1_395' title='bbox 2837 2200 3054 2274; x_wconf 80' lang='grc' dir='ltr'>ταχέως</span> <span class='ocrx_word' id='word_1_396' title='bbox 3087 2196 3446 2268; x_wconf 75' lang='grc' dir='ltr'>ἑπταπύλοις,</span> 
     </span>
    </p>
   </div>
   <div class='ocr_carea' id='block_1_82' title="bbox 2413 2286 3691 2363">
    <p class='ocr_par' dir='ltr' id='par_1_82' title="bbox 2413 2286 3691 2363">
     <span class='ocr_line' id='line_1_82' title="bbox 2413 2286 3691 2363; baseline -0.003 -20"><span class='ocrx_word' id='word_1_397' title='bbox 2413 2288 2513 2344; x_wconf 86' lang='grc' dir='ltr'>Καὶ</span> <span class='ocrx_word' id='word_1_398' title='bbox 2545 2286 2703 2342; x_wconf 86' lang='grc' dir='ltr'>τάθδε</span> <span class='ocrx_word' id='word_1_399' title='bbox 2736 2289 2950 2363; x_wconf 79' lang='grc' dir='ltr'>συσχὼν</span> <span class='ocrx_word' id='word_1_400' title='bbox 2985 2288 3149 2362; x_wconf 78' lang='grc' dir='ltr'>ῥᾷστα</span> <span class='ocrx_word' id='word_1_401' title='bbox 3168 2293 3270 2355; x_wconf 80' lang='grc' dir='ltr'>τῆς</span> <span class='ocrx_word' id='word_1_402' title='bbox 3303 2286 3487 2361; x_wconf 81' lang='grc' dir='ltr'>μάχης</span> <span class='ocrx_word' id='word_1_403' title='bbox 3514 2287 3691 2358; x_wconf 88' lang='grc' dir='ltr'>νόμῳ,</span> 
     </span>
    </p>
   </div>
   <div class='ocr_carea' id='block_1_83' title="bbox 2398 2372 3486 2449">
    <p class='ocr_par' dir='ltr' id='par_1_83' title="bbox 2398 2372 3486 2449">
     <span class='ocr_line' id='line_1_83' title="bbox 2398 2372 3486 2449; baseline -0.002 -19"><span class='ocrx_word' id='word_1_404' title='bbox 2398 2376 2540 2449; x_wconf 86' lang='grc' dir='ltr'>Πρὸς</span> <span class='ocrx_word' id='word_1_405' title='bbox 2574 2376 2845 2449; x_wconf 83' lang='grc' dir='ltr'>Λαρίσσης</span> <span class='ocrx_word' id='word_1_406' title='bbox 2876 2374 3030 2448; x_wconf 77' lang='grc' dir='ltr'>ἔξεισι</span> <span class='ocrx_word' id='word_1_407' title='bbox 3060 2377 3157 2436; x_wconf 78' lang='grc' dir='ltr'>τὰς</span> <span class='ocrx_word' id='word_1_408' title='bbox 3190 2372 3486 2447; x_wconf 75' lang='grc' dir='ltr'>διεξόδους,</span> 
     </span>
    </p>
   </div>
   <div class='ocr_carea' id='block_1_84' title="bbox 2397 2463 3325 2540">
    <p class='ocr_par' dir='ltr' id='par_1_84' title="bbox 2397 2463 3325 2540">
     <span class='ocr_line' id='line_1_84' title="bbox 2397 2463 3325 2540; baseline -0.004 -19"><span class='ocrx_word' id='word_1_409' title='bbox 2397 2468 2561 2528; x_wconf 76' lang='grc' dir='ltr'>Ἔνθα</span> <span class='ocrx_word' id='word_1_410' title='bbox 2594 2463 2809 2540; x_wconf 87' lang='grc' dir='ltr'>βασιλεῖ</span> <span class='ocrx_word' id='word_1_411' title='bbox 2834 2466 3067 2536; x_wconf 79' lang='grc' dir='ltr'>συνέμιῖ</span> <span class='ocrx_word' id='word_1_412' title='bbox 3098 2464 3325 2537; x_wconf 80' lang='grc' dir='ltr'>Αλεξίῳ,</span> 
     </span>
    </p>
   </div>
   <div class='ocr_carea' id='block_1_85' title="bbox 2395 2551 3517 2628">
    <p class='ocr_par' dir='ltr' id='par_1_85' title="bbox 2395 2551 3517 2628">
     <span class='ocr_line' id='line_1_85' title="bbox 2395 2551 3517 2628; baseline -0.004 -19"><span class='ocrx_word' id='word_1_413' title='bbox 2395 2555 2492 2615; x_wconf 79' lang='lat' dir='ltr'>&quot;Oc:</span> <span class='ocrx_word' id='word_1_414' title='bbox 2516 2553 2814 2615; x_wconf 75' lang='grc' dir='ltr'>ἀπαναστὰς</span> <span class='ocrx_word' id='word_1_415' title='bbox 2844 2554 2904 2608; x_wconf 81' lang='grc' dir='ltr'>ἐκ</span> <span class='ocrx_word' id='word_1_416' title='bbox 2936 2558 3111 2628; x_wconf 80' lang='grc' dir='ltr'>μερῶν</span> <span class='ocrx_word' id='word_1_417' title='bbox 3144 2551 3517 2628; x_wconf 75' lang='grc' dir='ltr'>προσαρκτίων</span> 
     </span>
    </p>
   </div>
   <div class='ocr_carea' id='block_1_86' title="bbox 2217 2640 3548 2715">
    <p class='ocr_par' dir='ltr' id='par_1_86' title="bbox 2217 2640 3548 2715">
     <span class='ocr_line' id='line_1_86' title="bbox 2217 2640 3548 2715; baseline -0.002 -18"><span class='ocrx_word' id='word_1_418' title='bbox 2217 2644 2359 2697; x_wconf 76' lang='grc'>7295</span> <span class='ocrx_word' id='word_1_419' title='bbox 2395 2641 2713 2713; x_wconf 82' lang='grc' dir='ltr'>Ἀλώμενός</span> <span class='ocrx_word' id='word_1_420' title='bbox 2745 2663 2803 2696; x_wconf 91' lang='grc' dir='ltr'>τε</span> <span class='ocrx_word' id='word_1_421' title='bbox 2831 2640 2963 2715; x_wconf 83' lang='grc' dir='ltr'>τῇδε</span> <span class='ocrx_word' id='word_1_422' title='bbox 2993 2642 3195 2696; x_wconf 86' lang='grc' dir='ltr'>κάκεῖσ’</span> <span class='ocrx_word' id='word_1_423' title='bbox 3228 2641 3301 2703; x_wconf 87' lang='grc' dir='ltr'>ὡς</span> <span class='ocrx_word' id='word_1_424' title='bbox 3334 2640 3548 2710; x_wconf 83' lang='grc' dir='ltr'>πλάνης</span> 
     </span>
    </p>
   </div>
   <div class='ocr_carea' id='block_1_87' title="bbox 2398 2728 3500 2804">
    <p class='ocr_par' dir='ltr' id='par_1_87' title="bbox 2398 2728 3500 2804">
     <span class='ocr_line' id='line_1_87' title="bbox 2398 2728 3500 2804; baseline -0.004 -19"><span class='ocrx_word' id='word_1_425' title='bbox 2398 2729 2502 2785; x_wconf 85' lang='grc' dir='ltr'>Καὶ</span> <span class='ocrx_word' id='word_1_426' title='bbox 2533 2728 2883 2793; x_wconf 80' lang='grc' dir='ltr'>Θετταλικοῖς</span> <span class='ocrx_word' id='word_1_427' title='bbox 2908 2730 3135 2803; x_wconf 88' lang='grc' dir='ltr'>τέμπεσι</span> <span class='ocrx_word' id='word_1_428' title='bbox 3166 2728 3500 2804; x_wconf 73' lang='grc' dir='ltr'>προσερῥύη,</span> 
     </span>
    </p>
   </div>
   <div class='ocr_carea' id='block_1_88' title="bbox 2395 2814 3560 2892">
    <p class='ocr_par' dir='ltr' id='par_1_88' title="bbox 2395 2814 3560 2892">
     <span class='ocr_line' id='line_1_88' title="bbox 2395 2814 3560 2892; baseline -0.002 -20"><span class='ocrx_word' id='word_1_429' title='bbox 2395 2819 2580 2892; x_wconf 78' lang='grc' dir='ltr'>Ἀγων</span> <span class='ocrx_word' id='word_1_430' title='bbox 2616 2819 2730 2889; x_wconf 88' lang='grc' dir='ltr'>μεθ’</span> <span class='ocrx_word' id='word_1_431' title='bbox 2761 2818 2922 2872; x_wconf 73' lang='grc' dir='ltr'>αὐτοῦ</span> <span class='ocrx_word' id='word_1_432' title='bbox 2951 2817 3119 2872; x_wconf 82' lang='grc' dir='ltr'>παῖδα</span> <span class='ocrx_word' id='word_1_433' title='bbox 3142 2818 3239 2886; x_wconf 79' lang='grc' dir='ltr'>τήν</span> <span class='ocrx_word' id='word_1_434' title='bbox 3274 2814 3560 2887; x_wconf 85' lang='grc' dir='ltr'>Εύδοκίαν,</span> 
     </span>
    </p>
   </div>
   <div class='ocr_carea' id='block_1_89' title="bbox 2392 2904 3543 2981">
    <p class='ocr_par' dir='ltr' id='par_1_89' title="bbox 2392 2904 3543 2981">
     <span class='ocr_line' id='line_1_89' title="bbox 2392 2904 3543 2981; baseline 0.001 -21"><span class='ocrx_word' id='word_1_435' title='bbox 2392 2912 2624 2981; x_wconf 73' lang='grc' dir='ltr'>⁶Ηνεπερ</span> <span class='ocrx_word' id='word_1_436' title='bbox 2655 2906 3001 2981; x_wconf 87' lang='grc' dir='ltr'>κατηγγύησε</span> <span class='ocrx_word' id='word_1_437' title='bbox 3027 2911 3109 2977; x_wconf 79' lang='grc' dir='ltr'>τῷ</span> <span class='ocrx_word' id='word_1_438' title='bbox 3142 2909 3372 2979; x_wconf 74' lang='grc' dir='ltr'>Σγουρῷ</span> <span class='ocrx_word' id='word_1_439' title='bbox 3399 2904 3543 2961; x_wconf 89' lang='grc' dir='ltr'>τότε.</span> 
     </span>
    </p>
   </div>
   <div class='ocr_carea' id='block_1_90' title="bbox 2395 2991 3571 3069">
    <p class='ocr_par' dir='ltr' id='par_1_90' title="bbox 2395 2991 3571 3069">
     <span class='ocr_line' id='line_1_90' title="bbox 2395 2991 3571 3069; baseline -0.001 -22"><span class='ocrx_word' id='word_1_440' title='bbox 2395 3000 2647 3064; x_wconf 81' lang='grc' dir='ltr'>Συνῆπτο</span> <span class='ocrx_word' id='word_1_441' title='bbox 2681 2991 2737 3047; x_wconf 74' lang='grc' dir='ltr'>δὲ</span> <span class='ocrx_word' id='word_1_442' title='bbox 2767 2993 2890 3068; x_wconf 79' lang='grc' dir='ltr'>πρίν</span> <span class='ocrx_word' id='word_1_443' title='bbox 2920 2995 3054 3069; x_wconf 90' lang='grc' dir='ltr'>πρὸς</span> <span class='ocrx_word' id='word_1_444' title='bbox 3082 2994 3259 3069; x_wconf 86' lang='grc' dir='ltr'>γάμου</span> <span class='ocrx_word' id='word_1_445' title='bbox 3288 2992 3571 3048; x_wconf 80' lang='grc' dir='ltr'>κοινωνίαν</span> 
     </span>
    </p>
   </div>
   <div class='ocr_carea' id='block_1_91' title="bbox 2214 3087 3569 3168">
    <p class='ocr_par' dir='ltr' id='par_1_91' title="bbox 2214 3087 3569 3168">
     <span class='ocr_line' id='line_1_91' title="bbox 2214 3087 3569 3168; baseline -0.001 -23"><span class='ocrx_word' id='word_1_446' title='bbox 2214 3093 2354 3147; x_wconf 88' lang='grc'>7300</span> <span class='ocrx_word' id='word_1_447' title='bbox 2394 3093 2812 3166; x_wconf 79' lang='grc' dir='ltr'>’Λρχηγετοῦντι</span> <span class='ocrx_word' id='word_1_448' title='bbox 2844 3096 2950 3146; x_wconf 90' lang='grc' dir='ltr'>τῶν</span> <span class='ocrx_word' id='word_1_449' title='bbox 2976 3087 3260 3165; x_wconf 77' lang='grc' dir='ltr'>Τριϐαλῶν</span> <span class='ocrx_word' id='word_1_450' title='bbox 3296 3090 3569 3168; x_wconf 82' lang='grc' dir='ltr'>Στεφάνῳ,</span> 
     </span>
    </p>
   </div>
   <div class='ocr_carea' id='block_1_92' title="bbox 2135 3175 3570 3286">
    <p class='ocr_par' dir='ltr' id='par_1_92' title="bbox 2135 3175 3570 3286">
     <span class='ocr_line' id='line_1_92' title="bbox 2135 3175 3570 3286; baseline -0.001 -49"><span class='ocrx_word' id='word_1_451' title='bbox 2135 3220 2177 3286; x_wconf 79' lang='lat' dir='ltr'>C</span> <span class='ocrx_word' id='word_1_452' title='bbox 2388 3180 2486 3241; x_wconf 88' lang='grc' dir='ltr'>Ὃς</span> <span class='ocrx_word' id='word_1_453' title='bbox 2519 3175 2763 3234; x_wconf 64' lang='grc' dir='ltr'>ἐκϐαλὼν</span> <span class='ocrx_word' id='word_1_454' title='bbox 2794 3177 3001 3252; x_wconf 77' lang='grc' dir='ltr'>ἔπεμψε</span> <span class='ocrx_word' id='word_1_455' title='bbox 3028 3176 3182 3250; x_wconf 82' lang='grc' dir='ltr'>τήνδ’</span> <span class='ocrx_word' id='word_1_456' title='bbox 3214 3178 3289 3241; x_wconf 83' lang='grc' dir='ltr'>εἰς</span> <span class='ocrx_word' id='word_1_457' title='bbox 3317 3175 3570 3252; x_wconf 88' lang='grc' dir='ltr'>πατριδα.</span> 
     </span>
    </p>
   </div>
   <div class='ocr_carea' id='block_1_93' title="bbox 2390 3265 3643 3344">
    <p class='ocr_par' dir='ltr' id='par_1_93' title="bbox 2390 3265 3643 3344">
     <span class='ocr_line' id='line_1_93' title="bbox 2390 3265 3643 3344; baseline -0.001 -23"><span class='ocrx_word' id='word_1_458' title='bbox 2390 3269 2460 3335; x_wconf 88' lang='grc' dir='ltr'><strong>ᾜ</strong></span> <span class='ocrx_word' id='word_1_459' title='bbox 2491 3267 2701 3336; x_wconf 91' lang='grc' dir='ltr'>Δούκης</span> <span class='ocrx_word' id='word_1_460' title='bbox 2732 3268 3010 3339; x_wconf 79' lang='grc' dir='ltr'>συνῴκησε</span> <span class='ocrx_word' id='word_1_461' title='bbox 3038 3265 3466 3344; x_wconf 83' lang='grc' dir='ltr'>Μούρτζουφλος</span> <span class='ocrx_word' id='word_1_462' title='bbox 3500 3268 3643 3329; x_wconf 84' lang='grc' dir='ltr'>θέσιν</span> 
     </span>
    </p>
   </div>
   <div class='ocr_carea' id='block_1_94' title="bbox 2393 3353 3605 3430">
    <p class='ocr_par' dir='ltr' id='par_1_94' title="bbox 2393 3353 3605 3430">
     <span class='ocr_line' id='line_1_94' title="bbox 2393 3353 3605 3430; baseline -0.002 -18"><span class='ocrx_word' id='word_1_463' title='bbox 2393 3355 2545 3412; x_wconf 89' lang='grc' dir='ltr'>Μετὰ</span> <span class='ocrx_word' id='word_1_464' title='bbox 2573 3355 2820 3430; x_wconf 87' lang='grc' dir='ltr'>στέρησιν</span> <span class='ocrx_word' id='word_1_465' title='bbox 2851 3354 2940 3409; x_wconf 85' lang='grc' dir='ltr'>καὶ</span> <span class='ocrx_word' id='word_1_466' title='bbox 2969 3356 3201 3430; x_wconf 86' lang='grc' dir='ltr'>κράτους</span> <span class='ocrx_word' id='word_1_467' title='bbox 3222 3354 3311 3409; x_wconf 84' lang='grc' dir='ltr'>καὶ</span> <span class='ocrx_word' id='word_1_468' title='bbox 3342 3353 3605 3429; x_wconf 86' lang='grc' dir='ltr'>πατρίδος</span> 
     </span>
    </p>
   </div>
   <div class='ocr_carea' id='block_1_95' title="bbox 2391 3440 3430 3517">
    <p class='ocr_par' dir='ltr' id='par_1_95' title="bbox 2391 3440 3430 3517">
     <span class='ocr_line' id='line_1_95' title="bbox 2391 3440 3430 3517; baseline -0.001 -18"><span class='ocrx_word' id='word_1_469' title='bbox 2391 3445 2613 3500; x_wconf 78' lang='grc' dir='ltr'>’Ὁντινα</span> <span class='ocrx_word' id='word_1_470' title='bbox 2643 3445 2858 3517; x_wconf 87' lang='grc' dir='ltr'>συσχὼν</span> <span class='ocrx_word' id='word_1_471' title='bbox 2886 3442 3127 3516; x_wconf 70' lang='grc' dir='ltr'>Ἀλέξιος</span> <span class='ocrx_word' id='word_1_472' title='bbox 3159 3443 3248 3497; x_wconf 81' lang='grc' dir='ltr'>σὺν</span> <span class='ocrx_word' id='word_1_473' title='bbox 3280 3440 3430 3514; x_wconf 82' lang='grc' dir='ltr'>δόλῳ</span> 
     </span>
    </p>
   </div>
   <div class='ocr_carea' id='block_1_96' title="bbox 2216 3529 3498 3602">
    <p class='ocr_par' dir='ltr' id='par_1_96' title="bbox 2216 3529 3498 3602">
     <span class='ocr_line' id='line_1_96' title="bbox 2216 3529 3498 3602; baseline -0.002 -15"><span class='ocrx_word' id='word_1_474' title='bbox 2216 3533 2359 3587; x_wconf 90' lang='grc'>7305</span> <span class='ocrx_word' id='word_1_475' title='bbox 2394 3533 2561 3602; x_wconf 73' lang='grc' dir='ltr'>’Ἀναξ</span> <span class='ocrx_word' id='word_1_476' title='bbox 2593 3531 2805 3601; x_wconf 87' lang='grc' dir='ltr'>πλάνης</span> <span class='ocrx_word' id='word_1_477' title='bbox 2838 3530 3037 3587; x_wconf 82' lang='grc' dir='ltr'>ἄνακτα</span> <span class='ocrx_word' id='word_1_478' title='bbox 3066 3531 3351 3602; x_wconf 79' lang='grc' dir='ltr'>πλανήτην</span> <span class='ocrx_word' id='word_1_479' title='bbox 3382 3529 3498 3585; x_wconf 64' lang='grc' dir='ltr'>ἴσον</span> 
     </span>
    </p>
   </div>
   <div class='ocr_carea' id='block_1_97' title="bbox 2393 3614 3662 3697">
    <p class='ocr_par' dir='ltr' id='par_1_97' title="bbox 2393 3614 3662 3697">
     <span class='ocr_line' id='line_1_97' title="bbox 2393 3614 3662 3697; baseline -0.002 -22"><span class='ocrx_word' id='word_1_480' title='bbox 2393 3621 2595 3689; x_wconf 84' lang='grc' dir='ltr'>Ἔθηκε</span> <span class='ocrx_word' id='word_1_481' title='bbox 2621 3618 2849 3697; x_wconf 88' lang='grc' dir='ltr'>τυφλὸν,</span> <span class='ocrx_word' id='word_1_482' title='bbox 2883 3618 3144 3692; x_wconf 84' lang='grc' dir='ltr'>ὀμμάτων</span> <span class='ocrx_word' id='word_1_483' title='bbox 3178 3617 3417 3695; x_wconf 81' lang='grc' dir='ltr'>λύχνους</span> <span class='ocrx_word' id='word_1_484' title='bbox 3447 3614 3662 3681; x_wconf 73' lang='grc' dir='ltr'>σϐέσας.</span> 
     </span>
    </p>
   </div>
   <div class='ocr_carea' id='block_1_98' title="bbox 2395 3706 3569 3782">
    <p class='ocr_par' dir='ltr' id='par_1_98' title="bbox 2395 3706 3569 3782">
     <span class='ocr_line' id='line_1_98' title="bbox 2395 3706 3569 3782; baseline -0.003 -17"><span class='ocrx_word' id='word_1_485' title='bbox 2395 3709 2505 3765; x_wconf 75' lang='grc' dir='ltr'>Εἶτ’</span> <span class='ocrx_word' id='word_1_486' title='bbox 2538 3708 2613 3771; x_wconf 81' lang='grc' dir='ltr'>εἷς</span> <span class='ocrx_word' id='word_1_487' title='bbox 2644 3712 2891 3764; x_wconf 83' lang='grc' dir='ltr'>Λατίνων</span> <span class='ocrx_word' id='word_1_488' title='bbox 2926 3709 3174 3781; x_wconf 83' lang='grc' dir='ltr'>ἐμπεσὼν</span> <span class='ocrx_word' id='word_1_489' title='bbox 3208 3706 3382 3770; x_wconf 85' lang='grc' dir='ltr'>δεινὰς</span> <span class='ocrx_word' id='word_1_490' title='bbox 3403 3709 3569 3782; x_wconf 85' lang='grc' dir='ltr'>χέρας</span> 
     </span>
    </p>
   </div>
   <div class='ocr_carea' id='block_1_99' title="bbox 2394 3795 3689 3872">
    <p class='ocr_par' dir='ltr' id='par_1_99' title="bbox 2394 3795 3689 3872">
     <span class='ocr_line' id='line_1_99' title="bbox 2394 3795 3689 3872; baseline 0.001 -23"><span class='ocrx_word' id='word_1_491' title='bbox 2394 3795 2624 3870; x_wconf 86' lang='grc' dir='ltr'>Δέσμιος</span> <span class='ocrx_word' id='word_1_492' title='bbox 2664 3798 2853 3872; x_wconf 79' lang='grc' dir='ltr'>ἀχθεὶς</span> <span class='ocrx_word' id='word_1_493' title='bbox 2884 3796 2958 3859; x_wconf 78' lang='grc' dir='ltr'>εἷς</span> <span class='ocrx_word' id='word_1_494' title='bbox 2990 3796 3151 3851; x_wconf 91' lang='grc' dir='ltr'>πόλιν</span> <span class='ocrx_word' id='word_1_495' title='bbox 3183 3798 3282 3865; x_wconf 81' lang='grc' dir='ltr'>τήν</span> <span class='ocrx_word' id='word_1_496' title='bbox 3314 3801 3407 3851; x_wconf 78' lang='grc' dir='ltr'>τοῦ</span> <span class='ocrx_word' id='word_1_497' title='bbox 3436 3796 3689 3870; x_wconf 84' lang='grc' dir='ltr'>κράτους,</span> 
     </span>
    </p>
   </div>
   <div class='ocr_carea' id='block_1_100' title="bbox 2393 3881 3484 3959">
    <p class='ocr_par' dir='ltr' id='par_1_100' title="bbox 2393 3881 3484 3959">
     <span class='ocr_line' id='line_1_100' title="bbox 2393 3881 3484 3959; baseline 0 -22"><span class='ocrx_word' id='word_1_498' title='bbox 2393 3884 2552 3946; x_wconf 85' lang='grc' dir='ltr'>Δίκας</span> <span class='ocrx_word' id='word_1_499' title='bbox 2581 3884 2781 3940; x_wconf 77' lang='grc' dir='ltr'>ὑπέσχε</span> <span class='ocrx_word' id='word_1_500' title='bbox 2808 3888 2904 3939; x_wconf 82' lang='grc' dir='ltr'>τοῦ</span> <span class='ocrx_word' id='word_1_501' title='bbox 2936 3881 3006 3938; x_wconf 80' lang='grc' dir='ltr'>δι’</span> <span class='ocrx_word' id='word_1_502' title='bbox 3035 3884 3277 3958; x_wconf 86' lang='grc' dir='ltr'>ἀγχόνης</span> <span class='ocrx_word' id='word_1_503' title='bbox 3312 3883 3484 3959; x_wconf 88' lang='grc' dir='ltr'>μόρου</span> 
     </span>
    </p>
   </div>
   <div class='ocr_carea' id='block_1_101' title="bbox 2216 3970 3396 4048">
    <p class='ocr_par' dir='ltr' id='par_1_101' title="bbox 2216 3970 3396 4048">
     <span class='ocr_line' id='line_1_101' title="bbox 2216 3970 3396 4048; baseline 0 -23"><span class='ocrx_word' id='word_1_504' title='bbox 2216 3974 2357 4028; x_wconf 78' lang='grc'>7310</span> <span class='ocrx_word' id='word_1_505' title='bbox 2392 3973 2590 4027; x_wconf 84' lang='grc' dir='ltr'>Ὃντιν’</span> <span class='ocrx_word' id='word_1_506' title='bbox 2620 3973 2813 4048; x_wconf 76' lang='grc' dir='ltr'>ἐπῆγεν</span> <span class='ocrx_word' id='word_1_507' title='bbox 2845 3970 3116 4047; x_wconf 81' lang='grc' dir='ltr'>Ἀγγέλων</span> <span class='ocrx_word' id='word_1_508' title='bbox 3145 3971 3396 4043; x_wconf 81' lang='grc' dir='ltr'>Ἀλεξίῳ·</span> 
     </span>
    </p>
   </div>
   <div class='ocr_carea' id='block_1_102' title="bbox 2393 4059 3524 4135">
    <p class='ocr_par' dir='ltr' id='par_1_102' title="bbox 2393 4059 3524 4135">
     <span class='ocr_line' id='line_1_102' title="bbox 2393 4059 3524 4135; baseline -0.004 -18"><span class='ocrx_word' id='word_1_509' title='bbox 2393 4061 2485 4121; x_wconf 80' lang='grc' dir='ltr'>Εἰς</span> <span class='ocrx_word' id='word_1_510' title='bbox 2514 4060 2669 4115; x_wconf 86' lang='grc' dir='ltr'>κίονα</span> <span class='ocrx_word' id='word_1_511' title='bbox 2696 4060 2796 4135; x_wconf 77' lang='grc' dir='ltr'>γὰρ</span> <span class='ocrx_word' id='word_1_512' title='bbox 2827 4059 3081 4132; x_wconf 84' lang='grc' dir='ltr'>ἀναχθεὶς</span> <span class='ocrx_word' id='word_1_513' title='bbox 3110 4061 3325 4135; x_wconf 90' lang='grc' dir='ltr'>Ταύρου</span> <span class='ocrx_word' id='word_1_514' title='bbox 3360 4061 3524 4134; x_wconf 78' lang='grc' dir='ltr'>μέγαν</span> 
     </span>
    </p>
   </div>
   <div class='ocr_carea' id='block_1_103' title="bbox 2391 4144 3517 4221">
    <p class='ocr_par' dir='ltr' id='par_1_103' title="bbox 2391 4144 3517 4221">
     <span class='ocr_line' id='line_1_103' title="bbox 2391 4144 3517 4221; baseline -0.004 -17"><span class='ocrx_word' id='word_1_515' title='bbox 2391 4150 2626 4205; x_wconf 82' lang='grc' dir='ltr'>Ἐκεῖθεν</span> <span class='ocrx_word' id='word_1_516' title='bbox 2658 4149 2971 4217; x_wconf 87' lang='grc' dir='ltr'>ἠκόντιστο,</span> <span class='ocrx_word' id='word_1_517' title='bbox 3006 4151 3101 4221; x_wconf 80' lang='grc' dir='ltr'>φεῦ</span> <span class='ocrx_word' id='word_1_518' title='bbox 3134 4144 3289 4217; x_wconf 85' lang='grc' dir='ltr'>δίκης</span> <span class='ocrx_word' id='word_1_519' title='bbox 3324 4149 3338 4204; x_wconf 86' lang='grc' dir='ltr'>ί</span> <span class='ocrx_word' id='word_1_520' title='bbox 3370 4148 3517 4201; x_wconf 88' lang='grc' dir='ltr'>κάτω</span> 
     </span>
    </p>
   </div>
   <div class='ocr_carea' id='block_1_104' title="bbox 2395 4231 3487 4311">
    <p class='ocr_par' dir='ltr' id='par_1_104' title="bbox 2395 4231 3487 4311">
     <span class='ocr_line' id='line_1_104' title="bbox 2395 4231 3487 4311; baseline -0.004 -18"><span class='ocrx_word' id='word_1_521' title='bbox 2395 4237 2496 4293; x_wconf 83' lang='grc' dir='ltr'>Καὶ</span> <span class='ocrx_word' id='word_1_522' title='bbox 2537 4231 2836 4310; x_wconf 70' lang='grc' dir='ltr'>συντριϐεὶς</span> <span class='ocrx_word' id='word_1_523' title='bbox 2866 4233 3083 4291; x_wconf 82' lang='grc' dir='ltr'>ὤλλυτο</span> <span class='ocrx_word' id='word_1_524' title='bbox 3120 4236 3282 4311; x_wconf 88' lang='grc' dir='ltr'>βιαίῳ</span> <span class='ocrx_word' id='word_1_525' title='bbox 3315 4234 3487 4310; x_wconf 85' lang='grc' dir='ltr'>μόρῳ,</span> 
     </span>
    </p>
   </div>
   <div class='ocr_carea' id='block_1_105' title="bbox 2394 4322 3463 4401">
    <p class='ocr_par' dir='ltr' id='par_1_105' title="bbox 2394 4322 3463 4401">
     <span class='ocr_line' id='line_1_105' title="bbox 2394 4322 3463 4401; baseline -0.004 -20"><span class='ocrx_word' id='word_1_526' title='bbox 2394 4326 2697 4401; x_wconf 81' lang='grc' dir='ltr'>Μαρκέσιος</span> <span class='ocrx_word' id='word_1_527' title='bbox 2727 4322 2783 4378; x_wconf 77' lang='grc' dir='ltr'>δὲ</span> <span class='ocrx_word' id='word_1_528' title='bbox 2810 4326 2908 4394; x_wconf 77' lang='grc' dir='ltr'>τὴν</span> <span class='ocrx_word' id='word_1_529' title='bbox 2937 4323 3201 4381; x_wconf 86' lang='grc' dir='ltr'>Βοιωτίαν</span> <span class='ocrx_word' id='word_1_530' title='bbox 3240 4324 3463 4401; x_wconf 77' lang='grc' dir='ltr'>φθάσας,</span> 
     </span>
    </p>
   </div>
   <div class='ocr_carea' id='block_1_106' title="bbox 2217 4420 3564 4498">
    <p class='ocr_par' dir='ltr' id='par_1_106' title="bbox 2217 4420 3564 4498">
     <span class='ocr_line' id='line_1_106' title="bbox 2217 4420 3564 4498; baseline -0.002 -21"><span class='ocrx_word' id='word_1_531' title='bbox 2217 4426 2359 4479; x_wconf 86' lang='grc'>7315</span> <span class='ocrx_word' id='word_1_532' title='bbox 2397 4423 2611 4491; x_wconf 85' lang='grc' dir='ltr'>Ταύτην</span> <span class='ocrx_word' id='word_1_533' title='bbox 2645 4424 3020 4498; x_wconf 80' lang='grc' dir='ltr'>παρεστήσατο</span> <span class='ocrx_word' id='word_1_534' title='bbox 3045 4428 3163 4484; x_wconf 90' lang='grc' dir='ltr'>ταῖς</span> <span class='ocrx_word' id='word_1_535' title='bbox 3192 4420 3564 4496; x_wconf 83' lang='grc' dir='ltr'>στρατηγίαις·</span> 
     </span>
    </p>
   </div>
   <div class='ocr_carea' id='block_1_107' title="bbox 2398 4506 3476 4588">
    <p class='ocr_par' dir='ltr' id='par_1_107' title="bbox 2398 4506 3476 4588">
     <span class='ocr_line' id='line_1_107' title="bbox 2398 4506 3476 4588; baseline 0.002 -24"><span class='ocrx_word' id='word_1_536' title='bbox 2398 4518 2590 4586; x_wconf 81' lang='grc' dir='ltr'>Κρατεῖ</span> <span class='ocrx_word' id='word_1_537' title='bbox 2611 4513 2817 4588; x_wconf 87' lang='grc' dir='ltr'>προῖὼν</span> <span class='ocrx_word' id='word_1_538' title='bbox 2852 4512 3103 4581; x_wconf 83' lang='grc' dir='ltr'>Ἀττικῆς</span> <span class='ocrx_word' id='word_1_539' title='bbox 3133 4510 3223 4565; x_wconf 82' lang='grc' dir='ltr'>σύν</span> <span class='ocrx_word' id='word_1_540' title='bbox 3256 4506 3476 4581; x_wconf 74' lang='grc' dir='ltr'>Εὐϐοίᾳ.</span> 
     </span>
    </p>
   </div>
   <div class='ocr_carea' id='block_1_108' title="bbox 2400 4597 3501 4676">
    <p class='ocr_par' dir='ltr' id='par_1_108' title="bbox 2400 4597 3501 4676">
     <span class='ocr_line' id='line_1_108' title="bbox 2400 4597 3501 4676; baseline -0.001 -23"><span class='ocrx_word' id='word_1_541' title='bbox 2400 4601 2487 4661; x_wconf 72' lang='grc' dir='ltr'>Ὠς</span> <span class='ocrx_word' id='word_1_542' title='bbox 2510 4600 2559 4654; x_wconf 76' lang='grc' dir='ltr'>ἰν</span> <span class='ocrx_word' id='word_1_543' title='bbox 2592 4599 2869 4676; x_wconf 73' lang='grc' dir='ltr'>κεφαλαίῳ</span> <span class='ocrx_word' id='word_1_544' title='bbox 2900 4597 2957 4654; x_wconf 79' lang='grc' dir='ltr'>δὲ</span> <span class='ocrx_word' id='word_1_545' title='bbox 2987 4598 3258 4671; x_wconf 86' lang='grc' dir='ltr'>συντεμὼν</span> <span class='ocrx_word' id='word_1_546' title='bbox 3293 4600 3501 4675; x_wconf 83' lang='grc' dir='ltr'>φράσω,</span> 
     </span>
    </p>
   </div>
   <div class='ocr_carea' id='block_1_109' title="bbox 2395 4682 3539 4763">
    <p class='ocr_par' dir='ltr' id='par_1_109' title="bbox 2395 4682 3539 4763">
     <span class='ocr_line' id='line_1_109' title="bbox 2395 4682 3539 4763; baseline -0.002 -21"><span class='ocrx_word' id='word_1_547' title='bbox 2395 4689 2580 4757; x_wconf 86' lang='grc' dir='ltr'>Μήπω</span> <span class='ocrx_word' id='word_1_548' title='bbox 2613 4688 3082 4763; x_wconf 90' lang='grc' dir='ltr'>παριππεύσαντος</span> <span class='ocrx_word' id='word_1_549' title='bbox 3104 4682 3343 4763; x_wconf 77' lang='grc' dir='ltr'>ἀκριϐῶς</span> <span class='ocrx_word' id='word_1_550' title='bbox 3363 4682 3539 4754; x_wconf 78' lang='grc' dir='ltr'>ἔτους,</span> 
     </span>
    </p>
   </div>
   <div class='ocr_carea' id='block_1_110' title="bbox 2398 4775 3347 4850">
    <p class='ocr_par' dir='ltr' id='par_1_110' title="bbox 2398 4775 3347 4850">
     <span class='ocr_line' id='line_1_110' title="bbox 2398 4775 3347 4850; baseline -0.002 -19"><span class='ocrx_word' id='word_1_551' title='bbox 2398 4777 2589 4847; x_wconf 80' lang='grc' dir='ltr'>Ἑῷον,</span> <span class='ocrx_word' id='word_1_552' title='bbox 2625 4776 2869 4850; x_wconf 68' lang='grc' dir='ltr'>ἑσπέριον</span> <span class='ocrx_word' id='word_1_553' title='bbox 2887 4775 3143 4833; x_wconf 77' lang='grc' dir='ltr'>Αὐσόνων</span> <span class='ocrx_word' id='word_1_554' title='bbox 3174 4775 3347 4848; x_wconf 81' lang='grc' dir='ltr'>κλίμα</span> 
     </span>
    </p>
   </div>
   <div class='ocr_carea' id='block_1_111' title="bbox 2218 4864 3553 4941">
    <p class='ocr_par' dir='ltr' id='par_1_111' title="bbox 2218 4864 3553 4941">
     <span class='ocr_line' id='line_1_111' title="bbox 2218 4864 3553 4941; baseline 0.001 -21"><span class='ocrx_word' id='word_1_555' title='bbox 2218 4869 2359 4921; x_wconf 83' lang='grc'>7320</span> <span class='ocrx_word' id='word_1_556' title='bbox 2396 4869 2573 4921; x_wconf 74' lang='grc' dir='ltr'>’Ἅπαν</span> <span class='ocrx_word' id='word_1_557' title='bbox 2611 4867 2812 4921; x_wconf 81' lang='grc' dir='ltr'>ὑπεικει</span> <span class='ocrx_word' id='word_1_558' title='bbox 2842 4871 2921 4939; x_wconf 82' lang='grc' dir='ltr'>τῷ</span> <span class='ocrx_word' id='word_1_559' title='bbox 2943 4866 3123 4941; x_wconf 88' lang='grc' dir='ltr'>κράτει</span> <span class='ocrx_word' id='word_1_560' title='bbox 3155 4870 3260 4920; x_wconf 60' lang='grc' dir='ltr'>λῶν</span> <span class='ocrx_word' id='word_1_561' title='bbox 3290 4864 3553 4921; x_wconf 87' lang='grc' dir='ltr'>Λατίνων.</span> 
     </span>
    </p>
   </div>
   <div class='ocr_carea' id='block_1_112' title="bbox 2398 4953 3455 5033">
    <p class='ocr_par' dir='ltr' id='par_1_112' title="bbox 2398 4953 3455 5033">
     <span class='ocr_line' id='line_1_112' title="bbox 2398 4953 3455 5033; baseline -0.004 -23"><span class='ocrx_word' id='word_1_562' title='bbox 2398 4956 2564 5025; x_wconf 81' lang='grc' dir='ltr'>⁹¹Αναξ</span> <span class='ocrx_word' id='word_1_563' title='bbox 2591 4953 2649 5009; x_wconf 76' lang='grc' dir='ltr'>δὲ</span> <span class='ocrx_word' id='word_1_564' title='bbox 2678 4957 2847 5033; x_wconf 84' lang='grc' dir='ltr'>φυγάς</span> <span class='ocrx_word' id='word_1_565' title='bbox 2879 4953 3120 5025; x_wconf 78' lang='grc' dir='ltr'>Ἀλέξιος</span> <span class='ocrx_word' id='word_1_566' title='bbox 3150 4953 3240 5009; x_wconf 85' lang='grc' dir='ltr'>οὺν</span> <span class='ocrx_word' id='word_1_567' title='bbox 3270 4954 3455 5028; x_wconf 86' lang='grc' dir='ltr'>χρόνῳ</span> 
     </span>
    </p>
   </div>
   <div class='ocr_carea' id='block_1_113' title="bbox 2400 5041 3424 5118">
    <p class='ocr_par' dir='ltr' id='par_1_113' title="bbox 2400 5041 3424 5118">
     <span class='ocr_line' id='line_1_113' title="bbox 2400 5041 3424 5118; baseline -0.005 -18"><span class='ocrx_word' id='word_1_568' title='bbox 2400 5043 2492 5105; x_wconf 81' lang='grc' dir='ltr'>Εἰς</span> <span class='ocrx_word' id='word_1_569' title='bbox 2516 5041 2639 5118; x_wconf 80' lang='grc' dir='ltr'>ὄψιν</span> <span class='ocrx_word' id='word_1_570' title='bbox 2671 5043 2841 5107; x_wconf 78' lang='grc' dir='ltr'>ἐλθὼν</span> <span class='ocrx_word' id='word_1_571' title='bbox 2868 5043 3079 5116; x_wconf 78' lang='grc' dir='ltr'>Λατίνῳ</span> <span class='ocrx_word' id='word_1_572' title='bbox 3112 5042 3424 5117; x_wconf 85' lang='grc' dir='ltr'>Μαρκεσίῳ,</span> 
     </span>
    </p>
   </div>
   <div class='ocr_carea' id='block_1_114' title="bbox 2399 5127 3600 5209">
    <p class='ocr_par' dir='ltr' id='par_1_114' title="bbox 2399 5127 3600 5209">
     <span class='ocr_line' id='line_1_114' title="bbox 2399 5127 3600 5209; baseline -0.005 -21"><span class='ocrx_word' id='word_1_573' title='bbox 2399 5133 2479 5188; x_wconf 79' lang='grc' dir='ltr'>Τὰ</span> <span class='ocrx_word' id='word_1_574' title='bbox 2508 5127 2742 5207; x_wconf 78' lang='grc' dir='ltr'>σύμϐολ’</span> <span class='ocrx_word' id='word_1_575' title='bbox 2770 5132 3023 5209; x_wconf 73' lang='grc' dir='ltr'>ἀφῄρητο</span> <span class='ocrx_word' id='word_1_576' title='bbox 3052 5133 3148 5185; x_wconf 83' lang='grc' dir='ltr'>τθῦ</span> <span class='ocrx_word' id='word_1_577' title='bbox 3176 5132 3405 5206; x_wconf 85' lang='grc' dir='ltr'>κράτους</span> <span class='ocrx_word' id='word_1_578' title='bbox 3429 5131 3600 5199; x_wconf 80' lang='grc' dir='ltr'>ἄκων,</span> 
     </span>
    </p>
   </div>
   <div class='ocr_carea' id='block_1_115' title="bbox 2398 5216 3576 5296">
    <p class='ocr_par' dir='ltr' id='par_1_115' title="bbox 2398 5216 3576 5296">
     <span class='ocr_line' id='line_1_115' title="bbox 2398 5216 3576 5296; baseline -0.004 -20"><span class='ocrx_word' id='word_1_579' title='bbox 2398 5221 2492 5283; x_wconf 78' lang='grc' dir='ltr'>Εἰς</span> <span class='ocrx_word' id='word_1_580' title='bbox 2522 5219 2768 5296; x_wconf 79' lang='grc' dir='ltr'>ἁλμυρὸν</span> <span class='ocrx_word' id='word_1_581' title='bbox 2802 5216 3102 5291; x_wconf 31' lang='grc' dir='ltr'>δ’,ἔσταλτο</span> <span class='ocrx_word' id='word_1_582' title='bbox 3133 5224 3318 5294; x_wconf 85' lang='grc' dir='ltr'>χῶρον</span> <span class='ocrx_word' id='word_1_583' title='bbox 3350 5218 3576 5294; x_wconf 69' lang='grc' dir='ltr'>ἑσπέρας</span> 
     </span>
    </p>
   </div>
   <div class='ocr_carea' id='block_1_116' title="bbox 2220 5307 3322 5384">
    <p class='ocr_par' dir='ltr' id='par_1_116' title="bbox 2220 5307 3322 5384">
     <span class='ocr_line' id='line_1_116' title="bbox 2220 5307 3322 5384; baseline -0.001 -21"><span class='ocrx_word' id='word_1_584' title='bbox 2220 5312 2362 5367; x_wconf 78' lang='grc'>7325</span> <span class='ocrx_word' id='word_1_585' title='bbox 2399 5311 2545 5366; x_wconf 84' lang='grc' dir='ltr'>Ἐκεῖ</span> <span class='ocrx_word' id='word_1_586' title='bbox 2575 5307 2776 5384; x_wconf 85' lang='grc' dir='ltr'>διάγειν</span> <span class='ocrx_word' id='word_1_587' title='bbox 2807 5309 2897 5364; x_wconf 85' lang='grc' dir='ltr'>καὶ</span> <span class='ocrx_word' id='word_1_588' title='bbox 2930 5307 3163 5363; x_wconf 84' lang='grc' dir='ltr'>διανύειν</span> <span class='ocrx_word' id='word_1_589' title='bbox 3209 5307 3322 5382; x_wconf 89' lang='grc' dir='ltr'>βίον</span> 
     </span>
    </p>
   </div>
   <div class='ocr_carea' id='block_1_117' title="bbox 2401 5394 3392 5477">
    <p class='ocr_par' dir='ltr' id='par_1_117' title="bbox 2401 5394 3392 5477">
     <span class='ocr_line' id='line_1_117' title="bbox 2401 5394 3392 5477; baseline -0.004 -24"><span class='ocrx_word' id='word_1_590' title='bbox 2401 5398 2504 5453; x_wconf 79' lang='grc' dir='ltr'>Σὺν</span> <span class='ocrx_word' id='word_1_591' title='bbox 2538 5399 2857 5477; x_wconf 25' lang='grc' dir='ltr'>Εύνφροσύνῃ</span> <span class='ocrx_word' id='word_1_592' title='bbox 2891 5397 3102 5474; x_wconf 80' lang='grc' dir='ltr'>συζύγῳ</span> <span class='ocrx_word' id='word_1_593' title='bbox 3127 5394 3392 5473; x_wconf 84' lang='grc' dir='ltr'>βασιλίδι,</span> 
     </span>
    </p>
   </div>
   <div class='ocr_carea' id='block_1_118' title="bbox 2400 5483 3619 5564">
    <p class='ocr_par' dir='ltr' id='par_1_118' title="bbox 2400 5483 3619 5564">
     <span class='ocr_line' id='line_1_118' title="bbox 2400 5483 3619 5564; baseline -0.003 -22"><span class='ocrx_word' id='word_1_594' title='bbox 2400 5490 2638 5563; x_wconf 88' lang='grc' dir='ltr'>Σχόντες</span> <span class='ocrx_word' id='word_1_595' title='bbox 2669 5489 2812 5563; x_wconf 89' lang='grc' dir='ltr'>τύχη</span> <span class='ocrx_word' id='word_1_596' title='bbox 2839 5489 3127 5564; x_wconf 82' lang='grc' dir='ltr'>σύμφωνον</span> <span class='ocrx_word' id='word_1_597' title='bbox 3158 5487 3400 5560; x_wconf 87' lang='grc' dir='ltr'>ἀτεχνῶς</span> <span class='ocrx_word' id='word_1_598' title='bbox 3431 5483 3619 5539; x_wconf 87' lang='grc' dir='ltr'>τόπον.</span> 
     </span>
    </p>
   </div>
   <div class='ocr_carea' id='block_1_119' title="bbox 2396 5573 3444 5648">
    <p class='ocr_par' dir='ltr' id='par_1_119' title="bbox 2396 5573 3444 5648">
     <span class='ocr_line' id='line_1_119' title="bbox 2396 5573 3444 5648; baseline -0.007 -15"><span class='ocrx_word' id='word_1_599' title='bbox 2396 5578 2555 5633; x_wconf 84' lang='grc' dir='ltr'>’Όσοι</span> <span class='ocrx_word' id='word_1_600' title='bbox 2591 5574 2648 5631; x_wconf 75' lang='grc' dir='ltr'>δὲ</span> <span class='ocrx_word' id='word_1_601' title='bbox 2675 5577 2991 5630; x_wconf 88' lang='grc' dir='ltr'>συνείποντο</span> <span class='ocrx_word' id='word_1_602' title='bbox 3020 5578 3099 5646; x_wconf 79' lang='grc' dir='ltr'>τῷ</span> <span class='ocrx_word' id='word_1_603' title='bbox 3122 5573 3444 5648; x_wconf 81' lang='grc' dir='ltr'>στεφηφόρῳ</span> 
     </span>
    </p>
   </div>
   <div class='ocr_carea' id='block_1_120' title="bbox 2395 5659 3507 5739">
    <p class='ocr_par' dir='ltr' id='par_1_120' title="bbox 2395 5659 3507 5739">
     <span class='ocr_line' id='line_1_120' title="bbox 2395 5659 3507 5739; baseline -0.004 -20"><span class='ocrx_word' id='word_1_604' title='bbox 2395 5662 2618 5738; x_wconf 79' lang='grc' dir='ltr'>’Λνδρες</span> <span class='ocrx_word' id='word_1_605' title='bbox 2652 5663 2896 5739; x_wconf 84' lang='grc' dir='ltr'>μαχηταὶ</span> <span class='ocrx_word' id='word_1_606' title='bbox 2927 5662 3017 5717; x_wconf 82' lang='grc' dir='ltr'>καὶ</span> <span class='ocrx_word' id='word_1_607' title='bbox 3047 5662 3233 5735; x_wconf 81' lang='grc' dir='ltr'>γένους</span> <span class='ocrx_word' id='word_1_608' title='bbox 3261 5659 3507 5735; x_wconf 86' lang='grc' dir='ltr'>ἐριτίμου</span> 
     </span>
    </p>
   </div>
   <div class='ocr_carea' id='block_1_121' title="bbox 2142 4574 2190 4636">
    <p class='ocr_par' dir='ltr' id='par_1_121' title="bbox 2142 4574 2190 4636">
     <span class='ocr_line' id='line_1_121' title="bbox 2142 4574 2190 4636; baseline 0 0"><span class='ocrx_word' id='word_1_609' title='bbox 2142 4574 2190 4636; x_wconf 91' lang='lat' dir='ltr'><strong>D</strong></span> 
     </span>
    </p>
   </div>
   <div class='ocr_carea' id='block_1_122' title="bbox 3742 382 3779 435">
    <p class='ocr_par' dir='ltr' id='par_1_122' title="bbox 3742 382 3779 435">
     <span class='ocr_line' id='line_1_122' title="bbox 3742 382 3779 435; baseline 0 0"><span class='ocrx_word' id='word_1_610' title='bbox 3742 382 3779 435; x_wconf 80' lang='lat'><strong><em>2</em></strong></span> 
     </span>
    </p>
   </div>
  </div>
