4138 6296
310 383 410 436 273

305 507 443 561 7330
484 505 687 568 Πόλεις
720 512 989 583 Θρμικᾶς
1016 510 1278 585 πατρίδας
1308 516 1631 588 κεκτημένοι

488 596 752 670 ⁸Βροῦντο
785 600 1017 653 συνεῖναί
1049 621 1109 674 γε
1137 606 1217 673 τῷ
1247 603 1561 676 Μαρκεσίῳ,

491 683 597 738 Καὶ
629 680 863 754 δυνατὴν
896 686 1143 763 σύναρσίν
1174 690 1225 742 οἱ
1256 693 1639 768 συνεισφέρειν,

489 772 589 825 Καὶ
619 770 942 849 λιπαροῦσιν
978 777 1079 831 ὑπὸ
1108 776 1250 849 τῷδε
1277 781 1584 854 τυγχάνειν.

488 860 551 915 Ὁ
582 857 629 913 δ’
659 861 721 914 οὐ
752 862 1023 938 προσέσχε
1053 868 1119 938 τῇ
1153 863 1330 936 δεήσει
1361 873 1506 945 σφῶν
1539 866 1709 937 ὅλως,

301 957 451 1011 ’7335
490 958 575 1025 Μὴ
614 958 804 1031 χρείαν
834 958 1007 1034 ἴσχειν
1043 962 1336 1038 ῥωμαϊκῶν
1365 967 1654 1041 ταγμάτων

483 1051 553 1100 Ἠ
582 1053 685 1115 τῆς
714 1048 841 1121 παρ’
873 1050 1049 1103 αὐτῶν
1084 1051 1319 1126 φάμενος
1348 1054 1684 1129 συμμαχίας.

480 1140 566 1194 Ὠς
599 1131 645 1187 δ’
675 1134 847 1189 ἱκέται
878 1135 1125 1208 γένοιντο
1155 1142 1240 1195 καὶ
1271 1140 1605 1197 Βαλδουΐνου

479 1223 569 1285 Ὠς
598 1225 750 1300 σφίσι
776 1224 837 1278 τὸ
866 1226 1145 1299 πρόθυμον
1179 1228 1286 1304 ἥκῃ
1320 1233 1457 1304 πρὸς
1488 1232 1654 1307 πέρας
1685 1252 1699 1266 ⁸

480 1312 578 1365 Καί
608 1332 662 1366 τι
694 1308 991 1386 προϐαῖνον
1027 1317 1134 1391 οὐχ
1156 1317 1340 1389 έώρων
1370 1318 1619 1393 εἷ’κότων,

293 1399 449 1454 7340
484 1399 808 1471 Προσῆλθον
839 1402 999 1475 ἀρχῷ
1028 1405 1242 1466 Μυσίας
1272 1407 1512 1480 Ἰωάννῃ,

480 1487 645 1543 Ἀσάν
674 1488 925 1561 συναίμῳ
954 1491 1044 1545 καὶ
1076 1492 1283 1567 Πέτρου
1310 1499 1418 1549 τῶν
1447 1495 1497 1565 ἐξ
1530 1495 1732 1570 Αἵμου,

476 1572 662 1650 Ἀνδρὶ
695 1582 1007 1652 στρατηγῷ,
1038 1579 1266 1653 γεννάδα
1296 1581 1575 1655 τολμητίᾳ

475 1663 659 1725 Πάσας
690 1661 1055 1742 διαφθείροντι
1086 1670 1377 1743 Ῥωμαίων
1410 1671 1602 1735 πόλεις

476 1752 670 1824 Χώρας
698 1774 756 1807 τε
787 1752 982 1817 λοιπὰς
1010 1757 1265 1829 γειμένας
1292 1760 1427 1833 πρὸς
1459 1762 1683 1835 ἑσπέραν

282 1841 437 1895 7315
474 1842 699 1894 Σκυθῶν
733 1842 1013 1917 ὁμαιχμίᾳ
1038 1866 1096 1900 τε
1128 1847 1216 1900 καὶ
1248 1847 1538 1923 συμμαχίᾳ
1568 1870 1581 1881 ·

466 1929 567 1991 Ὃς
595 1927 872 1999 λατινικήν
909 1931 1260 2008 ὑφορώμενος
1295 1934 1532 2010 βλάϐην,

463 2016 787 2093 Πρόσφυγας
810 2016 1006 2093 ἄνδρας
1033 2020 1281 2093 ἀσμένως
1312 2021 1654 2100 δεδεγμένος,

459 2104 605 2178 Πρὸς
634 2105 730 2169 τὰς
758 2107 961 2162 έαυτῶν
998 2109 1307 2183 ἀποπέμπει
1338 2111 1624 2185 πατρίδας,

460 2192 694 2257 Τούτοις
724 2195 981 2259 κελεύσας
1015 2195 1141 2273 δρᾷν
1172 2221 1224 2254 τι
1252 2201 1418 2257 κακὸν
1446 2202 1706 2265 Λατίνους

283 2291 427 2347 7350
464 2289 582 2346 Οὐκ
611 2288 667 2345 εὗ
696 2293 835 2365 πρὸς
862 2292 1021 2349 αὐτὸν
1056 2294 1434 2369 διακειμένους
1459 2300 1594 2362 τέως
1628 2319 1641 2334 ⁸

469 2374 684 2441 Φόϐους
716 2377 765 2434 δ’
791 2379 1127 2446 ἐπισείοντας
1157 2385 1302 2457 αὐτῷ
1332 2385 1420 2440 καὶ
1455 2387 1655 2463 μάχας,

470 2468 777 2523 Ἐκπτωσιν
810 2470 991 2545 ἀρχῆς
1021 2473 1108 2527 καὶ
1141 2473 1422 2529 σκύλευσιν
1455 2475 1735 2551 πατρίδος,

469 2557 534 2611 Εἰ
554 2558 917 2634 προσφέροιτο
951 2562 1026 2632 μὴ
1062 2561 1236 2638 σφίσιν
1267 2563 1342 2626 ὡς
1372 2560 1655 2627 δεσπόταις

470 2644 571 2699 Καὶ
599 2647 752 2709 πάνθ’
784 2647 996 2702 ὑπείκοι
1025 2655 1144 2711 τοῖς
1169 2652 1296 2725 παρ’
1326 2650 1499 2706 αὐτῶν
1534 2651 1749 2727 ῥᾳδίως.

290 2734 433 2788 2355
469 2735 561 2793 Ὡς
591 2735 681 2787 οὖν
714 2733 981 2803 ἐπανῆκόν
1012 2758 1071 2810 γε
1100 2739 1234 2813 πρὸς
1257 2738 1351 2799 τὰς
1376 2738 1637 2814 πατρίδας

466 2820 667 2883 Πόλεις
700 2820 918 2885 δυτικᾶς
950 2824 1181 2887 Αὔσονες
1209 2830 1398 2881 τοῦτον
1429 2828 1655 2901 τρόπον,

461 2910 569 2972 Τάς
594 2914 701 2964 τῶν
735 2916 956 2985 Θρᾳκῶν
987 2933 1046 2967 τε
1073 2913 1162 2967 καὶ
1192 2912 1520 2970 Μακεδόνων
1549 2916 1744 2978 πόλεις

464 2996 789 3072 Ἀφηνιάσαι
824 2996 991 3073 δρῶσι
1024 3000 1264 3055 Λατίνων
1296 3004 1548 3076 κράτους,

463 3089 597 3139 Θεοῦ
628 3088 870 3162 συνάρσει
903 3088 995 3142 καὶ
1029 3091 1228 3145 Μυσῶν
1259 3092 1527 3163 συνεργίᾳ,

272 3184 430 3237 7360
469 3181 723 3244 Πολλοὺς
746 3181 967 3238 Ἰταλῶν
998 3186 1454 3258 παραπέμψαντες
1490 3187 1665 3261 μόρῳ,

463 3268 701 3325 Μάλιστ’
730 3270 973 3333 ἐνοίκους
1002 3277 1109 3326 τῶν
1143 3270 1384 3346 διδύμων
1416 3274 1643 3349 τειχέων
1676 3296 1688 3310 ·

467 3356 579 3419 Οὓς
610 3355 657 3411 δ’
688 3359 751 3412 αὗ
782 3357 1021 3436 φυγάδας
1052 3360 1129 3421 εἷς
1164 3360 1324 3415 πόλιν
1359 3359 1692 3434 δεδρακότες.

472 3446 567 3498 Καὶ
600 3450 763 3500 τοῦτο
793 3448 1023 3521 τοῦργον
1056 3446 1336 3518 λατινικῆς
1367 3449 1560 3511 κακίας

466 3532 789 3607 Ἐλευθέραν
819 3532 1009 3609 ἔδρασε
1036 3541 1208 3590 πᾶσαν
1240 3538 1338 3606 τήν
1370 3540 1507 3607 Ἕω,

286 3624 435 3678 7365
472 3622 618 3695 Πρὸς
646 3628 960 3697 κατεπεῖγον
991 3622 1214 3680 Ἰταλῶν
1248 3624 1612 3698 ὡρμημένων,

474 3710 577 3767 Καὶ
609 3715 742 3786 σφᾶς
771 3716 983 3787 φρονεῖν
1019 3710 1210 3786 μέτρια
1235 3712 1416 3783 τίθησι
1446 3712 1580 3775 τέως

469 3798 615 3860 Τοὺς
645 3797 888 3855 Ἑλλάδα
916 3801 1080 3869 νῆσόν
1111 3822 1168 3855 τε
1201 3800 1452 3865 Πέλοπος
1476 3801 1625 3872 ξένην

463 3886 701 3949 Ὀπλοις
733 3886 951 3950 έλόντας
982 3887 1074 3943 καί
1102 3892 1605 3967 κατωφρυωμένους
1631 3910 1644 3925 ’

465 3978 615 4046 Πκήν
646 3973 955 4048 ’Δδριανοῦ,
984 3974 1401 4053 Διδυμότειχον,
1430 3978 1621 4042 πόλεις

282 4066 426 4120 7370
462 4062 752 4120 Κάλλιστα
780 4065 1134 4137 κρατύναντες
1164 4066 1415 4123 Αὐσόνων
1449 4069 1661 4143 στίφος,

465 4156 735 4227 Κατεῖχον
767 4153 930 4215 αὐτας
971 4155 1404 4229 συμμαχοόντων
1430 4157 1520 4211 καὶ
1564 4156 1822 4232 Βλάχων.

465 4242 723 4311 Ἰωάννης
754 4240 811 4297 δὲ
842 4244 1182 4318 συντεταχὼς
1213 4240 1467 4318 δυνάμεις

464 4331 563 4384 Καὶ
596 4328 950 4405 συμμαχίδας
981 4329 1039 4386 ἐκ
1070 4336 1290 4396 Σκυθῶν
1323 4332 1584 4407 μυριάδας

465 4415 721 4487 Σπουδήν
748 4418 909 4483 ἐτίθει
941 4419 1200 4481 Λατίνους
1233 4420 1542 4492 λεΛηθέναι.

279 4507 428 4562 7365
466 4506 619 4562 Ἐπεὶ
650 4504 695 4561 δ’
726 4507 1078 4563 ἐπανάστασιν
1113 4508 1369 4564 Αὐσόνων
1407 4512 1567 4582 μάθοι

462 4594 625 4664 ’Δναξ
656 4594 876 4651 Ἰταλῶν
912 4594 1245 4658 Βαλδουϊνος
1273 4598 1362 4651 καὶ
1394 4596 1596 4671 δρᾶμα,

463 4680 693 4737 Στέλλει
726 4685 973 4756 στρατιάν
1004 4684 1140 4759 πρὸς
1170 4683 1362 4747 πόλεις
1390 4686 1693 4751 ἀποστάσας
1723 4707 1737 4722 ’

458 4771 529 4823 Ἦ
564 4772 790 4845 συνέσχε
814 4771 1156 4846 Τζουρουλὸν
1188 4770 1279 4826 σὺν
1308 4774 1473 4847 Βιζύῃ

465 4858 564 4913 Καὶ
594 4858 789 4921 ταύτας
819 4859 1041 4930 ὑπέταξε
1071 4859 1310 4914 Λατίνων
1338 4862 1520 4935 κράτει
1552 4877 1569 4897 ⁸

276 4945 423 5001 7580
457 4942 702 5019 ’Λνδρῶν
733 4948 891 5016 κενὴν
925 4945 971 5002 δ’
1001 4947 1197 5022 εὕρηκε
1224 4950 1323 5016 τὴν
1361 4949 1649 5024 Ἀρκαδίου

458 5034 765 5112 Ῥυηφενῶν
796 5056 855 5090 τε
883 5036 970 5090 καὶ
998 5038 1308 5111 περιόπτων
1342 5036 1482 5110 γένει
1520 5058 1533 5071 ·

453 5124 647 5194 Ὅμως
676 5124 885 5187 ἐνόντες
914 5123 1231 5199 ἐκχυθέντες
1260 5127 1357 5193 τῆς
1392 5125 1568 5197 πύλης

457 5210 559 5267 Καὶ
592 5210 998 5285 συμπλακέντες
1027 5212 1260 5275 Ἰταλοῖς
1293 5216 1429 5269 κατὰ
1461 5218 1672 5292 μάχην,

458 5302 761 5375 Τραπέντες
793 5300 1095 5356 ἆωώλοντο
1126 5302 1320 5364 πάντες
1349 5308 1430 5375 τῷ
1461 5304 1618 5383 ξίφει,

282 5387 423 5443 7385
463 5386 643 5444 Φειδὼ
672 5390 924 5447 Λατίνων
958 5386 1188 5443 οὐδένων
1218 5387 1526 5466 εἰληφότων
1553 5414 1565 5426 ·

458 5475 607 5533 Ἀλλ’
640 5476 758 5533 οὐδ’
790 5475 945 5537 ὁσίας
972 5473 1134 5530 τῶνδ’
1164 5472 1325 5551 ἔτυχέ
1350 5500 1431 5540 τις
1458 5478 1621 5543 ὅλως.

455 5565 516 5622 Ἠ
542 5564 588 5621 δ’
617 5565 684 5622 αὖ
716 5587 782 5642 γε
809 5560 986 5631 λοιπή
1021 5565 1243 5640 στρατιᾶ
1269 5570 1378 5621 τῶν
1406 5568 1649 5625 Λατίνων

450 5656 547 5720 Ἦς
581 5654 932 5715 Βαλδουῖνος
961 5653 1184 5726 ἡγεμὼν
1219 5655 1358 5723 ὑπῆν
1392 5656 1519 5728 ἅναξ

1861 392 2218 447 ΟΑΕΒΔΗΕΒ.

1982 515 2029 579 Α
2060 514 2335 571 Thracias
2368 518 2541 572 urbes
2572 518 2820 589 patriam
2852 518 3153 587 habentes,

2072 605 2136 656 ut
2164 618 2297 658 cum
2331 604 2669 660 marchione
2701 607 2953 660 facerent
2983 605 3292 675 stipendia,

2066 689 2317 746 validam
2350 691 2460 763 ipsi
2493 693 2810 748 offerebant
2841 710 3100 764 operam,

2066 779 2309 849 ejusque
2341 780 2583 851 imperio
2616 781 2992 852 postulabant
3021 782 3263 852 obsequi
3299 800 3313 837 :

2065 866 2161 921 ille
2193 874 2382 923 tamen
2416 885 2612 940 preces
2643 886 2885 939 prorsus
2916 871 3173 940 respuit;

2063 971 2168 1009 nec
2201 956 2311 1010 sibi
2345 956 2602 1011 Romano
2634 974 2779 1027 opus
2811 974 2937 1012 esse
2969 957 3157 1012 milite

2062 1042 2226 1107 dixit,
2257 1059 2360 1098 nec
2390 1044 2623 1099 illorum
2657 1054 2919 1116 expetere
2951 1046 3189 1100 auxilia.

2061 1140 2240 1194 Iidem
2273 1140 2554 1195 Balduino
2589 1142 2823 1196 fuerunt
2854 1142 3170 1213 supplices,

2059 1229 2109 1283 si
2140 1229 2285 1283 forte
2319 1229 2520 1283 fierent
2549 1230 2663 1284 voti
2695 1230 2786 1284 sui
2818 1235 3153 1301 compotes;

2059 1332 2250 1371 rerum
2284 1333 2416 1370 cum
2449 1334 2550 1387 spe
2584 1318 2886 1373 frustratos
2920 1323 3103 1372 semet
3134 1334 3369 1372 cernere

2058 1405 2129 1459 ad
2161 1405 2372 1459 Mcesia:
2404 1404 2725 1477 principem
2757 1407 3043 1461 Joannem
3076 1407 3317 1460 veniunt

2055 1493 2207 1548 Petri
2237 1494 2564 1565 Asanisque
2596 1493 2830 1548 fratrem
2864 1495 2921 1548 in
2953 1498 3147 1548 Haemo
3180 1499 3409 1560 natum,

2052 1582 2331 1637 audacem
2362 1583 2577 1650 virum,
2604 1582 2942 1637 bellatorem
2974 1587 3303 1648 strenuum,

2050 1676 2105 1725 et
2132 1676 2528 1726 Romanarum
2562 1671 2797 1726 urbium
2826 1672 3163 1743 perniciem,

2049 1774 2194 1828 quas
2219 1776 2354 1814 cum
2386 1759 2683 1830 Hesperiis
2710 1760 2972 1815 vastabat
3002 1761 3359 1832 regionibus,

1968 1871 2013 1934 Β
2047 1847 2229 1901 fretus
2258 1846 2600 1918 Scytharum
2634 1848 2846 1902 {cedere
2878 1851 2933 1902 et
2964 1848 3214 1904 auxiliis.

2042 1947 2098 2001 Is
2130 1949 2191 2000 ut
2224 1944 2443 2000 Latinis
2476 1946 2885 2001 detrimentum
2921 1948 3153 2012 faceret,

2038 2033 2331 2104 supplices
2360 2033 2491 2089 illos
2516 2034 2728 2105 excipit
2756 2034 3005 2089 libenter

2038 2120 2216 2189 inque
2247 2135 2414 2173 suam
2446 2118 2711 2189 singulos
2746 2120 2991 2191 patriam
3026 2122 3301 2189 remittit;

2039 2207 2324 2262 mandans
2355 2211 2419 2261 ut
2447 2207 2678 2263 damnis
2711 2208 2942 2264 Latinos
2974 2209 3291 2275 efﬁcerent,

2038 2312 2186 2366 quos
2217 2296 2327 2349 sibi
2361 2296 2618 2351 infensos
2644 2297 2871 2365 jamdiu
2905 2297 3148 2365 sciebat,

2037 2389 2436 2453 terroremque
2466 2383 2620 2450 belli,
2653 2385 3038 2455 direptionem
3072 2387 3292 2457 patriae,

2040 2480 2094 2526 et
2125 2471 2487 2546 principatus
2512 2473 2806 2543 jacturam
2838 2473 3151 2539 minantes,

2039 2560 2153 2614 nisi
2186 2560 2430 2613 serviret
2461 2559 2712 2615 dominis
2735 2560 2959 2615 Latinis

2031 2645 2317 2715 jussaque
2348 2651 2613 2716 prompto
2648 2646 2857 2701 faceret
2886 2648 3185 2720 obsequio.

2040 2731 2276 2787 Reversi
2306 2732 2364 2785 in
2398 2736 2646 2803 patriam
2676 2734 2914 2802 milites,
2948 2753 3096 2806 quos
3127 2737 3404 2807 diximus,

2038 2820 2283 2875 urbibus
2314 2819 2607 2890 Hesperiis
2636 2821 3008 2893 Thraciaque
3041 2825 3215 2879 simul

2037 2908 2293 2979 itemque
2322 2909 2668 2963 Macedoniae
2701 2916 3015 2967 suaserunt

2039 3001 2104 3051 ut
2133 3012 2166 3050 a
2201 2995 2397 3051 Latino
2428 2996 2670 3067 imperio
2703 2998 3037 3065 deficerent,

2037 3084 2152 3139 Deo
2186 3084 2430 3153 favente,
2462 3085 2658 3141 Moesis
2692 3086 3135 3144 auxiliantibus.

2040 3172 2214 3227 Italos
2245 3172 2459 3228 multos
2491 3174 2857 3230 demiserunt
2886 3176 3030 3231 Orco

1986 3261 2002 3283 ‘
2046 3269 2426 3340 Didymotichi
2459 3269 2678 3326 incolas
2710 3272 3016 3342 potissime
3050 3291 3063 3326 :

2038 3355 2181 3411 alios
2212 3356 2548 3428 Byzantium
2583 3365 2897 3429 coegerunt
2927 3361 3144 3432 fugere.

2040 3449 2230 3515 Atque
2257 3445 2376 3499 haec
2406 3447 2590 3502 caedes
2623 3448 2827 3503 Latino
2860 3448 3085 3519 ﬂagello

2040 3549 2173 3587 eoas
2204 3534 2373 3587 etiam
2408 3542 2588 3590 terras
2620 3535 2906 3605 liberavit,

2040 3622 2179 3675 dum
2211 3621 2282 3675 ad
2314 3622 2580 3691 graviora
2608 3626 2827 3680 damna
2858 3631 3173 3682 accurrunt
3202 3629 3355 3685 Itali:

2040 3714 2096 3763 et
2125 3708 2296 3765 simul
2330 3707 2463 3764 illos
2495 3712 2876 3769 modestiores
2908 3714 3164 3770 reddidit

2040 3797 2141 3867 qui
2175 3797 2321 3852 fastu
2354 3796 2489 3851 elati
2519 3795 2746 3868 Pelopis
2776 3801 3057 3857 tenebant

2040 3885 2220 3941 armis
2252 3885 2606 3956 provinciam
2641 3901 2915 3956 magnam
2941 3892 3113 3959 atque
3141 3891 3455 3948 Helladem.

2037 3972 2503 4042 Didymotichum
2537 3971 2713 4025 simul
2747 3976 2803 4027 et
2830 3973 3265 4046 AdrianOpolim

2039 4057 2277 4114 Romani
2308 4059 2537 4129 egregio
2564 4058 2838 4129 imposito
2873 4063 3146 4131 praesidio

2038 4145 2456 4203 auxiliantibus
2486 4147 2815 4203 retinebant
2846 4149 3097 4207 Blachis.

2034 4236 2290 4291 Joannes
2322 4238 2515 4290 autem
2549 4236 2928 4293 contrahebat
2954 4239 3151 4309 copias

2037 4330 2208 4393 atque
2239 4324 2569 4378 accersebat
2596 4324 2863 4394 Scythica
2893 4326 3177 4391 subsidia,

2034 4412 2210 4482 idque
2240 4410 2453 4466 Latinis
2484 4411 2632 4466 clam
2667 4416 2910 4468 curabat
2939 4414 3086 4469 fieri.

2032 4509 2139 4563 Sed
2173 4509 2637 4580 conspirantium
2671 4511 3055 4565 Romanorum
3089 4512 3344 4567 motibus

1954 4572 2001 4636 Π
2034 4614 2130 4651 rex
2158 4572 2788 4668 Italoruszalduinus
2816 4599 3089 4669 cognitis,

2035 4686 2276 4740 militem
2312 4685 2491 4740 mittit
2523 4686 2593 4740 ad
2627 4685 2871 4741 rebelles
2904 4688 3097 4754 urbes,

2033 4791 2063 4827 a
2095 4791 2209 4845 quo
2242 4790 2372 4828 cum
2409 4773 2577 4845 Byzia
2608 4774 2835 4844 capitur
2858 4774 3170 4845 Tzurulus,

2034 4863 2353 4933 Latinoque
2374 4863 2517 4934 jugo
2550 4867 2797 4933 utraque
2830 4863 3161 4933 subjicitur.

2030 4953 2243 5005 Urbem
2278 4951 2507 5005 Arcadii
2538 4951 2733 5006 cuncti
2764 4952 3143 5007 deseruerant

2032 5042 2184 5094 cives
2217 5039 2463 5110 pecunia
2493 5039 2578 5094 vel
2611 5039 2792 5110 stirpe
2825 5040 3126 5111 conspicui
3159 5057 3173 5095 :

2029 5127 2273 5198 reliquis
2303 5131 2497 5181 tamen
2532 5127 2718 5197 portis
2749 5143 3021 5198 egressus
3054 5128 3308 5199 populus

2028 5232 2283 5287 pugnam
2317 5231 2448 5270 cum
2483 5214 2644 5270 Italis
2679 5214 2886 5269 maluit
2914 5219 3315 5289 committere;

2024 5320 2224 5359 verum
2257 5303 2437 5374 fugati
2473 5319 2675 5358 omnes
2703 5304 3007 5358 caeduntur
3035 5304 3247 5375 gladio,

2025 5394 2165 5446 dum
2204 5394 2537 5446 Latinorum
2575 5392 2733 5446 furor
2765 5392 2948 5462 parcit
2979 5392 3220 5459 nemini,

2026 5498 2090 5534 ac
2125 5497 2193 5535 ne
2224 5479 2474 5550 sepulcri
2511 5479 2745 5548 quidem
2777 5481 3018 5550 gratiam
3054 5480 3277 5534 annuit.

2026 5569 2308 5638 Reliquus
2341 5570 2537 5621 autem
2574 5568 2811 5621 Latinus
2844 5567 3149 5632 exercitus,

2025 5672 2195 5727 quem
2230 5653 2551 5709 Balduinus
2584 5655 2707 5725 ipse
2738 5654 2987 5709 ducebat
3012 5653 3220 5722 Caesar,

3585 394 3657 447 27
