4136 6292
459 452 567 506 275
1663 452 2031 505 ΕΡΗΒΕΜΠ
2077 452 2092 499 <

1663 452 2031 505 ΕΡΗΒΕΜΙΙ
2077 448 2643 501 CHRONOGRAPHI

465 576 536 631 ad
569 574 930 629 Orestiadem
963 573 1210 628 contulit
1242 590 1302 627 se
1334 575 1559 639 urbem,

470 679 725 732 namque
757 663 991 717 structis
1022 662 1297 717 obsidens
1331 663 1641 734 aggeribus

473 769 703 807 summo
736 755 946 805 conatu
981 751 1279 805 nitebatur
1310 767 1533 823 capere.

475 842 637 896 Tunc
672 840 810 893 urbs
837 838 1172 909 periclitans
1203 837 1550 907 legationem
1587 838 1760 893 mittit

477 930 547 983 ad
580 926 958 997 Bulgarorum
993 926 1313 998 principem
1345 927 1628 981 Joannem

476 1016 736 1070 validum
770 1019 969 1085 petens
1002 1014 1257 1067 militum
1291 1014 1594 1079 auxilium,

477 1105 576 1175 qui
610 1121 671 1159 se
702 1103 1075 1173 impendente
1108 1102 1448 1156 discrimine
1479 1105 1744 1173 eriperet.

474 1192 577 1248 Ille
608 1192 856 1246 libenter
885 1189 1227 1259 legationem
1259 1190 1447 1245 audiit
1479 1207 1493 1244 :

475 1296 729 1350 cumque
759 1279 1126 1333 auxiliarium
1158 1280 1390 1349 agmine
1415 1278 1759 1351 Scytharum

477 1369 791 1423 exercitum
828 1366 1096 1421 Latinum
1128 1372 1362 1436 repente
1395 1383 1729 1438 aggressus,

475 1459 535 1510 in
568 1457 767 1526 fugam
805 1472 1034 1508 versum
1070 1455 1302 1526 penitus
1344 1455 1587 1524 devicit;

478 1545 747 1616 cepitque
778 1544 971 1597 vivum
1005 1542 1358 1597 Balduinum
1386 1544 1695 1612 Caesarem,

480 1721 1089 1795 permultisjuvenem
1123 1724 1395 1775 ornatum
1430 1720 1763 1793 virtutibus,

482 1811 583 1866 sed
612 1808 961 1865 castimonia
993 1808 1052 1869 in
1084 1808 1289 1881 primis
1319 1825 1384 1863 ac
1406 1808 1658 1878 justitia,

486 1904 549 1954 ut
579 1915 707 1953 mea
737 1897 1002 1967 superior
1035 1896 1229 1951 retulit
1259 1896 1532 1965 historia;

482 2004 657 2057 quem
691 1987 788 2040 diu
821 1984 1070 2039 Ternobi
1100 2001 1325 2040 carcere
1351 1986 1675 2055 detentum,

482 2075 920 2144 exercitumque
952 2072 1223 2146 plurimis
1255 2074 1631 2142 cruciatibus,

478 2163 733 2234 denique
765 2161 1097 2216 miserando
1130 2162 1417 2233 supplicio
1448 2163 1636 2218 affecit

482 2251 906 2322 przccipitatum
942 2250 1188 2320 rupibus
1218 2249 1545 2305 altissimis.

484 2345 621 2393 Post
646 2339 799 2393 hunc
832 2338 1049 2392 Latinis
1086 2337 1330 2408 imperat
1362 2338 1617 2409 Byzantii

485 2427 757 2484 Balduini
790 2428 968 2481 frater
998 2427 1233 2480 nomine
1263 2426 1485 2496 Ericus,

486 2518 575 2571 vir
606 2516 751 2571 comi
787 2522 1042 2586 aspectu,
1077 2514 1332 2570 subditis
1364 2515 1687 2587 benivolus,

487 2610 543 2661 et
572 2604 749 2660 simul
784 2603 949 2657 fortis
981 2604 1093 2656 dux
1123 2608 1179 2656 et
1210 2604 1533 2671 animosus,

489 2699 662 2763 atque
695 2691 765 2745 ad
798 2691 1035 2745 ciendas
1065 2706 1290 2761 pugnas
1323 2692 1755 2761 paratissimus.

489 2782 595 2837 Hic
623 2780 828 2837 habuit
857 2780 1082 2835 Graacos
1116 2780 1330 2837 milites
1363 2782 1735 2851 fortissimos,

489 2890 637 2945 quos
661 2872 805 2926 bene
837 2872 1125 2926 instructo
1157 2872 1389 2942 agmine
1420 2873 1689 2941 ducebat,

490 2960 909 3031 triumphalem
945 2959 1285 3030 phalangem
1321 2968 1374 3014 et
1404 2961 1700 3017 selectam.

490 3051 647 3104 Idem
680 3063 831 3118 saepe
863 3063 1097 3117 gravem
1131 3048 1266 3102 belli
1299 3049 1439 3103 lusit
1468 3049 1649 3107 aleam

487 3153 620 3192 eum
655 3140 1047 3190 Romanorum
1083 3135 1343 3206 principe
1375 3138 1674 3202 Lascareo,

489 3230 838 3294 nostrasque
870 3223 1042 3276 urbes
1072 3222 1221 3291 cepit
1253 3226 1307 3276 et
1339 3224 1688 3297 provincias,

490 3312 670 3369 animi
704 3310 1045 3366 fortitudine
1076 3315 1134 3364 et
1165 3310 1330 3382 copia
1361 3312 1610 3367 militum
1648 3331 1662 3368 :

491 3401 768 3457 Lentiana
799 3415 1006 3468 nempe
1037 3398 1241 3453 urbem
1275 3417 1337 3455 ac
1370 3401 1765 3470 Poemaneum,

497 3490 754 3559 Ochyras
786 3503 1017 3557 quoque
1048 3487 1228 3542 armis
1260 3489 1554 3557 superavit
1586 3506 1599 3543 :

496 3578 712 3650 quibus
742 3577 797 3631 in
832 3577 1249 3631 certaminibus
1280 3582 1401 3631 tres
1432 3578 1725 3648 perierunt

493 3664 797 3720 nobilitate
827 3668 881 3717 et
912 3664 1120 3733 opibus
1151 3663 1415 3734 insignes
1439 3665 1564 3731 viri,

492 3753 881 3808 Dermocrites
912 3751 1013 3820 qui
1048 3751 1167 3804 dux
1197 3757 1319 3806 erat
1348 3754 1668 3825 exercitus;

491 3845 549 3896 et
579 3839 941 3895 Andronicus
972 3844 1141 3912 gente
1172 3838 1529 3912 Palaaologus

493 3928 587 3982 cui
622 3924 829 3997 nuptui
862 3926 1050 3980 Caesar
1082 3929 1304 3982 Irenem
1338 3930 1660 3984 tradiderat

494 4018 774 4086 majorem
809 4020 943 4069 natu
979 4014 1159 4070 filiam
1192 4021 1247 4070 et
1275 4017 1716 4085 charissimam;

498 4104 751 4173 denique
782 4120 939 4157 unus
970 4120 1000 4156 e
1027 4104 1271 4158 Caesaris
1305 4105 1601 4162 fratribus.

498 4191 754 4263 Byzantii
784 4190 1096 4261 imperium
1128 4191 1411 4245 retinente
1440 4193 1633 4247 Errico

500 4278 745 4334 Latinus
776 4280 1015 4348 quidam
1047 4277 1316 4347 Pelagius
1348 4279 1683 4351 cardinalis,

501 4368 677 4422 homo
703 4368 1069 4430 temerarius,
1102 4370 1466 4435 contemptor
1496 4366 1713 4438 legum,

505 4472 538 4509 a
568 4470 717 4526 papa
747 4454 967 4507 missus
1000 4453 1057 4506 in
1092 4453 1308 4523 regiam
1346 4455 1711 4525 metropolim

504 4548 786 4613 tanquam
818 4542 1046 4611 legatus
1078 4558 1222 4595 suus
1252 4545 1308 4595 et
1341 4559 1609 4599 summus
1641 4548 1875 4619 praesul,

508 4632 686 4701 digna
716 4631 984 4685 mittente
1015 4645 1325 4701 aggressus
1357 4633 1739 4700 committere,

511 4717 828 4774 monachos
859 4733 1061 4772 omnes
1092 4723 1266 4788 atque
1296 4721 1648 4789 sacerdotes,

510 4811 796 4879 quotquot
827 4806 1156 4860 incolebant
1183 4808 1665 4879 Constinopolim,

511 4894 687 4965 coepit
711 4909 913 4948 vexare
941 4898 997 4947 et
1025 4896 1353 4950 carceribus
1382 4895 1652 4953 claudere

516 4985 587 5039 ob
619 4986 990 5037 controversa
1021 4982 1295 5053 dogmata
1324 4984 1621 5056 ritusque;

516 5087 689 5142 quam
724 5086 845 5123 rem
877 5075 1111 5140 gravate
1137 5086 1402 5141 aegreque
1434 5073 1695 5130 ferebant
1725 5076 1900 5143 cives,

518 5158 835 5231 praesertim
867 5159 1175 5227 optimates
1204 5176 1269 5213 ac
1301 5165 1597 5216 senatores
1634 5180 1647 5218 :

516 5248 617 5318 qui
647 5248 909 5301 Erricum
942 5248 1222 5301 adeuntes
1255 5248 1663 5319 imperatorem

517 5337 671 5391 mala
701 5352 941 5391 suorum
969 5337 1344 5405 deprecantes
1374 5338 1679 5407 gentilium

520 5424 628 5478 hoc
662 5425 749 5478 usi
782 5430 921 5478 sunt
951 5440 1219 5478 sermone
1250 5426 1607 5481 conﬁdenter
1640 5445 1652 5482 :

519 5512 657 5577 Nos,
689 5513 1024 5582 imperator,
1054 5528 1117 5567 ex
1148 5512 1336 5567 aliena
1367 5519 1536 5585 gente

2136 574 2192 637 A

2147 1936 2195 1999 Β

2155 3285 2197 3350 C

2399 569 2484 630 ’0;
2498 565 2711 622 εστιάδα
2739 560 3116 623 καταλαϐοῦσα
3146 568 3332 637 πόλιν,

2215 657 2356 710 7390
2396 655 2598 719 Ἐκεῖθί
2628 677 2733 710 που
2765 658 2975 731 χάρακα
3010 656 3250 732 βαλοῦσα
3284 655 3450 728 μένει,

2374 743 2610 812 ’Ταύτην
2655 744 2797 799 ἑλεῖν
2829 743 3127 799 σπεύδουσα
3155 746 3310 798 παντὶ
3344 748 3422 815 τῷ
3450 746 3658 819 τρόπῳ.

2396 828 2750 905 Πρεσϐεύεται
2779 838 2905 908 γοῦν
2937 836 2970 902 ἡ
3002 834 3305 905 κακουμένη
3339 833 3500 894 πόλις

2395 923 2535 996 Πρὸς
2568 920 2819 991 Ἰωάννην
2850 922 2939 976 τὸν
2965 926 3261 995 κρατοῦντα
3292 921 3647 996 Βουλγάρων⁹

2392 1011 2497 1077 Τὴν
2532 1007 2760 1079 δυνατὴν
2793 1011 3039 1085 σόναρσιν
3072 1009 3443 1082 ἐξαιτουμένη,

2217 1100 2358 1153 7305
2396 1096 2868 1171 Ἐπικρεμαμένου
2895 1118 2953 1152 τε
2981 1095 3231 1153 κινδύνου
3264 1098 3437 1155 λύσιν.

2396 1187 2456 1242 Ὁ
2486 1183 2532 1239 δ’
2562 1186 2803 1258 ἀσμένως
2838 1184 3051 1240 δέδεκτο
3080 1180 3365 1258 πρεσϐείας
3397 1185 3593 1262 λόγους
3628 1208 3642 1222 '

2399 1275 2497 1330 Καὶ
2532 1275 2883 1348 συμμαχικὸν
2915 1275 3165 1337 σκυθικὸν
3194 1273 3380 1329 λαϐὼν
3415 1276 3601 1337 στίφος

2398 1364 2861 1426 Ἐπεισπεπαικὼς
2888 1361 3108 1418 Ἰταλῶν
3140 1368 3349 1436 στρατῷ
3379 1361 3572 1437 λάθρα,

2395 1452 2603 1505 Τοῦτον
2633 1456 2934 1523 τροποῦται
2962 1451 3052 1505 καὶ
3082 1456 3206 1521 νικᾷ
3235 1453 3371 1507 κατά
3398 1452 3593 1525 κράτος
3624 1473 3637 1488 ο

2220 1539 2362 1593 7400
2399 1543 2605 1613 Ζωγρεῖ
2632 1559 2690 1592 τε
2717 1539 2808 1592 καὶ
2839 1543 2985 1615 σφῶν
3012 1539 3248 1615 κράτορα
3274 1537 3606 1597 Βαλόουῖνον

2402 1720 2671 1788 Κομῶντα
2699 1715 2939 1779 πολλαῖς
2970 1717 3173 1794 ἀρετῶν
3205 1717 3435 1787 νεανίαν,

2401 1803 2651 1860 Μάλιστα
2678 1809 2863 1858 πασῶν
2892 1805 3213 1883 σωφροσύνῃ
3245 1806 3334 1861 καὶ
3358 1804 3504 1882 δίκῃ,

2401 1895 2487 1954 Ὠς
2519 1893 2651 1969 φθὰς
2679 1894 3071 1968 προϊστόρησεν
3106 1894 3294 1950 ἀνόπιν
3324 1894 3491 1970 λόγος
3523 1917 3539 1935 ο

2400 1982 2600 2054 ’Ὁνπερ
2630 1980 2909 2057 καθείρξας
2943 1983 3145 2057 μακρὸν
3179 1982 3230 2037 έν
3258 1988 3339 2055 τῷ
3366 1980 3615 2058 Τρινόϐῳ

2225 2074 2366 2127 7405
2404 2071 2608 2145 Δράσας
2634 2090 2693 2123 τε
2723 2067 2871 2123 δεινὰ
2902 2069 3069 2145 μυρία
3097 2071 3472 2146 κακοτρόπως,

2405 2160 2573 2231 Πέρας
2605 2154 2974 2213 καθυπὲϐαλεν
3009 2159 3215 2237 οἶκτρῷ
3248 2162 3459 2231 θανάτῳ

2408 2248 2532 2301 Κατ’
2563 2242 2841 2315 ἠλιϐάτων
2874 2247 3314 2321 κατακρημνίσας
3347 2248 3549 2305 τόπων.

2404 2336 2533 2390 Μεθ’
2567 2336 2624 2390 ὃν
2654 2342 2953 2410 κραταρχεῖ
2982 2334 3218 2392 Λατίνων
3249 2341 3354 2391 τῶν
3387 2336 3438 2390 έν
3468 2336 3627 2391 πόλει

2410 2422 2615 2491 Κλῆσιν
2640 2422 2840 2497 Ἐῥρῆς
2872 2423 3135 2495 σύναιμος
3164 2422 3238 2478 ὢν
3272 2422 3631 2495 ΒαΑδουΐνου,

2231 2514 2373 2568 7410
2412 2511 2580 2585 Ἀνὴρ
2613 2509 2825 2586 ἱλαρὸς,
2860 2511 3090 2583 εὐμενὴς
3120 2513 3404 2586 ὑπηκόοις,

2412 2601 2554 2673 Πρὸς
2588 2597 2643 2653 δὲ
2674 2601 2976 2674 στρατηγὸς
3012 2600 3289 2669 εὐσθενὴς,
3319 2600 3649 2675 τολμητίας,

2410 2686 2742 2765 Ὀξύρῥοπός
2770 2708 2828 2741 τε
2858 2689 2992 2761 πρὸς
3027 2687 3209 2762 μάχας
3236 2689 3547 2745 ἀντιπάλων
3581 2710 3593 2722 ·
3620 2754 3621 2757 η

2412 2776 2511 2833 Καὶ
2545 2778 2877 2851 στρατιώτας
2906 2775 3157 2850 γεννάδας
3189 2777 3509 2853 ῥωμαλέους

2411 2863 2689 2934 ’Έλληνας
2721 2863 2913 2939 ἄνδρας
2942 2868 3399 2940 συντεταγμένους
3430 2864 3593 2941 ἄγων,

2232 2958 2373 3013 7415
2412 2951 2729 3008 Ἐπίλεκτον
2763 2952 3013 3030 φάλαγγα
3041 2955 3130 3009 καὶ
3160 2956 3477 3031 νικηφόρον.

2411 3045 2581 3107 Οὗτος
2614 3044 2801 3117 μάχης
2831 3043 3005 3105 αἶ’τιος
3033 3041 3187 3121 ὤφθη
3220 3045 3490 3106 πολλάκις

2409 3138 2524 3187 Τῶν
2556 3132 2804 3189 Αὐσόνων
2838 3134 3021 3187 ἄνακτι
3053 3137 3130 3205 τῷ
3163 3135 3485 3208 Λασκαρίῳλ

2411 3224 2507 3278 Καὶ
2541 3229 2686 3297 σφῶν
2715 3226 3086 3296 παρεστήσατο
3120 3224 3304 3299 χώρας
3335 3226 3422 3280 καὶ
3451 3226 3642 3289 πόλεις

2413 3312 2618 3383 Πλήθει
2650 3319 2901 3386 στρατιᾶς
2930 3312 3018 3367 καὶ
3049 3316 3235 3388 ψυχῆς
3266 3314 3543 3389 προθυμίᾳ
3574 3335 3588 3351 ·

2236 3404 2378 3458 7420
2416 3401 2676 3455 Λεντιανά
2698 3422 2775 3472 τε,
2809 3402 3156 3474 Ποιμανηνὸν
3184 3402 3281 3465 τὰς
3306 3401 3498 3464 πόλεις

2417 3489 2520 3545 Καὶ
2549 3490 2645 3552 τὰς
2674 3490 2913 3563 Ὀχυρὰς
2943 3492 3358 3564 καταπορθήσας
3392 3490 3543 3566 μάχῃ
3579 3511 3593 3524 .

2417 3579 2544 3641 Καθ’
2568 3579 2628 3645 ἣν
2658 3578 2812 3651 τριὰς
2844 3576 3055 3632 ὄλωλεν
3088 3578 3296 3653 ἀνδρῶν
3328 3584 3408 3651 τῷ
3439 3580 3599 3658 ξίφει,

2416 3669 2760 3741 ΙΙανευγενῶν
2790 3686 2848 3725 τε
2876 3666 2966 3720 καὶ
2996 3667 3305 3741 ⁴περιόπτων
3342 3670 3471 3743 βίῳ,

2417 3763 2515 3830 Δερ
2526 3753 2789 3827 μοκαΐτης
2822 3756 3040 3827 ἡγεμὼν
3075 3758 3510 3831 στρατευμάτων,

2238 3848 2380 3901 7425
2417 3841 2813 3916 Παλαιολόγων
2847 3840 3192 3918 Ἀνδρόνικος
3221 3842 3281 3898 ἐκ
3303 3842 3493 3917 γένους

2419 3929 2672 4006 Γαμὸρὸς
2698 3935 3021 4006 κρατοῦντος
3049 3930 3126 3993 εἰς
3156 3932 3396 4004 Εἰρήνην
3426 3932 3705 4009 τυγχάνων

2418 4022 2533 4088 Τὴν
2566 4018 2920 4093 πρωτόπαιδα
2950 4019 3213 4097 φιλτάτην
3246 4022 3547 4096 θυγατέρων
3581 4040 3597 4054 ⁸

2420 4107 2565 4181 Πρὸς
2593 4107 2777 4161 τοῖσδε
2803 4104 2965 4162 τοῦδε
2993 4109 3083 4162 καὶ
3115 4109 3291 4186 φίλων
3324 4110 3399 4170 εἷς
3430 4110 3727 4184 συγγόνων.

2422 4194 2585 4271 Ἐῤῥῆ
2618 4200 2943 4270 κρατοῦντος
2971 4195 3134 4257 τοῦδε
3161 4204 3261 4266 τῆς
3293 4198 3687 4253 Κωνσταντίνου

2242 4286 2384 4341 7430
2422 4282 2687 4357 Πελάγιός
2716 4305 2797 4346 τις
2826 4284 3128 4358 ἀρχιθύτης
3158 4286 3396 4340 Λατίνων

3697 4368 3727 4382 ﬂ

2422 4362 2766 4438 Θερμουργὸς
2801 4366 2959 4438 ἀνὴρ,
2996 4363 3302 4439 ὑπερόπτης
3321 4370 3429 4427 τῶν
3460 4367 3641 4437 νόμων
3675 4365 3815 4437 ('78),

2424 4452 2567 4525 Πρὸς
2599 4450 2751 4506 πάπα
2779 4453 3043 4529 πεμφθεὶς
3069 4453 3144 4515 εἷς
3176 4452 3337 4510 πόλιν
3370 4451 3645 4529 βασιλίδα,

2425 4541 2513 4601 Ὡς
2544 4542 2926 4614 ποιμενάρχης
2959 4542 3046 4595 καὶ
3080 4541 3299 4615 λεγάνος
3329 4545 3423 4597 τοῦ
3453 4542 3626 4610 πάπα,

2426 4629 2553 4695 Ἐνη
2567 4630 2771 4700 μμὲνος
2804 4626 2985 4683 δίκαια
3011 4634 3108 4684 τοῦ
3139 4631 3517 4707 πεπομφότος,

2259 4718 2393 4773 7435
2432 4716 2633 4778 Πάντας
2663 4716 2973 4785 θυηπόλους
3005 4738 3063 4771 τε
3091 4718 3180 4772 καὶ
3215 4719 3591 4791 μονοτρόπους

2429 4804 2735 4879 Οἷκήτορας
2770 4803 2958 4879 ἔδρασε
2986 4812 3083 4874 τῆς
3116 4806 3525 4863 Κωνσταντίνου

2429 4891 2691 4948 Πάνδεινα
2718 4894 2855 4948 κακὰ
2883 4894 2972 4948 καὶ
2997 4894 3288 4969 καθείρξεις
3321 4890 3552 4957 ἀτόπους

2430 4981 2605 5055 Χάριν
2637 4981 2770 5046 ἐθῶν
2795 5003 2853 5039 τε
2882 4981 3175 5056 δογμάτων
3204 4978 3528 5059 ἀμφιϐόλων
3562 4999 3575 5017 ’

2430 5073 2496 5127 *Ο
2525 5068 2590 5139 δὴ
2625 5070 2801 5142 λύπην
2832 5070 3052 5147 ἤνεγκεν
3085 5078 3267 5134 ἀστοῖς
3294 5071 3385 5127 καί
3418 5073 3606 5147 βάρος,

2256 5161 2397 5215 6440
2435 5158 2687 5215 Μάλιστα
2710 5166 2827 5222 τοῖς
2849 5159 3153 5235 προῦχουσι
3184 5160 3274 5216 καὶ
3302 5166 3421 5223 τοῖς
3452 5159 3503 5216 ἐν
3534 5156 3679 5216 τέλει
3714 5176 3726 5188 ·

2433 5248 2500 5303 Οἳ
2530 5247 2668 5322 πρὸς
2699 5248 2788 5301 τὸν
2819 5248 3015 5323 Ἐῤῥῆν
3047 5250 3139 5303 τὸν
3168 5249 3451 5324 κρατοῦντ’
3481 5244 3763 5323 ἀφιγμένοι

2437 5338 2690 5402 ᾜτοῦντο
2721 5333 2874 5390 λύσιν
2909 5335 3188 5410 δυσχερῶν
3219 5342 3336 5391 τοῖς
3366 5334 3643 5411 φυλέταις,

2438 5424 2534 5476 Καὶ
2563 5421 2678 5477 τάδ’
2706 5422 3044 5497 ἐπιλέγοντες
3076 5424 3127 5479 έν
3160 5423 3435 5499 παῤῥησίᾳ
3466 5442 3479 5455 ⁸

2438 5513 2526 5574 Ὡς
2558 5511 2687 5583 Πρὶν
2723 5512 2817 5583 μὲν
2850 5515 3012 5583 ¹ἡμεῖς
3045 5510 3364 5581 ἀλλοδαπῆς
3399 5510 3458 5565 ἐκ
3487 5506 3697 5576 φύτλης

593 5728 704 5798 (78)
735 5727 921 5783 Verba
951 5730 1090 5782 sunt
1119 5726 1477 5783 schismatici
1510 5727 1765 5783 hominis
1797 5733 1853 5783 et
1881 5746 1913 5783 a
1942 5729 2259 5800 pontiﬁciis
2286 5728 2548 5800 partibus
2578 5727 2772 5783 alieni.
