4136 6292
484 422 592 477 279
1687 420 2059 473 EPHREMII
2094 417 2117 470 (

1687 420 2059 473 ΕΡΗΒᾸΞΜῙΙ
2094 414 2661 471 CHRONOGRAPHI

490 546 631 600 Hinc
657 544 810 598 enim
842 544 1033 598 Caesar
1062 558 1435 614 summopere
1461 543 1686 598 studuit

489 640 553 690 ut
582 651 649 689 ex
680 632 914 688 Oriente
949 632 1182 686 Latinos
1213 632 1467 700 ejiceret,

488 724 685 794 ibique
716 726 984 776 nostrum
1018 720 1275 775 firmaret
1308 719 1640 790 imperium.

488 812 711 867 Etenim
741 809 947 873 Latini,
982 807 1325 879 prohibente
1356 808 1609 873 nemine,

490 917 601 955 non
638 898 829 953 solum
863 902 1050 952 terras
1082 897 1355 951 tenebant
1389 898 1677 965 occiduas,

490 990 588 1043 sed
623 986 876 1042 Orientis
907 1000 1139 1056 quoque
1173 990 1393 1057 partem
1428 986 1764 1039 maximam.

488 1077 756 1146 Namque
786 1074 1081 1146 Bythyniae
1113 1074 1450 1127 insederant
1481 1073 1857 1144 provinciam,

492 1163 793 1229 Lentiana,
829 1160 1244 1215 Puemanenum
1278 1164 1454 1230 atque
1482 1160 1694 1229 Barim,

494 1249 835 1319 Lopadium,
866 1254 1039 1319 atque
1067 1248 1353 1316 Ochyram
1383 1264 1516 1302 cum
1547 1248 1797 1303 viciniis.

493 1347 641 1411 Quin
674 1351 729 1401 et
759 1346 1108 1400 devenerant
1135 1345 1545 1415 Atramyttium
1581 1361 1787 1416 usque,

494 1435 944 1504 maritimosque
974 1432 1130 1488 locos
1162 1433 1457 1505 urbesque
1488 1449 1690 1489 omnes

492 1523 716 1578 abactis
746 1522 957 1593 prazdis
988 1522 1097 1577 sibi
1130 1522 1605 1593 subjugaverant.

491 1611 605 1666 Nec
636 1614 835 1665 minus
866 1610 1127 1664 animum
1160 1612 1402 1665 Cmsaris
1433 1611 1776 1664 mordebant

491 1700 646 1754 circa
678 1715 844 1752 suam
881 1702 1026 1751 natae
1059 1698 1337 1751 ditionem
1370 1698 1728 1768 tyrannides-

492 1789 633 1842 Ecce
664 1786 819 1841 enim
852 1802 1027 1857 parva
1055 1785 1397 1855 Sampsonis
1429 1786 1487 1840 in
1519 1784 1661 1840 urbe

492 1876 736 1945 ejusque
768 1872 917 1927 villis
948 1872 1271 1944 imperabat
1298 1873 1509 1942 Sabas;

496 1968 551 2016 et
583 1961 991 2031 Philadelphia
1021 1961 1360 2016 Theodorus
1393 1962 1618 2029 fatuus,

491 2052 673 2106 David
706 2055 1035 2105 Comnenus
1067 2055 1279 2105 cuncta
1309 2050 1724 2122 Paphlagonia,

492 2138 653 2193 illius
687 2138 862 2192 frater
890 2138 1094 2205 Alexii,
1128 2139 1296 2207 cujus
1328 2138 1551 2209 pridem

488 2226 1009 2297 Trapezuntiorum
1040 2226 1244 2281 civitas
1267 2226 1480 2297 jugum
1512 2227 1753 2296 tulerat;

490 2317 584 2371 hic
616 2332 785 2387 porro
817 2315 1119 2369 dicebatur
1148 2315 1482 2369 Comnenus
1516 2332 1759 2387 magnus
1795 2333 1809 2371 :

493 2413 665 2467 ambo
698 2417 890 2467 autem
924 2411 1141 2482 proprii
1174 2412 1402 2482 generis
1433 2412 1715 2483 originem

489 2502 559 2555 ab
591 2501 921 2555 Andronico
953 2500 1177 2555 Cresare
1206 2500 1536 2567 trahebant,

488 2608 555 2645 ex
591 2590 768 2659 hujus
801 2588 921 2643 ﬁlio
954 2589 1221 2642 Manuale
1247 2590 1378 2642 sati.

492 2684 559 2731 Et
588 2679 961 2731 Theodorum
996 2677 1236 2746 quidem
1270 2687 1444 2748 alque
1474 2679 1686 2733 Sabam

494 2766 782 2829 Lascaris,
818 2765 931 2819 Deo
964 2765 1207 2830 favente,
1242 2767 1439 2819 statim
1474 2767 1628 2833 vicit,

494 2859 683 2925 Atque
712 2855 847 2909 hinc
874 2853 1127 2908 Celbiani
1162 2870 1222 2908 se
1256 2856 1389 2908 fecit
1419 2856 1743 2922 dominum,

494 2942 913 3012 Philadelphia?
943 2942 1322 3007 Maeandrius,
1356 2944 1823 3000 Neocastrorum.

497 3033 608 3087 Sed
643 3030 1098 3101 Paphlagoniam
1133 3031 1344 3101 aegrius
1377 3031 1652 3100 obtinuit,

496 3124 787 3174 Comneno
818 3118 1104 3172 debellato
1136 3119 1317 3172 armis
1348 3118 1562 3173 Davide
1598 3137 1611 3174 :

496 3209 651 3263 unde
680 3206 989 3277 acquisivit
1018 3222 1149 3259 cum
1186 3205 1455 3259 Heraclea

493 3295 906 3361 Amastridem,
937 3294 1237 3365 Cytorum,
1269 3293 1696 3367 Cromnamque
1728 3298 1903 3353 urbes

495 3400 627 3439 cum
660 3382 1053 3452 circumiectis
1084 3382 1237 3453 agris
1272 3388 1445 3453 atque
1475 3384 1798 3455 oppidulis,

495 3477 552 3526 et
582 3469 1022 3541 Paphlagonum
1056 3470 1330 3526 dominus
1361 3471 1562 3526 evasit.

494 3561 712 3614 Turcas
741 3574 874 3613 vero
909 3557 1197 3630 [talosque
1230 3559 1527 3630 perpetuis
1560 3561 1770 3631 praeliis

497 3664 645 3719 aegre
679 3645 984 3714 mehercle,
1018 3648 1120 3702 sed
1153 3652 1348 3701 tamen
1383 3648 1613 3716 devicit,

496 3736 648 3791 vires
675 3735 945 3789 videlicet
976 3735 1345 3790 ministrante
1375 3736 1510 3792 Deo.

498 3826 609 3879 Sed
643 3823 1011 3879 conturbavit
1040 3824 1302 3878 animum
1330 3824 1638 3881 Lascareos

498 3912 661 3968 exsul
696 3911 926 3967 Alexius
955 3912 1092 3966 olim
1126 3912 1462 3984 imperator,

497 4017 662 4055 socer
688 4000 873 4071 ipsius
905 4006 1197 4071 sceptrum
1230 4017 1387 4055 nunc
1416 4002 1691 4057 tenentis.

496 4096 723 4152 Etenim
754 4096 850 4150 ille
881 4102 1012 4166 post
1042 4096 1326 4151 amissum
1360 4113 1625 4168 regnum,

496 4191 563 4239 ut
593 4199 722 4239 mea
752 4184 1013 4255 superior
1044 4184 1245 4238 retulit
1275 4185 1538 4249 historia,

496 4273 973 4329 Thessalonicam
1004 4272 1370 4326 errabundus
1402 4272 1587 4339 venit;

496 4367 671 4432 atque
701 4378 733 4415 a
764 4362 946 4416 Maria
974 4375 1184 4430 genere
1212 4359 1558 4428 Alamanna,

500 4466 628 4520 quae
659 4450 871 4517 conjux
902 4448 1090 4501 fuerat
1122 4445 1313 4500 fratris
1346 4446 1570 4514 Isaacii,

502 4554 658 4594 nunc
692 4538 749 4591 in
781 4535 1134 4591 marchionis
1170 4535 1399 4604 nuptias
1430 4542 1816 4606 concesserat,

502 4630 776 4695 exceptus
807 4628 1179 4696 peramanter
1206 4628 1262 4677 et
1293 4623 1629 4692 honoriﬁce,

504 4713 903 4767 diversabatur
934 4712 1014 4767 ibi
1044 4728 1178 4767 cum
1211 4729 1318 4766 sua
1349 4728 1549 4767 uxore-

501 4800 719 4854 Verum
751 4815 883 4854 cum
916 4800 1125 4853 civium
1161 4800 1385 4855 animos
1422 4804 1686 4868 tentaret,

505 4904 637 4943 mox
668 4903 802 4942 cum
834 4902 1010 4941 uxore
1040 4898 1097 4941 et
1128 4886 1327 4941 liberis
1357 4893 1445 4942 est
1472 4892 1712 4959 ejectus.

502 4989 555 5041 Is
589 4985 657 5039 ad
691 4982 947 5037 Corinthi
979 4982 1245 5054 protinus
1276 4988 1587 5054 tyrannum

498 5078 751 5145 Sgurum
784 5072 1098 5142 profectus,
1135 5071 1345 5126 ﬁndere
1375 5072 1629 5144 conjugii

498 5160 637 5215 huic
666 5158 998 5231 copulatam
1030 5160 1274 5214 tradidit
1303 5159 1481 5214 ﬁliam
1515 5178 1706 5215 suam.

497 5254 629 5304 Mox
659 5247 823 5302 illinc
854 5247 983 5302 navi
1017 5247 1257 5302 recessit
1288 5248 1346 5301 in
1379 5247 1645 5303 [Etoliam

501 5335 572 5389 ad
603 5334 946 5390 Michaelem
981 5334 1116 5388 huic
1147 5334 1543 5390 dominantem

502 5428 561 5478 et
590 5423 768 5477 simul
802 5424 994 5494 Epiro,
1029 5439 1203 5494 quam
1239 5432 1489 5478 veterem
1524 5429 1763 5492 vocant;

505 5513 653 5582 (erat
682 5512 837 5565 enim
873 5510 1052 5565 Alexii
1085 5528 1151 5565 ex
1186 5511 1362 5565 fratre
1396 5513 1630 5583 nepos;)

508 5600 607 5653 sed
642 5599 1025 5670 interceptum
1062 5600 1255 5669 piratae
1291 5599 1649 5670 Longobardi

515 5688 586 5741 ad
620 5686 979 5754 Michaelem,
1010 5705 1151 5743 auro
1183 5705 1445 5760 repenso,
1481 5691 1739 5744 mittunt.

2152 539 2206 603 Α
2410 536 2600 606 Τούτῳ
2628 536 3065 608 κραταρχήσαντι
3100 535 3320 611 φροντὶς
3354 532 3514 607 μυρία

2234 626 2375 680 7505
2413 626 2504 677 Ἐκ
2534 631 2631 692 τῆς
2663 624 2832 695 Ἑῲας
2863 620 3101 692 ἐξελάςαι
3133 622 3409 688 Λατίνους,

2412 712 2510 766 Καὶ
2539 714 2829 784 Ῥωμαϊκῷ
2858 709 3008 779 τὴνδ’
3041 709 3326 765 ὑποκλῖναι
3357 710 3561 783 κράτει·

2415 800 2564 856 Ἐπεὶ
2598 804 2817 854 Λατῖνοι
2849 798 3207 853 κωλυσόντων
3236 801 3303 871 τῇ
3336 797 3523 851 σπάνει

2415 890 2488 942 Οὐ
2523 886 2710 962 χώρας
2744 887 3042 961 ἐκράτησαν
3070 887 3297 961 ὲσπέρας
3331 884 3520 957 μόνον,

2414 974 2584 1033 Ἀλλά
2614 997 2675 1049 γε
2706 979 2902 1049 μικροῦ
2933 975 3019 1028 καὶ
3056 978 3232 1047 μερῶν
3264 972 3439 1043 πάσης
3464 976 3596 1029 "Em.

2235 1074 2376 1127 7510
2415 1072 2512 1125 Καὶ
2539 1072 2640 1145 γάρ
2670 1071 2931 1147 κατέσχον
2964 1072 3203 1126 Βιθυνῶν
3236 1072 3370 1124 ἅπαν
3404 1073 3561 1142 θὲμα,

2413 1158 2671 1214 Λεντιανά
2696 1181 2772 1215 τε.
2805 1160 3150 1231 Ποιμανηνὸν
3182 1159 3269 1212 καὶ
3302 1159 3488 1233 Βάριν,

2414 1246 2685 1303 Λοπάδιόν
2718 1249 2767 1302 τ’
2794 1248 2858 1301 αὗ
2892 1247 3127 1322 Ὀχυράς
3158 1247 3246 1301 καὶ
3274 1248 3341 1301 τὰ
3366 1250 3539 1321 πέριξ.

2415 1335 2707 1409 Προῆλθον
2740 1338 2901 1409 ἄχρις
2933 1334 3330 1410 Ἀτραμυττίου
3358 1336 3563 1405 τόπων,

2415 1426 2513 1481 Καὶ
2548 1424 2702 1479 πάνθ’
2736 1423 2923 1485 ἁπλῶς
2954 1421 3176 1496 πάραλα
3204 1425 3409 1499 χωρία,
3440 1423 3627 1484 πόλεις

2239 1514 2380 1569 7515
2415 1513 2609 1574 Αὑτοῖς
2634 1511 2997 1581 καθυπὲταξαν
3026 1508 3457 1572 ἐσκυλευκὸντεςο

2420 1602 2542 1676 Ούχ
2570 1602 2733 1670 ἦττον
2761 1599 3085 1676 ὑπὲθρσττον
3116 1597 3316 1654 ἄνακτα
3344 1598 3509 1654 πάλιν

2414 1692 2484 1746 Αἱ
2515 1690 2647 1745 κατᾶ
2677 1690 2895 1764 χώρους
2925 1688 3179 1746 Αὐσόνων
3219 1685 3549 1761 τυραννίδες·

2418 1778 2621 1834 Αὐτίκα
2648 1778 2739 1833 καὶ
2764 1778 2864 1853 γὰρ
2895 1781 2990 1831 τοῦ
3022 1778 3264 1849 Σαμψὼν
3292 1775 3587 1851 πολιχνίου

2417 1867 2520 1922 Σὺν
2550 1872 2667 1928 τοῖς
2698 1866 3012 1940 προσοίκοις
3032 1866 3175 1941 ἦρχε
3201 1864 3503 1936 τούπίκλην
3538 1862 3741 1929 Σάϐας·

2235 1959 2375 2012 7520
2415 1956 2515 2012 Καὶ
2549 1951 2992 2027 Μωροθεόδωρος
3024 1953 3447 2030 Φιλαγελφείας·

2411 2038 2576 2098 Δαϐὶδ
2609 2042 2897 2114 Κομνηνὸς
2925 2040 3302 2118 Ηαφλαγονίας
3324 2040 3484 2111 ὅλης,

2412 2130 2653 2203 Ἀλεξίου
2685 2132 2949 2201 σύναιμος
2980 2127 3052 2183 ὢν
3084 2134 3181 2183 τοῦ
3212 2131 3318 2203 πρὸ
3352 2126 3566 2204 χρόνων

2408 2220 2989 2293 Κατατυραννήσαντος
3017 2220 3483 2292 Τραπεζουντίων,

2412 2309 2597 2368 Ὅστις
2638 2305 2995 2378 ἐπωνόμαστο
3030 2306 3311 2378 Κομνηνὸς
3347 2307 3536 2380 μὲγας⁶

2232 2398 2375 2451 7525
2412 2397 2723 2470 Κατηγὲτην
2757 2395 2921 2471 ἄμφω
2954 2392 3012 2447 δὲ
3041 2395 3218 2469 σειρὰν
3250 2399 3347 2448 τοῦ
3376 2391 3561 2469 γένους

2410 2484 2496 2552 Ἐξ
2535 2481 2887 2558 Ἀνδρονίκου
2917 2487 3013 2536 τοῦ
3039 2477 3517 2556 βεϐασιλευκότος,

2411 2578 2504 2625 Ἐκ
2531 2570 2689 2626 τοῦδε
2719 2569 2909 2632 παίδὸς
2933 2570 3195 2638 Μανουὴλ
3228 2572 3543 2644 πεφυκότες.

2416 2659 2573 2714 Ἀλλ’
2610 2660 2851 2733 εὐχερῶς
2888 2660 2980 2729 μὶν
3014 2657 3292 2733 Θεόδωρον
3327 2656 3506 2715 Σάϐαν

2416 2750 2576 2821 Ἄναξ
2613 2748 2852 2820 μετῆλθε
2880 2754 2947 2816 τῆ
2981 2752 3113 2801 Θεοῦ
3138 2750 3449 2823 συμμαχίᾳ.

2241 2839 2385 2892 7530
2426 2831 2719 2899 Κᾶντεῦθεν
2755 2835 2904 2889 ὦπτο
2938 2830 3236 2890 Κελϐιανοῦ
3268 2834 3556 2908 δεσπότης.

2416 2922 2817 2997 Φιλαδελφείας
2847 2921 3181 2998 Μαιάνδρου,
3215 2927 3583 2999 Νεοκάστρων.

2416 3012 2513 3065 Καὶ
2546 3010 2925 3085 Παφλαγονίας
2948 3008 3005 3065 δὲ
3033 3017 3218 3087 κρατεῖ
3239 3018 3319 3084 τῷ
3349 3014 3553 3089 χρόνῳ,

2417 3102 2831 3165 Καταπαλαίσας
2862 3104 3142 3176 Κομνηνὸν
3177 3101 3342 3160 Δαϐὶδ
3379 3105 3555 3182 μάχῃ·

2421 3195 2578 3250 ’Όθεν
2610 3196 2974 3268 παρειτήσατο
3006 3192 3096 3247 σὺν
3129 3193 3428 3269 Ἡρακλείᾳ

2162 3249 2205 3310 C
2243 3294 2383 3347 7535
2423 3249 2774 3362 Ἀμάστριδα,
2805 3249 3080 3365 Ῐίύτωρον,
3114 3249 3380 3366 Κρίὸμναν
3406 3249 3502 3357 τὰς
3530 3294 3725 3357 πόλεις

2413 3379 2558 3452 Πρὸς
2579 3384 2697 3439 τοῖς
2722 3380 2875 3450 πέριξ
2908 3379 3070 3432 ἅπασι
3102 3380 3188 3433 καὶ
3214 3381 3549 3454 πολιχνίοις.

2415 3466 2511 3521 Καὶ
2537 3467 2912 3540 κατεκυρίευσε
2940 3467 3029 3520 καὶ
3066 3464 3461 3543 Παφλαγόνων,

2414 3558 2619 3626 Πέρσας
2648 3551 2695 3607 δ’
2730 3552 2972 3615 Ἰταλοὺς
2995 3559 3111 3615 ταῖς
3132 3554 3444 3630 καθημὲραν
3475 3559 3679 3632 μάχαις

2414 3643 2526 3696 Οὐκ
2562 3641 2802 3717 εὐχερῶς
2838 3643 2954 3713 μὲν,
2985 3640 3283 3716 ἆτροποῦτο
3314 3640 3361 3697 δ’
3391 3643 3481 3697 οὖν
3514 3645 3664 3718 ὅμως

2236 3734 2379 3787 6540
2416 3731 2598 3794 Σθένει
2630 3732 2793 3801 θεῖκῷ
2824 3729 3282 3805 ςυμμαχούμενος
3307 3731 3472 3807 τάχα,

2415 3820 2662 3893 Παρέσχε
2688 3816 2733 3872 δ’
2759 3818 2906 3890 αὐτῷ
2929 3820 3218 3894 πράγματα
3248 3818 3541 3894 δυσθυμίας

2414 3908 2475 3963 Ὁ
2515 3908 2686 3983 φυγάς
2714 3904 2958 3979 Ἀλὲξιος
2989 3905 3234 3962 Αὐσόνων
3268 3906 3414 3981 ἄναξ,

2418 3998 2510 4049 Ὧν
2542 3996 2798 4069 πενθερὸς
2818 3994 3011 4049 τούτου
3038 4016 3099 4068 γε
3117 4001 3213 4050 τοῦ
3248 3996 3538 4071 βασιλέως,

2418 4083 2589 4143 Οὗτος
2617 4082 2717 4157 γὰρ
2750 4083 2907 4144 οὗτος
2940 4081 3178 4137 ἐκπεσὼν
3213 4087 3567 4161 κραταρχίας,

2240 4183 2383 4236 7545
2420 4178 2666 4254 Καθάπερ
2706 4179 2961 4255 ἱστόρησε
2991 4180 3191 4257 φθάσας
3224 4202 3317 4253 μοι
3350 4181 3537 4257 λόγος,

2419 4266 2738 4340 Ἀλώμενος
2769 4267 3005 4345 πέφθακε
3034 4267 3449 4339 Θεσσαλονίκην·

2423 4352 2517 4412 Καὶ
2546 4356 2680 4430 πρὸς
2708 4356 2921 4430 Μαρίας
2950 4356 3268 4429 Ἀλαμανῶν
3301 4358 3361 4414 ἐκ
3386 4359 3589 4433 γένους,

2420 4446 2492 4499 "H
2522 4443 2649 4518 πρὶν
2679 4445 2903 4516 συνῴκει
2935 4446 3178 4519 συγγόνῳ
3202 4446 3434 4519 Ἰσακίῳ,

2421 4532 2707 4608 Μαρκεσίῳ
2737 4530 2794 4586 δὲ
2816 4535 3092 4602 τηνικαῦθ’
3123 4534 3436 4607 ὡμευνὲτει,

2168 4601 2214 4663 D
2243 4622 2384 4675 7550
2422 4601 2647 4692 "Aptata
2669 4601 2880 4694 δεχθεὶς
2905 4621 2992 4674 καὶ
3026 4601 3370 4698 φιλοιρρόνως
3399 4601 3554 4679 πάνυ.

2424 4709 2631 4765 Ἐκεῖσε
2666 4704 2899 4783 διέτριϐε
2928 4707 3020 4762 σὺν
3042 4709 3112 4782 τῇ
3140 4710 3368 4785 συζύγῳ.

2423 4802 2507 4857 Ὡς
2541 4795 2586 4851 δ’
2614 4795 2678 4851 αὖ
2708 4796 2962 4851 ἀνασείων
2990 4800 3089 4866 τὴν
3117 4797 3276 4853 πόλιν
3310 4798 3581 4873 ἐφωράθη,

2423 4888 2571 4957 ’Ἅμα
2600 4884 2814 4959 γυναικὶ
2852 4885 2941 4939 καὶ
2971 4884 3175 4948 τέκνοις
3209 4886 3488 4957 ἀπηλάθη,

2428 4974 2520 5027 Καὶ
2555 4973 2692 5048 πρὸς
2722 4974 3112 5045 τυραννεύοντα
3140 4979 3250 5029 τῶν
3284 4976 3575 5049 Κορινθίων

2245 5072 2387 5125 7555
2426 5070 2663 5145 Σγουρὸν
2700 5068 2945 5145 βαδίσας,
2974 5072 3109 5146 πρὸς
3134 5074 3315 5146 γάμου
3344 5074 3622 5128 κοινωνίαν

2423 5157 2617 5230 Τούτῳ
2646 5159 2990 5233 κατηγγύησε
3018 5160 3114 5227 τήν
3146 5161 3428 5234 θυγατὲραο

2426 5246 2672 5301 Κάκεῖθεν
2701 5245 3003 5302 ἀπέπλευσε
3026 5248 3162 5323 πρὸς
3184 5247 3454 5304 Αἰτωλίαν

2426 5337 2569 5405 Πρὸς
2591 5336 2682 5389 τὸν
2713 5337 3006 5409 κρατοῦντα
3038 5337 3266 5411 Μιχαὴλ
3295 5338 3495 5408 ταύτης
3526 5338 3658 5405 τότε,

2427 5424 2567 5497 Πρὸς
2598 5422 2642 5477 δ’
2674 5424 2738 5477 αὗ
2768 5422 3004 5485 παλαιᾶς
3035 5425 3292 5500 Ἠπείρου
3323 5424 3657 5499 κεκλημένης

2248 5512 2389 5565 7560
2431 5508 2880 5587 Πρωτεξάδελφον
2902 5518 3126 5585 συγγενῆ
3155 5510 3389 5566 πέλοντά
3421 5513 3493 5565 o't'

2426 5597 2723 5654 ’Βλίσκεται
2757 5596 2812 5651 δὲ
2840 5604 3116 5673 πειραταῖς
3148 5595 3530 5673 Λογγιϐάδοις,

2428 5686 2853 5758 ’Δπεμπολεῖται
2883 5688 3018 5756 πρὸς
3050 5687 3555 5761 Μιχαὴλ-χρυσίου·

3757 411 3853 463 280
