4136 6292
341 354 438 407 281

514 479 621 551 Ἐγ’
649 479 833 533 ἱκανὸν
863 486 990 553 γοῦν
1020 480 1474 560 ἐνδιατετριφότος

517 568 649 629 Τοῖς
674 572 771 621 τοῦ
806 568 1041 643 Μιχαὴλ
1074 572 1299 645 χωρίοις
1331 570 1596 642 Ἀλεξίου,

332 656 484 709 7565
522 656 750 725 Θνήσκει
787 656 1001 730 βασιλὶς
1033 659 1348 736 Εὐφροσύνη
1381 660 1515 733 πρὸς
1546 660 1727 730 νόσου,

520 745 618 797 Καὶ
650 746 907 806 θάπτεται
941 745 1008 814 δὴ
1036 753 1114 818 τῷ
1142 748 1423 824 πολιχνίῳ
1452 754 1677 823 νΑρτης.

520 830 697 893 Αὐτὸς
727 829 772 885 δ’
805 833 1038 888 άπέπλει
1067 836 1203 909 πρὸς
1233 837 1395 891 πόλιν
1422 838 1521 903 τήν
1556 836 1835 906 Ἀττάλου,

520 921 688 974 Ἔνθα
717 923 1011 993 πεφθακὼς
1040 927 1118 993 τῷ
1149 928 1431 998 κρατοῦντι
1467 922 1722 999 Περσίδος

516 1008 785 1082 Ἰαθατίνῃ
817 1008 1177 1083 προσδέδεκτο
1208 1013 1447 1087 γνησίως
1474 1033 1487 1045 ·

336 1100 479 1154 7570
514 1100 605 1152 Ὃν
640 1098 797 1160 αὐτὸς
828 1099 1157 1175 ἐκφεύγοντά
1180 1104 1228 1156 τ’
1259 1101 1499 1177 ἀδελφοῦ
1537 1110 1703 1179 χέρας

516 1185 615 1239 Καὶ
655 1186 790 1259 πρὸς
819 1188 981 1243 πόλιν
1014 1189 1218 1257 ἥκοντα
1247 1192 1372 1263 πρὶν
1408 1188 1726 1266 δεδεγμένος

515 1281 554 1328 Θ
581 1274 671 1328 τὸν
704 1275 1060 1346 κατωνόμασε
1090 1276 1253 1331 παῖδα
1287 1277 1577 1352 βαπτίσας,

513 1361 615 1415 Καί
644 1362 695 1415 οἱ
729 1362 966 1435 συνεξῄει
997 1384 1059 1436 γε
1086 1370 1188 1433 τῆς
1220 1365 1643 1423 Κωνσταντίνου.

510 1449 718 1504 Ἔπειτ’
748 1447 945 1502 ἐκεῖθεν
979 1448 1221 1525 ἀποδρὰς
1252 1452 1351 1507 οὐκ
1382 1451 1485 1507 οἶδ’
1514 1453 1664 1517 ὅπως

329 1547 469 1600 7575
506 1541 974 1619 Παλινδρομήσας
1004 1546 1247 1623 εὐχερῶς
1280 1549 1417 1623 πρὸς
1444 1550 1697 1624 πατρίδα³

505 1630 738 1686 Ἰκονίου
770 1630 1011 1689 δὲδεικτο
1042 1634 1272 1691 σουλτᾶν
1306 1639 1576 1712 Περσάναξ
1611 1659 1624 1672 ·
1679 1663 1685 1667 -

504 1721 608 1777 Καὶ
637 1727 937 1790 τηνικαῦτα
975 1720 1327 1798 δυστυχοῦντ’
1356 1726 1585 1799 Ἀλεξίῳ

507 1811 683 1887 Ὠφθη
712 1811 1088 1885 παρηγόρημα
1114 1813 1202 1867 καὶ
1235 1814 1495 1888 σωτηρία.

505 1898 677 1960 Οὗτός
702 1920 766 1973 γε
793 1900 991 1968 τοίνυν,
1027 1902 1174 1975 ἱκέτῃ
1203 1901 1363 1957 τίνων
1397 1904 1585 1980 χάριν,

315 1988 469 2042 7580
506 1982 860 2061 Πρεσὸεύεται
894 1986 960 2055 δὴ
993 1990 1129 2063 πρὸς
1158 1991 1273 2045 νεὸν
1307 1993 1672 2069 στεφηιρόρον,

507 2075 605 2129 Καὶ
629 2077 1031 2151 παραχωρῆσαί
1059 2098 1117 2153 γε
1145 2080 1244 2147 τῆς
1269 2081 1603 2156 κραταρχίας

499 2170 591 2236 Τῷ
620 2164 747 2239 πρὶν
780 2170 1066 2240 κρατοῦντι
1094 2168 1335 2240 πενθερῷ
1365 2169 1681 2244 παρηγγύα.

502 2252 613 2307 Εἶτ’
644 2250 1025 2329 ἐκστρατεύσας
1056 2253 1145 2309 καὶ
1177 2256 1315 2310 κατᾶ
1341 2255 1651 2329 Ῥωμαίδος

503 2342 651 2395 Μετὰ
680 2348 929 2416 στρατιᾶς
960 2341 1370 2417 δυσαριθμήτου
1402 2345 1568 2415 μάλα,

321 2440 467 2493 7585
502 2441 682 2512 ’Ἃγων
715 2440 830 2509 μετ’
862 2438 1023 2492 αὐτοῦ
1053 2438 1143 2492 καὶ
1174 2445 1471 2511 κρατοῦντα
1500 2441 1725 2519 φυγάδα,

507 2527 621 2593 Τὴν
654 2526 945 2599 Ἀντιόχου
976 2523 1383 2600 καταλαμϐάνει
1413 2528 1574 2584 πόλιν

497 2614 609 2680 Τὴν
641 2615 776 2686 πρὸς
810 2612 1107 2687 Μαιάνδρῳ
1138 2620 1216 2687 τῷ
1247 2622 1478 2688 ποταμῷ
1507 2621 1787 2689 κειμένην.

494 2700 650 2756 Ἀλλ’
682 2699 795 2756 οὐδ’
826 2703 852 2755 ὁ
882 2708 1094 2776 κρατῶν
1124 2708 1232 2757 τῶν
1265 2706 1382 2758 καθ’
1416 2704 1571 2759 αὐτὸν
1601 2707 1823 2779 ἠμέλει.

500 2788 677 2845 Ἀλλὰ
707 2795 1013 2863 προσοῦσαν
1047 2794 1295 2864 στρατιὰν
1329 2792 1639 2861 συναλίσας,

316 2880 470 2933 7590
508 2875 766 2940 Ἐλπίδας
796 2878 991 2952 ἐξάψας
1021 2901 1079 2934 τε
1104 2885 1342 2953 Χριστοῦ
1376 2881 1668 2949 Δεσπότου,

511 2966 632 3022 Ἐπὶ
664 2965 960 3021 σουλτάνον
993 2966 1127 3022 ἵεται
1162 2968 1494 3044 θαρῥαλέως.

507 3052 825 3129 Συῤῥήξεως
856 3059 984 3129 γοῦν
1018 3051 1302 3128 συμϐολῆς
1332 3077 1391 3110 τε
1415 3053 1720 3129 συμϐάσης,

502 3142 579 3198 Τὸ
610 3142 865 3198 πλεῖστον
889 3145 1155 3221 ἠφάνιστο
1179 3149 1287 3199 τῶν
1322 3149 1737 3220 στρατευμάτων

508 3231 794 3302 Ἄνακτος,
826 3234 884 3287 ’ὁν
922 3231 1159 3305 μάλιστα
1189 3233 1427 3287 Λατίνων
1459 3236 1666 3310 γένους.

306 3321 472 3376 7595
510 3321 658 3395 Ἔργ’
686 3320 873 3392 ἀρεϊκᾶ
901 3322 1134 3396 καρτερὰ
1165 3318 1517 3397 δεδειγμένων
1553 3342 1567 3356 ·

502 3409 788 3480 Ῥωμαϊκῆ
819 3406 865 3463 δ’
893 3405 1108 3485 ἔφευγεν
1141 3409 1394 3483 ἀκόσμως
1428 3411 1655 3488 φάλαγξ

504 3496 716 3565 Ταύτης
750 3498 1011 3569 μενόντων
1046 3497 1277 3571 μετρίων
1312 3500 1447 3553 κατᾶ
1480 3501 1667 3574 μάχην

508 3583 778 3657 Ἀγωνίας
804 3583 977 3660 τέρμα
1006 3605 1065 3638 τε
1092 3590 1195 3638 πᾶν
1228 3589 1637 3658 σκοπουμένων.

506 3671 662 3729 Οὕτω
694 3669 751 3727 δὲ
775 3672 929 3743 νίκης
964 3671 1260 3745 μειδιώσης
1289 3670 1613 3749 Βαρϐάροις,

305 3762 467 3816 7600
505 3762 654 3816 ’Ἃνω
686 3762 819 3824 θὲων
853 3762 1001 3816 κάτω
1028 3782 1087 3816 τε
1114 3760 1346 3817 σουλτᾶν
1377 3762 1615 3833 ἱππότης

506 3845 806 3925 Ἀναδιφῶν
840 3849 906 3917 ἦν
936 3851 1029 3905 τὸν
1052 3851 1367 3924 κρατάρχην
1404 3850 1655 3907 Αὐσόνων
1690 3873 1703 3886 ·

506 3938 613 3993 Καὶ
642 3935 795 3991 τόνδε
822 3940 941 4001 καθ’
972 3938 1171 4011 ὅμιλον
1203 3938 1373 4011 εὑρὼν
1408 3938 1643 4010 ἱππότην

502 4026 690 4100 Ῥώμῃ
719 4026 995 4090 πεποιθὼς
1024 4027 1114 4081 καὶ
1147 4027 1317 4090 σθένει
1352 4026 1683 4102 βραχιόνων,

509 4112 744 4185 Πλήττει
774 4115 976 4190 κορύνῃ
1005 4116 1139 4170 κατὰ
1168 4117 1335 4188 κάρας
1367 4114 1575 4185 αὐτίκα,

318 4204 474 4257 7605
513 4202 609 4256 Καὶ
641 4204 776 4257 κατὰ
804 4209 903 4279 γῆν
943 4198 1181 4278 βὲϐληκε
1210 4203 1367 4278 ῥίψας
1401 4202 1460 4258 ἐκ
1490 4202 1683 4282 δίφρου

505 4289 825 4359 ΙῙλησθέντα
852 4291 1007 4363 τύψει
1039 4299 1344 4370 συστροφῆς
1372 4314 1432 4348 τε
1457 4293 1544 4348 καὶ
1573 4293 1820 4357 σκότους.

508 4382 595 4436 Ἐν
628 4385 754 4455 χρῷ
786 4378 843 4434 δὲ
871 4378 1122 4436 κινδύνου
1152 4403 1215 4455 γε
1244 4380 1372 4455 τῇδε
1400 4383 1705 4458 τυγχάνων,

506 4467 711 4545 Αἴιρνης
743 4469 930 4523 ἑαυτὸν
961 4464 1246 4525 ἀναλαϐὼν
1280 4472 1306 4524 ὁ
1335 4474 1547 4545 κράτωρ

510 4556 779 4626 Πλησθείς
803 4578 863 4613 τε
894 4557 1035 4621 θείας
1069 4558 1118 4628 ἐξ
1150 4557 1430 4623 ἐπιπνοίας
1454 4558 1692 4629 σθένους,

315 4647 474 4700 7610
515 4645 746 4708 Σπαθεὶς
778 4645 865 4700 ἐπὶ
895 4643 1065 4707 πόδας
1093 4667 1150 4700 τε
1181 4647 1436 4720 γενναίως
1467 4648 1633 4720 μάλα,

514 4734 721 4802 Στάθην
754 4735 801 4787 τ’
836 4733 1027 4809 ἐρύσας
1058 4733 1287 4789 κουλεοῦ
1311 4734 1492 4806 τέμνει
1524 4734 1692 4797 πόδας

512 4818 744 4888 Θηλείας
772 4819 947 4876 ’ίππου
976 4821 1351 4895 Ηερσάνακτος
1386 4822 1663 4897 εὐψύχως,

514 4908 611 4961 Καὶ
642 4906 795 4963 τόνδε
828 4910 1001 4983 χαμαὶ
1028 4904 1324 4964 κατέϐαλεν
1359 4909 1549 4981 ὑψόθεν
1586 4930 1598 4943 ·

510 4998 621 5052 Εἶτ’
652 4995 901 5068 ἐξαπίνης
938 4996 1171 5070 μηδενὸς
1199 5002 1314 5059 πῶς
1347 4995 1557 5060 είδότος

320 5096 477 5149 7615
518 5092 764 5147 Σουλτὰν
795 5093 958 5168 κάραν
992 5093 1227 5167 τὲτμητο
1257 5095 1355 5162 τὴν
1392 5094 1677 5173 μιαιφόνον
1711 5116 1723 5127 ·

516 5180 616 5236 Καὶ
648 5179 839 5236 λοιπὸν
870 5182 1131 5256 ἠνέγκατο
1161 5183 1262 5250 τήν
1292 5182 1443 5251 νίκην
1472 5186 1730 5261 κράτωρ.]

514 5269 681 5326 Τουτὶ
711 5268 1139 5344 τροπαιούχημα
1166 5272 1257 5324 τὸν
1292 5271 1517 5345 βασιλέα

509 5363 668 5411 Ποιεῖ
701 5358 794 5430 μὲν
828 5359 1054 5434 ἰχθροῖς
1090 5354 1382 5433 βαρϐάροις
1411 5360 1724 5437 φρικαλὲον,

512 5447 675 5506 Ἥδὺν
714 5451 977 5519 ὑπηκόοις
1008 5449 1065 5504 δὲ
1094 5451 1183 5505 καὶ
1213 5451 1544 5527 πεφιλμένον
1576 5472 1588 5485 ·

328 5541 482 5595 7620
518 5538 662 5609 Πρὸς
689 5535 861 5591 τοῖσδ’
893 5539 1083 5605 ἱκανῆς
1112 5537 1405 5611 ἐμπιμπλᾷ
1435 5537 1703 5611 θυμηδίας

514 5628 619 5683 Καὶ
647 5626 895 5699 λήματος
923 5629 1148 5703 θάρσους
1180 5648 1237 5682 τε
1264 5626 1488 5690 τούτους
1522 5628 1766 5691 εἰκότως.

1844 363 2209 417 ΟΕΒΔΒΒΒ.

2000 485 2056 549 Α
2087 483 2235 537 Dum
2268 498 2404 554 ergo
2436 481 2609 553 longo
2640 481 2968 538 diversatur
2997 486 3258 554 tempore

2089 574 2148 627 [ο
2184 572 2481 627 Michaelis
2512 572 2733 627 ditione
2764 571 2994 627 Alexius

2014 658 2019 661 ’
2085 658 2336 714 moritur
2367 676 2437 714 ex
2463 660 2666 715 morbo
2699 660 3081 732 Euphrosyne
3121 661 3322 732 regina

2084 752 2260 817 atque
2295 748 2349 801 in
2385 748 2666 819 oppidulo
2699 748 2981 819 sepelitur
3010 754 3170 803 Arta.

2086 834 2217 905 Ipse
2250 838 2541 907 navigavit
2570 838 2640 890 ad
2679 837 2883 891 urbem
2916 836 3113 903 Attali,

2082 923 2183 976 ubi
2214 928 2303 977 est
2334 929 2646 995 susceptus
2680 925 2873 978 animo
2906 922 3123 979 libente

2084 1028 2117 1065 a
2147 1012 2471 1067 Turcarum
2504 1012 2736 1067 sultano
2769 1012 3076 1080 Iatbatine,

2082 1114 2257 1168 quem
2292 1100 2419 1170 ipse
2450 1100 2589 1155 olim
2624 1100 2937 1171 profugum
2971 1118 3005 1155 a
3031 1102 3208 1155 fratre

2080 1188 2587 1259 Constantinopoli
2620 1189 2911 1259 hospitem
2944 1194 3245 1260 exceperat

2081 1279 2138 1331 et
2165 1275 2223 1331 in
2256 1276 2547 1348 baptismo
2581 1276 2767 1332 ﬁlium
2802 1278 3195 1349 adoptaverat.

2080 1365 2319 1435 quicum
2352 1366 2691 1437 Byzantium
2722 1381 2953 1437 quoque
2985 1366 3341 1422 deseruerat.

2079 1453 2190 1507 Sed
2225 1459 2425 1525 postea
2456 1454 2789 1508 Iathanines
2823 1455 3019 1509 nescio
3050 1457 3342 1525 quomodo

2081 1540 2331 1597 feliciter
2360 1558 2626 1599 reversus
2658 1542 2716 1596 in
2748 1543 2997 1613 patriam
3031 1560 3196 1598 suam

2080 1631 2402 1686 Turcarum
2434 1648 2532 1686 rex
2562 1636 2618 1686 et
2648 1630 2914 1687 sultanus
2951 1631 3131 1686 Iconii
3164 1633 3365 1688 evasit.

2084 1727 2184 1781 Hic
2214 1743 2348 1796 ergo
2380 1733 2520 1783 tunc
2549 1746 2876 1785 aerumnoso
2906 1729 3105 1784 Alexio

2001 1824 2049 1888 Β
2080 1831 2179 1869 ara
2209 1815 2420 1870 salutis
2452 1816 2558 1871 fuit
2588 1820 2646 1871 et
2677 1817 2963 1872 solamen.

2082 1903 2311 1958 Etenim
2343 1905 2593 1961 reddens
2624 1904 2979 1976 supplicanti
3011 1907 3281 1976 gratiam,

2083 1991 2265 2047 misso
2296 1993 2368 2047 ad
2400 1993 2691 2048 novellum
2724 1994 3009 2048 Caesarem
3041 1994 3252 2064 legato,

2081 2078 2351 2135 hortatus
2382 2085 2470 2135 est
2500 2085 2564 2135 ut
2592 2080 2838 2152 imperio
2874 2083 3174 2137 decederet

2079 2184 2279 2224 socero
2312 2186 2417 2224 suo
2450 2170 2687 2225 domino
2720 2171 2915 2241 priori.

2080 2256 2295 2313 Deinde
2325 2258 2579 2330 sumptis
2611 2263 2811 2314 contra
2844 2263 3074 2314 nostros
3105 2260 3285 2315 armis

2079 2360 2351 2415 egressus
2385 2351 2475 2401 est
2504 2364 2637 2401 cum
2668 2347 2979 2403 innumero
3005 2349 3282 2413 exercitu,

2079 2432 2337 2487 exsulem
2371 2433 2591 2488 habens
2621 2434 2677 2487 in
2711 2434 2990 2489 comitatu
3022 2434 3322 2499 Alexium;

2079 2530 2907 2602 Antiochiamque'pccupavit
2938 2533 3165 2601 urbem,

2080 2618 2239 2673 illam
2273 2620 2541 2675 videlicet
2570 2622 2639 2675 ad
2674 2621 3035 2676 Mmandrum
3072 2621 3269 2677 sitam.

2075 2708 2149 2760 At
2182 2723 2371 2776 neque
2405 2708 2670 2762 Lascaris
2701 2712 2877 2764 rebus
2904 2711 3031 2764 suis
3062 2710 3260 2764 deerat

2079 2793 2178 2863 qui
2212 2794 2598 2864 congregatis,
2633 2799 2919 2865 quotquot
2946 2796 3174 2861 habuit,
3208 2797 3450 2867 viribus,

2078 2896 2360 2951 spemque
2392 2898 2558 2935 suam
2594 2882 2883 2937 collocans
2912 2882 2971 2937 in
3002 2882 3232 2939 Christo
3262 2885 3533 2954 Domino,

2079 2972 2279 3023 contra
2311 2968 2614 3023 sultanum
2650 2971 2789 3024 exiit
2818 2971 3115 3025 audacter.

2076 3056 2183 3111 Sed
2218 3072 2349 3110 mox
2378 3061 2645 3112 conserto
2677 3058 2873 3130 praelio
2903 3059 3275 3130 gravissimo,

1997 3174 2039 3239 Ο
2079 3144 2333 3199 maxima
2364 3162 2499 3215 pars
2532 3147 2822 3202 exercitus
2848 3148 3083 3202 cassarei

2080 3247 2227 3285 caesa
2257 3236 2370 3298 est,
2402 3233 2623 3288 Latinis
2654 3238 2934 3289 constans
2966 3234 3391 3305 stipendiariis,

2081 3324 2392 3390 postquam
2424 3321 2683 3375 ediderat
2711 3327 2948 3377 strenua
2979 3321 3239 3379 facinora
3274 3340 3286 3377 :

2081 3408 2316 3477 gentilis
2344 3414 2537 3463 autem
2572 3414 2772 3464 nostra
2802 3410 3042 3464 confuse
3078 3408 3333 3481 phalanx

2082 3491 2200 3544 acie
2232 3494 2508 3563 profugit,
2543 3495 2745 3564 paucis
2775 3495 3030 3566 exceptis

2083 3577 2181 3648 qui
2215 3594 2423 3649 pugna:
2455 3580 2746 3652 reliquum
2779 3588 3194 3653 exspectarunt
3226 3583 3470 3639 exitum.

2079 3679 2226 3729 Dum
2260 3674 2343 3729 sic
2372 3676 2612 3731 victoria
2643 3680 2912 3735 Barbarie
2946 3681 3185 3747 arridet,

2082 3762 2190 3818 hac
2221 3762 2352 3818 illac
2382 3779 2561 3835 eques
2593 3765 2861 3821 sullanus
2892 3769 3173 3823 oberrans

2081 3851 2407 3906 Romanum
2437 3851 2763 3923 vestigabat
2792 3854 3201 3924 imperatorem
3242 3873 3255 3910 :

2080 3956 2253 4010 quem
2289 3940 2384 3995 ubi
2416 3940 2555 3995 vidit
2584 3940 2837 4010 equitem
2870 3941 2928 3996 in
2963 3943 3158 4008 turba,

2081 4028 2284 4083 robore
2313 4029 2529 4098 proprii
2558 4028 2777 4083 brachii
2811 4030 3069 4085 conlisus

2079 4114 2238 4169 clava
2269 4117 2557 4185 percussit
2583 4121 2869 4172 Caesarem
2902 4118 2960 4173 in
2995 4119 3207 4190 capite,

2078 4219 2331 4275 eumque
2360 4204 2634 4276 ephippio
2666 4206 2892 4277 proruit
2923 4206 2981 4261 in
3013 4210 3228 4262 terram

2079 4291 2198 4346 ictu
2229 4293 2545 4363 patientem
2576 4294 2945 4365 vertiginem,
2979 4295 3271 4350 tenebras.

2081 4380 2140 4434 In
2176 4386 2331 4436 tanto
2364 4398 2602 4436 versans
2635 4382 2901 4438 Lascaris
2932 4382 3289 4450 discrimine,

2075 4467 2229 4524 illico
2260 4474 2454 4525 tamen
2487 4470 2759 4541 spiritum
2788 4470 3027 4541 recepit,

2079 4557 2473 4628 divinitusque
2507 4558 2711 4613 robore
2742 4558 3021 4628 repletus,

2082 4646 2326 4715 pedibus
2357 4644 2637 4699 insistens
2666 4643 2864 4715 vigore
2901 4643 3292 4715 magnanimo,

2082 4735 2382 4803 evaginato
2414 4747 2552 4787 ense
2585 4731 2837 4786 succidit
2870 4733 3047 4802 pedes

2083 4821 2307 4875 fortiter
2334 4837 2492 4891 equae
2524 4819 2823 4874 sultanum
2855 4821 3160 4891 gestantis,

2082 4913 2257 4979 atque
2286 4908 2442 4962 hunc
2477 4907 2636 4961 humi
2670 4908 3023 4979 praecipitem
3057 4908 3270 4963 sternit
3305 4925 3318 4968 :

2085 5023 2216 5061 mox
2248 5004 2583 5076 improviso,
2616 5006 2953 5076 incertoque
2984 5012 3240 5075 auctore,

2083 5092 2315 5149 crudele
2345 5100 2519 5165 caput
2548 5095 2780 5149 sultano
2814 5094 3172 5165 praeciditur;

2084 5184 2399 5254 statimque
2432 5183 2501 5237 ad
2534 5187 2764 5238 nostros
2796 5182 3026 5237 transiit
3055 5181 3313 5236 victoria.

2084 5277 2269 5343 Atque
2298 5272 2391 5326 hic
2420 5288 2725 5326 successus
2756 5270 3129 5339 triumphalis
3160 5268 3442 5324 Caesarem

2083 5360 2347 5415 barbaris
2382 5360 2513 5415 fecit
2544 5360 2809 5414 hostibus
2840 5357 3180 5414 terribilem.

2081 5455 2138 5505 et
2169 5448 2421 5505 subditis
2444 5448 2772 5519 jucundum
2806 5464 2871 5502 ac
2898 5445 3302 5517 gratissimum
3336 5462 3349 5499 :

2081 5537 2320 5606 insuper
2350 5536 2549 5607 p0puli
2580 5536 2857 5590 recreavit
2896 5533 3123 5588 animos

2078 5626 2400 5695 idoneaque
2428 5624 2639 5678 ﬁducia
2670 5622 2927 5693 replevit.

1999 4514 2045 4577 D
