4136 6292
420 376 528 432 283
1622 386 1989 439 EPHREMII
2028 383 2597 439 CHRONOGRAPHI

426 499 643 554 Exinde
673 517 871 571 pacem
906 518 1039 556 cum
1070 505 1330 558 Romano
1363 504 1605 575 imperio

430 589 682 658 superba
711 606 853 660 gens
880 590 1196 645 Turcarum
1232 591 1420 648 libens
1452 593 1607 649 fecit.

434 678 619 740 Quare
649 678 965 748 imperator
997 685 1197 751 postea
1227 682 1448 736 Latinis

433 767 701 836 gerendis
732 767 901 822 bellis
933 768 1251 839 expeditior
1286 770 1409 825 fuit.

429 943 595 998 Nunc
628 943 818 998 media
847 961 915 999 ex
945 962 1138 1016 pugna
1169 964 1368 1002 socero
1402 955 1628 1020 recepto

428 1032 947 1102 exhibuitjustum
982 1038 1190 1103 praeter
1220 1051 1381 1105 spem
1415 1036 1693 1092 honorem
1730 1054 1744 1093 :

428 1134 599 1200 atque
628 1146 755 1183 eum
793 1130 1082 1184 Nicaenam
1118 1134 1472 1187 transferens
1504 1133 1561 1187 in
1594 1135 1821 1203 urbem,

430 1217 659 1288 imperii
692 1223 916 1271 tantum
950 1220 1229 1275 detractis
1262 1221 1613 1292 insignibus,

432 1307 532 1359 dat
563 1305 869 1375 Hyacinthi
902 1323 1005 1376 pro
1038 1309 1171 1361 sedc
1203 1310 1551 1379 cmnobium,

432 1396 489 1447 in
523 1411 635 1463 quo
666 1396 993 1461 defunctus,
1027 1397 1307 1466 sepelitur
1339 1399 1665 1469 magniﬁce.

428 1484 625 1552 Atque
656 1483 738 1537 ita
767 1499 829 1536 se
861 1500 951 1537 res
984 1485 1294 1540 Lascareos
1324 1486 1637 1543 habebant.

429 1570 595 1624 Nunc
626 1574 824 1625 nostra
854 1570 1098 1627 historia
1129 1574 1338 1629 iterum
1372 1577 1728 1631 convertitur

427 1659 499 1713 ad
532 1657 869 1712 Michaelem
904 1666 1290 1729 cognomento
1321 1663 1631 1733 Angelum,

430 1746 530 1817 qui
563 1746 873 1811 retinebat,
907 1752 969 1801 ut
998 1748 1269 1818 superius
1301 1750 1577 1818 diximus,

432 1835 728 1890 subditam
760 1835 1000 1905 Epirum
1034 1841 1284 1892 veterem
1319 1855 1449 1894 cum
1488 1840 1711 1897 Etolia.

432 1923 579 1978 Huic
607 1927 725 1978 tres
757 1927 922 1977 erant
954 1924 1225 1980 Michaeli
1258 1926 1489 1997 fratres,

438 2011 691 2078 Manuel,
721 2011 1082 2079 Theodorus,
1117 2017 1173 2068 et
1202 2014 1623 2073 Constantinus
1657 2034 1670 2073 :

440 2126 509 2164 ex
538 2109 754 2179 quibus
784 2109 1123 2165 Theodorus
1154 2112 1384 2168 Nicazna
1415 2115 1472 2168 in
1506 2117 1649 2171 urbe

442 2197 595 2269 apud
629 2198 954 2252 Romanum
984 2200 1328 2256 versabatur
1358 2202 1660 2259 Caesarem.

438 2289 568 2340 Jam
603 2286 743 2356 quia
774 2285 892 2339 ﬁlio
923 2285 1183 2356 legitimo
1216 2290 1445 2345 haerede

442 2374 809 2445 principatus
839 2374 929 2428 sui
969 2374 1213 2430 Michael
1250 2380 1485 2433 carebat

445 2465 604 2534 (nam
638 2479 810 2532 quem
845 2462 1095 2517 habebat
1126 2465 1348 2520 dictum
1380 2468 1715 2525 Michaelem

450 2550 714 2620 spurium
748 2550 817 2604 de
849 2552 1019 2605 vetita
1048 2559 1386 2623 susceperat
1414 2558 1643 2627 copula)

453 2640 636 2693 oravit
664 2639 947 2693 Caesarem
982 2645 1045 2694 ut
1076 2658 1143 2695 ex
1170 2641 1299 2695 aula
1332 2643 1443 2698 sibi

451 2726 817 2781 Theodorum
846 2725 1014 2781 illum
1046 2728 1294 2785 liberum
1328 2732 1667 2789 remitteret.

450 2822 730 2870 Annuens
761 2815 949 2871 Caesar
980 2822 1176 2873 statim
1213 2819 1373 2874 misit
1405 2820 1696 2878 hominem

453 2904 564 2958 ﬁde
586 2905 787 2974 jurata
817 2904 925 2959 sibi
960 2907 1389 2975 promittentem

451 2996 927 3047 conservaturum
962 2994 1225 3048 animum
1257 2996 1589 3052 benivolum

455 3085 631 3151 atque
664 3079 970 3149 sinceram,
1004 3083 1193 3151 quoad
1224 3083 1463 3146 viveret,
1496 3086 1668 3139 ﬁdem

451 3169 563 3238 ipsi
594 3172 650 3222 et
673 3167 904 3237 imperii
937 3183 1147 3237 nempe
1179 3171 1641 3226 successoribus.

450 3257 543 3310 Sic
576 3256 916 3310 Theodorus
947 3254 1013 3308 ad
1048 3254 1417 3312 Occidentem
1450 3258 1685 3315 veniens

454 3360 585 3399 cum
616 3342 896 3398 Michaele
926 3344 1268 3398 versabatur
1296 3346 1473 3401 fratre

451 3430 690 3499 Etolias,
724 3434 786 3484 ut
816 3429 955 3495 dixi,
988 3432 1246 3503 principe
1274 3438 1331 3488 et
1360 3435 1538 3504 Epiri.

452 3520 559 3574 Sed
594 3523 906 3589 postquam
938 3519 1182 3575 Michael
1217 3521 1531 3576 crudeliter
1559 3538 1743 3579 caesus

455 3626 488 3662 a
516 3608 637 3662 viro
668 3607 759 3661 cui
794 3607 1052 3662 Romano
1090 3624 1302 3663 nomen
1334 3615 1458 3664 erat

457 3700 630 3751 noctu
664 3696 891 3766 sopitus
923 3697 1076 3766 apud
1107 3697 1503 3767 Bellegradum

455 3786 633 3840 vitam
665 3788 899 3855 repente
928 3801 1064 3839 cum
1095 3801 1232 3840 nece
1263 3791 1662 3855 commutavit,

456 3883 653 3938 fratris
683 3882 1071 3953 principatum
1102 3883 1439 3940 Theodorus
1470 3888 1699 3959 excipit,

458 3973 577 4026 dux
606 3970 941 4038 bellicosus,
976 3976 1251 4026 strenuus
1286 3979 1597 4044 pugnator,

459 4059 605 4114 alter
635 4059 900 4114 Briareus
931 4059 1096 4131 gigas
1126 4060 1184 4115 in
1218 4062 1454 4132 prazliis,

462 4148 563 4220 qui
594 4163 727 4201 mox
758 4148 1077 4202 fraternum
1110 4150 1521 4221 patrimonium
1557 4170 1777 4225 augens

464 4254 494 4291 e
527 4252 701 4307 parvo
733 4252 1009 4306 magnum
1044 4236 1489 4307 spatiosumque
1521 4241 1787 4310 reddidit,

466 4326 764 4397 proferens
797 4323 974 4393 hujus
1004 4322 1375 4395 dilatansque
1406 4326 1584 4394 ﬁnes;

467 4413 974 4483 Bulgarorumque
1003 4416 1060 4465 et
1094 4400 1365 4466 Italorum
1401 4414 1668 4483 urbibus,

465 4501 712 4573 Illyricis
742 4498 971 4569 oppidis
1002 4502 1059 4553 et
1089 4498 1420 4556 Triballicis

466 4590 726 4647 efﬁciens
758 4586 1098 4659 opulentum
1134 4592 1189 4642 et
1220 4589 1566 4660 amplicans.

465 4680 538 4735 Ut
567 4677 722 4733 enim
759 4676 961 4746 paucis
993 4676 1203 4745 dicam,
1239 4677 1349 4731 sibi
1384 4680 1647 4739 subdidit

466 4766 797 4832 Achridem,
836 4763 1147 4834 Prilapum,
1180 4764 1581 4838 Pelagoniam,

464 4872 599 4911 cum
634 4853 759 4909 suis
790 4852 943 4922 agris
976 4856 1033 4906 et
1062 4852 1295 4923 oppidis
1327 4855 1616 4913 finitimis.

465 4941 825 4999 Thessaliam
861 4939 1163 5009 occupavit
1195 4957 1325 4995 cum
1353 4944 1589 5011 Achaia,

465 5036 522 5087 et
550 5027 947 5087 Macedoniam
981 5042 1112 5081 cum
1144 5028 1404 5083 Thraciae
1437 5033 1742 5102 particula,

467 5126 812 5184 Dalmatiam
844 5122 1151 5193 acquisivit
1181 5141 1311 5179 cum
1347 5127 1664 5198 Epidauro,

466 5215 643 5287 Illyrii
676 5216 948 5275 tractum,
984 5211 1328 5267 monticolae
1360 5213 1634 5283 Albanos,

469 5305 579 5360 Sed
615 5300 758 5355 nihil
792 5300 926 5355 huic
951 5302 1174 5353 tantam
1205 5299 1447 5369 gloriam
1485 5306 1709 5374 peperit

466 5395 743 5463 quantam
780 5389 927 5443 Petri
965 5388 1147 5442 Latini
1177 5388 1366 5443 clades
1398 5391 1723 5461 splendida.

467 5480 569 5534 Hic
602 5477 740 5549 quia
772 5493 1026 5531 sororem
1062 5476 1118 5530 in
1152 5477 1423 5549 conjugio
1455 5479 1705 5536 habebat

464 5568 646 5621 Errici
679 5572 737 5621 et
769 5566 1027 5620 Balduini
1062 5566 1502 5635 imperatorum,

467 5673 500 5711 a
532 5656 681 5725 Papa
713 5659 1023 5708 coronatus
1056 5654 1291 5708 Latinus
1320 5654 1526 5722 Caesar,

2090 509 2144 574 Α

2099 1864 2147 1926 Β

2122 3200 2165 3266 C

2136 4546 2181 4611 D

2211 4432 2352 4485 7665
2390 4429 2484 4481 Ἐκ
2509 4424 2839 4502 Βουλγάρων
2867 4430 2993 4499 γῆς,
3025 4423 3303 4480 Ἰταλικῶν
3337 4421 3535 4479 ἀστέων

2354 504 2621 558 Ἐντεῦθεν
2650 497 2930 554 ἐσπείσατο
2954 493 3241 567 Ῥωμαίων
3268 494 3454 567 κράτει

2348 592 2410 647 Ἡ
2442 591 2568 665 πρὶν
2600 588 2816 657 ἀλαζὼν
2842 584 3078 659 Περσικὴ
3113 582 3270 655 χώρα
3299 581 3580 665 πρόφρων.

2350 681 2449 735 Καὶ
2485 679 2679 733 λοιπὸν
2715 674 2981 751 ἐσχόλαζε
3008 670 3287 743 Ῥωμαίων
3316 670 3532 741 κράτωρ

2171 779 2314 833 7625
2352 780 2485 838 Ταῖς
2544 776 2680 851 πρὸς
2734 771 2975 828 Λατίνιον
3054 766 3397 840 συμπλοκαῖς
3440 786 3497 820 τε
3551 766 3641 820 καὶ
3706 766 3811 838 μά-

3562 857 3736 931 [xm-

2354 954 2455 1010 Καὶ
2488 955 2743 1027 πενθερὸν
2777 949 2833 1005 δὲ
2862 942 3192 1020 προσλαϐὼν
3228 945 3286 999 έκ
3314 948 3413 1009 τῆς
3446 947 3632 1021 μάχης

2353 1045 2605 1115 Τιμήσας
2633 1040 2812 1095 εἰκότα
2842 1059 2900 1092 τε
2928 1038 3017 1091 καὶ
3048 1036 3176 1111 παρ’
3202 1031 3417 1106 ἐλπίδα,

2355 1131 2677 1209 ’Λπαγαγὼν
2708 1128 2764 1185 δὶ
2794 1129 2929 1205 πρὸς
2958 1126 3119 1181 πόλιν
3148 1125 3412 1199 Νικαέων³

2358 1221 2459 1277 Καὶ
2490 1219 2788 1295 παράσημα
2816 1222 2912 1273 τοῦ
2938 1217 3167 1292 κράτους
3199 1210 3518 1283 ἀπεκδύσας,

2180 1313 2321 1366 7630
2358 1313 2515 1382 Μονῇ
2549 1307 2748 1384 διάγειν
2780 1305 3055 1367 Ὑακίνθου
3086 1302 3379 1374 προσνέμει
3413 1322 3424 1334 ·

2355 1399 2520 1453 Ἔνθα
2551 1392 2724 1459 θανὼν
2756 1390 2915 1467 ἔτυχε
2942 1396 3117 1469 ταφῆς
3149 1388 3391 1467 ἐντίμου,

2354 1491 2527 1540 Ταῦτα
2563 1485 2653 1557 μὲν
2688 1483 2828 1537 οὕτω
2860 1476 3053 1551 συνέϐη
3088 1479 3391 1561 Λασκαρίῳ.

2355 1578 2462 1629 Νῦν
2497 1572 2750 1648 βούλεται
2785 1571 2953 1644 λόγος
2988 1566 3327 1639 δεδηλῶσθαι
3364 1566 3524 1622 πάλιν

2357 1663 2485 1736 Περὶ
2516 1660 2746 1739 Μιχαὴλ
2778 1657 3335 1737 ἀγγελωνυμουμένου

2178 1763 2320 1817 7635
2356 1765 2460 1813 Τοῦ
2489 1759 2613 1832 πρὶν
2644 1758 3047 1831 κυριεύσαντος,
3080 1754 3155 1815 ὡς
3189 1753 3289 1832 ἔφη
3327 1754 3511 1830 λόγος,

2358 1844 2604 1908 Παλαιᾶς
2637 1845 2893 1919 Ἠπείρου
2918 1865 2977 1898 τε
3008 1843 3098 1897 σὺν
3127 1841 3387 1912 Ᾱῖτωλίᾳ.
3412 1836 3419 1841 ’

2354 1936 2538 2007 Τούτῳ
2563 1935 2714 2007 τριὰς
2748 1930 2963 2009 ὑπῆρχε
2994 1931 3269 2006 συγγόνων
3295 1928 3453 2006 φίλῃ,

2359 2021 2648 2092 Μανουὴλ,
2681 2019 2987 2096 Θεόδωρος,
3017 2020 3104 2075 καί
3139 2018 3542 2081 Κωνσταντῗνος
3574 2037 3587 2057 ν

2361 2112 2482 2188 Ἀφ’
2511 2112 2583 2175 ὧν
2618 2111 2645 2163 ὁ
2678 2106 2955 2180 Θεόδωρος
2986 2107 3037 2162 έν
3071 2107 3312 2161 Νικαέων

2182 2204 2324 2257 7611"l
2364 2200 2513 2273 Παρὰ
2547 2195 2763 2273 βασιλεῖ
2793 2191 3055 2269 διέτριϐεν
3092 2193 3363 2249 Αὐσόνων.

2362 2293 2511 2347 Ἐπεί
2547 2288 2603 2344 δὲ
2632 2286 2827 2349 παιδὸς
2855 2286 3079 2363 γνησίου
3110 2282 3374 2359 διαδόχου

2366 2382 2572 2455 Ἀρχῆς
2606 2374 2834 2455 Μιχαὴλ
2868 2374 3004 2436 ἰδίας
3037 2375 3135 2428 οὒκ
3165 2373 3399 2447 εὐπόρει,

2367 2470 2448 2541 (Ὀ
2480 2467 2582 2542 γὰρ
2613 2468 2740 2541 παρ’
2772 2465 2915 2536 αὐτῷ
2941 2463 3168 2538 Μιχαὴλ
3201 2460 3542 2534 κεκλημένος

2367 2558 2537 2617 Νὸθος
2569 2576 2652 2615 τις
2684 2554 2822 2622 ὑπῆν
2852 2552 2911 2606 έκ
2939 2552 3271 2623 παρανόμων
3302 2552 3540 2629 γάμων),

2192 2648 2333 2700 7645
2372 2648 2548 2697 Δεῖται
2579 2645 2905 2719 κρατοῦντος
2932 2644 3025 2693 τοῦ
3058 2636 3341 2712 Θεοδώρου
3372 2639 3517 2710 πέρι,

2367 2734 2484 2789 Ἵνα
2514 2732 2640 2805 παρ’
2672 2730 2831 2783 αὐτὸν
2863 2727 3071 2805 ἀφεθείς
3102 2721 3399 2799 καταλάϐῃ,

2375 2819 2615 2877 Πεισθεὶς
2641 2815 2763 2890 ἅναξ
2790 2818 3047 2893 πέπομφε
3076 2819 3264 2869 τοῦτον
3300 2814 3518 2885 εὐθέως,

2373 2909 2583 2967 [Ιίστεις
2616 2907 2867 2979 ἐνόρκους
2903 2905 3117 2981 βασιλεῖ
3146 2902 3417 2959 δεδωκότα

2373 2998 2445 3051 Ἥ
2480 2996 2587 3066 μὴν
2619 2994 2869 3071 φυλάξειν
2905 2993 3149 3062 εὖνοΐκήν
3184 2992 3233 3047 oi
3265 2994 3453 3067 σχέσιν

2197 3089 2339 3142 7650
2380 3084 2483 3140 Καὶ
2514 3083 2693 3137 πίστιν
2728 3082 3011 3145 ἀνόθευτον
3045 3081 3122 3143 εἲς
3151 3080 3309 3142 τέλος
3346 3081 3467 3155 βίου

2380 3172 2543 3244 Αὖτῷ
2571 3193 2629 3227 τε
2659 3169 2836 3241 δήπου
2866 3170 2953 3224 καὶ
2986 3168 3271 3244 διαδόχοις
3300 3171 3549 3245 κράτους.

2380 3262 2568 3326 Οὕτως
2597 3263 2815 3323 ἐπιστὰς
2848 3259 3125 3333 Θεόδωρος
3155 3260 3351 3337 ἑσπέρᾳ

2377 3358 2551 3427 Συνῆν
2585 3349 2805 3427 ἀδελφῷ
2834 3347 3088 3423 Μιχαὴλ,
3123 3352 3195 3410 ὡς
3224 3348 3283 3403 ἃν
3318 3348 3475 3427 ἔφην,

2374 3436 2643 3496 Αἰτωλίας
2678 3436 2900 3512 ἄρχοντι
2932 3435 3019 3488 καὶ
3049 3442 3148 3504 τῆς
3179 3436 3455 3509 Ἠπείρου.

2195 3540 2338 3593 7655
2375 3537 2525 3592 Ἐπεὶ
2557 3531 2603 3587 δ’
2632 3532 2850 3602 ἀπηνῶς
2880 3531 3111 3606 Μιχαὴλ
3145 3533 3365 3611 σφαγεὶς
3395 3532 3529 3617 ξίφει

2377 3624 2517 3698 Πρὸς
2546 3618 2736 3694 ἀνδρὸς
2769 3619 2908 3673 οὕτω
2934 3620 3208 3692 Ῥωμαίου
3236 3620 3601 3701 κεκλημένου,

2376 3710 2585 3770 Νυκτὸς
2614 3704 2885 3771 καθεύδων
2916 3705 2967 3767 ἂν
2998 3705 3382 3793 Βελλεγράδων
3415 3706 3562 3793 ὅροις

2374 3796 2666 3869 Ἐξαπίνης
2697 3793 2925 3850 λέλοιπε
2952 3792 3109 3849 τόνδε
3137 3795 3230 3859 τὸν
3266 3796 3407 3872 βίον,

2379 3888 2590 3961 Ἀρχὴν
2624 3882 2862 3962 ἀδελφοῦ
2893 3880 3169 3960 Θεόδωρος
3203 3879 3469 3957 λαμϐάνει

2200 3980 2342 4033 7660
2380 3970 2548 4049 Ἀνὴρ
2578 3969 2894 4051 στρατηγὸς,
2926 3969 3178 4039 εὖσθενὴς
3205 3970 3295 4025 καὶ
3320 3969 3591 4057 γεννάδας,

2378 4062 2535 4136 Γίγας
2564 4060 2857 4136 Βριαόχειρ
2886 4080 2969 4122 τις
2998 4058 3117 4130 ὀξὺς
3148 4058 3198 4113 έν
3236 4062 3439 4135 μάχαις
3471 4082 3483 4097 ·

2379 4154 2475 4213 Ὃς
2506 4141 2839 4225 παραλαϐὼν
2876 4148 3143 4223 συγγόνου
3173 4146 3535 4229 κληρουχίαν,

2382 4241 2593 4317 »ἀρχήν
2625 4260 2682 4293 τε
2715 4238 2910 4313 μικρὰν
2944 4236 3219 4312 εὐόριστον
3252 4238 3516 4319 καθάπαξ,

2384 4320 2641 4399 Ηῧξησεν,
2675 4324 2938 4391 έπλοίτυνε
2965 4324 3166 4395 ταύτης
3195 4325 3320 4397 τοὺς
3354 4326 3510 4401 ὅρους

2410 4470 2652 4501 mu”-..
2699 4470 2834 4500 ..Γνη
2881 4470 2993 4499 ,πη
3042 4470 3298 4480 "mu"...
3338 4470 3529 4479 πη...

2386 4470 2682 4588 Ἰλλυριῶνι
2704 4534 2761 4566 τε
2786 4512 2874 4566 καὶ
2905 4507 3189 4591 Τριϐαλῶν
3221 4513 3445 4597 χωρίων
3544 4470 3557 4505 ³

2387 4602 2600 4672 Ταύτην
2635 4600 2894 4673 έπαύξων,
2928 4599 3183 4679 εὐρύνων,
3220 4599 3553 4679 μεγαλύνων,

2386 4692 2587 4759 Ἔθηκε
2611 4688 2699 4742 καὶ
2728 4690 2826 4765 γὰρ
2861 4690 2947 4769 ὑφ’
2978 4688 3185 4761 ἑαυτὸν,
3216 4690 3289 4752 ὡς
3322 4684 3471 4765 ἔπος,

2388 4776 2639 4854 Ἀχρίδα,
2671 4777 2758 4838 καὶ
2791 4776 3097 4854 Πρίλαπον,
3135 4778 3480 4855 ΙΙεΛαγονίαν,

2210 4872 2352 4925 7670
2392 4866 2495 4921 Σὺν
2527 4872 2641 4939 τοῖς
2674 4866 2825 4944 πέριξ
2852 4868 3014 4923 ἅπασι
3046 4867 3303 4951 χωρίοις,
3332 4869 3520 4927 τόποις

2390 4960 2590 5031 Κρατεῖ
2621 4954 2913 5029 Θεσσαλίας
2945 4976 3002 5010 τε
3023 4955 3114 5013 σὺν
3148 4955 3369 5032 Ἀχαίᾳ,

2389 5042 2726 5105 Μακεδονίας
2748 5045 2837 5107 καὶ
2873 5045 3070 5119 μέρους
3096 5045 3242 5109 τινὸς
3271 5044 3503 5121 Θρᾴκης,

2390 5135 2549 5213 Αἱρεῖ
2578 5122 2887 5205 Δαλματίαν
2919 5153 2976 5193 τε
3006 5131 3097 5186 σὺν
3127 5130 3465 5209 Ἐπιδάμνῳ,

2391 5219 2670 5294 Ἰλλυρίδα
2700 5228 2823 5297 γῆν,
2858 5215 3157 5283 Ἀλϐανοὺς
3190 5220 3535 5299 ὀριτρόφους.

2211 5313 2354 5365 7675
2393 5308 2537 5383 Εὖρὺ
2569 5307 2626 5363 δὲ’
2656 5311 2706 5361 οἱ
2737 5310 2923 5379 τίθησι
2955 5307 3167 5382 μᾶλλον
3194 5312 3256 5363 τὸ
3286 5308 3445 5371 κλέος

2390 5400 2455 5453 Ἡ
2485 5400 2622 5452 κατᾶ
2652 5399 2859 5470 Πέτρου
2889 5397 3121 5453 Λατίνου
3153 5396 3383 5473 λαμπρὰ
3410 5399 3554 5469 νίκη.

2398 5482 2648 5559 Γαμὸρὸς
2678 5488 2777 5564 γὰρ
2809 5487 2967 5547 οὗτος
2999 5486 3073 5547 εἷς
3102 5484 3341 5563 ἀδελφὴν
3372 5488 3647 5564 τυγχάνων

2392 5572 2927 5650 ἘῤῥῆξΒαλδουίνου
2956 5596 3014 5629 τε
3040 5579 3145 5628 τῶν
3184 5574 3473 5649 βασιλέων,

2393 5663 2532 5736 Πρὸς
2558 5664 2708 5717 πάπα
2740 5664 2981 5736 χρισθείς
3013 5661 3089 5724 εἲς
3121 5664 3437 5738 κρατάρχην
3468 5662 3718 5727 Λατίνων,
