  <div class='ocr_page' id='page_1' title='image "/cluster/home/n/w/nwhite01/storage/ocr_20150623/143/mdp.39015078384784/150.png"; bbox 0 0 4138 6296; ppageno 0'>
   <div class='ocr_carea' id='block_1_1' title="bbox 333 424 440 478">
    <p class='ocr_par' dir='ltr' id='par_1_1' title="bbox 333 424 440 478">
     <span class='ocr_line' id='line_1_1' title="bbox 333 424 440 478; baseline 0 0"><span class='ocrx_word' id='word_1_1' title='bbox 333 424 440 478; x_wconf 73' lang='grc'><strong>285</strong></span> 
     </span>
    </p>
   </div>
   <div class='ocr_carea' id='block_1_2' title="bbox 332 545 1603 630">
    <p class='ocr_par' dir='ltr' id='par_1_2' title="bbox 332 545 1603 630">
     <span class='ocr_line' id='line_1_2' title="bbox 332 545 1603 630; baseline 0.012 -30"><span class='ocrx_word' id='word_1_2' title='bbox 332 550 471 603; x_wconf 88' lang='lat'><strong>7680</strong></span> <span class='ocrx_word' id='word_1_3' title='bbox 508 545 677 623; x_wconf 70' lang='grc' dir='ltr'><strong>Ἐῤῥῆ</strong></span> <span class='ocrx_word' id='word_1_4' title='bbox 707 550 980 621; x_wconf 77' lang='grc' dir='ltr'><strong>θανόντος,</strong></span> <span class='ocrx_word' id='word_1_5' title='bbox 1006 552 1081 614; x_wconf 77' lang='grc' dir='ltr'>εἷς</span> <span class='ocrx_word' id='word_1_6' title='bbox 1102 554 1364 623; x_wconf 79' lang='grc' dir='ltr'><strong>Βύζαντος</strong></span> <span class='ocrx_word' id='word_1_7' title='bbox 1385 556 1603 630; x_wconf 76' lang='grc' dir='ltr'>ἐστάλη.</span> 
     </span>
    </p>
   </div>
   <div class='ocr_carea' id='block_1_3' title="bbox 509 634 1569 718">
    <p class='ocr_par' dir='ltr' id='par_1_3' title="bbox 509 634 1569 718">
     <span class='ocr_line' id='line_1_3' title="bbox 509 634 1569 718; baseline 0.01 -28"><span class='ocrx_word' id='word_1_8' title='bbox 509 634 603 697; x_wconf 66' lang='grc' dir='ltr'><strong>Εἲς</strong></span> <span class='ocrx_word' id='word_1_9' title='bbox 636 634 1009 709; x_wconf 75' lang='grc' dir='ltr'><strong>Ἐπιδαμνίων</strong></span> <span class='ocrx_word' id='word_1_10' title='bbox 1041 639 1097 695; x_wconf 73' lang='grc' dir='ltr'><strong>δὲ</strong></span> <span class='ocrx_word' id='word_1_11' title='bbox 1126 643 1357 718; x_wconf 79' lang='grc' dir='ltr'><strong>κατάρας</strong></span> <span class='ocrx_word' id='word_1_12' title='bbox 1385 645 1569 703; x_wconf 85' lang='grc' dir='ltr'>πόλιν.</span> 
     </span>
    </p>
   </div>
   <div class='ocr_carea' id='block_1_4' title="bbox 512 720 1716 799">
    <p class='ocr_par' dir='ltr' id='par_1_4' title="bbox 512 720 1716 799">
     <span class='ocr_line' id='line_1_4' title="bbox 512 720 1716 799; baseline 0.012 -22"><span class='ocrx_word' id='word_1_13' title='bbox 512 726 591 777; x_wconf 89' lang='grc' dir='ltr'><strong>Δι’</strong></span> <span class='ocrx_word' id='word_1_14' title='bbox 626 720 907 780; x_wconf 80' lang='grc' dir='ltr'>Ἀλὸανῶν</span> <span class='ocrx_word' id='word_1_15' title='bbox 940 725 1160 783; x_wconf 78' lang='grc' dir='ltr'><strong>ἔσπευδε</strong></span> <span class='ocrx_word' id='word_1_16' title='bbox 1184 733 1285 799; x_wconf 80' lang='grc' dir='ltr'><strong>τήν</strong></span> <span class='ocrx_word' id='word_1_17' title='bbox 1311 736 1716 791; x_wconf 82' lang='grc' dir='ltr'>Κωνσ-ταντίνου</span> 
     </span>
    </p>
   </div>
   <div class='ocr_carea' id='block_1_5' title="bbox 513 813 1567 889">
    <p class='ocr_par' dir='ltr' id='par_1_5' title="bbox 513 813 1567 889">
     <span class='ocr_line' id='line_1_5' title="bbox 513 813 1567 889; baseline 0.009 -21"><span class='ocrx_word' id='word_1_18' title='bbox 513 813 665 868; x_wconf 74' lang='grc' dir='ltr'>Μετὰ</span> <span class='ocrx_word' id='word_1_19' title='bbox 695 822 946 889; x_wconf 83' lang='grc' dir='ltr'>στρατιᾶς</span> <span class='ocrx_word' id='word_1_20' title='bbox 972 815 1300 874; x_wconf 77' lang='grc' dir='ltr'>καταλαϐεῖν</span> <span class='ocrx_word' id='word_1_21' title='bbox 1331 822 1567 877; x_wconf 82' lang='grc' dir='ltr'>εόόπλου</span> 
     </span>
    </p>
   </div>
   <div class='ocr_carea' id='block_1_6' title="bbox 510 898 1617 985">
    <p class='ocr_par' dir='ltr' id='par_1_6' title="bbox 510 898 1617 985">
     <span class='ocr_line' id='line_1_6' title="bbox 510 898 1617 985; baseline 0.011 -30"><span class='ocrx_word' id='word_1_22' title='bbox 510 898 685 956; x_wconf 86' lang='grc' dir='ltr'><strong>Ἀλλά</strong></span> <span class='ocrx_word' id='word_1_23' title='bbox 713 905 1025 978; x_wconf 76' lang='grc' dir='ltr'><strong>προφθάσας</strong></span> <span class='ocrx_word' id='word_1_24' title='bbox 1055 905 1338 981; x_wconf 79' lang='grc' dir='ltr'>Θεόδωρος</span> <span class='ocrx_word' id='word_1_25' title='bbox 1367 910 1617 985; x_wconf 77' lang='grc' dir='ltr'>γεννάδας</span> 
     </span>
    </p>
   </div>
   <div class='ocr_carea' id='block_1_7' title="bbox 338 999 1699 1084">
    <p class='ocr_par' dir='ltr' id='par_1_7' title="bbox 338 999 1699 1084">
     <span class='ocr_line' id='line_1_7' title="bbox 338 999 1699 1084; baseline 0.01 -33"><span class='ocrx_word' id='word_1_26' title='bbox 338 999 473 1053; x_wconf 88' lang='grc'><strong>7685</strong></span> <span class='ocrx_word' id='word_1_27' title='bbox 509 1001 715 1053; x_wconf 80' lang='grc' dir='ltr'>Τοῦτον</span> <span class='ocrx_word' id='word_1_28' title='bbox 747 1005 1041 1072; x_wconf 80' lang='grc' dir='ltr'>τροποῦται</span> <span class='ocrx_word' id='word_1_29' title='bbox 1071 1004 1158 1059; x_wconf 76' lang='grc' dir='ltr'>καὶ</span> <span class='ocrx_word' id='word_1_30' title='bbox 1190 1012 1310 1076; x_wconf 81' lang='grc' dir='ltr'>νικᾷ</span> <span class='ocrx_word' id='word_1_31' title='bbox 1337 1010 1472 1063; x_wconf 85' lang='grc' dir='ltr'><strong>κατά</strong></span> <span class='ocrx_word' id='word_1_32' title='bbox 1501 1011 1699 1084; x_wconf 84' lang='grc' dir='ltr'>κράτος</span> 
     </span>
    </p>
   </div>
   <div class='ocr_carea' id='block_1_8' title="bbox 509 1087 1746 1175">
    <p class='ocr_par' dir='ltr' id='par_1_8' title="bbox 509 1087 1746 1175">
     <span class='ocr_line' id='line_1_8' title="bbox 509 1087 1746 1175; baseline 0.01 -33"><span class='ocrx_word' id='word_1_33' title='bbox 509 1087 688 1142; x_wconf 72' lang='grc' dir='ltr'><strong>Αὗτῦν</strong></span> <span class='ocrx_word' id='word_1_34' title='bbox 718 1108 777 1141; x_wconf 86' lang='grc' dir='ltr'><strong>τε</strong></span> <span class='ocrx_word' id='word_1_35' title='bbox 804 1089 894 1175; x_wconf 82' lang='grc' dir='ltr'><strong>καὶ</strong></span> <span class='ocrx_word' id='word_1_36' title='bbox 923 1090 1223 1165; x_wconf 78' lang='grc' dir='ltr'>στράτευμα</span> <span class='ocrx_word' id='word_1_37' title='bbox 1250 1092 1375 1159; x_wconf 79' lang='grc' dir='ltr'>δοὺς</span> <span class='ocrx_word' id='word_1_38' title='bbox 1412 1095 1580 1169; x_wconf 82' lang='grc' dir='ltr'>ἄρδην</span> <span class='ocrx_word' id='word_1_39' title='bbox 1614 1098 1746 1175; x_wconf 73' lang='grc' dir='ltr'>ξίφει</span> 
     </span>
    </p>
   </div>
   <div class='ocr_carea' id='block_1_9' title="bbox 512 1174 1730 1261">
    <p class='ocr_par' dir='ltr' id='par_1_9' title="bbox 512 1174 1730 1261">
     <span class='ocr_line' id='line_1_9' title="bbox 512 1174 1730 1261; baseline 0.01 -32"><span class='ocrx_word' id='word_1_40' title='bbox 512 1175 655 1249; x_wconf 85' lang='grc' dir='ltr'>Πρὸς</span> <span class='ocrx_word' id='word_1_41' title='bbox 685 1174 869 1230; x_wconf 85' lang='grc' dir='ltr'>τοῖσδε</span> <span class='ocrx_word' id='word_1_42' title='bbox 901 1178 1205 1255; x_wconf 63' lang='grc' dir='ltr'>Δυρράχιον</span> <span class='ocrx_word' id='word_1_43' title='bbox 1238 1183 1380 1257; x_wconf 72' lang='grc' dir='ltr'>αἱρεῖ</span> <span class='ocrx_word' id='word_1_44' title='bbox 1415 1188 1513 1254; x_wconf 75' lang='grc' dir='ltr'><strong>τήν</strong></span> <span class='ocrx_word' id='word_1_45' title='bbox 1546 1174 1730 1261; x_wconf 82' lang='grc' dir='ltr'>πόλιν,</span> 
     </span>
    </p>
   </div>
   <div class='ocr_carea' id='block_1_10' title="bbox 510 1262 1761 1347">
    <p class='ocr_par' dir='ltr' id='par_1_10' title="bbox 510 1262 1761 1347">
     <span class='ocr_line' id='line_1_10' title="bbox 510 1262 1761 1347; baseline 0.011 -31"><span class='ocrx_word' id='word_1_46' title='bbox 510 1262 607 1316; x_wconf 74' lang='grc' dir='ltr'>Καὶ</span> <span class='ocrx_word' id='word_1_47' title='bbox 638 1267 887 1336; x_wconf 80' lang='grc' dir='ltr'>στρατιὰν</span> <span class='ocrx_word' id='word_1_48' title='bbox 924 1267 1023 1337; x_wconf 77' lang='grc' dir='ltr'>μὲν</span> <span class='ocrx_word' id='word_1_49' title='bbox 1050 1267 1345 1342; x_wconf 82' lang='grc' dir='ltr'>έμπιμπλᾷ</span> <span class='ocrx_word' id='word_1_50' title='bbox 1375 1273 1493 1329; x_wconf 84' lang='grc' dir='ltr'>λεία</span> <span class='ocrx_word' id='word_1_51' title='bbox 1524 1277 1761 1347; x_wconf 75' lang='grc' dir='ltr'>σκύλων,</span> 
     </span>
    </p>
   </div>
   <div class='ocr_carea' id='block_1_11' title="bbox 510 1350 1568 1441">
    <p class='ocr_par' dir='ltr' id='par_1_11' title="bbox 510 1350 1568 1441">
     <span class='ocr_line' id='line_1_11' title="bbox 510 1350 1568 1441; baseline 0.011 -34"><span class='ocrx_word' id='word_1_52' title='bbox 510 1351 703 1413; x_wconf 77' lang='grc' dir='ltr'>Ἀὐτὸς</span> <span class='ocrx_word' id='word_1_53' title='bbox 733 1350 789 1407; x_wconf 77' lang='grc' dir='ltr'><strong>δὲ</strong></span> <span class='ocrx_word' id='word_1_54' title='bbox 823 1354 1099 1429; x_wconf 85' lang='grc' dir='ltr'>βασίλειον</span> <span class='ocrx_word' id='word_1_55' title='bbox 1133 1357 1326 1438; x_wconf 65' lang='grc' dir='ltr'>έίληφε</span> <span class='ocrx_word' id='word_1_56' title='bbox 1356 1365 1568 1441; x_wconf 69' lang='grc' dir='ltr'>στέφος,</span> 
     </span>
    </p>
   </div>
   <div class='ocr_carea' id='block_1_12' title="bbox 343 1441 1700 1530">
    <p class='ocr_par' dir='ltr' id='par_1_12' title="bbox 343 1441 1700 1530">
     <span class='ocr_line' id='line_1_12' title="bbox 343 1441 1700 1530; baseline 0.013 -36"><span class='ocrx_word' id='word_1_57' title='bbox 343 1442 472 1499; x_wconf 83' lang='grc'>7690</span> <span class='ocrx_word' id='word_1_58' title='bbox 514 1441 713 1515; x_wconf 80' lang='grc' dir='ltr'>Πέτρνυ</span> <span class='ocrx_word' id='word_1_59' title='bbox 742 1444 1004 1530; x_wconf 76' lang='grc' dir='ltr'>πεσόντος</span> <span class='ocrx_word' id='word_1_60' title='bbox 1025 1449 1162 1501; x_wconf 76' lang='grc' dir='ltr'>κατὰ</span> <span class='ocrx_word' id='word_1_61' title='bbox 1197 1451 1407 1525; x_wconf 75' lang='grc' dir='ltr'>μάχην,</span> <span class='ocrx_word' id='word_1_62' title='bbox 1440 1452 1515 1514; x_wconf 81' lang='grc' dir='ltr'>ὡς</span> <span class='ocrx_word' id='word_1_63' title='bbox 1547 1451 1700 1530; x_wconf 73' lang='grc' dir='ltr'>ἔφην.</span> 
     </span>
    </p>
   </div>
   <div class='ocr_carea' id='block_1_13' title="bbox 508 1529 1660 1619">
    <p class='ocr_par' dir='ltr' id='par_1_13' title="bbox 508 1529 1660 1619">
     <span class='ocr_line' id='line_1_13' title="bbox 508 1529 1660 1619; baseline 0.013 -38"><span class='ocrx_word' id='word_1_64' title='bbox 508 1530 680 1590; x_wconf 82' lang='grc' dir='ltr'>Οὗτος</span> <span class='ocrx_word' id='word_1_65' title='bbox 712 1529 988 1587; x_wconf 74' lang='grc' dir='ltr'>πλατύνας</span> <span class='ocrx_word' id='word_1_66' title='bbox 1022 1536 1267 1611; x_wconf 78' lang='grc' dir='ltr'>εὐτυχῶς</span> <span class='ocrx_word' id='word_1_67' title='bbox 1290 1539 1468 1613; x_wconf 76' lang='grc' dir='ltr'>ἀρχῆς</span> <span class='ocrx_word' id='word_1_68' title='bbox 1502 1529 1660 1619; x_wconf 78' lang='grc' dir='ltr'>ὅρους</span> 
     </span>
    </p>
   </div>
   <div class='ocr_carea' id='block_1_14' title="bbox 509 1616 1773 1701">
    <p class='ocr_par' dir='ltr' id='par_1_14' title="bbox 509 1616 1773 1701">
     <span class='ocr_line' id='line_1_14' title="bbox 509 1616 1773 1701; baseline 0.013 -32"><span class='ocrx_word' id='word_1_69' title='bbox 509 1619 637 1678; x_wconf 83' lang='grc' dir='ltr'>Ταῖς</span> <span class='ocrx_word' id='word_1_70' title='bbox 671 1616 1129 1691; x_wconf 77' lang='grc' dir='ltr'>ἀλλεπαλλήλοις</span> <span class='ocrx_word' id='word_1_71' title='bbox 1158 1645 1213 1678; x_wconf 86' lang='grc' dir='ltr'><strong>τε</strong></span> <span class='ocrx_word' id='word_1_72' title='bbox 1242 1616 1546 1696; x_wconf 74' lang='grc' dir='ltr'>κεπφωθεῖς</span> <span class='ocrx_word' id='word_1_73' title='bbox 1576 1629 1773 1701; x_wconf 80' lang='grc' dir='ltr'>νίκαις,</span> 
     </span>
    </p>
   </div>
   <div class='ocr_carea' id='block_1_15' title="bbox 513 1706 1677 1793">
    <p class='ocr_par' dir='ltr' id='par_1_15' title="bbox 513 1706 1677 1793">
     <span class='ocr_line' id='line_1_15' title="bbox 513 1706 1677 1793; baseline 0.011 -32"><span class='ocrx_word' id='word_1_74' title='bbox 513 1706 601 1793; x_wconf 81' lang='grc' dir='ltr'>Ἐν</span> <span class='ocrx_word' id='word_1_75' title='bbox 632 1708 714 1768; x_wconf 83' lang='grc' dir='ltr'>οἷς</span> <span class='ocrx_word' id='word_1_76' title='bbox 745 1707 964 1783; x_wconf 80' lang='grc' dir='ltr'>ὑπῆρχε</span> <span class='ocrx_word' id='word_1_77' title='bbox 994 1711 1315 1784; x_wconf 76' lang='grc' dir='ltr'>προσμένειν</span> <span class='ocrx_word' id='word_1_78' title='bbox 1348 1715 1447 1771; x_wconf 81' lang='grc' dir='ltr'>οὐκ</span> <span class='ocrx_word' id='word_1_79' title='bbox 1476 1718 1677 1793; x_wconf 79' lang='grc' dir='ltr'>ἠγάπα.</span> 
     </span>
    </p>
   </div>
   <div class='ocr_carea' id='block_1_16' title="bbox 513 1791 1625 1879">
    <p class='ocr_par' dir='ltr' id='par_1_16' title="bbox 513 1791 1625 1879">
     <span class='ocr_line' id='line_1_16' title="bbox 513 1791 1625 1879; baseline 0.014 -32"><span class='ocrx_word' id='word_1_80' title='bbox 513 1791 688 1849; x_wconf 78' lang='grc' dir='ltr'>Ἀλλὰ</span> <span class='ocrx_word' id='word_1_81' title='bbox 717 1802 905 1872; x_wconf 73' lang='grc' dir='ltr'>φρονεῖ</span> <span class='ocrx_word' id='word_1_82' title='bbox 934 1799 1073 1873; x_wconf 86' lang='grc' dir='ltr'>μέγα</span> <span class='ocrx_word' id='word_1_83' title='bbox 1099 1821 1151 1854; x_wconf 88' lang='grc' dir='ltr'><strong>τι</strong></span> <span class='ocrx_word' id='word_1_84' title='bbox 1177 1802 1268 1856; x_wconf 87' lang='grc' dir='ltr'><strong>καὶ</strong></span> <span class='ocrx_word' id='word_1_85' title='bbox 1299 1806 1423 1879; x_wconf 89' lang='grc' dir='ltr'>παρ’</span> <span class='ocrx_word' id='word_1_86' title='bbox 1454 1791 1625 1877; x_wconf 72' lang='grc' dir='ltr'>ἀξίαν.</span> 
     </span>
    </p>
   </div>
   <div class='ocr_carea' id='block_1_17' title="bbox 338 1890 1653 1978">
    <p class='ocr_par' dir='ltr' id='par_1_17' title="bbox 338 1890 1653 1978">
     <span class='ocr_line' id='line_1_17' title="bbox 338 1890 1653 1978; baseline 0.013 -36"><span class='ocrx_word' id='word_1_87' title='bbox 338 1890 477 1946; x_wconf 78' lang='lat'>7695</span> <span class='ocrx_word' id='word_1_88' title='bbox 515 1892 819 1963; x_wconf 83' lang='grc' dir='ltr'>Φημίζεται</span> <span class='ocrx_word' id='word_1_89' title='bbox 853 1899 982 1968; x_wconf 77' lang='grc' dir='ltr'>γοῦν</span> <span class='ocrx_word' id='word_1_90' title='bbox 1014 1890 1270 1960; x_wconf 75' lang='grc' dir='ltr'>ϐασιλεὺς</span> <span class='ocrx_word' id='word_1_91' title='bbox 1302 1901 1653 1978; x_wconf 74' lang='grc' dir='ltr'>αὐτοκράτωρ</span> 
     </span>
    </p>
   </div>
   <div class='ocr_carea' id='block_1_18' title="bbox 513 1980 1666 2066">
    <p class='ocr_par' dir='ltr' id='par_1_18' title="bbox 513 1980 1666 2066">
     <span class='ocr_line' id='line_1_18' title="bbox 513 1980 1666 2066; baseline 0.011 -32"><span class='ocrx_word' id='word_1_92' title='bbox 513 1980 632 2034; x_wconf 81' lang='grc' dir='ltr'><strong>Τῶν</strong></span> <span class='ocrx_word' id='word_1_93' title='bbox 662 1981 735 2033; x_wconf 80' lang='grc' dir='ltr'><strong>ὧν</strong></span> <span class='ocrx_word' id='word_1_94' title='bbox 766 1988 1039 2058; x_wconf 80' lang='grc' dir='ltr'>κατῆρχεν</span> <span class='ocrx_word' id='word_1_95' title='bbox 1070 1985 1270 2041; x_wconf 81' lang='grc' dir='ltr'>ἀστέων</span> <span class='ocrx_word' id='word_1_96' title='bbox 1303 1991 1391 2043; x_wconf 80' lang='grc' dir='ltr'><strong>καὶ</strong></span> <span class='ocrx_word' id='word_1_97' title='bbox 1422 1991 1666 2066; x_wconf 81' lang='grc' dir='ltr'>χωρίων,</span> 
     </span>
    </p>
   </div>
   <div class='ocr_carea' id='block_1_19' title="bbox 508 2068 1531 2149">
    <p class='ocr_par' dir='ltr' id='par_1_19' title="bbox 508 2068 1531 2149">
     <span class='ocr_line' id='line_1_19' title="bbox 508 2068 1531 2149; baseline 0.014 -31"><span class='ocrx_word' id='word_1_98' title='bbox 508 2068 760 2145; x_wconf 77' lang='grc' dir='ltr'>Στεφθεὶς</span> <span class='ocrx_word' id='word_1_99' title='bbox 787 2069 1030 2146; x_wconf 72' lang='grc' dir='ltr'>κεφαλὴν</span> <span class='ocrx_word' id='word_1_100' title='bbox 1064 2072 1323 2149; x_wconf 81' lang='grc' dir='ltr'>βασιλικῇ</span> <span class='ocrx_word' id='word_1_101' title='bbox 1352 2079 1531 2149; x_wconf 83' lang='grc' dir='ltr'>ταινίᾳ</span> 
     </span>
    </p>
   </div>
   <div class='ocr_carea' id='block_1_20' title="bbox 503 2156 1683 2241">
    <p class='ocr_par' dir='ltr' id='par_1_20' title="bbox 503 2156 1683 2241">
     <span class='ocr_line' id='line_1_20' title="bbox 503 2156 1683 2241; baseline 0.014 -35"><span class='ocrx_word' id='word_1_102' title='bbox 503 2156 635 2228; x_wconf 80' lang='grc' dir='ltr'>Παρ¹</span> <span class='ocrx_word' id='word_1_103' title='bbox 658 2156 954 2231; x_wconf 78' lang='grc' dir='ltr'>ἆρχιθύτου</span> <span class='ocrx_word' id='word_1_104' title='bbox 988 2160 1312 2236; x_wconf 84' lang='grc' dir='ltr'>Βουλγάρων</span> <span class='ocrx_word' id='word_1_105' title='bbox 1345 2166 1683 2241; x_wconf 85' lang='grc' dir='ltr'>Δημητρίου.</span> 
     </span>
    </p>
   </div>
   <div class='ocr_carea' id='block_1_21' title="bbox 502 2242 1621 2318">
    <p class='ocr_par' dir='ltr' id='par_1_21' title="bbox 502 2242 1621 2318">
     <span class='ocr_line' id='line_1_21' title="bbox 502 2242 1621 2318; baseline 0.015 -23"><span class='ocrx_word' id='word_1_106' title='bbox 502 2244 633 2304; x_wconf 86' lang='grc' dir='ltr'>Θεὸς</span> <span class='ocrx_word' id='word_1_107' title='bbox 668 2242 714 2297; x_wconf 85' lang='grc' dir='ltr'><strong>δ’</strong></span> <span class='ocrx_word' id='word_1_108' title='bbox 754 2244 1081 2318; x_wconf 82' lang='grc' dir='ltr'>ἐπευδόκησε</span> <span class='ocrx_word' id='word_1_109' title='bbox 1111 2251 1324 2313; x_wconf 77' lang='grc' dir='ltr'>τούτοις</span> <span class='ocrx_word' id='word_1_110' title='bbox 1355 2253 1621 2318; x_wconf 70' lang='grc' dir='ltr'>οὐδόλως.</span> 
     </span>
    </p>
   </div>
   <div class='ocr_carea' id='block_1_22' title="bbox 331 2331 1648 2420">
    <p class='ocr_par' dir='ltr' id='par_1_22' title="bbox 331 2331 1648 2420">
     <span class='ocr_line' id='line_1_22' title="bbox 331 2331 1648 2420; baseline 0.012 -35"><span class='ocrx_word' id='word_1_111' title='bbox 331 2334 463 2385; x_wconf 87' lang='grc'>7700</span> <span class='ocrx_word' id='word_1_112' title='bbox 505 2332 671 2386; x_wconf 85' lang='grc' dir='ltr'>Μιτεῖ</span> <span class='ocrx_word' id='word_1_113' title='bbox 699 2334 801 2420; x_wconf 76' lang='grc' dir='ltr'><strong>γὰρ</strong></span> <span class='ocrx_word' id='word_1_114' title='bbox 831 2331 1006 2398; x_wconf 75' lang='grc' dir='ltr'>ὅντως</span> <span class='ocrx_word' id='word_1_115' title='bbox 1040 2338 1414 2415; x_wconf 68' lang='grc' dir='ltr'>ὑπερηφάνους</span> <span class='ocrx_word' id='word_1_116' title='bbox 1443 2346 1648 2420; x_wconf 70' lang='grc' dir='ltr'>φύσεις.</span> 
     </span>
    </p>
   </div>
   <div class='ocr_carea' id='block_1_23' title="bbox 501 2418 1651 2506">
    <p class='ocr_par' dir='ltr' id='par_1_23' title="bbox 501 2418 1651 2506">
     <span class='ocr_line' id='line_1_23' title="bbox 501 2418 1651 2506; baseline 0.012 -32"><span class='ocrx_word' id='word_1_117' title='bbox 501 2421 664 2506; x_wconf 37' lang='grc' dir='ltr'>’ΌΔθεν</span> <span class='ocrx_word' id='word_1_118' title='bbox 699 2418 854 2491; x_wconf 74' lang='grc' dir='ltr'>δίκην</span> <span class='ocrx_word' id='word_1_119' title='bbox 884 2420 1115 2479; x_wconf 80' lang='grc' dir='ltr'>δέδωκεν</span> <span class='ocrx_word' id='word_1_120' title='bbox 1145 2426 1362 2502; x_wconf 71' lang='grc' dir='ltr'>ὕστερον</span> <span class='ocrx_word' id='word_1_121' title='bbox 1398 2418 1651 2506; x_wconf 79' lang='grc' dir='ltr'>θράσους,</span> 
     </span>
    </p>
   </div>
   <div class='ocr_carea' id='block_1_24' title="bbox 505 2502 1756 2592">
    <p class='ocr_par' dir='ltr' id='par_1_24' title="bbox 505 2502 1756 2592">
     <span class='ocr_line' id='line_1_24' title="bbox 505 2502 1756 2592; baseline 0.015 -33"><span class='ocrx_word' id='word_1_122' title='bbox 505 2502 701 2561; x_wconf 72' lang='grc' dir='ltr'>Σϐέσιν</span> <span class='ocrx_word' id='word_1_123' title='bbox 737 2511 969 2574; x_wconf 77' lang='grc' dir='ltr'>ὑποστὰς</span> <span class='ocrx_word' id='word_1_124' title='bbox 1003 2518 1099 2567; x_wconf 80' lang='grc' dir='ltr'><strong>τοῦ</strong></span> <span class='ocrx_word' id='word_1_125' title='bbox 1131 2517 1301 2587; x_wconf 77' lang='grc' dir='ltr'>φάους</span> <span class='ocrx_word' id='word_1_126' title='bbox 1330 2522 1437 2571; x_wconf 82' lang='grc' dir='ltr'><strong>τῶν</strong></span> <span class='ocrx_word' id='word_1_127' title='bbox 1469 2520 1756 2592; x_wconf 84' lang='grc' dir='ltr'>ὀμμάτων.</span> 
     </span>
    </p>
   </div>
   <div class='ocr_carea' id='block_1_25' title="bbox 506 2596 1739 2683">
    <p class='ocr_par' dir='ltr' id='par_1_25' title="bbox 506 2596 1739 2683">
     <span class='ocr_line' id='line_1_25' title="bbox 506 2596 1739 2683; baseline 0.011 -32"><span class='ocrx_word' id='word_1_128' title='bbox 506 2596 655 2655; x_wconf 73' lang='grc' dir='ltr'>Κατὰ</span> <span class='ocrx_word' id='word_1_129' title='bbox 692 2598 879 2672; x_wconf 77' lang='grc' dir='ltr'>μάχην</span> <span class='ocrx_word' id='word_1_130' title='bbox 912 2600 1053 2654; x_wconf 78' lang='grc' dir='ltr'>οὕτω</span> <span class='ocrx_word' id='word_1_131' title='bbox 1080 2600 1137 2657; x_wconf 79' lang='grc' dir='ltr'><strong>δὲ</strong></span> <span class='ocrx_word' id='word_1_132' title='bbox 1168 2605 1483 2668; x_wconf 85' lang='grc' dir='ltr'>κτανθέντος</span> <span class='ocrx_word' id='word_1_133' title='bbox 1514 2609 1739 2683; x_wconf 86' lang='grc' dir='ltr'>Πέτρου,</span> 
     </span>
    </p>
   </div>
   <div class='ocr_carea' id='block_1_26' title="bbox 508 2684 1570 2771">
    <p class='ocr_par' dir='ltr' id='par_1_26' title="bbox 508 2684 1570 2771">
     <span class='ocr_line' id='line_1_26' title="bbox 508 2684 1570 2771; baseline 0.013 -35"><span class='ocrx_word' id='word_1_134' title='bbox 508 2685 667 2737; x_wconf 83' lang='grc' dir='ltr'>Παισί</span> <span class='ocrx_word' id='word_1_135' title='bbox 701 2687 748 2738; x_wconf 92' lang='grc' dir='ltr'>τ’</span> <span class='ocrx_word' id='word_1_136' title='bbox 776 2684 863 2740; x_wconf 81' lang='grc' dir='ltr'>ἐπὶ</span> <span class='ocrx_word' id='word_1_137' title='bbox 893 2689 1106 2762; x_wconf 76' lang='grc' dir='ltr'>τέτρασι</span> <span class='ocrx_word' id='word_1_138' title='bbox 1140 2690 1395 2755; x_wconf 82' lang='grc' dir='ltr'>λιπόντος</span> <span class='ocrx_word' id='word_1_139' title='bbox 1434 2695 1570 2771; x_wconf 85' lang='grc' dir='ltr'>βίον.</span> 
     </span>
    </p>
   </div>
   <div class='ocr_carea' id='block_1_27' title="bbox 338 2773 1713 2859">
    <p class='ocr_par' dir='ltr' id='par_1_27' title="bbox 338 2773 1713 2859">
     <span class='ocr_line' id='line_1_27' title="bbox 338 2773 1713 2859; baseline 0.012 -34"><span class='ocrx_word' id='word_1_140' title='bbox 338 2774 474 2827; x_wconf 85' lang='grc'>7705</span> <span class='ocrx_word' id='word_1_141' title='bbox 517 2773 852 2848; x_wconf 79' lang='grc' dir='ltr'>Ῥομπέρτῳ,</span> <span class='ocrx_word' id='word_1_142' title='bbox 880 2774 1149 2850; x_wconf 83' lang='grc' dir='ltr'>Φιλίππῳ</span> <span class='ocrx_word' id='word_1_143' title='bbox 1168 2801 1225 2834; x_wconf 87' lang='grc' dir='ltr'><strong>τε</strong></span> <span class='ocrx_word' id='word_1_144' title='bbox 1255 2783 1341 2836; x_wconf 82' lang='grc' dir='ltr'><strong>καὶ</strong></span> <span class='ocrx_word' id='word_1_145' title='bbox 1377 2783 1713 2859; x_wconf 82' lang='grc' dir='ltr'>Βαλδουίνῳ,</span> 
     </span>
    </p>
   </div>
   <div class='ocr_carea' id='block_1_28' title="bbox 512 2859 1517 2946">
    <p class='ocr_par' dir='ltr' id='par_1_28' title="bbox 512 2859 1517 2946">
     <span class='ocr_line' id='line_1_28' title="bbox 512 2859 1517 2946; baseline 0.015 -34"><span class='ocrx_word' id='word_1_146' title='bbox 512 2862 655 2934; x_wconf 87' lang='grc' dir='ltr'>Πρὸς</span> <span class='ocrx_word' id='word_1_147' title='bbox 684 2859 814 2931; x_wconf 81' lang='grc' dir='ltr'>τῇδε</span> <span class='ocrx_word' id='word_1_148' title='bbox 840 2869 937 2934; x_wconf 86' lang='grc' dir='ltr'><strong>μιᾷ</strong></span> <span class='ocrx_word' id='word_1_149' title='bbox 962 2867 1186 2941; x_wconf 81' lang='grc' dir='ltr'>θυγατρὶ</span> <span class='ocrx_word' id='word_1_150' title='bbox 1216 2874 1283 2943; x_wconf 81' lang='grc' dir='ltr'><strong>τῇ</strong></span> <span class='ocrx_word' id='word_1_151' title='bbox 1315 2872 1517 2946; x_wconf 82' lang='grc' dir='ltr'>Μαρίᾳ.</span> 
     </span>
    </p>
   </div>
   <div class='ocr_carea' id='block_1_29' title="bbox 509 2948 1760 3033">
    <p class='ocr_par' dir='ltr' id='par_1_29' title="bbox 509 2948 1760 3033">
     <span class='ocr_line' id='line_1_29' title="bbox 509 2948 1760 3033; baseline 0.014 -33"><span class='ocrx_word' id='word_1_152' title='bbox 509 2948 722 3002; x_wconf 75' lang='grc' dir='ltr'>Τούτων</span> <span class='ocrx_word' id='word_1_153' title='bbox 754 2960 1057 3027; x_wconf 73' lang='grc' dir='ltr'>κραταιρχεῖ</span> <span class='ocrx_word' id='word_1_154' title='bbox 1084 2957 1414 3033; x_wconf 82' lang='grc' dir='ltr'>Ῥομπέρτος</span> <span class='ocrx_word' id='word_1_155' title='bbox 1445 2961 1760 3030; x_wconf 81' lang='grc' dir='ltr'>Βυζαντίδος</span> 
     </span>
    </p>
   </div>
   <div class='ocr_carea' id='block_1_30' title="bbox 514 3041 1729 3125">
    <p class='ocr_par' dir='ltr' id='par_1_30' title="bbox 514 3041 1729 3125">
     <span class='ocr_line' id='line_1_30' title="bbox 514 3041 1729 3125; baseline 0.013 -33"><span class='ocrx_word' id='word_1_156' title='bbox 514 3041 801 3114; x_wconf 81' lang='grc' dir='ltr'>Πράγμασι</span> <span class='ocrx_word' id='word_1_157' title='bbox 832 3061 919 3095; x_wconf 85' lang='grc' dir='ltr'><strong>κοι</strong></span> <span class='ocrx_word' id='word_1_158' title='bbox 952 3049 1036 3106; x_wconf 86' lang='grc' dir='ltr'><strong>οῖς</strong></span> <span class='ocrx_word' id='word_1_159' title='bbox 1073 3046 1332 3117; x_wconf 77' lang='grc' dir='ltr'>μαλακῶς</span> <span class='ocrx_word' id='word_1_160' title='bbox 1363 3052 1729 3125; x_wconf 70' lang='grc' dir='ltr'>κεχρημένος,</span> 
     </span>
    </p>
   </div>
   <div class='ocr_carea' id='block_1_31' title="bbox 515 3130 1671 3211">
    <p class='ocr_par' dir='ltr' id='par_1_31' title="bbox 515 3130 1671 3211">
     <span class='ocr_line' id='line_1_31' title="bbox 515 3130 1671 3211; baseline 0.013 -29"><span class='ocrx_word' id='word_1_161' title='bbox 515 3131 646 3186; x_wconf 79' lang='grc' dir='ltr'>Μετ’</span> <span class='ocrx_word' id='word_1_162' title='bbox 674 3130 870 3206; x_wconf 72' lang='grc' dir='ltr'><strong>Ἐῥρῆν</strong></span> <span class='ocrx_word' id='word_1_163' title='bbox 902 3134 1230 3209; x_wconf 76' lang='grc' dir='ltr'>κατάρξαντα</span> <span class='ocrx_word' id='word_1_164' title='bbox 1257 3140 1348 3193; x_wconf 85' lang='grc' dir='ltr'><strong>τὸν</strong></span> <span class='ocrx_word' id='word_1_165' title='bbox 1376 3143 1671 3211; x_wconf 78' lang='grc' dir='ltr'>τεθνηκότα</span> 
     </span>
    </p>
   </div>
   <div class='ocr_carea' id='block_1_32' title="bbox 335 3224 1614 3310">
    <p class='ocr_par' dir='ltr' id='par_1_32' title="bbox 335 3224 1614 3310">
     <span class='ocr_line' id='line_1_32' title="bbox 335 3224 1614 3310; baseline 0.013 -33"><span class='ocrx_word' id='word_1_166' title='bbox 335 3226 480 3281; x_wconf 89' lang='grc'>7710</span> <span class='ocrx_word' id='word_1_167' title='bbox 519 3224 786 3299; x_wconf 83' lang='grc' dir='ltr'>Ἀνδρεῖον</span> <span class='ocrx_word' id='word_1_168' title='bbox 821 3226 987 3303; x_wconf 77' lang='grc' dir='ltr'>ἄνδρα</span> <span class='ocrx_word' id='word_1_169' title='bbox 1014 3233 1101 3286; x_wconf 77' lang='grc' dir='ltr'><strong>καὶ</strong></span> <span class='ocrx_word' id='word_1_170' title='bbox 1136 3237 1274 3287; x_wconf 77' lang='grc' dir='ltr'>πάνυ</span> <span class='ocrx_word' id='word_1_171' title='bbox 1309 3235 1614 3310; x_wconf 75' lang='grc' dir='ltr'>ῥωμαλέον.</span> 
     </span>
    </p>
   </div>
   <div class='ocr_carea' id='block_1_33' title="bbox 515 3313 1624 3399">
    <p class='ocr_par' dir='ltr' id='par_1_33' title="bbox 515 3313 1624 3399">
     <span class='ocr_line' id='line_1_33' title="bbox 515 3313 1624 3399; baseline 0.012 -30"><span class='ocrx_word' id='word_1_172' title='bbox 515 3313 644 3369; x_wconf 77' lang='grc' dir='ltr'>Εἶτα</span> <span class='ocrx_word' id='word_1_173' title='bbox 680 3317 795 3387; x_wconf 87' lang='grc' dir='ltr'>μετ’</span> <span class='ocrx_word' id='word_1_174' title='bbox 824 3318 982 3372; x_wconf 82' lang='grc' dir='ltr'>αὐτὸν</span> <span class='ocrx_word' id='word_1_175' title='bbox 1016 3318 1282 3395; x_wconf 68' lang='grc' dir='ltr'>σύγγονος</span> <span class='ocrx_word' id='word_1_176' title='bbox 1307 3323 1624 3399; x_wconf 83' lang='grc' dir='ltr'>Βαλδυῖνος,</span> 
     </span>
    </p>
   </div>
   <div class='ocr_carea' id='block_1_34' title="bbox 513 3403 1590 3488">
    <p class='ocr_par' dir='ltr' id='par_1_34' title="bbox 513 3403 1590 3488">
     <span class='ocr_line' id='line_1_34' title="bbox 513 3403 1590 3488; baseline 0.015 -33"><span class='ocrx_word' id='word_1_177' title='bbox 513 3403 744 3477; x_wconf 82' lang='grc' dir='ltr'>Μέτριος</span> <span class='ocrx_word' id='word_1_178' title='bbox 779 3404 934 3481; x_wconf 74' lang='grc' dir='ltr'>ἀνὴρ,</span> <span class='ocrx_word' id='word_1_179' title='bbox 966 3413 1323 3484; x_wconf 73' lang='grc' dir='ltr'>σωφρονικὸς,</span> <span class='ocrx_word' id='word_1_180' title='bbox 1360 3414 1590 3488; x_wconf 84' lang='grc' dir='ltr'>χαρίεις,</span> 
     </span>
    </p>
   </div>
   <div class='ocr_carea' id='block_1_35' title="bbox 518 3492 1775 3570">
    <p class='ocr_par' dir='ltr' id='par_1_35' title="bbox 518 3492 1775 3570">
     <span class='ocr_line' id='line_1_35' title="bbox 518 3492 1775 3570; baseline 0.015 -27"><span class='ocrx_word' id='word_1_181' title='bbox 518 3492 633 3567; x_wconf 77' lang='grc' dir='ltr'><strong>Ἐφ’</strong></span> <span class='ocrx_word' id='word_1_182' title='bbox 668 3492 728 3545; x_wconf 78' lang='grc' dir='ltr'><strong>οὗ</strong></span> <span class='ocrx_word' id='word_1_183' title='bbox 759 3499 1083 3567; x_wconf 73' lang='grc' dir='ltr'>κρατοῦντος</span> <span class='ocrx_word' id='word_1_184' title='bbox 1115 3500 1149 3567; x_wconf 78' lang='grc' dir='ltr'>ἠ</span> <span class='ocrx_word' id='word_1_185' title='bbox 1185 3503 1586 3558; x_wconf 86' lang='grc' dir='ltr'>Κωνσταντίνου</span> <span class='ocrx_word' id='word_1_186' title='bbox 1611 3505 1775 3570; x_wconf 85' lang='grc' dir='ltr'>πόλις</span> 
     </span>
    </p>
   </div>
   <div class='ocr_carea' id='block_1_36' title="bbox 522 3582 1553 3666">
    <p class='ocr_par' dir='ltr' id='par_1_36' title="bbox 522 3582 1553 3666">
     <span class='ocr_line' id='line_1_36' title="bbox 522 3582 1553 3666; baseline 0.011 -30"><span class='ocrx_word' id='word_1_187' title='bbox 522 3582 874 3657; x_wconf 82' lang='grc' dir='ltr'>,Επανεσώθη</span> <span class='ocrx_word' id='word_1_188' title='bbox 908 3585 1195 3658; x_wconf 82' lang='grc' dir='ltr'>Ῥωμαίων</span> <span class='ocrx_word' id='word_1_189' title='bbox 1226 3591 1553 3666; x_wconf 78' lang='grc' dir='ltr'>κραταρχίᾳ.</span> 
     </span>
    </p>
   </div>
   <div class='ocr_carea' id='block_1_37' title="bbox 340 3666 1661 3750">
    <p class='ocr_par' dir='ltr' id='par_1_37' title="bbox 340 3666 1661 3750">
     <span class='ocr_line' id='line_1_37' title="bbox 340 3666 1661 3750; baseline 0.014 -32"><span class='ocrx_word' id='word_1_190' title='bbox 340 3667 487 3724; x_wconf 88' lang='grc'>7715</span> <span class='ocrx_word' id='word_1_191' title='bbox 524 3668 586 3724; x_wconf 76' lang='grc' dir='ltr'><strong>Ἠ</strong></span> <span class='ocrx_word' id='word_1_192' title='bbox 621 3666 667 3721; x_wconf 80' lang='grc' dir='ltr'>δ’</span> <span class='ocrx_word' id='word_1_193' title='bbox 699 3669 764 3722; x_wconf 80' lang='grc' dir='ltr'><strong>αὗ</strong></span> <span class='ocrx_word' id='word_1_194' title='bbox 797 3672 977 3746; x_wconf 77' lang='grc' dir='ltr'>Μαρία</span> <span class='ocrx_word' id='word_1_195' title='bbox 1006 3676 1141 3749; x_wconf 88' lang='grc' dir='ltr'>πρὸς</span> <span class='ocrx_word' id='word_1_196' title='bbox 1173 3678 1351 3750; x_wconf 75' lang='grc' dir='ltr'>γάμου</span> <span class='ocrx_word' id='word_1_197' title='bbox 1381 3680 1661 3736; x_wconf 89' lang='grc' dir='ltr'>κοινωνίαν</span> 
     </span>
    </p>
   </div>
   <div class='ocr_carea' id='block_1_38' title="bbox 517 3757 1473 3843">
    <p class='ocr_par' dir='ltr' id='par_1_38' title="bbox 517 3757 1473 3843">
     <span class='ocr_line' id='line_1_38' title="bbox 517 3757 1473 3843; baseline 0.012 -33"><span class='ocrx_word' id='word_1_198' title='bbox 517 3757 610 3828; x_wconf 82' lang='grc' dir='ltr'><strong>Τῷ</strong></span> <span class='ocrx_word' id='word_1_199' title='bbox 646 3759 935 3834; x_wconf 76' lang='grc' dir='ltr'>Λασκαρίῳ</span> <span class='ocrx_word' id='word_1_200' title='bbox 969 3762 1183 3837; x_wconf 81' lang='grc' dir='ltr'>βασιλεῖ</span> <span class='ocrx_word' id='word_1_201' title='bbox 1214 3767 1473 3843; x_wconf 72' lang='grc' dir='ltr'>συνεζύγη</span> 
     </span>
    </p>
   </div>
   <div class='ocr_carea' id='block_1_39' title="bbox 522 3844 1618 3932">
    <p class='ocr_par' dir='ltr' id='par_1_39' title="bbox 522 3844 1618 3932">
     <span class='ocr_line' id='line_1_39' title="bbox 522 3844 1618 3932; baseline 0.013 -34"><span class='ocrx_word' id='word_1_202' title='bbox 522 3844 752 3919; x_wconf 80' lang='grc' dir='ltr'>Πρὼτης</span> <span class='ocrx_word' id='word_1_203' title='bbox 782 3852 1034 3921; x_wconf 84' lang='grc' dir='ltr'>γυναικὸς</span> <span class='ocrx_word' id='word_1_204' title='bbox 1066 3850 1445 3919; x_wconf 76' lang='grc' dir='ltr'>ἐκλελοιπυίας</span> <span class='ocrx_word' id='word_1_205' title='bbox 1478 3858 1618 3932; x_wconf 89' lang='grc' dir='ltr'>βίον,</span> 
     </span>
    </p>
   </div>
   <div class='ocr_carea' id='block_1_40' title="bbox 514 3932 1725 4023">
    <p class='ocr_par' dir='ltr' id='par_1_40' title="bbox 514 3932 1725 4023">
     <span class='ocr_line' id='line_1_40' title="bbox 514 3932 1725 4023; baseline 0.012 -34"><span class='ocrx_word' id='word_1_206' title='bbox 514 3936 629 4003; x_wconf 78' lang='grc' dir='ltr'>Τῆς</span> <span class='ocrx_word' id='word_1_207' title='bbox 660 3932 707 3989; x_wconf 81' lang='grc' dir='ltr'><strong>δ’</strong></span> <span class='ocrx_word' id='word_1_208' title='bbox 732 3936 801 3991; x_wconf 82' lang='grc' dir='ltr'>ἆκ</span> <span class='ocrx_word' id='word_1_209' title='bbox 832 3936 1073 3994; x_wconf 85' lang='grc' dir='ltr'>Κιλίκων</span> <span class='ocrx_word' id='word_1_210' title='bbox 1107 3939 1355 4020; x_wconf 80' lang='grc' dir='ltr'>δευτέρας</span> <span class='ocrx_word' id='word_1_211' title='bbox 1387 3945 1464 4007; x_wconf 71' lang='grc' dir='ltr'>εἲς</span> <span class='ocrx_word' id='word_1_212' title='bbox 1494 3946 1725 4023; x_wconf 82' lang='grc' dir='ltr'>πατρίδα</span> 
     </span>
    </p>
   </div>
   <div class='ocr_carea' id='block_1_41' title="bbox 519 4025 1587 4108">
    <p class='ocr_par' dir='ltr' id='par_1_41' title="bbox 519 4025 1587 4108">
     <span class='ocr_line' id='line_1_41' title="bbox 519 4025 1587 4108; baseline 0.014 -32"><span class='ocrx_word' id='word_1_213' title='bbox 519 4025 616 4077; x_wconf 78' lang='grc' dir='ltr'>Διά</span> <span class='ocrx_word' id='word_1_214' title='bbox 644 4045 695 4077; x_wconf 90' lang='grc' dir='ltr'><strong>τι</strong></span> <span class='ocrx_word' id='word_1_215' title='bbox 726 4030 886 4096; x_wconf 82' lang='grc' dir='ltr'>μῖσος</span> <span class='ocrx_word' id='word_1_216' title='bbox 922 4029 1371 4108; x_wconf 78' lang='grc' dir='ltr'>ἀποπεμφθείσης</span> <span class='ocrx_word' id='word_1_217' title='bbox 1404 4035 1587 4091; x_wconf 81' lang='grc' dir='ltr'>πάλιν.</span> 
     </span>
    </p>
   </div>
   <div class='ocr_carea' id='block_1_42' title="bbox 346 4121 1705 4208">
    <p class='ocr_par' dir='ltr' id='par_1_42' title="bbox 346 4121 1705 4208">
     <span class='ocr_line' id='line_1_42' title="bbox 346 4121 1705 4208; baseline 0.013 -37"><span class='ocrx_word' id='word_1_218' title='bbox 346 4121 489 4175; x_wconf 86' lang='lat'>7720</span> <span class='ocrx_word' id='word_1_219' title='bbox 527 4121 700 4185; x_wconf 78' lang='grc' dir='ltr'>Οὗτος</span> <span class='ocrx_word' id='word_1_220' title='bbox 723 4126 1150 4205; x_wconf 77' lang='grc' dir='ltr'>γυναικάδιλφον</span> <span class='ocrx_word' id='word_1_221' title='bbox 1186 4130 1347 4186; x_wconf 78' lang='grc' dir='ltr'>αὐτοῦ</span> <span class='ocrx_word' id='word_1_222' title='bbox 1374 4134 1705 4208; x_wconf 80' lang='grc' dir='ltr'>Ῥομπέρτον</span> 
     </span>
    </p>
   </div>
   <div class='ocr_carea' id='block_1_43' title="bbox 515 4209 1580 4298">
    <p class='ocr_par' dir='ltr' id='par_1_43' title="bbox 515 4209 1580 4298">
     <span class='ocr_line' id='line_1_43' title="bbox 515 4209 1580 4298; baseline 0.013 -34"><span class='ocrx_word' id='word_1_223' title='bbox 515 4209 610 4271; x_wconf 81' lang='grc' dir='ltr'>Εἰς</span> <span class='ocrx_word' id='word_1_224' title='bbox 637 4209 900 4298; x_wconf 62' lang='grc' dir='ltr'>Εὸδοκίαν</span> <span class='ocrx_word' id='word_1_225' title='bbox 932 4218 1028 4284; x_wconf 82' lang='grc' dir='ltr'>τήν</span> <span class='ocrx_word' id='word_1_226' title='bbox 1061 4217 1245 4293; x_wconf 85' lang='grc' dir='ltr'>τρίτην</span> <span class='ocrx_word' id='word_1_227' title='bbox 1279 4221 1580 4298; x_wconf 70' lang='grc' dir='ltr'>θυγατέρων</span> 
     </span>
    </p>
   </div>
   <div class='ocr_carea' id='block_1_44' title="bbox 522 4296 1783 4390">
    <p class='ocr_par' dir='ltr' id='par_1_44' title="bbox 522 4296 1783 4390">
     <span class='ocr_line' id='line_1_44' title="bbox 522 4296 1783 4390; baseline 0.015 -41"><span class='ocrx_word' id='word_1_228' title='bbox 522 4296 781 4390; x_wconf 58' lang='grc' dir='ltr'>ξ-πεύδων</span> <span class='ocrx_word' id='word_1_229' title='bbox 810 4301 1027 4377; x_wconf 78' lang='grc' dir='ltr'>ἀγαγεῖν</span> <span class='ocrx_word' id='word_1_230' title='bbox 1053 4301 1298 4381; x_wconf 78' lang='grc' dir='ltr'>γαμϐρὸν</span> <span class='ocrx_word' id='word_1_231' title='bbox 1329 4296 1549 4383; x_wconf 82' lang='grc' dir='ltr'>ἀθέσμῳ</span> <span class='ocrx_word' id='word_1_232' title='bbox 1573 4311 1783 4390; x_wconf 82' lang='grc' dir='ltr'>τρόπῳ.</span> 
     </span>
    </p>
   </div>
   <div class='ocr_carea' id='block_1_45' title="bbox 518 4387 1492 4470">
    <p class='ocr_par' dir='ltr' id='par_1_45' title="bbox 518 4387 1492 4470">
     <span class='ocr_line' id='line_1_45' title="bbox 518 4387 1492 4470; baseline 0.013 -30"><span class='ocrx_word' id='word_1_233' title='bbox 518 4388 678 4460; x_wconf 76' lang='grc' dir='ltr'>ἽΞριν</span> <span class='ocrx_word' id='word_1_234' title='bbox 710 4387 868 4456; x_wconf 74' lang='grc' dir='ltr'>ἐνῆκε</span> <span class='ocrx_word' id='word_1_235' title='bbox 893 4393 1238 4470; x_wconf 80' lang='grc' dir='ltr'>ποιμενάρχῃ</span> <span class='ocrx_word' id='word_1_236' title='bbox 1265 4401 1344 4469; x_wconf 78' lang='grc' dir='ltr'><strong>τῷ</strong></span> <span class='ocrx_word' id='word_1_237' title='bbox 1370 4399 1492 4453; x_wconf 72' lang='grc' dir='ltr'>τότε</span> 
     </span>
    </p>
   </div>
   <div class='ocr_carea' id='block_1_46' title="bbox 521 4474 1592 4561">
    <p class='ocr_par' dir='ltr' id='par_1_46' title="bbox 521 4474 1592 4561">
     <span class='ocr_line' id='line_1_46' title="bbox 521 4474 1592 4561; baseline 0.012 -31"><span class='ocrx_word' id='word_1_238' title='bbox 521 4476 614 4546; x_wconf 80' lang='grc' dir='ltr'>Τῷ</span> <span class='ocrx_word' id='word_1_239' title='bbox 644 4474 942 4555; x_wconf 74' lang='grc' dir='ltr'>Φιλοσόφῳ</span> <span class='ocrx_word' id='word_1_240' title='bbox 973 4482 1233 4555; x_wconf 74' lang='grc' dir='ltr'>Μανουήλ</span> <span class='ocrx_word' id='word_1_241' title='bbox 1271 4484 1592 4561; x_wconf 85' lang='grc' dir='ltr'>κεκλημένῳ</span> 
     </span>
    </p>
   </div>
   <div class='ocr_carea' id='block_1_47' title="bbox 349 4562 1569 4650">
    <p class='ocr_par' dir='ltr' id='par_1_47' title="bbox 349 4562 1569 4650">
     <span class='ocr_line' id='line_1_47' title="bbox 349 4562 1569 4650; baseline 0.014 -36"><span class='ocrx_word' id='word_1_242' title='bbox 349 4562 488 4616; x_wconf 84' lang='grc'>7725</span> <span class='ocrx_word' id='word_1_243' title='bbox 523 4564 617 4632; x_wconf 75' lang='grc' dir='ltr'><strong>Μὴ</strong></span> <span class='ocrx_word' id='word_1_244' title='bbox 651 4568 1091 4638; x_wconf 69' lang='grc' dir='ltr'>συγκατανεύοντι</span> <span class='ocrx_word' id='word_1_245' title='bbox 1121 4569 1262 4649; x_wconf 75' lang='grc' dir='ltr'>τῷδε</span> <span class='ocrx_word' id='word_1_246' title='bbox 1288 4578 1365 4646; x_wconf 80' lang='grc' dir='ltr'>τῷ</span> <span class='ocrx_word' id='word_1_247' title='bbox 1388 4577 1569 4650; x_wconf 84' lang='grc' dir='ltr'>γάμῳ.</span> 
     </span>
    </p>
   </div>
   <div class='ocr_carea' id='block_1_48' title="bbox 525 4650 1469 4735">
    <p class='ocr_par' dir='ltr' id='par_1_48' title="bbox 525 4650 1469 4735">
     <span class='ocr_line' id='line_1_48' title="bbox 525 4650 1469 4735; baseline 0.014 -32"><span class='ocrx_word' id='word_1_248' title='bbox 525 4653 655 4713; x_wconf 86' lang='grc' dir='ltr'>Θεὸς</span> <span class='ocrx_word' id='word_1_249' title='bbox 687 4650 744 4706; x_wconf 75' lang='grc' dir='ltr'><strong>δὲ</strong></span> <span class='ocrx_word' id='word_1_250' title='bbox 774 4651 891 4709; x_wconf 80' lang='grc' dir='ltr'>λύει</span> <span class='ocrx_word' id='word_1_251' title='bbox 920 4656 1017 4724; x_wconf 81' lang='grc' dir='ltr'><strong>τήν</strong></span> <span class='ocrx_word' id='word_1_252' title='bbox 1038 4659 1469 4735; x_wconf 81' lang='grc' dir='ltr'>ἀθεσμογαμίαν,</span> 
     </span>
    </p>
   </div>
   <div class='ocr_carea' id='block_1_49' title="bbox 528 4740 1629 4826">
    <p class='ocr_par' dir='ltr' id='par_1_49' title="bbox 528 4740 1629 4826">
     <span class='ocr_line' id='line_1_49' title="bbox 528 4740 1629 4826; baseline 0.011 -31"><span class='ocrx_word' id='word_1_253' title='bbox 528 4740 661 4814; x_wconf 83' lang='grc' dir='ltr'>ΙΙρὶν</span> <span class='ocrx_word' id='word_1_254' title='bbox 694 4742 728 4809; x_wconf 77' lang='grc' dir='ltr'>ἤ</span> <span class='ocrx_word' id='word_1_255' title='bbox 758 4744 997 4816; x_wconf 81' lang='grc' dir='ltr'>γενέσθαι</span> <span class='ocrx_word' id='word_1_256' title='bbox 1027 4745 1209 4817; x_wconf 76' lang='grc' dir='ltr'>τήνδε,</span> <span class='ocrx_word' id='word_1_257' title='bbox 1238 4755 1333 4803; x_wconf 79' lang='grc' dir='ltr'><strong>τοῦ</strong></span> <span class='ocrx_word' id='word_1_258' title='bbox 1366 4750 1629 4826; x_wconf 85' lang='grc' dir='ltr'>βασιλέως</span> 
     </span>
    </p>
   </div>
   <div class='ocr_carea' id='block_1_50' title="bbox 528 4829 1575 4909">
    <p class='ocr_par' dir='ltr' id='par_1_50' title="bbox 528 4829 1575 4909">
     <span class='ocr_line' id='line_1_50' title="bbox 528 4829 1575 4909; baseline 0.011 -24"><span class='ocrx_word' id='word_1_259' title='bbox 528 4829 654 4885; x_wconf 86' lang='grc' dir='ltr'>Βίον</span> <span class='ocrx_word' id='word_1_260' title='bbox 684 4831 776 4885; x_wconf 86' lang='grc' dir='ltr'><strong>τὸν</strong></span> <span class='ocrx_word' id='word_1_261' title='bbox 802 4833 1137 4909; x_wconf 78' lang='grc' dir='ltr'>ἀνθρώπινον</span> <span class='ocrx_word' id='word_1_262' title='bbox 1167 4836 1575 4902; x_wconf 82' lang='grc' dir='ltr'>ἐκλελοιπότος.</span> 
     </span>
    </p>
   </div>
   <div class='ocr_carea' id='block_1_51' title="bbox 529 4919 1593 5002">
    <p class='ocr_par' dir='ltr' id='par_1_51' title="bbox 529 4919 1593 5002">
     <span class='ocr_line' id='line_1_51' title="bbox 529 4919 1593 5002; baseline 0.009 -30"><span class='ocrx_word' id='word_1_263' title='bbox 529 4919 645 4973; x_wconf 67' lang='lat' dir='ltr'><strong>&quot;Et:</strong></span> <span class='ocrx_word' id='word_1_264' title='bbox 679 4925 1077 4997; x_wconf 73' lang='grc' dir='ltr'>κραταρχοῦντί</span> <span class='ocrx_word' id='word_1_265' title='bbox 1104 4946 1167 4999; x_wconf 91' lang='grc' dir='ltr'><strong>γε</strong></span> <span class='ocrx_word' id='word_1_266' title='bbox 1195 4931 1273 4997; x_wconf 78' lang='grc' dir='ltr'><strong>τῷ</strong></span> <span class='ocrx_word' id='word_1_267' title='bbox 1304 4928 1593 5002; x_wconf 82' lang='grc' dir='ltr'>Λασκαρίῳ</span> 
     </span>
    </p>
   </div>
   <div class='ocr_carea' id='block_1_52' title="bbox 355 5006 1661 5090">
    <p class='ocr_par' dir='ltr' id='par_1_52' title="bbox 355 5006 1661 5090">
     <span class='ocr_line' id='line_1_52' title="bbox 355 5006 1661 5090; baseline 0.009 -32"><span class='ocrx_word' id='word_1_268' title='bbox 355 5006 493 5061; x_wconf 87' lang='grc'>7730</span> <span class='ocrx_word' id='word_1_269' title='bbox 531 5009 827 5083; x_wconf 76' lang='grc' dir='ltr'>Πράγματα</span> <span class='ocrx_word' id='word_1_270' title='bbox 858 5010 1041 5067; x_wconf 75' lang='grc' dir='ltr'>πολλὰ</span> <span class='ocrx_word' id='word_1_271' title='bbox 1069 5015 1158 5067; x_wconf 82' lang='grc' dir='ltr'><strong>καὶ</strong></span> <span class='ocrx_word' id='word_1_272' title='bbox 1191 5015 1397 5087; x_wconf 82' lang='grc' dir='ltr'>μακρὰς</span> <span class='ocrx_word' id='word_1_273' title='bbox 1426 5016 1661 5090; x_wconf 78' lang='grc' dir='ltr'>ἀγωνίας</span> 
     </span>
    </p>
   </div>
   <div class='ocr_carea' id='block_1_53' title="bbox 529 5096 1681 5176">
    <p class='ocr_par' dir='ltr' id='par_1_53' title="bbox 529 5096 1681 5176">
     <span class='ocr_line' id='line_1_53' title="bbox 529 5096 1681 5176; baseline 0.007 -25"><span class='ocrx_word' id='word_1_274' title='bbox 529 5096 722 5172; x_wconf 73' lang='grc' dir='ltr'>Ἐῤῥῆς</span> <span class='ocrx_word' id='word_1_275' title='bbox 751 5106 1011 5174; x_wconf 85' lang='grc' dir='ltr'>παρεῖχεν</span> <span class='ocrx_word' id='word_1_276' title='bbox 1052 5103 1079 5157; x_wconf 86' lang='grc' dir='ltr'>ὁ</span> <span class='ocrx_word' id='word_1_277' title='bbox 1104 5107 1318 5176; x_wconf 78' lang='grc' dir='ltr'>κρατῶν</span> <span class='ocrx_word' id='word_1_278' title='bbox 1347 5104 1681 5175; x_wconf 75' lang='grc' dir='ltr'>Βυζαντίδος,</span> 
     </span>
    </p>
   </div>
   <div class='ocr_carea' id='block_1_54' title="bbox 533 5186 1559 5267">
    <p class='ocr_par' dir='ltr' id='par_1_54' title="bbox 533 5186 1559 5267">
     <span class='ocr_line' id='line_1_54' title="bbox 533 5186 1559 5267; baseline 0.01 -30"><span class='ocrx_word' id='word_1_279' title='bbox 533 5186 716 5248; x_wconf 67' lang='grc' dir='ltr'>Τιθείς</span> <span class='ocrx_word' id='word_1_280' title='bbox 748 5188 827 5249; x_wconf 71' lang='grc' dir='ltr'><strong>ὁδ’</strong></span> <span class='ocrx_word' id='word_1_281' title='bbox 856 5189 1016 5243; x_wconf 81' lang='grc' dir='ltr'>αὐτὸν</span> <span class='ocrx_word' id='word_1_282' title='bbox 1048 5191 1331 5263; x_wconf 79' lang='grc' dir='ltr'>Ἀωμαϊκὰ</span> <span class='ocrx_word' id='word_1_283' title='bbox 1358 5193 1559 5267; x_wconf 90' lang='grc' dir='ltr'>χωρία,</span> 
     </span>
    </p>
   </div>
   <div class='ocr_carea' id='block_1_55' title="bbox 530 5273 1655 5354">
    <p class='ocr_par' dir='ltr' id='par_1_55' title="bbox 530 5273 1655 5354">
     <span class='ocr_line' id='line_1_55' title="bbox 530 5273 1655 5354; baseline 0.008 -27"><span class='ocrx_word' id='word_1_284' title='bbox 530 5273 821 5343; x_wconf 82' lang='grc' dir='ltr'>Λεηλατῶν</span> <span class='ocrx_word' id='word_1_285' title='bbox 852 5297 911 5331; x_wconf 82' lang='grc' dir='ltr'><strong>τε</strong></span> <span class='ocrx_word' id='word_1_286' title='bbox 940 5277 1027 5331; x_wconf 75' lang='grc' dir='ltr'><strong>καὶ</strong></span> <span class='ocrx_word' id='word_1_287' title='bbox 1060 5278 1409 5354; x_wconf 84' lang='grc' dir='ltr'>κατατρέχων</span> <span class='ocrx_word' id='word_1_288' title='bbox 1442 5281 1655 5345; x_wconf 77' lang='grc' dir='ltr'>πόλεις·</span> 
     </span>
    </p>
   </div>
   <div class='ocr_carea' id='block_1_56' title="bbox 534 5366 1703 5446">
    <p class='ocr_par' dir='ltr' id='par_1_56' title="bbox 534 5366 1703 5446">
     <span class='ocr_line' id='line_1_56' title="bbox 534 5366 1703 5446; baseline 0.009 -31"><span class='ocrx_word' id='word_1_289' title='bbox 534 5366 865 5435; x_wconf 72' lang='grc' dir='ltr'>Δραστήριος</span> <span class='ocrx_word' id='word_1_290' title='bbox 892 5368 993 5441; x_wconf 79' lang='grc' dir='ltr'><strong>γὰρ</strong></span> <span class='ocrx_word' id='word_1_291' title='bbox 1024 5368 1113 5421; x_wconf 79' lang='grc' dir='ltr'><strong>καὶ</strong></span> <span class='ocrx_word' id='word_1_292' title='bbox 1146 5369 1396 5444; x_wconf 80' lang='grc' dir='ltr'>σθεναρὸς</span> <span class='ocrx_word' id='word_1_293' title='bbox 1430 5368 1502 5424; x_wconf 83' lang='grc' dir='ltr'>ὢν</span> <span class='ocrx_word' id='word_1_294' title='bbox 1536 5370 1703 5446; x_wconf 82' lang='grc' dir='ltr'>χὲρας</span> 
     </span>
    </p>
   </div>
   <div class='ocr_carea' id='block_1_57' title="bbox 362 5450 1799 5537">
    <p class='ocr_par' dir='ltr' id='par_1_57' title="bbox 362 5450 1799 5537">
     <span class='ocr_line' id='line_1_57' title="bbox 362 5450 1799 5537; baseline 0.01 -34"><span class='ocrx_word' id='word_1_295' title='bbox 362 5450 499 5505; x_wconf 88' lang='lat'>7735</span> <span class='ocrx_word' id='word_1_296' title='bbox 562 5451 658 5505; x_wconf 64' lang='grc' dir='ltr'><strong>Καὶ</strong></span> <span class='ocrx_word' id='word_1_297' title='bbox 690 5454 824 5527; x_wconf 85' lang='grc' dir='ltr'>πρὸς</span> <span class='ocrx_word' id='word_1_298' title='bbox 859 5456 1037 5529; x_wconf 77' lang='grc' dir='ltr'>μάχας</span> <span class='ocrx_word' id='word_1_299' title='bbox 1058 5453 1304 5528; x_wconf 74' lang='grc' dir='ltr'>ἕτοιμος,</span> <span class='ocrx_word' id='word_1_300' title='bbox 1337 5454 1583 5536; x_wconf 71' lang='grc' dir='ltr'>ἄντικρυς</span> <span class='ocrx_word' id='word_1_301' title='bbox 1610 5462 1799 5537; x_wconf 63' lang='grc' dir='ltr'>Ἄρης,</span> 
     </span>
    </p>
   </div>
   <div class='ocr_carea' id='block_1_58' title="bbox 572 5541 1666 5623">
    <p class='ocr_par' dir='ltr' id='par_1_58' title="bbox 572 5541 1666 5623">
     <span class='ocr_line' id='line_1_58' title="bbox 572 5541 1666 5623; baseline 0.007 -28"><span class='ocrx_word' id='word_1_302' title='bbox 572 5542 653 5595; x_wconf 77' lang='grc' dir='ltr'><strong>Τά</strong></span> <span class='ocrx_word' id='word_1_303' title='bbox 679 5542 963 5613; x_wconf 83' lang='grc' dir='ltr'>Ῥωμαϊκὰ</span> <span class='ocrx_word' id='word_1_304' title='bbox 994 5541 1038 5597; x_wconf 82' lang='grc' dir='ltr'><strong>δ’</strong></span> <span class='ocrx_word' id='word_1_305' title='bbox 1069 5546 1404 5614; x_wconf 75' lang='grc' dir='ltr'>ἠσθενηκότα</span> <span class='ocrx_word' id='word_1_306' title='bbox 1430 5546 1666 5623; x_wconf 84' lang='grc' dir='ltr'>βλέπων’</span> 
     </span>
    </p>
   </div>
   <div class='ocr_carea' id='block_1_59' title="bbox 573 5626 1816 5713">
    <p class='ocr_par' dir='ltr' id='par_1_59' title="bbox 573 5626 1816 5713">
     <span class='ocr_line' id='line_1_59' title="bbox 573 5626 1816 5713; baseline 0.008 -30"><span class='ocrx_word' id='word_1_307' title='bbox 573 5628 671 5683; x_wconf 80' lang='grc' dir='ltr'>Καὶ</span> <span class='ocrx_word' id='word_1_308' title='bbox 705 5626 919 5699; x_wconf 75' lang='grc' dir='ltr'>μᾶλλον</span> <span class='ocrx_word' id='word_1_309' title='bbox 951 5630 1037 5705; x_wconf 73' lang='grc' dir='ltr'><strong>ἀφ’</strong></span> <span class='ocrx_word' id='word_1_310' title='bbox 1071 5632 1131 5684; x_wconf 81' lang='grc' dir='ltr'><strong>οὗ</strong></span> <span class='ocrx_word' id='word_1_311' title='bbox 1162 5632 1457 5689; x_wconf 85' lang='grc' dir='ltr'>σουλτάνου</span> <span class='ocrx_word' id='word_1_312' title='bbox 1490 5637 1816 5713; x_wconf 77' lang='grc' dir='ltr'>κατισχύσας</span> 
     </span>
    </p>
   </div>
   <div class='ocr_carea' id='block_1_60' title="bbox 579 5714 1543 5789">
    <p class='ocr_par' dir='ltr' id='par_1_60' title="bbox 579 5714 1543 5789">
     <span class='ocr_line' id='line_1_60' title="bbox 579 5714 1543 5789; baseline 0.011 -20"><span class='ocrx_word' id='word_1_313' title='bbox 579 5716 846 5789; x_wconf 79' lang='grc' dir='ltr'>Λάσκαρις</span> <span class='ocrx_word' id='word_1_314' title='bbox 874 5716 996 5787; x_wconf 70' lang='grc' dir='ltr'>ἅναξ</span> <span class='ocrx_word' id='word_1_315' title='bbox 1028 5714 1288 5776; x_wconf 74' lang='grc' dir='ltr'>ἀπέϐαλεν</span> <span class='ocrx_word' id='word_1_316' title='bbox 1312 5724 1543 5789; x_wconf 75' lang='grc' dir='ltr'>ἱππότας</span> 
     </span>
    </p>
   </div>
   <div class='ocr_carea' id='block_1_61' title="bbox 1839 438 2197 493">
    <p class='ocr_par' dir='ltr' id='par_1_61' title="bbox 1839 438 2197 493">
     <span class='ocr_line' id='line_1_61' title="bbox 1839 438 2197 493; baseline -0.008 -1"><span class='ocrx_word' id='word_1_317' title='bbox 1839 438 2197 493; x_wconf 72' lang='lat' dir='ltr'><strong>CBSABES.</strong></span> 
     </span>
    </p>
   </div>
   <div class='ocr_carea' id='block_1_62' title="bbox 1993 556 3361 628">
    <p class='ocr_par' dir='ltr' id='par_1_62' title="bbox 1993 556 3361 628">
     <span class='ocr_line' id='line_1_62' title="bbox 1993 556 3361 628; baseline -0.005 -13"><span class='ocrx_word' id='word_1_318' title='bbox 1993 563 2049 628; x_wconf 74' lang='grc' dir='ltr'><strong>Α</strong></span> <span class='ocrx_word' id='word_1_319' title='bbox 2079 561 2351 615; x_wconf 85' lang='lat' dir='ltr'><strong>defuncto</strong></span> <span class='ocrx_word' id='word_1_320' title='bbox 2383 559 2597 624; x_wconf 88' lang='lat' dir='ltr'><strong>Errico,</strong></span> <span class='ocrx_word' id='word_1_321' title='bbox 2632 558 2850 613; x_wconf 89' lang='lat' dir='ltr'><strong>missus</strong></span> <span class='ocrx_word' id='word_1_322' title='bbox 2880 561 2969 612; x_wconf 88' lang='lat' dir='ltr'><strong>est</strong></span> <span class='ocrx_word' id='word_1_323' title='bbox 3001 556 3361 627; x_wconf 76' lang='lat' dir='ltr'><strong>Byzantium.</strong></span> 
     </span>
    </p>
   </div>
   <div class='ocr_carea' id='block_1_63' title="bbox 2076 645 3342 720">
    <p class='ocr_par' dir='ltr' id='par_1_63' title="bbox 2076 645 3342 720">
     <span class='ocr_line' id='line_1_63' title="bbox 2076 645 3342 720; baseline -0.005 -17"><span class='ocrx_word' id='word_1_324' title='bbox 2076 652 2261 720; x_wconf 85' lang='lat' dir='ltr'><strong>Atque</strong></span> <span class='ocrx_word' id='word_1_325' title='bbox 2290 647 2712 718; x_wconf 80' lang='lat' dir='ltr'><strong>Dyrrhachium</strong></span> <span class='ocrx_word' id='word_1_326' title='bbox 2744 645 2973 701; x_wconf 85' lang='lat' dir='ltr'><strong>delatus</strong></span> <span class='ocrx_word' id='word_1_327' title='bbox 3004 647 3074 700; x_wconf 91' lang='lat' dir='ltr'><strong>ad</strong></span> <span class='ocrx_word' id='word_1_328' title='bbox 3116 645 3342 711; x_wconf 81' lang='lat' dir='ltr'><strong>urbem,</strong></span> 
     </span>
    </p>
   </div>
   <div class='ocr_carea' id='block_1_64' title="bbox 2078 734 3149 807">
    <p class='ocr_par' dir='ltr' id='par_1_64' title="bbox 2078 734 3149 807">
     <span class='ocr_line' id='line_1_64' title="bbox 2078 734 3149 807; baseline -0.005 -16"><span class='ocrx_word' id='word_1_329' title='bbox 2078 753 2210 791; x_wconf 80' lang='lat' dir='ltr'><strong>mox</strong></span> <span class='ocrx_word' id='word_1_330' title='bbox 2239 752 2341 807; x_wconf 91' lang='lat' dir='ltr'><strong>per</strong></span> <span class='ocrx_word' id='word_1_331' title='bbox 2368 736 2622 791; x_wconf 88' lang='lat' dir='ltr'><strong>Albanos</strong></span> <span class='ocrx_word' id='word_1_332' title='bbox 2655 734 2862 790; x_wconf 77' lang='lat' dir='ltr'><strong>itinere</strong></span> <span class='ocrx_word' id='word_1_333' title='bbox 2896 735 3149 804; x_wconf 84' lang='lat' dir='ltr'><strong>pedestri</strong></span> 
     </span>
    </p>
   </div>
   <div class='ocr_carea' id='block_1_65' title="bbox 2081 820 3361 893">
    <p class='ocr_par' dir='ltr' id='par_1_65' title="bbox 2081 820 3361 893">
     <span class='ocr_line' id='line_1_65' title="bbox 2081 820 3361 893; baseline -0.003 -15"><span class='ocrx_word' id='word_1_334' title='bbox 2081 825 2202 879; x_wconf 85' lang='lat' dir='ltr'><strong>ibat</strong></span> <span class='ocrx_word' id='word_1_335' title='bbox 2233 825 2568 893; x_wconf 81' lang='lat' dir='ltr'><strong>Byzantium</strong></span> <span class='ocrx_word' id='word_1_336' title='bbox 2600 840 2732 878; x_wconf 91' lang='lat' dir='ltr'><strong>cum</strong></span> <span class='ocrx_word' id='word_1_337' title='bbox 2766 824 3052 878; x_wconf 82' lang='lat' dir='ltr'><strong>instructo</strong></span> <span class='ocrx_word' id='word_1_338' title='bbox 3084 820 3361 875; x_wconf 84' lang='lat' dir='ltr'><strong>exercitu.</strong></span> 
     </span>
    </p>
   </div>
   <div class='ocr_carea' id='block_1_66' title="bbox 2078 912 3265 969">
    <p class='ocr_par' dir='ltr' id='par_1_66' title="bbox 2078 912 3265 969">
     <span class='ocr_line' id='line_1_66' title="bbox 2078 912 3265 969; baseline -0.003 -2"><span class='ocrx_word' id='word_1_339' title='bbox 2078 914 2185 969; x_wconf 91' lang='lat' dir='ltr'><strong>Sed</strong></span> <span class='ocrx_word' id='word_1_340' title='bbox 2220 918 2588 968; x_wconf 78' lang='lat' dir='ltr'><strong>antevertens</strong></span> <span class='ocrx_word' id='word_1_341' title='bbox 2618 912 2956 966; x_wconf 87' lang='lat' dir='ltr'><strong>Theodorus</strong></span> <span class='ocrx_word' id='word_1_342' title='bbox 2988 915 3265 965; x_wconf 89' lang='lat' dir='ltr'><strong>strenuus</strong></span> 
     </span>
    </p>
   </div>
   <div class='ocr_carea' id='block_1_67' title="bbox 2077 999 3138 1072">
    <p class='ocr_par' dir='ltr' id='par_1_67' title="bbox 2077 999 3138 1072">
     <span class='ocr_line' id='line_1_67' title="bbox 2077 999 3138 1072; baseline -0.004 -16"><span class='ocrx_word' id='word_1_343' title='bbox 2077 1006 2315 1056; x_wconf 90' lang='lat' dir='ltr'><strong>Petrum</strong></span> <span class='ocrx_word' id='word_1_344' title='bbox 2347 1001 2565 1072; x_wconf 87' lang='lat' dir='ltr'><strong>insigni</strong></span> <span class='ocrx_word' id='word_1_345' title='bbox 2599 1000 2847 1071; x_wconf 86' lang='lat' dir='ltr'><strong>perculit</strong></span> <span class='ocrx_word' id='word_1_346' title='bbox 2876 999 3138 1065; x_wconf 87' lang='lat' dir='ltr'><strong>victoria,</strong></span> 
     </span>
    </p>
   </div>
   <div class='ocr_carea' id='block_1_68' title="bbox 2079 1087 3131 1162">
    <p class='ocr_par' dir='ltr' id='par_1_68' title="bbox 2079 1087 3131 1162">
     <span class='ocr_line' id='line_1_68' title="bbox 2079 1087 3131 1162; baseline -0.004 -18"><span class='ocrx_word' id='word_1_347' title='bbox 2079 1092 2272 1162; x_wconf 88' lang='lat' dir='ltr'><strong>ipsum</strong></span> <span class='ocrx_word' id='word_1_348' title='bbox 2304 1106 2434 1145; x_wconf 91' lang='lat' dir='ltr'><strong>cum</strong></span> <span class='ocrx_word' id='word_1_349' title='bbox 2465 1094 2584 1145; x_wconf 85' lang='lat' dir='ltr'><strong>toto</strong></span> <span class='ocrx_word' id='word_1_350' title='bbox 2616 1090 2870 1145; x_wconf 82' lang='lat' dir='ltr'><strong>exercitu</strong></span> <span class='ocrx_word' id='word_1_351' title='bbox 2902 1087 3131 1143; x_wconf 82' lang='lat' dir='ltr'><strong>delevit.</strong></span> 
     </span>
    </p>
   </div>
   <div class='ocr_carea' id='block_1_69' title="bbox 2080 1175 3359 1249">
    <p class='ocr_par' dir='ltr' id='par_1_69' title="bbox 2080 1175 3359 1249">
     <span class='ocr_line' id='line_1_69' title="bbox 2080 1175 3359 1249; baseline -0.005 -16"><span class='ocrx_word' id='word_1_352' title='bbox 2080 1179 2291 1234; x_wconf 86' lang='lat' dir='ltr'><strong>Urbem</strong></span> <span class='ocrx_word' id='word_1_353' title='bbox 2320 1178 2457 1249; x_wconf 89' lang='lat' dir='ltr'><strong>quin</strong></span> <span class='ocrx_word' id='word_1_354' title='bbox 2492 1178 2665 1233; x_wconf 81' lang='lat' dir='ltr'><strong>etiam</strong></span> <span class='ocrx_word' id='word_1_355' title='bbox 2698 1176 2885 1231; x_wconf 85' lang='lat' dir='ltr'><strong>tenuit</strong></span> <span class='ocrx_word' id='word_1_356' title='bbox 2916 1175 3359 1247; x_wconf 83' lang='lat' dir='ltr'><strong>Dyrrhachium,</strong></span> 
     </span>
    </p>
   </div>
   <div class='ocr_carea' id='block_1_70' title="bbox 2080 1264 3217 1338">
    <p class='ocr_par' dir='ltr' id='par_1_70' title="bbox 2080 1264 3217 1338">
     <span class='ocr_line' id='line_1_70' title="bbox 2080 1264 3217 1338; baseline -0.004 -17"><span class='ocrx_word' id='word_1_357' title='bbox 2080 1283 2371 1338; x_wconf 87' lang='lat' dir='ltr'><strong>suumque</strong></span> <span class='ocrx_word' id='word_1_358' title='bbox 2401 1267 2595 1338; x_wconf 83' lang='lat' dir='ltr'><strong>praeda</strong></span> <span class='ocrx_word' id='word_1_359' title='bbox 2624 1265 2826 1320; x_wconf 76' lang='lat' dir='ltr'><strong>ditavit</strong></span> <span class='ocrx_word' id='word_1_360' title='bbox 2855 1264 3166 1319; x_wconf 85' lang='lat' dir='ltr'><strong>exercitum</strong></span> <span class='ocrx_word' id='word_1_361' title='bbox 3205 1279 3217 1318; x_wconf 91' lang='lat'>:</span> 
     </span>
    </p>
   </div>
   <div class='ocr_carea' id='block_1_71' title="bbox 2080 1361 3029 1433">
    <p class='ocr_par' dir='ltr' id='par_1_71' title="bbox 2080 1361 3029 1433">
     <span class='ocr_line' id='line_1_71' title="bbox 2080 1361 3029 1433; baseline -0.002 -17"><span class='ocrx_word' id='word_1_362' title='bbox 2080 1363 2203 1433; x_wconf 90' lang='lat' dir='ltr'><strong>ipse</strong></span> <span class='ocrx_word' id='word_1_363' title='bbox 2234 1361 2484 1433; x_wconf 80' lang='lat' dir='ltr'><strong>regalem</strong></span> <span class='ocrx_word' id='word_1_364' title='bbox 2517 1362 2711 1416; x_wconf 86' lang='lat' dir='ltr'>induit</span> <span class='ocrx_word' id='word_1_365' title='bbox 2736 1377 3029 1425; x_wconf 84' lang='lat' dir='ltr'><strong>coronam,</strong></span> 
     </span>
    </p>
   </div>
   <div class='ocr_carea' id='block_1_72' title="bbox 2078 1449 3153 1519">
    <p class='ocr_par' dir='ltr' id='par_1_72' title="bbox 2078 1449 3153 1519">
     <span class='ocr_line' id='line_1_72' title="bbox 2078 1449 3153 1519; baseline -0.004 -14"><span class='ocrx_word' id='word_1_366' title='bbox 2078 1452 2137 1505; x_wconf 91' lang='lat' dir='ltr'>in</span> <span class='ocrx_word' id='word_1_367' title='bbox 2171 1452 2289 1506; x_wconf 84' lang='lat' dir='ltr'><strong>acie</strong></span> <span class='ocrx_word' id='word_1_368' title='bbox 2322 1452 2506 1519; x_wconf 89' lang='lat' dir='ltr'><strong>Petro,</strong></span> <span class='ocrx_word' id='word_1_369' title='bbox 2540 1456 2605 1504; x_wconf 90' lang='lat' dir='ltr'><strong>ut</strong></span> <span class='ocrx_word' id='word_1_370' title='bbox 2637 1450 2913 1517; x_wconf 84' lang='lat' dir='ltr'><strong>diximus,</strong></span> <span class='ocrx_word' id='word_1_371' title='bbox 2943 1449 3153 1503; x_wconf 87' lang='lat' dir='ltr'><strong>occiso.</strong></span> 
     </span>
    </p>
   </div>
   <div class='ocr_carea' id='block_1_73' title="bbox 2080 1538 3078 1595">
    <p class='ocr_par' dir='ltr' id='par_1_73' title="bbox 2080 1538 3078 1595">
     <span class='ocr_line' id='line_1_73' title="bbox 2080 1538 3078 1595; baseline -0.002 -3"><span class='ocrx_word' id='word_1_372' title='bbox 2080 1546 2215 1595; x_wconf 85' lang='lat' dir='ltr'><strong>Nam</strong></span> <span class='ocrx_word' id='word_1_373' title='bbox 2250 1546 2419 1594; x_wconf 87' lang='lat' dir='ltr'><strong>aucta</strong></span> <span class='ocrx_word' id='word_1_374' title='bbox 2450 1557 2555 1593; x_wconf 86' lang='lat' dir='ltr'><strong>sua</strong></span> <span class='ocrx_word' id='word_1_375' title='bbox 2590 1538 2829 1592; x_wconf 79' lang='lat' dir='ltr'>feliciter</span> <span class='ocrx_word' id='word_1_376' title='bbox 2857 1538 3078 1591; x_wconf 87' lang='lat' dir='ltr'><strong>ditione</strong></span> 
     </span>
    </p>
   </div>
   <div class='ocr_carea' id='block_1_74' title="bbox 2079 1627 2981 1684">
    <p class='ocr_par' dir='ltr' id='par_1_74' title="bbox 2079 1627 2981 1684">
     <span class='ocr_line' id='line_1_74' title="bbox 2079 1627 2981 1684; baseline -0.004 0"><span class='ocrx_word' id='word_1_377' title='bbox 2079 1634 2135 1684; x_wconf 90' lang='lat' dir='ltr'><strong>et</strong></span> <span class='ocrx_word' id='word_1_378' title='bbox 2163 1628 2479 1683; x_wconf 80' lang='lat' dir='ltr'><strong>cumulatis</strong></span> <span class='ocrx_word' id='word_1_379' title='bbox 2508 1628 2694 1683; x_wconf 86' lang='lat' dir='ltr'><strong>elatus</strong></span> <span class='ocrx_word' id='word_1_380' title='bbox 2725 1627 2981 1682; x_wconf 85' lang='lat' dir='ltr'><strong>victoriis</strong></span> 
     </span>
    </p>
   </div>
   <div class='ocr_carea' id='block_1_75' title="bbox 2078 1714 3271 1787">
    <p class='ocr_par' dir='ltr' id='par_1_75' title="bbox 2078 1714 3271 1787">
     <span class='ocr_line' id='line_1_75' title="bbox 2078 1714 3271 1787; baseline -0.004 -15"><span class='ocrx_word' id='word_1_381' title='bbox 2078 1735 2192 1772; x_wconf 93' lang='lat' dir='ltr'><strong>non</strong></span> <span class='ocrx_word' id='word_1_382' title='bbox 2227 1718 2335 1772; x_wconf 84' lang='lat' dir='ltr'><strong>fuit</strong></span> <span class='ocrx_word' id='word_1_383' title='bbox 2364 1720 2671 1771; x_wconf 87' lang='lat' dir='ltr'><strong>contentus</strong></span> <span class='ocrx_word' id='word_1_384' title='bbox 2702 1715 3008 1787; x_wconf 88' lang='lat' dir='ltr'><strong>aoquisltis</strong></span> <span class='ocrx_word' id='word_1_385' title='bbox 3038 1714 3271 1784; x_wconf 89' lang='lat' dir='ltr'><strong>opibus,</strong></span> 
     </span>
    </p>
   </div>
   <div class='ocr_carea' id='block_1_76' title="bbox 2079 1802 3226 1875">
    <p class='ocr_par' dir='ltr' id='par_1_76' title="bbox 2079 1802 3226 1875">
     <span class='ocr_line' id='line_1_76' title="bbox 2079 1802 3226 1875; baseline -0.003 -15"><span class='ocrx_word' id='word_1_386' title='bbox 2079 1807 2178 1860; x_wconf 88' lang='lat' dir='ltr'><strong>sed</strong></span> <span class='ocrx_word' id='word_1_387' title='bbox 2211 1807 2279 1861; x_wconf 91' lang='lat' dir='ltr'><strong>ad</strong></span> <span class='ocrx_word' id='word_1_388' title='bbox 2315 1807 2537 1875; x_wconf 89' lang='lat' dir='ltr'><strong>majora</strong></span> <span class='ocrx_word' id='word_1_389' title='bbox 2569 1810 2775 1875; x_wconf 71' lang='lat' dir='ltr'><strong>praeter</strong></span> <span class='ocrx_word' id='word_1_390' title='bbox 2806 1805 2890 1860; x_wconf 81' lang='lat' dir='ltr'><strong>fas</strong></span> <span class='ocrx_word' id='word_1_391' title='bbox 2921 1802 3226 1870; x_wconf 89' lang='lat' dir='ltr'><strong>anhelans,</strong></span> 
     </span>
    </p>
   </div>
   <div class='ocr_carea' id='block_1_77' title="bbox 1998 1892 3067 1970">
    <p class='ocr_par' dir='ltr' id='par_1_77' title="bbox 1998 1892 3067 1970">
     <span class='ocr_line' id='line_1_77' title="bbox 1998 1892 3067 1970; baseline -0.004 -22"><span class='ocrx_word' id='word_1_392' title='bbox 1998 1908 2045 1970; x_wconf 79' lang='grc' dir='ltr'><strong>Β</strong></span> <span class='ocrx_word' id='word_1_393' title='bbox 2076 1895 2489 1965; x_wconf 86' lang='lat' dir='ltr'><strong>imperatorem</strong></span> <span class='ocrx_word' id='word_1_394' title='bbox 2519 1893 2799 1947; x_wconf 65' lang='lat' dir='ltr'><strong>Caesarem</strong></span> <span class='ocrx_word' id='word_1_395' title='bbox 2832 1909 2892 1947; x_wconf 90' lang='lat' dir='ltr'><strong>se</strong></span> <span class='ocrx_word' id='word_1_396' title='bbox 2922 1892 3067 1948; x_wconf 83' lang='lat' dir='ltr'><strong>dixit</strong></span> 
     </span>
    </p>
   </div>
   <div class='ocr_carea' id='block_1_78' title="bbox 2073 1979 3069 2052">
    <p class='ocr_par' dir='ltr' id='par_1_78' title="bbox 2073 1979 3069 2052">
     <span class='ocr_line' id='line_1_78' title="bbox 2073 1979 3069 2052; baseline -0.002 -15"><span class='ocrx_word' id='word_1_397' title='bbox 2073 1983 2202 2052; x_wconf 85' lang='lat' dir='ltr'><strong>ejus</strong></span> <span class='ocrx_word' id='word_1_398' title='bbox 2234 1997 2359 2051; x_wconf 67' lang='lat' dir='ltr'><strong>quae</strong></span> <span class='ocrx_word' id='word_1_399' title='bbox 2392 1980 2504 2036; x_wconf 85' lang='lat' dir='ltr'><strong>sibi</strong></span> <span class='ocrx_word' id='word_1_400' title='bbox 2533 1982 2770 2035; x_wconf 84' lang='lat' dir='ltr'><strong>suberat</strong></span> <span class='ocrx_word' id='word_1_401' title='bbox 2796 1979 3069 2035; x_wconf 86' lang='lat' dir='ltr'><strong>ditionis:</strong></span> 
     </span>
    </p>
   </div>
   <div class='ocr_carea' id='block_1_79' title="bbox 2076 2070 3140 2141">
    <p class='ocr_par' dir='ltr' id='par_1_79' title="bbox 2076 2070 3140 2141">
     <span class='ocr_line' id='line_1_79' title="bbox 2076 2070 3140 2141; baseline -0.003 -16"><span class='ocrx_word' id='word_1_402' title='bbox 2076 2076 2250 2141; x_wconf 88' lang='lat' dir='ltr'><strong>atque</strong></span> <span class='ocrx_word' id='word_1_403' title='bbox 2282 2070 2461 2141; x_wconf 85' lang='lat' dir='ltr'><strong>regali</strong></span> <span class='ocrx_word' id='word_1_404' title='bbox 2494 2076 2801 2125; x_wconf 85' lang='lat' dir='ltr'><strong>coronatur</strong></span> <span class='ocrx_word' id='word_1_405' title='bbox 2830 2072 3140 2124; x_wconf 86' lang='lat' dir='ltr'><strong>stemmate</strong></span> 
     </span>
    </p>
   </div>
   <div class='ocr_carea' id='block_1_80' title="bbox 2076 2154 3304 2228">
    <p class='ocr_par' dir='ltr' id='par_1_80' title="bbox 2076 2154 3304 2228">
     <span class='ocr_line' id='line_1_80' title="bbox 2076 2154 3304 2228; baseline -0.004 -15"><span class='ocrx_word' id='word_1_406' title='bbox 2076 2176 2108 2213; x_wconf 90' lang='lat' dir='ltr'><strong>a</strong></span> <span class='ocrx_word' id='word_1_407' title='bbox 2140 2158 2523 2228; x_wconf 86' lang='lat' dir='ltr'><strong>Bulgarorum</strong></span> <span class='ocrx_word' id='word_1_408' title='bbox 2556 2157 2842 2213; x_wconf 88' lang='lat' dir='ltr'><strong>Demetrio</strong></span> <span class='ocrx_word' id='word_1_409' title='bbox 2873 2154 3304 2227; x_wconf 66' lang='lat' dir='ltr'><strong>archiprmsule.</strong></span> 
     </span>
    </p>
   </div>
   <div class='ocr_carea' id='block_1_81' title="bbox 2076 2243 3369 2317">
    <p class='ocr_par' dir='ltr' id='par_1_81' title="bbox 2076 2243 3369 2317">
     <span class='ocr_line' id='line_1_81' title="bbox 2076 2243 3369 2317; baseline -0.005 -15"><span class='ocrx_word' id='word_1_410' title='bbox 2076 2247 2185 2302; x_wconf 88' lang='lat' dir='ltr'><strong>Sed</strong></span> <span class='ocrx_word' id='word_1_411' title='bbox 2218 2246 2371 2300; x_wconf 87' lang='lat' dir='ltr'><strong>Deus</strong></span> <span class='ocrx_word' id='word_1_412' title='bbox 2403 2262 2523 2300; x_wconf 86' lang='lat' dir='ltr'><strong>rem</strong></span> <span class='ocrx_word' id='word_1_413' title='bbox 2556 2250 2780 2317; x_wconf 87' lang='lat' dir='ltr'><strong>gestam</strong></span> <span class='ocrx_word' id='word_1_414' title='bbox 2814 2246 3056 2299; x_wconf 89' lang='lat' dir='ltr'><strong>minime</strong></span> <span class='ocrx_word' id='word_1_415' title='bbox 3085 2243 3369 2314; x_wconf 77' lang='lat' dir='ltr'><strong>probaVit,</strong></span> 
     </span>
    </p>
   </div>
   <div class='ocr_carea' id='block_1_82' title="bbox 2076 2333 3258 2407">
    <p class='ocr_par' dir='ltr' id='par_1_82' title="bbox 2076 2333 3258 2407">
     <span class='ocr_line' id='line_1_82' title="bbox 2076 2333 3258 2407; baseline -0.003 -18"><span class='ocrx_word' id='word_1_416' title='bbox 2076 2336 2175 2407; x_wconf 91' lang='lat' dir='ltr'><strong>qui</strong></span> <span class='ocrx_word' id='word_1_417' title='bbox 2210 2340 2429 2390; x_wconf 88' lang='lat' dir='ltr'><strong>mentes</strong></span> <span class='ocrx_word' id='word_1_418' title='bbox 2460 2336 2583 2390; x_wconf 89' lang='lat' dir='ltr'><strong>odit</strong></span> <span class='ocrx_word' id='word_1_419' title='bbox 2612 2334 2918 2390; x_wconf 88' lang='lat' dir='ltr'><strong>hominum</strong></span> <span class='ocrx_word' id='word_1_420' title='bbox 2953 2333 3258 2404; x_wconf 90' lang='lat' dir='ltr'><strong>superbas.</strong></span> 
     </span>
    </p>
   </div>
   <div class='ocr_carea' id='block_1_83' title="bbox 2075 2422 3359 2491">
    <p class='ocr_par' dir='ltr' id='par_1_83' title="bbox 2075 2422 3359 2491">
     <span class='ocr_line' id='line_1_83' title="bbox 2075 2422 3359 2491; baseline -0.004 -12"><span class='ocrx_word' id='word_1_421' title='bbox 2075 2427 2459 2488; x_wconf 85' lang='lat' dir='ltr'><strong>Quamobrem</strong></span> <span class='ocrx_word' id='word_1_422' title='bbox 2493 2425 2741 2480; x_wconf 89' lang='lat' dir='ltr'><strong>Michael</strong></span> <span class='ocrx_word' id='word_1_423' title='bbox 2766 2440 2955 2479; x_wconf 87' lang='lat' dir='ltr'><strong>seram</strong></span> <span class='ocrx_word' id='word_1_424' title='bbox 2990 2422 3100 2476; x_wconf 89' lang='lat' dir='ltr'>luit</span> <span class='ocrx_word' id='word_1_425' title='bbox 3130 2437 3359 2491; x_wconf 78' lang='lat' dir='ltr'><strong>pcnnam</strong></span> 
     </span>
    </p>
   </div>
   <div class='ocr_carea' id='block_1_84' title="bbox 2078 2510 3207 2583">
    <p class='ocr_par' dir='ltr' id='par_1_84' title="bbox 2078 2510 3207 2583">
     <span class='ocr_line' id='line_1_84' title="bbox 2078 2510 3207 2583; baseline -0.004 -16"><span class='ocrx_word' id='word_1_426' title='bbox 2078 2518 2326 2583; x_wconf 90' lang='lat' dir='ltr'><strong>utroque</strong></span> <span class='ocrx_word' id='word_1_427' title='bbox 2355 2512 2577 2566; x_wconf 91' lang='lat' dir='ltr'><strong>lumine</strong></span> <span class='ocrx_word' id='word_1_428' title='bbox 2610 2512 2850 2566; x_wconf 88' lang='lat' dir='ltr'><strong>orbatus</strong></span> <span class='ocrx_word' id='word_1_429' title='bbox 2883 2510 3207 2566; x_wconf 86' lang='lat' dir='ltr'><strong>oculorum.</strong></span> 
     </span>
    </p>
   </div>
   <div class='ocr_carea' id='block_1_85' title="bbox 2078 2598 3062 2672">
    <p class='ocr_par' dir='ltr' id='par_1_85' title="bbox 2078 2598 3062 2672">
     <span class='ocr_line' id='line_1_85' title="bbox 2078 2598 3062 2672; baseline -0.001 -17"><span class='ocrx_word' id='word_1_430' title='bbox 2078 2601 2281 2655; x_wconf 83' lang='lat' dir='ltr'><strong>Petrus</strong></span> <span class='ocrx_word' id='word_1_431' title='bbox 2312 2600 2368 2655; x_wconf 89' lang='lat' dir='ltr'><strong>in</strong></span> <span class='ocrx_word' id='word_1_432' title='bbox 2402 2617 2597 2672; x_wconf 89' lang='lat' dir='ltr'><strong>pugna</strong></span> <span class='ocrx_word' id='word_1_433' title='bbox 2626 2600 2913 2670; x_wconf 88' lang='lat' dir='ltr'><strong>spoliatus</strong></span> <span class='ocrx_word' id='word_1_434' title='bbox 2942 2598 3062 2654; x_wconf 90' lang='lat' dir='ltr'><strong>vita</strong></span> 
     </span>
    </p>
   </div>
   <div class='ocr_carea' id='block_1_86' title="bbox 2078 2686 3247 2760">
    <p class='ocr_par' dir='ltr' id='par_1_86' title="bbox 2078 2686 3247 2760">
     <span class='ocr_line' id='line_1_86' title="bbox 2078 2686 3247 2760; baseline -0.003 -18"><span class='ocrx_word' id='word_1_435' title='bbox 2078 2693 2331 2759; x_wconf 87' lang='lat' dir='ltr'><strong>quatuor</strong></span> <span class='ocrx_word' id='word_1_436' title='bbox 2359 2689 2598 2760; x_wconf 89' lang='lat' dir='ltr'><strong>reliquit</strong></span> <span class='ocrx_word' id='word_1_437' title='bbox 2630 2688 2843 2743; x_wconf 87' lang='lat' dir='ltr'><strong>liberos</strong></span> <span class='ocrx_word' id='word_1_438' title='bbox 2876 2686 3247 2758; x_wconf 87' lang='lat' dir='ltr'><strong>superstites,</strong></span> 
     </span>
    </p>
   </div>
   <div class='ocr_carea' id='block_1_87' title="bbox 2078 2774 3347 2846">
    <p class='ocr_par' dir='ltr' id='par_1_87' title="bbox 2078 2774 3347 2846">
     <span class='ocr_line' id='line_1_87' title="bbox 2078 2774 3347 2846; baseline -0.002 -16"><span class='ocrx_word' id='word_1_439' title='bbox 2078 2777 2394 2831; x_wconf 86' lang='lat' dir='ltr'><strong>Robertum</strong></span> <span class='ocrx_word' id='word_1_440' title='bbox 2423 2781 2478 2831; x_wconf 89' lang='lat' dir='ltr'><strong>et</strong></span> <span class='ocrx_word' id='word_1_441' title='bbox 2510 2776 2843 2846; x_wconf 88' lang='lat' dir='ltr'><strong>Philippum</strong></span> <span class='ocrx_word' id='word_1_442' title='bbox 2877 2792 2942 2831; x_wconf 90' lang='lat' dir='ltr'><strong>ao</strong></span> <span class='ocrx_word' id='word_1_443' title='bbox 2977 2774 3347 2840; x_wconf 88' lang='lat' dir='ltr'><strong>Balduinum,</strong></span> 
     </span>
    </p>
   </div>
   <div class='ocr_carea' id='block_1_88' title="bbox 2079 2863 3170 2935">
    <p class='ocr_par' dir='ltr' id='par_1_88' title="bbox 2079 2863 3170 2935">
     <span class='ocr_line' id='line_1_88' title="bbox 2079 2863 3170 2935; baseline -0.002 -17"><span class='ocrx_word' id='word_1_444' title='bbox 2079 2869 2354 2935; x_wconf 69' lang='lat' dir='ltr'><strong>praeterea</strong></span> <span class='ocrx_word' id='word_1_445' title='bbox 2384 2863 2561 2918; x_wconf 90' lang='lat' dir='ltr'><strong>ﬁliam</strong></span> <span class='ocrx_word' id='word_1_446' title='bbox 2598 2864 2875 2919; x_wconf 85' lang='lat' dir='ltr'><strong>feminam</strong></span> <span class='ocrx_word' id='word_1_447' title='bbox 2908 2864 3170 2918; x_wconf 89' lang='lat' dir='ltr'><strong>Mariam.</strong></span> 
     </span>
    </p>
   </div>
   <div class='ocr_carea' id='block_1_89' title="bbox 2078 2952 3252 3022">
    <p class='ocr_par' dir='ltr' id='par_1_89' title="bbox 2078 2952 3252 3022">
     <span class='ocr_line' id='line_1_89' title="bbox 2078 2952 3252 3022; baseline -0.004 -15"><span class='ocrx_word' id='word_1_448' title='bbox 2078 2954 2158 3007; x_wconf 83' lang='lat' dir='ltr'><strong>Ex</strong></span> <span class='ocrx_word' id='word_1_449' title='bbox 2188 2952 2281 3006; x_wconf 90' lang='lat' dir='ltr'><strong>his</strong></span> <span class='ocrx_word' id='word_1_450' title='bbox 2312 2952 2601 3006; x_wconf 83' lang='lat' dir='ltr'><strong>Robertus</strong></span> <span class='ocrx_word' id='word_1_451' title='bbox 2635 2952 2940 3022; x_wconf 88' lang='lat' dir='ltr'><strong>imperavit</strong></span> <span class='ocrx_word' id='word_1_452' title='bbox 2970 2952 3252 3020; x_wconf 84' lang='lat' dir='ltr'><strong>Byzantii,</strong></span> 
     </span>
    </p>
   </div>
   <div class='ocr_carea' id='block_1_90' title="bbox 2080 3040 3346 3112">
    <p class='ocr_par' dir='ltr' id='par_1_90' title="bbox 2080 3040 3346 3112">
     <span class='ocr_line' id='line_1_90' title="bbox 2080 3040 3346 3112; baseline -0.002 -15"><span class='ocrx_word' id='word_1_453' title='bbox 2080 3044 2179 3097; x_wconf 91' lang='lat' dir='ltr'><strong>sed</strong></span> <span class='ocrx_word' id='word_1_454' title='bbox 2213 3042 2635 3097; x_wconf 84' lang='lat' dir='ltr'><strong>administrans</strong></span> <span class='ocrx_word' id='word_1_455' title='bbox 2666 3043 2872 3112; x_wconf 88' lang='lat' dir='ltr'><strong>ignave</strong></span> <span class='ocrx_word' id='word_1_456' title='bbox 2901 3040 3346 3112; x_wconf 86' lang='lat' dir='ltr'><strong>rempublicam,</strong></span> 
     </span>
    </p>
   </div>
   <div class='ocr_carea' id='block_1_91' title="bbox 2080 3130 3254 3202">
    <p class='ocr_par' dir='ltr' id='par_1_91' title="bbox 2080 3130 3254 3202">
     <span class='ocr_line' id='line_1_91' title="bbox 2080 3130 3254 3202; baseline -0.002 -17"><span class='ocrx_word' id='word_1_457' title='bbox 2080 3136 2211 3202; x_wconf 88' lang='lat' dir='ltr'><strong>post</strong></span> <span class='ocrx_word' id='word_1_458' title='bbox 2236 3130 2353 3186; x_wconf 88' lang='lat' dir='ltr'><strong>vita</strong></span> <span class='ocrx_word' id='word_1_459' title='bbox 2380 3133 2646 3186; x_wconf 81' lang='lat' dir='ltr'><strong>{unctum</strong></span> <span class='ocrx_word' id='word_1_460' title='bbox 2679 3130 2960 3185; x_wconf 64' lang='lat' dir='ltr'><strong>Casarem</strong></span> <span class='ocrx_word' id='word_1_461' title='bbox 2992 3130 3254 3184; x_wconf 89' lang='lat' dir='ltr'><strong>Erricum</strong></span> 
     </span>
    </p>
   </div>
   <div class='ocr_carea' id='block_1_92' title="bbox 2081 3218 3323 3291">
    <p class='ocr_par' dir='ltr' id='par_1_92' title="bbox 2081 3218 3323 3291">
     <span class='ocr_line' id='line_1_92' title="bbox 2081 3218 3323 3291; baseline -0.002 -17"><span class='ocrx_word' id='word_1_462' title='bbox 2081 3224 2385 3274; x_wconf 89' lang='lat' dir='ltr'><strong>strenuum</strong></span> <span class='ocrx_word' id='word_1_463' title='bbox 2419 3218 2605 3274; x_wconf 84' lang='lat' dir='ltr'><strong>virum</strong></span> <span class='ocrx_word' id='word_1_464' title='bbox 2633 3226 2687 3275; x_wconf 87' lang='lat' dir='ltr'><strong>et</strong></span> <span class='ocrx_word' id='word_1_465' title='bbox 2715 3219 2887 3291; x_wconf 87' lang='lat' dir='ltr'><strong>plane</strong></span> <span class='ocrx_word' id='word_1_466' title='bbox 2916 3219 3323 3274; x_wconf 79' lang='lat' dir='ltr'><strong>fortissimum.</strong></span> 
     </span>
    </p>
   </div>
   <div class='ocr_carea' id='block_1_93' title="bbox 2080 3314 3256 3386">
    <p class='ocr_par' dir='ltr' id='par_1_93' title="bbox 2080 3314 3256 3386">
     <span class='ocr_line' id='line_1_93' title="bbox 2080 3314 3256 3386; baseline -0.002 -17"><span class='ocrx_word' id='word_1_467' title='bbox 2080 3315 2216 3369; x_wconf 88' lang='lat' dir='ltr'><strong>Post</strong></span> <span class='ocrx_word' id='word_1_468' title='bbox 2246 3314 2409 3369; x_wconf 90' lang='lat' dir='ltr'><strong>illum</strong></span> <span class='ocrx_word' id='word_1_469' title='bbox 2444 3316 2617 3370; x_wconf 79' lang='lat' dir='ltr'><strong>frater</strong></span> <span class='ocrx_word' id='word_1_470' title='bbox 2646 3316 2907 3386; x_wconf 89' lang='lat' dir='ltr'><strong>regnavit</strong></span> <span class='ocrx_word' id='word_1_471' title='bbox 2937 3314 3256 3370; x_wconf 91' lang='lat' dir='ltr'><strong>Balduinus</strong></span> 
     </span>
    </p>
   </div>
   <div class='ocr_carea' id='block_1_94' title="bbox 2084 3405 3365 3476">
    <p class='ocr_par' dir='ltr' id='par_1_94' title="bbox 2084 3405 3365 3476">
     <span class='ocr_line' id='line_1_94' title="bbox 2084 3405 3365 3476; baseline 0 -18"><span class='ocrx_word' id='word_1_472' title='bbox 2084 3405 2381 3459; x_wconf 90' lang='lat' dir='ltr'><strong>modestus</strong></span> <span class='ocrx_word' id='word_1_473' title='bbox 2412 3406 2496 3459; x_wconf 88' lang='lat' dir='ltr'><strong>vir</strong></span> <span class='ocrx_word' id='word_1_474' title='bbox 2526 3409 2581 3459; x_wconf 87' lang='lat' dir='ltr'><strong>et</strong></span> <span class='ocrx_word' id='word_1_475' title='bbox 2611 3410 2945 3476; x_wconf 90' lang='lat' dir='ltr'><strong>temperans</strong></span> <span class='ocrx_word' id='word_1_476' title='bbox 2977 3422 3041 3460; x_wconf 92' lang='lat' dir='ltr'><strong>ac</strong></span> <span class='ocrx_word' id='word_1_477' title='bbox 3071 3406 3365 3476; x_wconf 85' lang='lat' dir='ltr'><strong>gratiosus</strong></span> 
     </span>
    </p>
   </div>
   <div class='ocr_carea' id='block_1_95' title="bbox 2082 3492 3225 3562">
    <p class='ocr_par' dir='ltr' id='par_1_95' title="bbox 2082 3492 3225 3562">
     <span class='ocr_line' id='line_1_95' title="bbox 2082 3492 3225 3562; baseline 0.003 -18"><span class='ocrx_word' id='word_1_478' title='bbox 2082 3507 2197 3561; x_wconf 92' lang='lat' dir='ltr'><strong>quo</strong></span> <span class='ocrx_word' id='word_1_479' title='bbox 2228 3492 2588 3562; x_wconf 90' lang='lat' dir='ltr'><strong>dominante,</strong></span> <span class='ocrx_word' id='word_1_480' title='bbox 2621 3492 2988 3547; x_wconf 89' lang='lat' dir='ltr'><strong>Constantini</strong></span> <span class='ocrx_word' id='word_1_481' title='bbox 3020 3492 3225 3548; x_wconf 85' lang='lat' dir='ltr'><strong>civitas</strong></span> 
     </span>
    </p>
   </div>
   <div class='ocr_carea' id='block_1_96' title="bbox 2084 3580 3141 3652">
    <p class='ocr_par' dir='ltr' id='par_1_96' title="bbox 2084 3580 3141 3652">
     <span class='ocr_line' id='line_1_96' title="bbox 2084 3580 3141 3652; baseline 0.003 -19"><span class='ocrx_word' id='word_1_482' title='bbox 2084 3581 2153 3633; x_wconf 92' lang='lat' dir='ltr'><strong>ad</strong></span> <span class='ocrx_word' id='word_1_483' title='bbox 2185 3580 2578 3636; x_wconf 80' lang='lat' dir='ltr'><strong>Romanorum</strong></span> <span class='ocrx_word' id='word_1_484' title='bbox 2606 3582 2776 3636; x_wconf 90' lang='lat' dir='ltr'><strong>rediit</strong></span> <span class='ocrx_word' id='word_1_485' title='bbox 2807 3582 3141 3652; x_wconf 89' lang='lat' dir='ltr'><strong>imperium.</strong></span> 
     </span>
    </p>
   </div>
   <div class='ocr_carea' id='block_1_97' title="bbox 2088 3667 3131 3741">
    <p class='ocr_par' dir='ltr' id='par_1_97' title="bbox 2088 3667 3131 3741">
     <span class='ocr_line' id='line_1_97' title="bbox 2088 3667 3131 3741; baseline 0.003 -19"><span class='ocrx_word' id='word_1_486' title='bbox 2088 3667 2229 3722; x_wconf 88' lang='lat' dir='ltr'><strong>Petri</strong></span> <span class='ocrx_word' id='word_1_487' title='bbox 2264 3669 2440 3722; x_wconf 88' lang='lat' dir='ltr'><strong>Maria</strong></span> <span class='ocrx_word' id='word_1_488' title='bbox 2470 3670 2589 3724; x_wconf 90' lang='lat' dir='ltr'><strong>ﬁlia</strong></span> <span class='ocrx_word' id='word_1_489' title='bbox 2620 3670 2867 3741; x_wconf 89' lang='lat' dir='ltr'><strong>nuptiali</strong></span> <span class='ocrx_word' id='word_1_490' title='bbox 2900 3671 3131 3725; x_wconf 91' lang='lat' dir='ltr'><strong>vinculo</strong></span> 
     </span>
    </p>
   </div>
   <div class='ocr_carea' id='block_1_98' title="bbox 2083 3755 3108 3831">
    <p class='ocr_par' dir='ltr' id='par_1_98' title="bbox 2083 3755 3108 3831">
     <span class='ocr_line' id='line_1_98' title="bbox 2083 3755 3108 3831; baseline 0.004 -22"><span class='ocrx_word' id='word_1_491' title='bbox 2083 3755 2419 3827; x_wconf 88' lang='lat' dir='ltr'><strong>imperatori</strong></span> <span class='ocrx_word' id='word_1_492' title='bbox 2452 3758 2677 3812; x_wconf 87' lang='lat' dir='ltr'><strong>Lascari</strong></span> <span class='ocrx_word' id='word_1_493' title='bbox 2709 3760 3108 3831; x_wconf 82' lang='lat' dir='ltr'><strong>conjungitur,</strong></span> 
     </span>
    </p>
   </div>
   <div class='ocr_carea' id='block_1_99' title="bbox 2085 3845 3399 3915">
    <p class='ocr_par' dir='ltr' id='par_1_99' title="bbox 2085 3845 3399 3915">
     <span class='ocr_line' id='line_1_99' title="bbox 2085 3845 3399 3915; baseline 0.004 -17"><span class='ocrx_word' id='word_1_494' title='bbox 2085 3845 2184 3915; x_wconf 91' lang='lat' dir='ltr'><strong>qui</strong></span> <span class='ocrx_word' id='word_1_495' title='bbox 2218 3861 2453 3900; x_wconf 85' lang='lat' dir='ltr'><strong>uxorem</strong></span> <span class='ocrx_word' id='word_1_496' title='bbox 2486 3845 2735 3915; x_wconf 86' lang='lat' dir='ltr'><strong>primam</strong></span> <span class='ocrx_word' id='word_1_497' title='bbox 2770 3848 3001 3903; x_wconf 84' lang='lat' dir='ltr'><strong>ﬂeverat</strong></span> <span class='ocrx_word' id='word_1_498' title='bbox 3030 3848 3399 3912; x_wconf 78' lang='lat' dir='ltr'><strong>exstinctam,</strong></span> 
     </span>
    </p>
   </div>
   <div class='ocr_carea' id='block_1_100' title="bbox 2086 3933 3260 4005">
    <p class='ocr_par' dir='ltr' id='par_1_100' title="bbox 2086 3933 3260 4005">
     <span class='ocr_line' id='line_1_100' title="bbox 2086 3933 3260 4005; baseline 0.001 -17"><span class='ocrx_word' id='word_1_499' title='bbox 2086 3934 2403 3989; x_wconf 88' lang='lat' dir='ltr'><strong>secundam</strong></span> <span class='ocrx_word' id='word_1_500' title='bbox 2435 3942 2621 3988; x_wconf 89' lang='lat' dir='ltr'><strong>autem</strong></span> <span class='ocrx_word' id='word_1_501' title='bbox 2656 3933 2829 3988; x_wconf 87' lang='lat' dir='ltr'><strong>Cilica</strong></span> <span class='ocrx_word' id='word_1_502' title='bbox 2860 3939 3031 4005; x_wconf 88' lang='lat' dir='ltr'><strong>gente</strong></span> <span class='ocrx_word' id='word_1_503' title='bbox 3062 3940 3260 3989; x_wconf 86' lang='lat' dir='ltr'><strong>natam</strong></span> 
     </span>
    </p>
   </div>
   <div class='ocr_carea' id='block_1_101' title="bbox 2086 4022 3311 4093">
    <p class='ocr_par' dir='ltr' id='par_1_101' title="bbox 2086 4022 3311 4093">
     <span class='ocr_line' id='line_1_101' title="bbox 2086 4022 3311 4093; baseline 0.002 -17"><span class='ocrx_word' id='word_1_504' title='bbox 2086 4024 2279 4076; x_wconf 88' lang='lat' dir='ltr'><strong>nescio</strong></span> <span class='ocrx_word' id='word_1_505' title='bbox 2311 4039 2425 4092; x_wconf 93' lang='lat' dir='ltr'><strong>quo</strong></span> <span class='ocrx_word' id='word_1_506' title='bbox 2456 4022 2587 4076; x_wconf 90' lang='lat' dir='ltr'><strong>odio</strong></span> <span class='ocrx_word' id='word_1_507' title='bbox 2618 4024 2675 4076; x_wconf 91' lang='lat' dir='ltr'><strong>in</strong></span> <span class='ocrx_word' id='word_1_508' title='bbox 2708 4024 2954 4093; x_wconf 85' lang='lat' dir='ltr'><strong>patriam</strong></span> <span class='ocrx_word' id='word_1_509' title='bbox 2989 4024 3311 4080; x_wconf 85' lang='lat' dir='ltr'><strong>remiserat.</strong></span> 
     </span>
    </p>
   </div>
   <div class='ocr_carea' id='block_1_102' title="bbox 2084 4118 3263 4191">
    <p class='ocr_par' dir='ltr' id='par_1_102' title="bbox 2084 4118 3263 4191">
     <span class='ocr_line' id='line_1_102' title="bbox 2084 4118 3263 4191; baseline 0.003 -19"><span class='ocrx_word' id='word_1_510' title='bbox 2084 4118 2242 4173; x_wconf 90' lang='lat' dir='ltr'><strong>Idem</strong></span> <span class='ocrx_word' id='word_1_511' title='bbox 2276 4118 2586 4173; x_wconf 79' lang='lat' dir='ltr'><strong>Robertum</strong></span> <span class='ocrx_word' id='word_1_512' title='bbox 2620 4120 2889 4190; x_wconf 76' lang='lat' dir='ltr'><strong>conjugis</strong></span> <span class='ocrx_word' id='word_1_513' title='bbox 2919 4136 3263 4191; x_wconf 88' lang='lat' dir='ltr'><strong>germanum</strong></span> 
     </span>
    </p>
   </div>
   <div class='ocr_carea' id='block_1_103' title="bbox 2084 4207 3294 4278">
    <p class='ocr_par' dir='ltr' id='par_1_103' title="bbox 2084 4207 3294 4278">
     <span class='ocr_line' id='line_1_103' title="bbox 2084 4207 3294 4278; baseline 0.002 -17"><span class='ocrx_word' id='word_1_514' title='bbox 2084 4207 2321 4278; x_wconf 82' lang='lat' dir='ltr'><strong>optabat</strong></span> <span class='ocrx_word' id='word_1_515' title='bbox 2349 4223 2649 4277; x_wconf 85' lang='lat' dir='ltr'><strong>generum,</strong></span> <span class='ocrx_word' id='word_1_516' title='bbox 2678 4214 2880 4263; x_wconf 90' lang='lat' dir='ltr'><strong>contra</strong></span> <span class='ocrx_word' id='word_1_517' title='bbox 2911 4211 2996 4264; x_wconf 89' lang='lat' dir='ltr'><strong>fas</strong></span> <span class='ocrx_word' id='word_1_518' title='bbox 3026 4209 3294 4264; x_wconf 64' lang='lat' dir='ltr'><strong>Ecclesia</strong></span> 
     </span>
    </p>
   </div>
   <div class='ocr_carea' id='block_1_104' title="bbox 2077 4295 3187 4366">
    <p class='ocr_par' dir='ltr' id='par_1_104' title="bbox 2077 4295 3187 4366">
     <span class='ocr_line' id='line_1_104' title="bbox 2077 4295 3187 4366; baseline 0.004 -18"><span class='ocrx_word' id='word_1_519' title='bbox 2077 4295 2342 4366; x_wconf 88' lang='lat' dir='ltr'><strong>jugando</strong></span> <span class='ocrx_word' id='word_1_520' title='bbox 2374 4296 2604 4351; x_wconf 87' lang='lat' dir='ltr'><strong>tertiam</strong></span> <span class='ocrx_word' id='word_1_521' title='bbox 2638 4297 2819 4353; x_wconf 83' lang='lat' dir='ltr'><strong>ﬁliam</strong></span> <span class='ocrx_word' id='word_1_522' title='bbox 2853 4299 3187 4354; x_wconf 86' lang='lat' dir='ltr'><strong>Eudociam.</strong></span> 
     </span>
    </p>
   </div>
   <div class='ocr_carea' id='block_1_105' title="bbox 2084 4384 3162 4458">
    <p class='ocr_par' dir='ltr' id='par_1_105' title="bbox 2084 4384 3162 4458">
     <span class='ocr_line' id='line_1_105' title="bbox 2084 4384 3162 4458; baseline 0.002 -21"><span class='ocrx_word' id='word_1_523' title='bbox 2084 4384 2225 4438; x_wconf 91' lang='lat' dir='ltr'><strong>Cum</strong></span> <span class='ocrx_word' id='word_1_524' title='bbox 2254 4384 2517 4440; x_wconf 87' lang='lat' dir='ltr'><strong>Manuele</strong></span> <span class='ocrx_word' id='word_1_525' title='bbox 2548 4387 2876 4457; x_wconf 88' lang='lat' dir='ltr'><strong>patriarcha</strong></span> <span class='ocrx_word' id='word_1_526' title='bbox 2900 4388 3162 4458; x_wconf 85' lang='lat' dir='ltr'><strong>jurgium</strong></span> 
     </span>
    </p>
   </div>
   <div class='ocr_carea' id='block_1_106' title="bbox 2086 4472 3309 4548">
    <p class='ocr_par' dir='ltr' id='par_1_106' title="bbox 2086 4472 3309 4548">
     <span class='ocr_line' id='line_1_106' title="bbox 2086 4472 3309 4548; baseline 0.007 -24"><span class='ocrx_word' id='word_1_527' title='bbox 2086 4472 2219 4525; x_wconf 90' lang='lat' dir='ltr'><strong>hinc</strong></span> <span class='ocrx_word' id='word_1_528' title='bbox 2250 4476 2444 4526; x_wconf 91' lang='lat' dir='ltr'><strong>ortum</strong></span> <span class='ocrx_word' id='word_1_529' title='bbox 2479 4478 2586 4543; x_wconf 88' lang='lat' dir='ltr'><strong>est,</strong></span> <span class='ocrx_word' id='word_1_530' title='bbox 2620 4474 2965 4546; x_wconf 89' lang='lat' dir='ltr'><strong>philosopho</strong></span> <span class='ocrx_word' id='word_1_531' title='bbox 2993 4476 3309 4548; x_wconf 88' lang='lat' dir='ltr'><strong>appellato,</strong></span> 
     </span>
    </p>
   </div>
   <div class='ocr_carea' id='block_1_107' title="bbox 2010 4560 3286 4655">
    <p class='ocr_par' dir='ltr' id='par_1_107' title="bbox 2010 4560 3286 4655">
     <span class='ocr_line' id='line_1_107' title="bbox 2010 4560 3286 4655; baseline 0.003 -41"><span class='ocrx_word' id='word_1_532' title='bbox 2010 4589 2055 4655; x_wconf 69' lang='grc' dir='ltr'>Β</span> <span class='ocrx_word' id='word_1_533' title='bbox 2088 4560 2425 4631; x_wconf 86' lang='lat' dir='ltr'><strong>hujusmodi</strong></span> <span class='ocrx_word' id='word_1_534' title='bbox 2455 4566 2685 4617; x_wconf 88' lang='lat' dir='ltr'><strong>vetante</strong></span> <span class='ocrx_word' id='word_1_535' title='bbox 2716 4580 2786 4618; x_wconf 91' lang='lat' dir='ltr'><strong>ne</strong></span> <span class='ocrx_word' id='word_1_536' title='bbox 2816 4566 3022 4619; x_wconf 86' lang='lat' dir='ltr'><strong>ﬁerent</strong></span> <span class='ocrx_word' id='word_1_537' title='bbox 3051 4564 3286 4635; x_wconf 66' lang='lat' dir='ltr'><strong>nuptiis.</strong></span> 
     </span>
    </p>
   </div>
   <div class='ocr_carea' id='block_1_108' title="bbox 2093 4650 3366 4723">
    <p class='ocr_par' dir='ltr' id='par_1_108' title="bbox 2093 4650 3366 4723">
     <span class='ocr_line' id='line_1_108' title="bbox 2093 4650 3366 4723; baseline 0.004 -19"><span class='ocrx_word' id='word_1_538' title='bbox 2093 4650 2203 4705; x_wconf 91' lang='lat' dir='ltr'><strong>Sed</strong></span> <span class='ocrx_word' id='word_1_539' title='bbox 2235 4656 2388 4706; x_wconf 87' lang='lat' dir='ltr'><strong>Deus</strong></span> <span class='ocrx_word' id='word_1_540' title='bbox 2418 4651 2651 4721; x_wconf 90' lang='lat' dir='ltr'><strong>abrupit</strong></span> <span class='ocrx_word' id='word_1_541' title='bbox 2679 4652 2947 4708; x_wconf 77' lang='lat' dir='ltr'><strong>illicitum</strong></span> <span class='ocrx_word' id='word_1_542' title='bbox 2981 4653 3316 4723; x_wconf 81' lang='lat' dir='ltr'><strong>conjugium</strong></span> <span class='ocrx_word' id='word_1_543' title='bbox 3352 4669 3366 4709; x_wconf 87' lang='lat'><strong>:</strong></span> 
     </span>
    </p>
   </div>
   <div class='ocr_carea' id='block_1_109' title="bbox 2094 4740 3240 4813">
    <p class='ocr_par' dir='ltr' id='par_1_109' title="bbox 2094 4740 3240 4813">
     <span class='ocr_line' id='line_1_109' title="bbox 2094 4740 3240 4813; baseline 0.003 -20"><span class='ocrx_word' id='word_1_544' title='bbox 2094 4740 2254 4811; x_wconf 91' lang='lat' dir='ltr'><strong>prius</strong></span> <span class='ocrx_word' id='word_1_545' title='bbox 2286 4757 2461 4810; x_wconf 89' lang='lat' dir='ltr'><strong>quam</strong></span> <span class='ocrx_word' id='word_1_546' title='bbox 2494 4742 2648 4795; x_wconf 90' lang='lat' dir='ltr'><strong>enim</strong></span> <span class='ocrx_word' id='word_1_547' title='bbox 2682 4742 2866 4809; x_wconf 87' lang='lat' dir='ltr'><strong>ﬁeret,</strong></span> <span class='ocrx_word' id='word_1_548' title='bbox 2895 4742 3021 4813; x_wconf 90' lang='lat' dir='ltr'><strong>ipse</strong></span> <span class='ocrx_word' id='word_1_549' title='bbox 3051 4743 3240 4797; x_wconf 73' lang='lat' dir='ltr'><strong>Caesar</strong></span> 
     </span>
    </p>
   </div>
   <div class='ocr_carea' id='block_1_110' title="bbox 2091 4828 3191 4902">
    <p class='ocr_par' dir='ltr' id='par_1_110' title="bbox 2091 4828 3191 4902">
     <span class='ocr_line' id='line_1_110' title="bbox 2091 4828 3191 4902; baseline 0.003 -19"><span class='ocrx_word' id='word_1_550' title='bbox 2091 4829 2359 4884; x_wconf 75' lang='lat' dir='ltr'><strong>humanae</strong></span> <span class='ocrx_word' id='word_1_551' title='bbox 2388 4828 2517 4883; x_wconf 71' lang='lat' dir='ltr'><strong>vitae</strong></span> <span class='ocrx_word' id='word_1_552' title='bbox 2546 4831 2859 4885; x_wconf 90' lang='lat' dir='ltr'><strong>terminum</strong></span> <span class='ocrx_word' id='word_1_553' title='bbox 2894 4831 3191 4902; x_wconf 84' lang='lat' dir='ltr'><strong>imposuit.</strong></span> 
     </span>
    </p>
   </div>
   <div class='ocr_carea' id='block_1_111' title="bbox 2091 4927 3227 4999">
    <p class='ocr_par' dir='ltr' id='par_1_111' title="bbox 2091 4927 3227 4999">
     <span class='ocr_line' id='line_1_111' title="bbox 2091 4927 3227 4999; baseline 0.001 -16"><span class='ocrx_word' id='word_1_554' title='bbox 2091 4932 2368 4983; x_wconf 77' lang='lat' dir='ltr'><strong>Caeterum</strong></span> <span class='ocrx_word' id='word_1_555' title='bbox 2398 4927 2586 4982; x_wconf 88' lang='lat' dir='ltr'><strong>adhuc</strong></span> <span class='ocrx_word' id='word_1_556' title='bbox 2615 4928 2937 4999; x_wconf 87' lang='lat' dir='ltr'><strong>imperante</strong></span> <span class='ocrx_word' id='word_1_557' title='bbox 2970 4934 3227 4999; x_wconf 89' lang='lat' dir='ltr'><strong>Lascare,</strong></span> 
     </span>
    </p>
   </div>
   <div class='ocr_carea' id='block_1_112' title="bbox 2094 5014 3136 5087">
    <p class='ocr_par' dir='ltr' id='par_1_112' title="bbox 2094 5014 3136 5087">
     <span class='ocr_line' id='line_1_112' title="bbox 2094 5014 3136 5087; baseline 0.002 -17"><span class='ocrx_word' id='word_1_558' title='bbox 2094 5014 2388 5071; x_wconf 85' lang='lat' dir='ltr'><strong>molestias</strong></span> <span class='ocrx_word' id='word_1_559' title='bbox 2418 5014 2655 5085; x_wconf 88' lang='lat' dir='ltr'><strong>multas,</strong></span> <span class='ocrx_word' id='word_1_560' title='bbox 2686 5016 2883 5087; x_wconf 65' lang='lat' dir='ltr'><strong>praelia</strong></span> <span class='ocrx_word' id='word_1_561' title='bbox 2908 5016 3136 5072; x_wconf 88' lang='lat' dir='ltr'><strong>diutina</strong></span> 
     </span>
    </p>
   </div>
   <div class='ocr_carea' id='block_1_113' title="bbox 2093 5103 3230 5177">
    <p class='ocr_par' dir='ltr' id='par_1_113' title="bbox 2093 5103 3230 5177">
     <span class='ocr_line' id='line_1_113' title="bbox 2093 5103 3230 5177; baseline 0.004 -20"><span class='ocrx_word' id='word_1_562' title='bbox 2093 5104 2346 5175; x_wconf 83' lang='lat' dir='ltr'><strong>Byzantii</strong></span> <span class='ocrx_word' id='word_1_563' title='bbox 2381 5103 2654 5159; x_wconf 89' lang='lat' dir='ltr'><strong>dominus</strong></span> <span class='ocrx_word' id='word_1_564' title='bbox 2684 5105 2919 5161; x_wconf 87' lang='lat' dir='ltr'><strong>Erricus</strong></span> <span class='ocrx_word' id='word_1_565' title='bbox 2950 5105 3230 5177; x_wconf 55' lang='lat' dir='ltr'><strong>exhibuit,</strong></span> 
     </span>
    </p>
   </div>
   <div class='ocr_carea' id='block_1_114' title="bbox 2093 5171 3278 5264">
    <p class='ocr_par' dir='ltr' id='par_1_114' title="bbox 2093 5171 3278 5264">
     <span class='ocr_line' id='line_1_114' title="bbox 2093 5171 3278 5264; baseline 0.002 -16"><span class='ocrx_word' id='word_1_566' title='bbox 2093 5171 2232 5248; x_wconf 80' lang='lat' dir='ltr'><strong>dum</strong></span> <span class='ocrx_word' id='word_1_567' title='bbox 2264 5193 2374 5247; x_wconf 91' lang='lat' dir='ltr'><strong>sibi</strong></span> <span class='ocrx_word' id='word_1_568' title='bbox 2407 5193 2668 5248; x_wconf 86' lang='lat' dir='ltr'><strong>Romana</strong></span> <span class='ocrx_word' id='word_1_569' title='bbox 2701 5194 2915 5264; x_wconf 91' lang='lat' dir='ltr'><strong>oppida</strong></span> <span class='ocrx_word' id='word_1_570' title='bbox 2944 5171 3278 5264; x_wconf 73' lang='lat' dir='ltr'><strong>subjiceret,</strong></span> 
     </span>
    </p>
   </div>
   <div class='ocr_carea' id='block_1_115' title="bbox 2094 5282 3179 5354">
    <p class='ocr_par' dir='ltr' id='par_1_115' title="bbox 2094 5282 3179 5354">
     <span class='ocr_line' id='line_1_115' title="bbox 2094 5282 3179 5354; baseline 0.004 -18"><span class='ocrx_word' id='word_1_571' title='bbox 2094 5299 2196 5337; x_wconf 90' lang='lat' dir='ltr'><strong>sus</strong></span> <span class='ocrx_word' id='word_1_572' title='bbox 2228 5282 2411 5352; x_wconf 92' lang='lat' dir='ltr'><strong>deque</strong></span> <span class='ocrx_word' id='word_1_573' title='bbox 2440 5282 2613 5336; x_wconf 88' lang='lat' dir='ltr'><strong>urbes</strong></span> <span class='ocrx_word' id='word_1_574' title='bbox 2642 5282 2939 5354; x_wconf 88' lang='lat' dir='ltr'><strong>diriperet,</strong></span> <span class='ocrx_word' id='word_1_575' title='bbox 2966 5288 3179 5353; x_wconf 86' lang='lat' dir='ltr'><strong>ageret.</strong></span> 
     </span>
    </p>
   </div>
   <div class='ocr_carea' id='block_1_116' title="bbox 2093 5371 3180 5441">
    <p class='ocr_par' dir='ltr' id='par_1_116' title="bbox 2093 5371 3180 5441">
     <span class='ocr_line' id='line_1_116' title="bbox 2093 5371 3180 5441; baseline 0.003 -19"><span class='ocrx_word' id='word_1_576' title='bbox 2093 5371 2196 5423; x_wconf 87' lang='lat' dir='ltr'><strong>Vir</strong></span> <span class='ocrx_word' id='word_1_577' title='bbox 2226 5371 2379 5425; x_wconf 91' lang='lat' dir='ltr'><strong>enim</strong></span> <span class='ocrx_word' id='word_1_578' title='bbox 2409 5375 2531 5425; x_wconf 88' lang='lat' dir='ltr'><strong>erat</strong></span> <span class='ocrx_word' id='word_1_579' title='bbox 2560 5371 2786 5437; x_wconf 80' lang='lat' dir='ltr'><strong>efﬁcax,</strong></span> <span class='ocrx_word' id='word_1_580' title='bbox 2816 5372 2947 5425; x_wconf 87' lang='lat' dir='ltr'><strong>forti</strong></span> <span class='ocrx_word' id='word_1_581' title='bbox 2982 5389 3180 5441; x_wconf 89' lang='lat' dir='ltr'><strong>manu,</strong></span> 
     </span>
    </p>
   </div>
   <div class='ocr_carea' id='block_1_117' title="bbox 2097 5460 3415 5531">
    <p class='ocr_par' dir='ltr' id='par_1_117' title="bbox 2097 5460 3415 5531">
     <span class='ocr_line' id='line_1_117' title="bbox 2097 5460 3415 5531; baseline 0.001 -18"><span class='ocrx_word' id='word_1_582' title='bbox 2097 5461 2286 5514; x_wconf 89' lang='lat' dir='ltr'><strong>alacer</strong></span> <span class='ocrx_word' id='word_1_583' title='bbox 2316 5460 2383 5512; x_wconf 87' lang='lat' dir='ltr'><strong>ad</strong></span> <span class='ocrx_word' id='word_1_584' title='bbox 2415 5475 2638 5529; x_wconf 84' lang='lat' dir='ltr'><strong>pugnas</strong></span> <span class='ocrx_word' id='word_1_585' title='bbox 2672 5474 2923 5529; x_wconf 89' lang='lat' dir='ltr'><strong>semper,</strong></span> <span class='ocrx_word' id='word_1_586' title='bbox 2957 5465 3013 5514; x_wconf 90' lang='lat' dir='ltr'>et</span> <span class='ocrx_word' id='word_1_587' title='bbox 3044 5460 3211 5513; x_wconf 82' lang='lat' dir='ltr'><strong>Marti</strong></span> <span class='ocrx_word' id='word_1_588' title='bbox 3245 5462 3368 5531; x_wconf 89' lang='lat' dir='ltr'><strong>pari</strong></span> <span class='ocrx_word' id='word_1_589' title='bbox 3403 5477 3415 5514; x_wconf 86' lang='lat'><strong>:</strong></span> 
     </span>
    </p>
   </div>
   <div class='ocr_carea' id='block_1_118' title="bbox 2099 5547 3352 5618">
    <p class='ocr_par' dir='ltr' id='par_1_118' title="bbox 2099 5547 3352 5618">
     <span class='ocr_line' id='line_1_118' title="bbox 2099 5547 3352 5618; baseline 0.001 -17"><span class='ocrx_word' id='word_1_590' title='bbox 2099 5549 2196 5618; x_wconf 90' lang='lat' dir='ltr'><strong>qui</strong></span> <span class='ocrx_word' id='word_1_591' title='bbox 2228 5564 2360 5601; x_wconf 91' lang='lat' dir='ltr'><strong>cum</strong></span> <span class='ocrx_word' id='word_1_592' title='bbox 2391 5548 2682 5601; x_wconf 82' lang='lat' dir='ltr'><strong>Romanos</strong></span> <span class='ocrx_word' id='word_1_593' title='bbox 2710 5547 3041 5602; x_wconf 87' lang='lat' dir='ltr'><strong>laborantes</strong></span> <span class='ocrx_word' id='word_1_594' title='bbox 3073 5555 3352 5616; x_wconf 88' lang='lat' dir='ltr'><strong>cerneret,</strong></span> 
     </span>
    </p>
   </div>
   <div class='ocr_carea' id='block_1_119' title="bbox 2100 5634 3432 5709">
    <p class='ocr_par' dir='ltr' id='par_1_119' title="bbox 2100 5634 3432 5709">
     <span class='ocr_line' id='line_1_119' title="bbox 2100 5634 3432 5709; baseline 0.002 -20"><span class='ocrx_word' id='word_1_595' title='bbox 2100 5634 2415 5709; x_wconf 73' lang='lat' dir='ltr'><strong>praesertim</strong></span> <span class='ocrx_word' id='word_1_596' title='bbox 2450 5636 2586 5704; x_wconf 88' lang='lat' dir='ltr'><strong>quia</strong></span> <span class='ocrx_word' id='word_1_597' title='bbox 2616 5636 2753 5690; x_wconf 90' lang='lat' dir='ltr'><strong>dum</strong></span> <span class='ocrx_word' id='word_1_598' title='bbox 2786 5638 3084 5690; x_wconf 86' lang='lat' dir='ltr'><strong>sultanum</strong></span> <span class='ocrx_word' id='word_1_599' title='bbox 3117 5636 3432 5691; x_wconf 86' lang='lat' dir='ltr'><strong>debellaret</strong></span> 
     </span>
    </p>
   </div>
   <div class='ocr_carea' id='block_1_120' title="bbox 2101 5721 3164 5793">
    <p class='ocr_par' dir='ltr' id='par_1_120' title="bbox 2101 5721 3164 5793">
     <span class='ocr_line' id='line_1_120' title="bbox 2101 5721 3164 5793; baseline -0.003 -15"><span class='ocrx_word' id='word_1_600' title='bbox 2101 5721 2363 5778; x_wconf 83' lang='lat' dir='ltr'><strong>Lascaris</strong></span> <span class='ocrx_word' id='word_1_601' title='bbox 2394 5721 2599 5790; x_wconf 67' lang='lat' dir='ltr'><strong>Caesar,</strong></span> <span class='ocrx_word' id='word_1_602' title='bbox 2628 5724 2854 5793; x_wconf 89' lang='lat' dir='ltr'><strong>equites</strong></span> <span class='ocrx_word' id='word_1_603' title='bbox 2889 5723 3164 5777; x_wconf 82' lang='lat' dir='ltr'><strong>amiserat</strong></span> 
     </span>
    </p>
   </div>
   <div class='ocr_carea' id='block_1_121' title="bbox 3610 425 3713 481">
    <p class='ocr_par' dir='ltr' id='par_1_121' title="bbox 3610 425 3713 481">
     <span class='ocr_line' id='line_1_121' title="bbox 3610 425 3713 481; baseline 0 0"><span class='ocrx_word' id='word_1_604' title='bbox 3610 425 3713 481; x_wconf 78' lang='lat'><strong>286</strong></span> 
     </span>
    </p>
   </div>
  </div>
