4136 6292
426 375 528 429 287
1633 388 1773 438 EPH
1782 386 1999 439 RBMII
2044 386 2612 445 CHRONOGRAPHI

426 498 602 554 Italos
631 499 783 554 viros
814 504 1090 555 strenuos
1125 505 1439 559 mavortios
1473 522 1486 560 ε

426 592 705 658 perpetuo
736 595 963 644 nostros
995 588 1320 646 lacessebat
1350 592 1522 649 bello.

424 676 575 741 Quin
609 692 739 729 cum
774 676 837 730 in
872 678 1091 732 ﬁnibus
1122 678 1423 735 obviarent
1452 681 1621 752 nulli,

426 767 593 818 tanta
621 768 710 818 est
742 764 931 819 elatus
961 767 1318 823 conﬁdentia
1352 770 1610 839 Erricus,

430 858 495 905 ut
524 867 711 923 usque
742 851 799 906 in
834 853 1052 908 Ioniam
1087 856 1301 911 faceret
1334 875 1613 914 excursus

430 940 673 995 vastatis
702 939 817 996 late
847 942 1016 998 terris
1049 944 1434 1015 interpositis,

434 1027 514 1083 nil
546 1028 698 1083 bello
731 1030 1016 1085 intactum
1046 1030 1343 1103 linquens,
1375 1035 1560 1090 donec
1592 1036 1822 1092 tandem

432 1133 627 1171 coram
655 1117 958 1189 Nymphaei
991 1120 1151 1192 regia
1181 1124 1496 1177 tentorium
1530 1125 1749 1195 ﬁgeret.

426 1205 534 1260 Sed
568 1222 702 1261 mox
731 1207 1073 1276 Byzantium
1106 1210 1378 1265 reducem
1412 1210 1547 1266 tulit
1576 1214 1801 1283 pedem.

426 1302 555 1357 Haec
587 1306 897 1359 Lascareos
927 1305 1224 1376 Erricique
1264 1322 1357 1362 res
1390 1308 1645 1363 luerunt.

430 1388 651 1445 Deinde
682 1392 842 1462 pacis
875 1392 1085 1447 foedere
1114 1392 1477 1461 coaluerunt,

429 1567 598 1637 cujus
630 1566 969 1637 hujusmodi
1002 1568 1370 1625 conditiones
1399 1576 1565 1625 erant
1594 1586 1607 1625 :

429 1656 647 1726 Nempe
678 1660 743 1709 ut
773 1656 914 1711 urbs
947 1656 1173 1729 Ochyra
1202 1674 1338 1713 cum
1371 1675 1508 1729 agro
1540 1676 1647 1715 suo

429 1748 487 1799 et
518 1743 651 1813 pagi
684 1743 867 1797 monti
898 1744 1256 1813 circumjecti
1289 1746 1530 1817 Cymino

426 1830 551 1902 (qui
584 1846 751 1886 mons
781 1831 853 1885 ab
884 1832 1026 1886 urbe
1056 1832 1281 1904 Ochyra
1314 1850 1427 1889 non
1461 1836 1646 1907 abest)

430 1918 646 1974 Latinis
678 1919 935 1973 dominis
968 1920 1293 1993 incolisque
1324 1923 1611 1979 cederent.

430 2008 703 2062 Calamus
736 2012 931 2062 autem
965 2026 1170 2079 pagus,
1204 2010 1357 2065 unde
1393 2011 1596 2083 incipit

432 2097 878 2151 Neocastrorum
912 2113 1038 2166 quae
1071 2098 1287 2153 dicitur
1316 2100 1632 2170 provincia,

432 2184 702 2240 neutrius
733 2186 915 2255 partis
949 2191 1105 2240 esset
1129 2203 1195 2242 ac
1222 2187 1473 2244 deserta.

434 2272 720 2345 Regiones
754 2278 949 2328 autem
984 2275 1055 2329 ad
1087 2275 1382 2331 Orientem
1417 2293 1617 2342 versae,

323 2407 327 2411 .
428 2364 739 2415 Neocastra
768 2359 1042 2416 videlicet
1073 2366 1247 2433 atque
1281 2362 1421 2417 urbs
1451 2366 1791 2434 Pergamus,

425 2450 799 2519 Celbianum,
832 2450 1084 2516 Chliara,
1118 2456 1292 2521 atque
1323 2452 1571 2520 Smyrna

428 2555 560 2593 cum
594 2537 972 2608 circumjecto
1009 2539 1310 2611 regionum
1344 2542 1523 2595 latere

430 2626 662 2680 Lascari
696 2631 910 2681 cuncta
940 2627 1150 2682 Caesari
1187 2633 1479 2697 parerent.

432 2716 597 2770 Nunc
620 2716 746 2785 jam
781 2716 889 2770 fert
919 2716 1153 2771 animus
1184 2718 1381 2771 omnia
1413 2734 1538 2787 quae
1570 2718 1802 2788 Bulgari

434 2826 537 2882 per
567 2810 706 2865 illud
742 2816 977 2883 tempus
1009 2819 1210 2869 contra
1242 2830 1345 2869 nos
1378 2815 1641 2871 fecerunt

434 2899 690 2953 historia
722 2899 948 2970 reliquo
980 2902 1235 2971 pandere
1266 2919 1555 2958 sermone.

432 2988 635 3044 Adhuc
665 2989 906 3043 ﬂorente
933 2990 1251 3059 Byzantino
1284 2991 1526 3061 imperio

433 3091 610 3129 causa
640 3075 958 3130 multorum
990 3076 1213 3131 exstitit
1243 3077 1531 3133 malorum

432 3164 512 3218 rei
548 3171 755 3219 nostrae
786 3164 1029 3235 publicae
1059 3164 1361 3235 Bulgarica
1398 3166 1573 3220 natio.

433 3256 577 3306 Nam
609 3255 667 3306 et
699 3251 967 3320 Isacium,
1000 3251 1289 3323 Angelum
1320 3253 1687 3323 cognomine,

434 3355 647 3411 magna
676 3340 887 3395 devicit
918 3342 1071 3412 apud
1105 3342 1351 3397 Berroen
1383 3341 1575 3410 clade;

429 3429 516 3484 ita
546 3437 607 3484 ut
635 3445 766 3486 cum
799 3436 1006 3486 caetera
1044 3432 1238 3502 praeda
1270 3432 1580 3502 diripuerit

432 3518 623 3573 crucis
659 3518 969 3573 Dominicaa
1000 3528 1436 3575 sacrosanctum
1468 3519 1715 3590 lignum,

433 3607 587 3678 quod
621 3612 745 3662 erat
776 3608 992 3663 nostris
1023 3609 1259 3678 regibus
1290 3608 1347 3662 in
1383 3608 1595 3679 praeliis

435 3695 601 3750 ducis
635 3695 839 3763 instar,
872 3697 1071 3756 robur.
1102 3697 1355 3752 victorias
1386 3714 1578 3754 omen.

437 3792 629 3848 Theca
662 3793 789 3860 fuit,
822 3794 1012 3865 specie
1041 3795 1255 3850 eximia
1283 3799 1338 3851 et
1368 3796 1669 3864 ineffabili,

437 3897 578 3935 auro
607 3882 972 3953 gemmisque
1002 3882 1249 3939 rutilans
1281 3884 1575 3955 pretiosis,

437 3974 495 4025 ct
525 3970 771 4026 laborati
804 3973 993 4044 operis
1028 3974 1291 4039 artiﬁcio,

434 4059 567 4113 sinu
600 4059 991 4130 complectens
1020 4063 1416 4117 venerandum
1450 4062 1699 4133 lignum,

432 4148 583 4216 quod
617 4148 901 4204 Do'ninus
932 4151 1144 4205 sufﬁxo
1173 4152 1469 4218 quondam
1502 4168 1741 4223 corpore

430 4237 817 4293 sanctiﬁcavit
848 4239 1137 4309 sanguine
1167 4240 1493 4309 perfusum.

429 4326 663 4379 Inerant
693 4329 749 4380 et
781 4325 906 4380 alite
939 4342 1008 4380 ex
1038 4331 1288 4396 utroque
1319 4325 1498 4380 latere

429 4414 607 4468 thecae
640 4413 711 4468 ab
746 4413 986 4468 auriﬁce
1018 4418 1364 4485 pervenuste
1395 4414 1624 4479 efﬁctaa,

435 4504 756 4572 martyrum
791 4501 1001 4557 Christi
1033 4501 1309 4573 reliquias
1340 4507 1659 4571 gestantes,

438 4590 807 4661 t)eiparmque
836 4590 1094 4662 Virginis
1127 4591 1213 4646 lac
1243 4592 1706 4658 sanctissimum,

435 4695 566 4733 cum
599 4679 942 4733 venerandae
970 4681 1191 4735 zonulae
1218 4685 1538 4751 segmento,

436 4766 715 4837 mirisque
745 4766 875 4822 aliis
906 4768 1080 4823 rebus
1114 4767 1596 4839 religiosissimis.

432 4861 631 4915 Alexio
664 4878 897 4933 quoque
928 4862 1095 4916 Isacii
1125 4864 1443 4918 successori

434 4964 597 5019 aeque
627 4948 936 5003 Comnenis
968 4949 1197 5020 Angelis
1231 4951 1527 5019 progenito

436 5036 757 5107 permultas
790 5035 1019 5105 Bulgari
1054 5052 1281 5107 pugnas
1311 5036 1667 5094 obtulerunt.

434 5129 561 5177 Mox
590 5127 875 5194 occupata
907 5125 977 5178 ab
1014 5124 1171 5179 Italis
1206 5125 1474 5193 Byzantio

432 5214 678 5284 ejusque
709 5212 955 5285 imperio
986 5214 1057 5267 ad
1092 5214 1342 5268 nihilum
1378 5214 1631 5283 redacto,

436 5307 709 5372 regnator
737 5302 1059 5373 Bulgaroru
1072 5319 1124 5356 m
1155 5304 1407 5357 Joannes

437 5392 610 5445 homo
640 5390 1008 5446 inhumanus
1039 5391 1125 5445 vel
1159 5396 1436 5447 cruentus
1466 5392 1627 5447 canis

439 5479 585 5533 Petri
617 5478 941 5549 Asanisque
973 5480 1153 5535 frater
1182 5480 1686 5549 detestandorum,

438 5566 672 5621 Latinos
702 5566 1037 5622 obsidentes
1066 5566 1526 5639 Adrianopolim,

435 5668 681 5724 eamque
711 5670 945 5709 summa
974 5656 1025 5711 vi
1060 5656 1309 5712 nitentes
1341 5672 1568 5728 capere,

2089 510 2146 574 Α
2349 509 2584 585 ’Ἄνδρας
2616 511 2880 578 Ἰταλοὺς,
2912 510 3181 585 ἀρεϊκοῦε,
3214 508 3495 583 γε’-»νάδας,

2176 599 2319 654 7740
2358 605 2585 673 Συχνῶς
2618 600 2965 676 ἐπεστράτευε
2992 598 3279 671 Ῥωμαίων
3312 599 3489 672 ὅροις’

2356 690 2479 743 Τῶν
2509 687 2866 743 κωλυσόντων
2897 685 3128 742 οὐδένων
3162 686 3477 761 ὁρωμένων,

2356 777 2505 849 Παρᾶ
2532 781 2789 831 τοσοῦτον
2819 780 2916 831 τοῦ
2947 775 3171 848 θράσους
3194 773 3485 850 ἀφιγμένον

2355 863 2444 924 Ὠς
2475 860 2837 937 καταδραμεῖν
2867 864 2955 917 καὶ
2992 862 3187 937 μέχρις
3223 861 3427 922 Ἰωνίας

2356 951 2741 1020 Λεηλατοῦντα
2768 952 2832 1007 τὰ
2867 952 3059 1024 μεταξὺ
3081 948 3284 1025 χωρία,

2215 1050 2322 1104 745
2360 1051 2598 1121 Δῃοῦντ’,
2631 1047 2962 1121 ἀφανίζοντα
2994 1054 3094 1117 τῆς
3126 1048 3306 1119 μάχης
3336 1045 3510 1117 νόμῳ,

2361 1136 2572 1205 Σκηνάς
2602 1156 2659 1190 τε
2688 1140 2852 1207 πῆξαι
2882 1136 3017 1189 κατά
3046 1140 3232 1209 χῶρον
3264 1132 3553 1210 Νυμφαίου
3580 1151 3593 1199 ;

2360 1224 2473 1279 Εἶθ’
2507 1225 2946 1293 ὑπονοστήσαντα
2973 1226 3073 1291 τήν
3105 1220 3267 1276 πόλιν
3300 1220 3514 1297 φθάσαι.

2356 1314 2517 1368 Ταῦτ’
2548 1311 2648 1386 ἄρα
2679 1313 2997 1386 Λασκάριος,
3229 1304 3445 1377 συνέϐη.

2358 1401 2450 1464 El:
2482 1398 2713 1462 σπονδᾶς
2744 1400 2947 1474 ἀμφοῖν
2980 1394 3275 1471 συμϐάσεις
3308 1400 3356 1451 τ’
3385 1396 3618 1474 ἀφιγμέ-

3484 1487 3637 1559 [νων,

2180 1580 2322 1633 ’7750
2360 1579 2428 1635 Αἱ
2460 1572 2814 1651 συμϐιβάσεις
2842 1574 2967 1630 τάδε
2996 1574 3085 1629 καὶ
3118 1573 3446 1650 συμφωνίαν

2360 1667 2445 1727 Ὠς
2477 1664 2536 1720 ἂν
2566 1665 2802 1740 Ὀχυρὰν
2836 1672 2932 1733 τῆν
2966 1662 3127 1719 πόλιν
3148 1662 3239 1716 καί
3269 1662 3335 1715 τὰ
3366 1660 3517 1736 πέριξ

2360 1755 2441 1811 Τὰ
2469 1756 2584 1808 κατ’
2618 1750 2743 1827 ὅρος
2763 1754 2811 1807 τ’
2844 1752 2906 1807 αὖ
2935 1756 3031 1806 τοῦ
3063 1755 3276 1823 Κυμινᾶ
3300 1752 3485 1824 χωρία

2105 1862 2150 1925 Β
2355 1839 2638 1915 Τυγχᾱίνον
2673 1842 2850 1915 ἀγχοῦ
2882 1839 3143 1916 φρουρίου
3175 1836 3532 1912 λελεγμένου,

2360 1928 2541 1983 Φῦλον
2571 1928 2819 2002 κατάσχῇ
2853 1927 2941 1981 καὶ
2971 1928 3203 1999 νέμηται
3234 1924 3501 1981 Λατίνων.

2180 2020 2323 2073 7755
2362 2016 2615 2089 Κάλαμος
2646 2019 2680 2085 ἡ
2712 2018 2874 2088 κώμῃ
2905 2013 2982 2081 δὲ,
3014 2016 3139 2087 παρ’
3165 2015 3227 2068 οὗ
3254 2015 3316 2068 τὸ
3346 2013 3520 2086 κλίμα

2357 2109 2472 2159 Τῶν
2497 2104 2850 2179 Νεοκάστρων
2880 2104 2979 2172 τὴν
3009 2103 3286 2177 καταρχὴν
3321 2096 3606 2173 λαμϐάνει,

2362 2195 2609 2267 Ἐρημος
2639 2192 2895 2261 ἀοίκητος
2926 2191 2959 2258 ἦ
2991 2211 3048 2244 τε
3077 2190 3165 2245 καὶ
3201 2188 3353 2263 μένῃο

2354 2282 2429 2335 Τὰ
2459 2280 2504 2336 δ’
2535 2281 2639 2335 ἀπὸ
2668 2277 2830 2335 τοῦδε
2859 2281 2975 2343 καθ’
3004 2276 3077 2333 ἕω
3107 2279 3412 2346 νενευκότα,

2356 2369 2665 2443 Νεόκαστρα
2694 2370 2839 2422 ταῦτ’
2872 2368 2981 2421 ἐστὶ
3013 2366 3296 2440 Πέργαμος
3327 2363 3513 2433 πόλις,

2179 2467 2321 2524 7760
2364 2460 2655 2520 Κελϐιανόν
2686 2486 2743 2519 τε
2772 2465 2859 2518 καὶ
2892 2463 3102 2537 Χλιαρά
3129 2462 3219 2517 καὶ
3252 2461 3493 2535 Σμύρνα,

2360 2553 2463 2607 Σὺν
2493 2559 2608 2615 τοῖς
2640 2560 2753 2607 κατ’
2785 2552 2909 2607 εὐθὺ
2938 2552 3209 2624 κειμένοις
3241 2551 3327 2605 καὶ
3358 2548 3611 2624 πλαγίως

2354 2644 2587 2698 “Απαντ⁹
2616 2641 2818 2695 ἀνεῖται
2854 2641 3070 2715 βασιλεῖ
3095 2639 3403 2712 Λασκαρίῳ.

2358 2731 2641 2804 Πρόθυμον
2676 2730 2821 2801 ὁρμᾷ
2847 2729 2933 2782 καὶ
2966 2729 3033 2781 τά
3062 2729 3208 2801 παρά
3240 2726 3568 2801 Βουλγάρων

2358 2817 2757 2872 Επεισπεσόντα
2788 2813 3054 2888 Ῥωμαίδι
3080 2820 3160 2887 τῷ
3182 2815 3306 2869 τότε

2177 2908 2319 2961 7765
2355 2908 2466 2974 Τῆς
2487 2904 2726 2977 ἱστορίας
2755 2901 3086 2979 παραδοῦναι
3117 2907 3195 2974 τῷ
3226 2901 3397 2977 λόγῳ.

2356 2993 2457 3049 Καὶ
2488 2992 2612 3067 πρὶν
2644 2993 2736 3064 μὶν
2771 2992 2825 3045 εὖ
2858 2990 3081 3066 ἔχοντος
3110 2991 3365 3047 Αὐσόνων
3395 2989 3646 3063 κράτους,

2358 3078 2587 3138 Πολλῶν
2618 3084 2797 3134 κακῶν
2821 3078 2995 3134 αἴτιον
3024 3074 3173 3141 ἔθνος
3202 3077 3532 3153 Βουλγάρων

2098 3205 2142 3271 C
2355 3168 2584 3241 Ὑπῆρξε
2613 3167 2908 3240 Ῥωμαίοις
2941 3188 2999 3222 τε
3027 3168 3118 3221 καὶ
3139 3167 3460 3243 κραταρχίᾳ.

2360 3258 2587 3313 Ἰσάκιον
2608 3256 2706 3331 γὰρ
2740 3254 3123 3330 ἀγγελώνυμον
3154 3254 3322 3309 πάλαι

2178 3347 2321 3401 7770
2358 3345 2507 3400 Κατά
2536 3342 2769 3419 Βερρόην
2805 3342 2985 3412 ἐκνίκᾷ
3013 3342 3149 3397 κατά
3176 3343 3376 3418 κράτος

2354 3435 2514 3486 Ὥστε
2538 3430 2673 3506 πρὸς
2699 3429 2891 3491 ἄλλοις
2921 3430 3009 3484 καὶ
3041 3426 3331 3502 σεϐάσμιον
3366 3429 3521 3499 ξύλον

2357 3523 2599 3593 Σταυροῦ
2630 3517 3020 3591 διαρπάσαντας
3052 3516 3248 3581 αὐτοὺς
3284 3514 3529 3592 κερδάναι

2354 3610 2449 3665 "Ov
2480 3606 2732 3663 Αὐσόνων
2762 3604 2978 3667 ἄνακτες
3010 3607 3222 3680 ἐχθρῶν
3251 3606 3303 3660 έν
3338 3607 3542 3680 μάχαις

2356 3697 2606 3771 Ἡγήτορ’
2636 3694 2785 3768 εἶχον
2817 3694 2905 3749 καὶ
2938 3694 3196 3769 τρόπαιον
3228 3693 3317 3748 καὶ
3350 3695 3531 3755 σθένος

2180 3796 2321 3848 7775
2360 3795 2412 3848 ’Λ
2425 3795 2690 3868 μήχανον,
2717 3794 2923 3854 κάλλος
2950 3813 3009 3848 τε
3036 3794 3121 3847 καὶ
3156 3789 3458 3861 ποικιλίαν,

2356 3885 2549 3956 Χρυσῷ
2577 3880 2871 3958 τιμαλφέσι
2901 3902 2959 3935 τε
2990 3880 3166 3945 λίθοις
3201 3880 3499 3955 μαργάροις

2359 3970 2461 4026 Καὶ
2491 3975 2765 4044 τεχνικαῖς
2796 3968 3013 4045 χάρισιν
3046 3969 3407 4044 ὡραϊσμένον·

2357 4057 2567 4115 Τούτου
2602 4057 2757 4131 μέσον
2788 4059 3038 4132 φέροντα,
3069 4057 3257 4129 τιμίου
3284 4056 3447 4128 ξύλου

2359 4153 2424 4224 ᾮ
2454 4153 2773 4220 σωματικῶς
2798 4148 3129 4223 προσπαγεὶς
3157 4149 3185 4202 ὁ
3217 4144 3479 4217 δεσπότης

2217 4238 2323 4292 780
2360 4237 2587 4311 Χριστὸς
2613 4236 2935 4311 καθηγίασεν
2967 4236 3153 4309 α’ίματι
3186 4233 3330 4291 τόδε·

2360 4327 2538 4394 Θήκας
2567 4327 2616 4379 τ’
2646 4324 2832 4402 ἐφεξῆς
2864 4325 2914 4395 ἐξ
2941 4324 3193 4401 ἐκατέρου
3224 4323 3420 4399 μέρους

2360 4415 2574 4487 Χρυσοῦ
2603 4414 2824 4488 τεχνίτῃ
2858 4418 3146 4491 προσφυῶς
3177 4412 3519 4486 εἰργασμένος

2358 4502 2445 4557 Ἑν
2479 4502 2560 4563 αἶς
2592 4508 2802 4576 προσῆν
2835 4499 3065 4574 λείψανα
3096 4504 3328 4577 Χριστοῦ
3363 4500 3642 4577 μαρτύρων

2358 4542 2445 4557 μ.
2480 4542 2559 4563 ...ς
2599 4542 2799 4576 ..των-,ν
2837 4542 3065 4574 ...Ὗαη
3096 4542 3327 4577 ur...“
3363 4542 3614 4577 μιγητ...

2102 4542 2149 4605 D
2359 4589 2455 4643 Kal
2492 4587 2901 4665 μητρανάνδρου
2934 4589 3208 4662 Πάρθένου
3240 4590 3428 4644 σεπτὸν
3460 4589 3616 4661 γάλα,

2179 4680 2322 4734 7785
2356 4678 2635 4752 Τεμάχιον
2670 4678 2845 4747 ζώνης
2876 4698 2933 4731 τε
2961 4675 3126 4745 τῆσδε
3153 4679 3363 4751 τιμίας,

2358 4765 2454 4819 Καὶ
2486 4764 2717 4819 πλεῖστα
2746 4768 3011 4838 τιμήεντα
3050 4766 3141 4821 καὶ
3170 4767 3494 4839 θαυμαστέα.

2356 4852 2453 4907 Καὶ
2484 4858 2563 4925 τῶ
2590 4855 2705 4926 μετ’
2737 4854 2899 4907 αὐτὸν
2931 4849 3301 4927 παραλαϐόντι
3341 4855 3534 4927 κράτος

2360 4940 2592 5013 Ἀλεξίῳ
2624 4962 2685 5015 γε
2718 4940 3324 5017 Κομνηναγγελωνύμῳ

2359 5027 2610 5091 Πολλοὺς
2640 5029 2846 5105 ἀγῶνας
2878 5030 3245 5105 προύξένησαν
3277 5031 3367 5084 καὶ
3403 5027 3600 5101 μάχας.

2179 5128 2323 5182 7790
2360 5128 2519 5201 Ἀρτι
2552 5125 2597 5180 δ’
2630 5126 2865 5197 ὁλούσης
2900 5127 3133 5189 Ἰταλοῖς
3164 5124 3501 5196 Βυζαντίδος,

2361 5220 2457 5267 Καὶ
2486 5218 2583 5268 τοῦ
2613 5217 2727 5269 κατ’
2758 5215 2923 5283 αὐτὴν
2952 5215 3342 5277 καταλυθέντος
3373 5215 3617 5285 κράτους,

2357 5303 2417 5358 Ὀ
2449 5301 2710 5377 κυριεύων
2745 5303 3066 5378 Βουλγάρων
3094 5304 3369 5373 Ἰωάννης,

2363 5389 2559 5453 Σκαιός
2587 5410 2669 5453 τις
2700 5390 2835 5465 ἀνὴρ
2866 5392 2952 5445 καὶ
2987 5389 3315 5468 φιλαίματος
3344 5390 3485 5445 κύων

2364 5477 2533 5549 Ἀιὰν,
2567 5479 2773 5553 Πέτρου
2804 5478 3063 5551 σύναιμος
3091 5478 3163 5533 ὢν
3196 5477 3526 5550 ἀλαστόρων,

2183 5569 2325 5621 7795
2360 5568 2444 5622 Ἐν
2476 5564 2766 5640 Ἀδριανοῆ
2801 5568 3047 5629 Λατίνοις
3078 5567 3465 5638 σκηνουμένοις

2363 5654 2465 5710 Καὶ
2494 5653 2656 5725 τήνδε
2687 5654 2828 5711 ἑλεῖν
2863 5654 3148 5711 σπεύδουσι
3180 5655 3335 5711 παντὶ
3355 5654 3560 5727 τρόπῳ,

3708 386 3816 440 288
