4136 6292
323 404 430 458 289

503 526 905 595 Ἐπιστρατεύει
938 526 1027 580 σὺν
1062 533 1279 603 στρατιᾷ
1306 527 1534 597 σκυθίδι,

498 615 599 671 Καὶ
624 612 959 684 κατακρὲίτος
988 614 1169 686 ἐκνικᾷ
1197 621 1329 694 σφᾶς
1358 622 1476 679 τοῖς
1515 616 1714 677 ὅπλοις

496 708 581 764 Ὠς
612 703 703 757 καὶ
735 702 1049 778 κρατάρχην
1083 708 1226 779 σφῶν
1258 704 1685 779 ἀνεζωγρηκέναι

320 794 464 847 7800
499 792 600 844 Τὸν
626 788 986 860 Βαλδουῖνον,
1018 793 1091 853 ὡς
1125 792 1313 846 ἂνόπιν
1348 792 1563 867 ἐρρέθη.

505 879 657 935 Ἐπεὶ
692 876 737 931 δ’
770 876 913 932 έλεῖν
941 876 1191 933 ἔσπευδεν
1220 877 1540 954 Ὀρεστιάδα

505 966 611 1022 Καὶ
641 971 759 1027 τοῖς
796 966 886 1019 ὑπ’
916 967 1078 1021 αὐτὸν
1112 967 1398 1043 ὑπαγαγεῖν
1433 968 1731 1045 φρουρίοις,

510 1053 667 1110 Ἀλλ’
697 1055 762 1121 ἦν
793 1055 974 1128 χανὼν
1000 1052 1249 1131 ἄντικρυς
1279 1057 1352 1115 ὡς
1374 1055 1537 1118 λύκος
1566 1057 1759 1128 μάτην.

508 1144 784 1205 Ἐντεῦθεν
819 1144 933 1196 οἷον
965 1140 1213 1215 ἐκμανεὶς
1245 1145 1271 1196 ὁ
1304 1143 1576 1216 μαινόλης

329 1234 475 1287 7805
512 1230 615 1286 Καὶ
646 1232 1016 1304 κατεπαρθείς,
1051 1231 1402 1305 Σεναχηρεὶμ
1432 1233 1505 1294 ὡς
1539 1230 1729 1301 πάλαι,

508 1317 732 1381 Ἄλλως
756 1339 812 1372 τε
844 1317 1013 1389 μηδὲν
1041 1316 1291 1390 ἐμποδὼν
1336 1318 1481 1392 ἔχων
1514 1320 1660 1381 ὅλως

507 1402 841 1464 Μακεδονίαν
873 1405 962 1459 καὶ
993 1405 1203 1479 Θρᾴκην
1240 1407 1582 1481 κατατρέχει,

505 1493 711 1565 Κώμας
740 1492 961 1565 ἐρημῶν
993 1493 1083 1547 καὶ
1117 1496 1503 1549 κατασκάπτων
1536 1493 1750 1567 πόλεις,

506 1585 683 1655 Δῃῶν,
718 1580 1018 1651 σκυλεύων,
1050 1580 1108 1635 ἐκ
1142 1582 1354 1657 βάθρων
1383 1583 1723 1656 ἀνατρέπων·

328 1673 467 1726 7810
508 1669 870 1747 Καταστρέφει
901 1675 1094 1741 πρῶτα
1127 1671 1220 1743 μὶν
1254 1669 1535 1727 Φιλίππου
1574 1674 1760 1744 πόλιν,

504 1754 621 1812 Ηόλ
632 1780 674 1812 ιν
704 1759 1049 1833 περιώνυμον
1060 1801 1074 1826 ,
1108 1758 1509 1831 εύκλεεστάτην·

503 1848 729 1901 Ἔπειτα
757 1849 1051 1920 κατήρειψε
1078 1849 1173 1909 τὰς
1205 1846 1375 1909 ἄλλας
1404 1847 1617 1921 πόλεις,

502 1932 766 1992 Κύδιστον
796 1934 1117 2008 Ἡράκλειαν
1146 1937 1234 1989 καὶ
1268 1932 1603 2012 Σηλυϐρίαν,

498 2020 801 2077 Ῥαιδεστὸν
830 2022 919 2077 καὶ
952 2022 1149 2079 Πάνιον
1184 2023 1273 2077 σὺν
1308 2025 1539 2097 Δαονίῳ,

318 2114 469 2169 7815
503 2114 768 2187 Τραϊανοῦ
798 2132 857 2166 τε
885 2111 976 2165 καὶ
1006 2111 1270 2187 Μάρωνος
1296 2112 1391 2174 τὰς
1423 2113 1640 2184 πόλεις,

502 2197 676 2254 Πόλιν
708 2197 1095 2254 Μοωνὸπολιν
1126 2201 1216 2253 καὶ
1245 2202 1344 2269 τὴν
1380 2201 1702 2276 Σταγείραν,

507 2286 608 2343 Καὶ
639 2286 898 2349 πλείστας
929 2284 1106 2349 ἄλλας
1136 2290 1172 2356 ἡ
1210 2283 1447 2361 βέϐηλος
1474 2286 1690 2363 καρδία.

504 2374 691 2436 Οὕτως
723 2374 944 2450 ἐρημῶν
975 2375 1065 2429 καὶ
1098 2376 1375 2430 σκυλεύων
1400 2378 1493 2440 τὰς
1521 2377 1735 2450 πόλεις,

507 2461 704 2525 Φθάνει
734 2465 1090 2534 περιώνυμον
1124 2462 1541 2533 Θεσσαλονίκην,

328 2552 472 2605 7820
510 2550 671 2604 Κάκεῖ
702 2550 893 2625 βιαίως
921 2551 1013 2604 τὸν
1051 2550 1166 2625 βίον
1198 2553 1549 2629 καταστρέφει

510 2638 823 2714 Πλευρίτιδι
860 2642 979 2712 μὶν,
1013 2642 1088 2703 ὡς
1118 2640 1327 2695 ἀκούειν
1359 2644 1448 2710 ἦν,
1478 2642 1641 2716 νόσῳ·

508 2726 596 2787 Ὡς
627 2722 674 2778 δ’
700 2726 765 2779 αὖ
795 2724 980 2779 κλύειν
1014 2724 1216 2801 πέφυκε
1247 2731 1430 2803 σαφῶς
1461 2725 1709 2802 εἰδότων,

505 2819 570 2892 ’ῼ
597 2813 802 2878 τίθεται
830 2820 956 2883 πᾶς,
988 2817 1468 2891 χριστομάρτυρος
1501 2819 1639 2893 ξίφει

514 2903 910 2973 Θεσσαλονίκης
941 2906 1244 2978 προστάτου
1284 2913 1358 2973 Δη
1370 2906 1621 2980 μητρίου.

319 2994 475 3049 ’7825
511 2991 719 3049 Τούτου
750 2989 797 3045 δ’
829 2991 1256 3068 ἁπορῥήξαντος,
1284 2994 1357 3055 ὡς
1392 2991 1548 3071 ἔφην,
1584 2996 1726 3070 βίον,

512 3077 878 3143 Ἀδιλιοόπαις
910 3102 991 3144 τις
1022 3080 1256 3155 Βορίλας
1279 3083 1640 3158 κεκλημένος,

516 3166 750 3223 Σκυθίδα
774 3168 918 3223 Θείαν
950 3168 1192 3245 γαμετὴν
1224 3169 1557 3244 παρανόμως

515 3258 722 3330 Γήμας,
754 3257 985 3333 ὑπῆρξεν
1018 3256 1284 3333 ἐγκρατὴς
1314 3258 1405 3312 καὶ
1432 3259 1783 3337 Βουλγάρων·

515 3347 678 3401 Ἀσάν
712 3344 769 3401 δὲ
795 3345 964 3402 παῖδα
993 3345 1341 3423 παιδαγωγός
1369 3370 1452 3413 τις
1482 3348 1655 3426 λάθρα

316 3433 481 3487 7830
520 3431 652 3487 Νέον
684 3430 891 3505 κομιδῆ
923 3428 1255 3507 παραλαϐὼν
1289 3434 1363 3495 ὠς
1400 3436 1596 3510 τάχος,

515 3519 659 3596 Πρὸς
690 3520 902 3584 Σκύθας
933 3522 1207 3596 ἀπήγαγεν
1238 3522 1311 3584 εἰς
1343 3526 1639 3598 σωτηρίαν.

515 3612 687 3659 ’Ἀννα
722 3604 938 3679 βασιλὶς
972 3606 1185 3678 συζύγῳ
1216 3608 1505 3682 Λασκαρίῳ

521 3693 819 3769 Θυγατέρας
850 3693 1039 3763 τέξασα
1066 3700 1235 3769 τρεῖς,
1269 3693 1444 3750 λείπει
1482 3698 1615 3769 βίον,

522 3781 784 3858 Εἴρήνην,
818 3784 1026 3859 Μαρίαν
1054 3805 1113 3839 τε
1142 3784 1233 3839 σὺν
1268 3782 1523 3857 Εύδοκίᾳ.

316 3874 485 3928 7835
522 3869 699 3928 Ἀλλὰ
730 3872 943 3945 Μαρίαν
978 3870 1225 3947 δευτέραν
1255 3876 1392 3928 κατὰ
1420 3876 1576 3943 γένος

521 3961 613 4025 Εἷς
636 3960 807 4031 κῆδος
839 3960 1062 4035 ἐξέδωκε
1096 3962 1261 4038 ῥηγὸς
1281 3963 1528 4019 Παιόνων

521 4050 757 4127 Νύμφην
790 4050 871 4126 ἔφ’
904 4052 1007 4122 υίῷ
1040 4049 1295 4126 βασιλεὺς
1329 4054 1691 4129 φυτοσπόρος,

524 4136 866 4198 Ἐπανιόντος
901 4137 960 4191 ὲκ
993 4140 1135 4191 Σιὼν
1167 4138 1303 4213 πρὸς
1334 4138 1583 4214 πατρίδα.

529 4224 756 4295 Πρώτην
791 4221 838 4277 δ’
866 4222 1101 4297 Εἰρήνην
1134 4226 1416 4300 ἡρμόσατο
1446 4226 1583 4300 πρὸς
1613 4227 1787 4302 γάμον

325 4316 489 4371 7840
528 4310 918 4389 Παλαιολόγων
953 4312 1012 4367 έκ
1040 4311 1231 4388 γένους
1263 4314 1616 4393 Ἀνδρονίκῳ,

529 4405 626 4460 ’³ον
663 4402 987 4474 δεσποτικῆς
1018 4406 1241 4476 ἠξίωσεν
1274 4408 1440 4479 ἀξίας.

527 4490 729 4544 Τούτου
763 4490 1018 4555 θανόντος
1047 4493 1119 4554 ὡς
1151 4496 1394 4572 προφθὰς
1422 4492 1524 4572 ἔφη
1558 4496 1746 4575 λόγος,

534 4578 751 4649 Ταύτην
786 4585 990 4654 συνῆψε
1019 4582 1156 4637 κατὰ
1186 4580 1464 4659 δευτέρους
1501 4590 1713 4662 γάμους

538 4665 744 4743 Πλήρει
777 4669 1017 4745 χαρίτων
1054 4671 1203 4748 ἀνδρὶ
1237 4676 1602 4749 χαριτωνύμῳ

339 4759 502 4814 7845
538 4757 779 4841 Βατάτξῃ
814 4766 1029 4815 Δουκῶν
1063 4760 1123 4816 ἐκ
1150 4764 1333 4838 γένους
1361 4768 1708 4841 κατηγμένῳ,

539 4840 741 4925 Σχόντι
774 4841 1166 4920 Διδυμότειχον
1200 4846 1329 4902 ἄστυ
1358 4840 1589 4925 πατρίδα

541 4923 813 5001 Αύχοῦντι
843 4929 1009 4998 τιμὴν
1043 4923 1595 5006 πρωτοϐεστιαρίτου.

536 5012 603 5087 ᾮ
630 5011 885 5086 πενθερὸς
919 5011 1145 5068 λέλοιπε
1176 5018 1420 5086 θνήσκων
1452 5017 1514 5071 τὸ
1545 5018 1761 5093 κράτος

538 5097 624 5152 Ἐν
654 5095 701 5153 δ’
734 5099 1011 5155 Ὑακίνθου
1039 5106 1106 5177 τῇ
1142 5108 1282 5178 μονῇ
1311 5105 1508 5161 τούτου
1547 5110 1720 5164 νέκυν·

345 5186 507 5239 7850
546 5183 735 5258 Ἐγγὺς
769 5186 971 5260 βιώσας
1003 5191 1339 5259 πεντήκοντά
1369 5194 1583 5267 χρόνων

535 5275 625 5345 Ἐξ
658 5275 731 5328 ὧν
764 5270 1101 5333 ἐϐασίλευσεν
1134 5279 1277 5335 ὀκτὼ
1308 5284 1443 5357 πρὸς
1471 5282 1618 5342 δέκα.

492 5390 805 5445 ΙΩΔΝΝΗΧ
848 5392 891 5449 Ο
941 5396 1206 5450 ΔΟΥΚΑΣ
1247 5398 1416 5457 ΗΤΟΙ
1456 5402 1499 5457 Ο
1539 5404 1904 5460 ΒΛΤΛΤΖΗΣ

1059 5466 1171 5522 ΕΤ.
1212 5469 1332 5526 AI".

541 5566 802 5636 Ἰωάννης
834 5566 977 5623 οὕτω
1009 5566 1067 5623 δὲ
1095 5573 1277 5646 τυχὼν
1304 5581 1401 5630 τοῦ
1431 5580 1684 5653 κράτους,

548 5651 719 5716 Εὐθὺς
748 5656 1066 5711 τεταινίωτο
1097 5661 1227 5735 παρ’
1255 5651 1553 5739 ἀρχιθύτου

1838 406 2204 460 CBSABES.

1991 531 2045 596 Α
2076 545 2391 602 aggressus
2422 535 2510 587 est
2538 547 2669 586 cum
2700 531 2964 602 Scythico
2993 531 3267 599 exercitu,

2076 624 2133 673 et
2161 636 2397 674 summa
2427 619 2592 676 clade
2623 620 2860 675 affectos
2891 619 3204 675 debellavit
3238 634 3252 671 :

2077 723 2327 778 quorum
2358 708 2533 764 etiam
2568 708 2893 780 principem
2920 708 3271 763 Balduinum

2077 795 2149 849 ab
2180 796 2307 868 ipso
2339 796 2532 852 vivum
2566 805 2804 868 captum
2838 813 3017 869 supra
3047 796 3324 850 diximus.

2076 883 2361 957 Deinceps
2392 884 2751 940 Orestiadem
2784 886 3030 941 tentavit
3059 884 3342 955 Bulgaros

2080 978 2143 1027 ut
2172 989 2290 1027 suae
2322 973 2564 1028 ditionis
2596 973 2826 1045 oppidis
2860 975 3205 1045 adjungeret
3240 990 3251 1025 :

2077 1059 2177 1113 sed
2212 1058 2456 1114 inhiavit
2486 1061 2703 1115 frustra
2734 1066 3014 1131 tanquam
3048 1060 3244 1130 lupus.

2077 1145 2222 1201 Hinc
2252 1162 2387 1218 ergo
2416 1146 2566 1203 malo
2599 1149 2854 1219 percitus
2890 1149 3079 1202 furore

2077 1235 2486 1306 superbusque
2518 1239 2583 1290 ut
2613 1235 2784 1291 aliter
2813 1236 3291 1300 Senacherimus,

2077 1338 2211 1377 cum
2244 1322 2388 1378 nihil
2419 1323 2650 1395 uspiam
2682 1324 2795 1395 ipsi
2817 1324 2944 1394 jam
2976 1326 3292 1391 resisteret,

2078 1408 2385 1465 Thraciam
2420 1411 2929 1481 Macedoniamque
2961 1411 3351 1466 concursabat

2080 1509 2258 1564 pagos
2288 1492 2580 1559 desolans,
2614 1493 2880 1549 civitates
2912 1494 3170 1563 dirucns,

2078 1586 2334 1651 vastans,
2362 1582 2727 1651 depraedans,
2755 1599 2788 1637 a
2818 1582 3216 1637 fundamentis
3247 1582 3543 1652 quatiens.

2077 1668 2139 1724 In
2172 1670 2380 1740 primis
2410 1670 2647 1742 quidem
2679 1670 2883 1726 evertit
2910 1669 3364 1742 Philippopolim

2078 1758 2483 1829 famigeratam
2514 1759 2715 1813 urbem
2749 1764 2805 1813 et
2832 1758 3259 1815 nobilissimam

2003 1873 2050 1937 B
2082 1846 2292 1902 deinde
2322 1852 2379 1902 et
2407 1847 2552 1901 alias
2580 1849 2887 1918 prostravit
2919 1848 3204 1915 civitates,

2082 1932 2358 2006 inclytam
2392 1933 2747 2002 Heracleam,
2784 1952 2850 1989 ac
2880 1934 3223 2006 Selyhriam,

2082 2021 2479 2089 Rhasdestum,
2513 2024 2781 2092 Panium,
2815 2039 2949 2077 cum
2986 2024 3223 2089 Daonio,

2080 2108 2408 2165 Maroneam
2442 2110 2679 2181 insuper
2710 2115 2766 2165 et
2788 2110 3207 2181 Trianopolim,

2080 2197 2338 2270 itemque
2366 2198 2787 2270 Mosynopolim
2820 2203 2878 2253 et
2908 2198 3219 2269 Stagiram,

2080 2286 2339 2358 aliasque
2370 2287 2679 2358 plurimas,
2713 2287 2803 2342 hic
2836 2287 3129 2357 pessimus
3163 2288 3448 2343 mortalis.

2080 2374 2173 2429 Sic
2204 2376 2460 2430 vastitati
2494 2376 2806 2447 indulgens
2833 2380 2891 2430 et
2922 2375 3246 2431 latrociniis

2080 2463 2558 2518 Thessalonicam
2592 2464 2842 2534 denique
2870 2464 3160 2519 illustrem
3192 2466 3371 2534 venit,

2082 2553 2178 2605 ubi
2212 2552 2594 2607 immaturum
2628 2552 2834 2607 habuit
2863 2554 2993 2606 vita:
3025 2554 3203 2607 ﬁnem

2082 2640 2433 2710 pleuritidis,
2467 2644 2531 2694 ut
2563 2640 2717 2695 fama
2749 2640 2881 2707 fuit,
2913 2640 3235 2696 exstinctus
3270 2642 3472 2696 morbo
3506 2658 3519 2696 :

2080 2727 2168 2782 vel
2199 2743 2330 2782 eum
2364 2728 2577 2798 potius,
2610 2734 2674 2783 ut
2703 2730 2891 2793 aiunt,
2926 2735 3079 2785 recte
3110 2730 3355 2795 conscii,

2080 2815 2371 2887 vulgoque
2401 2817 2679 2883 creditur,
2706 2816 2920 2871 Christi
2956 2821 3173 2888 martyr
3207 2817 3455 2888 perculit

2081 2904 2560 2959 Thessalonicam
2593 2909 2900 2977 protegens
2932 2905 3283 2961 Demetrius.

2082 2996 2395 3063 Postquam
2427 2998 2711 3063 tyrannus
2741 2993 2886 3049 vivis
2916 2999 3221 3065 exemptus
3253 2994 3385 3062 fuit,

2084 3080 2263 3151 hujus
2291 3098 2360 3136 ex
2391 3082 2568 3137 fratre
2598 3098 2777 3153 nepos
2807 3082 2999 3137 dictus
3026 3082 3250 3138 Borilas

2009 3209 2053 3277 Ο
2089 3168 2348 3224 Scxthidi
2374 3171 2619 3241 junctus
2653 3171 2845 3226 amitae
2878 3171 3115 3227 incestis
3150 3170 3396 3243 nuptiis,

2091 3256 2353 3328 Bulgaria
2382 3258 2569 3328 gentis
2596 3261 2820 3330 excepit
2846 3260 3235 3316 dominatum.

2089 3345 2301 3400 Asanis
2331 3349 2524 3400 autem
2556 3346 2907 3417 paedagogus
2935 3346 3123 3402 ﬁlium

2091 3448 2338 3503 puerum
2370 3432 2560 3488 adhuc
2593 3432 2956 3488 clandestina
2984 3434 3122 3505 fuga

2091 3520 2405 3576 consulens
2431 3521 2558 3576 vitae
2590 3520 2895 3577 transtulit
2925 3523 2994 3576 ad
3032 3521 3300 3592 Scythas.

2091 3612 2256 3663 Anna
2286 3608 2488 3679 regina
2516 3610 2751 3682 conjugi
2784 3609 3056 3665 Lascario

2092 3694 2284 3750 tribus
2315 3694 2550 3750 filiabus
2580 3696 2752 3751 editis
2780 3697 2897 3751 vita
2928 3695 3197 3765 excessit,

2096 3782 2257 3837 Irene
2286 3786 2343 3837 et
2370 3782 2553 3837 Maria
2582 3783 2803 3838 scilicet
2833 3788 3009 3854 atque
3040 3784 3321 3841 Eudocia.

2096 3870 2362 3939 Mariam,
2396 3886 2525 3941 quae
2557 3874 2692 3925 nata
2720 3876 2845 3926 erat
2869 3872 3128 3926 secundo
3162 3871 3287 3926 loco

2096 3960 2251 4030 regis
2284 3959 2517 4014 Paeoniis
2548 3958 2668 4013 ﬁlio
2700 3958 2760 4012 in
2792 3959 3234 4014 matrimonium

2096 4046 2267 4101 Sione
2298 4047 2602 4103 revertenti
2637 4046 2696 4100 in
2729 4046 2976 4117 patriam
3009 4062 3176 4101 suam

2097 4135 2327 4206 genitor
2358 4136 2550 4190 Caasar
2580 4134 2823 4190 tradidit
2853 4135 3227 4205 desponsam.

2096 4223 2372 4292 Majorem
2406 4227 2546 4277 natu
2580 4223 2801 4279 Irenem
2838 4221 3048 4293 nuptui
3078 4221 3318 4277 tradidit

2099 4309 2495 4380 Palaeogorum
2523 4310 2757 4367 surculo
2786 4310 3136 4379 Andronico,

2101 4415 2273 4470 quem
2305 4398 2480 4454 etiam
2514 4400 2769 4470 despotze
2798 4397 3082 4469 dignitate
3114 4397 3360 4452 ornavit.

2104 4488 2225 4550 Quo
2254 4493 2448 4541 tamen
2480 4486 2787 4553 exstincto,
2821 4492 2884 4541 ut
2914 4491 3067 4541 retro
3102 4484 3385 4552 diximus,

2027 4550 2073 4614 D
2106 4575 2369 4630 eamdem
2402 4573 2707 4630 collocavit
2737 4550 3013 4628 secundis
3045 4571 3268 4643 nuptiis

2107 4662 2315 4718 Joanni
2344 4666 2400 4717 et
2429 4678 2490 4716 re
2518 4666 2574 4717 et
2604 4661 2838 4715 nomine
2867 4660 3123 4731 gratioso
3342 4730 3347 4735 ι

2107 4750 2455 4821 Vatatzaade
2484 4749 2778 4804 Ducarum
2812 4747 2992 4818 stirpe
3016 4746 3234 4819 genito,

2110 4844 2167 4894 et
2197 4837 2443 4894 oriundo
2474 4838 2617 4892 urbe
2647 4835 3075 4908 Didymoticho,

2113 4924 2540 4996 protovestiarii
2572 4924 2855 4996 dignitate
2885 4929 3111 4979 ornato.

2115 5016 2300 5084 Atque
2333 5013 2465 5068 huic
2495 5029 2660 5069 socer
2688 5012 2944 5069 moriens
2975 5010 3286 5083 imperium
3320 5010 3561 5065 tradidit
3592 5025 3604 5062 2

2115 5101 2241 5172 ipse
2269 5102 2328 5157 in
2360 5100 2667 5173 Hyacinthi
2702 5100 2985 5172 sepelitur
3014 5100 3296 5166 cmnobio,

2120 5189 2305 5245 aetatis
2333 5206 2484 5245 anno
2518 5190 2695 5245 ferme
2722 5187 3234 5260 quinquagesimo,

2119 5277 2515 5350 duodeviginti
2544 5277 2882 5333 dominatus
2914 5292 3120 5330 annos.

2443 5401 2756 5458 JOANNES
2795 5400 3024 5456 DUCAS
3064 5396 3425 5469 VATATZES

2730 5471 2845 5525 AN.
2890 5468 3139 5525 XXXIII.

2122 5581 2212 5637 Sic
2242 5584 2548 5635 assecutus
2575 5579 2830 5634 Joannes
2859 5572 3197 5645 imperium,

2124 5669 2321 5725 statim
2353 5686 2387 5725 a
2417 5666 2751 5740 patriarcha
2779 5669 2867 5721 est
2898 5665 3211 5718 coronatus

3606 404 3712 458 290
