4138 6296
434 375 534 431 291
1648 378 2021 434 ΕΡΗΒΕΜΙΙ
2058 379 2068 424 1

2192 375 2621 431 ιΟΝΟΘΒΑΡΗΙ
3190 436 3195 441 ,
3717 384 3826 441 292

438 499 839 569 Emmanuele,
873 498 966 554 cul
998 514 1327 572 cognomen
1360 500 1707 571 philosopho

2104 496 2160 561 Α
2364 500 2473 554 Τοῦ
2506 497 2823 576 Φιλοσόφου
2853 500 3116 568 Μανουήλ
3150 501 3512 576 κεκλημένου,

438 596 569 660 post
593 592 906 645 Maximum
940 593 1173 646 tenente
1205 606 1438 646 sacrum
1470 592 1769 649 thronum.

2186 588 2327 641 7855
2362 589 2543 649 Ὅστις
2580 588 2713 660 μετὰ
2741 589 2986 660 Μάξιμον
3019 588 3149 664 ἔσχε
3175 592 3265 645 τὸν
3295 590 3502 666 Θρόνον·

438 680 538 735 Ille
570 682 841 751 deinceps
872 682 942 734 ad
977 680 1205 752 imperii
1240 680 1497 752 regimen

2360 674 2459 728 Καὶ
2489 675 2682 731 λοιπὸν
2714 674 2971 751 ἆδράξατο
3000 682 3099 742 τῆς
3131 680 3463 755 κραταρχίας

436 785 676 840 remque
707 770 1021 839 gerendam
1056 769 1347 840 publicam
1380 782 1564 840 gnava
1594 768 1881 825 incubuit.

2359 766 2572 818 Κοινῶν
2601 782 2659 818 τε
2688 764 2898 819 λοιπῶν
2931 766 3255 841 ἀῤῥενωπῶς
3288 767 3639 844 πραγμάτων

435 857 562 912 Dux
592 858 744 912 enim
779 861 902 911 erat
932 854 1164 928 sapiens
1195 862 1252 912 et
1280 858 1651 924 consiliosus,

2358 852 2457 906 Ἦν
2488 852 2589 927 γὰρ
2622 854 2924 928 στρατηγὸς
2957 856 3198 927 συνετὸς,
3243 855 3615 934 βουληφόρος,

433 944 629 1001 animo
664 945 988 1001 instructus
1021 946 1199 1001 alacri
1231 950 1287 1001 et
1316 948 1579 1016 audaoe,5

2358 944 2559 1013 Ψυχῆς
2591 946 2975 1015 παραστήματι
3008 942 3101 996 σὺν
3134 942 3400 1016 εὐτολμίᾳ

432 1034 677 1090 robusto
712 1034 945 1089 brachio
976 1035 1315 1104 viribusque
1345 1035 1623 1106 reliquis;

2180 1035 2322 1089 7860
2358 1034 2544 1109 Ῥώμῃ
2585 1038 2895 1111 βραχιόνων
2924 1059 2982 1093 τε
3012 1040 3265 1112 σώματος
3295 1041 3485 1113 σθένει,

433 1132 722 1202 praecipue
753 1136 946 1185 tamen
980 1132 1261 1201 praeditus
1292 1132 1623 1202 prudentia,

2358 1125 2747 1196 Κοσμοῦμενος
2782 1127 3016 1198 μάλιστα
3048 1130 3246 1183 συνέσει
3279 1127 3467 1198 πλέον,

430 1223 485 1273 et
512 1220 873 1273 sustinendis
904 1218 1116 1289 praeliis
1139 1218 1604 1274 invictissimus:

2357 1212 2459 1267 Καὶ
2490 1215 2806 1288 καρτερικὸς
2831 1216 2882 1268 ἐν
2918 1219 3123 1291 μάχαις
3146 1218 3479 1274 ἀντιπάλων

429 1323 528 1360 rex
557 1307 746 1361 bonus
773 1308 991 1377 pariter
1022 1306 1380 1378 bellatorque
1410 1312 1689 1362 strenuus
1719 1325 1731 1361 :

2358 1302 2525 1371 ’Ἂναξ
2556 1301 2751 1377 ἀγαθὸς
2782 1304 2871 1357 καὶ
2908 1308 3166 1380 μαχητὴς
3197 1304 3477 1380 γεννάδας,

429 1395 747 1464 beneficus,
780 1393 1107 1450 misericors
1139 1396 1424 1466 apprime,

2357 1389 2703 1464 Εὐεργετικὸς
2733 1393 2820 1446 καί
2853 1392 3138 1469 φίλοικτος
3169 1394 3405 1469 είσάγαν,

426 1482 729 1538 benivolus
759 1482 817 1537 in
852 1483 1118 1537 subditos
1149 1487 1205 1538 et
1236 1482 1723 1554 benignissimus,

2179 1479 2319 1532 7865
2356 1478 2648 1548 Ὑπηκόοις
2685 1481 2777 1551 μὶν
2812 1480 3062 1553 εὐμενὴς,
3093 1481 3226 1552 ἡδὺς
3259 1483 3430 1556 μάλα,

428 1570 702 1625 hostibus
728 1569 1155 1636 formidandus,
1192 1568 1601 1640 intolerabilis,

2356 1568 2609 1643 Ἐχθροῖς
2643 1567 2700 1623 δὲ
2729 1569 2949 1646 φρικτός
2978 1571 3065 1625 καὶ
3101 1570 3428 1643 δυσάντητος
3462 1573 3572 1641 θέα,

427 1661 712 1714 creditum
746 1659 859 1713 sibi
890 1657 1203 1730 imperium
1238 1659 1555 1730 prudenter
1585 1662 1757 1713 tuens
1790 1672 1804 1713 :

2357 1656 2798 1729 Ηροκινδυνεύων
2826 1660 3149 1737 προφρόνως
3181 1660 3544 1737 κληρουχίας,

425 1764 595 1802 verus
628 1754 780 1801 recte
811 1749 1095 1802 factorum
1132 1747 1259 1803 fons
1293 1752 1348 1803 et
1370 1746 1705 1815 thesaurus,

2355 1750 2593 1817 Ταμεῖον
2625 1743 2797 1809 ὅντως
2823 1753 2932 1802 τῶν
2965 1747 3279 1823 ἀγαθουργη
3291 1750 3496 1823 μάτων,

426 1842 483 1891 et
514 1852 618 1891 suo
650 1836 1015 1891 consentiens
1050 1836 1293 1905 nomini,
1328 1827 1385 1891 id
1416 1840 1504 1892 est
1528 1834 1820 1908 gratiosus
1852 1848 1865 1890 :
1936 1888 1939 1889 ν

1793 1851 1820 1891 s
1852 1848 1865 1890 ε
1936 1888 1939 1889 ν
2093 1840 2141 1914 Β
2352 1834 2562 1907 Ὀγτως
2593 1838 2999 1911 χαριτώνυμος,
3031 1834 3210 1900 ἔνθεος
3243 1839 3427 1913 χάρις,

426 1951 669 2006 augens,
700 1934 953 1989 dilatans
984 1933 1222 1990 ditionis
1256 1932 1399 1989 lines

2173 1929 2315 1982 7870
2353 1928 2566 2003 Αὕξων,
2596 1928 2883 1986 πλατύνων
2911 1931 3037 1994 τοὺς
3071 1932 3230 2008 ὅρους
3271 1933 3596 2007 Ῥωμαῒδος,

427 2024 626 2092 armis,
659 2023 866 2095 peritia
899 2016 1124 2091 bellica,
1156 2027 1213 2077 et
1243 2022 1510 2090 consilio,

2350 2018 2608 2088 υΟπλοις,
2642 2020 2991 2095 στρατηγίαις
3019 2042 3078 2076 τε
3108 2020 3200 2075 σὺν
3235 2018 3569 2091 εὐϐουλίαις,

421 2128 651 2184 semper
680 2112 740 2166 in
773 2112 952 2166 aciem
987 2113 1226 2180 ducens,
1261 2112 1589 2184 pugnisqde
1619 2128 1948 2179 occurrens,

2356 2106 2582 2181 Συχνῶς
2653 2112 3027 2185 στραταρχῶν,
3091 2110 3366 2185 καρτερῶν
3429 2110 3480 2165 ἐν
3539 2118 3659 2174 ταῖς
3721 2108 3826 2186 μά-

3641 2204 3820 2275 [xum

425 2290 599 2344 urbes
631 2290 885 2344 Romano
915 2287 1217 2343 vindicans
1243 2288 1506 2360 imperio,

2348 2283 2738 2353 Ἐπανασώζων
2766 2286 2861 2347 τὰς
2888 2284 3079 2349 πόλεις
3105 2285 3367 2360 Ῥωμαίδι
3641 2222 3702 2276 [χ

423 2378 752 2449 prudentia,
785 2394 939 2447 voce,
975 2394 1171 2447 manu,
1204 2381 1261 2432 et
1289 2378 1491 2433 Martis
1523 2395 1713 2449 opere,

2346 2372 2567 2442 Γνώσει,
2599 2372 2770 2449 λόγῳ,
2805 2376 3083 2450 πράγματι
3117 2376 3205 2429 καὶ
3236 2375 3395 2451 πείρᾳ
3429 2376 3637 2451 μάχης,

424 2483 571 2537 quas
600 2467 690 2521 vel
725 2466 906 2521 Latini
940 2465 1206 2521 subditas
1238 2465 1349 2521 sibi
1376 2464 1652 2533 fecerant,

2167 2461 2309 2514 7875
2346 2463 2448 2522 ’Ἃς
2482 2462 2567 2538 ὑφ’
2595 2462 2819 2524 ἑαυτοὺς
2851 2460 3107 2534 ὑπέταξαν
3138 2470 3378 2533 Λατῖνοι,

418 2554 504 2610 vel
537 2554 634 2610 alii
666 2559 867 2609 contra
897 2548 1125 2626 imperii
1158 2552 1402 2610 rebelles
1434 2554 1639 2625 perﬁdi
1675 2570 1687 2609 :

2342 2554 2450 2603 τῶν
2480 2546 2728 2606 Αὐσόνων
2760 2550 2807 2605 τ’
2837 2548 2900 2605 αὗ
2932 2552 2995 2606 οὐ
3027 2554 3215 2615 καλῶς
3236 2555 3555 2608 ἀποστάταν

420 2642 618 2698 mitem
648 2659 990 2713 comamque
1020 2641 1274 2698 indolem
1305 2660 1419 2713 prae
1452 2660 1511 2698 se
1546 2638 1756 2712 ferens,

2344 2636 2614 2711 Προσηνὲς
2648 2638 2985 2694 εόὲντευκτον
3014 2641 3147 2708 ἦθος
3168 2640 3450 2711 δεικνύων,

416 2732 737 2801 modestus,
771 2731 930 2786 aditu
965 2730 1169 2801 facilis,
1196 2724 1475 2801 liberalis,

2341 2726 2593 2800 Μέτριος,
2629 2725 2802 2797 εὐθὺς,
2835 2726 3173 2801 εὐπρόσιτος,
3207 2729 3438 2805 χαρίεις,

416 2821 837 2875 monachorum
874 2837 1140 2875 reverens
1171 2822 1227 2876 et
1253 2818 1646 2891 sacerdotum,

2338 2815 2530 2884 Τιμῶν
2560 2810 2840 2889 μοναχοὺς
2872 2816 2961 2869 καὶ
2988 2820 3123 2871 θεοῦ
3156 2815 3490 2887 θυηπόλους,

410 2912 716 2980 episcopos
748 2904 1089 2980 angelorum
1126 2908 1312 2964 instar
1343 2908 1587 2971 habens,
1963 2961 1981 2980 ,

1963 2961 1981 2980 ο
2160 2902 2300 2955 7888
2339 2902 2453 2957 Ἴσα
2476 2901 2741 2977 προσεῖχε
2772 2900 2820 2956 δ’
2852 2901 3098 2978 ἀγγέλοις
3129 2906 3468 2982 amatum,

409 2997 554 3051 nihil
584 2998 641 3051 in
675 2996 1088 3052 ecclesiasticis
1123 2996 1447 3052 immutans
1480 2996 1763 3067 moribus,

1737 3015 1763 3067 ι,
2339 2988 2659 3059 Ἐκκλησίας
2688 2987 2851 3064 ἔθιμα
2881 2992 2954 3064 μὴ
2990 2995 3371 3070 παρατρέπων,

408 3085 863 3157 apostolicorum
897 3084 1238 3155 dogmatum
1272 3082 1543 3139 laudator

2337 3077 2747 3133 Ἀποστολικῶν
2782 3074 3066 3154 δογμάτων
3098 3082 3348 3153 ὶπαινέτη
3360 3104 3405 3151 ς,

406 3178 881 3244 statutarumque
914 3190 946 3226 a
980 3171 1244 3226 Patribus
1276 3171 1610 3243 regularum
1646 3191 1659 3230 :

2072 3197 2117 3266 Ο
2333 3165 2437 3220 Καὶ
2468 3171 2573 3220 τῶν
2605 3170 2878 3241 πατρικῶν
2906 3168 2995 3222 καὶ
3026 3168 3209 3242 νόμων
3238 3175 3344 3225 τῶν
3372 3174 3657 3244 κειμένων,

404 3271 627 3341 ingenti
659 3271 728 3325 ad
762 3286 854 3323 res
886 3262 1191 3340 praeclaras
1224 3269 1551 3323 instructus
1582 3269 1801 3336 animo,

2078 3252 2117 3266 ν
2331 3252 2562 3327 Ῑλιώμην
2600 3254 2989 3331 μεγαλόψυχον
3025 3257 3077 3312 ἐν
3108 3258 3301 3321 καλοῖς
3333 3259 3496 3337 ἔχων·

405 3360 575 3427 cujus
610 3360 971 3412 demonstrat
1001 3350 1404 3412 liberalitatem

2153 3352 2295 3406 7885
2334 3352 2537 3427 Δεῖγμά
2565 3373 2617 3406 τι
2650 3355 2810 3429 σαφὲς
2835 3354 2934 3422 τῆς
2967 3347 3405 3432 μεγαλοδωρίας,

404 3451 722 3517 martyrum
756 3444 1100 3499 salutarium
1132 3445 1457 3500 coenobium
1495 3438 1709 3514 nobile,

2333 3441 2488 3508 Μονὴ
2523 3438 2962 3516 περιθρύλλητος
2995 3444 3028 3511 ἡ
3060 3448 3168 3497 τῶν
3200 3439 3542 3520 σωσᾶνδρων,

404 3535 553 3603 quod
590 3534 791 3586 mundi
827 3534 1044 3587 dicitur
1075 3535 1280 3587 merito
1314 3528 1685 3589 miraculum.

2328 3529 2397 3584 Ἦ
2431 3526 2641 3600 μᾶλλον
2676 3526 2863 3601 εἶπεῖν,
2897 3531 3075 3604 θαῦμα
3103 3539 3202 3601 τῆς
3232 3524 3579 3607 οἰκουμένης.

401 3625 506 3678 Sed
539 3622 693 3677 enim
722 3623 909 3677 brevis
943 3623 1206 3692 quaedam
1239 3616 1535 3678 interdum
1568 3622 1782 3680 nebula

2329 3616 2478 3684 Πλὴν
2514 3619 2627 3691 εἶχε
2663 3616 2853 3691 μικρὸν
2890 3623 3171 3690 συσκιάζον
3209 3623 3460 3697 βραχέως

397 3712 681 3767 virtutum
713 3711 839 3779 ejus
873 3709 1054 3764 solem
1084 3711 1448 3778 infuscabat;

2328 3706 2448 3759 Τῶν
2478 3706 2684 3778 ἀρττῶν
2716 3704 2877 3774 ἥλιον
2910 3707 3076 3762 αὐτοῦ
3107 3731 3155 3763 τι
3188 3709 3362 3786 νέφος·

398 3800 616 3856 amoris
644 3799 985 3853 vincebatur
1014 3792 1364 3871 quandoque
1391 3792 1699 3856 illecebris.

1695 3844 1699 3854 ι
2149 3794 2290 3847 7890
2329 3794 2566 3863 ’Ήττητο
2599 3793 2780 3868 βραχὺ
2812 3802 2911 3864 τῆς
2932 3793 3329 3871 ἐρωτοληψίας.

396 3890 533 3943 Erat
562 3892 617 3942 et
648 3888 759 3958 ipsi
789 3888 1097 3959 splendida
1124 3889 1231 3943 tori
1266 3882 1423 3944 socia

2325 3882 2594 3955 Ὑπῆρχεν
2623 3874 2767 3955 αὖτῷ
2798 3885 2885 3938 καὶ
2918 3886 3142 3962 σῦζυγος
3174 3882 3335 3942 ὀλϐία

397 3977 561 4031 Irene
594 3977 769 4030 decus
802 3976 1052 4048 inclytus
1082 3978 1436 4047 reginarum,

2326 3969 2533 4045 Εἲρήνη
2570 3969 2798 4044 λαμπρά
2829 3970 3160 4046 βασιλισσῶν
3194 3971 3255 4030 τὸ
3286 3976 3468 4045 κλέος,

400 4082 537 4136 pars
567 4064 785 4133 optima
817 4065 1096 4136 conjugii,
1130 4066 1343 4120 eximia
1372 4057 1620 4135 indoles,

1619 4115 1620 4121 γ
2324 4052 2493 4131 Μερὶς
2524 4059 2697 4133 ἀγαθή
2730 4062 2819 4114 καὶ
2850 4060 3006 4135 φύσις
3033 4061 3253 4135 ἐξαισία,

394 4154 463 4208 ad
499 4170 591 4208 res
621 4154 905 4223 gerendas
935 4153 1141 4208 aemula
1171 4154 1524 4220 auxiliatrix,

2323 4148 2534 4217 Βοηθὸς
2566 4140 2905 4220 ἀνθαμιλλος
2938 4150 3012 4211 εἰς
3043 4153 3108 4205 τὰ
3138 4155 3392 4226 πρακτέα,

392 4240 577 4294 virilis
609 4240 819 4294 mulier
842 4240 1044 4294 animi.
1082 4241 1177 4294 Dei
1206 4257 1493 4309 reverens,

2144 4237 2285 4291 7895
2324 4230 2567 4309 Ἀνδρεία
2598 4236 2734 4311 γυνὴ
2768 4236 2857 4290 καὶ
2889 4238 3015 4293 Θεὸν
3044 4235 3383 4317 φοϐουμένη,

392 4328 789 4399 magnanima,
822 4327 1055 4397 pudica,
1091 4327 1317 4383 novella
1345 4330 1583 4398 Debora,

2323 4326 2530 4395 Σεμνὴ,
2568 4322 2975 4400 μεγαλόψυχος,
3008 4325 3151 4397 ἄλλη
3187 4325 3428 4403 Δεϐώρα,

388 4433 551 4487 aeque
577 4433 707 4471 cum
739 4418 862 4471 viro
895 4416 1188 4487 publicam
1221 4433 1341 4470 rem
1374 4417 1733 4488 gubernans;

2321 4413 2446 4486 Οὐχ
2474 4415 2638 4479 ἧττον
2669 4410 2861 4487 ἀνδρὸς
2893 4411 3150 4471 διὲπουσα
3178 4418 3239 4472 τὸ
3269 4418 3485 4493 κράτος,

389 4522 709 4576 gravesque
741 4522 936 4561 secum
970 4505 1129 4574 regni
1161 4523 1334 4560 curas
1365 4507 1627 4561 dividens
1662 4525 1674 4561 :

2062 4551 2106 4581 ῃ
2318 4498 2420 4555 Καὶ
2452 4500 2876 4577 συνδιαφέρουσα
2905 4503 3044 4575 τῷδε
3082 4502 3387 4581 φροντίδας,

389 4551 707 4576 cuna,"
741 4551 936 4561 ww---
970 4551 1129 4574 ηε...
1164 4551 1334 4560 μην
1366 4551 1626 4561 mu"..-
1663 4551 1674 4561 .

389 4602 607 4657 femina
638 4600 1025 4671 pientissima,
1058 4606 1284 4657 morata
1313 4603 1653 4670 admodum,

2318 4551 2416 4555 --νγ
2459 4551 2471 4553 ~
2492 4551 2505 4553 -
2529 4551 2535 4555 τ
2560 4551 2876 4577 τ--τῑ-ιννηττ
2917 4551 3044 4575 *τ’*
3085 4551 3208 4581 Tr"
3229 4551 3364 4569 """0

2060 4551 2107 4617 Ι)
2314 4585 2674 4660 Πανευλαόής
2703 4613 2761 4645 τε
2791 4593 3012 4665 κοσμία,
3044 4595 3164 4666 ξένη
3198 4597 3373 4673 φύσις,

390 4694 563 4760 atque
594 4689 897 4744 Amalthea
927 4707 1145 4760 verum,
1180 4695 1243 4744 ut
1273 4691 1459 4757 aiunt,
1493 4707 1692 4745 cornu.

2135 4689 2278 4742 7900
2316 4684 2490 4760 Κέρας
2518 4687 2845 4761 Ἀμαλθείας
2873 4713 2930 4746 τε
2963 4697 3163 4769 σαφῶς,
3207 4694 3283 4756 ὡς
3314 4693 3493 4768 λόγος,

387 4777 572 4845 Hujus
604 4793 751 4847 opus
783 4779 999 4831 mirum
1035 4783 1091 4831 et
1121 4778 1585 4848 pulcherrimum

2316 4778 2414 4839 Ἢς
2446 4772 2605 4851 ἔργον
2640 4776 2925 4853 ἀμήχανον
2963 4778 3036 4843 εἷς
3064 4780 3305 4845 κάλλους
3338 4785 3523 4858 Λόγον,

385 4868 505 4917 arte
536 4864 710 4918 simul
746 4870 802 4918 et
834 4882 1193 4920 marmorum
1226 4864 1499 4922 varietate

2312 4865 2612 4938 Εὐτεχνίας
2643 4887 2701 4920 τε
2735 4868 3039 4943 μαρμάρων
3072 4871 3374 4944 ποικιλίας,

383 4951 613 5007 Prusaza
642 4951 701 5006 in
733 4954 875 5008 urbe
908 4954 1289 5009 Praecursoris
1320 4955 1636 5025 templum;

2310 4954 2370 5009 Ὀ
2402 4948 2729 5026 Προδρόμου
2761 4952 3052 5019 κάλλιστος
3083 4958 3133 5011 ἐν
3167 4960 3383 5033 Προύσῃ
3414 4952 3602 5033 δόμος,

380 5040 531 5110 quod
568 5041 967 5095 sanctuarium
1000 5042 1243 5096 tradidit
1274 5042 1649 5097 incolendum

2308 5043 2404 5098 ’Ὸν
2434 5036 2509 5104 εἷς
2538 5048 2780 5114 σεμνεῖον
2812 5043 3129 5120 καθίδρυσεν
3161 5046 3352 5111 ὶνθὲως

380 5145 412 5181 a
443 5144 504 5182 se
534 5129 843 5183 fundatum
881 5131 1182 5185 monachis
1215 5131 1435 5202 Deique
1466 5131 1722 5186 famulis.

2130 5133 2273 5186 7905
2310 5126 2676 5204 Μονοτρόπων
2711 5127 2767 5185 εὖ
2787 5133 2875 5187 καὶ
2910 5132 3216 5210 λατρευτῶν
3249 5139 3473 5210 Κυρίου.

380 5217 495 5287 Ipsi
529 5217 839 5288 placebant
870 5220 1024 5274 docti
1055 5221 1318 5291 apprime
1345 5219 1633 5289 homines,

2307 5218 2453 5287 Αὕτη
2487 5215 2667 5292 λόγων
2700 5214 2917 5297 ἔστεργε
2946 5224 3177 5300 πατέρας
3200 5224 3370 5297 μάλα,

380 5306 651 5360 monachi
684 5323 914 5378 quoque
946 5312 1001 5362 et
1031 5308 1128 5361 Dei
1163 5310 1517 5379 sacerdotes,

2278 5305 2695 5381 ’Μονοτρὸπους
2728 5304 2790 5362 αὗ
2821 5312 2907 5364 καὶ
2943 5317 3076 5366 Θεοῦ
3108 5314 3437 5383 θυηπόλους,

374 5398 431 5448 et
463 5394 803 5449 sublevabat
834 5396 1042 5466 opibus
1080 5393 1235 5451 laute
1265 5412 1499 5468 egenos.

2307 5395 2409 5450 Καὶ
2442 5394 2549 5448 τῶν
2581 5398 2829 5467 πενήτων
2862 5400 2927 5467 ἦν
2956 5414 3063 5474 χορ
3077 5401 3254 5476 ηγέτις
3286 5403 3430 5473 ξένη.

374 5483 444 5535 Αι
474 5499 608 5537 vero
642 5485 828 5539 Caesar
855 5502 1005 5555 aegro
1040 5486 1257 5540 ferebat
1288 5486 1484 5540 animo

2309 5487 2400 5554 Τῷ
2428 5481 2472 5536 δ’
2501 5482 2600 5537 οὐκ
2630 5485 2843 5539 ἀνεκτὸν
2875 5489 2939 5555 ἦν
2974 5484 3196 5560 βλέπειν
3231 5491 3554 5568 στεφηφόρῳ

379 5572 668 5625 Romanos
702 5572 857 5627 brevi
891 5573 1043 5627 linea
1074 5572 1377 5629 conclusos
1411 5571 1581 5641 fines,

2130 5576 2272 5631 7910
2312 5570 2455 5634 Τοὺς
2485 5572 2829 5645 Ῥωμαϊκοὺς
2860 5575 3325 5650 εὐπεριγράπτους
3356 5579 3536 5653 ὅρους,

377 5663 552 5729 atque
584 5660 837 5716 universi
870 5654 1092 5717 vineam
1128 5662 1356 5733 imperii

2306 5663 2411 5731 Τήν
2442 5658 2687 5732 ἄμπελόν
2714 5678 2775 5717 τε
2802 5666 2901 5733 τῆς
2929 5658 3066 5734 δλης
3098 5666 3430 5743 κραταρχίας
