4138 6296
439 354 547 409 295
1643 358 2011 410 EPHREMII
2050 358 2085 410 C

2198 357 2617 413 ONOGRAPHI
3714 357 3831 411 296

444 496 618 550 quam
653 480 722 535 de
754 479 954 535 Latino
981 478 1182 534 retulit
1205 478 1479 547 exercitu,

441 583 779 639 compressa
809 569 1071 623 hostium
1105 568 1335 623 tumida
1365 568 1662 639 superbia,

447 657 621 711 urbes
653 674 787 711 cum
820 656 1128 712 territoriis
1161 656 1483 727 occupavit,

443 744 726 800 Lentiana
750 745 952 800 statim
985 750 1162 815 atque
1192 748 1624 813 Pcemanenum,

442 831 760 888 Cbarioron
787 833 996 887 deinde
1027 837 1083 886 et
1116 832 1516 889 Vervenicum.

443 920 605 975 Idem
636 921 947 993 longarum
982 921 1218 976 navium
1250 922 1438 976 classe
1471 921 1779 989 instructo,

444 1008 693 1065 multam
730 1010 947 1065 Latinis
974 1010 1268 1081 praebebat
1297 1008 1626 1064 molestiam

442 1096 604 1167 ipsos
636 1098 979 1168 aggrediens
1010 1102 1168 1152 terra
1197 1098 1464 1169 marique
1496 1097 1730 1168 sazpius,

445 1187 671 1256 praedas
699 1187 1016 1254 abducens,
1054 1204 1155 1257 pro
1188 1187 1408 1242 viribus
1440 1192 1717 1253 atterens,

442 1367 616 1422 urbes
648 1366 884 1421 illorum
909 1366 1085 1421 armis
1117 1366 1514 1437 intercipiens,

442 1474 589 1528 quas
619 1457 770 1512 inter
798 1457 1095 1527 Madytum
1127 1461 1182 1510 et
1212 1455 1584 1526 Calliupolin,

440 1562 574 1600 cum
606 1543 998 1614 circumjectis
1030 1542 1197 1614 pagis
1228 1559 1293 1598 ac
1322 1543 1653 1599 territoriis.

438 1633 623 1703 Atque
653 1632 714 1686 in
744 1631 839 1686 his
871 1632 1041 1687 bellis
1072 1632 1213 1687 dum
1244 1636 1507 1687 versatur
1538 1630 1747 1697 Caesar,

441 1718 512 1773 ab
544 1718 873 1774 Andronico
904 1718 1125 1789 patitur
1154 1719 1400 1773 insidias

436 1804 719 1874 patruelis
750 1805 892 1871 ﬁlio,
923 1806 1211 1875 Nestongo
1245 1807 1420 1871 dicto,

435 1894 535 1964 qui
569 1894 905 1963 conjuratos
936 1894 1142 1949 habuit
1174 1893 1326 1948 viros
1358 1892 1581 1948 nobiles

430 1982 662 2036 fratrem
690 1982 966 2051 Isacium,
1004 1989 1174 2052 atque
1204 1980 1660 2036 Tarchaniotam

428 2070 825 2141 Synadenum,
858 2075 915 2125 et
945 2069 1360 2139 Phlamulium,
1394 2073 1453 2123 et
1484 2068 1809 2124 Macrinum

429 2156 869 2212 haeteriarcbam
904 2173 1204 2228 magnum,
1239 2156 1504 2228 aliosque
1535 2154 1752 2227 plures.

433 2246 511 2301 Re
542 2246 775 2317 cognita
805 2247 1142 2317 imperator,
1179 2250 1436 2301 cremata
1466 2245 1674 2311 classe,

431 2332 604 2388 celeri
635 2350 806 2387 cursu
840 2351 898 2389 se
932 2335 1147 2404 recepit
1178 2333 1432 2404 Ochyras
1467 2349 1481 2387 :

430 2421 529 2475 ubi
561 2421 947 2492 questionem
981 2422 1051 2476 de
1078 2422 1312 2493 negotio
1345 2422 1688 2489 instituens,

432 2510 737 2576 praedictos
767 2510 949 2580 culpae
983 2510 1197 2580 reperit
1228 2510 1460 2566 afﬁnes.

432 2599 619 2662 Quare
650 2598 1012 2668 Nestongum
1046 2599 1307 2668 primarii
1342 2600 1422 2653 rei
1458 2600 1720 2667 fratrem,

434 2686 879 2757 Macrinumque
912 2686 1111 2753 simul,
1146 2687 1417 2742 multavit
1446 2687 1631 2742 oculis
1665 2704 1677 2741 :

439 2773 586 2829 alios
620 2774 889 2843 inclusit;
923 2776 1326 2831 Andronicum
1360 2777 1573 2847 pariter

434 2862 645 2918 vinclis
678 2864 991 2934 Magnesiae
1022 2865 1469 2921 custodiendum
1501 2864 1763 2933 tradidit,

438 2952 592 3006 unde
622 2951 672 3005 is
702 2951 939 3023 elapsus
970 2952 1115 3007 abiit
1144 2954 1213 3007 ad
1247 2955 1484 3009 Turcas.

437 3038 515 3093 Ex
547 3038 646 3094 illo
678 3044 873 3094 autem
900 3045 1161 3111 tempore
1194 3042 1511 3112 imperator

436 3129 681 3183 armatis
712 3145 773 3184 se
803 3129 1148 3184 custodibus
1178 3130 1604 3199 circumsepsit,

434 3216 506 3272 ob
538 3216 798 3288 corporis
830 3216 1071 3272 tutelam
1105 3221 1280 3287 atque
1308 3217 1456 3286 vitae,

440 3305 663 3361 omissa
687 3306 810 3375 jam
844 3304 1034 3376 priore
1064 3304 1338 3360 facilitate

439 3392 727 3463 simplicis
760 3392 941 3447 moris
966 3396 1023 3448 et
1051 3393 1252 3463 procul
1284 3394 1640 3465 suspicione.

440 3484 631 3550 Atque
662 3480 731 3535 ad
766 3479 874 3535 hoc
906 3480 1084 3535 etiam
1113 3482 1461 3552 adjutricem
1495 3482 1722 3550 habuit,

441 3568 554 3622 tori
587 3572 915 3623 consortem
947 3573 1005 3623 et
1033 3570 1164 3624 vitae
1191 3568 1547 3639 subsidium,

437 3654 590 3709 virili
623 3656 928 3726 praeditam
962 3656 1173 3728 spiritu
1207 3658 1466 3729 reginam

440 3748 618 3813 atque
649 3743 829 3814 regali
859 3745 931 3799 ad
963 3761 1055 3800 res
1086 3747 1369 3817 gerendas
1400 3747 1619 3814 indole,

438 3833 687 3899 Irenem,
719 3848 921 3902 parem
951 3834 1197 3900 nomini,
1230 3840 1523 3891 auctorem
1556 3837 1738 3909 pacis.

432 3918 564 3973 Jam
596 3935 732 3973 cum
765 3920 950 3975 Italici
983 3929 1290 3978 cernerent
1319 3924 1525 3979 inutile

442 4023 474 4062 a
505 4022 566 4062 se
596 4012 937 4077 susceptum
969 4009 1187 4065 bellum
1222 4016 1421 4067 contra
1451 4013 1752 4081 Caesarem,

440 4094 602 4166 pacis
635 4111 770 4150 cum
805 4095 933 4167 ipso
965 4098 1153 4154 foedus
1187 4100 1537 4172 pepigerunt
1569 4119 1583 4158 :

440 4187 498 4236 et
528 4183 670 4237 urbe
702 4183 937 4253 quidem
973 4184 1139 4256 Pegis
1171 4194 1542 4243 excesserunt

439 4274 612 4340 atque
642 4269 773 4326 aliis
810 4271 1044 4343 oppidis
1073 4273 1497 4345 territorisque,

442 4362 728 4428 quotquot
759 4360 830 4414 ad
864 4364 1146 4416 Austrum
1182 4363 1351 4419 nobis
1382 4368 1547 4418 erant
1578 4366 1800 4436 posita:

444 4446 545 4500 sed
579 4445 869 4502 borealem
901 4448 1159 4519 Byzantii
1190 4449 1464 4506 viciniam

448 4534 839 4603 retinuerunt,
871 4552 1002 4591 cum
1034 4537 1315 4609 Bithyniae
1349 4540 1638 4611 partibus.

443 4621 729 4695 Deinceps
761 4639 889 4678 vero
921 4624 1085 4695 quies
1115 4642 1148 4679 a
1177 4626 1346 4681 bellis
1372 4633 1515 4683 erat.

446 4709 563 4765 lloc
597 4726 791 4765 rerum
824 4715 1003 4780 statu,
1037 4712 1190 4769 cives
1222 4714 1557 4773 Orestiados

444 4796 684 4852 mittunt
715 4799 786 4853 ad
819 4799 1104 4855 Caesarem
1136 4801 1487 4874 legationem
1518 4805 1865 4877 supplicem,

442 4884 608 4939 valde
639 4890 915 4955 rogantes
948 4888 1345 4953 utsubmisso
1378 4893 1629 4950 exercitu

440 4972 707 5043 ipsorum
743 4974 949 5029 urbem
980 4978 1140 5045 gravi
1173 4976 1511 5035 Latinorum

446 5064 701 5132 ereptam
726 5061 871 5132 jugo
900 5061 1155 5120 libertati
1189 5066 1473 5124 redderet.

449 5152 504 5205 Is
536 5166 668 5221 ergo
699 5167 833 5207 cum
868 5154 1124 5210 exercitu
1158 5156 1359 5213 statim
1392 5159 1552 5216 misit

449 5242 929 5309 protostratorem
963 5244 1109 5297 Isem
1142 5248 1201 5299 et
1229 5249 1644 5320 Cammytzem,

449 5325 549 5396 qui
584 5328 874 5399 progressi
905 5329 1067 5395 illuc,
1101 5332 1158 5387 in
1190 5334 1394 5390 urbem
1427 5337 1595 5393 facile

450 5415 650 5485 pronis
681 5418 899 5489 excepti
931 5418 1079 5474 votis
1113 5426 1513 5491 penetrarunt.

521 5556 641 5644 (19).
670 5560 1232 5644 Acropolitatribuit
1261 5564 1369 5644 hoc
1400 5583 1719 5644 cognomen
1751 5571 2085 5644 Synadeno;

485 5631 511 5683 t
538 5628 902 5700 Ephraemius
931 5632 1162 5689 videtur
1190 5634 1373 5693 lsacio
1408 5628 1566 5696 davre.

2111 483 2167 546 Α
2370 482 2481 549 Τὴν
2510 486 2617 536 τῶν
2652 480 2873 539 Ἰταλῶν
2908 482 3157 557 στρατιὰν
3189 481 3323 536 κατὰ
3351 480 3568 555 κράτος,

2366 570 2467 624 Καὶ
2499 569 2739 633 καθελὼν
2772 574 2920 648 σφῶν
2952 571 3041 624 τὸν
3079 568 3463 646 μεγαλόψυχον
3493 568 3684 645 τόφον,

2367 658 2519 729 ’ᾙρει
2545 656 2738 719 πόλεις
2769 659 2956 733 χώρας
2983 679 3041 712 τε
3067 664 3189 722 ταῖς
3219 657 3591 731 στρατηγίαις,

2363 748 2623 799 Λεντιανά
2650 766 2708 799 τε
2739 748 3088 819 Ποιμανηνὸν
3118 746 3333 816 αὐτίκα,

2186 832 2327 885 ’7975
2364 832 2460 884 Καὶ
2490 827 2808 902 Βερϐενίκον
2841 834 2929 887 καὶ
2956 832 3224 909 Χαρίορον
3258 831 3450 890 πάλιν.

2363 919 2679 991 ΙΙηΕάμενος
2714 918 2769 975 δὲ
2798 922 2889 975 καὶ
2919 926 3049 977 νεῶν
3082 926 3302 996 μακρῶν
3336 919 3529 975 στόλον

2361 1011 2599 1082 Παρεῖχε
2628 1008 2815 1063 πολλὰ
2846 1009 3142 1084 πράγματα
3170 1015 3286 1071 τοῖς
3318 1011 3592 1076 Λατίνοις,

2364 1095 2459 1151 Ἐκ
2485 1103 2585 1170 γῆς
2619 1096 2785 1151 ἐπιὼν
2814 1097 2903 1151 καὶ
2937 1097 3213 1167 θαλάσσης
3254 1094 3549 1167 πολλάκις,

2364 1183 2467 1239 Καὶ
2528 1189 2659 1260 σφᾶς
2719 1185 2995 1240 σκυλεύων
3044 1186 3133 1240 καὶ
3182 1190 3361 1247 κακῶς
3402 1183 3543 1259 δρῶν
3591 1185 3665 1245 ὡς
3714 1188 3846 1248 σθέ-

3630 1277 3768 1346 [νος,

2185 1360 2326 1414 7980
2366 1360 2469 1415 Καὶ
2500 1362 2592 1421 τὰς
2627 1362 2715 1416 ὑπ’
2746 1362 2942 1425 αὐτοὺς
2970 1357 3415 1437 παραλαμϐάνων
3448 1360 3665 1433 πόλεις,

2366 1445 2616 1503 Μάδυτον
2650 1449 2762 1504 εἷλε
2788 1451 2876 1504 καὶ
2908 1449 3069 1505 πόλιν
3096 1451 3195 1518 τήν
3222 1448 3466 1506 Καλλίου

2363 1534 2467 1589 Σὺν
2488 1542 2605 1598 τοῖς
2636 1538 2785 1611 πέριξ
2820 1538 2982 1593 ἅπασι
3016 1538 3245 1613 χωρίοις
3268 1538 3482 1606 τόποις,

2365 1622 2601 1686 Ταύταις
2633 1630 2983 1699 κρατοῦντος,
3014 1621 3449 1700 ἐμϐραδύνοντος
3482 1624 3710 1697 μάχαις,

2361 1711 2657 1767 Καττύεταί
2694 1714 2746 1767 oi
2772 1716 2899 1787 παρ’
2932 1711 3277 1789 Ἀνδρονίκου
3305 1714 3479 1787 λόχος

2109 1838 2154 1898 Β
2184 1802 2325 1855 7985
2364 1798 2818 1879 Πρωτεξαδέλφου
2850 1798 3150 1876 Νεστόγγου
3179 1823 3240 1876 γε
3268 1800 3596 1872 τούπίκλην,

2363 1888 2691 1965 Συνίστορας
2721 1888 2942 1964 ἔχοντος
2974 1887 3170 1964 ἄνδρας
3202 1890 3471 1963 ἐντίμους,

2362 1980 2624 2033 ’ῐσαάκιον
2656 1978 2802 2033 σύναι
2814 2000 2912 2051 μον
2939 1979 3335 2054 Ταρχανιώτην
3369 1980 3482 2050 (79)

2362 2069 2463 2125 Kal
2496 2067 2803 2139 Συναδηνὸν
2833 2069 2922 2123 καὶ
2954 2066 3316 2141 Φλαμούλιον
3358 2068 3542 2143 μέγαν,

2359 2159 2772 2233 Ἐταιρειάρχην
2805 2159 3119 2231 Μακρηνὸν,
3154 2155 3295 2211 ἄλλο
3327 2162 3537 2232 στῖφος·

2182 2250 2323 2303 7990
2358 2249 2419 2299 Ὃ
2448 2247 2611 2321 γνοὺς
2645 2245 2902 2320 βασιλεὺς
2929 2247 3016 2299 καὶ
3051 2244 3180 2319 πυρὶ
3214 2243 3339 2306 δοὺς
3368 2245 3458 2299 τὸν
3493 2244 3690 2300 στόλον

2364 2335 2502 2409 Πρὸς
2532 2334 2628 2395 τὰς
2658 2334 2897 2409 Ὀχυρὰς
2927 2336 3039 2406 (80)
3069 2334 3165 2401 τὴν
3199 2328 3359 2387 πόλιν
3392 2332 3713 2407 ἀποτρέχει·

2357 2424 2524 2479 Κάκεῖ
2549 2423 2612 2477 τὸ
2641 2429 2868 2498 πρᾶγμα
2898 2420 3021 2483 δοὺς
3054 2422 3272 2495 ὲτασμῷ
3300 2422 3387 2475 καὶ
3419 2421 3592 2496 κρίσει

2359 2513 2710 2576 Ὑπευθόνους
2743 2512 2938 2586 εὕρηκε
2966 2512 3093 2573 τοὺς
3125 2511 3467 2583 εΐρημένους.

2362 2600 2458 2654 Καὶ
2488 2607 2534 2655 Ν
2543 2601 2792 2676 εστόγγον
2824 2600 2917 2672 μὲν
2952 2599 3211 2674 σύγγονον
3231 2602 3614 2674 πρωτεργάτου

2179 2690 2321 2742 7995
2360 2687 2461 2743 Kal
2490 2688 2581 2741 τὸν
2607 2687 2896 2761 Μακρηνὸν
2929 2686 3206 2760 ἐπέρησεν
3241 2688 3531 2759 ὁμμάτωψ

2360 2776 2637 2850 Καθεῖρξεν
2669 2773 2893 2837 ἄλλους·
2925 2776 3015 2829 τὸν
3051 2772 3097 2828 δ’
3130 2772 3476 2849 Ἀνδρόνικον
3504 2772 3671 2828 πάλιν

2359 2862 2562 2937 Είρκτῇ
2595 2860 2960 2938 παραδίδῶσιν
2989 2862 3039 2915 ἐν
3075 2862 3359 2937 Μαγνησίᾳ

2359 2951 2473 3026 Ἀφ’
2503 2952 2569 3018 ἧς
2601 2948 2840 3025 ἀποδρὰς
2871 2947 3037 3025 ᾤχετ’
3068 2951 3144 3014 εἰς
3172 2952 3270 3019 τὴν
3306 2948 3560 3025 Περσίδα.

2354 3040 2449 3095 Ἐκ
2476 3036 2624 3093 τοῦδ’
2655 3039 2829 3110 ἑαυτῷ
2860 3038 3053 3092 Λοιπὸν
3093 3039 3120 3091 ὁ
3152 3040 3490 3116 στεφηφόρος

2182 3129 2323 3183 8000
2362 3126 2642 3202 Φροιιροὺς
2670 3127 2990 3198 περιέστησε
3015 3126 3106 3180 καὶ
3139 3126 3470 3204 ξιφηφόρους

2362 3216 2504 3290 Πρὸς
2533 3212 2780 3292 φυλακήν
2815 3215 3066 3288 σώματος
3098 3216 3133 3283 ἢ
3176 3214 3469 3288 σωτηρίαν,

2359 3303 2702 3378 Ἐλευθερίας
2728 3310 2829 3373 τῆς
2860 3303 2986 3378 πρὶν
3024 3300 3453 3376 ἐκλελησμένος,

2357 3398 2463 3460 Τῆς
2496 3393 2540 3445 0’
2575 3389 2847 3460 ἆπλοϊκῆς
2883 3392 3074 3466 βιοτῆς
3099 3399 3199 3460 τῆς
3233 3390 3481 3466 ἀτέχνου.

2359 3480 2541 3552 Ἐχων
2580 3479 2777 3551 βοηθὸν
2809 3478 2899 3531 καὶ
2931 3480 3176 3554 συνεργὸν
3211 3477 3286 3532 εἷς
3312 3476 3438 3532 τόδε

2180 3570 2321 3621 8005
2360 3565 2632 3621 Κοινωνὸν
2669 3565 2825 3634 εὐνῆς
2855 3565 2942 3619 καὶ
2980 3566 3184 3640 βοηθὸτ
3216 3571 3312 3620 τοῦ
3348 3567 3470 3640 βίου

2361 3655 2474 3721 Τὴν
2508 3652 2815 3729 ἀρρενωπὸν
2850 3652 3006 3726 λῆμα
3036 3651 3517 3727 προσκεκτημένην

2361 3740 2523 3802 Ἥθός
2553 3762 2610 3794 τε
2640 3739 2915 3814 βασίλειον
2946 3740 2998 3796 ἐν
3029 3747 3145 3803 τοῖς
3174 3742 3463 3814 πρακτέοις

2362 3828 2595 3903 Εἰρήνην
2634 3828 2952 3904 βασίλισσαν
2982 3830 3206 3904 εἰρήνης
3233 3827 3378 3885 δότιν

2361 3917 2706 3995 Ἀσύμφορον
2734 3918 3013 3992 κρίναντες
3045 3919 3230 3981 αὐτοῖς
3261 3917 3551 3993 τυγχάνειν

2185 4010 2326 4063 8010
2361 4007 2529 4077 Ἱστᾷν
2562 4005 2765 4063 Ἰταλοὶ
2796 4008 2933 4080 πρὸς
2966 4005 3195 4081 βασιλέα
3228 4009 3430 4082 μάχας,

2366 4096 2644 4160 Συνῆλθον
2678 4095 2824 4166 αὖτῷ
2854 4091 3149 4168 συμϐάσεις
3183 4093 3520 4171 δεδρακότες,

2366 4184 2469 4239 Καὶ
2499 4180 2829 4256 παραδόντες
2861 4181 2991 4238 ἄστυ
3023 4185 3217 4260 Πηγῶν
3252 4184 3468 4248 εὐθέως·

2364 4273 2569 4335 Ἔπειθ’
2602 4272 2951 4333 ὑπεκστάντες
2985 4270 3041 4325 δὲ
3072 4277 3270 4348 χωρῶν
3299 4271 3499 4326 ἀστέων

2364 4365 2479 4414 Τῶν
2511 4361 2645 4432 πρὸς
2674 4360 2830 4415 νότον
2859 4382 2921 4436 γε
2949 4362 3207 4434 κειμένων
3235 4362 3563 4436 κράταρχίᾳ·

2194 4452 2336 4505 8015
2372 4451 2492 4504 Τῶν
2526 4445 2572 4501 δ’
2604 4449 2665 4502 αὗ
2695 4450 2830 4521 πρὸς
2863 4447 3055 4524 ἄρκτον
3090 4449 3322 4520 πλησίον
3354 4448 3701 4520 Βυζαντίδος,

2114 4519 2163 4581 D
2367 4538 2484 4592 Ἓτι
2510 4519 2829 4611 κρατοῦντες
2858 4519 2948 4591 σῦν
2981 4519 3229 4600 Βιθυνίας
3257 4539 3474 4600 τόποις.

2374 4625 2470 4678 Καὶ
2504 4625 2698 4679 λοιπὸν
2734 4624 2872 4693 ὑπῆν
2901 4626 3160 4700 ἀνακωχή
3192 4633 3290 4695 τῆς
3325 4628 3529 4701 μάχης·

2372 4712 2559 4773 Οὕτως
2588 4710 2853 4787 ἐχόντων,
2887 4713 2959 4775 ὡς
2989 4712 3144 4791 ἔφην,
3174 4719 3282 4769 τῶν
3310 4715 3675 4789 πραγμάτων,

2368 4800 2668 4875 Οίκήτορες
2699 4799 2991 4856 στέλλουσι
3022 4803 3157 4877 πρὸς
3200 4802 3423 4877 βασιλέα

2194 4891 2335 4945 8020
2373 4886 2715 4963 Ὀρεστιάδος
2750 4886 3117 4962 λιπαροῦντας
3142 4891 3343 4958 ἱκέτας,

2369 4978 2456 5038 Ὠς
2487 4974 2545 5030 ἂν
2576 4975 2862 5047 σταλείσης
2894 4983 3164 5053 στρατιᾶς,
3193 4978 3399 5034 τούτων
3428 4978 3592 5040 πόλις

2374 5064 2665 5140 Ἐλευθέρα
2692 5065 2903 5141 γένοιτο
2937 5069 3123 5144 χειρὸς
3157 5068 3393 5123 Λατίνων

2372 5157 2517 5211 Μετὰ
2548 5162 2800 5230 στρατιᾶς
2828 5163 3119 5233 τοιγαροῦν
3151 5160 3353 5231 πέμπει
3383 5158 3555 5233 τάχος

2372 5245 2515 5313 Ἰσῆν
2544 5246 3019 5320 πρωτοστράτωρα
3044 5245 3134 5299 σὺν
3164 5251 3243 5318 τῷ
3273 5246 3599 5320 Καμμύτζϊδ,

2198 5336 2339 5390 8025
2377 5329 2444 5389 Ο⁹ί
2472 5332 2570 5400 τήν
2604 5330 2765 5386 πόλιν
2800 5334 3118 5409 φθάσαντες,
3150 5331 3299 5389 ἔνδον
3330 5335 3560 5411 τειχέων

2378 5418 2451 5477 Εὖ
2481 5417 2908 5494 προσδεχθέντες
2937 5419 3257 5495 εἰσέδραμον
3285 5424 3556 5498 ἀσμένως.

2104 3176 2147 3242 C

2197 5574 2379 5703 1“(80)
2413 5574 2527 5630 Hoc
2560 5589 2772 5629 nomen
2802 5590 2854 5630 v.
2886 5575 3045 5643 7757,
3077 5575 3361 5647 singulari
3404 5596 3645 5640 numero
3692 5579 3831 5637 acri-

2241 5663 2256 5701 ι
2290 5663 2379 5703 ur.

2241 5663 2379 5703 ιιυιδ.
