4136 6292
300 405 411 459 297
1324 421 1327 423 ·
1815 402 2182 457 ΟΕΒΔΒΕΒ.

488 529 638 584 Ἐπεὶ
669 525 728 582 δὲ
759 525 1036 602 Θεόδωρος
1069 526 1344 601 Ἀγγέλων
1376 528 1563 600 γὲνους

490 614 699 689 Σχεδὸν
733 623 984 691 κατῆρχε
1012 613 1343 677 Μακεδονίας
1376 615 1535 686 ὅλης,

485 707 600 773 Τῆς
633 705 880 779 γείτονος
911 702 1127 777 Θρᾴκης
1156 724 1216 757 τε
1247 702 1340 756 σὺν
1367 707 1481 763 τοῖς
1511 700 1715 772 κύκλῳ,

305 802 455 858 8030
491 803 656 857 ’Ἀνευ
685 797 956 868 Ῥοδόπης
987 799 1254 874 Ἀχριδοῦ
1285 797 1600 854 Μελενίκου·

491 888 712 945 Τούτων
746 888 851 962 γὰρ
883 889 1026 962 ἦρχε
1057 883 1304 950 Σθλάϐος
1336 883 1742 958 ὠνομασμένος,

495 977 572 1033 Οὔ
603 977 668 1029 τὰ
700 977 815 1030 κατ’
844 975 1001 1029 αὑτὸν
1034 975 1202 1048 ἐξερεῖ
1230 978 1372 1050 τάχα
1404 973 1586 1048 λόγος·

494 1063 646 1121 Ἐπεὶ
679 1071 949 1138 κατῆρχεν
982 1063 1040 1118 ἐκ
1070 1063 1368 1125 Θεσσαλίας
1401 1064 1555 1136 ἄρας,

498 1155 608 1221 Τῆν
640 1149 924 1226 Ἀδριανοῦ
954 1147 1362 1223 καταλαμϐάνει
1393 1150 1574 1220 πόλιν,

320 1243 463 1298 8035
503 1239 598 1294 Καὶ
628 1237 781 1308 τῆσδ’
818 1240 1048 1314 ὑπῆρξεν
1084 1239 1344 1314 ἐγκρατής
1376 1239 1676 1316 συμφωνίᾳ·

501 1325 770 1396 Ἐξηλάθη
804 1331 930 1400 γοῦν
966 1327 1185 1400 στρατιὰ
1217 1325 1485 1400 βασιλέως

495 1417 684 1467 Κακῶν
715 1413 947 1482 ἀπαθὴς,
977 1412 1065 1466 καὶ
1094 1411 1278 1487 τρέχει
1309 1412 1446 1486 πρὸς
1482 1413 1580 1480 τήν
1611 1408 1703 1466 ἕω.

485 1499 642 1556 Οὕτω
673 1500 958 1574 κατασχὼν
995 1499 1276 1572 Θεόδωρος
1304 1501 1401 1568 τήν
1439 1498 1627 1570 πόλιν,

486 1589 600 1643 Ἀεὶ
633 1593 864 1663 παρεῖχε
895 1590 1185 1664 πράγματα
1213 1594 1330 1650 τοῖς
1357 1589 1625 1655 Λατίνοις,

307 1689 450 1744 8040
487 1685 595 1748 Τὰς
626 1689 771 1761 σφων
802 1683 1079 1740 σκυλεὺων
1110 1687 1199 1740 καὶ
1229 1685 1576 1760 κατατρέχων
1609 1684 1819 1746 πόλεις.

494 1773 730 1842 Ἐπῆλθε
767 1775 862 1846 μὲν
897 1773 1066 1848 Βιζὺῃ
1099 1773 1337 1828 Λατίνων
1371 1773 1551 1844 πόλει,

492 1863 629 1933 Πρὸς
662 1859 708 1915 δ’
738 1862 802 1915 αὗ
833 1882 890 1935 γε
921 1861 1109 1936 Βρὺσει
1141 1864 1371 1936 χωρίοις
1405 1863 1452 1925 θ’
1485 1861 1771 1932 ὑπηκόοις,

489 1951 590 2007 Καὶ
621 1970 794 2004 παντα
822 1952 1016 2024 πορθεῖ
1045 1951 1132 2003 καὶ
1162 1949 1407 2005 σκυλεύει
1435 1951 1503 2005 τὰ
1525 1952 1700 2023 πέριξ·

490 2037 885 2111 Ἐπιστρατεὺει
915 2039 1001 2092 καὶ
1040 2037 1204 2112 μέχρι
1238 2036 1590 2108 Βυζαντίδος,

305 2130 453 2184 8045
493 2127 590 2181 Καὶ
619 2133 736 2190 τοῖς
767 2125 999 2187 Ἰταλοῖς
1032 2125 1294 2194 ἐντίθησιν
1327 2123 1555 2180 δειλίαν.

493 2213 664 2278 Οὗτος
693 2216 829 2288 πρὸς
863 2216 1019 2270 Ἀσὰν
1046 2215 1136 2269 τὸν
1167 2218 1467 2289 κρατοῦντα
1498 2213 1830 2287 Βουλγάρων

496 2301 741 2364 Σπονδᾶις
767 2302 927 2367 ἔθηκε
966 2297 1261 2374 συμϐάσεις
1291 2304 1336 2355 τ’
1365 2302 1693 2374 ἐνωμότους·

493 2392 645 2449 Ἀσᾶν
677 2390 724 2446 δ’
756 2392 1000 2466 ὑπῆρχεν
1034 2390 1192 2453 οὗτος
1221 2391 1336 2447 ulti:
1369 2391 1563 2459 Ἀσάνη

493 2483 606 2538 Τοῦ
637 2480 970 2555 Βουλγάρων
1006 2481 1260 2554 ἄρξαντος
1300 2474 1602 2551 ἔμπροσθεν
1636 2479 1857 2552 χρόνου·

316 2572 466 2626 8050
500 2571 689 2631 ’Όστις
718 2570 969 2630 θανόντος
999 2564 1142 2638 τῷδε
1170 2564 1266 2621 τοῖ’)
1295 2566 1662 2641 φυτοσπόρου,

496 2658 593 2711 Καὶ
624 2655 721 2712 τοῖ’)
755 2654 961 2731 Βορίλα
991 2654 1324 2730 Βουλγάρων
1358 2654 1588 2730 σχόντος
1616 2658 1834 2731 κράτος,

497 2747 746 2819 Καθάπερ
775 2746 1032 2818 ἱστόρησε
1062 2745 1265 2820 φθάσας
1301 2765 1392 2814 μοι
1425 2743 1608 2818 λόγος,

495 2835 681 2909 Φυγᾶς
710 2831 917 2907 ἀπὲδρα
948 2833 1085 2906 πρὸς
1118 2833 1325 2893 Σκύθας
1358 2833 1728 2907 παριστρίους·

496 2925 626 2979 Εἶτα
656 2922 916 2985 Σκυθικὸν
952 2922 1213 2976 Ῥωσικὸν
1245 2915 1426 2975 λαϐὼν
1471 2919 1678 2997 στίφος,

304 3027 463 3080 8055
503 3020 948 3094 Ἐπιστρατεὺσας
976 3018 1056 3091 τῷ
1085 3023 1370 3094 κρατοῦντι
1408 3017 1610 3093 Βορίλᾳ

502 3108 874 3167 Ἀνακαλεῖται
905 3108 1006 3176 τὴν
1033 3110 1236 3182 πατρὸς
1261 3107 1628 3182 κληρουχίαν·

501 3199 601 3256 Καὶ
633 3199 767 3253 κατὰ
800 3195 984 3272 μάχην
1019 3196 1379 3268 συμπλακεὶς,
1410 3200 1600 3250 τοῦτον
1631 3197 1834 3270 τρέπει,

498 3287 672 3343 Ἐλών
704 3308 763 3341 τε
791 3284 991 3363 τυφλοῖ
1020 3287 1110 3339 καὶ
1142 3289 1444 3359 κραταρχεῖ
1472 3282 1799 3360 Βουλγάρων

500 3378 640 3450 Πρὸς
667 3372 823 3430 τόνδε
851 3375 1028 3429 τοίνυν
1060 3375 1287 3442 ’Λσάνην
1322 3373 1571 3443 Ἰωάννην

303 3469 458 3524 8060
496 3465 659 3534 Ἀναξ
691 3463 920 3523 ἐπακτὸς
950 3459 1250 3534 Θεόδωρος,
1279 3461 1351 3523 ὠς
1382 3456 1537 3534 ἔφην,

499 3551 794 3627 Εἷρηνικᾶς
823 3552 933 3614 θεὶς
963 3544 1256 3622 συμϐάσεις
1290 3552 1406 3623 μεθ’
1446 3550 1641 3624 ὁρκίων

519 3648 535 3659 ν
581 3641 595 3661 \
671 3647 698 3658 α.
834 3634 886 3656 νὴ
1083 3636 1141 3654 «νὴ
1280 3637 1330 3656 ..ἡ
1533 3639 1543 3659 ι

501 3648 597 3695 [ut
631 3637 798 3710 κηδος
832 3657 978 3714 εορα,
1012 3659 1171 3693 τουοε
1201 3653 1368 3693 παιοα
1399 3643 1605 3714 Μαριαν

502 3730 615 3797 Τὴν
657 3729 715 3782 ἐκ
743 3727 953 3790 νοθείας
981 3722 1311 3800 προσλαϐὼν
1338 3729 1554 3805 νύμφην
1583 3726 1746 3802 φίλην

501 3816 594 3878 Εἷς
625 3813 958 3892 αὐτάδελφον
991 3815 1080 3869 τὸν
1115 3813 1382 3882 Μανουήλ
1414 3814 1675 3887 ἐννόμως.

303 3909 461 3966 8065
502 3905 652 3962 Μετὰ
685 3902 741 3958 δέ
777 3906 965 3979 μικρὸν
1001 3898 1295 3975 συμϐάσεις
1328 3901 1582 3964 διαλύσας

497 3992 594 4047 Καὶ
626 3991 915 4054 συναλίσας
948 3996 1200 4067 στρατιᾶς
1229 3989 1484 4044 πλεῖστον
1517 3990 1721 4066 στίφος,

497 4082 916 4153 Ἐπεστράτευσε
945 4078 1269 4153 Βουλγάρων
1303 4079 1606 4154 ἀρχηγέτῃ·

499 4169 595 4224 Καὶ
627 4168 978 4244 συρῥαγείσης
1009 4167 1060 4238 ἐξ
1091 4164 1354 4240 ἑκατέρων
1391 4166 1575 4242 μάχης

499 4261 696 4316 Ἥτταν
734 4257 966 4328 ὑπέστην
994 4254 1271 4329 Θεόδωρος
1304 4255 1562 4330 ἐσχάτην,

308 4351 460 4408 8070
499 4347 674 4402 Λῦτοῦ
707 4352 958 4420 στρατιᾶς
990 4343 1199 4406 ἀκλεῶς
1233 4343 1560 4418 λελυμένηςο

343 4431 361 4448 ’
498 4435 600 4492 Καὶ
633 4434 913 4510 συσχεθεὶς
943 4432 1198 4508 α’ίσχιοτα
1229 4437 1436 4496 Μυσοῖς
1472 4429 1770 4509 βαρϐάροις

497 4525 643 4599 Πρὸς
674 4525 833 4580 Ἀσὰν
867 4521 1231 4597 αἰχμάλωτος
1264 4523 1490 4597 ἀπήχθη
1516 4520 1688 4584 τάλας

498 4612 644 4667 Μετὰ
675 4609 919 4686 λογάδων
955 4614 1261 4685 προσγενόη
1285 4610 1568 4685 ἐριτίμων,

497 4699 710 4758 Ἀλλου
739 4721 796 4755 τε
824 4698 1041 4754 πολλοῦ
1075 4697 1440 4774 μυριαρίθμου
1473 4697 1712 4774 στίφους.

312 4803 462 4859 8075
499 4797 657 4853 Ἀλλ’
688 4797 919 4866 ’Λσὸἰνης
952 4797 1046 4869 μὶν
1081 4793 1356 4868 Θεόδωρον
1385 4796 1629 4870 κατέχων

506 4884 731 4955 Πολλῆς
764 4885 1046 4960 θεραπείας
1072 4905 1129 4939 τε
1157 4891 1324 4957 τιμῆς
1355 4885 1529 4954 ἠξίου·

499 4975 722 5045 Πλῆθος
755 4971 800 5028 δ’
832 4973 1042 5027 ἁλωτὸν
1076 4971 1255 5026 ἐκλύει
1284 4971 1420 5047 πρὸς
1457 4969 1716 5047 πατρίδας

501 5063 668 5118 ΙΙοσίν
701 5061 1005 5134 ἐλευθέροις
1032 5081 1092 5114 τε
1116 5060 1204 5114 καὶ
1237 5057 1368 5136 δίχα
1394 5053 1565 5132 φόϐου

505 5147 938 5223 Ἐπαναδραμεῖν
971 5149 1031 5204 ἐκ
1060 5146 1449 5226 φιλανθρώπου
1476 5148 1700 5221 τρόπου·

313 5241 465 5299 8080
506 5241 668 5312 Τάχα
699 5235 742 5292 δ’
777 5238 951 5308 ἑαυτῷ
981 5236 1068 5292 καὶ
1099 5235 1265 5300 τιθεὶς
1295 5235 1357 5290 τὸ
1387 5236 1677 5311 συμφέρον·

501 5327 650 5383 Μετᾶ
677 5325 777 5400 γὰρ
809 5325 1074 5380 ἀπόλυσιν
1106 5323 1277 5379 αὐτῶν
1312 5323 1506 5388 εὐθέως

495 5417 644 5470 Μετᾶ
676 5419 928 5488 στρατιᾶς
959 5412 1112 5486 ἐξιὼν
1143 5413 1281 5486 πρὸς
1311 5413 1406 5474 τὰς
1440 5410 1632 5474 πόλεις

499 5505 658 5578 ’ῌρει
685 5522 744 5556 τε
775 5500 968 5563 ταύτας
1002 5500 1238 5575 εὐχερῶς
1272 5501 1394 5555 ἄνευ
1428 5499 1633 5574 μάχης,

499 5591 600 5647 Καὶ
629 5596 745 5652 τοῖς
776 5591 866 5645 ὑπ’
894 5590 1053 5646 αὐτὸν
1084 5591 1363 5644 συνέταττε
1392 5589 1690 5667 φρουρίοις.

320 5685 470 5741 8085
506 5682 613 5751 Τὴν
643 5679 930 5756 Ἀδριᾶνοῦ
958 5674 1372 5754 παραλαμϐἀνέι
1401 5679 1587 5749 πόλιν,

604 5802 873 5862 ΡΑτιιοι..
922 5798 1032 5860 Gn.
1070 5798 1329 5862 CXLIII.

1979 529 2032 590 Α
2062 526 2132 579 At
2162 525 2506 582 Theodorus
2541 527 2636 582 ille
2670 529 2849 600 stirpe
2877 531 3154 601 Angelus,

2065 619 2290 668 cunctm
2323 621 2446 670 erat
2478 633 2656 688 prope
2687 617 3037 672 Macedoniae
3067 618 3361 686 dominus,

2065 700 2451 774 ﬁnitimasque
2480 706 2738 759 Thracia:
2771 723 2899 761 cum
2933 706 3181 762 viciniis.

2067 789 2347 861 Rhodope
2377 799 2618 864 excepta
2647 795 2897 850 Achride
2921 795 3198 850 Melenico
3233 812 3245 849 :

2066 879 2343 949 (namque
2378 879 2467 934 his
2497 881 2668 936 terris
2699 881 3026 952 imperabat
3053 883 3376 953 Sthlabus.)

2064 964 2226 1020 Nunc
2258 984 2360 1036 age
2394 985 2482 1022 res
2510 975 2706 1039 gestas
2730 969 3017 1026 Theodori
3050 972 3235 1026 fabor.

2065 1061 2168 1118 Hic
2200 1080 2228 1118 e
2261 1064 2569 1120 Thessalia
2599 1083 2731 1120 cum
2765 1068 2948 1122 armis
2978 1068 3353 1138 progrediens

2066 1152 2135 1206 ad
2173 1152 2445 1208 Hadriani
2479 1155 2682 1209 urbem
2718 1160 2901 1210 semet
2930 1155 3196 1225 contulit,

2064 1256 2239 1308 quam
2276 1243 2598 1312 occupavit,
2638 1243 2844 1298 incolis
2877 1244 3227 1299 faventibus.

2063 1329 2452 1390 Quamobrem
2486 1331 2620 1384 inde
2649 1331 2902 1400 expulsis
2935 1331 3102 1403 regiae
3133 1334 3310 1403 copia:

2063 1416 2121 1469 in
2155 1417 2439 1471 orientem
2468 1419 2688 1473 rediere
2721 1421 3066 1476 incolumes.

2062 1503 2155 1558 Sic
2188 1505 2528 1561 Theodorus
2556 1509 2700 1561 urbe
2731 1508 2837 1562 hac
2871 1509 3086 1578 potitus

2067 1609 2364 1663 nunquam
2398 1594 2616 1649 Latinis
2649 1612 2763 1650 non
2795 1603 2919 1650 erat
2951 1597 3251 1665 molestus,

2062 1682 2271 1737 horum
2303 1701 2659 1740 concursans
2692 1689 2868 1742 urbes
2899 1693 2955 1742 et
2987 1689 3346 1758 depraedans.

2068 1773 2122 1827 Is
2155 1772 2383 1840 Byziam
2413 1789 2640 1844 quoque
2669 1776 3007 1830 Latinorum
3043 1778 3242 1833 urbem

1983 1876 2032 1940 Β
2064 1861 2274 1915 insedit
2306 1866 2480 1932 atque
2512 1862 2710 1933 Brysin
2746 1880 3046 1935 pagosque
3077 1866 3368 1930 subditos,

2065 1955 2453 2020 cunctamque
2484 1950 2596 2005 late
2627 1951 2868 2022 diripuit
2891 1952 3182 2008 viciniam.

2065 2038 2320 2106 Denique
2350 2039 2604 2109 Byzantii
2642 2040 2854 2094 moenia
2885 2056 3233 2111 progressus
3264 2057 3448 2111 usque

2068 2141 2345 2196 magnum
2383 2126 2598 2181 Italicis
2625 2127 2824 2182 intulit
2854 2129 3142 2184 timorem.

2067 2211 2169 2267 Hic
2199 2229 2332 2267 cum
2364 2217 2552 2268 Asane
2584 2211 2966 2284 Bulgarorum
3000 2230 3136 2284 rege

2059 2303 2324 2372 juratum
2359 2301 2544 2355 fmdus
2575 2301 2844 2356 amicitiae
2880 2302 3118 2373 pepigit.

2067 2389 2202 2443 Erat
2233 2388 2324 2442 hic
2355 2394 2546 2442 autem
2575 2390 2726 2443 Asan
2758 2389 2967 2444 Asanis
2992 2389 3148 2444 filius

2068 2477 2211 2546 Ejus
2239 2475 2339 2546 qui
2372 2474 2511 2529 olim
2546 2476 2869 2546 imperabat
2899 2476 3168 2547 Bulgaria
3203 2494 3215 2531 :

2070 2570 2238 2635 isque
2268 2565 2580 2619 excedente
2610 2565 2727 2621 vita
2761 2570 2994 2636 parente
3026 2582 3159 2631 suo,

2072 2663 2561 2736 Bulgaricumque
2593 2680 2836 2735 regnum
2867 2665 3128 2735 rapiente
3159 2665 3371 2735 Borila,

2069 2753 2245 2808 veluti
2278 2756 2476 2806 nostra
2507 2751 2751 2806 historia
2777 2753 2900 2821 jam
2935 2757 3084 2807 retro
3116 2755 3283 2822 dixit,

2072 2840 2209 2911 fuga
2239 2845 2400 2894 trans
2423 2841 2634 2894 Istrum
2669 2839 2724 2892 in
2757 2839 3048 2910 Scythiam
3083 2847 3341 2896 evaserat
3374 2859 3387 2896 :

2073 2945 2205 2983 mox
2236 2929 2547 2983 comitante
2577 2928 2840 2996 Scythico
2874 2928 3179 3000 Russoque
3211 2930 3397 2985 milite

2072 3016 2422 3072 dominatori
2459 3015 2654 3070 Borilaa
2687 3015 2902 3071 bellum
2933 3017 3211 3085 inferens,

2073 3106 2433 3177 recuperavit
2463 3105 2716 3176 patrium
2751 3105 3059 3176 imperium
3096 3123 3107 3160 :

2072 3194 2347 3248 aemulum
2377 3195 2533 3248 enim
2566 3193 2685 3248 acie
2716 3194 3109 3265 profligatum.

2072 3286 2304 3354 captum
2336 3283 2604 3348 czecavit;
2639 3282 2765 3352 ipse
2792 3299 3036 3354 regnum
3068 3283 3275 3340 tenuit.

2071 3371 2212 3426 Cum
2244 3371 2372 3441 hoc,
2400 3375 2464 3424 ut
2494 3370 2631 3437 dixi,
2663 3372 2849 3425 Asane
2878 3372 3106 3428 Joanne

2073 3475 2330 3514 czesareae
2360 3459 2658 3530 dignitatis
2692 3464 3005 3529 usurpator

2072 3547 2256 3600 foedus
2288 3548 2594 3616 pacificum
2629 3548 2840 3602 statuit
2866 3547 3204 3604 Theodorus
3231 3566 3244 3616 ;

2071 3639 2196 3689 tum
2229 3636 2400 3689 etiam
2431 3636 2800 3702 afﬁnitatem,
2835 3653 2966 3690 nam
3007 3636 3247 3692 Mariam

2073 3723 2240 3777 istius
2272 3723 2509 3778 notham
2546 3723 2921 3792 liliamjustis
2951 3725 3170 3796 nuptiis

2071 3827 2337 3881 germano
2372 3809 2530 3864 fratri
2566 3811 2817 3865 Manueli
2840 3813 3050 3878 junxit.

2070 3909 2180 3963 Sed
2214 3909 2366 3964 enim
2401 3907 2571 3978 paulo
2601 3910 2731 3977 post
2756 3910 3086 3978 contempto
3114 3909 3348 3976 foedere,

2070 4001 2478 4066 contractoque
2509 3995 2760 4065 plurimo
2792 3994 3089 4065 copiarum
3125 4012 3388 4064 numero,

2070 4083 2318 4154 Bulgaro
2349 4083 2640 4154 regnatori
2673 4081 2891 4137 bellum
2921 4082 3120 4137 intulit
3151 4102 3162 4138 :

2072 4187 2205 4227 mox
2235 4169 2720 4226 concurrentibus
2753 4170 3020 4241 utrinque
3051 4171 3271 4226 viribus

2069 4263 2385 4314 extremam
2419 4258 2641 4314 cladem
2677 4259 3017 4314 Theodorus
3051 4259 3308 4329 pertulit,

2069 4350 2197 4418 ejus
2229 4347 2456 4420 dilapso
2485 4349 2734 4420 turpiter
2763 4347 3036 4404 exercitu.

2071 4441 2196 4508 Ipse
2228 4438 2494 4493 indecore
2521 4444 2722 4509 captus
2753 4457 2786 4493 a
2817 4439 3010 4493 Mmsis
3042 4439 3306 4493 barbaris

2070 4525 2269 4580 infelix
2297 4527 2366 4580 ad
2395 4530 2644 4582 Asanem
2687 4526 2916 4580 vinctus
2948 4525 3184 4580 ducitur

2070 4630 2204 4669 cum
2235 4614 2468 4670 selectis
2499 4613 2793 4668 nobilibus
2825 4619 2883 4668 et
2915 4614 3244 4684 praecipuis,

2079 4710 2290 4758 etcum
2323 4703 2543 4773 ingenti
2574 4701 2729 4772 vulgi
2757 4702 3152 4757 multitudine.

2075 4791 2288 4847 Verum
2323 4793 2538 4846 Asanes
2570 4795 2802 4861 captum
2833 4791 3201 4846 Theodorum

2078 4880 2434 4950 benignitate
2466 4877 2648 4932 multa
2674 4883 2730 4933 et
2758 4878 2975 4934 honore
3008 4879 3230 4947 habuit,

2077 4969 2483 5040 captivumque
2514 4967 2722 5039 vulgus
2756 4968 3011 5022 militum
3043 4969 3100 5023 in
3134 4969 3352 5040 patrias
3381 4984 3518 5024 suas

2080 5058 2262 5112 libero
2294 5058 2436 5127 pede
2459 5056 2838 5127 solutumque
2868 5061 3024 5112 metu

2075 5146 2211 5201 sivit
2240 5145 2447 5200 reverti
2479 5147 2550 5202 ob
2583 5161 2756 5200 suum
2789 5145 3128 5200 clementem
3164 5145 3449 5213 animum,

2081 5233 2222 5305 quin
2255 5237 2311 5288 et
2341 5235 2583 5289 fortasse
2614 5235 2686 5288 ob
2712 5249 2879 5288 suam
2917 5232 3248 5288 utilitatem.

2078 5335 2224 5387 Nam
2258 5335 2390 5402 post
2418 5331 2666 5386 emissos
2695 5329 2946 5385 vinculis
2978 5330 3259 5400 captivos.

2081 5418 2282 5474 statim
2315 5435 2448 5474 cum
2479 5419 2712 5490 preprio
2743 5418 2993 5472 exercitu
3028 5414 3314 5488 percurrit
3344 5413 3519 5470 urbes
3550 5431 3563 5467 :

2080 5524 2296 5579 easque
2326 5508 2579 5564 obtinuit
2601 5507 2766 5563 facile
2796 5511 2853 5562 et
2882 5522 3009 5577 sine
3041 5503 3262 5575 prelio,

2081 5612 2318 5667 suaeque
2349 5596 2618 5665 adjunxit
2647 5595 2886 5649 ditionis
2917 5591 3170 5664 oppidis.

2079 5682 2559 5755 Hadrianopolim
2590 5682 2893 5752 occupavit
2923 5680 3150 5744 urbem,

1990 4573 2039 4636 D

3358 5796 3435 5854 10

3595 405 3706 458 298
