4136 6292
450 351 558 404 299
1658 353 2027 407 EPHREMII
2065 350 2629 409 CHRONOGRAPHI
3732 343 3847 397 300

452 473 863 543 munitumque
897 472 1175 543 oppidum
1209 472 1703 543 Didymotichum,

449 562 657 615 deinde
687 561 990 615 Thraciam
1022 565 1412 631 cunctamque
1446 561 1847 615 Macedoniam

450 652 715 705 Bolerum
747 668 978 721 quoque
1008 652 1177 719 cepit,
1212 651 1541 716 Xanlbiam,
1577 652 1794 716 Serras,

454 739 770 810 Prilapum,
795 741 941 795 latos
972 741 1295 812 Pelagoniae
1324 756 1585 811 campos,

452 847 586 884 cum
619 830 1009 900 circumjectis
1040 832 1313 885 omnibus
1341 831 1616 886 castellis.

452 918 618 988 Cepit
646 924 702 973 et
734 919 1030 989 Prespam,
1063 920 1363 987 Deabolin,
1401 920 1631 980 Acbrin,

456 1008 756 1062 Albaniam
791 1015 1077 1077 cunctam,
1111 1009 1395 1080 Illyricam
1430 1008 1805 1078 provinciam,

453 1097 740 1153 Valacbiae
769 1115 1001 1169 quoque
1031 1098 1396 1153 concursavit
1430 1099 1612 1163 fines;

454 1192 746 1257 postremo
778 1188 834 1241 in
868 1189 1113 1259 patriam
1148 1190 1420 1241 reducem
1454 1187 1589 1241 tulit
1623 1186 1847 1256 pedem.

452 1276 676 1345 Oppida
708 1292 834 1330 vero
867 1277 1075 1346 partim
1110 1276 1277 1330 nobis
1304 1276 1500 1340 cessit,

452 1365 662 1434 partim
696 1365 751 1418 in
785 1382 892 1419 sua
924 1365 1165 1419 retinuit
1196 1369 1495 1435 potestate.

454 1452 539 1506 Ob
574 1452 679 1507 bas
708 1469 798 1508 res
823 1458 1014 1523 gestas
1043 1454 1202 1508 visus
1233 1458 1321 1507 est
1350 1455 1571 1507 Asanes

452 1542 538 1596 vir
568 1543 972 1609 admirandus,
1007 1544 1235 1597 cunctis
1268 1542 1582 1596 laudabilis
1619 1558 1630 1594 :

455 1630 711 1685 clemens
744 1648 944 1702 reapse
972 1638 1097 1685 erat
1129 1632 1406 1699 mitisque
1438 1631 1779 1696 admodum,

456 1736 561 1773 nec
584 1720 957 1776 subditorum
991 1720 1244 1774 caadiiius
1277 1720 1635 1788 indulgebat,

458 1824 644 1877 neque
670 1808 888 1862 saevitia
920 1809 1191 1862 Borbaris
1224 1808 1482 1878 ingenita

457 1897 777 1967 stirpisque
808 1898 964 1951 velut
994 1898 1223 1968 propria
1253 1896 1348 1950 hic
1378 1897 1680 1951 laborabat
1714 1913 1726 1949 :

458 2002 562 2041 nec
594 2003 798 2041 rursus
829 1992 1026 2042 nostro
1058 1988 1341 2058 sanguine
1369 1987 1683 2057 gaudebat,

454 2075 611 2130 velut
637 2076 859 2146 priores
892 2077 1055 2147 impii
1088 2092 1252 2147 reges
1286 2077 1558 2147 Bulgari;

454 2166 554 2221 sed
588 2167 738 2220 bono
768 2172 892 2221 erat
920 2166 1305 2236 clementique
1333 2166 1586 2236 ingenio,

454 2260 509 2309 et
543 2256 761 2310 nostris
793 2272 956 2326 mque
989 2273 1055 2311 ac
1087 2256 1353 2326 Bulgaris
1385 2254 1781 2324 gratissimus.

452 2343 726 2412 Captivus
757 2360 909 2405 vero,
946 2349 1009 2397 ut
1039 2343 1179 2411 dixi,
1210 2344 1569 2410 Theodorus,

454 2438 511 2487 et
533 2432 659 2501 jam
691 2439 963 2504 expertus
996 2434 1092 2487 diu
1128 2432 1606 2501 benivolentiam,

456 2527 658 2593 postea
689 2524 880 2577 moliri
916 2524 1147 2577 fraudes
1179 2522 1599 2592 deprehensus,

459 2610 722 2664 meritam
750 2627 977 2681 pcenam
1010 2615 1331 2665 excaacatus
1364 2609 1623 2680 pertulit.

459 2702 599 2767 Ejus
630 2705 823 2755 autem
860 2702 1033 2755 frater
1064 2700 1293 2755 Manuel
1324 2701 1568 2770 despota

458 2791 731 2860 praedicto
763 2807 792 2845 ο
824 2790 1018 2861 ριιωιίο
1048 2793 1183 2861 fuga
1210 2808 1270 2845 se
1301 2790 1635 2845 subducens

456 2876 923 2932 Thessalonicam
957 2879 1159 2932 urbem
1192 2895 1366 2933 cursu
1403 2878 1588 2947 petiit,

456 2966 703 3034 ejusque
737 2965 895 3019 nullo
923 2966 1233 3020 resistente
1259 2965 1563 3019 dominum

458 3068 519 3106 se
549 3053 749 3123 gessit,
785 3057 959 3123 atque
991 3054 1224 3108 urbium
1258 3059 1617 3119 caaterarum,

456 3158 583 3210 quae
614 3142 685 3196 ad
717 3141 1074 3196 occidentem
1105 3142 1337 3211 reliquae
1370 3141 1480 3195 sibi
1516 3140 1764 3193 fuerant.

457 3230 560 3283 Hic
591 3246 724 3284 cum
754 3230 942 3284 vocari
978 3231 1221 3300 despota
1251 3229 1531 3283 voluisset

460 3318 648 3388 regias
682 3324 875 3372 tamen
912 3319 1234 3389 usurpabat
1265 3323 1538 3385 tesseras,

461 3422 672 3476 nempe
703 3406 934 3461 rubrica
967 3412 1136 3461 utens
1167 3407 1225 3460 in
1257 3405 1792 3476 subscriptionibus
1826 3420 1837 3458 :

460 3494 520 3547 in
550 3511 722 3565 quem
744 3496 977 3565 jocatus
1004 3500 1091 3550 est
1124 3501 1291 3549 acute
1324 3495 1640 3548 admodum

469 3582 663 3636 nescio
695 3582 828 3653 quis
859 3585 1097 3638 dicens:
1127 3583 1406 3654 Congruit
1431 3582 1642 3649 vocari,

470 3675 535 3723 ut
568 3675 656 3724 est
683 3670 741 3724 in
776 3671 1023 3741 psalmo,
1057 3678 1112 3725 te
1144 3687 1335 3741 regem
1370 3678 1425 3725 et
1455 3673 1778 3742 despotam.

467 3756 567 3812 llle
597 3760 769 3813 etiam
800 3759 1096 3827 Sthlabus,
1129 3760 1298 3829 cujus
1330 3766 1503 3814 antea
1535 3760 1797 3825 memini,

466 3845 752 3917 Bulgarus
782 3853 951 3918 gente
977 3846 1303 3917 Asanisque
1334 3849 1555 3917 aflinis,

458 3934 751 3989 insederat
783 3936 1117 4007 praesidium
1152 3936 1435 4006 Melenici,

459 4028 515 4076 et
546 4022 879 4093 Rhsdopem
912 4026 1150 4079 tenebat
1182 4042 1312 4081 cum
1347 4026 1603 4081 castellis

460 4111 704 4180 ejusque
739 4113 953 4167 montis
990 4114 1152 4183 pagis
1183 4113 1442 4169 dominio
1472 4116 1638 4170 firmo
1676 4133 1688 4171 :

457 4201 707 4269 despotae
740 4217 973 4271 quoque
1003 4206 1304 4270 acceperat
1325 4203 1670 4271 dignitatem

455 4306 485 4342 a
519 4288 833 4359 Byzantino
865 4289 1214 4359 imperatore
1246 4290 1511 4357 Henrico,

453 4468 622 4538 cujus
654 4473 708 4523 et
740 4469 975 4524 notham
1010 4468 1185 4523 tiliam
1220 4469 1467 4524 habebat
1492 4470 1825 4541 conjugem.

454 4555 555 4610 Hic
580 4573 733 4610 nunc
764 4557 998 4611 Latinas
1029 4557 1384 4627 sequebatur
1416 4564 1632 4628 partes,

452 4660 608 4698 nunc
642 4644 906 4715 Bulgaris
933 4644 1160 4699 favebat
1192 4645 1594 4715 popularibus,

449 4733 743 4787 Comneno
770 4748 1002 4803 quoque
1033 4748 1185 4801 saepe
1217 4733 1567 4787 Theodoro:

454 4820 672 4876 nemini
702 4837 833 4875 vero
868 4821 1097 4873 firmam
1130 4821 1401 4875 servabat
1437 4822 1607 4877 ﬁdem

456 4910 625 4964 homo
657 4909 917 4963 desertor
948 4913 1123 4978 atque
1155 4908 1499 4980 versipellis.

447 4999 578 5053 Jam
613 5015 744 5053 cum
778 4999 1066 5053 Robertus
1096 4996 1275 5052 Italus
1308 5000 1621 5069 imperator

445 5087 672 5142 vivendi
707 5087 878 5140 finem
912 5086 969 5139 in
1004 5086 1215 5140 Bmotia
1249 5087 1496 5152 fecisset,

449 5175 705 5247 Byzantii
739 5181 1033 5245 sceptrum
1066 5175 1319 5231 Joannes
1353 5178 1598 5248 excepit,

446 5264 777 5335 decrepitus
805 5264 913 5328 vir,
945 5263 1044 5333 qui
1077 5263 1270 5319 Sionis
1303 5283 1399 5319 rex
1428 5271 1568 5320 erat.

444 5357 620 5419 Atque
654 5352 745 5407 hic
777 5358 977 5407 nostro
1010 5352 1219 5407 Cmsari
1252 5354 1468 5409 bellum
1501 5354 1699 5409 intulit

441 5441 501 5495 in
533 5439 811 5496 orientem
846 5440 1093 5495 navibus
1127 5441 1382 5509 directis,

440 5535 615 5601 atque
642 5534 922 5601 occupato
956 5529 1260 5601 Lampsaci
1296 5531 1504 5587 navali.

441 5618 657 5673 Verum
690 5618 768 5672 nil
802 5618 955 5674 ultra
985 5635 1321 5691 aggressus,
1352 5628 1501 5677 retro
1531 5622 1727 5678 cessit.

2114 483 2169 547 Α
2380 474 2512 528 Μεθ’
2542 474 2607 541 ἦν
2638 470 3029 545 Διδυμότειχον
3059 466 3274 545 ἀσφαλῆ
3306 464 3491 533 πόλιν,

2375 565 2599 618 Ἔπειτα
2630 563 2841 635 Θρᾴκην
2875 558 3213 618 Μακεδονίαν
3243 557 3402 627 ὅλην,

2374 650 2644 725 Βουλερὸν
2679 650 2789 705 εἷλε
2817 652 2905 704 καὶ
2935 650 3196 703 Ξάνθειαν
3228 648 3315 701 καὶ
3359 645 3585 721 Σέῤῥας,

2376 741 2543 793 Ἀστυ
2575 739 2880 813 Πριλαποῦ,
2913 735 3246 809 Πελαγονίας
3273 735 3477 803 πλάτη,

2196 840 2334 893 8090
2379 837 2483 891 Σὺν
2513 844 2629 899 τοῖς
2663 837 2813 911 πέριξ
2846 839 3006 890 ἅπασι
3040 834 3271 909 χωρίοις
3299 832 3511 893 τόποις“

2374 926 2529 997 Αἱρεῖ
2556 946 2615 980 τε
2646 926 2917 997 ΙΙρέσπαν,
2950 918 3232 988 Δεάϐολιν,
3266 920 3510 996 Ἀχρίδα.

2373 1009 2645 1068 Ἀλϐανὸν
2674 1014 2833 1079 ἅπαν,
2868 1011 3152 1086 Ἰλλυριῶν
3182 1011 3244 1065 τὸ
3274 1008 3470 1081 κλίμα,

2376 1104 2478 1157 Καὶ
2510 1109 2608 1170 τῆς
2640 1103 2886 1176 Βλαχίας
2914 1100 3041 1162 τοὺς
3074 1102 3233 1173 ὅρους
3262 1097 3603 1171 κατατρέχει·

2375 1193 2582 1248 ”Επειτ’
2614 1191 2923 1259 έπανέζευξε
2953 1192 3087 1264 πρὸς
3114 1191 3212 1257 τήν
3245 1186 3497 1262 πατρίδα·

2196 1281 2337 1336 8095
2375 1280 2471 1332 Καὶ
2504 1279 2772 1354 φρουρίων
2810 1280 2903 1349 μέν
2936 1298 3054 1331 τινα
3084 1277 3377 1348 Ῥωμαίοις
3405 1275 3581 1348 νέμει,

2374 1366 2554 1423 ’Ἂλλα
2584 1364 2629 1419 δ’
2662 1367 2862 1442 ἀφῆκεν
2900 1367 2985 1443 ὑφ’
3017 1366 3199 1419 ἑαυτὸν
3230 1364 3540 1438 τυγχάνειν.

2378 1455 2645 1517 Ἐντεῦθεν
2678 1451 2767 1508 οῦν
2802 1452 2973 1524 ἔδοξεν
3009 1454 3162 1513 οὗτος
3196 1453 3428 1520 ’Δσάνης

2378 1543 2691 1613 Θαυμαστὸς
2723 1543 2883 1615 ἀνὴρ,
2920 1542 3245 1614 μακαριστὸς
3273 1545 3389 1600 τοῖς
3419 1539 3596 1599 ὅλοις’

2374 1636 2471 1685 Ἦν
2503 1632 2607 1705 γάρ
2641 1630 2861 1699 ἀληθῶς
2894 1630 3200 1701 συμπαθὴς,
3231 1633 3401 1699 πρᾶος
3431 1628 3589 1681 πάνυ·

2199 1723 2339 1776 8100
2376 1720 2453 1776 Οὐ
2485 1722 2587 1793 γάρ
2620 1718 2827 1793 ἑχρῆτο
2855 1720 2971 1781 καθ’
3008 1718 3261 1787 ὑπηκόων
3296 1717 3509 1792 φόνοις,

2125 1842 2172 1905 Β
2378 1805 2510 1864 Οὐδ’
2540 1809 2685 1879 εἶχεν
2715 1806 2977 1878 ὠμότητα
3004 1807 3100 1873 τὴν
3134 1805 3183 1859 έν
3220 1805 3518 1880 βαρϐάροις

2379 1896 2665 1971 Σόμφυτον
2700 1898 2812 1948 οἷον
2848 1900 3255 1971 συμπεφυκυῖαν
3286 1894 3452 1968 γένει,

2332 2056 2335 2059 ι
2377 1987 2443 2039 Ἦ
2473 1987 2803 2058 Ῥωμαϊκοῖς
2835 1982 3054 2055 ατίμασιν
3086 1983 3368 2058 ἐνετρόφα,

2377 2076 2464 2137 Ὡς
2492 2075 2617 2146 πρὶν
2646 2073 2949 2147 κρατάρχαι
2982 2071 3311 2147 Βουλγάρων
3343 2071 3696 2147 κακοτρόπως

2201 2174 2341 2228 8105
2380 2170 2537 2225 Ἀλλ’
2565 2174 2629 2238 ἦν
2664 2172 2859 2243 ἀγαθὸς
2891 2172 2976 2224 καὶ
3007 2169 3393 2245 φιλάνθρωπλς
3424 2170 3598 2246 φύσει,

2378 2262 2472 2329 Τῷ
2499 2278 2583 2313 τοι
2615 2260 2859 2319 ποθεινὸς
2892 2259 3123 2313 Αὕσοσιν
3150 2259 3215 2325 ἦν
3253 2256 3611 2332 Βουλγάροις.

2382 2346 2800 2421 Φρουρούμενος
2833 2345 2890 2400 δὲ
2920 2345 3217 2419 Θεόδωρος,
3253 2346 3327 2407 ὡς
3359 2342 3515 2421 ἕῳην,

2381 2432 2797 2511 Φιλοφροσύνης
2827 2437 2873 2488 τ’
2903 2432 3193 2488 ἀπολαύων
3227 2432 3280 2487 έν
3314 2434 3521 2507 χρόνῳ,

2381 2523 2527 2578 Ἐπεὶ
2558 2523 2795 2596 τυρεόειν
2831 2544 2902 2594 μη
2916 2523 3078 2595 χανὰς
3110 2521 3389 2599 ἐφωράθη,

2201 2613 2343 2667 8110
2375 2611 2508 2673 Τοὺς
2543 2613 2802 2683 ὀμμάτων
2837 2607 3054 2665 ἔσϐεστο
3086 2610 3326 2685 λύχνους
3360 2609 3599 2674 ἐνδίκως.

2380 2699 2556 2756 Αὐτοῦ
2584 2698 2629 2753 δ’
2657 2698 2888 2776 ἀδελφὸς
2919 2699 3183 2767 Μανουῆλ
3216 2701 3243 2753 ὁ
3276 2696 3541 2767 δεσπότης

2384 2789 2531 2845 Κατὰ
2564 2790 2748 2862 μάχην
2783 2789 2857 2841 ὣν
2888 2790 2976 2842 καὶ
3010 2792 3149 2864 φυγῇ
3183 2790 3550 2862 κεχρημένος,

2380 2876 2772 2945 Θεσσαλονίκην
2806 2872 3209 2949 καταλαμϐάνει
3241 2876 3429 2941 πόλιν,

2380 2966 2476 3018 Καὶ
2509 2972 2605 3033 τῆς
2636 2963 2682 3017 δ’
2716 2964 2990 3039 ἐκυρίευσε
3019 2966 3351 3040 πραγμάτων
3396 2962 3529 3038 δίχα

2204 3064 2344 3118 8115
2385 3060 2487 3115 Σὺν
2520 3066 2635 3124 τοῖς
2664 3083 2723 3136 γε
2754 3059 2973 3122 λοιποῖς
3004 3062 3206 3116 ἀστέων
3238 3063 3326 3116 καὶ
3357 3061 3578 3137 χωρίων

2377 3156 2508 3212 Τοῖς
2540 3152 2676 3204 κατὰ
2708 3148 2853 3204 δόσιν
2887 3150 3490 3224 ἐγκαταλελειμμένοις.

2387 3241 2556 3302 Οὗτος
2587 3239 2866 3294 καλεῖσθαι
2896 3238 3161 3309 δεσπότης
3189 3240 3468 3315 ᾑρημένος

2388 3330 2629 3403 Ἐχρῆτο
2664 3326 2875 3400 μᾶλλον
2912 3327 3215 3401 βασιλικοῖς
3247 3323 3549 3399 συμϐόλοις

2389 3418 2475 3473 Ἐν
2512 3416 2843 3493 ὑπογραφαῖς
2879 3414 2966 3469 διὰ
2994 3417 3246 3470 κοκκίνου
3278 3416 3522 3491 γράφων,

2208 3507 2347 3562 8120
2389 3506 2527 3573 Πρὸς
2554 3506 2610 3558 ὃν
2642 3526 2725 3566 τις
2759 3504 3072 3577 ἀπέσκωψεν
3104 3504 3379 3578 εὐστόχως
3421 3503 3567 3576 μάλα

2384 3594 2471 3655 Ὠς
2505 3595 2600 3647 Σοὶ
2632 3591 2920 3666 προσᾴδειν
2953 3591 3215 3665 ἁρμόδιον
3247 3592 3502 3668 τυγχάνει

2123 3204 2164 3269 C

2386 3682 2455 3735 Σὲ
2483 3682 2572 3735 τὸν
2610 3680 2835 3757 βασιλέα
2862 3702 2920 3736 τε
2951 3680 3213 3752 δεσπόνην
3244 3684 3374 3753 ἅμα.

2385 3769 2485 3825 Καὶ
2519 3765 2766 3831 Σθλάϐος
2798 3772 2955 3845 ἀνὴρ,
2987 3772 3151 3845 οὗπερ
3184 3771 3463 3843 ἐμνήσθην
3498 3771 3629 3835 ἄνω,

2386 3860 2478 3914 Ἐκ
2509 3858 2836 3933 Βουλγάρων
2870 3859 2970 3935 φὺς
3000 3862 3306 3934 προσγενὴς
3339 3858 3409 3913 ὢν
3444 3858 3661 3933 Ἀσάνῃ,

2205 3957 2345 4011 8125
2386 3949 2577 4008 Λαϐὼν
2609 3961 2829 4030 κατεῖχε
2855 3956 3115 4033 φρούριον
3136 3954 3457 4023 Μελενίκου,

2382 4043 2480 4097 Καὶ
2510 4051 2613 4112 τῆσ
2640 4042 2905 4114 Ῥοδόπης
2929 4045 3070 4119 ἦρχε
3099 4046 3189 4098 σὺν
3220 4050 3336 4108 τοῖς
3367 4044 3663 4121 φρουρίοις,

2382 4131 2485 4187 Καὶ
2516 4138 2630 4194 τοῖς
2665 4132 2715 4187 ἐν
2750 4133 2887 4204 αὐτῇ
2914 4133 3144 4208 χωρίοις
3176 4132 3477 4207 ἀραρότως,

2382 4220 2477 4275 Καὶ
2510 4218 2831 4287 δεσποτικῆς
2862 4223 3005 4295 άξίας
3036 4243 3097 4297 γε
3125 4223 3386 4296 τυγχάνει

2380 4311 2521 4383 Πρὸς
2577 4315 2672 4364 τοῦ
2728 4315 3055 4385 κρατοῦντος
3113 4310 3277 4385 Ἐῤῥῆ
3335 4316 3436 4379 τῆς
3496 4306 3844 4365 Κωνσταντίο

3624 4399 3771 4467 [νου,

2200 4489 2341 4543 8130
2378 4484 2453 4542 Οῦ
2484 4489 2569 4541 καὶ
2604 4490 2845 4564 συνήφοη
2878 4491 2945 4561 τῇ
2979 4489 3205 4561 θυγατρὶ
3234 4492 3301 4559 τῇ
3333 4487 3496 4557 νόοῳ.

2120 4563 2165 4627 Ῐ)
2374 4575 2569 4630 Ἐνίοθ’
2602 4563 2760 4637 οὗτος
2788 4575 3085 4650 συνεμάχει
3120 4576 3392 4641 Λατίνοις,

2375 4664 2567 4719 Ἐνίοτ’
2598 4666 2745 4726 αὖθις
2780 4664 3111 4739 Βουλγάροις
3141 4670 3257 4725 τοῖς
3283 4662 3558 4740 φυλέταις,

2373 4752 2470 4805 Καὶ
2504 4751 2768 4827 Θεοδώρῳ
2796 4758 2876 4824 τῷ
2908 4756 3181 4825 Κομνηνῷ
3212 4751 3501 4813 πολλάκις·

2370 4841 2488 4895 Τινὶ
2520 4839 2565 4895 δ’
2596 4840 2840 4896 ἀπάντων
2876 4841 2936 4896 οὐ
2971 4842 3263 4915 συνήρχετ⁹
3298 4840 3372 4903 εἴς
3402 4838 3587 4911 λόγον,

2193 4932 2334 4986 8135
2375 4928 2881 5003 Ἀλλοπρόσαλλος,
2914 4930 3225 5003 εὐρίπιστος
3257 4930 3562 5004 τυγχάνων.

2371 5020 2482 5073 Τοῦ
2515 5014 2571 5071 δὲ
2599 5023 2923 5091 κρατοῦντος
2958 5016 3182 5073 Ἰταλῶν
3224 5022 3319 5071 τοῦ
3361 5016 3693 5089 Ῥομπέρτου

2370 5108 2495 5161 Βίον
2530 5108 2993 5182 καταστρέψαντος
3023 5105 3073 5160 έν
3105 5106 3361 5175 Βοιωτίᾳ,

2372 5199 2526 5270 Σφῶν
2559 5194 2807 5265 Ἰωάννης
2836 5190 3255 5271 παραλαμϐάνει
3303 5194 3519 5265 κράτος,

2368 5284 2608 5354 Ἐξωρος
2642 5284 2801 5358 ἀνὴρ,
2826 5287 2927 5347 τῆς
2960 5283 3100 5337 Σιὼι
3263 5282 3565 5357 τυγχάνων,

2190 5373 2331 5427 8140
2366 5373 2464 5432 ’Ὀς
2495 5370 2584 5425 καί
2621 5372 2806 5447 μάχην
2836 5371 3018 5442 ’ἵστησι
3052 5373 3186 5447 πρὸς
3223 5369 3467 5445 βασιλέα,

2368 5459 2511 5514 Μετά
2543 5480 2605 5527 γε
2635 5466 2782 5530 νηῶν
2817 5460 3199 5523 ἐκπεπλευκὼς
3228 5458 3303 5519 εἷς
3334 5458 3427 5525 ἔω,

2368 5548 2468 5603 Καὶ
2501 5554 2601 5616 τῆς
2636 5548 2937 5623 Λαμψάκου
2967 5548 3201 5622 κατάρας
3229 5546 3457 5618 νεωρίῳ,

2366 5637 2545 5692 Πλέον
2580 5634 2637 5692 δὲ
2672 5637 2840 5709 μηδὲν
2873 5636 3168 5713 δεδρακὼς,
3204 5636 3544 5711 ὑποσορέφει·
