4138 6296
324 376 425 430 301
1841 376 2201 431 ΟΔΕΒΛΒΕΒ.

507 501 567 556 Ὀ
596 500 695 573 γὰρ
732 498 983 572 βασιλεὺς
1011 499 1262 556 Αὐσόνων
1296 500 1545 569 Ἰωάννης

331 592 475 646 8145
512 593 762 649 Γενναῖος
790 586 1095 661 ἀντίμαχος
1122 589 1214 658 ἦν,
1246 588 1563 658 ἀντιστάτης
1598 607 1610 619 ⁸

510 677 571 733 Εἰ
603 676 691 730 καὶ
726 676 1152 752 καθυπέστρεψεν
1186 676 1304 749 ἄρτι
1336 685 1435 746 τῆς
1472 678 1655 752 μάχης

507 771 616 832 Τῆς
646 765 780 838 πρὸς
812 763 1055 838 Καίσαρα
1086 761 1329 819 Γαϐαλᾶν
1358 766 1663 834 ἀποστάτην
1696 786 1707 796 ·

509 852 576 909 Ei."
606 854 695 907 καὶ
724 854 967 928 τριήρεις
992 853 1080 907 καὶ
1106 852 1359 926 δυνάμεις
1392 853 1455 908 αὗ
1485 852 1648 907 πάλιν

514 939 884 1013 Παλαιολόγῳ
914 938 1188 1015 παραδοὺς
1218 941 1575 1016 Ἀνδρονίκῳ,

330 1034 470 1088 8150
507 1033 602 1087 ’Ὸν
635 1030 752 1103 εἶχε
784 1026 1101 1101 δομέστικον
1135 1030 1293 1104 μέγαν
1328 1035 1407 1101 τῷ
1434 1032 1576 1101 τότε,

513 1118 655 1191 Πρὸς
685 1120 783 1185 τήν
817 1114 999 1171 Ῥόδον
1032 1117 1283 1194 πέπομφε
1310 1120 1422 1172 κατ’
1455 1118 1755 1171 ἁποστάτου
1787 1134 1799 1147 ·

509 1206 673 1261 Ἀλλ’
701 1205 792 1259 οὖν
826 1205 1075 1279 μετρίους
1105 1202 1433 1281 παραλαϐὼν
1468 1205 1717 1272 ὁπλίτας,

511 1300 745 1357 ’Ὁπλοις
773 1294 1021 1369 ἀπεῖργεν
1054 1294 1325 1369 ἐκδρομὰς
1355 1301 1473 1356 τοῖς
1515 1295 1781 1355 Λατίνοις.

515 1385 620 1439 Καὶ
648 1385 715 1437 τὰ
743 1385 878 1436 κατᾶ
912 1382 1095 1457 μάχην
1132 1381 1187 1437 δὲ
1214 1385 1311 1451 τήν
1344 1383 1666 1454 ἀποστάτου,

344 1477 483 1530 8155
520 1471 699 1529 Αἴσιον
733 1468 862 1544 ἔσχε
892 1470 1255 1544 Παλαιολόγῳ
1286 1474 1473 1546 πέρας,

511 1560 616 1616 Καὶ
645 1560 781 1613 κατά
810 1563 933 1613 νοῦν
961 1559 1203 1613 τείνοντα
1231 1564 1327 1613 τοῦ
1362 1558 1648 1632 βασιλέως.

510 1652 623 1705 Τοῦ
653 1648 986 1722 λατινοὶρχου
1014 1645 1060 1702 δ’
1092 1646 1479 1708 ἐκλελοιπότος
1514 1648 1649 1723 βίον,

517 1737 841 1811 Κληροῦχος
876 1738 1055 1810 ἀρχῆς
1088 1735 1418 1798 Βαλδουϊνος
1447 1740 1675 1811 γίνεται,

510 1829 707 1888 Ἥπιος
735 1826 894 1900 ἀνὴρ,
925 1827 1280 1902 σωφρονικὸς,
1313 1825 1524 1900 χαρίεις
1555 1844 1567 1855 ·

327 1918 469 1972 8160
512 1915 672 1983 "Anz
702 1911 758 1968 δὲ
785 1914 949 1974 τιθεὶς
978 1920 1093 1975 τοῖς
1130 1914 1393 1983 ὑπηκόοις
1422 1916 1619 1985 σθένος,

513 2005 617 2059 Καὶ
646 2009 762 2065 τοῖς
793 2004 880 2057 ὑπ’
910 2003 1070 2057 αὐτὸν
1106 2005 1280 2057 ἄστεσι
1310 2004 1399 2056 καὶ
1429 2004 1665 2077 χωρίοις

512 2092 810 2165 Εἰρηνικῆν
844 2090 1090 2163 σόναρσιν
1125 2090 1229 2145 εἷ’τε
1258 2091 1345 2145 καὶ
1377 2090 1603 2159 πλάτος,

508 2178 807 2240 Έναντίοις
840 2177 895 2232 δὲ
918 2181 1183 2247 συστολὴν
1216 2181 1304 2233 καὶ
1336 2178 1562 2249 δειλίαν,

510 2265 696 2335 Κῆδός
729 2288 785 2321 τε
809 2266 1117 2337 κατήλλαξε
1151 2267 1436 2339 μνηστείαν
1465 2270 1510 2321 θ’
1541 2270 1652 2341 ἅμα

330 2360 467 2414 8165
514 2358 653 2425 Ηρὸς
674 2357 765 2410 τὸν
796 2361 1097 2431 κρατοῦντα
1128 2355 1455 2428 Βουλγάρων
1486 2356 1576 2410 τὸν
1609 2354 1860 2426 Ἀσάνην,

503 2446 605 2499 Καὶ
638 2446 801 2499 πιστᾶ
831 2446 1157 2499 συντέθεικεν
1194 2445 1351 2517 ὅρκια
1380 2443 1567 2510 πάλιν,

505 2532 757 2595 Σπονδάς
787 2533 1096 2605 ἐνωμότους
1123 2554 1180 2587 τε
1208 2533 1297 2586 καὶ
1332 2533 1643 2609 συμφωνίας
1680 2552 1691 2564 ·

501 2625 589 2685 Ὠς
622 2621 670 2677 εἴ
697 2622 942 2692 παρείκοι
975 2626 1329 2697 συγκροτοὶτο
1354 2621 1702 2698 προσφόρως,

512 2712 616 2767 Καὶ
654 2717 1007 2786 συμμαχοῖτο
1038 2712 1173 2785 πρὸς
1210 2711 1390 2784 μάχας
1423 2709 1669 2763 ἐναντίων
1705 2725 1719 2739 ·

326 2805 470 2858 8170
516 2801 615 2855 Καὶ
647 2801 810 2856 πάλιν
840 2801 885 2855 εἱ
919 2799 1091 2855 δέοιτο
1128 2802 1308 2875 χειρὸς
1340 2799 1614 2869 Αὐσόνων,

514 2889 897 2946 Καταπολαόει
930 2889 1253 2965 Βουλγάρων
1286 2888 1625 2963 ἀρχηγέτης.

515 2979 732 3033 Τούτων
768 2979 1120 3053 πραχθέντων
1155 2980 1313 3049 ὅνπερ
1347 2977 1582 3049 είρήκειν
1606 2972 1827 3051 τρόπον,

515 3068 848 3142 Συνέρχεναι
880 3064 945 3134 δὴ
978 3067 1113 3139 πρὸς
1147 3065 1307 3121 πόλιν
1336 3066 1432 3133 τὴν
1466 3063 1706 3120 Καλλίου

511 3156 661 3211 Μετά
689 3157 942 3209 συνεόνου
967 3154 1055 3208 καὶ
1088 3154 1353 3229 θυγατρὸς
1379 3152 1624 3222 Ἑλένης,

320 3249 469 3304 8175
511 3245 667 3301 Ἀσὰν
702 3244 917 3318 βασιλεῖ
945 3243 1033 3297 καὶ
1068 3241 1305 3318 βασιλίδι
1337 3242 1478 3312 τότε,

508 3334 615 3388 Καὶ
648 3332 959 3387 συντελοῦσι
992 3333 1273 3407 συνάφειαν
1307 3333 1487 3400 υἱέων,

514 3419 800 3494 Θεοδώρου
833 3421 1072 3493 Λάσκαρι
1096 3426 1344 3493 συνεζευγ
1355 3421 1518 3492 μένου

512 3512 525 3530 9
621 3511 633 3523 ³
911 3509 923 3527 \
1069 3508 1081 3525 ἴ
1354 3509 1366 3525 τ
1460 3509 1469 3525 Ι

528 3515 672 3565 Ασαν
706 3510 926 3583 θυγατρι
956 3529 1091 3562 κατα
1120 3508 1323 3578 νόμους
1374 3507 1542 3580 Ελενῃ
1567 3525 1579 3538 ⁸

516 3598 837 3669 Ἐπευλὸγει
870 3594 926 3651 δὲ
953 3596 1080 3658 τοὺς
1112 3597 1322 3670 γάμους
1352 3595 1650 3671 ἀρχιθότης

314 3691 472 3744 8180
512 3691 667 3747 Θεῖος
700 3686 970 3759 Γερμανὸς
1003 3683 1300 3757 συμπαρὼν
1328 3684 1695 3756 τελουμένοις,

518 3777 614 3845 Τῷ
642 3779 940 3842 τηνικαῦτα
964 3773 1348 3847 ποιμενάρχης
1379 3768 1646 3847 Τρινόϐου

515 3866 610 3933 Τῷ
642 3861 983 3937 Βουλγαρίας
1011 3864 1121 3934 (81)
1159 3861 1514 3932 ὑποκείμενος
1545 3863 1742 3936 θρόνῳ,

516 3951 634 4007 Οὔκ
666 3947 765 4004 οἶδ’
796 3949 945 4011 ὅπως
976 3950 1191 4022 κέκριτο
1225 3946 1451 4002 συνόδου
1480 3949 1649 4022 κρίσει

516 4040 849 4111 Θεσπίσματί
879 4059 939 4093 τε
966 4042 1060 4092 τοῦ
1090 4041 1414 4113 κρατοῦντος
1447 4037 1696 4092 Αὐσόνων

323 4133 475 4187 8185
518 4130 704 4200 Τιμήν
737 4126 1079 4201 πατριάρχου
1104 4148 1164 4202 γε
1192 4127 1281 4180 καὶ
1312 4127 1507 4194 κλῆσιν
1541 4120 1707 4200 ἔχειν,

520 4214 736 4285 Κήδους
762 4211 1014 4270 τινὸντων
1046 4220 1153 4269 τῶν
1184 4215 1521 4287 κρατούντων
1556 4216 1607 4269 οἱ
1638 4217 1822 4291 χάριν.

517 4303 673 4361 Ἐπεὶ
707 4300 754 4357 δ’
785 4302 1143 4374 ἐπεπλήρωτο
1173 4303 1239 4357 τὰ
1266 4304 1401 4357 κατά
1428 4302 1658 4378 γάμους,

522 4391 753 4455 Βασιλὶς
784 4391 993 4467 Εἰρήνη
1031 4393 1123 4464 μὲν
1158 4393 1269 4463 ἅμα
1296 4392 1549 4468 νυμφίοις

527 4478 717 4538 Οῗκαδ’
746 4480 908 4553 ἀπῄει
939 4482 1075 4535 κατά
1101 4479 1229 4541 τοὺς
1255 4477 1330 4533 ἕω
1358 4481 1556 4542 τόπους
1594 4501 1605 4513 ’

339 4573 490 4627 8190
532 4570 673 4644 ΙΙρὸς
709 4568 914 4625 Μυσίαν
949 4567 995 4623 δ’
1024 4566 1089 4622 αὖ
1114 4571 1148 4637 ἡ
1182 4566 1395 4642 βασιλὶς
1426 4569 1772 4644 Βουλγάρων.

526 4660 660 4719 Δυάς
692 4656 736 4712 δ’
771 4658 1009 4713 ἀνάκτων
1043 4657 1135 4711 σὺν
1170 4654 1421 4730 δυνάμεσι
1452 4658 1616 4713 πάλιν

526 4744 867 4802 Μακεδονίαν
900 4744 1203 4821 κατέδραμε
1230 4746 1318 4800 καὶ
1351 4747 1585 4821 Θρᾴκην,

528 4834 628 4888 Καὶ
660 4834 918 4889 Λατινικᾶ
947 4835 1129 4909 χωρία
1155 4855 1212 4888 τε
1239 4834 1327 4888 καὶ
1359 4834 1547 4895 πόλεις

524 4925 728 4985 Αὖτοῖς
764 4921 963 4979 διεῖλον
997 4923 1087 4976 καὶ
1117 4924 1380 4997 κατέσχον
1411 4922 1643 4995 ἀμάχως
1676 4939 1688 4952 ·

336 5014 490 5069 8195
531 5012 611 5069 Τὰ
640 5008 860 5066 Μάδυτα
892 5014 1001 5085 (82)
1037 5013 1129 5084 μὲν
1162 5011 1250 5066 καὶ
1274 5010 1614 5086 Χερρονήσου
1644 5009 1826 5065 πλάκα

522 5100 695 5155 ΙΙόλιν
729 5098 969 5155 Καλλίου
1001 5101 1091 5154 σὺν
1125 5096 1237 5175 ὅρει
1266 5121 1325 5154 τε
1351 5102 1447 5153 τοῦ
1479 5100 1648 5153 Γάνου

526 5188 696 5262 Man
726 5190 1099 5259 παρεστήσατο
1130 5189 1372 5265 προφθάς
1406 5189 1433 5241 ὁ
1463 5188 1699 5263 κράτωρ,

524 5278 601 5333 Οὗ
628 5277 718 5331 καὶ
748 5275 914 5330 πόλιν
946 5273 1121 5331 ἔκτισε
1145 5276 1281 5351 πρὸς
1312 5274 1479 5337 πόδας
1514 5275 1677 5351 ὅρους
1712 5296 1727 5310 ·

523 5367 735 5440 Ἀρχῆς
762 5363 809 5420 δ’
836 5367 997 5440 ὅρους
1028 5360 1218 5436 ἔπηξεν
1248 5364 1377 5439 ἄχρι
1410 5366 1686 5442 Μαρίτζης
1718 5386 1731 5397 ·

1996 503 2048 566 Α
2081 498 2332 552 Joannes
2366 499 2519 552 enim
2552 498 2869 568 imperator
2898 500 3093 549 noster

2076 588 2306 643 validus
2333 592 2455 643 erat
2485 588 2629 643 obex
2660 592 2715 642 et
2746 587 3132 642 adversarius.

2075 678 2180 741 Qui
2212 694 2541 748 quanquam
2578 677 2726 732 bello
2756 678 2846 730 vix
2874 677 3212 747 perfunctus
3245 675 3430 729 fuerat

2078 768 2356 820 adversus
2388 766 2659 820 Gabalam
2694 766 2973 820 Caesarem
3009 764 3280 819 rebellem
3314 780 3327 817 :

2080 858 2136 907 et
2168 870 2502 923 quanquam
2540 870 2711 907 naves
2744 854 2920 908 etiam
2953 868 3081 905 cum
3118 850 3400 908 militibus

2080 942 2412 997 Andronico
2445 941 2690 996 traditas
2723 940 3039 1010 Palmologo

2077 1030 2196 1100 (qui
2233 1047 2483 1095 magnus
2513 1028 2595 1083 illi
2629 1034 2765 1083 tunc
2796 1032 2919 1083 erat
2948 1028 3324 1093 domesticus)

2077 1118 2312 1173 rebellis
2345 1135 2519 1173 causa
2551 1119 2815 1173 Rhodum
2850 1118 3260 1173 amandaverat
3288 1135 3300 1183 ;

2078 1212 2332 1262 attamen
2371 1208 2568 1274 paucis
2601 1208 2852 1275 stipatus
2886 1205 3172 1258 militibus

2077 1296 2258 1351 armis
2292 1296 2524 1350 Latinas
2558 1294 2919 1348 incursiones
2952 1292 3184 1362 repulit.

2076 1390 2321 1455 Insuper
2353 1401 2605 1456 pugnam
2640 1385 2919 1438 adversus
2951 1380 3226 1436 rebellem

2079 1491 2354 1546 prospero
2385 1478 2587 1529 eventu
2624 1473 2805 1543 gessit
2828 1471 3180 1540 Palaeologus

2077 1570 2131 1619 et
2160 1582 2227 1619 ex
2254 1564 2540 1619 sententia
2570 1562 2807 1616 Caesaris
2837 1560 3097 1615 Joannis.

2081 1657 2431 1723 Imperatore
2461 1653 2798 1706 Latinorum
2828 1655 3079 1715 mortuo,

2078 1744 2260 1797 haeres
2293 1742 2605 1811 imperium
2640 1740 2958 1794 Balduinus
2987 1739 3152 1807 adiit,

2078 1832 2163 1885 vir
2192 1832 2349 1886 mitis
2384 1848 2449 1885 ac
2475 1831 2775 1885 modestus
2807 1834 2863 1883 ct
2894 1828 3204 1899 gratiosus.

2076 1924 2147 1975 At
2175 1923 2364 1976 Caesar
2394 1926 2589 1975 noster
2618 1920 2982 1974 subditorum
3016 1919 3202 1973 auctis

2076 2010 2320 2079 viribus,
2344 2015 2399 2064 et
2430 2026 2644 2064 securas
2679 2008 2837 2079 pacis
2870 2024 3109 2061 munere

2075 2116 2178 2170 per
2209 2103 2417 2154 cuncta
2445 2097 2674 2169 imperii
2698 2097 2910 2168 oppida
2942 2097 3202 2165 ﬂorente,

2079 2188 2505 2258 perterrefactis
2538 2186 2803 2241 hostibus
2836 2190 2889 2239 et
2919 2186 3237 2255 repressis;

2076 2278 2418 2331 afﬁnitatem
2451 2292 2704 2347 quoque,
2737 2273 2997 2345 quaesitis
3030 2274 3269 2344 nuptiis,

2075 2383 2204 2421 cum
2238 2366 2619 2437 Bulgarorum
2654 2381 2785 2435 rege
2814 2366 3003 2419 Asane
3024 2364 3241 2432 junxit,

2071 2458 2447 2526 juratamque
2481 2456 2652 2508 ﬁdem
2682 2470 2887 2508 rursus
2919 2452 3128 2508 obtulit

2076 2548 2131 2597 et
2161 2543 2361 2597 ﬁrmas
2392 2541 2659 2596 amicitiae
2689 2540 3053 2595 conditiones
3084 2556 3095 2592 :

2076 2647 2285 2702 nempe
2315 2636 2381 2685 ut
2412 2630 2612 2685 utilem
2645 2646 2879 2699 operam
2913 2629 3200 2683 conferret
3232 2627 3340 2682 sibi

2077 2719 2363 2790 Bulgarus
2395 2724 2451 2773 et
2480 2719 2766 2774 bellorum
2799 2718 2994 2773 socius
3025 2719 3187 2772 ﬁeret
3218 2734 3231 2771 :

2076 2809 2230 2863 idem
2262 2808 2541 2873 vicissim,
2574 2809 2621 2861 si
2656 2808 2918 2862 Romano
2949 2806 3167 2861 auxilio

2078 2899 2223 2953 forte
2256 2899 2565 2969 indigeret,
2602 2898 2818 2951 frustra
2850 2913 2964 2950 non
3000 2896 3338 2966 requireret.

2082 2988 2178 3042 llis
2206 2987 2697 3057 quemadmodum
2727 2986 2841 3039 dixi
2872 2985 3226 3052 constitutis,

2081 3077 2373 3148 profectus
2397 3082 2485 3130 est
2515 3081 2740 3130 Asanes
2771 3074 3133 3144 Calliopolim
3208 3126 3212 3129 _

2080 3181 2213 3220 cum
2246 3165 2357 3220 tori
2391 3166 2566 3230 socia,
2602 3164 2835 3233 ﬁliaque
2869 3164 3099 3234 Helena,

2003 3219 2045 3285 Ο
2080 3257 2148 3309 ad
2182 3259 2463 3309 Caesarem
2497 3254 2880 3326 reginamque
2912 3258 3257 3324 praesentem
3291 3254 3396 3323 ibi,

2077 3348 2133 3401 et
2160 3344 2474 3399 liberorum
2508 3344 2876 3398 celebrarunt
2906 3343 3140 3414 nuptias
3166 3360 3179 3410 ;

2079 3435 2289 3489 Asanis
2319 3450 2529 3504 nempe
2556 3433 2674 3489 ﬁlia
2703 3435 2876 3488 datur
2905 3434 3122 3489 Helena

2079 3524 2308 3579 Lascari
2338 3526 2632 3579 Theodoro
2666 3525 2720 3578 in
2757 3523 3197 3579 matrimonium

2081 3612 2490 3683 benedixitque
2522 3614 2741 3679 nuptiis
2774 3612 3102 3683 patriarcha

2081 3702 2163 3757 rei
2195 3707 2369 3774 gesta)
2402 3719 2657 3771 praesens
2688 3703 3010 3756 Germanus
3040 3700 3407 3758 venerabilis.

2080 3794 2365 3864 Tempore
2392 3791 2490 3847 illo
2521 3793 2769 3846 Ternobi
2804 3792 3179 3863 archipraasul

2084 3879 2464 3951 metropolitae
2497 3879 2740 3950 Bulgaro
2768 3882 2937 3933 antea
2968 3880 3241 3934 subditus

2085 3968 2531 4040 patriarchalem
2562 3966 2796 4021 titulum
2830 3966 3081 4020 obtinuit

2085 4057 2281 4112 nescio
2312 4073 2427 4127 quo
2455 4073 2630 4110 sacrae
2662 4055 2866 4127 synodi
2892 4055 3116 4125 judicio

2085 4148 2431 4216 decretoque
2462 4144 2638 4199 simul
2670 4143 2851 4198 nostri
2882 4143 3124 4200 Caesaris

2087 4236 2186 4306 qui
2219 4234 2489 4290 afﬁnit'ati
2520 4233 2727 4288 tribuit
2756 4233 2907 4287 hanc
2939 4232 3209 4304 gratiam.

2087 4327 2223 4379 Post
2253 4323 2570 4377 celebratos
2602 4322 2941 4392 nuptiarum
2970 4322 3117 4376 ritus

2089 4412 2289 4482 regina
2314 4413 2476 4466 Irene
2507 4427 2638 4465 cum
2675 4409 2905 4464 novitiis
2936 4408 3168 4480 sponsis

2090 4500 2149 4554 in
2183 4502 2461 4556 orientem
2498 4502 2680 4555 redux
2712 4502 2952 4555 domum
2987 4499 3187 4570 petiit;

2015 4582 2063 4644 D
2092 4594 2149 4644 et
2183 4590 2425 4661 Bulgara
2455 4590 2655 4662 regina
2687 4591 2742 4642 in
2773 4589 3031 4643 Moesiam
3068 4588 3255 4645 rediit.

2090 4684 2163 4735 At
2188 4698 2356 4753 reges
2387 4681 2558 4736 ambo
2590 4680 2786 4751 stipati
2819 4678 3167 4735 exercitibus

2092 4771 2396 4826 Thraciam
2429 4771 2823 4826 Macedoniam
2836 4787 2949 4841 que
3006 4770 3446 4841 percurrebant,

2091 4861 2149 4912 et
2179 4857 2358 4913 latina
2388 4857 2626 4912 castella
2655 4858 2952 4929 urbesque
2983 4860 3181 4928 captas

2094 4948 2316 5018 absque
2346 4948 2545 5003 labore
2577 4948 2785 5003 bellico
2819 4949 3174 5003 dividebant.

2094 5037 2319 5107 Madyta
2350 5038 2582 5107 quidem
2618 5043 2673 5093 et
2704 5043 2953 5094 tractum
2984 5038 3344 5104 Chersonesi,

2095 5127 2319 5181 Canum
2354 5127 2526 5183 etiam
2560 5133 2818 5183 montem
2852 5132 2910 5183 et
2940 5126 3305 5199 Calliopolim

2097 5221 2268 5272 antea
2299 5222 2495 5276 noster
2526 5219 2677 5274 bello
2706 5219 2896 5274 Czesar
2920 5223 3151 5289 ceperat
3183 5236 3199 5277 ;

2098 5308 2378 5379 oppidum
2413 5325 2647 5381 quoque
2685 5311 2754 5366 ad
2789 5309 3007 5365 montis
3031 5309 3243 5380 pedem
3269 5304 3613 5381 structis

2098 5397 2362 5471 ﬁnesque
2393 5398 2624 5471 imperii
2658 5399 2905 5472 protulit
2934 5399 3237 5456 Maritzam
3260 5410 3477 5468 usque;

3609 371 3715 424 302

421 5523 534 5595 (81)
573 5524 807 5603 Rectius
852 5524 1185 5603 Acropolita
1228 5525 1309 5580 ait
1326 5523 1984 5603 _Ka)votav'rtvopn6)\swq.

878 5524 1185 5603 lcropolita
1228 5525 1309 5580 ait
1326 5523 1984 5603 _Kmvctav'rwopn6)\swq.
2098 5532 2512 5603 praerogativis.

342 5593 737 5679 Nequecerte
758 5593 1027 5679 cannas
1059 5597 1636 5679 Graecusnimperator
1690 5599 1987 5679 decretum
2098 5593 2116 5603 ’
2170 5593 2430 5671 (θ’2)”Ηοο
2462 5620 2675 5660 nomen
2702 5620 2849 5659 vers.
2872 5603 3016 5657 7987
3045 5601 3277 5657 effertur
3308 5600 3591 5673 singulari
3626 5618 3740 5657 nu-

346 5667 709 5724 condidisset
741 5668 813 5723 de
844 5667 1255 5737 episcoporum
1290 5668 1670 5739 Bulgarorum
1718 5670 1872 5726 inter
1926 5687 1991 5727 se
2104 5667 2279 5729 mero.
