4138 6296
433 391 540 447 303
1642 397 2010 451 ΕΡΗΒΕΜῙΙ
2047 396 2067 449 (

1642 397 2010 451 ΕΡΗΒΕΜῙΙ
2047 394 2616 451 CHRONOGRAPHI

437 532 637 573 verum
668 516 931 589 regiones
957 515 1212 589 reliquas
1245 519 1312 573 ad
1346 518 1580 574 boream
1615 519 1761 574 sitas

439 624 538 662 rex
564 605 947 677 Bulgarorum
974 606 1091 663 sibi
1122 608 1457 663 vindicavit.

438 699 587 761 Quin
620 699 762 754 adeo
794 698 1113 772 Byzantina
1144 716 1329 772 usque
1360 701 1429 755 ad
1463 701 1679 756 moenia

442 804 573 843 cum
606 788 786 843 armis
817 788 990 844 ambo
1022 806 1186 861 reges
1217 790 1780 861 appropinquarunt,

443 878 795 933 incutientes
829 879 1045 933 mirum
1074 878 1295 934 Latinis
1329 885 1549 934 metum
1586 895 1599 934 :

444 982 641 1021 verum
674 966 928 1021 instante
959 967 1145 1023 hieme
1178 985 1273 1023 rex
1306 972 1550 1040 uterque

442 1052 502 1108 in
530 1070 703 1109 suum
739 1071 998 1110 reversus
1029 1061 1118 1110 est
1147 1056 1353 1111 deinde
1385 1056 1717 1128 imperium.

442 1143 572 1199 Jam
604 1144 941 1200 Theodorus
972 1146 1342 1215 imperatoris
1375 1145 1530 1201 ﬁlius

442 1234 711 1307 impubes
742 1236 933 1291 adhuc
958 1241 1274 1306 teneraque
1301 1241 1484 1291 aetale.

442 1339 779 1394 quanquam
813 1323 1012 1394 puellae
1046 1325 1303 1378 nondum
1337 1324 1581 1379 idoneus
1611 1328 1755 1391 erat,

441 1412 845 1468 diversabatur
872 1417 1069 1468 tamen
1101 1429 1229 1468 cum
1261 1430 1480 1484 eponsa
1519 1412 1735 1468 Helena

441 1501 595 1572 apud
625 1501 880 1572 reginam
913 1507 1160 1557 matrem
1193 1502 1683 1557 amantissimam.

441 1590 552 1646 Sed
580 1591 733 1646 enim
767 1598 943 1662 Asan,
978 1597 1041 1646 ut
1072 1593 1306 1647 credere
1337 1609 1440 1663 par
1472 1597 1614 1662 erat,

441 1685 614 1752 gesta
644 1698 775 1737 cum
809 1686 1007 1737 nostro
1039 1684 1256 1736 Caesare
1291 1682 1367 1737 rei
1404 1681 1710 1754 paenitens,

444 1770 626 1827 misso
658 1770 870 1842 legato,
905 1772 1174 1843 precibus
1205 1771 1512 1827 tallacibus

443 1859 515 1915 ad
550 1876 612 1915 se
643 1859 841 1915 reduci
875 1860 1040 1930 petiit
1071 1860 1252 1914 ﬁliam
1280 1877 1472 1929 suam,

444 1951 509 2002 ut
538 1948 667 2018 ejus
696 1946 949 2017 alloquio
981 1951 1037 2001 et
1065 1946 1190 2002 visu
1218 1948 1527 2015 frueretur,

442 2037 634 2109 quoad
662 2040 991 2092 versaretur
1021 2036 1079 2091 in
1112 2036 1386 2092 Hadriani
1414 2037 1555 2092 urbe

441 2126 687 2197 conjuge
714 2142 847 2180 cum
877 2124 1086 2180 dilecta
1112 2129 1169 2180 et
1200 2141 1333 2180 cum
1363 2127 1612 2181 exercitu
1643 2143 1656 2194 ;

439 2214 510 2269 ad
543 2231 824 2285 sponsum
856 2230 1027 2269 suum
1060 2218 1262 2284 postea
1290 2230 1675 2269 reversuram.

442 2303 624 2374 Igitur
650 2303 890 2359 missam
924 2302 1102 2357 ﬁliam
1137 2318 1349 2374 parens
1383 2304 1640 2374 perfidus

441 2391 596 2447 haud
621 2394 742 2462 jam
779 2390 1023 2459 remisit,
1056 2391 1473 2462 lacrymantem
1505 2391 1659 2460 licet,

442 2498 632 2554 neque
664 2484 1020 2555 promissum
1054 2482 1305 2537 reditum
1340 2485 1627 2538 concessit
1659 2499 1671 2537 :

442 2590 646 2629 verum
677 2589 808 2628 cum
838 2573 966 2642 ipsa
996 2572 1141 2628 abiit
1172 2572 1228 2626 in
1263 2572 1568 2639 Moesiam;

442 2665 686 2719 comites
716 2667 942 2717 tantum
966 2669 1117 2717 retro
1140 2663 1323 2732 jussit
1351 2664 1573 2718 cedere.

444 2755 575 2809 Mox
604 2752 828 2808 inﬁnita
859 2752 1208 2824 Scytharum
1238 2752 1547 2808 multitudo

444 2843 591 2898 Istro
622 2843 864 2912 trajecto
895 2857 1028 2895 cum
1065 2840 1296 2896 feminis
1327 2858 1392 2897 ac
1424 2840 1643 2910 liberis,

442 2932 622 2986 invito
654 2934 860 2999 Asane,
891 2946 995 3001 per
1023 2930 1252 2985 zEmum
1286 2938 1458 3001 atque
1490 2931 1803 3003 Rhodopen

441 3020 629 3075 effusa
659 3024 749 3074 est
777 3020 836 3074 in
868 3035 1074 3091 agrum
1110 3019 1478 3086 Macedoniae,

440 3126 575 3166 cum
607 3109 878 3166 universa
907 3109 1158 3164 Thracia
1192 3110 1344 3164 hunc
1374 3109 1735 3180 depopulans
1770 3129 1784 3169 :

437 3202 766 3272 IEnumque
799 3215 985 3270 usque
1016 3204 1404 3270 pervenerunt
1434 3200 1633 3256 urbem

440 3295 613 3361 atque
640 3291 709 3345 ad
743 3289 1015 3345 occiduas
1044 3287 1181 3343 item
1216 3291 1409 3359 partes
1433 3290 1654 3362 Scytha:
1688 3307 1701 3347 :

438 3397 686 3454 quorum
719 3379 818 3435 alii
849 3378 1047 3434 liberis
1079 3378 1441 3450 vagabantur
1470 3379 1743 3436 tribubus

440 3488 559 3544 qua
588 3487 650 3527 se
679 3471 898 3525 ﬂumen
929 3468 1152 3523 Hebrus
1182 3469 1241 3522 in
1275 3484 1434 3523 mare
1465 3475 1775 3538 exonerat;

439 3563 539 3619 olii
563 3560 864 3632 occupatis
895 3557 1112 3614 villulis
1143 3558 1417 3629 utrinque

440 3657 502 3711 in
525 3655 704 3725 hujus
735 3652 879 3706 hora
907 3649 1219 3705 stationem
1250 3649 1516 3717 ﬁxerant,

438 3748 496 3800 et
525 3760 627 3815 per
655 3740 956 3813 planitiem
987 3739 1226 3810 locaque
1252 3738 1581 3808 maritima;

434 3833 591 3888 unde
622 3832 860 3886 ruentes
887 3827 1097 3899 pradis
1130 3826 1515 3896 indulgebant

431 3922 573 3977 urbe
604 3918 908 3991 capiendo,
943 3933 1122 3988 pagos
1149 3920 1462 3985 exurendo,

424 4008 692 4082 Scythica
722 4006 938 4077 ubique
969 4005 1118 4060 facta
1144 4004 1480 4061 solitudine.

422 4098 686 4168 Denique
716 4095 1002 4166 captivam
1033 4094 1265 4149 turbam
1295 4094 1356 4148 in
1388 4094 1601 4150 Graecis
1634 4096 1882 4153 urbibus

420 4187 604 4243 hastae
630 4185 994 4257 suppositam
1028 4185 1271 4254 pecunia
1302 4185 1758 4242 commutabant.

416 4280 520 4332 Ast
552 4274 824 4331 Italorum
852 4273 1166 4345 impudens
1195 4288 1338 4344 gens
1369 4272 1669 4346 fmdifraga

416 4364 637 4435 ingenti
670 4364 949 4417 adversus
980 4365 1214 4415 nostros
1245 4360 1331 4414 ira
1362 4365 1685 4418 exaestuans

416 4454 486 4508 ob
518 4452 767 4506 inflictas
798 4467 831 4504 a
859 4453 1077 4505 Caesare
1108 4447 1301 4504 clades
1329 4449 1541 4518 varias,

413 4558 548 4596 cum
577 4539 805 4612 Scythis
835 4544 893 4594 et
922 4540 1109 4594 Asane
1138 4539 1324 4594 foedus
1356 4539 1612 4611 pepigit;

411 4634 469 4682 et
501 4628 583 4682 sic
613 4643 747 4683 cum
781 4625 961 4681 armis
992 4625 1277 4695 Scythicis
1304 4631 1360 4681 et
1383 4625 1705 4698 Bulgaricis

410 4721 613 4773 contra
641 4721 972 4773 Romanum
1005 4717 1290 4772 Caesarem
1321 4716 1634 4773 commovit
1663 4716 1905 4774 bellum.

408 4810 555 4877 Ergo
586 4809 960 4861 accesserunt
991 4805 1060 4859 ad
1092 4804 1327 4860 Tzuruli
1361 4823 1567 4873 arcem,

406 4899 580 4966 atque
608 4893 759 4949 hanc
782 4892 1072 4948 machinis
1101 4894 1359 4964 undique
1391 4896 1693 4966 cingentes

403 4984 655 5040 summis
686 4981 1108 5053 Oppugnabant
1139 4982 1364 5037 connisi
1394 4982 1639 5050 viribus,

398 5071 611 5141 jaculis
641 5087 710 5125 ex
740 5070 983 5125 adverso
1015 5069 1287 5141 saxisque
1309 5069 1508 5139 jactis,

401 5164 578 5231 atque
605 5158 913 5213 tormentis
947 5173 1144 5213 muros
1168 5158 1548 5213 sul‘fodientes

399 5248 546 5302 nihil
577 5231 798 5304 excidio
829 5246 1104 5302 idoneum
1128 5246 1496 5303 omittebant.

396 5340 610 5390 Verum
642 5350 846 5390 omnes
874 5333 1180 5406 machinae,
1209 5352 1400 5406 arcus,
1438 5334 1549 5392 tela

392 5424 452 5478 in
484 5423 715 5479 irritum
748 5422 1060 5492 lusumque
1093 5422 1449 5491 recidebant.

386 5512 524 5567 Erat
555 5511 712 5567 enim
747 5511 900 5568 arcis
927 5527 1140 5582 praeses
1170 5512 1402 5583 duxque
1431 5512 1566 5569 belli

385 5599 750 5671 Nicephorus
780 5604 838 5655 et
866 5599 1104 5655 nomine
1127 5603 1184 5656 et
1214 5600 1380 5657 factis
1410 5601 1594 5658 victor

385 5687 912 5746 Tarchaniotarum
943 5685 1177 5759 genitus
1208 5687 1450 5759 familia,

2103 521 2160 586 Α
2186 518 2328 573 8200
2364 519 2445 574 Τὰ
2471 515 2517 572 δ’
2544 517 2608 573 αὖ
2639 520 2755 574 κατ’
2782 515 2975 593 ἄρκτον
3007 518 3431 595 προσνενευκότα
3467 519 3605 593 μέρη

2372 607 2723 682 Κληρουχίαν
2760 605 2951 685 ε’ίληφε
2980 608 3306 683 Βουλγοίρων
3340 605 3484 678 ἄναξ.

2362 695 2463 750 Καὶ
2494 696 2657 770 μέχρι
2691 693 2736 750 δ’
2768 695 2941 751 αὐτῶν
2968 697 3195 772 τειχέων
3224 693 3542 766 Βυζαντίδος

2364 789 2622 845 ’Ἀνακτες
2655 783 2819 862 ἄμφω
2848 783 3314 860 προσπελάζουσιν
3344 783 3557 854 ὅπλοις,

2366 871 2463 925 Καὶ
2493 872 2682 927 πτοίαν
2717 871 2831 928 ο⁷ίαν
2852 872 3116 937 ἐντιθοῦσι
3146 872 3395 935 Λατίνοις
3432 892 3445 905 ο

2185 960 2326 1015 8205
2362 960 2644 1037 Ἑκάτερος
2674 959 2719 1016 δ’
2746 957 2928 1017 ἔπειτα
2957 967 3062 1017 τῶν
3095 961 3359 1038 βασιλέων

2360 1050 2650 1123 Χειμῶνος
2685 1050 3001 1126 ὑπέστρεψεν
3038 1050 3111 1114 εἴς
3142 1052 3496 1127 κραταρχίαν.

2359 1137 2421 1193 Ὁ
2455 1134 2549 1210 μέν
2578 1159 2637 1215 γε
2666 1137 2944 1214 Θεόδωρος
2977 1140 3200 1201 ἄνακτος
3228 1139 3387 1216 γόνος

2360 1222 2606 1296 ’Ἂνηϐος
2640 1223 2713 1281 ὤν
2745 1250 2828 1291 τις
2860 1230 2947 1283 καὶ
2979 1229 3242 1293 νεώτατος
3268 1228 3444 1305 φύσει,

2364 1314 2420 1370 Εἰ
2450 1316 2538 1370 καὶ
2570 1316 2755 1388 συν-ιςει
2788 1316 3059 1392 μηδαμῶς
3089 1340 3152 1393 γε
3177 1324 3246 1394 τῇ
3272 1319 3428 1396 κόρῃ,

2181 1413 2323 1468 8210
2362 1412 2513 1482 Πλὴν
2542 1412 2668 1469 ἀλλ’
2698 1416 2899 1485 ἀνῆκτο
2932 1415 3022 1470 σὺν
3055 1416 3244 1491 Ἑλένῃ
3279 1416 3494 1492 συζύγῳ

2361 1502 2503 1575 Πρὸς
2536 1500 2816 1575 βασιλίδος
2848 1504 3087 1577 εὐμενῶς
3120 1504 3470 1582 φιλοφρόνως
3501 1524 3512 1536 ·

2361 1589 2773 1662 Μεταμεληϐεἶς
2804 1588 2850 1645 δ’
2872 1592 2947 1653 ὡς
2980 1593 3103 1662 ἐνῆν
3135 1593 3445 1665 ἀπεικάσαι,

2362 1678 2477 1752 Ἐφ’
2508 1682 2590 1741 οἷς
2622 1680 2781 1734 ’Δσᾶν
2814 1677 3034 1755 δέδρακε
3062 1682 3198 1756 πρὸς
3230 1682 3480 1758 βασιλέα,

2362 1766 2587 1831 Στείλας
2614 1768 2750 1841 πρὸς
2779 1768 2937 1824 αὐτὸν
2967 1768 3251 1845 ἐκλιπαρεῖ
3279 1769 3370 1825 σὺν
3406 1768 3555 1843 δόλῳ

2103 1875 2151 1941 Β
2181 1856 2322 1911 8215
2357 1856 2520 1927 Αὐτῷ
2551 1854 2814 1924 σταλῆναι
2844 1859 2942 1928 τήν
2977 1855 3145 1934 φίλην
3177 1858 3437 1935 θυγατέρα

2359 1944 2717 2018 Προσρήσεώς
2744 1966 2803 2000 τε
2830 1946 2918 2000 καὶ
2950 1944 3117 2022 φίλης
3150 1949 3270 2010 θέας
3301 1950 3462 2024 χάριν

2359 2032 2444 2085 Ἐν
2478 2029 2797 2108 Ἀνδριανοῦ
2825 2038 2892 2107 τῇ
2919 2033 3077 2089 πόλει
3109 2037 3459 2108 σκηνουμένῳ

2359 2121 2513 2175 Μετὰ
2542 2126 2790 2195 στρατιᾶς
2821 2122 2910 2177 καὶ
2942 2124 3192 2178 συνεύνου
3224 2123 3513 2201 φιλτάτης,

2361 2207 2519 2264 Μετά
2552 2206 2597 2262 δ’
2629 2207 2911 2280 ἐπανήκειν
2940 2232 3000 2287 γε
3028 2212 3165 2286 πρὸς
3187 2212 3278 2266 τὸν
3310 2215 3576 2287 γαμέτην.

2182 2306 2323 2360 8220
2362 2303 2657 2360 Σταλεῖσαν
2690 2308 2883 2362 οὐκοῦν
2916 2305 3242 2381 προσλαϐὼν
3271 2311 3610 2388 φυτοσπόρος

2362 2391 2570 2450 Οὔκουν
2608 2397 2809 2467 μεθῆκε
2837 2396 2925 2451 καὶ
2959 2393 3291 2472 δακρύουσαν
3325 2398 3474 2473 μάλα

2364 2480 2815 2556 Ἐπαναδραμεῖν,
2851 2485 2924 2546 ὡς
2958 2485 3270 2563 ὑπόσχεσις,
3301 2487 3463 2544 πάλιν
3495 2506 3509 2521 ⁶

2365 2570 2538 2627 Ἀλλὰ
2567 2571 2658 2627 σὺν
2688 2572 2821 2646 αὐτῇ
2853 2574 2988 2648 πρὸς
3023 2574 3239 2638 Μυσοὺς
3265 2576 3582 2653 ἀποτρέχει,

2364 2664 2555 2724 Μεθεὶς
2589 2661 2824 2726 ὀπαδοὺς
2854 2664 2993 2719 ἰἐναι
3024 2663 3431 2741 παλινδρόμους
3464 2686 3476 2698 ·

2186 2751 2328 2805 8225
2359 2752 2488 2806 Εἶτα
2519 2753 2780 2807 Σκυθικὸν
2815 2755 3180 2831 μυριάριθμον
3218 2756 3396 2834 ττίφος

2363 2840 2570 2914 Ἵστρον
2604 2842 2839 2915 περάσαν
2873 2841 2965 2896 σὺν
2997 2844 3203 2915 γυναιξὶ
3233 2844 3322 2899 καὶ
3351 2843 3581 2913 τεκνοις,

2364 2933 2630 2993 ’¹Ακοντος
2659 2931 2845 2999 Ἀσὰν,
2876 2929 2947 2986 δι’
2973 2932 3152 3005 Α’ἷμου
3177 2935 3264 2989 καὶ
3297 2932 3565 3007 Ῥοδόπης

2364 3014 2550 3087 Χύδην
2584 3017 2789 3087 ἐπῆλθε
2820 3017 3155 3083 Μακεδονίας
3185 3024 3398 3094 τόποις,

2365 3108 2462 3159 Καὶ
2493 3104 2647 3176 τήνδ’
2677 3105 2966 3177 ἐληίσαντο
2998 3108 3089 3164 σὺν
3123 3112 3265 3185 πάσῃ
3294 3112 3494 3187 Θρᾴκῃ,

2106 3232 2148 3298 C
2185 3194 2327 3250 8230
2364 3193 2458 3256 Εἷς
2491 3195 2637 3251 Αἶνον
2671 3195 2835 3265 αὐτὴν
2867 3198 3196 3275 πεφθακότες
3223 3202 3322 3270 τὴν
3355 3200 3538 3272 πόλιν,

2364 3281 2553 3337 Καὶτὰ
2582 3283 2715 3357 πρὸς
2744 3283 2967 3358 ἑσπέρας
2998 3307 3061 3360 γε
3089 3285 3308 3341 νεύοντα
3341 3289 3477 3365 μέρη
3515 3310 3529 3322 ⁸

2360 3373 2454 3425 Ὧν
2480 3372 2531 3425 οἱ
2565 3372 2658 3444 μὲν
2686 3370 2838 3447 εἶχόν
2868 3372 2962 3436 τὰς
2992 3375 3163 3447 νομὰς
3194 3373 3500 3453 ἐλευθέρας,

2365 3460 2507 3514 Κατά
2536 3461 2784 3532 ποταμὸν
2820 3462 2988 3537 Εὗρον
3022 3461 3432 3538 ὠνομασμένον,

2359 3549 2455 3610 ⁸ος
2484 3543 2716 3611 ἐκϐολὰς
2744 3547 2955 3620 τίθησιν
2987 3550 3062 3612 εἷς
3093 3553 3453 3630 ’Λμφιτρίτην
3485 3574 3498 3587 ⁸

2180 3646 2322 3702 8235
2360 3646 2427 3703 Οἱ
2459 3642 2507 3700 δ’
2536 3644 2600 3700 αὖ
2625 3645 2972 3716 ἐνηυλίζοντο
3003 3647 3162 3704 τοῦδε
3184 3651 3436 3726 χωρίοις,

2358 3736 2468 3791 Κάν
2491 3741 2608 3800 τοῖς
2636 3733 2844 3799 πεδίοις
2874 3737 2962 3793 καὶ
2994 3738 3183 3802 τόποις
3214 3739 3527 3817 παραλίοις,

2357 3825 2470 3901 Ἐφ’
2501 3825 2572 3879 ὧν
2606 3822 2819 3897 ἐδήουν,
2852 3825 3138 3883 ἐσκύλευον
3170 3830 3236 3884 τὰ
3265 3830 3437 3906 πὲριξ,

2351 3914 2641 3986 Αὶροῦντες
2672 3912 2828 3985 ἄστη,
2861 3916 3269 3990 πυρπολοῦντες
3298 3920 3498 3993 χωρία,

2348 4002 2447 4056 Καὶ
2475 4001 2648 4057 πάντα
2675 4000 2902 4077 δρῶντες
2938 4007 3208 4075 Σκυθικὴν
3242 4006 3474 4082 ἐρημίαν
3504 4026 3524 4045 ⁸

2167 4091 2309 4146 8240
2346 4089 2482 4152 Τοὺς
2516 4088 2563 4145 δ’
2592 4089 2986 4166 αἰχμαλώτους
3018 4094 3092 4156 εἰς
3121 4094 3314 4160 πόλεις
3340 4096 3433 4158 τὰς
3460 4099 3725 4157 Αὐσόνων

2342 4179 2660 4244 Πωλοῦντες
2690 4182 2826 4256 ἦγον
2856 4182 3096 4258 ἀργύρου
3126 4186 3212 4240 καὶ
3247 4187 3502 4261 χρυσίου.

2342 4269 2417 4325 Τὸ
2449 4267 2496 4325 δ’
2524 4268 2746 4325 Ἰταλῶν
2779 4269 3100 4343 ἔκσπονδον,
3135 4272 3348 4339 ἀναιδὲς
3374 4279 3529 4350 γενος

2343 4359 2465 4413 Κατ’
2493 4359 2749 4414 Αὐσόνων
2788 4360 2947 4433 μῆνίν
2979 4382 3038 4416 τε
3063 4363 3151 4417 καὶ
3183 4362 3357 4437 χόλον
3395 4364 3588 4443 τρέφον

2340 4446 2453 4524 Ἐφ’
2477 4449 2560 4509 οἷς
2588 4448 2768 4509 κακῶς
2799 4447 3062 4513 πέπονθεν
3094 4448 3154 4505 ἐκ
3186 4451 3480 4526 βασιλέως,

2159 4542 2301 4599 8245
2340 4542 2614 4612 Συνῆλθεν
2648 4544 2808 4601 Ἀσᾶν
2831 4545 2922 4600 καὶ
2955 4547 3186 4610 Σκύθαις
3215 4546 3293 4610 είς
3319 4544 3620 4622 συμϐάσεις
3654 4572 3670 4587 ·

2335 4631 2440 4687 Καὶ
2474 4632 2565 4686 σὺν
2600 4638 2821 4707 στρατιᾷ
2852 4638 3091 4708 Σκυθικῇ
3122 4637 3211 4690 καὶ
3243 4636 3575 4713 Βουλγάρων

2338 4724 2455 4779 Ἐπ’
2484 4723 2644 4777 αὐτὸν
2674 4725 2820 4797 ὁρμᾷ
2849 4726 2940 4779 τὸν
2968 4727 3285 4802 κρατάρχην
3316 4728 3597 4789 Αὐσόνων.

2333 4811 2419 4873 Ὠς
2452 4808 2499 4865 δ’
2527 4812 2661 4880 ἧκον
2695 4809 2796 4866 ἔνθ’
2826 4807 3005 4888 ἔρυμα
3032 4815 3385 4890 Τζουρούλου
3414 4817 3570 4874 πέλει

2332 4895 2725 4976 Περιλαϐόντες
2757 4907 3034 4977 μηχαναῖς
3060 4902 3253 4966 πάσαις
3282 4903 3427 4975 τόδε,

2153 4989 2295 5046 8250
2333 4991 2534 5063 Μάχην
2568 4988 2651 5043 ἐπ’
2680 4988 2809 5043 αὐτὸ
2838 4991 3098 5065 καρτερὰν
3133 4993 3506 5068 συνεκρότουν,

2327 5077 2533 5147 Τόξοις,
2568 5077 2745 5141 λίθοις
2780 5077 3078 5153 βάλλοντες
3112 5079 3163 5151 ἐξ
3203 5080 3471 5151 ἆναντίας,

2329 5165 2426 5220 Καὶ
2463 5172 2741 5241 μηχαναῖς
2770 5166 3061 5230 τύπτοντες
3088 5169 3250 5224 αὐτοῦ
3277 5171 3372 5233 τὰς
3397 5172 3603 5247 βάρεις,

2328 5254 2426 5307 Καὶ
2451 5255 2622 5309 πάντα
2653 5251 2886 5329 δρῶντες
2917 5255 3056 5311 ὥστε
3082 5264 3356 5333 πορθῆσαι
3382 5258 3529 5319 τόδε.

2326 5339 2485 5397 Ἀλλ’
2514 5343 2649 5411 ἦσαν
2682 5341 2866 5405 αὐτοῖς
2896 5345 3160 5419 μηχαναὶ,
3191 5347 3341 5419 τόξα,
3376 5347 3537 5424 βέλη,

2144 5433 2286 5487 8255
2322 5429 2515 5487 Ἔωλα
2543 5432 2714 5486 πάντα
2744 5432 2835 5486 καὶ
2866 5436 3039 5510 σαφὴς
3070 5432 3322 5510 ληρωδία
3353 5457 3364 5469 ·

2320 5520 2381 5576 Ὁ
2409 5519 2508 5593 γὰρ
2539 5514 2644 5574 ἔσω
2672 5519 3020 5598 φρούραρχος
3051 5521 3087 5591 ἢ
3119 5524 3487 5599 πρατηγέτης

2316 5606 2635 5685 Νικηφόρος
2664 5606 2857 5678 κλήσει
2881 5630 2940 5664 τε
2969 5609 3060 5665 καὶ
3086 5610 3310 5683 τρόποις
3338 5610 3504 5668 πλέον

2312 5700 2745 5771 Ταρχανειωτῶν
2778 5696 2839 5754 ἐκ
2868 5699 3058 5774 γένους
3088 5700 3451 5775 κατηγμένος,

2082 4592 2130 4655 D

3718 393 3825 450 304
