4136 6292
329 321 436 377 305

500 449 560 504 Ὀ
588 452 685 502 τοῦ
719 447 958 523 μεγάλου
988 447 1303 522 δομεστίκου
1332 453 1560 530 νυμφίος

321 537 466 591 8260
507 533 904 609 Παλαιολόγων
943 537 998 592 ἐκ
1028 537 1204 615 φυλῆς
1235 539 1600 612 Ἀνδρονίκου,

501 624 595 684 Εἰς
624 623 984 695 πρωτόπαιδα
1016 627 1225 701 Μαρίαν
1261 630 1542 703 θυγατέρα,

505 714 617 780 Τῆς
654 711 931 785 βασιλείου
962 716 1232 786 τραπέζης
1264 715 1558 790 ὑπηρέτης,

508 800 656 854 Μετὰ
684 797 741 853 δὲ
773 797 1094 872 δομέστικος
1127 802 1305 878 ὀφθείς
1338 825 1419 864 τις
1456 803 1640 876 μέγας,

507 885 783 958 Ἀνδρεῖος
814 889 972 962 ἀνὴρ,
1009 891 1216 952 συνετὸς
1248 891 1337 944 καὶ
1376 889 1646 966 γεννάδας,

329 987 473 1041 8265
510 989 643 1039 Θεοῦ
674 985 919 1059 Θεράπων
950 990 1214 1061 νουνεχής
1242 990 1286 1041 θ’
1321 989 1613 1062 ὑπηρέτης,

511 1075 646 1136 Ταῖς
676 1072 950 1148 εὐτυχίαις
982 1075 1071 1128 καὶ
1113 1077 1462 1150 στρατηγίαις
1497 1077 1681 1149 μέγας·

509 1163 607 1222 ’⁷ος
637 1167 754 1222 ταῖς
779 1164 893 1216 κατ’
922 1162 1135 1238 ἐχθρῶν
1167 1161 1528 1235 ἀναδούμενος
1557 1164 1752 1229 νίκαις,

511 1249 742 1324 Στερῥός
770 1270 850 1310 τις
882 1251 1183 1326 ἀντίμαχος
1213 1254 1275 1320 ἦν
1308 1253 1645 1313 ἀντιστάταις

506 1337 850 1412 Ἀποτρέπων
883 1339 1169 1412 φάλαγγας
1200 1341 1371 1394 αὐτῶν
1405 1340 1682 1414 εὐψύχως,

320 1426 461 1480 8270
498 1429 629 1478 Θεοῦ
657 1425 824 1488 σθένει
855 1447 911 1480 τε
941 1427 1028 1480 καὶ
1057 1429 1379 1504 στρατηγίας
1409 1430 1598 1504 τέχνῃ.

499 1513 684 1574 Οὕτως
713 1513 971 1588 ἐχόντων,
1004 1517 1077 1577 ὡς
1106 1514 1260 1592 ἔφην,
1292 1523 1397 1570 τῶν
1431 1518 1784 1592 πραγμάτων,

499 1602 654 1656 Ἀσάν
681 1601 1037 1658 τολυπεύοντι
1066 1605 1131 1659 τά
1155 1607 1291 1660 κατά
1321 1607 1531 1680 μάχην,

493 1689 843 1766 Ἀγγέλλεται
879 1694 1101 1765 μήνυμα
1134 1695 1321 1766 μεστὸν
1362 1695 1599 1766 πικρίας,

495 1779 583 1841 Ὠς
617 1779 842 1853 σῦζυγός
875 1802 930 1835 τε
958 1782 1045 1836 καὶ
1077 1782 1168 1836 σῦν
1198 1784 1331 1856 αὐτῇ
1359 1781 1592 1850 παιδίον,

301 1869 454 1925 8375
490 1867 594 1923 Καὶ
627 1863 896 1942 Τρινόϐου
925 1868 1186 1944 πρόεδρος
1215 1870 1404 1925 αὐτίκα
1435 1870 1582 1944 μάλα

488 1958 743 2019 Τεθνᾶσιν
775 1955 884 2026 ἤδη
917 1958 1006 2012 τὸν
1043 1960 1158 2017 Βίον
1194 1958 1512 2021 λελοιπότες

488 2045 575 2106 Ὧς
608 2045 699 2098 οὖν
727 2047 876 2099 ταῦτ’
905 2047 1193 2114 ἠνώτιστο,
1227 2046 1394 2110 λύσας
1423 2048 1524 2116 τήν
1558 2048 1768 2122 μάχην,

486 2131 663 2196 Εὐθὺς
687 2132 991 2203 ἐπανέζευξε
1020 2135 1153 2207 πρὸς
1179 2137 1278 2202 τὴν
1313 2136 1538 2206 Μυσίαν,

488 2221 623 2294 [lupi
653 2218 932 2294 παραδοὺς
961 2223 1188 2296 τειχέων
1219 2223 1574 2298 καθαιρέσεις.

310 2321 456 2374 8280
497 2318 676 2374 Μόνον
712 2317 768 2372 δὲ
792 2317 962 2396 φῦλον
993 2318 1219 2373 Ἰταλῶν
1246 2319 1626 2394 λελειμμένον,

492 2407 589 2460 Καὶ
619 2409 763 2461 τοῦτ’
791 2407 1099 2476 ἐπανέζευξε
1127 2409 1264 2480 πρὸς
1293 2408 1606 2478 Βυζαντίδα,

493 2497 659 2549 "Actu
691 2494 949 2557 λελοιπὸς
979 2496 1172 2563 ἀσινὲς,
1211 2493 1422 2570 βλάϐης
1445 2495 1595 2572 δίχα.

494 2585 649 2639 Ἀσάν
682 2582 739 2638 δέ
769 2585 941 2647 συνεὶς
972 2589 1249 2661 συμφορᾶς
1283 2587 1378 2653 τὴν
1410 2587 1580 2641 αἰτίαν

493 2674 578 2736 Ὡς
611 2671 808 2734 ἔκτισις
838 2675 1041 2746 πέφυκε
1068 2680 1167 2741 τῆς
1198 2673 1476 2750 έφορκίας,

309 2762 458 2818 8285
501 2756 852 2835 Ηρεσϐεὖεται
879 2762 1108 2836 τάχιστα
1137 2763 1270 2834 πρὸς
1304 2760 1549 2835 βασιλέα,

493 2850 753 2904 Ἀνανεῶν
785 2847 953 2918 κῆδός
981 2870 1038 2903 τε
1069 2849 1156 2902 καὶ
1189 2845 1564 2920 συμϐιϐάσεις,

491 2939 559 2994 ’Ἀ
591 2935 812 3012 δέδρακε
839 2938 990 3012 πρὶν,
1023 2940 1254 3007 ἠθέτησε
1285 2935 1330 2991 δ’
1362 2938 1614 3010 ὑστέρως.

492 3027 552 3083 Ὀ
586 3023 630 3080 δ’
662 3027 906 3098 ἀσμένως
934 3027 1133 3094 ἤκουσε
1158 3022 1440 3099 πρεσϐείας
1475 3025 1696 3100 λόγους,

493 3115 591 3171 Καὶ
627 3113 901 3170 σπένδεται
936 3114 1002 3184 δὴ
1032 3116 1388 3189 συγγινώσκει
1418 3117 1464 3167 τ’
1495 3113 1558 3169 αῦ
1593 3116 1741 3187 μάλα

307 3207 459 3260 8290
498 3206 862 3260 Μετανοοῦντι
898 3202 1224 3278 Βουλγάρων
1254 3204 1552 3278 ἀρχηγέτῃ,

492 3295 604 3370 Ἐφ’
637 3295 719 3354 οἷς
749 3298 928 3355 κακῶς
957 3289 1176 3366 ἔπραξεν
1209 3291 1403 3367 ὅρκους
1435 3296 1690 3367 συγχέας·

489 3384 585 3442 ’⁷ος
618 3380 813 3436 λοιπὸν
846 3381 1160 3454 ἐκπέπομφε
1188 3382 1274 3434 καὶ
1309 3381 1586 3456 θυγατέρα,

493 3478 528 3524 K
575 3470 588 3488 ‘
737 3465 859 3523 ὅδ’
1013 3470 1025 3484 ‘
1151 3467 1177 3523 δ
1216 3474 1238 3485 '
1333 3470 1345 3488 ‘
1440 3469 1494 3523 λ’

537 3492 591 3524 αι
625 3491 730 3541 συμ
777 3493 789 3522 ι
835 3491 978 3531 ασεις
1009 3489 1145 3541 εμπε
1185 3490 1348 3524 οικαι
1376 3492 1432 3546 ιρι
1482 3491 1582 3540 ιαν,

491 3559 594 3614 Καὶ
624 3557 789 3612 πάλιν
825 3557 1078 3612 Αὐσόνων
1107 3578 1163 3610 τε
1197 3556 1511 3632 Βουλγάρων
1537 3559 1700 3629 μέσον

307 3651 456 3705 8295
492 3649 762 3721 Ὑπῆρχιν
796 3646 1014 3719 εἰρήνης
1039 3667 1096 3699 τε
1125 3647 1212 3700 καὶ
1246 3645 1433 3719 φιλίας
1464 3646 1645 3708 κλέος.

495 3736 883 3807 Ἑξαπορηϐεὶς
905 3740 1026 3795 τοῖς
1059 3733 1215 3796 ὅλοις
1246 3732 1574 3797 Βαλδουῖνος

487 3825 575 3885 Ὧς
610 3822 916 3886 συνελαθεῖς
950 3823 1023 3884 εἷς
1055 3821 1216 3876 πόλιν
1251 3822 1607 3895 πανταχόθεν,

494 3914 634 3987 Πρὸς
664 3917 755 3966 τεῦ
785 3916 1112 3985 κρατοῦντος
1144 3911 1395 3967 Αὐσόνων
1430 3910 1678 3966 Ἰωάννου

493 4002 636 4074 Πρὸς
664 4001 802 4077 ρἧα
832 4002 1100 4076 Φράγγων
1135 3999 1186 4053 ἐν
1215 4001 1461 4073 τριήρεσι
1492 4001 1667 4068 πλέει,

311 4104 455 4158 8300
495 4099 591 4152 Καί
617 4100 966 4172 συμμαχικὸν
999 4093 1324 4170 προσλαϐὼν
1359 4096 1612 4151 πλεῖστον
1653 4097 1794 4169 μάλα

491 4189 593 4245 Καὶ
625 4185 901 4248 διοδεύσας
931 4184 1187 4251 Γαλλίας,
1217 4185 1470 4253 Ἰταλίαν,

490 4277 582 4341 Εἷς
613 4277 851 4330 ΙΙαιόνων
885 4270 1077 4352 ἔφθασε
1108 4273 1339 4348 λιπαρὰν
1373 4274 1559 4350 χθόνα·

491 4368 609 4442 Ἀφ’
640 4365 702 4420 οὗ
731 4367 964 4439 περάσας
993 4365 1084 4418 τὸν
1121 4361 1407 4437 βαθυδίνην
1433 4367 1663 4439 Ἴστρον,

492 4455 768 4529 Προσέσχε
797 4455 995 4510 Μυσῶν
1025 4457 1142 4512 τοῖς
1174 4453 1550 4526 ἀποκρήμνοις
1581 4454 1792 4522 τόποις,

307 4547 456 4601 8305
493 4543 561 4600 Οἳ
589 4544 677 4596 καὶ
709 4543 982 4616 παρέσχον
1018 4539 1199 4594 δίοδον
1225 4548 1343 4602 τοῖς
1371 4543 1640 4608 Λατίνοις,

493 4631 595 4686 Τάς
629 4631 764 4706 πρὸς
793 4635 1091 4702 κρατοῦντα
1121 4627 1353 4692 σπονδάς
1387 4631 1732 4699 ἠθετηκότες.

490 4719 654 4776 Εἶλον
688 4717 731 4773 δ’
764 4718 960 4776 Ἰταλοὶ
995 4719 1082 4772 καὶ
1113 4715 1456 4792 Τζουρουλὸν
1488 4724 1564 4788 τῷ
1591 4720 1712 4774 τότε

493 4807 701 4871 Σκύθας
730 4807 948 4882 ἔχοντες
983 4806 1310 4880 συμμάχους
1340 4807 1694 4880 παριστρίους

487 4901 596 4951 Τοῦ
628 4894 940 4969 Ιῐετραλίφα
969 4897 1101 4965 πρὸς
1132 4893 1379 4970 φυλακὴν
1408 4894 1687 4968 φρουρίου,

1801 4145 1816 4169 ν

302 4997 453 5053 8310
493 4996 773 5055 Ἐνκοσθεν
806 4989 958 5053 ὄντος
989 4993 1237 5065 εὐγενοῦς
1269 4990 1648 5063 στρατηγέτου.

487 5081 646 5150 Ἅναξ
673 5079 718 5134 δ’
749 5079 988 5134 ἐπελθὼν
1017 5077 1378 5150 Νικομηδείας
1406 5078 1595 5141 τόποις

493 5174 570 5225 Δι’
605 5169 940 5244 ὑγσοχέρσου
971 5175 1218 5242 στρατιάς
1252 5166 1560 5242 ῥωμαλέας,

488 5255 792 5329 Δακιϐύζης
825 5261 1083 5333 φρούριον
1117 5261 1224 5314 εἷλε
1251 5263 1318 5332 τῇ
1353 5261 1531 5332 μάχῃ,

489 5350 703 5425 ’Έρυμά
726 5353 771 5404 τ’
805 5347 930 5403 ἀλλ’
960 5349 1005 5421 ᾧ
1035 5347 1231 5416 κλῆσις
1256 5351 1601 5419 Νικητιάτου.

303 5446 454 5501 8315
493 5441 589 5496 Καὶ
625 5441 770 5495 λείαν
803 5438 1052 5507 ἀπήλασε
1082 5436 1290 5506 πλῆθος
1321 5437 1594 5514 λαφύρων.

491 5530 733 5593 ΙΙέπονθε
764 5527 810 5583 δ’
843 5526 1031 5591 ἄλλως
1060 5527 1109 5581 ἐν
1145 5527 1326 5599 στόλῳ
1357 5527 1662 5604 δυστυχίαν·

485 5623 599 5677 Τοῦ
628 5619 730 5693 γάρ
765 5618 1040 5696 Κοντοφρὶ
1072 5618 1336 5687 Μανουήλ
1366 5616 1703 5692 κεκλημένου

1843 324 2199 380 ΟΕΒΔΒΕΒ.

1985 452 2039 516 Α
2069 447 2170 518 qui
2201 448 2504 504 domestici
2539 450 2734 521 magni
2766 466 2941 520 gener
2971 453 3095 504 erat

2072 537 2387 592 Andronici
2419 542 2588 608 gente
2622 537 2946 608 Palmologi,

2074 625 2244 695 cujus
2277 626 2566 681 seniorem
2606 626 2784 681 filiam
2818 626 3052 679 Mariam
3088 627 3348 694 duxerat,

2075 723 2232 778 Idem
2266 729 2321 778 et
2355 724 2520 793 regia:
2556 741 2768 778 mensa:
2805 725 3080 794 pincerna
3111 730 3261 790 erat;

2077 827 2208 866 mox
2238 818 2293 866 et
2322 829 2574 882 magnus
2604 813 2957 867 domesticus
2990 813 3097 865 fuit
3127 817 3354 867 creatus
3392 830 3404 867 :

2073 901 2158 954 vir
2188 917 2326 955 sane
2357 902 2541 970 tortis,
2575 902 2830 971 prudens
2857 908 2911 954 et
2944 902 3376 970 magnanimus,

2073 989 2388 1043 admodum
2425 989 2732 1059 religiosus
2759 989 2855 1043 Dei
2894 989 3173 1055 famulus,

2074 1077 2304 1132 fortuna
2335 1083 2388 1132 et
2420 1078 2594 1132 rebus
2625 1077 2848 1132 bellicis
2883 1076 3214 1148 preclarus.

2072 1166 2174 1220 Hic
2205 1167 2276 1221 ob
2309 1166 2519 1220 relatas
2553 1165 2764 1220 nobilis
2796 1165 3088 1233 victorias,

2073 1253 2339 1308 hostibus
2369 1259 2491 1308 erat
2525 1255 2726 1306 ﬁrmus
2758 1252 3148 1318 adversarius,

2069 1359 2316 1414 quorum
2352 1341 2667 1413 phalanges
2702 1341 3013 1410 repellebat
3044 1341 3268 1396 fortiter

2068 1433 2259 1487 divino
2291 1431 2503 1486 auxilio
2536 1432 2715 1484 fretus
2747 1435 2801 1483 et
2827 1436 2946 1483 arte
2979 1429 3201 1484 bellica.

2066 1521 2208 1574 Ecce
2239 1524 2432 1574 autem
2467 1519 2640 1572 rebus
2673 1518 2751 1571 ita
2781 1535 2842 1572 se
2873 1517 3226 1573 habentibus

2065 1609 2262 1673 Asani,
2298 1613 2360 1662 ut
2390 1608 2528 1673 dixi,
2565 1607 2631 1660 ad
2672 1606 2884 1661 bellum
2924 1607 3280 1661 incumbenti

2065 1698 2306 1752 nuntius
2333 1695 2488 1750 venit
2522 1695 2728 1766 plenus
2759 1696 3023 1750 amaritie

1981 1807 2028 1871 B
2065 1786 2216 1856 quod
2252 1785 2379 1854 ejus
2409 1783 2584 1837 simul
2618 1801 2760 1837 uxor
2789 1800 2853 1838 ac
2891 1783 3123 1850 ﬁliolus,

2057 1879 2232 1944 atque
2265 1871 2642 1942 archiprazsul
2675 1871 2944 1936 Ternobi,
2979 1879 3214 1942 repente

2052 1961 2229 2017 vitam
2261 1978 2391 2016 cuiu
2425 1966 2610 2015 morte
2643 1976 2825 2028 nuper
2853 1965 3377 2017 commutaverunt.

2055 2060 2278 2126 Quibus
2310 2059 2403 2115 ille
2434 2058 2674 2127 auditis,
2705 2057 2924 2112 omisso
2957 2056 3127 2124 bello,

2055 2147 2255 2204 statim
2288 2148 2346 2202 in
2378 2145 2635 2202 Mmsiam
2672 2146 2985 2199 maturavit
3015 2146 3286 2212 reditum,

2055 2238 2185 2296 iane
2217 2235 2580 2305 consumptis
2612 2233 2832 2290 bellicis
2864 2235 3190 2289 tormentis.

2057 2326 2220 2379 Tunc
2253 2333 2304 2378 et
2337 2323 2538 2379 Latina
2567 2321 2841 2377 derelicta
2877 2321 3126 2390 phalanx

2059 2414 2394 2483 Byzantium
2429 2411 2540 2465 sibi
2574 2411 2935 2464 redeundum
2967 2412 3218 2478 censuit,

2058 2507 2114 2554 et
2144 2501 2227 2554 sic
2252 2499 2539 2554 Tzurulus
2573 2499 2823 2568 perstitit
2848 2498 3181 2553 incolumis.

2058 2590 2224 2643 Tunc
2257 2604 2388 2642 vero
2416 2591 2634 2642 Asanes
2668 2586 3050 2642 infortunium
3086 2606 3256 2642 suum

2053 2678 2274 2747 justam
2310 2677 2548 2746 perjurii
2584 2693 2808 2745 pinnam
2841 2692 2967 2730 esse
3000 2676 3353 2746 intelligens,

2063 2765 2324 2836 protinus
2358 2763 2518 2817 misit
2547 2764 2614 2818 ad
2651 2767 2928 2817 Caesarem
2966 2763 3187 2832 legatos

2063 2868 2260 2922 pacem
2296 2852 2632 2905 instaurans
2663 2854 2719 2903 et
2749 2848 3112 2916 afﬁnitatem,

2063 2958 2235 3013 quam
2271 2941 2405 2996 olim
2443 2943 2491 2996 is
2522 2940 2902 3010 compositam
2937 2957 3068 2994 mox
3111 2943 3442 2997 resciderat.

2062 3037 2245 3087 Cmsar
2275 3033 2523 3086 libenter
2551 3029 2902 3100 legationem
2933 3029 3138 3095 audiit,

2067 3123 2362 3192 fasdusque
2393 3119 2706 3183 renovavit,
2739 3123 2794 3174 et
2823 3118 3050 3173 veniam
3084 3119 3294 3173 obtulit

2068 3208 2432 3280 resipiscenti
2465 3207 2846 3276 Bulgarorum
2880 3207 2998 3276 regi

2063 3299 2131 3352 de
2163 3296 2376 3352 violato
2410 3295 2540 3349 ﬁdei
2566 3295 2776 3363 juratze
2801 3295 2967 3362 jure,-

2062 3386 2160 3456 qui
2197 3403 2325 3440 mox
2355 3391 2408 3440 et
2440 3384 2619 3438 ﬁliam
2653 3382 2877 3436 remisit
2904 3383 2973 3436 ad
3009 3398 3313 3452 sponsum,

2060 3481 2116 3530 et
2146 3473 2512 3527 conﬁrmavit
2553 3471 2738 3526 l'cedus
2771 3469 3058 3525 amicitia).

2063 3579 2250 3641 Atque
2283 3570 2362 3624 ita
2395 3586 2598 3624 rursus
2632 3570 2782 3623 inter
2814 3585 2919 3623 nos
2951 3585 3016 3622 ac
3049 3565 3326 3638 Bulgaros

2062 3656 2474 3716 benevolentiae
2507 3674 2572 3710 ac
2606 3657 2764 3726 pacis
2799 3673 3014 3710 munus
3048 3656 3255 3710 ﬂoruit.

2057 3753 2128 3805 At
2160 3747 2480 3804 Balduinus
2513 3747 2686 3799 rebus
2719 3745 2842 3798 suis
2869 3746 3209 3814 desperans,

2063 3843 2364 3910 propterea
2395 3836 2548 3906 quod
2585 3834 2640 3888 in
2678 3833 2818 3887 urbe
2848 3833 3347 3902 Constantinopoli

2061 3945 2300 4000 prorsus
2333 3925 2642 3980 conclusus
2677 3927 2830 3975 esset
2856 3939 2888 3974 a
2920 3925 3117 3975 nostro
3147 3923 3401 3987 (lassare;

2061 4016 2426 4084 adnavigavit
2453 4015 2521 4066 ad
2560 4015 2907 4065 Francorum
2944 4025 3160 4079 regem,

2060 4123 2092 4158 a
2123 4122 2234 4174 quo
2269 4101 2601 4173 permagnis
2631 4099 2955 4152 instructus
2991 4098 3254 4154 auxiliis.

2060 4189 2492 4264 permeatisque
2523 4187 2728 4242 Galliis
2758 4192 2931 4257 atque
2965 4185 3128 4241 Italia

2061 4283 2130 4338 ad
2161 4286 2429 4335 Paeonum
2462 4277 2720 4348 pervenit
2751 4277 2961 4346 pingue
2996 4275 3218 4341 solum;

2061 4371 2156 4426 ubi
2190 4369 2430 4438 trajecto
2463 4365 2715 4420 maximo
2747 4364 3013 4419 Danubio

2058 4457 2304 4514 accessit
2333 4457 2402 4510 ad
2436 4461 2741 4510 montanas
2774 4457 3078 4508 Mmsorum
3113 4453 3303 4519 sedes,

2060 4549 2154 4620 qui
2189 4544 2502 4601 transitum
2535 4543 2754 4598 Latinis
2787 4544 3220 4603 concesserunt,

2058 4641 2259 4691 contra
2299 4633 2611 4704 promissas
2638 4629 2846 4685 Caesari
2883 4627 3264 4682 conditiones.

2057 4736 2222 4790 Tunc
2255 4729 2572 4787 'l‘zurulum
2605 4742 2837 4796 quoque
2869 4729 3145 4795 ceperunt
3175 4726 3299 4780 Itali

2060 4821 2476 4880 auxiliantibus
2507 4816 2733 4886 Scythis
2768 4814 2897 4869 lslri
2927 4813 3172 4880 accolis;

2060 4924 2391 4984 quanquam
2426 4905 2584 4960 illius
2615 4903 2762 4958 arcis
2795 4903 3061 4958 custodia
3094 4903 3302 4956 tradita

2061 4999 2240 5054 nobili
2273 4995 2403 5049 duci
2437 4992 2776 5062 Petralipbaa
2811 4993 3016 5046 fuerat.

2059 5084 2569 5141 Nicomediensem'
2587 5086 2773 5134 Cmsar
2802 5080 3082 5134 invadens
3115 5096 3320 5149 agrum

2062 5176 2190 5230 forti
2225 5190 2290 5227 ac
2324 5174 2550 5242 potente
2583 5169 2834 5239 stipatus
2865 5168 3116 5222 exercitu

2061 5263 2114 5317 vi
2148 5260 2443 5332 superavit
2476 5257 2768 5326 Dacibyzae
2799 5255 3128 5323 castellum,

2064 5352 2355 5419 aliamque
2386 5362 2575 5400 arcem
2614 5345 2824 5398 dictam
2860 5343 3168 5410 Nicetiatw,

2064 5453 2452 5510 magnamque
2486 5434 2686 5505 praedae
2718 5431 2941 5501 copiam
2979 5431 3109 5483 inde
3143 5429 3352 5498 abegit.

2060 5528 2274 5582 Verum
2309 5523 2527 5591 accepit
2558 5521 2702 5574 mari
2735 5519 3173 5572 detrimentum.

2061 5616 2258 5681 Quoad
2290 5613 2444 5668 enim
2481 5607 2704 5665 Manuel
2735 5603 3138 5674 Contophreus
