4138 6296
441 363 543 418 307
1650 361 2020 418 ΕΡΗΒΕΜΙΙ
2057 356 2075 407 (

2185 352 2627 408 tONOGRAPHI
3723 355 3819 411 308

443 487 558 542 dux
584 485 822 557 sapiens
846 491 902 542 et
932 487 1013 541 rei
1049 487 1292 544 nauticae
1321 490 1543 560 peritus

446 574 773 630 navarcbus
807 575 1054 646 praefuit,
1088 575 1294 630 classis
1325 577 1469 630 bene
1496 573 1702 629 habuit
1734 590 1746 627 :

449 663 548 718 sed
585 667 892 733 postquam
932 663 984 716 id
1020 663 1278 718 ofﬁcium
1310 663 1564 718 obtinuit
1598 661 1874 732 laphreus

453 767 486 806 a
515 751 757 816 Caesare,
791 755 846 805 et
875 766 1005 805 cum
1036 751 1194 806 Italis
1227 767 1480 822 pugnam
1514 750 1662 816 iniit,

454 854 739 894 summam
771 838 842 892 ab
873 838 963 892 his
995 855 1308 910 perpessus
1338 838 1560 892 cladem
1597 842 1704 902 est,

451 926 510 980 in
545 925 738 997 praelio
769 927 1005 981 amissis
1036 927 1313 981 tredecim
1346 925 1610 997 navigiis.

447 1019 637 1085 Atque
668 1014 762 1070 hic
796 1013 903 1070 fuit
933 1016 1217 1086 praedictae
1247 1021 1491 1071 eventus
1522 1013 1624 1070 rei.

443 1105 668 1158 Asanes
699 1107 894 1158 autem
930 1104 989 1158 in
1025 1104 1235 1159 foedere
1268 1104 1567 1168 manebat,

446 1192 556 1246 etsi
591 1208 702 1246 non
739 1209 996 1262 prorsus,
1030 1197 1289 1246 attamen
1321 1208 1388 1246 ex
1420 1195 1603 1262 parte.

448 1279 503 1334 ls
535 1280 804 1334 defuncta
836 1280 972 1345 sibi,
1006 1285 1072 1335 ut
1104 1297 1282 1351 supra
1314 1281 1589 1342 diximus,

451 1367 739 1438 Ungarica
771 1372 1059 1428 consorte.
1094 1369 1366 1423 secundis
1401 1367 1623 1438 nuptiis

455 1455 619 1510 duxit
649 1471 884 1510 uxorem
918 1462 1122 1510 contra
1151 1458 1249 1526 jus
1279 1455 1622 1510 canonicum

458 1544 741 1598 Theodori
773 1541 952 1598 ﬁliam
984 1543 1465 1614 Comnenangeli,

460 1645 634 1702 quem
669 1631 792 1702 ipse
822 1631 958 1687 olim
989 1632 1173 1688 oculis
1203 1634 1525 1702 orbaverat,

462 1719 699 1775 nomine
723 1720 972 1787 Irenem,
997 1726 1232 1792 aspectu
1269 1720 1773 1786 formosissimum,

461 1808 657 1863 fratris
688 1809 1028 1862 affinitatem
1064 1811 1215 1866 haud
1249 1810 1547 1864 reveritus.

458 1900 634 1950 Erant
665 1896 803 1952 huic
831 1896 1130 1951 Theodoro
1161 1904 1412 1968 quatuor
1445 1896 1633 1965 liberi,

456 1984 734 2054 Joannes,
765 1990 822 2040 et
855 1985 1194 2054 Demetrius,
1227 1989 1402 2056 atque
1434 1991 1625 2051 Anna,

457 2073 708 2144 denique
737 2073 901 2129 Irene
932 2089 1077 2128 uxor
1105 2074 1314 2128 Asanis
1347 2073 1616 2145 Bulgari;

458 2177 585 2232 quae
615 2162 767 2232 apud
802 2162 993 2232 ipsum
1027 2163 1248 2234 peperit
1275 2167 1392 2217 tres
1424 2162 1639 2217 liberos

460 2249 823 2317 Michaelem,
857 2251 1122 2317 Mariam,
1153 2255 1210 2305 et
1240 2251 1626 2305 Theodoram.

461 2340 702 2394 Carcere
734 2354 902 2410 porro
932 2339 1184 2396 emissus
1216 2341 1288 2395 ob
1321 2339 1464 2394 istas
1499 2338 1734 2410 nuptias

464 2426 803 2483 Theodorus
834 2426 954 2496 ille,
983 2429 1054 2482 de
1084 2444 1199 2499 quo
1231 2444 1383 2498 saepe
1415 2426 1691 2494 diximus,

467 2515 938 2571 Thessalonicam
967 2514 1128 2571 venit
1159 2517 1310 2570 haud
1343 2517 1559 2585 absque
1589 2514 1722 2569 dolo
1757 2529 1769 2567 :

469 2621 606 2665 nam
640 2619 773 2659 cum
805 2602 999 2677 galero
1025 2619 1404 2674 pannosaque
1433 2608 1589 2658 veste

469 2691 615 2747 clam
650 2693 803 2748 intra
833 2692 1044 2748 moenia
1074 2691 1270 2763 oppidi
1302 2696 1592 2762 receptus,

465 2782 901 2852 conjuratorum
935 2781 1285 2853 conspiratis
1317 2781 1538 2838 viribus

459 2872 723 2939 fratrem,
758 2876 824 2931 ut
854 2871 1042 2926 dicam
1076 2870 1343 2939 breviter,
1378 2870 1434 2924 in
1469 2869 1658 2924 vincla
1689 2870 1945 2940 conjicit,

459 2958 775 3028 pristinum
813 2959 938 3030 ipse
967 2957 1328 3014 dominatum
1359 2958 1582 3028 recipit.

457 3049 584 3108 Mox
615 3065 798 3103 unum
827 3065 856 3102 e
888 3047 1012 3103 suis
1044 3046 1245 3102 liberis
1278 3047 1561 3101 Joannem

459 3135 791 3207 insignibus
823 3135 1014 3190 ornari
1051 3134 1226 3204 regiis
1255 3133 1456 3201 voluit,

470 3228 641 3294 atque
673 3223 826 3278 hunc
857 3237 1046 3294 regem
1080 3221 1355 3293 appellari
1379 3222 1590 3292 jussit;

477 3312 602 3381 ipse
633 3311 892 3382 suscepit
921 3309 1254 3381 reipublicae
1286 3327 1505 3364 curam.

480 3401 654 3456 Porro
687 3415 1027 3471 germanum
1061 3398 1317 3454 exsulem
1351 3400 1418 3453 ad
1455 3399 1655 3454 urbem
1687 3398 1860 3454 Attali

481 3487 719 3558 eXpulit,
751 3488 992 3557 ejusque
1023 3487 1325 3557 conjugem
1360 3486 1607 3549 remisit,

477 3593 509 3630 ο
543 3577 789 3631 fortunae
819 3575 1272 3630 inconstantiam
1302 3575 1313 3628 Ξ
1350 3576 1417 3629 ad
1453 3578 1672 3644 patrem
1703 3577 1969 3631 Asanem.

474 3663 790 3734 Ceteroqui
821 3663 1048 3717 Manucl
1080 3664 1372 3732 profectus
1406 3663 1682 3734 Pergamo

477 3753 546 3806 ad
579 3756 860 3806 Caesarem
893 3751 1177 3806 Joannem
1211 3751 1455 3823 supplex
1485 3753 1658 3818 venit,

470 3841 714 3909 ejusque
747 3845 952 3894 nactus
985 3839 1144 3911 pium
1181 3841 1590 3910 patrocinium,

467 3933 641 3998 atque
668 3932 730 3982 ut
763 3943 866 3998 par
896 3933 1019 3983 erat
1049 3933 1415 3998 peramanter
1443 3929 1699 3995 habitus,

466 4017 710 4086 pecunia
740 4015 1063 4072 instructus
1095 4017 1349 4087 itemque
1376 4033 1474 4071 sex
1507 4017 1864 4084 triremibus,

467 4103 681 4174 quibus
713 4105 782 4158 ad
815 4108 1028 4160 terram
1065 4110 1263 4175 posset
1294 4109 1420 4159 tuto
1453 4107 1822 4174 exscendere,

463 4191 534 4245 ad
568 4191 853 4247 Valachiae
885 4204 1016 4247 oras
1049 4191 1257 4246 direxit
1287 4209 1522 4246 cursum
1555 4209 1568 4246 :

462 4290 714 4351 cumque
746 4279 1065 4350 appulisset
1096 4295 1268 4333 naves
1299 4279 1724 4334 Demetriadem

459 4367 772 4422 contractis
804 4367 959 4422 brevi
990 4367 1173 4438 copiis
1205 4368 1508 4436 occupavit

459 4456 753 4522 Pharsale,
788 4455 1181 4511 Platamonem
1215 4461 1270 4511 et
1303 4457 1612 4512 Larissam.

457 4543 583 4597 Mox
612 4545 668 4598 in
699 4542 1057 4615 colloquium
1089 4546 1245 4598 venit
1277 4562 1405 4599 cum
1441 4545 1670 4600 duobus

457 4632 757 4698 fratribus,
787 4632 1088 4687 Theodoro
1121 4649 1268 4688 caeco
1299 4639 1354 4687 et
1384 4633 1761 4689 Constantino
1796 4652 1808 4688 :

455 4719 669 4790 quibus
701 4721 1130 4789 obtemperans,
1156 4722 1576 4790 jusjurandum
1608 4722 1806 4789 violat,

453 4807 653 4861 volens
683 4805 900 4860 scilicet
929 4806 1150 4871 nolens,
1187 4813 1248 4861 ut
1279 4810 1358 4862 ait
1392 4811 1784 4879 proverbium,

455 4895 607 4965 quod
644 4911 825 4970 nuper
858 4899 1052 4949 nostro
1085 4898 1288 4951 Caesari
1321 4899 1699 4968 praestiterat;

455 4987 510 5035 et
540 4997 673 5036 cum
705 4982 996 5052 germanis
1029 4982 1365 5038 societatem
1402 4985 1549 5038 iniit.

453 5070 563 5125 Sed
595 5070 750 5125 enim
780 5070 951 5140 paulo
985 5075 1114 5141 post
1145 5071 1235 5126 hic
1272 5073 1499 5127 Manuel
1537 5075 1786 5130 moriens

453 5162 710 5216 amaram
747 5175 858 5226 prae
891 5174 951 5212 se
984 5158 1117 5213 tulit
1145 5161 1547 5230 paenitentiam

453 5246 524 5299 ob
558 5243 822 5300 violatam
854 5246 984 5300 fidei
1020 5245 1381 5317 religionem.

457 5332 678 5404 Regina
711 5349 941 5404 quoque
974 5336 1136 5388 Irene
1167 5337 1284 5389 vita
1313 5338 1557 5392 excessit

457 5424 632 5491 atque
665 5421 733 5475 ad
767 5420 1030 5476 caelestes
1057 5424 1289 5479 transiit
1320 5425 1629 5487 stationes:

527 5616 644 5688 (83)
673 5615 878 5672 Recole
908 5632 961 5670 v.
996 5608 1153 5672 8068.

2113 480 2167 544 Α
2373 471 2596 548 ’Δνδρὸς
2628 480 2956 550 στρατηγοῦ,
2987 473 3161 546 δεξιοῦ
3190 477 3509 552 ναυαρχίαν,

2371 563 2564 623 ’Ὀντος
2595 563 2906 638 στολάρχου
2942 565 3151 638 τοπρὶν,
3182 566 3398 640 εὐτύχει
3431 567 3651 629 στόλος·

2194 653 2334 708 8320
2368 656 2454 713 Ὠς
2485 649 2529 704 δ’
2567 653 2742 725 Ἰαφρὲ
2772 651 3048 728 ναύαρχος
3077 652 3129 708 ἒν
3163 654 3429 729 βασιλέως

2373 741 2786 802 Ἀντικαταστάς
2815 741 3046 804 Ἰταλοῖς
3079 743 3414 812 συνεπλάκη,

2371 829 2566 883 Ἠτταν
2603 829 2804 902 ὑπέσχε
2832 831 2976 904 παρὰ
3004 831 3194 884 τοῦτον
3228 830 3486 904 ἐσχάτην,

2371 914 2750 987 Τρεισκαίδεκα
2781 922 2908 978 ναῦς
2933 913 3228 973 ἀποϐαλὼν
3257 918 3308 973 ἐν
3347 919 3518 993 μάχη.

2369 1009 2543 1058 Ταῦτα
2577 1006 2671 1077 μὲν
2705 1003 2795 1060 οὖν
2827 1004 3029 1081 ἔσχηκε
3058 1005 3212 1062 τόνδε
3239 1010 3330 1062 τὸν
3365 1009 3583 1082 τρόπον’

2195 1093 2334 1149 8325
2372 1097 2425 1145 Ὀ
2459 1090 2505 1146 δ’
2536 1095 2766 1163 Ἀσάνης
2798 1089 3013 1169 ἔστεργε
3044 1091 3338 1168 συμϐάσεις
3365 1098 3524 1164 τέως,

2373 1181 2437 1238 Εἰ
2473 1183 2548 1253 μή
2579 1187 2850 1257 καθαρῶς,
2883 1181 3028 1237 ἀλλᾶ
3056 1185 3116 1238 τὸ
3148 1183 3312 1239 πλέον
3351 1184 3533 1260 μέρος.

2374 1269 2567 1341 Τούτῳ
2599 1273 2882 1342 θανούσης,
2915 1273 2987 1334 ὡς
3018 1270 3173 1349 ἔφην,
3203 1280 3301 1342 τῆς
3332 1273 3560 1348 συζύγου

2374 1360 2486 1420 Τοῖς
2518 1359 2567 1430 ἐξ
2599 1359 2890 1434 Οὐγγρίας,
2923 1362 3057 1435 πρὸς
3085 1360 3291 1435 γάμους
3321 1382 3384 1436 γε
3415 1359 3696 1437 δευτέρους

2378 1447 2626 1520 Ἠγάγετ’
2655 1447 2903 1521 άθέσμως
2933 1471 2990 1504 τε
3021 1449 3108 1503 καὶ
3143 1451 3470 1524 παρανόμως

2200 1535 2342 1590 8330
2378 1535 2489 1601 Τὴν
2523 1532 2806 1611 Θεοδώρου
2836 1534 3002 1590 παῖδα
3028 1537 3492 1612 Κομνηναγγέλου

2378 1616 2478 1669 "Ov
2510 1615 2685 1690 φωτὸς
2719 1614 2962 1688 έστέρησι
2993 1617 3184 1692 τοπρὶν
3215 1617 3504 1690 ὀμμάτων,

2381 1701 2586 1770 Κλῆσιν
2620 1703 2880 1777 Εἰρήνην,
2913 1704 3115 1780 ἀγαθήν
3143 1700 3264 1778 ὄψιν
3300 1706 3462 1773 πάνυ,

2379 1791 2470 1858 Μή
2504 1793 2830 1865 κασιγνήτου
2860 1789 3027 1856 κῆδος
3060 1796 3166 1866 (33)
3196 1793 3246 1848 ἐν
3279 1798 3356 1864 νῷ
3383 1788 3698 1866 λαμϐάνωνσ

2377 1875 2592 1932 Παίδων
2627 1876 2672 1932 δ’
2708 1880 2925 1954 ὑπῆρχε
2950 1881 3238 1955 τετρακτὺς
3268 1879 3558 1956 Θεοδώρῳ,

2201 1967 2342 2022 8335
2379 1967 2633 2036 Ἰωάννης
2655 1988 2733 2038 τε,
2766 1970 3082 2043 Δημήτριος
3111 1969 3200 2023 σὺν
3235 1975 3426 2043 “¹Αννῃ,

2379 2053 2586 2129 Εἷρήιη
2618 2057 2666 2110 τ’
2695 2055 2759 2110 αὖ
2793 2055 3040 2118 σύνευνος
3073 2058 3228 2114 Ἀσὰν
3262 2057 3600 2132 Βουλγάρου,

2379 2144 2448 2198 ’Ἠ
2480 2141 2675 2206 παῖδάς
2707 2145 2758 2197 οἱ
2783 2150 2928 2214 τρεῖς
2959 2146 3256 2218 ἀποτέξασα
3288 2147 3497 2223 φθάνει,

2382 2231 2637 2306 Μιχαὴλ,
2673 2235 2886 2306 Μαρίαν
2915 2255 2972 2287 τε
3000 2236 3089 2288 καὶ
3121 2232 3426 2307 Θεοδώραν.

2383 2319 2617 2394 Εἷρκτῆς
2648 2318 2704 2375 δὲ
2735 2319 2945 2394 δεσμῶν
2977 2321 3222 2387 έκλυθεὶς
3253 2320 3455 2393 κήδους
3486 2325 3649 2398 χάριν

2206 2409 2346 2464 8340
2383 2413 2436 2460 '0
2465 2411 2860 2480 μνημονευθεὶς
2893 2409 3172 2485 Θεόδωρος
3203 2411 3497 2480 πολλάκις,

2384 2495 2776 2568 Θεσσαλονίκην
2807 2496 3206 2572 καταλαμϐάνει
3237 2501 3422 2555 πόλιν·

2387 2585 2535 2642 Μετά
2565 2588 2798 2662 φενάκης
2828 2586 2874 2642 δ’
2904 2588 3138 2644 εὐτελῶν
3163 2611 3222 2644 τε
3255 2589 3457 2665 ῥακίων

2385 2670 2530 2730 Εἲ¹σω
2560 2675 2844 2751 παρελθὼν
2873 2675 3037 2745 τῆσδε
3067 2677 3246 2741 λαθὼν
3274 2677 3502 2752 τειχέων

2388 2763 2725 2838 Συνιστόρων
2761 2766 2930 2829 σθένει
2959 2787 3018 2820 τε
3039 2769 3123 2821 καὶ
3159 2766 3406 2842 συνεργίᾳ

2207 2852 2348 2906 8345
2385 2858 2587 2924 Δεσμοῖ
2612 2854 2658 2905 τ’
2688 2849 2940 2927 ἀδελφὸν,
2976 2854 3026 2908 ἐν
3058 2854 3335 2931 κεφαλαίῳ
3367 2854 3548 2931 φάναι,

2387 2940 2484 2995 Καὶ
2514 2940 2576 2994 τὸ
2607 2939 2729 3015 πρίν
2759 2941 3018 3018 ἀνείληφε
3047 2951 3146 3012 τῆς
3178 2945 3362 3017 χώρας
3391 2945 3609 3019 κράτος’

2405 3028 2449 3050 ἼὟ
2484 3029 2496 3048 9
2529 3029 2541 3048 9
2637 3032 2645 3046 7
2849 3032 2860 3046 ο
3215 3029 3236 3049 Ν

2386 3031 2476 3084 bit
2544 3035 2783 3100 Ιωαννην
2815 3033 2972 3085 υιέων
3002 3030 3179 3109 φίλων
3212 3053 3299 3086 ενα

2383 3121 2510 3180 Τοῖς
2543 3117 2848 3191 βασιλικοῖς
2879 3119 3114 3194 ὡραΐσας
3152 3116 3474 3194 συμϐόλοις,

2128 3197 2170 3263 C
2389 3207 2528 3280 Πρὸς
2555 3204 2601 3259 δ’
2632 3205 2696 3260 αὖ
2727 3207 3004 3262 καλεῖσθαι
3034 3210 3285 3273 θεσπίσας
3318 3209 3565 3285 βασιλέα,

2213 3296 2354 3351 8350
2395 3294 2562 3359 Λύτὸς
2593 3294 2766 3350 διεῖπε
2795 3300 3125 3372 πραγμάτων
3154 3300 3250 3361 τάς
3282 3297 3592 3374 φροντίδας.

2389 3385 2486 3437 Τὸν
2523 3386 2774 3459 σύγγονον
2808 3384 2862 3440 δὲ
2891 3389 3026 3461 πρὸς
3054 3387 3214 3442 πόλιν
3244 3390 3341 3456 τήν
3376 3386 3640 3444 Ἀττάλου

2390 3475 2668 3548 Ἔπεμψεν
2700 3475 2993 3552 ἐξόριστον,
3023 3477 3186 3532 αὐτοῦ
3219 3475 3265 3532 δ’
3297 3478 3494 3532 εὐνέτιν

2393 3562 2549 3617 ’Λσάν
2584 3569 2746 3641 πατρὶ
2776 3567 3081 3644 πέπομφεν,
3113 3568 3343 3623 ἀστάτου
3372 3567 3550 3641 τύχης

2394 3649 2565 3706 Ἀλλά
2597 3653 2855 3724 Μανουήλ
2892 3656 3099 3728 ἀπάρας
3132 3655 3182 3726 ἐξ
3213 3654 3477 3712 Ἀττάλου

2211 3739 2352 3794 8355
2393 3742 2531 3812 Πρὸς
2556 3741 2648 3796 τὸν
2684 3746 3066 3818 χαριτώνυμον
3097 3743 3296 3800 ἄνακτα
3316 3747 3522 3821 τρέχει,

2387 3829 2485 3884 Καὶ
2515 3827 2675 3885 τοῦδε
2701 3835 2884 3907 τυχὼν
2917 3833 3173 3905 εὐμενοῦς
3203 3855 3262 3909 γε
3288 3837 3590 3910 προστάτου

2389 3918 2822 3997 Φιλοφρονηθεὶς
2856 3922 2902 3978 δ’
2929 3925 3129 3988 ἱκανῶς
3152 3924 3330 3999 ὥσπερ
3361 3923 3502 3996 δέον,

2388 4011 2660 4082 Χρήματα
2691 4007 2871 4066 λαϐὼν
2904 4013 2992 4067 καὶ
3023 4016 3265 4088 τριήρεις
3380 4015 3542 4070 πάλιν

2387 4097 2464 4149 Δι’
2490 4098 2562 4150 ὧν
2593 4107 2882 4174 κατασχεῖν
2912 4100 3158 4172 ἠδυνήθη
3192 4104 3283 4157 τὸν
3315 4101 3504 4172 τόπον,

2207 4184 2347 4238 8360
2387 4187 2524 4260 Πρὸς
2555 4188 2620 4242 τά
2655 4189 2896 4264 Βλαχίας
2930 4190 3263 4263 ἐξαπεστάλη
3301 4194 3462 4266 μέρη·

2387 4277 2486 4331 Καὶ
2513 4279 2830 4335 καταλαϐὼν
2867 4292 2938 4351 Δη
2953 4280 3248 4355 μητριάδος
3274 4284 3460 4352 τόπον,

2387 4367 2681 4441 Στράτευμ²
2711 4370 2890 4425 ἱκανὸν
2926 4369 2976 4426 ἐν
3012 4374 3216 4446 Βραχεῖ
3254 4371 3562 4440 συναλίσας,

2381 4455 2573 4529 ’Ἃρχει
2607 4458 2931 4532 Φαρσαλων,
2971 4459 3367 4533 Πλαταμῶνος,
3407 4460 3702 4536 Λαρίσσης·

2129 4557 2171 4619 D
2381 4541 2506 4596 Εἶτα
2537 4547 2770 4614 συνῆλθε
2797 4552 2912 4601 τοῖν
2943 4545 3089 4602 δυοῖν
3123 4549 3448 4621 ὁμαιμόνοιν

2200 4629 2341 4684 8365
2381 4635 2549 4705 Πηρῷ
2580 4633 2844 4709 Θεοδώρῳ
2870 4657 2929 4691 τε
2954 4639 3041 4691 καὶ
3078 4639 3484 4710 Κωνσταντίνῳ,

2379 4721 2477 4774 Καὶ
2508 4720 2688 4776 τοῖσδε
2717 4724 2952 4786 πεισθεὶς
2988 4723 3182 4797 ὀμελεῖ
3209 4729 3314 4779 τῶν
3350 4725 3547 4800 ὁρκίων

2377 4809 2546 4862 Ἐκὼν
2580 4807 2742 4880 ἄκων,
2777 4813 2849 4875 ὥς
2881 4834 3028 4890 φασι,
3060 4814 3149 4868 καὶ
3189 4815 3548 4888 συγκειμένων

2375 4901 2490 4950 Τῶν
2530 4899 2663 4973 πρὸς
2694 4902 3009 4976 κρατάρχην
3046 4901 3290 4956 Αὐσόνων
3321 4901 3597 4973 Ἰωάννην·

2377 4989 2691 5042 Ἐσπείσατο
2721 4990 2866 5064 σφίσι
2899 4988 2955 5044 δὲ
2980 4991 3067 5043 καὶ
3096 4991 3414 5064 συνεκράθη.

2197 5076 2337 5130 8370
2378 5076 2509 5130 Μετ’
2540 5076 2601 5129 οὐ
2633 5075 2773 5130 πολὺ
2807 5081 3051 5146 θνήσκων
3086 5076 3140 5132 δὲ
3175 5078 3434 5148 Μανουήλ
3466 5078 3557 5135 ὅδε

2373 5166 2616 5237 ⁴Εχρῆτο
2644 5164 2843 5237 πολλῷ
2871 5166 2960 5220 καὶ
2992 5172 3170 5241 πικρῷ
3203 5167 3495 5240 μεταμέλῳ

2376 5249 2713 5324 Ηαραϐασίας
2747 5255 2942 5330 ὁρκίων
2977 5257 3306 5333 φρικαλέων.

2374 5342 2556 5395 Λείπει
2588 5341 2644 5396 δὲ
2677 5344 2792 5417 βίον
2822 5345 2910 5398 καὶ
2947 5345 3160 5419 βασιλὶς
3191 5345 3420 5417 Εἰρήνη,

2373 5431 2474 5486 Καὶ
2505 5432 2638 5504 πρὸς
2673 5432 2837 5504 μονὰς
2874 5429 3070 5506 βέϐηκε
3098 5433 3191 5496 τὰς
3222 5434 3522 5510 οὐρανίους,

2124 1842 2170 1906 Β
