4138 6296
318 360 430 416 309

321 483 465 538 8375
503 480 646 547 Γυνὴ
683 477 995 552 φίλοικτος,
1027 478 1253 551 ἀρχικὴ,
1287 477 1540 553 σώφρων,
1574 476 1718 548 ξένη,

499 569 694 640 Χάρισι
725 562 952 620 πολλῶν
985 565 1196 638 ἀγαθῶν
1229 566 1602 638 κοσμουμένη.

500 657 654 714 Μετά
689 653 868 729 βραχὺ
902 651 958 707 δὲ
987 655 1074 707 καὶ
1104 653 1420 727 κρατάρχης
1456 653 1783 729 Βουλγόίρων

500 744 872 817 Ἀνθρώπινον
905 741 1160 796 λέλοιπεν
1192 743 1424 812 ’Δσανης
1457 742 1592 817 βίον,

494 835 698 893 ’Ήπιος
729 831 864 898 ἀνὴρ
896 831 982 884 καὶ
1015 829 1412 906 φιλοικτίρμων
1447 830 1625 907 φύσει,

319 924 461 980 8380
497 925 760 996 ’Ἄριστος
795 918 979 995 ὀφθεὶς
1007 921 1151 991 παρὰ
1180 925 1380 980 Μυσοῖς
1411 914 1728 994 βαρϐάροις.

502 1008 853 1082 Εὐεργετικὸς
885 1005 1080 1063 Αὔσοσι
1111 1008 1200 1061 καὶ
1231 1007 1512 1082 φυλέταις,

500 1103 669 1152 Πᾶσιν
702 1096 948 1170 ἐπαρκῶν
981 1097 1073 1156 τὰς
1107 1097 1344 1166 σιτήσεις
1376 1095 1658 1169 ἀφθόνους,

505 1183 715 1259 Μερίδα
744 1185 833 1238 καὶ
868 1183 1123 1256 μέλλοντι
1155 1184 1476 1259 προσνέμων
1513 1184 1632 1259 βίῳ.

499 1276 714 1333 Τούτου
742 1273 1187 1342 τελευτήσαντος,
1222 1273 1398 1346 ἀρχὴν
1433 1271 1758 1348 Βουλγάρων

334 1369 469 1424 8385
504 1369 640 1425 Παῖς
675 1361 1030 1432 Καλλιμάνος
1051 1357 1379 1433 παραλαϐὼν
1411 1362 1652 1435 κατέχει,

501 1455 598 1510 ⁸Ὀν
637 1451 856 1526 βασιλὶς
886 1447 1088 1504 ἔτικτεν
1123 1449 1268 1521 αὐτῷ
1298 1449 1478 1523 Μαρία

501 1543 600 1594 Ἐκ
630 1537 873 1592 Παιόνων
907 1535 1108 1611 ἔχουσα
1139 1536 1317 1612 σειρὰν
1347 1541 1444 1590 τοῦ
1473 1536 1657 1611 γένους
1689 1554 1702 1566 ·

500 1629 774 1700 Ὑπῆρχεν
807 1624 953 1696 αύτῷ
976 1624 1065 1678 καὶ
1093 1623 1352 1696 σύναιμος
1381 1627 1415 1693 ἡ
1450 1624 1657 1700 Θάμαρ.

503 1719 600 1774 Ἐκ
630 1713 675 1769 δ’
708 1713 1025 1790 Ἀγγελίνης
1056 1713 1296 1788 Εἰρήνης
1327 1713 1483 1770 Ἀσὰν
1515 1709 1612 1790 ἔφυ

325 1819 469 1875 8390
507 1820 697 1882 ’³Αννα,
733 1811 990 1887 Μιχαὴλ,
1023 1812 1110 1865 καὶ
1141 1811 1232 1865 σὺν
1265 1812 1450 1875 αὐτοῖς
1480 1812 1678 1884 Μαρία.

505 1903 861 1975 Καλλιμάνος
892 1905 1022 1976 γοῦν
1053 1902 1248 1975 κράτος
1281 1901 1649 1974 ἀνεζωσμένος

508 1994 618 2055 Τὰς
648 1993 782 2064 πρὸς
812 1993 1127 2065 κρατάρχην
1157 1987 1385 2062 ἐμπεδοῖ
1413 1985 1788 2062 συμϐιϐάσεις,

509 2082 618 2138 Καὶ
649 2079 811 2135 πάλιν
840 2078 1025 2154 εἰρήνη
1057 2099 1138 2138 τις
1167 2079 1232 2146 ἦν
1263 2078 1314 2132 ἐν
1345 2083 1424 2149 τῷ
1460 2076 1606 2149 μέσῳ
1640 2097 1652 2110 ’

515 2170 700 2244 ΙΙηρὸς
729 2166 786 2222 δὲ
815 2165 1092 2240 Θεόδωρος
1122 2166 1211 2220 σὺν
1249 2167 1466 2238 Ἰωάννῃ

324 2263 466 2318 8395
510 2256 909 2325 Θεσσαλονίκης
942 2254 1149 2330 ἐκράτει
1179 2255 1267 2309 καὶ
1298 2259 1404 2309 τῶν
1437 2254 1587 2329 πέριξ
1611 2257 1627 2284 ι

506 2349 647 2404 Μεθ“’
679 2343 771 2406 οὓς
801 2345 1015 2418 ὑπῆρχε
1046 2341 1312 2412 δεσπότης
1332 2347 1731 2408 Κωνσταντῖνος

508 2437 700 2509 Πηροῦ
730 2433 987 2504 σύναιμος
1015 2431 1103 2486 καὶ
1136 2430 1366 2506 Μιχαὴλ
1394 2431 1626 2505 ἔγγονος,

504 2527 703 2580 Μυσῶν
733 2525 1056 2595 κραταρχῶν
1082 2519 1347 2590 Μανουήλ
1377 2541 1436 2574 τε
1463 2525 1558 2574 τοῦ
1592 2519 1823 2596 λάχους.

499 2613 693 2674 Οὕτως
722 2605 961 2685 ἐχόντων
993 2610 1351 2684 πραγμάτων,
1385 2609 1637 2680 Ἰωάννης

318 2714 461 2768 8400
510 2711 896 2782 Στρατηγετῶν
925 2707 1229 2782 κράτιστος,
1264 2705 1504 2768 ἀνάκτως
1533 2706 1717 2775 κλέος,

506 2797 830 2856 Βουλεύεται
857 2793 922 2864 δὴ
955 2794 1203 2858 καθελεῖν
1239 2795 1490 2862 Ἰωάννην

505 2889 620 2954 Τῆς
653 2883 943 2961 βασιλικῆς
971 2883 1116 2953 ἀξίας
1145 2884 1233 2937 καὶ
1264 2882 1359 2937 τοῦ
1391 2883 1604 2957 Θρόνου,

503 2977 591 3036 Ὡς
615 2972 774 3044 τήνδε
802 2973 1103 3046 κατέχοντα
1137 2970 1263 3043 μάλ’
1295 2972 1539 3041 ἀναξίως.

507 3066 666 3121 ’Όθεν
690 3064 815 3135 παρ’
848 3061 1006 3115 αὐτὸν
1036 3059 1362 3114 εἰσκαλεῖται
1394 3063 1512 3124 καθ’
1542 3057 1614 3114 ἕω

325 3156 472 3209 8405
506 3153 605 3205 Τὸν
640 3153 893 3207 Ἰωάννου
926 3145 1204 3222 Θεόδωρον
1233 3149 1458 3218 πατέρα,

501 3239 666 3309 ’Άναξ
699 3241 996 3314 φρενήρης,
1030 3235 1120 3289 καὶ
1148 3240 1282 3307 τιμᾷ
1311 3233 1656 3313 φιλοφρόνως
1694 3259 1708 3271 '

501 3329 631 3384 Εἶτα
658 3324 914 3397 δυνάμεις
943 3325 1276 3394 Ῥωμαϊκὰς,
1311 3322 1575 3388 Σκυθίδας

501 3421 596 3476 “Ac
630 3416 747 3489 εἶχε
777 3413 984 3487 κλῆρον
1019 3410 1314 3466 ΐδιαίτατον
1350 3410 1564 3484 δράσας,

501 3504 577 3560 Εὖ
609 3505 984 3577 συναθροίσας,
1019 3501 1355 3576 ἐκστρατεύει
1381 3504 1705 3580 προφρόνως

317 3597 462 3652 8510
501 3594 636 3649 Κατ’
668 3593 919 3648 Ἰωάννου
952 3589 1040 3645 διὰ
1069 3587 1398 3652 Μακεδονίας
1434 3611 1447 3622 ·

501 3685 740 3758 Χριστοῦ
771 3681 932 3736 πόλιν
968 3679 1063 3734 οὖν
1090 3680 1434 3755 παραμείψας
1469 3682 1822 3752 Στρυμμόνα,

504 3772 781 3846 Προσέσχε
820 3771 1066 3846 φρουρίῳ
1099 3790 1158 3842 γε
1188 3773 1264 3840 τῷ
1295 3773 1392 3834 τῆς
1422 3769 1692 3840 Ῥεντίνης

503 3864 736 3934 Πάμπαν
771 3861 963 3932 ἐρήμῳ
992 3863 1098 3912 τῶν
1133 3857 1523 3912 συνοικούντων
1553 3855 1678 3928 ἔσω,

500 3949 952 4025 ’Λποδρασάντων
982 3952 1085 4002 τῶν
1119 3945 1373 4023 φυλάκων
1406 3947 1464 4000 ἐκ
1493 3942 1666 4027 φόϐου
1698 3965 1710 3978 ⁸

322 4054 460 4108 8415
496 4052 564 4107 Ὃ
595 4050 684 4104 καὶ
716 4044 922 4117 λαϐὼν,
957 4046 1198 4125 φύλακας
1229 4042 1379 4099 ἔνδον
1410 4046 1632 4120 εἰσάγει,

501 4139 713 4194 ’Έπειτ’
741 4136 938 4200 ἐκεῖθεν
974 4136 1064 4190 σὺν
1097 4139 1309 4209 στρατῷ
1338 4136 1423 4189 καὶ
1457 4131 1679 4208 δυνάμει

500 4227 810 4304 Ἐφίσταται
842 4224 1074 4300 τάχιστα
1103 4222 1461 4298 Θεσσαλονίκῃ
1503 4243 1514 4255 °

499 4322 597 4378 ’Πς
625 4316 854 4390 τειχέων
889 4313 1124 4388 ἄγχιστα
1154 4313 1378 4388 πηγνύει
1413 4315 1588 4390 φέρων

513 4404 724 4474 Σκηνὰς
759 4401 1069 4478 βασιλείους
1096 4422 1154 4456 τε
1181 4401 1269 4456 καὶ
1299 4401 1623 4477 παντευχίας
1659 4422 1670 4434 ·

337 4495 472 4549 8420
509 4493 662 4567 Παρὰ
693 4489 739 4545 δ’
765 4493 939 4563 ἑαυτῷ
967 4495 1074 4546 τῶν
1102 4487 1510 4565 στρατευμάτων
1545 4491 1727 4567 στίφος

513 4584 584 4640 ⁰Α
612 4582 766 4635 πάντ’
798 4578 988 4653 ἐδῄουν
1017 4577 1308 4654 ἐκδρομαῖς
1337 4599 1510 4654 κεχρη
1524 4581 1674 4652 μένα,

520 4669 905 4739 Λεηλατοῦντα
930 4668 998 4723 τὰ
1026 4667 1294 4741 πρόσοικα
1324 4669 1504 4743 χωρία
1536 4687 1548 4699 ·

519 4757 720 4814 Σκύθαι
747 4755 803 4813 δὲ
838 4757 1054 4831 μᾶλλον
1086 4755 1344 4829 ἠφάνιζον
1373 4755 1612 4812 πλειόνω

520 4851 747 4922 Συχνῶς
775 4843 1020 4909 ἐπιόντες
1047 4867 1107 4921 γε
1135 4845 1308 4899 πάντα
1336 4845 1402 4898 τὰ
1431 4843 1581 4917 πέριξ
1619 4864 1631 4878 ·

312 5012 315 5014 _
350 4947 485 5003 8425
524 4947 623 5002 Καὶ
650 4950 818 5000 ταῦτα
844 4943 1075 5018 δρῶντες
1106 4943 1375 5011 Σκυθικήν
1409 4941 1662 5014 ἐρημίαν.

519 5035 579 5091 Ὁ
611 5032 657 5087 δ’
688 5031 754 5088 αὖ
786 5029 982 5092 στόλος
1011 5030 1228 5104 πάραλα
1253 5029 1651 5103 κατεπυρπόλει

524 5124 701 5196 Οὗπερ
736 5120 1050 5195 στολάρχης
1084 5117 1357 5192 Κοντοφρέ
1384 5139 1468 5179 τις
1495 5116 1766 5193 γεννάδας.

523 5211 756 5266 Εἴποντο
781 5206 923 5280 τῷδε
955 5207 1171 5282 βασιλεῖ
1197 5207 1552 5281 στρατηγέται

523 5298 748 5375 Ἀνδρες
783 5294 1033 5371 λογάδες,
1065 5295 1292 5369 ἀρεϊκοὶ,
1325 5293 1596 5368 γεννάδαι,

368 5389 494 5445 8430
530 5397 792 5462 ’Ἄριστος
823 5382 1170 5459 ’Δνδρόνικῡς
1201 5383 1251 5437 ἐν
1287 5384 1651 5456 στρατηγίαις,

527 5475 917 5549 ῐΙαλαιολόγος
948 5472 1000 5527 ἐν
1034 5471 1382 5546 δομεστίκοις
1419 5473 1606 5546 μέγας,

485 5573 488 5576 ’
518 5560 1029 5643 Ιιρωτοϐεστιᾶριος
1060 5559 1251 5616 Ῥαοὺλ
1283 5559 1606 5631 τούπίκλην,

524 5655 804 5731 Τορνίκης
833 5651 1148 5724 Δημήτριος
1179 5649 1373 5724 ἀγαθὸς
1403 5648 1580 5726 φύσιν,

1842 358 2212 415 CBSABES.

1997 482 2052 546 Α
2083 481 2433 552 misericors,
2469 483 2703 555 pudica,
2733 481 2977 553 imperio
3008 480 3206 550 digna,

2068 569 2356 626 mirabilis
2387 579 2445 627 et
2468 572 2720 626 afﬂuens
2751 572 2962 624 virtute
2994 567 3227 623 mulier.

2071 657 2245 713 Paulo
2279 665 2409 727 post
2437 661 2611 714 etiam
2640 659 3014 729 Bulgarorum
3049 655 3323 710 dominus

2069 746 2327 801 deseruit
2358 746 2661 801 mortalem
2694 748 2938 813 Asanes,
2970 745 3170 807 vitam,

2068 834 2155 888 vir
2184 834 2440 889 clemens
2471 840 2526 889 et
2559 834 2888 889 misericors
2921 838 3154 904 natura,

2070 923 2328 993 optimus
2350 924 2476 978 sine
2506 922 2683 977 dnbio
2715 923 2866 976 inter
2896 921 3106 975 Mmsos
3144 919 3445 990 barbaros,

2070 1021 2367 1076 beneﬁcus
2395 1021 2453 1076 in
2487 1026 2717 1076 nostros
2748 1025 2804 1075 et
2832 1021 2986 1074 cives
3017 1035 3184 1085 suos,

2070 1109 2298 1164 cunctis
2328 1108 2648 1180 dilargiens
2671 1110 2800 1164 vitae
2832 1107 3121 1176 subsidia,

2070 1202 2294 1266 partem
2325 1198 2435 1252 sibi
2469 1214 2756 1269 reponens
2790 1197 2986 1251 futuro
3018 1195 3250 1251 saeculo.

2071 1290 2187 1341 Hoc
2218 1287 2336 1340 vita
2368 1287 2588 1356 functo,
2622 1303 2866 1357 regnum
2899 1285 3282 1355 Bulgarorum

2070 1375 2258 1445 ipsius
2287 1375 2443 1430 ﬁlius
2469 1377 2693 1445 excepit
2724 1374 3108 1441 Callimanus,

2070 1479 2240 1532 quem
2273 1479 2341 1516 ex
2375 1465 2574 1532 regina
2605 1467 2944 1532 susceperat
2976 1461 3160 1517 Maria

2071 1567 2256 1622 genus
2290 1551 2361 1605 de
2383 1551 2596 1622 populo
2627 1557 2899 1606 Peonum
2934 1551 3226 1604 trahente.

2071 1640 2209 1694 Erat
2237 1639 2372 1694 huic
2401 1642 2573 1694 etiam
2609 1656 2816 1694 namar
2844 1655 3124 1709 germana
3169 1654 3350 1693 soror.

2073 1740 2236 1793 Irenc
2266 1755 2395 1792 vero
2429 1739 2650 1807 peperit
2680 1737 3082 1808 Angelonyma

1995 1836 2044 1900 B
2075 1828 2252 1881 Asani
2287 1825 2652 1890 Michaelem,
2677 1826 2942 1891 Mariam,
2965 1828 3214 1881 Annam.

2075 1916 2201 1969 Jam
2232 1931 2364 1968 vero
2388 1914 2746 1968 Callimanus
2776 1914 3021 1984 imperio
3053 1915 3210 1968 adito

2074 2017 2207 2055 cum
2240 2006 2439 2056 nostro
2469 2002 2692 2055 Caesare
2723 2001 2912 2054 foedus
2945 2000 3278 2066 renovavit;

2075 2093 2315 2159 eratque
2345 2105 2552 2144 rursus
2585 2105 2694 2158 pax
2723 2087 2992 2143 ambolus
3023 2088 3277 2160 populis.

2075 2179 2415 2233 Theodorus
2445 2182 2639 2232 autem
2673 2193 2858 2233 caecus
2891 2193 3023 2232 cum
3055 2177 3282 2233 Joanne

2076 2265 2553 2321 Thessalonicam
2585 2282 2718 2321 cum
2749 2265 2890 2321 locis
2922 2266 3190 2321 ﬁnitimis

2077 2355 2329 2424 regebat,
2366 2358 2422 2409 et
2451 2355 2560 2410 sub
2594 2354 2708 2408 illis
2739 2355 2870 2409 caeci
2906 2356 3078 2409 frater

2076 2443 2315 2513 despola
2345 2443 2788 2507 Constantinus,
2817 2448 2872 2496 et
2903 2444 3138 2497 demum
3175 2442 3416 2498 Michael

2077 2531 2364 2586 Manuelis
2396 2545 2576 2600 nepos
2611 2536 2834 2600 partem
2862 2530 3091 2584 Mnasias.

2075 2619 2192 2675 lloe
2224 2619 2558 2690 reipublicae
2589 2624 2770 2686 statu,
2801 2623 2990 2674 Caesar
3029 2625 3228 2674 noster

2076 2708 2335 2778 optimus
2368 2707 2686 2778 imperator
2714 2713 2770 2761 et
2802 2707 2986 2778 gloria
3017 2723 3214 2778 regum

2075 2797 2359 2852 Joannem
2393 2795 2561 2850 illum
2593 2795 3171 2850 Thessalonicensem

2077 2882 2452 2954 imperatorio
2484 2884 2690 2937 statuit
2721 2883 3023 2938 detrahere
3054 2885 3259 2955 gradu,

2077 2988 2251 3042 quem
2285 2972 2394 3027 iste
2420 2971 2580 3026 nullo
2614 2971 2950 3042 possidebat
2975 2973 3127 3040 jure.

2077 3062 2264 3124 Quare
2297 3059 2353 3113 in
2377 3060 2656 3115 orientem
2696 3061 2978 3131 prudente
3008 3061 3250 3116 consilio

2075 3149 2315 3204 Joannis
2346 3154 2568 3220 patrem
2597 3149 2965 3205 Theodorum
2998 3157 3184 3216 vocat,

2077 3243 2255 3307 atque
2286 3237 2568 3292 benivolis
2598 3238 2805 3308 excipit
2835 3240 3065 3294 ofﬁciis.

2075 3325 2294 3380 Deinde
2333 3325 2516 3396 cepiis
2551 3326 2801 3396 propriis
2825 3330 2999 3399 atque
3035 3327 3345 3400 Scythicis,

2077 3430 2321 3484 quarum
2355 3414 2631 3469 selectam
2666 3431 2906 3470 manum
2943 3417 3057 3471 sibi
3089 3417 3397 3484 asciverat,

2076 3501 2303 3571 egregie
2333 3503 2705 3572 comparatis,
2726 3503 2784 3557 in
2822 3504 3222 3560 Macedoniam

2074 3594 2275 3645 contra
2303 3589 2590 3644 Joannem
2625 3593 2906 3664 pergebat
2937 3592 3206 3648 alacriter
3237 3611 3250 3647 :

2077 3690 2600 3758 praetervectusque
2633 3688 3008 3757 Strymmona
3037 3695 3093 3744 et
3123 3690 3519 3763 Christopolin

2072 3776 2142 3832 ad
2171 3774 2432 3828 Rentinaa
2462 3772 2775 3828 castellum
2812 3782 3006 3831 castra
3037 3779 3357 3846 transtulit,

2073 3865 2224 3936 quod
2260 3879 2400 3918 sane
2431 3861 2676 3917 offendit
2708 3862 2915 3918 incolis
2946 3865 3269 3936 desertum,

2072 3954 2202 4022 ejus
2239 3951 2485 4022 dilapsis
2515 3967 2626 4023 prae
2661 3957 2815 4006 metu
2850 3954 3227 4022 custodibus;

2072 4043 2202 4114 ipse
2233 4045 2584 4110 occupatum
2620 4039 2834 4094 muniit
2863 4041 3146 4111 praesidio.

2067 4131 2240 4186 Illinc
2275 4129 2483 4185 deinde
2511 4146 2645 4184 cum
2679 4135 2914 4201 potente
2944 4133 3195 4187 exercitu

2084 4218 2564 4276 Thessalonicam
2600 4235 2842 4290 propere
2874 4222 3193 4292 contendit,

2071 4315 2130 4364 et
2163 4324 2343 4380 prope
2379 4307 2596 4362 muenia
2627 4307 2750 4362 fixit
2780 4309 3161 4364 tabernacula

2076 4398 2266 4453 Caesar
2296 4413 2428 4450 cum
2462 4397 2620 4450 omni
2653 4396 2860 4452 bellico
2893 4403 3176 4469 apparatu
3220 4417 3232 4452 :

2083 4488 2254 4559 cujus
2287 4485 2534 4556 dispersi
2567 4484 2864 4555 copiarum
2905 4486 3191 4558 manipuli

2010 4553 2054 4617 D
2085 4553 2257 4630 omne
2289 4553 2600 4628 vastabant
2630 4553 2743 4626 late
2773 4553 3130 4628 territorium
3162 4601 3170 4610 ι

2086 4665 2340 4735 pandam
2372 4666 2609 4733 agentes
2643 4661 2920 4733 proximis
2952 4677 2982 4715 e
3010 4662 3200 4717 villis:

2088 4762 2375 4833 praacipue
2407 4774 2538 4813 vero
2569 4758 2792 4829 Scytha
2821 4757 3047 4812 molesti
3075 4764 3260 4831 erant,

2089 4852 2228 4906 dum
2258 4846 2552 4920 perpetuis
2583 4863 2685 4916 per
2713 4862 2918 4917 agrum
2952 4847 3390 4905 incursionibus

2089 4940 2420 5012 Scythicam
2452 4938 2707 4992 facerent
2737 4937 2952 5008 ubique
2981 4938 3376 4995 solitudinem.

2092 5027 2325 5084 Interim
2360 5025 2566 5080 classis
2595 5025 2790 5080 littora
2815 5024 3131 5081 infestabat

2092 5117 2260 5186 cujus
2293 5114 2616 5170 navarchus
2650 5114 2816 5169 fortis
2847 5116 3252 5184 Gontoplireus
3284 5121 3426 5172 erat.

2092 5204 2331 5261 Cesaris
2361 5208 2546 5258 castra
2581 5204 2976 5273 sequebantur
3005 5205 3182 5260 duces

2092 5295 2198 5352 viri
2233 5292 2513 5364 praecipui
2545 5293 2772 5347 strenui
2806 5293 3097 5359 mavortii,

2097 5383 2462 5438 Andronicus
2492 5381 2744 5453 inclytus
2772 5381 3130 5452 Palaeologus

2096 5477 2368 5544 expertus
2399 5473 2516 5525 dux
2546 5478 2602 5524 et
2643 5487 2891 5541 magnus
2933 5472 3288 5526 domesticus
3323 5487 3334 5522 :

2099 5560 2317 5615 Raulus
2351 5560 2485 5613 item
2523 5558 3014 5628 protovcstiarius,

2097 5649 2481 5722 egregiusque
2511 5647 2787 5703 'l‘ornices
2819 5644 3144 5700 Demetrius
3179 5661 3192 5701 :
3231 5652 3236 5660 ‘

3606 355 3715 410 310
