4138 6296
398 359 495 414 3n
1467 414 1473 422 _
1599 335 1968 395 spumam!
2005 331 2583 390 CHRONOGRAPHI

397 489 454 538 et
484 482 582 553 qui
614 480 924 537 concilium
958 477 1258 550 publicum
1295 471 1531 544 regebat

397 568 919 626 Tarchaniatorum
955 567 1026 621 de
1057 568 1228 635 gente
1257 559 1620 630 Nicephorus
1655 570 1666 607 :

403 659 846 730 protosebastus
877 656 1016 709 item
1044 649 1570 719 Contostephanus,

403 754 459 802 et
491 744 850 815 Petraliphas
881 757 1133 812 magnus
1165 734 1586 797 chartularius,

403 853 537 890 cum
570 834 702 890 aliis
729 831 932 887 multis
965 830 1138 884 claris
1171 824 1561 883 senatoribus.

404 925 551 980 Dum
587 923 666 977 ibi
701 920 1008 976 imcumbit
1037 919 1105 972 ad
1138 915 1355 971 bellum
1387 908 1692 974 exercitus,

406 1030 537 1068 ecce
568 1013 830 1066 defertur
860 1009 1104 1064 nuntius
1134 1006 1202 1060 ad
1231 1006 1510 1059 Caesarem

406 1101 561 1172 quod
589 1099 1004 1154 Tachariorum
1039 1111 1181 1166 gens
1214 1089 1530 1146 commisso
1563 1081 1756 1156 prtelio

409 1189 558 1243 vires
587 1188 907 1241 Turcarum
942 1182 1182 1254 penitus
1212 1177 1492 1246 fregisset.

409 1284 618 1342 Morari
652 1287 840 1338 Caesar
871 1280 1156 1351 nequiens
1189 1276 1410 1330 omissa

418 1374 724 1433 obsidione
753 1370 1117 1425 conditiones
1147 1363 1379 1429 obtulit,

427 1468 482 1517 et
509 1461 886 1516 mediatorem
922 1457 1003 1510 rei
1039 1456 1290 1525 legatum
1325 1447 1482 1503 misit

412 1550 605 1620 ipsum
634 1545 876 1602 Joannis
908 1552 1128 1614 patrem
1160 1539 1549 1595 Theodorum.

414 1637 731 1693 Mandabat
762 1637 952 1689 autem
990 1631 1179 1686 Caesar
1209 1631 1272 1683 ut
1299 1631 1549 1683 Joannes

411 1725 640 1795 imperii
673 1727 881 1777 cuncta
911 1721 1220 1791 deponeret
1250 1714 1505 1784 insignia

415 1813 637 1868 calceos
671 1812 899 1876 rubros,
934 1806 1254 1881 pyramidis
1283 1801 1582 1874 lapillum;

419 1916 743 1971 nomenque
773 1903 829 1954 et
859 1897 1208 1968 dignitatem
1241 1893 1482 1946 haberet
1511 1891 1782 1959 despotae,

418 1999 866 2068 benivolumque
893 1996 1154 2051 animum
1186 1994 1438 2047 servaret
1467 1987 1693 2042 Caesari.

414 2089 515 2143 His
548 2086 715 2155 actis,
746 2086 1064 2156 imperator
1093 2082 1227 2136 inde
1257 2077 1510 2134 abcessit

414 2179 544 2246 post
573 2175 985 2230 conﬁrmatum
1021 2170 1384 2225 sacramento
1418 2164 1623 2219 fuadus.

413 2264 906 2332 Theodorumque
931 2258 1214 2327 Angelum
1249 2255 1368 2310 filio
1398 2251 1659 2308 tradidit.

416 2354 665 2408 Reverso
698 2355 891 2405 autem
923 2346 1133 2402 Cmsari
1173 2346 1456 2400 orientem

418 2440 744 2497 Iathatines
773 2439 1044 2494 sultanus
1077 2433 1251 2490 Iconii

419 2530 581 2586 misit
609 2529 832 2600 legatos
863 2531 1038 2598 atque
1067 2523 1253 2579 enixis
1287 2521 1556 2592 precibus

417 2621 489 2676 ab
521 2635 586 2673 eo
617 2617 916 2688 suppetias
949 2613 1115 2684 petiit
1145 2616 1202 2666 et
1241 2610 1598 2676 societatem,

418 2707 570 2766 male
602 2705 892 2761 mulcatus
922 2701 1144 2756 scilicet
1173 2717 1206 2753 a
1236 2697 1535 2753 Tachariis

413 2795 602 2866 deque
633 2809 826 2849 rerum
861 2789 1242 2858 summajam
1275 2785 1635 2858 periclitans.

415 2891 564 2947 Utile
591 2890 703 2946 sibi
736 2889 927 2944 Caesar
956 2902 1084 2941 esse
1121 2883 1453 2954 intelligens

415 2980 465 3036 si
499 2979 785 3034 laboranti
815 2976 1046 3031 sultano
1077 2972 1434 3036 subveniret,

415 3068 637 3122 libente
671 3066 867 3120 animo
898 3062 1122 3130 excepit
1153 3059 1524 3130 legationem,

418 3161 478 3214 et
509 3174 642 3212 cum
677 3155 908 3211 sultano
940 3151 1096 3207 venit
1121 3152 1178 3204 in
1210 3148 1566 3217 colloquium

423 3243 790 3317 Tripolitana
821 3242 877 3296 in
911 3239 1054 3295 urbe
1085 3239 1154 3292 ad
1190 3235 1568 3301 Maeandrum,

419 3334 516 3389 ubi
547 3331 897 3403 conscriptis
929 3327 1177 3382 ﬁrmiter
1206 3322 1637 3380 conditionibus

420 3424 491 3478 de
522 3420 886 3477 sufﬁciendis
916 3417 1163 3471 invicem
1197 3413 1428 3468 auxiliis

421 3513 477 3566 in
510 3526 684 3565 suum
717 3509 974 3579 quisque
1006 3505 1175 3560 rediit
1207 3500 1542 3573 imperium.

421 3598 586 3652 Brevi
619 3600 751 3666 post
780 3593 926 3647 illud
960 3598 1190 3662 tempus
1223 3590 1278 3642 in
1310 3586 1612 3643 Thessalia

424 3683 672 3740 excessit
701 3682 816 3737 vita
849 3683 1088 3750 despota
1118 3679 1396 3742 Joannes,

426 3775 514 3827 vir
545 3774 759 3839 bonus,
793 3770 926 3841 pius
961 3769 1152 3839 legum
1187 3764 1691 3828 servantissimus,

429 3862 750 3924 modestus,
785 3857 992 3924 comis,
1030 3855 1290 3910 clemens
1320 3869 1456 3923 erga
1489 3851 1778 3916 subditos,

425 3956 480 4006 et
510 3961 742 4019 semper
771 3963 947 4002 sacrae
979 3943 1211 3999 deditus
1243 3940 1576 4013 hymnodiae

419 4053 667 4108 cumque
699 4035 1023 4107 potioribus
1058 4031 1369 4087 monachis
1401 4043 1778 4084 oonversans.

423 4136 610 4205 Hujus
641 4131 896 4188 defuncti
925 4130 1238 4186 stationem
1267 4127 1482 4198 excipit

425 4224 797 4293 despotazque
826 4238 859 4276 a
890 4221 1112 4274 Caesare
1143 4216 1492 4287 dignitatem

430 4311 608 4366 frater
640 4308 965 4364 Demetrius
998 4305 1260 4361 moribus
1293 4301 1632 4372 incomptis,

430 4398 616 4454 amori
648 4396 956 4462 obnoxius,
990 4394 1232 4450 Veneris
1266 4390 1648 4460 mancipium,

427 4487 572 4542 viris
605 4486 953 4558 plerumque
984 4482 1262 4553 pessimis
1295 4496 1354 4534 se
1392 4479 1643 4543 socians,

429 4581 486 4631 et
515 4579 920 4645 corruptorum
947 4573 1227 4641 juvenum
1278 4567 1606 4623 familiaris.

427 4665 589 4719 Tunc
619 4663 843 4718 otiosus
875 4679 908 4715 a
936 4659 1108 4714 bellis
1141 4660 1458 4729 imperator

431 4752 632 4824 paucis
663 4749 916 4820 stipatus
950 4747 1388 4817 Hellespontum
1429 4743 1663 4813 trajicit,

431 4839 820 4907 occiduaeque
853 4840 1040 4890 terras
1070 4834 1251 4887 armis
1278 4834 1512 4904 appetit.

435 4927 662 4981 Cissum
687 4923 988 4979 castellum
1022 4922 1277 4976 Thracia:
1311 4923 1607 4992 praeteriit,

434 5016 814 5084 Hebrumque
840 5013 1056 5066 ﬂumen
1089 5015 1287 5064 vectus
1318 5027 1466 5080 equo
1500 5017 1739 5065 lranans

434 5103 782 5157 Zichnorum
818 5101 971 5155 illico
1002 5099 1190 5153 adfuit
1217 5099 1525 5154 urbeculae.

440 5193 522 5246 Ibi
546 5190 836 5259 intellixit,
870 5188 1250 5258 Bulgarorum
1287 5203 1478 5256 regem

437 5280 826 5334 Callimanum
863 5276 1020 5330 vitali
1058 5277 1338 5345 privatum
1374 5275 1518 5330 luce.

440 5371 705 5422 Attamen
743 5384 985 5438 pergens
1014 5369 1213 5418 Serras
1248 5380 1432 5435 usque
1469 5364 1640 5433 venit,

445 5471 620 5524 quam
655 5459 709 5508 et
743 5470 948 5524 sagace
981 5451 1236 5508 obtinuit
1267 5452 1532 5520 consilio,

443 5548 612 5599 Masso
645 5543 895 5612 Dragota
925 5540 1204 5610 oppidum
1242 5541 1522 5606 trarlculc,

441 5633 614 5699 cujus
647 5631 914 5701 praesidio
933 5636 990 5683 et
1021 5645 1170 5684 cura:
1208 5632 1548 5684 mandatum
1581 5631 1788 5687 luerat.

2065 463 2118 526 Α
2324 452 2619 529 Πράγματα
2647 453 2802 505 κοινά
2833 445 3118 526 φροντίδας
3153 447 3200 498 τ’
3233 447 3295 498 αὖ
3327 444 3536 517 ἀνέχων

2145 545 2284 600 8435
2323 545 2757 616 Ταρχανειωτῶν
2791 537 2848 592 ἐκ
2875 537 3061 611 γένους
3094 534 3434 610 Νικηφόρος,

2324 623 2776 703 Πρωτοσεϐαστὸς
2811 623 3236 696 Κοντοστέφανος
3265 619 3429 674 πάλιν
3441 661 3454 682 ,

2327 716 2421 770 Καὶ
2454 714 2790 789 Ηετραλίφας
2824 709 3263 788 χαρτουλλάριος
3301 709 3467 781 μέγας

2322 805 2468 861 Marsi
2495 826 2554 879 γε
2586 804 2812 859 πολλῶν
2846 801 3078 858 εὐκλεῶν
3115 797 3498 875 βουληφὸρων.

2328 893 2840 970 Ἀμφιπονουμένων
2880 890 2936 945 δὲ
2965 887 3095 961 τῇδε
3122 889 3439 961 ταγμάτων,

2149 985 2289 1040 8440
2328 982 2551 1059 ’ΔφῙκτό
2581 1003 2633 1034 τι
2669 982 2890 1053 μήνυμα
2921 979 3056 1052 πρὸς
3089 975 3330 1051 βασιλέα,

2327 1072 2414 1132 Ὦς
2443 1069 2734 1144 Ταχαρίων
2769 1067 2917 1128 ἔθνος
2949 1065 3335 1138 ὠνομασμένον

2327 1159 2594 1234 Τούρκοις
2625 1155 2903 1223 συνελθὸν,
2938 1155 3116 1224 ἐκνικᾷ
3149 1158 3280 1229 σφᾶς
3315 1150 3364 1206 ἐν
3403 1149 3572 1223 μάχῃ.

2327 1249 2482 1301 Ταῦτ’
2512 1241 2864 1318 ἐμϐραδύνειν
2903 1245 2976 1315 μή
3013 1243 3304 1314 δυνάμενος
3330 1238 3566 1312 κράτωρ,

2333 1335 2513 1409 ’Δφεὶς
2541 1337 2601 1389 τὸ
2630 1335 2873 1408 πορθεῖν,
2897 1333 3073 1409 ἀφορᾷ
3103 1331 3236 1406 πρὸς
3268 1322 3580 1400 συμϐάσεις,

2153 1437 2293 1491 8445
2331 1429 2569 1508 Ηρέσϐυν
2608 1433 2955 1505 μεσιτεύοντα
2983 1429 3204 1490 ταύταις
3247 1422 3543 1500 λαμϐάνων

2329 1523 2433 1579 Τὸν
2469 1523 2718 1576 Ἰωάννου
2750 1517 3028 1589 Θεόδωρον
3061 1516 3282 1591 πατέρα.

2333 1612 2414 1668 Τὰ
2443 1609 2488 1665 δ’
2520 1611 2716 1684 ὁρκίων
2744 1609 2810 1676 ἦν
2845 1609 2918 1670 ὡς
2949 1609 3134 1661 ἅπαντ’
3169 1606 3422 1674 Ἰωάννην

2334 1701 2415 1756 Τὰ
2445 1694 2698 1771 σύμϐολα
2729 1697 2955 1773 ῥίψαντα
2982 1703 3081 1764 τῆς
3111 1695 3468 1769 κραταρχίας.

2079 1819 2126 1883 Β
2336 1787 2516 1844 ΙΙέδιλ’
2542 1785 2738 1861 ἐρυθρά
2760 1785 2850 1840 καὶ
2879 1780 3184 1857 πυραμίδος
3217 1782 3394 1850 λίθον,

2155 1880 2296 1935 8450
2335 1875 2541 1945 Κλῆσιν
2573 1875 2862 1942 κεκτῆσθαι
2892 1878 2981 1926 καί
3011 1871 3179 1943 τιμὴν
3209 1871 3306 1937 τὴν
3343 1866 3625 1936 δεσπότου,

2335 1964 2434 2020 Καὶ
2469 1962 2625 2041 φίλον
2661 1959 2843 2016 εὔνουν
2881 1958 3094 2035 βασιλεῖ
3123 1959 3465 2012 καθεστάναι.

2334 2049 2490 2108 Οὕτω
2523 2046 2794 2122 δεδρακὼς
2828 2044 3082 2121 βασιλεὺς
3110 2045 3453 2119 ὑποστρέφει,

2335 2134 2760 2210 Κατεμπεδώσας
2793 2134 2998 2206 ὁρκίοις
3029 2135 3126 2194 τὰς
3162 2128 3452 2205 συμϐάσεις
3491 2149 3503 2162 ’

2333 2225 2610 2296 Θεόδωρον
2644 2223 2690 2278 δ’
2721 2222 2985 2299 Ἄγγελον
3018 2223 3194 2277 λιπὼν
3229 2219 3491 2298 φιλτάτῳ.

2159 2320 2299 2375 8455
2335 2318 2424 2378 Ὠς
2457 2316 2545 2370 οὖν
2581 2314 2888 2382 ἐπανέζευξε
2917 2313 3054 2384 πρὸς
3084 2312 3150 2364 τά
3177 2313 3274 2378 τῆς
3305 2307 3401 2376 ἕω,

2338 2403 2636 2469 Ἰαθατίνης
2666 2400 2896 2456 σουλτάν
2930 2398 3199 2456 Ἰκονιέων

2337 2495 2589 2564 ’Έπεμψε
2615 2485 2865 2564 πρέσϐεις
2898 2488 3142 2558 λιπαρῶν
3181 2485 3405 2560 βασιλέα

2337 2585 2529 2655 Τυχεῖν
2568 2577 2818 2650 βοηθείας
2844 2597 2904 2631 τε
2931 2577 3019 2630 καὶ
3051 2575 3371 2649 συμμαχίας

2339 2672 2530 2728 Κακῶς
2560 2668 2868 2735 πεπονθὼς,
2901 2666 2973 2727 ὡς
3007 2661 3163 2741 ἔφην,
3188 2665 3506 2739 Ταχαρίοις,

2161 2761 2302 2814 8460
2341 2758 2436 2811 Καὶ
2467 2753 2786 2811 κινδυνεύων
2820 2753 3116 2808 ἀπολέσθαι
3147 2754 3444 2809 παντάπαν.

2343 2846 2528 2908 Συνεὶς
2562 2841 2814 2918 βασιλεὺς
2837 2843 2910 2903 ὡς
2941 2843 3114 2914 ἑαυτῷ
3145 2842 3406 2919 συμφέρει

2341 2935 2405 2993 Εἰ
2434 2931 2791 3006 δυστυχοῦντι
2815 2932 3172 3005 συμμαχήσει
3197 2929 3499 3002 σουλτάνῳ,

2337 3018 2631 3094 ’Πρεσϐείαν
2667 3017 2966 3074 εἰσδέδεκτο
2997 3018 3085 3073 καὶ
3121 3018 3250 3092 μάλ’
3281 3019 3526 3091 ἀσμένως
3561 3038 3573 3050 ⁶

2341 3114 2490 3167 Ὃθεν
2523 3111 2837 3186 κρατάρχης
2868 3109 2956 3162 καὶ
2990 3107 3220 3163 σουλτᾶν
3249 3107 3580 3177 συνηλθὲτην

2087 3162 2128 3226 C
2165 3214 2306 3269 8465
2345 3213 2431 3268 Ἐν
2459 3213 2527 3282 τῇ
2558 3162 2821 3282 ίΓριτίόλει
2850 3207 2917 3281 τῇ
2947 3207 3083 3282 πρὸς
3116 3162 3409 3279 Μαιάνδριρ
3437 3162 3597 3260 πόλει
3635 3225 3650 3239 θ

2347 3295 2704 3370 Σπεισάμενοι
2737 3293 2792 3350 δὲ
2821 3297 2908 3350 καὶ
2941 3293 3226 3370 δράσαντες
3256 3291 3549 3366 συμϐάσεις

2342 3389 2429 3448 Ὠς
2461 3386 2520 3440 ἂν
2553 3386 2921 3453 συνασπίζοιεν
2954 3382 3226 3454 ἀλλήλοις
3263 3383 3433 3457 μάχῃ,

2347 3476 2485 3548 Πρὸς
2517 3471 2776 3544 πατρίδας
2809 3471 3026 3546 ᾤχοντο
3055 3472 3144 3526 καὶ
3176 3471 3532 3546 κραταρχίας.

2347 3563 2493 3622 Μετὰ
2526 3560 2581 3616 δὲ
2616 3563 2805 3635 μικρὸν
2839 3559 3125 3615 ἀπολείπει
3154 3559 3244 3614 τὸν
3281 3559 3398 3634 βίον

2168 3655 2309 3709 8470
2346 3653 2434 3708 Ἐν
2458 3648 2727 3720 Θεσσαλίᾳ
2757 3647 3024 3719 δεσπότης
3059 3650 3339 3718 Ἰωάννης,

2344 3742 2511 3814 Ἀνὴρ
2545 3738 2761 3813 ἆγαθὸς,
2795 3733 3060 3808 εὐλαϐὴς,
3093 3736 3277 3808 νόμων
3306 3736 3501 3813 φύλαξ,

2351 3830 2616 3904 Σώφρων,
2649 3827 2862 3900 ἱλαρὸς,
2894 3825 3126 3898 εὐμενὴς
3160 3825 3453 3893 ὑπηκόοις,

2351 3917 2463 3972 Ἀεὶ
2494 3915 2782 3991 σχολάζων
2816 3917 2984 3990 ἱεραῖς
3020 3912 3338 3986 ὑμνῳδίαις,

2348 4005 2453 4061 Καὶ
2485 4005 2769 4078 ναζιραίων
2798 4003 3114 4077 προκρίτοις
3148 4003 3510 4078 ἐντυγχανων.

2171 4107 2312 4160 8475
2350 4102 2559 4160 Τούτου
2591 4101 2866 4173 θανόντος,
2899 4096 3166 4174 λαμϐάνει
3197 4099 3539 4175 κληρουχίαν

2350 4193 2453 4247 Καὶ
2486 4190 2805 4260 δεσποτικὴν
2840 4189 2892 4260 ἐξ
2924 4187 3149 4253 ἄνακτος
3178 4188 3325 4260 ἀξίαν

2353 4283 2667 4356 Δημήτριος
2700 4279 2984 4352 σύναιμος,
3019 4280 3087 4333 ού
3123 4276 3291 4338 καλὸς
3320 4278 3577 4352 τρόπους,

2352 4371 2590 4443 Ἔρωτος
2620 4369 2823 4440 ἥττων,
2855 4365 3051 4429 δοῦλος
3083 4364 3429 4443 ἀφροδισίων,

2350 4459 2428 4514 Τὰ
2456 4457 2642 4514 πολλὰ
2671 4459 2841 4512 συνὼν
2875 4455 3126 4532 ἀνδράσιν
3160 4451 3491 4527 ἀϐελτέροις,

2102 4523 2144 4587 D
2173 4551 2316 4605 8480
2356 4549 2455 4605 Καὶ
2493 4547 2795 4621 μειρανίοις
2829 4523 3141 4618 συνομιλῶν
3177 4523 3523 4618 δυστρόποις.

2355 4640 2538 4712 Ἀγων
2571 4636 2628 4690 δὲ
2661 4637 2845 4710 μάχης
2879 4634 3176 4707 ἀνακωχὴν
3209 4634 3235 4687 ὁ
3268 4633 3505 4706 κράτωρ,

2355 4725 2589 4799 Περάσας
2620 4723 3028 4794 Ἑλλήσποντον
3063 4723 3175 4794 ἅμα
3209 4721 3464 4796 βραχέσιν

2356 4814 2756 4889 Ἐπιστρατεύει
2787 4817 2905 4874 τοῖς
2931 4812 3065 4866 κατὰ
3097 4808 3245 4865 δύσιν
3276 4809 3485 4869 τόποις.

2355 4905 2546 4958 Κισσὸν
2581 4901 2927 4976 παραμείψας
2962 4898 3017 4954 δὲ
3048 4900 3308 4976 φρούριον
3340 4897 3554 4973 Θρᾴκης

2179 5005 2319 5058 8485
2357 4999 2533 5075 Εὕρου
2563 5021 2622 5054 τε
2648 5000 2738 5054 τὸν
2771 4999 2901 5074 ῥοῦν
2935 4997 3230 5071 έκπεράσας
3261 4995 3522 5064 ἱππότης,

2356 5090 2497 5154 Εύθὺ
2522 5093 2731 5163 Ζιχνῶν
2760 5086 2966 5156 ἤλαυνε
2996 5090 3090 5140 τοῦ
3121 5084 3444 5159 πολιχνίου.

2357 5182 2591 5249 Μήνυμα
2623 5175 2667 5230 δ’
2697 5179 2822 5246 ἧκεν
2855 5177 2927 5236 ὡς
2954 5176 2982 5228 ὁ
3013 5174 3338 5248 Βουλγάρων
3372 5171 3497 5241 ἄναξ

2358 5264 2711 5339 Καλλιμάνος
2745 5261 2998 5318 λέλοιπεν
3022 5263 3188 5331 ἡλίου
3219 5261 3350 5339 φάος
3387 5280 3399 5292 ·

2361 5356 2565 5412 Βαίνων
2597 5352 2641 5408 δ’
2674 5352 2823 5426 ὅμως
2857 5353 3093 5428 πέφθαγε
3128 5350 3329 5426 Σέρρας
3355 5356 3452 5417 τῆν
3492 5346 3682 5414 πόλιν,

2183 5448 2322 5503 8490
2357 5447 2457 5500 "HV
2487 5443 2575 5497 καὶ
2609 5443 2979 5516 παρεστήσατο
3010 5445 3124 5499 ταῖς
3157 5435 3463 5498 εύϐουλίαις
3508 5456 3520 5469 ·

2361 5535 2548 5590 Μυσοῦ
2581 5536 2838 5603 Δραγωτᾶ
2868 5526 3200 5602 παραδόντος
3229 5529 3326 5595 τὴν
3359 5525 3521 5580 πόλιν

2359 5626 2461 5674 Τοῦ
2491 5619 2653 5688 τῆσδε
2685 5619 3036 5694 φρουράρχου
3067 5637 3124 5671 τε
3153 5617 3240 5670 καὶ
3268 5617 3677 5690 πρωτοστάτου.

3681 317 3790 372 312
