4138 6296
296 376 407 432 313

477 497 917 575 Φιλοφρονηθεὶς
950 496 994 552 δ’
1025 497 1085 552 ἐκ
1119 497 1381 572 βασιλέως
1414 496 1526 566 ὅδε,

474 588 620 659 Πρὸς
651 585 950 643 Μελενίκου
981 588 1078 654 τήν
1112 586 1274 641 πόλιν
1308 585 1606 658 ἀπεστάλη·

300 677 438 733 8495
477 676 610 732 Εἶτα
639 674 713 747 (τί
742 671 927 729 πολλᾶ
970 673 1277 745 μηκύνοντα
1309 673 1390 729 δεῖ
1417 679 1638 752 γράφειν
1666 681 1706 750 ς)

476 765 580 819 Σὺν
617 764 874 834 Νικολάῳ
904 758 1260 838 Μαγκλαϐίτῃ
1285 763 1590 834 τούπίκλην

477 849 664 924 Ἀνδρὶ
696 851 948 927 φρονίμῳ
977 852 1065 906 καὶ
1097 855 1234 905 πάνυ
1267 849 1580 926 δραστηρίῳ

476 938 843 1012 Παραδιδοῦσι
875 945 952 1011 τῷ
982 939 1262 1015 κρατάρχῃ
1289 942 1386 1007 τὴν
1420 941 1607 1009 πόλιν,

473 1029 682 1105 Τοπρῖν
711 1023 1030 1103 προϐάντων
1060 1048 1304 1102 χρυσοση
1318 1031 1530 1102 μάντων
1564 1029 1741 1106 λόγων

308 1127 437 1182 8500
476 1123 900 1200 Ἐρυθογράφων
929 1122 981 1193 ἐξ
1010 1120 1260 1192 ἄνακτος,
1293 1125 1364 1186 ὡς
1395 1121 1536 1192 ἔθος,

475 1213 645 1270 Ηόλει
673 1210 986 1266 τυπούντων
1023 1208 1225 1284 δωρεὰς
1261 1212 1554 1286 χορηγίας.

478 1300 699 1358 Τούτων
729 1297 1085 1354 τελεσθέντων
1118 1297 1174 1353 δὲ
1202 1297 1358 1354 τόνδε
1384 1301 1473 1354 τὸν
1504 1302 1730 1373 τρόπον,

476 1389 542 1444 Οἱ
574 1387 878 1463 κρείττονές
904 1407 961 1440 τε
989 1386 1078 1440 καὶ
1109 1383 1465 1460 περίϐλεπτοι
1497 1387 1638 1462 γένει

474 1475 794 1550 Οἷκητόρων
822 1474 1016 1544 ἥκουσι
1048 1476 1186 1550 πρὸς
1223 1473 1450 1549 βασιλέα

307 1567 436 1624 8505
475 1564 572 1618 Καὶ
607 1561 819 1636 μᾶλλον
854 1569 937 1626 οἷς
964 1565 1137 1638 ’Ἄρης
1168 1583 1228 1616 τε
1255 1563 1344 1617 καὶ
1392 1562 1545 1637 μάχη
1581 1561 1732 1641 φίλα,

469 1649 702 1726 ’Ἄνδρες
736 1651 1006 1728 σθεναροὶ,
1035 1648 1305 1727 γεννάδαι,
1341 1651 1645 1728 ῥωμαλέοι,

475 1741 713 1802 Πλείους
745 1742 964 1814 ἀριθμῶ
996 1741 1363 1794 πεντακοσίων
1395 1741 1562 1815 τάχα,

474 1830 574 1884 Καὶ
610 1827 825 1904 βασιλεῖ
850 1828 1056 1883 τίνουσι
1082 1829 1394 1903 πρόσφορον
1424 1825 1604 1891 σέϐας.

476 1917 610 1975 Εἶτα
637 1917 896 1992 κατῆρξεν
930 1917 1134 1992 ἀμαχεὶ
1169 1919 1509 1994 στεφηφόρος
1583 1971 1586 1976 ,

292 2009 436 2064 8510
477 2007 838 2080 Στενομάχου
867 2026 925 2060 τε
951 2004 1258 2076 Τζεπαίνης
1289 2005 1620 2080 πολιχνίων,

480 2096 679 2168 Χώρας
705 2116 763 2148 τε
792 2095 970 2164 πάσης
1001 2093 1137 2168 πρὸς
1165 2092 1396 2168 Ῥοδόπη
1426 2093 1710 2166 κειμένης,

476 2183 574 2239 Καὶ
608 2177 880 2238 Βελέσϐου
903 2182 1028 2236 Δίου
1056 2203 1117 2258 γε
1149 2182 1460 2255 σύμπαντος
1490 2183 1680 2238 τόπου·

469 2269 577 2327 Καὶ
605 2268 867 2326 Βελεσσὸν
898 2271 1009 2326 εἷλε
1035 2268 1093 2324 δὲ
1123 2269 1214 2324 σὺν
1243 2277 1359 2332 τοῖς
1384 2271 1662 2333 Σκοπίοις·

472 2360 718 2433 Κατέσχε
745 2360 830 2413 καὶ
865 2357 1146 2429 Πρίλαπον
1178 2361 1290 2432 ἅμα
1318 2366 1434 2421 τοῖς
1462 2360 1638 2434 πέριξ,

309 2459 438 2512 8515
477 2454 819 2528 Πελαγονίας
851 2453 976 2516 τοὺς
1009 2453 1169 2528 ὅρους
1201 2453 1290 2509 καὶ
1320 2455 1386 2509 τὰ
1414 2456 1620 2525 πλάτη,

479 2542 578 2599 Καὶ
611 2542 870 2616 φρούριον
904 2541 1186 2614 Πρόσακον
1216 2543 1310 2614 ἅμ’
1343 2539 1521 2613 Εὕτζᾳ
1550 2540 1731 2598 πόλει.

471 2635 658 2686 Ταῦτα
692 2629 1023 2699 καθυπέταξε
1050 2633 1119 2703 τῇ
1150 2630 1457 2704 κραταρχίᾳ

478 2719 644 2789 Ἀναξ
675 2718 1064 2792 χαριτώνυμος
1097 2718 1312 2780 ἄνευθεν
1348 2717 1556 2791 μάχης·

478 2809 602 2882 Ἐφ’
634 2809 717 2868 οἷς
746 2805 1014 2882 παρέσχεν
1043 2805 1292 2876 αἰτήσασι
1326 2804 1665 2881 Βουλγάροις

307 2901 448 2956 8520
490 2897 792 2971 Ἐχέγγυον
824 2894 1008 2966 μόνοις
1035 2914 1095 2968 γε
1120 2893 1336 2956 τούτοις
1366 2892 1642 2966 ἐμμένειν.

485 2986 695 3040 Ἔπειτ’
726 2981 931 3052 ἐπῆλθε
961 2981 1359 3053 Θεσσαλονίκης
1393 2984 1566 3056 ὅροις,

485 3073 589 3129 Καὶ
615 3068 780 3141 τῆσδε
808 3074 995 3146 κρατεῖ
1021 3074 1088 3144 τῇ
1113 3074 1243 3124 Θεοῦ
1275 3070 1584 3144 συμμαχίᾳ.

484 3163 671 3223 Ὅπως
702 3158 747 3215 δ’
780 3159 947 3229 ἑάλω,
977 3157 1216 3214 συνελὼν
1251 3156 1428 3230 δήπου
1459 3161 1666 3236 φράσω.

477 3250 690 3320 Ταύτης
718 3249 1066 3324 κρατοῦντος,
1101 3248 1174 3310 ὡς
1207 3246 1366 3325 ἔφην,
1398 3249 1719 3322 Δημητρίου

292 3343 447 3398 8525
486 3337 827 3402 Ἀτασθάλου
856 3358 915 3391 τε
945 3335 1327 3412 δυσαναγώγου
1359 3335 1502 3406 νέου,

488 3429 591 3484 Καὶ
621 3425 869 3488 παιδιαῖς
902 3427 1186 3500 χαίροντες
1214 3424 1294 3478 ἀεὶ
1324 3426 1411 3478 καὶ
1448 3424 1657 3497 μέθαις,

488 3513 937 3588 Καταμελοῦντος
963 3513 1193 3567 ἀστικῶν
1228 3511 1285 3567 δὲ
1315 3516 1670 3587 πραγμάτων,

486 3603 789 3660 Καττύεταί
821 3604 877 3656 οἳ
909 3602 1125 3675 σκέμμα
1152 3603 1241 3656 καὶ
1273 3604 1541 3676 σκευωρία

487 3693 642 3766 Παρὰ
665 3691 909 3747 πολιτῶν
941 3689 1234 3766 γνωρίμων
1263 3694 1331 3764 τῇ
1363 3687 1606 3764 πατρίδι,

290 3794 450 3850 8530
490 3787 908 3864 Ἰατροπούλου,
942 3791 1287 3863 Σπαρτηνοῦ,
1318 3785 1752 3858 Κουνσουλάτου,

491 3879 596 3934 Σὺν
627 3881 712 3940 οἷς
740 3877 1049 3950 Καμπανὸς,
1087 3876 1317 3952 Σίσυφος
1342 3872 1513 3936 ἄλλος
1546 3874 1802 3950 τρόπους·

488 3969 586 4025 Ἐκ
615 3964 663 4021 δ’
694 3966 922 4040 εὐγενῶν
956 3964 1225 4038 Λάσκαρις
1254 3962 1342 4017 καί
1372 3984 1454 4024 τις
1483 3961 1764 4036 Τζιρίθων·

486 4057 554 4114 Ol
582 4056 672 4110 καὶ
705 4052 856 4126 δόλῳ
883 4052 1188 4127 πέμψαντες
1221 4052 1297 4115 ὡς
1330 4050 1557 4126 βασιλέα

487 4142 874 4216 Σκηνούμενόν
907 4163 1012 4196 που
1042 4143 1160 4204 καθ’
1191 4139 1351 4215 ὅρους
1385 4138 1683 4198 Μελενίκου

308 4235 449 4292 8535
488 4237 700 4292 Τοῦτον
732 4230 1020 4304 Καμπανὸν
1051 4235 1158 4284 τῶν
1193 4228 1522 4304 συνιστόρωο
1551 4225 1663 4299 ἕνα,

487 4325 573 4395 Τῇ
609 4321 704 4394 μὲν
740 4321 1003 4397 προφάσει
1035 4317 1493 4392 πραγματεύσεως
1521 4316 1706 4394 χάριν,

490 4413 587 4482 Τῷ
620 4408 667 4463 δ’
699 4406 814 4463 ὄντι
849 4403 1035 4463 λαϐεῖν
1068 4426 1309 4481 χρυσοση
1322 4407 1534 4479 μάντων
1563 4405 1740 4482 Λόγων

492 4498 949 4574 Ἐρυθρογράφων
982 4494 1274 4570 ἀσφάλειαν
1307 4494 1546 4570 πατρίδι.

489 4596 736 4642 Ἃπαντα
764 4589 973 4658 κρατῶν
1008 4583 1308 4658 ἐκπεραίνει
1339 4584 1685 4661 προφρόνως,

307 4687 460 4741 8540
496 4681 787 4744 Ἀλώσεως
817 4679 1018 4750 ἤνυσαν
1048 4682 1251 4735 ἅπαντα
1281 4679 1474 4756 λόχον.

497 4769 929 4843 Ἐπαναδραμὼν
961 4769 1258 4841 Καμπανὸς
1286 4768 1411 4843 γοῦν
1449 4770 1522 4831 εἷς
1561 4768 1748 4839 πόλιν,

493 4864 733 4918 Ἔκαστα
765 4863 921 4933 σαφεῖ
950 4855 1122 4932 λάθρα
1148 4863 1264 4920 τοῖς
1296 4858 1659 4931 συνωμόταις·

497 4949 633 5007 Εἶτα
660 4945 918 5024 βασιλεὺς
954 4946 1147 5018 μηνύει
1181 4947 1501 5021 Δημητρίῳ,

492 5040 578 5100 Ὡς
606 5037 765 5092 αὐτὸν
795 5034 972 5099 ἐλθεῖν
1001 5036 1367 5110 προσκύνησιν
1398 5034 1642 5105 έκτίσων,

315 5127 461 5184 8545
497 5129 749 5200 Καθάπερ
783 5123 1074 5198 ἐστοίχησε
1100 5125 1294 5199 τοπρῖν
1328 5124 1554 5198 ὁρκίοις,

490 5217 601 5285 Τὴν
637 5213 964 5280 δεσποτικὴν
999 5213 1142 5283 ἀξίαν
1172 5211 1519 5286 δεδεγμένος·

495 5308 553 5364 Ὀ
585 5304 631 5360 δ’
662 5302 895 5372 ἀκλινὴς
918 5303 1007 5373 ἧν,
1040 5301 1308 5375 μηδαμῶς
1347 5301 1570 5362 ἐπαΐων.

498 5395 690 5454 Τοίνυν
726 5391 947 5451 ἐπιστὰς
981 5389 1345 5464 Θεσσαλονίκῃ
1378 5391 1590 5465 κράτωρ

491 5487 663 5542 Πάλιν
701 5477 910 5550 ἐδήλου
936 5483 1102 5533 ταῦτα
1131 5485 1209 5550 τῷ
1241 5479 1560 5552 Δημητρίῳ.

326 5572 457 5630 8550
491 5573 645 5631 Ἀλλ’
675 5572 746 5640 ἦν
776 5569 1009 5636 ἀπειθὴς
1040 5567 1263 5639 ἀμελῶν
1297 5562 1653 5639 συμϐουλίας.

487 5667 606 5724 Τῶν
636 5657 984 5736 πραγμάτων
1013 5654 1104 5709 οὖν
1133 5655 1266 5729 τῇδε
1295 5655 1648 5728 διακειμένων

1821 377 2176 432 ΟΕΒΔΗΕΒ.

1969 505 2022 570 Α
2053 499 2154 554 Hic
2185 499 2460 555 delinitus
2492 517 2525 555 a
2553 499 2776 555 Caesare
2805 496 3035 567 ofﬁciis,

2050 587 2276 659 legatus
2309 592 2398 643 est
2427 589 2498 644 ad
2531 590 2733 643 urbem
2766 587 3106 642 Melenicum
3145 603 3156 639 :

2051 677 2101 732 is
2133 681 2327 732 autem
2360 680 2451 740 (ne
2483 693 2603 731 rem
2637 676 2809 748 longo
2842 691 3110 730 sermone
3139 672 3426 745 differam)

2051 780 2183 820 cum
2216 765 2448 820 Nicolao
2480 765 2824 835 conspirans
2855 763 3204 818 manclavita

2052 855 2278 924 sagacis
2313 855 2522 909 mentis
2547 853 2668 908 viro
2702 858 2758 908 et
2787 853 3006 907 efﬁcaci

2053 941 2390 1012 imperatori
2422 949 2619 997 nostro
2651 943 2854 997 urbem
2889 941 3127 996 tradidit
3159 958 3171 995 :

2054 1031 2352 1099 praemisso
2384 1035 2586 1086 tamen
2617 1046 2790 1086 aureo
2824 1029 3038 1099 libello,

2055 1133 2228 1188 quem
2261 1119 2450 1173 Caesar
2474 1119 2584 1173 rite
2617 1118 2798 1172 minio
2831 1117 3282 1188 subscripserat,

2055 1206 2185 1260 urbi
2216 1207 2538 1279 spondente
2565 1206 2905 1278 largitiones
2936 1205 3242 1276 plurimas.

2055 1303 2247 1357 Rebus
2277 1303 2386 1358 hoc
2419 1305 2590 1359 modo
2622 1304 2874 1375 denique
2907 1301 3268 1374 compositis,

2054 1407 2186 1446 ecce
2214 1391 2523 1462 Optimates
2556 1398 2613 1446 et
2643 1408 2848 1462 genere
2883 1393 3182 1462 conspicui

2053 1478 2254 1535 Incolae
2289 1481 2452 1535 urbis
2475 1480 2861 1536 ad-Caasarem
2895 1486 3204 1545 venerunt,

2057 1569 2461 1640 precipueque
2490 1569 2596 1624 viri
2629 1571 2777 1624 sueti
2810 1568 3000 1635 bellis,

2057 1657 2288 1715 asseclaa
2322 1659 2540 1728 Martis,
2575 1659 2820 1724 strenui,
2849 1673 3166 1729 pugnaces,

2057 1763 2302 1818 quorum
2340 1746 2647 1818 quingenti
2677 1751 2779 1800 aut
2809 1747 2989 1800 ferme
3022 1747 3193 1817 paulo
3227 1745 3421 1816 plures

2054 1835 2315 1891 debitum
2347 1834 2686 1889 obtulerunt
2717 1834 3067 1904 obsequium
3099 1835 3328 1890 Caesari.

2056 1926 2186 1995 Ipse
2217 1924 2427 1979 deinde
2459 1923 2585 1978 sine
2617 1922 2813 1993 praelio
2841 1923 3097 1978 obtinuit

2059 2011 2366 2067 urbeculas
2397 2011 2841 2066 Stenimachum
2873 2016 2930 2065 et
2958 2013 3319 2082 Tzepaenam,

2057 2105 2358 2170 terrasque
2390 2103 2631 2155 cunctas
2662 2100 2734 2154 ad
2768 2100 3083 2171 Rhodopen
3121 2100 3360 2170 positas,

2056 2186 2388 2257 Belesbum,
2424 2187 2614 2256 Dium,
2649 2203 2782 2242 cum
2815 2187 2974 2242 omni
3007 2188 3316 2244 territorio.

2056 2274 2355 2330 Belessum
2389 2275 2632 2347 insuper
2661 2276 2963 2346 occupavit
2992 2292 3122 2330 cum
3157 2276 3412 2347 Scopiis,’

2057 2363 2355 2434 Prilapum
2388 2380 2620 2435 quoque
2652 2380 2784 2418 cum
2818 2364 2960 2419 locis
2993 2364 3279 2435 ﬁnitimis,

2057 2455 2116 2506 et
2142 2451 2458 2522 Pelagoniae
2492 2453 2636 2506 fines
2668 2468 2801 2506 cum
2831 2469 2938 2506 sua
2968 2453 3228 2521 planitie,

2059 2539 2371 2594 Prosacum
2404 2546 2663 2595 castrum
2695 2556 2828 2594 cum
2859 2542 3072 2611 oppido
3103 2543 3300 2597 Eutza.

2058 2627 2206 2697 Haec,
2241 2627 2500 2698 inquam,
2527 2629 2728 2683 omnia
2758 2629 3022 2684 subdidit
3051 2631 3294 2701 imperio

2060 2716 2282 2788 absque
2309 2733 2512 2772 cruore
2537 2717 2795 2772 Joannes
2829 2718 3163 2789 imperator.

2059 2813 2325 2885 Bulgaria
2356 2817 2550 2868 autem
2585 2813 2856 2884 promisit
2885 2806 3344 2886 postulantibus,

2060 2901 2154 2956 his
2183 2917 2240 2956 se
2272 2905 2608 2958 contentum
2641 2902 2910 2958 terminis
2942 2903 3228 2959 futurum.

2061 2990 2540 3046 Thessalonicam
2575 2996 2773 3062 postea
2807 2992 3078 3063 perrexit,

2061 3083 2235 3150 atque
2269 3079 2375 3134 hac
2403 3080 2628 3134 favente
2660 3080 2880 3151 potitus
2908 3087 2998 3135 est
3026 3081 3296 3149 Numine,

2063 3168 2232 3236 cujus
2263 3168 2346 3222 rei
2378 3168 2643 3224 ordinem
2677 3169 2930 3224 breviter
2959 3171 3284 3241 expediam.

1981 3221 2024 3287 α
2066 3221 2272 3312 Urbem
2301 3221 2652 3321 tenente—{ut
2683 3221 2821 3326 disi,
2849 3221 3139 3314 aegis;

2062 3341 2306 3399 scelesto
2331 3343 2544 3413 juvene
2575 3347 2631 3398 et
2661 3345 2915 3415 pessime
2947 3350 3172 3401 morato

2062 3435 2352 3502 perpetuae
2384 3431 2580 3487 dedito
2611 3432 2861 3503 crapulae
2889 3437 2946 3488 et
2977 3432 3226 3489 lascivia

2061 3521 2120 3572 et
2150 3515 2482 3587 negligente
2513 3517 2755 3588 publica:
2788 3520 2870 3574 rei
2901 3535 3123 3588 curam,

2064 3606 2130 3660 fit
2162 3608 2363 3660 contra
2391 3604 2583 3675 ipsum
2612 3607 2946 3677 conspirata
2976 3608 3152 3663 factio

2063 3693 2276 3750 civium
2311 3694 2370 3747 in
2403 3695 2592 3763 patria
2624 3696 2864 3750 minime
2895 3698 3276 3753 obscurorum

2067 3781 2368 3853 Iatropuli,
2399 3781 2690 3853 Spartani,
2722 3783 3048 3850 Cunsulati,

2065 3889 2200 3928 cum
2231 3873 2446 3944 quibus
2480 3875 2606 3926 erat
2637 3871 2992 3942 Campanus,
3029 3874 3172 3928 alter
3201 3875 3484 3947 Sisyphus
3510 3896 3524 3945 ;

2064 3964 2289 4020 nobiles
2321 3968 2514 4018 autem
2547 3963 2683 4029 duo,
2719 3962 2985 4018 Lascaris
3015 3969 3072 4018 et
3102 3965 3381 4020 Tziritho.

2065 4053 2131 4108 Hi
2168 4051 2566 4107 fraudulenter
2596 4052 2884 4106 miserunt
2915 4053 2984 4107 ad
3018 4053 3298 4109 Caesarem

2064 4148 2205 4197 tunc
2236 4140 2499 4196 Melenici
2532 4139 2591 4194 in
2624 4157 2759 4209 agro
2790 4142 3216 4210 demorantem,

2065 4238 2426 4309 Campanum
2459 4235 2646 4305 illum,
2677 4241 2740 4292 ut
2769 4237 2908 4305 dixi,
2943 4239 3346 4308 conjuratum;

2065 4331 2338 4398 praetextu
2374 4327 2611 4397 quidem
2647 4326 2863 4396 publici
2897 4328 3136 4398 negotii,

2065 4432 2258 4471 revera
2289 4418 2355 4469 ut
2383 4413 2606 4470 bullam
2636 4431 2873 4470 auream
2906 4415 3248 4486 impetraret

2068 4505 2250 4560 minio
2283 4503 2672 4574 subscriptam
2708 4505 2776 4558 ad
2811 4503 3059 4559 salutem
3093 4505 3314 4575 patriae.

1987 4583 2034 4648 D
2069 4593 2288 4648 Annuit
2317 4593 2544 4649 cunctis
2576 4591 2826 4646 libenter
2853 4592 3190 4662 imperator;

2072 4682 2158 4736 illi
2191 4682 2467 4737 dedendze
2500 4680 2629 4734 urbi
2662 4684 2945 4734 navarunt
2976 4695 3233 4750 operam.

2073 4772 2338 4841 Namque
2369 4771 2702 4838 Campanus
2735 4768 2788 4821 in
2825 4767 3024 4822 urbem
3058 4769 3353 4838 profectus

2072 4879 2192 4918 rem
2226 4875 2456 4915 omnem
2491 4861 2712 4928 gestam
2745 4858 2919 4913 sociis
2953 4860 3241 4930 patefecit.

2068 4954 2194 5006 Mox
2226 4950 2540 5019 imperator
2575 4946 2868 5016 signiﬁcat
2898 4947 3211 5014 Demetrio,

2070 5044 2134 5092 ut
2165 5037 2233 5091 ad
2269 5051 2330 5089 se
2360 5034 2556 5087 veniat
2584 5033 2931 5104 obsequium
2968 5036 3347 5105 pra’biturus,

2069 5125 2221 5197 quod
2258 5137 2318 5178 se
2350 5123 2636 5178 facturum
2672 5128 3037 5177 sacramento
3069 5125 3482 5194 obstrinxerat,

2068 5230 2199 5268 cum
2233 5210 2578 5283 dignitatem
2613 5211 2863 5282 despotm
2898 5211 3327 5282 impetraverat.

2068 5308 2285 5358 Morem
2313 5300 2544 5370 jubenti
2569 5299 2807 5368 juvenis
2839 5317 2950 5354 non
2985 5302 3185 5372 gessit.

2067 5390 2540 5446 Thessalonicam
2576 5388 2753 5459 igitur
2783 5389 3064 5452 accedens
3094 5393 3305 5459 Caesar,

2069 5479 2224 5534 idem
2257 5478 2597 5532 mandatum
2629 5476 2918 5532 Demetrio
2950 5476 3263 5548 signiﬁcat,

2068 5567 2168 5638 qui
2201 5567 2257 5620 id
2294 5581 2498 5620 rursus
2529 5564 2725 5619 surdis
2758 5564 3031 5634 praeteriit
3061 5565 3324 5641 auribus.

2068 5659 2203 5722 Qua:
2233 5671 2367 5709 eum
2400 5653 2480 5708 ita
2509 5669 2570 5709 se
2599 5655 2901 5722 haberent,
2933 5670 3005 5706 en
3038 5659 3272 5722 repente

3580 368 3683 422 314
