4138 6296
429 320 534 378 315
1629 320 2000 376 EPHREMII
2036 321 2063 374 (

2178 320 2602 376 .ONOGRAPHI
3709 318 3812 373 316

428 446 586 502 fama
618 446 948 518 clamorque
975 447 1200 502 diditur
1231 464 1330 518 per
1362 449 1561 502 urbem

432 543 659 608 portam
689 552 722 590 a
751 536 889 590 viris
922 537 1263 606 patefactam
1298 536 1520 608 aliquot

434 642 594 680 mare
625 630 1006 694 spectantem,
1039 629 1093 678 et
1125 626 1418 680 moenibus
1449 628 1736 695 receptam

432 724 784 795 phalangem
819 729 1176 779 armatorum
1204 724 1325 792 jam
1360 723 1704 793 irrumpere.

433 815 517 869 Ibi
554 813 844 868 tumultus
876 813 1166 868 maximus
1198 817 1286 868 est
1316 817 1500 882 ortus,

435 911 489 956 et
516 902 788 956 reseratis
821 902 1039 956 foribus
1070 903 1380 969 introrsus,

436 990 763 1061 ingreditur
799 990 1087 1045 exercitus
1119 990 1422 1059 Caesarque
1454 986 1628 1042 simul
1665 1004 1678 1042 :

440 1088 760 1142 Demetrius
793 1092 984 1142 autem
1019 1087 1166 1158 fugit
1199 1088 1252 1140 in
1288 1086 1616 1156 acropolin;

439 1177 536 1247 qui
575 1193 706 1229 mox
736 1175 941 1230 salutis
975 1176 1085 1230 ﬁde
1116 1175 1228 1229 sibi
1259 1177 1416 1241 data,

440 1269 624 1319 semet
655 1281 787 1318 cum
821 1280 952 1318 arce
981 1263 1313 1334 imperatori
1344 1260 1599 1316 tradidit.

437 1353 532 1408 Sic
565 1354 703 1408 urbs
736 1351 1144 1407 Thessalonica
1173 1356 1342 1422 capta
1373 1350 1482 1404 fuit
1515 1367 1527 1403 :

437 1451 533 1506 ubi
572 1451 890 1520 imperator
919 1449 1183 1505 substitit
1209 1464 1538 1520 parumper,

437 1539 841 1607 ordinatisque
871 1538 1045 1593 rebus
1076 1555 1144 1592 ex
1175 1537 1484 1605 sententia,

429 1627 598 1682 laetus
629 1629 698 1680 ad
733 1643 867 1681 eoas
899 1625 1224 1696 provincias
1256 1625 1428 1680 rediit

427 1733 458 1770 a
492 1715 717 1770 cunctis
749 1715 1075 1770 celebratus
1109 1731 1208 1768 ceu
1242 1713 1650 1783 triumphator.

432 1813 688 1884 Reliquit
719 1818 913 1867 autem
946 1813 1230 1866 exercitus
1264 1809 1490 1866 occidui

436 1901 888 1971 generalemque
921 1902 1157 1956 urbium
1191 1906 1471 1956 rectorem

437 2008 716 2063 magnum
750 1991 1134 2045 domesticum
1169 1989 1557 2060 l‘alzeologum

437 2079 684 2134 ducendi
720 2079 1132 2149 pugnandique
1162 2077 1645 2145 scientissimum,

436 2181 608 2245 atque
641 2174 1000 2230 ornamentis
1030 2174 1424 2229 abundantem
1455 2173 1747 2228 omnibus.

434 2264 620 2335 Hujus
652 2279 783 2318 vero
816 2263 1001 2317 filium
1034 2262 1374 2317 Michaelem
1408 2263 1791 2327 Comnenum,

435 2361 534 2431 qui
570 2360 701 2414 dein
737 2360 1056 2414 Romanum
1090 2358 1280 2413 tenuit
1313 2358 1645 2429 imperium,

432 2449 618 2504 Serris
652 2449 905 2520 praefecit
933 2451 1106 2517 atque
1137 2446 1432 2514 Melenico,

437 2544 494 2594 et
523 2537 917 2607 circumjectis
947 2536 1222 2591 omnibus
1253 2536 1610 2607 regionibus.

437 2628 595 2682 Alios
630 2632 900 2694 preterea
927 2626 1132 2680 statuit
1161 2626 1458 2695 prmfectos

440 2701 708 2786 regendis
739 2714 916 2770 variis
945 2714 1190 2768 urbibus
1223 2729 1288 2767 ac
1320 2711 1655 2783 provinciis.

437 2813 796 2868 Demetrium
829 2817 1022 2867 autem
1057 2812 1115 2866 in
1155 2811 1292 2867 urbe
1322 2810 1616 2865 Lentianis

438 2902 536 2956 diu
571 2902 812 2956 retinuit
839 2901 1192 2956 custoditum
1226 2915 1476 2954 carcere.

435 2991 566 3046 Jam
600 2989 930 3060 patriarcha
961 2987 1213 3060 Byzantii
1247 2991 1532 3042 Germano

436 3079 615 3132 vitam
648 3079 963 3148 sedemque
995 3075 1170 3130 simul
1203 3076 1586 3145 relinquente,

441 3179 506 3228 ut
539 3176 592 3228 in
627 3178 874 3228 aeternas
905 3173 1183 3227 stationes
1216 3177 1507 3242 pergeret;

443 3261 773 3318 Methodius
804 3261 1044 3331 quidam
1077 3261 1146 3314 de
1177 3259 1480 3330 Hyacinthi
1513 3257 1772 3313 coenobio

444 3350 659 3405 insedit
688 3349 901 3404 solium
935 3354 1191 3419 tempore
1223 3346 1563 3403 brevissimo
1593 3363 1606 3401 :

442 3439 577 3518 (ᾗἶὸ
591 3448 892 3516 moriente,
927 3447 1096 3500 sedes
1127 3444 1444 3517 Byzantina

438 3537 639 3608 perdiu
676 3537 862 3590 caruit
895 3535 1138 3606 praeside
1171 3539 1423 3604 pastore.

442 3625 616 3680 Paulo
649 3630 780 3695 post
809 3625 984 3678 etiam
1021 3639 1269 3693 magnus
1300 3619 1652 3675 domesticus

439 3713 671 3768 mortali
704 3712 951 3767 excessit
979 3711 1095 3765 vita
1128 3709 1486 3780 Palazologus

443 3801 712 3856 monachi
745 3802 804 3854 in
837 3799 1086 3871 speciem
1122 3800 1225 3855 rite
1255 3798 1614 3854 convestitus
1647 3814 1659 3851 :

445 3899 662 3954 missus
694 3903 782 3953 est
810 3904 1006 3954 autem
1037 3898 1371 3954 Theodorus
1408 3897 1597 3952 Philes

443 3987 541 4057 qui
573 3987 872 4057 copiarum
905 3988 1162 4058 regimen
1193 3987 1502 4056 exciperet.

441 4076 604 4130 Tunc
637 4076 775 4130 urbs
804 4076 1216 4130 Thessalonica
1245 4081 1300 4131 et
1330 4074 1599 4129 Berrhoea

445 4163 852 4233 imperatorem
886 4164 1077 4234 ipsum
1111 4163 1401 4217 habebant
1433 4161 1755 4215 dominum.

442 4251 782 4305 Theodorus
815 4257 1007 4305 autem
1043 4267 1228 4305 caecus
1261 4250 1690 4319 Angelonymus

443 4339 692 4394 Bodenis
726 4339 1052 4409 imperabat
1084 4345 1139 4393 et
1169 4337 1500 4402 Staridolis,

441 4444 572 4482 cum
607 4427 835 4482 Ostrobi
869 4428 1168 4497 provincia
1197 4433 1254 4480 et
1284 4425 1632 4480 conﬁnibus.

443 4521 491 4571 Α
524 4517 860 4573 Platamone
892 4522 1088 4572 autem
1120 4522 1292 4586 atque
1324 4515 1566 4570 inferius

441 4605 500 4660 in
536 4607 798 4676 partibus
829 4607 898 4660 ad
935 4605 1246 4676 hesperum
1279 4603 1590 4669 conversis,

449 4718 552 4756 nec
585 4718 699 4756 non
732 4701 1048 4766 Blachiam,
1082 4701 1357 4755 Achaiam
1392 4706 1446 4755 et
1478 4700 1772 4769 viciniam,

443 4791 868 4861 antiquamque
901 4790 1136 4860 Epirum
1172 4805 1303 4842 cum
1339 4789 1562 4857 /Etolia,

442 4878 824 4948 Illyriumque
855 4881 911 4932 et
941 4877 1221 4947 oppidum
1256 4878 1662 4948 Dyrrachium,

438 4975 733 5047 Prilapum
767 4976 957 5038 etiam,
995 4975 1360 5043 Pelagoniam
1395 4984 1689 5041 cunctam,

438 5065 693 5120 nobilem
725 5063 962 5126 Achrin,
996 5063 1483 5134 splendidamque
1519 5065 1810 5136 Prespam,

439 5154 619 5216 Quem
655 5149 1038 5206 clandestinis
1075 5153 1293 5220 nuptiis
1325 5157 1606 5222 genuerat
1635 5153 1877 5211 Michael

443 5248 731 5304 Theodori
765 5249 940 5303 frater
971 5250 1496 5321 Comuenangelus,

443 5339 611 5403 cujus
637 5337 760 5405 jam
796 5342 992 5392 nostra
1026 5337 1289 5390 meminit
1319 5338 1582 5393 historia.

443 5427 547 5480 Hic
577 5431 696 5480 erat
725 5442 916 5479 rerum
952 5425 1008 5478 in
1042 5425 1338 5480 occidente
1370 5432 1582 5482 status.

443 5521 629 5575 Caesar
661 5520 857 5574 relicta
886 5521 1040 5592 regia
1070 5521 1395 5593 Nymphasi,

440 5625 570 5663 vere
601 5613 928 5681 appetente,
962 5596 1397 5683 Hellespontum
1437 5613 1684 5680 transiit,

2099 447 2146 510 A

2098 1795 2145 1859 B

2103 3148 2147 3214 C

2113 4504 2158 4567 D

2353 445 2466 514 Βοή
2497 465 2578 505 τις
2611 442 2763 499 ἔνδον
2801 444 3007 519 ἀθρόως
3037 443 3294 518 ἐξερράγη

2353 533 2440 596 Ὠς
2471 531 2634 594 πυλὶς
2667 532 2904 605 ἀνέῳκτό
2933 554 3072 586 τισιν
3109 529 3355 606 ἀνδράσιν

2353 621 2413 674 Ἥ
2441 622 2557 683 καθ’
2589 618 2692 674 ἅλα
2722 619 2966 688 νεύουσα,
2997 619 3086 674 καὶ
3118 618 3379 695 συνερρύη

2176 710 2318 764 8555
2354 707 2484 765 Ὀπ)
2505 712 2646 779 ιτική
2679 729 2761 770 τις
2793 707 2941 763 ἔνδον
2972 710 3200 783 τειχέων
3235 707 3463 784 φάλαγξ.

2359 799 2442 852 Ἐν
2473 802 2552 868 τῷ
2579 795 2635 850 δέ
2665 818 2744 858 τις
2777 800 2938 871 θροῦς
2967 798 3263 870 παμμιγὴς
3286 793 3428 868 ἤρθη
3467 793 3647 870 μέγας,

2355 885 2458 941 Καὶ
2487 889 2594 940 τῶν
2628 883 2817 938 πυλῶν
2844 883 3087 948 ἔντοσθεν
3121 885 3500 959 ἀνεῳγμένων,

2358 974 2591 1046 Στρατιὰ
2623 971 2919 1044 συνήλασεν
2952 968 3101 1028 ἔνδον
3127 975 3216 1027 καὶ
3243 972 3479 1048 κράτωρ”

2356 1063 2548 1136 Φεύγει
2579 1059 2636 1116 δὲ
2667 1064 2980 1137 Δημήτριος
3012 1061 3091 1123 εἷς
3118 1062 3280 1137 ἄκραν
3314 1060 3498 1131 πόλιν,

2177 1161 2319 1216 8560
2357 1159 2654 1234 Ἐχέγγυον
2688 1157 2744 1213 δὲ
2769 1155 3097 1234 προσλαϐὼν
3133 1160 3406 1234 σωτηρίας

2353 1248 2523 1304 Αὐτὸν
2555 1269 2612 1302 τε
2642 1249 2882 1325 φρουρὰν
2913 1252 2993 1319 τῷ
3020 1249 3303 1322 κρατάρχῃ
3332 1248 3644 1322 προσνέμει.

2353 1337 2538 1399 Οὕτως
2565 1336 2709 1391 ἑάλω
2739 1336 3104 1406 Θεσσαλονίκη
3136 1336 3322 1398 πόλις

2354 1424 2426 1480 Οῦ
2461 1423 2732 1498 διαγαγὼν
2771 1424 3026 1499 βασιλεὺς
3057 1425 3263 1500 βραχὺν
3297 1427 3522 1500 χρόνον,

2357 1513 2460 1570 Καὶ
2492 1510 2694 1576 διαθεὶς
2729 1515 2935 1567 ἅπαντα
2964 1513 3202 1586 καθάπερ
3236 1511 3378 1583 δέον,

2179 1607 2321 1662 8565
2359 1603 2577 1677 Χαίρων
2609 1601 2947 1672 έπανέζευξεν
2979 1602 3056 1664 εἷς
3086 1600 3159 1657 ἕω
3188 1603 3418 1673 τόπους,

2354 1693 2715 1766 Ὗμνούμενος
2748 1691 3014 1763 ξύμπασιν
3047 1691 3120 1753 ὡς
3149 1693 3464 1769 νικηφόρος.

2355 1781 2535 1857 Ἀφεὶς
2566 1781 2866 1855 στρατηγὸν
2897 1784 3004 1834 τῶν
3040 1777 3266 1834 δυτικῶν
3299 1781 3587 1854 ταγμάτων

2355 1870 2576 1926 Πάντων
2607 1869 2892 1938 ἐπιστάτην
2925 1889 2984 1921 τε
3014 1872 3238 1942 χωρῶν,
3272 1867 3471 1922 ἀστέων

2356 1957 2731 2032 Παλαιολόγον
2765 1957 2816 2011 ἐν
2850 1953 3192 2028 δομεστίκοις
3227 1956 3416 2029 μέγαν,

2179 2050 2321 2104 8570
2357 2044 2558 2119 Ἶνδρα
2591 2044 2920 2119 στρατηγίας
2949 2065 3007 2098 τε
3035 2044 3125 2098 καὶ
3156 2045 3343 2118 μάχης
3373 2041 3533 2117 ἴδριν,

2357 2135 2459 2191 Καὶ
2489 2131 2853 2194 παντοδαπαῖς
2885 2131 3181 2187 καλλοναῖς
3208 2133 3550 2204 ἠνθισμένον

2356 2225 2419 2280 Τ.
2493 2221 2539 2271 δ,
2599 2221 2625 2239 ν
2838 2253 2840 2256 ι
2888 2222 2901 2240 κ
3145 2222 3156 2238 η
3315 2221 3327 2238 ι

2403 2246 2456 2277 ον
2514 2272 2518 2276 .
2564 2243 2628 2276 αυ
2657 2229 2938 2294 Κομνηνον
2972 2220 3204 2295 Μιχαηλ
3237 2242 3432 2275 τουτου
3460 2220 3642 2296 γόνον,

2354 2312 2452 2366 Τὸν
2487 2310 2728 2383 ὑστέροις
2759 2309 2980 2384 ἄρξαντα
3008 2309 3295 2382 Ῥωμαίων
3333 2311 3577 2385 χρόνοις,

2359 2403 2692 2455 Ἐπιστατεῖν
2729 2398 2946 2474 Σερῥῶν
2969 2419 3026 2453 τε
3050 2399 3138 2452 καὶ
3173 2399 3498 2467 Μελενίκου,

2179 2502 2320 2557 8575
2357 2498 2459 2556 Καὶ
2486 2502 2580 2552 τοῦ
2616 2496 2809 2569 μεταξὺ
2839 2497 2926 2550 καὶ
2959 2499 3109 2571 πέριξ
3141 2497 3344 2552 τούτων
3375 2499 3569 2552 τόπου’

2359 2589 2452 2640 Καὶ
2489 2586 2654 2641 πάλιν
2687 2584 2892 2648 ἄλλους
2923 2585 3175 2660 ἀλλαχοῦ
3203 2593 3306 2660 γῆς
3336 2587 3425 2640 καὶ
3455 2585 3626 2640 τόπου

2354 2678 2576 2750 ’Άρχειν
2606 2673 2770 2750 ἐφῆκε
2800 2674 2887 2727 καὶ
2917 2671 3207 2735 διευθύνειν
3241 2673 3452 2737 πόλεις.

2356 2765 2671 2838 Δημήτριον
2705 2761 2762 2817 δὲ
2795 2767 3090 2817 Λεντιανῶν
3122 2762 3172 2817 έν
3203 2763 3363 2817 πόλει

2353 2860 2698 2928 Ἐμφρουρον
2730 2852 2871 2924 εἶχεν
2903 2851 2956 2904 ὲν
2992 2856 3184 2923 μακρῷ
3209 2851 3610 2925 καθειργμένον.

2176 2945 2316 2999 8580
2353 2946 2456 2995 Τοῦ
2489 2938 2532 2994 δ’
2566 2939 2862 3014 ἀρχιΟύτου
2894 2944 3164 3011 Γερμανοῦ
3196 2937 3518 3007 Βυζαντίδος

2356 3028 2476 3086 Βίον
2510 3029 2764 3088 λιπόντος
2792 3027 2880 3081 καὶ
2915 3026 3006 3080 σὺν
3039 3027 3184 3098 αὐτῷ
3213 3029 3301 3081 τὸν
3335 3029 3548 3103 θρόνον,

2357 3115 2791 3189 Ἀναδραμόντος
2825 3114 2871 3170 δ’
2902 3115 2978 3177 εἷς
3014 3116 3179 3188 μονάς
3210 3116 3486 3188 αῗωνίους,

2362 3204 2630 3270 Μεθόδιός
2661 3227 2744 3268 τις
2774 3204 2831 3259 ἐκ
2865 3211 3032 3277 μονῆς
3065 3206 3344 3268 Ὑακίνθου

2362 3295 2485 3351 Ἐπὶ
2520 3296 2813 3369 βράχιστον
2842 3288 3252 3368 παραλαμϐάνει
3283 3293 3493 3367 θρόνον,

2185 3386 2326 3440 8585
2363 3383 2574 3440 Τούτου
2607 3382 2882 3449 θανόντος,
2914 3381 2988 3443 εἷς
3024 3381 3227 3454 μακρὸν
3251 3381 3453 3455 χρόνου
3487 3381 3679 3454 θρόνος

2362 3475 2612 3544 Ἕρημος
2645 3472 2782 3538 ὑπῆν
2815 3471 3076 3541 ποιμένος
3105 3469 3194 3524 καὶ
3226 3470 3552 3543 προστάτου.

2363 3561 2511 3616 Μετὰ
2543 3557 2598 3612 δὲ
2633 3559 2824 3634 μικρὸν
2859 3559 2947 3611 καὶ
2980 3555 3299 3630 δομέστικος
3335 3559 3500 3632 μέγας

2361 3646 2738 3721 ΙΙαλαιολόγος
2773 3641 3038 3723 έξαμεὶϐει
3068 3647 3159 3700 τὸν
3196 3647 3339 3720 βίον,

2359 3737 2440 3792 Τά
2467 3740 2572 3790 τῶν
2611 3739 2862 3809 μοναχῶν
2890 3733 3126 3797 ένδυθεὶς
3158 3735 3307 3810 πρὶν,
3341 3735 3414 3797 ὡς
3447 3735 3623 3807 θέμις’

2184 3838 2325 3892 8590
2362 3834 2465 3890 Καὶ
2498 3831 2664 3911 φιλῇς
2693 3831 2970 3906 Θεόδωρος
2993 3833 3324 3903 ἐξαπεστάλη

2360 3925 2605 3998 ”Αρχειν,
2637 3927 2954 3997 στρατηγεῖν
2988 3922 3098 3978 ἀντ’
3129 3923 3335 3979 ἐκείνου
3364 3924 3679 3999 ταγμάτων.

2361 4011 2722 4081 Θεσσαλονίκη
2756 4012 2841 4065 καὶ
2873 4011 3102 4087 Βέῤῥοια
3135 4014 3227 4084 μὶν
3261 4012 3451 4075 πόλεις

2360 4102 2458 4155 Τὸν
2487 4099 2832 4174 αύσονάρχην
2868 4097 3131 4170 δεσπότην
3160 4103 3312 4176 εἶχον
3343 4101 3486 4157 τότε.

2363 4190 2546 4262 Πηρὸς
2578 4185 2634 4242 δὲ
2664 4185 2943 4260 Θεόδωρος
2968 4187 3128 4265 ἐκφὺς
3159 4187 3436 4264 Ἀγγέλων

2185 4280 2324 4334 8595
2363 4281 2646 4350 Κατῆρχεν
2680 4277 2827 4338 αὖθις
2864 4273 3136 4348 Βοδηνῶν,
3171 4275 3544 4352 Σταριδόλων,

2368 4365 2471 4419 Σὺν
2499 4361 2795 4440 Ὀστροϐοῦ
2825 4363 3053 4437 κλίματι
3085 4365 3175 4420 καὶ
3206 4370 3312 4420 τῶν
3346 4365 3398 4420 ἐν
3429 4365 3639 4438 κύκλῳ.

2362 4457 2482 4507 Τῶν
2511 4452 2570 4507 ἐκ
2599 4453 2972 4525 Πλαταμῶνος
3006 4451 3063 4507 δὲ
3091 4455 3182 4508 καὶ
3210 4458 3499 4527 κατωτέρω

2367 4544 2562 4617 Μερῶν
2592 4541 2884 4597 κλινόντων
2918 4543 2991 4603 ὡς
3020 4544 3153 4616 πρὸς
3187 4544 3409 4617 ἑσπέραν
3441 4544 3674 4610 τόπους,

2366 4628 2472 4682 Σὺν
2499 4629 2559 4684 ⁴Α
2573 4627 2703 4702 χαίᾳ
2732 4626 2970 4702 Βλαχίας
3002 4628 3091 4682 καὶ
3122 4630 3231 4682 τῶθ
3261 4629 3412 4704 πέριξ

2189 4727 2329 4781 8600
2371 4723 2611 4785 Παλαιᾶς
2644 4725 2903 4798 Ἠπείρου
2929 4745 2987 4779 τε
3018 4724 3108 4778 σὺν
3142 4725 3409 4796 Αἰτωλίᾳ,

2365 4815 2494 4886 Ἃμ⁷
2526 4811 2820 4886 Ἰλλυρικῷ
2844 4813 2934 4868 καὶ
2966 4813 3254 4890 Δυρραχίῳ
3274 4814 3457 4886 πόλει,

2365 4905 2486 4958 "Eu
2519 4901 2827 4975 Περιλάπου
2861 4901 3195 4977 Πελαγονίας
3227 4901 3383 4972 ὅλης,

2367 4989 2604 5059 Κλεινῆς
2641 4989 2922 5065 Ἀχρίδος.
2959 4991 3295 5066 σελασφόρου
3326 4992 3415 5046 καὶ
3449 4991 3726 5066 Πρέσπης,

2365 5078 2688 5164 ὈΙΜιχαήλ
2721 5082 2784 5146 ἦν
2815 5078 3077 5150 δεσπότης
3110 5082 3137 5133 ὁ
3170 5079 3431 5150 δεσπότης

2187 5170 2329 5224 8605
2365 5171 2463 5229 ’Ός
2497 5166 2556 5221 ἐκ
2584 5167 2795 5231 νοθείας
2829 5167 3064 5241 Μιχαὴλ
3096 5170 3220 5240 πρὶν
3251 5168 3404 5245 ἐξέφυ

2366 5255 2826 5330 Κομνηναγγέλου
2859 5257 3126 5331 συγγόνου
3157 5255 3461 5330 Θεοδώρου,

2363 5347 2451 5407 Ὠς
2479 5344 2664 5398 ἀνόπιν
2699 5343 2881 5420 εἶ’ρηκε
2907 5343 3108 5421 φθάσας
3144 5366 3236 5418 μοι
3271 5345 3458 5420 λόγος.

2363 5434 2516 5488 Οὕτω
2551 5434 2642 5505 μὲν
2677 5429 2805 5506 ἔσχε
2833 5433 2896 5486 τὰ
2925 5434 3058 5507 πρὸς
3092 5434 3315 5509 ἑσπέραν
3352 5436 3511 5510 μέρη.

2362 5522 2523 5590 "Avari
2556 5520 2612 5574 δὲ
2646 5519 2822 5574 λιπὼι
2859 5519 3131 5595 βασίλειον
3165 5523 3455 5599 Νυμφαίου

2185 5615 2327 5670 8610
2365 5613 2530 5685 Ἠρος
2565 5613 2814 5686 φανέντος
2845 5611 3250 5684 Ἑλλήσποντον
3291 5607 3465 5683 διέϐη,
