4136 6292
350 344 457 401 317
1866 366 2225 421 ΟΕΞΔΒΒΒ.
3648 375 3751 431 318

528 474 630 529 Καὶ
666 473 927 549 βάλλεται
960 479 1170 555 χάρακα
1197 490 1311 538 κατ’
1343 482 1469 539 ἄστυ
1501 489 1704 563 φθάσας

528 562 605 618 Τὸ
629 569 728 632 τῆς
763 567 1137 641 Τζουρουλοῦ,
1168 574 1253 625 καὶ
1284 572 1436 646 νόμῳ
1462 562 1539 647 τῷ
1568 583 1668 645 τῆς
1704 577 1891 651 μάχης

2017 491 2074 557 Α
2103 487 2370 561 valloque
2403 495 2604 548 statim
2637 494 3045 551 circumclusit
3075 513 3266 551 arcem

2101 577 2358 647 Tzuruli,
2392 586 2448 635 et
2480 598 2610 637 mox
2643 583 2903 638 adhibito
2940 585 3142 639 Martis
3177 602 3367 658 opere,

528 652 932 726 Καθαιρετικῶν
964 678 1037 727 μη
1047 676 1186 731 χανη
1199 660 1379 731 μάτων
1409 663 1579 736 τέχνῃ

527 738 722 807 Ῥᾷστα
753 746 1126 815 παρεστήσατο
1162 749 1418 823 φρούριον
1460 749 1603 805 τόδε·

346 827 492 881 8615
530 826 608 883 Οὗ
639 832 975 901 κασιγνήτην
1014 832 1249 907 Εἰρήνης
1293 835 1573 910 βασιλίδος

526 912 794 969 Εὐδοκίαν
828 914 1064 982 ἔντοσθεν
1096 921 1261 995 εὑρὼν
1298 925 1499 979 εὐνέτιν

527 1007 658 1078 Παρ’
693 1005 925 1070 Ἰταλοῖς
958 1008 1222 1085 ἄρχοντος
1254 1013 1573 1071 Ἀσελδεκάε

529 1091 783 1163 Κάλλητι
814 1098 1161 1173 παρέπεμψεν
1189 1101 1262 1163 εἰς
1295 1102 1613 1173 Βυζαντίδα,

532 1180 755 1234 Πάντων
782 1185 1073 1256 γυμνώσας
1100 1191 1205 1241 τῶν
1234 1188 1461 1244 ἐνόντων
1493 1190 1821 1265 πραγμάτων

349 1273 491 1329 8620
532 1272 712 1343 Αὐτήν
741 1296 799 1329 τε
823 1279 1173 1352 προσπόλους
1200 1304 1256 1337 τε
1283 1286 1368 1337 καὶ
1415 1282 1772 1362 δορυφόρους.

524 1362 731 1417 Έκεῖσε
762 1361 810 1417 δ’
838 1364 909 1419 ὢν
944 1368 1185 1431 σύνευνος
1216 1372 1384 1441 αὐτῆς
1416 1361 1623 1449 ἀπέδρα

520 1451 689 1539 Πρινὴ
722 1455 1039 1529 κρατάρχην
1068 1454 1398 1530 προσϐαλεῖν
1429 1466 1507 1533 τῷ
1538 1482 1800 1539 φρουριῳ,

513 1537 712 1624 Τρόμῳ
741 1561 796 1594 τε
828 1541 1057 1619 ληφθεὶς
1088 1547 1177 1599 καὶ
1210 1550 1395 1621 ψυχῆς
1432 1537 1661 1624 ἀγωνίᾳ.

515 1623 658 1696 ’Ήδη
685 1633 1063 1701 παρεστήσατο
1094 1634 1183 1688 καὶ
1211 1637 1311 1704 τὴν
1342 1638 1544 1708 Βιζύην

338 1715 481 1769 8625
518 1715 749 1789 Πέμψας
778 1721 897 1773 κατ’
926 1720 1091 1792 αὐτῆς
1122 1725 1368 1796 στρατιὰν
1400 1726 1767 1805 αὐτοκράτωρ,
1826 1782 1831 1787 ,

518 1802 749 1866 Τούτοις
786 1805 930 1862 ἑάλω
954 1816 1075 1872 τοῖς
1108 1812 1329 1885 χρόνοις
1356 1822 1518 1883 νῆσος
1548 1802 1733 1880 Ῥόδος

517 1900 641 1957 Τοῖς
673 1896 978 1960 Γεειουῖταις
1014 1900 1250 1961 Ἰταλοῖς
1282 1904 1417 1974 μετὰ
1449 1902 1637 1962 δόλου.

522 1984 671 2038 Ἐπεὶ
703 1986 805 2059 γὰρ
836 1985 1123 2059 ἀπόδημος
1156 1992 1221 2057 ἦν
1252 1989 1542 2060 ἐπιστάτης

521 2071 713 2127 Ῥόδου
745 2070 993 2137 Γαϐαλᾶς
1028 2077 1280 2149 Ἰωάννης
1310 2084 1389 2152 τῷ
1418 2081 1542 2136 τότε

338 2171 480 2227 8630
518 2172 806 2244 ’Ὀμαιμος
835 2172 907 2226 ὢν
938 2174 1204 2249 Καίσαρος
1236 2175 1493 2251 ἄρξαντος
1519 2176 1713 2235 Ῥόδου

520 2261 992 2335 Συνεκστρατεύων
1024 2263 1348 2340 Αὐσονάρχῃ
1382 2262 1640 2343 δεσπότῃ,

516 2353 694 2414 Νῆσον
726 2351 990 2425 κατέσχον
1025 2355 1078 2407 οἱ
1105 2352 1433 2428 λελεγμένοι
1461 2357 1654 2431 λάθρα’

515 2438 582 2497 Ὀ
613 2437 774 2511 γνοὺς
808 2440 1061 2513 βασιλεὺς
1097 2442 1148 2496 ἐν
1178 2443 1359 2518 Θράκῃ
1388 2440 1704 2518 διατρίϐων⁹

516 2531 974 2598 Καντακουζηνῶν
1012 2531 1072 2585 ἐκ
1098 2532 1286 2605 γένους
1315 2533 1569 2603 Ἰωάννην

331 2615 477 2670 8635
517 2615 619 2671 Σὺν
654 2623 875 2691 στρατιᾷ
902 2618 1157 2696 πέπομφε
1185 2618 1411 2675 Ῥοδίων
1445 2622 1625 2677 πόλει·

512 2705 613 2766 Ὃς
644 2703 1023 2768 ἐκπεπλευκὼς
1052 2710 1142 2762 καὶ
1173 2710 1407 2783 κατάρας
1438 2710 1488 2764 έν
1517 2709 1713 2783 Ῥόδῳ,

518 2794 756 2867 Κατέσχε
787 2794 996 2870 Φιλέρη
1009 2818 1107 2869 μον
1137 2796 1265 2852 ἄστυ
1293 2802 1361 2871 τῇ
1399 2800 1574 2873 μάχῃ·

519 2882 638 2958 Ἀφ’
669 2880 834 2956 οὗπερ
870 2883 1090 2959 ἐχθροῖς
1120 2888 1381 2941 ἀντεπιὼν
1417 2888 1672 2961 εὐψύχως

514 2971 704 3040 Ῥᾷστα
733 2972 969 3027 κατέσπα
995 2975 1095 3041 τὴν
1129 2974 1293 3050 ὀφρὺν
1323 2981 1466 3053 σφῶν
1499 2978 1585 3031 καὶ
1621 2976 1837 3051 θράσος.

321 3061 480 3115 8640
519 3060 614 3114 Καὶ
635 3060 764 3134 τάχ’
795 3060 854 3115 ἃν
883 3062 993 3117 εἷλε
1021 3063 1109 3117 καὶ
1139 3063 1304 3118 πόλιν
1334 3065 1469 3118 κατὰ
1496 3065 1714 3137 κράτος,

513 3147 576 3203 El
609 3148 684 3220 μὴ
718 3149 949 3224 πρίγκιψ
974 3148 1152 3223 ἤμυνε
1180 3159 1279 3221 τῆς
1310 3152 1555 3226 Ἀχαίας,

513 3237 774 3299 Ὁπλίτας
806 3238 991 3300 αὐτοῖς
1026 3241 1355 3313 συμμάχους
1386 3238 1514 3302 δοὺς
1547 3241 1797 3305 ἱππότας.

510 3324 597 3386 Ὠς
631 3324 722 3379 οὖν
758 3324 1088 3397 έπανέζευξεν
1121 3327 1181 3382 ἐκ
1213 3330 1399 3403 μάχης
1432 3330 1578 3400 ἄναξ,

508 3418 649 3475 Nai}:
680 3416 1030 3489 ἱππαγωγοὺς
1062 3416 1374 3491 εὐτρεπίσας
1408 3417 1498 3471 καὶ
1529 3418 1757 3486 στόλον,

314 3512 473 3568 8645
510 3512 742 3572 Ἵππους
774 3509 827 3564 ἐν
861 3514 946 3573 αἷς
978 3509 1143 3567 ἔϐαλε
1174 3514 1534 3587 τριακοσίους,

507 3599 618 3653 Εἶτ’
647 3599 914 3669 ἀποτάξας
945 3600 1035 3654 καὶ
1066 3600 1377 3676 στολάρχην
1410 3606 1506 3656 τοῦ
1539 3601 1737 3657 στόλου

508 3688 645 3745 Τινέι
679 3687 1109 3753 Κοντοστέφανον
1142 3687 1307 3763 ἄνδρα
1334 3687 1612 3765 γεννάδαν,

513 3772 973 3851 Πρωτοσεϐαστοῠ
997 3778 1097 3846 τὴν
1129 3779 1295 3851 τιμὴν
1330 3778 1618 3853 εἰληχοτα.

508 3866 599 3927 Εἰς
630 3872 793 3933 νῆσον
830 3864 1111 3920 ἀπέστειλε
1141 3868 1241 3934 τὴν
1268 3870 1375 3920 τῶν
1404 3864 1649 3922 Ῥοδίων⁶

309 3956 469 4011 8650
508 3956 609 4011 Καὶ
641 3955 776 4009 κατὰ
808 3957 993 4029 μάχην
1030 3955 1368 4028 συμπΛακεὶς
1397 3954 1724 4022 Γενουίταις,

506 4044 655 4101 Κατᾶ
683 4045 880 4117 κράτος
912 4050 1045 4118 σφᾶς
1076 4044 1257 4113 ἐκνικᾷ
1287 4043 1374 4098 καὶ
1406 4039 1699 4116 συντρίϐει,

506 4133 604 4187 Καὶ
638 4138 803 4200 νῆσον
836 4132 1097 4186 ἀνέσωσεν
1133 4128 1332 4186 Αὕσοσι
1367 4131 1553 4188 πάλιν.

496 4224 554 4277 Ὀ
586 4217 631 4273 δ’
664 4219 1014 4294 αὐτοκράτωρ
1047 4222 1183 4295 πρὸς
1212 4220 1443 4295 Μιχαὴλ
1478 4218 1735 4288 δεσπότην

501 4306 678 4377 Κῆδός
705 4330 765 4363 τε
790 4315 941 4362 ποιεῖ
973 4304 1261 4381 συμϐάσεις
1290 4311 1336 4363 τ’
1368 4310 1697 4383 ἐνωμότους.

301 4400 461 4456 8655
496 4402 633 4459 Παῖς
666 4396 929 4452 δεσπότου
961 4398 1063 4473 γὰρ
1100 4397 1331 4471 Μιχαὴλ
1366 4400 1681 4475 Νικηφόρος

500 4486 594 4547 Εἷς
624 4488 867 4559 γαμετὴν
901 4484 1096 4563 εἴληφε
1123 4488 1221 4555 τήν
1256 4485 1539 4563 Θεοδώρου

500 4580 766 4635 ’Ἄνακτος
798 4574 918 4628 υἱοῦ
952 4574 1164 4649 Μαρίαν
1196 4575 1477 4649 θυγατέρα’

499 4668 606 4731 Τῆς
636 4666 733 4717 τοῦ
765 4661 996 4736 Μιχαὴλ
1028 4663 1255 4738 συζύγου
1287 4662 1567 4739 Θεοδώρας

500 4754 579 4804 Δι’
611 4749 1024 4821 Ἑλλησπόντου
1056 4753 1331 4827 φθασάσης
1364 4755 1584 4827 χώρους
1618 4749 1716 4824 ἕω,

299 4850 460 4906 8660
499 4847 649 4904 Μετά
679 4868 740 4923 γε
769 4844 962 4909 παιδος
996 4847 1260 4923 φιλτάτου
1290 4848 1608 4924 Νικηφόρου

502 4936 599 4989 Καὶ
628 4936 730 5002 τὴν
759 4934 843 4989 ἐπ’
872 4936 1019 5006 αὐτῷ
1046 4934 1350 5011 συγγένειαν
1386 4934 1678 5008 δρασάσης,

496 5026 628 5080 Εἶτα
658 5023 749 5076 σὺν
784 5025 933 5095 αὐτῷ
963 5024 1099 5097 πρὸς
1136 5022 1283 5078 δύσιν
1318 5026 1674 5099 χωρησάσης.

500 5109 681 5167 Ἀλλά
708 5111 942 5186 Μιχαὴλ
978 5112 1167 5184 Αἰθίοψ
1200 5112 1270 5166 (33v
1299 5112 1569 5187 καρκίνος.

496 5199 611 5256 Οὐκ
639 5198 696 5253 εὖ
728 5196 961 5273 βαδίζειν
997 5198 1119 5253 οὐδὲ
1150 5200 1438 5274 ῥύπτεσθαι
1472 5201 1636 5263 θέλει·

298 5293 459 5348 8665
501 5287 829 5365 Συμφωνίας
860 5290 961 5363 γάρ
995 5290 1274 5359 ήοετηκὼς
1308 5285 1621 5362 συμϐάσεις,

498 5376 888 5453 Ἀναπέφανται
922 5374 1189 5448 δυσμενὴς
1221 5378 1548 5448 ἀποστάτης,

497 5459 822 5535 Σύμϐοιιλον
856 5465 1023 5538 εὑρὼν
1057 5463 1432 5542 πατράόελφον
1463 5468 1536 5528 εἷς
1568 5467 1691 5522 τόδε

498 5549 777 5621 Θεόδωρον
811 5551 1079 5628 ’Ἄγγελον
1104 5551 1319 5629 εὔριπον
1351 5557 1608 5625 τρόπους.

500 5642 589 5703 Ὠς
613 5640 702 5696 οὗν
733 5638 850 5697 τάδ’
874 5642 1141 5712 ἠνώτιστο
1165 5647 1243 5717 τῷ
1274 5643 1618 5722 στεφηφόρῳ,

2102 666 2352 723 admotis
2387 671 2673 726 machinis
2705 674 3199 745 obsidionalibus,

2101 752 2269 807 facile
2301 772 2491 812 arcem
2526 758 2635 814 sibi
2666 761 2985 815 vindicavit
3022 779 3034 816 :

2102 841 2199 895 ubi
2233 859 2488 900 sororem
2525 850 2734 919 reginae
2766 850 2962 903 uxoris
2995 866 3115 905 suae

2101 928 2411 987 Eudociam
2445 935 2891 1005 deprehensam,
2925 956 3046 1007 quae
3078 945 3358 1008 nupserat

2103 1018 2414 1078 Aseldecao
2448 1023 2589 1079 Italo
2622 1026 2902 1096 dynastas,

2099 1107 2266 1163 celeri
2298 1126 2446 1180 equo
2479 1112 2815 1182 impositam
2850 1115 3188 1186 Byzantium
3224 1117 3407 1185 misit,

2097 1214 2294 1279 erepto
2327 1210 2485 1264 omni
2517 1216 2724 1266 ornatu
2759 1217 2813 1266 et
2846 1214 3207 1285 supellectile

2098 1296 2233 1366 ipsi,
2265 1298 2690 1367 comitibusque
2720 1305 2775 1355 et
2809 1302 3180 1358 satellitibus.

2101 1384 2244 1440 Nam
2279 1402 2532 1455 sponsus
2563 1390 2689 1458 eius
2720 1390 2857 1459 fuga
2888 1407 2948 1445 se
2979 1392 3335 1448 subduxerat

2100 1474 2354 1544 percitus
2386 1481 2566 1541 metu,
2601 1482 3004 1533 consternatus
3035 1482 3229 1535 animo

2094 1562 2439 1633 priusquam
2473 1580 2663 1619 arcem
2692 1564 2880 1621 Caesar
2908 1567 3221 1623 obsideret.

2093 1648 2286 1720 Neque
2317 1651 2416 1705 diu
2449 1657 2580 1723 post
2611 1654 2763 1724 cepit
2795 1671 3027 1726 quoque
3063 1657 3288 1725 Byziam

2096 1738 2294 1794 missis
2325 1739 2556 1795 infestis
2588 1743 2769 1811 copiis
2801 1744 3132 1815 imperator.

2014 1843 2062 1908 Β
2093 1830 2199 1881 Per
2229 1828 2382 1883 idem
2415 1834 2647 1900 tempus
2678 1836 2806 1885 astu
2843 1833 2951 1887 fuit
2982 1840 3153 1905 capta

2096 1916 2167 1971 ab
2198 1915 2361 1971 Italis
2389 1917 2789 1973 Januensibus
2825 1920 3064 1975 Rhodus
3098 1924 3310 1979 insula.

2094 2006 2239 2058 Nam
2272 2019 2403 2058 cum
2439 2006 2669 2060 abesset
2699 2008 2909 2063 exteris
2942 2009 3000 2063 in
3036 2012 3203 2066 terris

2097 2091 2283 2147 Rhodi
2315 2093 2616 2163 przefectus
2647 2094 2895 2150 Gabalus
2923 2097 3178 2154 Joannes

2094 2180 2357 2251 (Caesaris
2389 2181 2565 2236 frater
2592 2183 2687 2254 qui
2719 2183 2905 2238 Rhodi
2938 2178 3207 2257 princeps
3241 2190 3447 2258 fuerat)

2093 2266 2463 2339 imperatoris
2495 2270 2717 2325 domini
2751 2275 2942 2327 castra
2972 2290 3248 2345 sequens,

2092 2352 2290 2409 hostes
2323 2357 2578 2425 praedicti
2611 2360 2757 2413 clam
2792 2366 3069 2431 ceperunt
3100 2363 3372 2418 insulam.

2095 2451 2233 2507 Rem
2264 2453 2362 2507 ubi
2395 2453 2453 2507 in
2484 2454 2731 2510 Thracia
2764 2458 2920 2512 novit
2950 2460 3285 2531 imperator,

2090 2543 2556 2597 Cantacuzenum
2590 2560 2721 2598 cum
2754 2547 2935 2615 cepiis
2967 2548 3251 2604 Joannem

2094 2630 2165 2683 ad
2198 2629 2615 2687 Rhodiensium
2649 2635 2928 2705 oppidum
2962 2636 3190 2694 direxit.

2092 2715 2192 2770 Ille
2223 2733 2351 2772 cum
2382 2717 2627 2774 classem
2661 2721 2927 2778 Rhodum
2964 2727 3309 2798 appulisset,

2090 2804 2369 2876 oppidum
2402 2807 2555 2878 cepit
2585 2809 2779 2879 praelia
2812 2812 3235 2882 Phileremum;

2090 2908 2159 2947 ex
2188 2910 2300 2963 quo
2331 2911 2675 2967 progressus
2708 2899 2931 2954 fortiter
2962 2901 3018 2955 in
3055 2902 3251 2959 hostes

2089 2980 2351 3051 ipsorum
2384 2984 2551 3040 facile
2583 2988 2848 3041 contudit
2877 2991 3177 3047 audaciam
3218 3011 3229 3047 :

2079 3078 2323 3150 jamque
2351 3087 2628 3154 capturus
2658 3090 2779 3141 erat
2809 3091 2865 3141 et
2894 3091 3264 3160 metropolin,

2008 3193 2051 3259 Β
2090 3167 2202 3222 nisi
2237 3168 2559 3227 obstitisset
2587 3171 2700 3243 ipsi
2731 3174 2959 3231 Achaia:
2991 3176 3284 3249 princeps,

2088 3255 2189 3327 qui
2222 3265 2475 3312 armatos
2505 3260 2729 3329 equites
2762 3262 3032 3319 hostibus
3064 3269 3373 3323 concessit.

2086 3345 2195 3400 Sed
2229 3362 2334 3401 suo
2367 3346 2517 3402 bello
2549 3349 2727 3403 redux
2761 3350 3075 3422 imperator

2085 3436 2456 3504 equestribus
2491 3437 2738 3509 navigiis
2770 3456 2903 3495 cum
2937 3442 3121 3497 classe
3156 3444 3456 3501 instructis

2084 3519 2165 3574 ibi
2198 3524 2485 3578 trecentos
2516 3542 2699 3597 equos
2732 3526 3031 3598 imposuit.

2085 3610 2239 3663 Tum.
2264 3618 2322 3665 et
2352 3614 2708 3669 navarchum
2742 3616 2917 3672 classi
2958 3620 3332 3690 praepositum

2083 3696 2620 3769 Contostephanum
2653 3708 2965 3772 quemdam
2996 3708 3181 3763 virum
3218 3717 3522 3767 strenuum

2083 3788 2468 3857 protosebasti
2497 3790 2783 3859 dignitate
2815 3796 3151 3863 prmditum,

2083 3876 2141 3930 in
2173 3876 2556 3933 Rhodiensem
2589 3877 2671 3933 ire
2693 3880 2877 3949 jussit
2908 3882 3161 3941 insulam
3200 3904 3211 3941 :

2082 3964 2179 4034 qui
2209 3965 2531 4021 Januenses
2566 3966 2623 4020 in
2658 3969 2919 4038 praelium
2954 3978 3185 4027 vocatos

2080 4058 2344 4123 potenter
2374 4054 2679 4111 debellavit
2709 4073 2774 4111 ac
2806 4058 3094 4127 protrivit,

2078 4145 2135 4194 et
2166 4142 2245 4196 sic
2276 4141 2520 4211 imperio
2550 4143 2807 4199 insulam
2843 4148 3121 4204 restituit.

2076 4232 2147 4283 At
2176 4230 2488 4298 imperator
2518 4248 2649 4286 cum
2684 4233 2957 4290 Michaele
2988 4237 3230 4309 despota

2077 4317 2421 4372 affinitatem
2455 4320 2655 4389 panxit
2683 4326 2739 4375 et
2770 4322 3111 4381 amicitiam.

2075 4404 2254 4459 Filius
2287 4406 2437 4460 enim
2471 4407 2725 4478 despotre
2756 4410 3116 4487 Nicephorus

2078 4508 2312 4547 uxorem
2346 4492 2456 4547 sibi
2485 4495 2785 4551 Theodoro
2816 4499 3075 4568 genitam

1998 4554 2047 4615 D
2078 4579 2443 4651 imperatoris
2472 4582 2585 4636 filio
2620 4554 2859 4638 Mariam
2885 4587 3103 4656 junxit.

2074 4669 2144 4723 Et
2175 4669 2478 4724 Theodora
2510 4670 2805 4725 Michaelis
2838 4674 3049 4742 conjux

2075 4774 2175 4829 per
2207 4757 2641 4827 Hellespontum
2675 4759 2772 4812 ivit
2808 4762 2861 4813 in
2897 4762 3177 4818 orientem

2075 4862 2188 4900 una
2221 4861 2351 4898 cum
2388 4845 2542 4899 dulci
2575 4844 2692 4900 filio
2723 4847 3046 4920 Nicephoro

2071 4933 2140 4987 ad
2176 4932 2531 5004 copulandas
2567 4941 2792 5003 nuptias
2826 4940 3132 5007 praadictas
3167 4960 3178 4995 :

2070 5022 2199 5076 exin
2233 5038 2361 5075 cum
2396 5023 2521 5092 ipso
2557 5024 2726 5078 rediit
2755 5024 2810 5078 in
2846 5028 3117 5096 patriam.

2068 5111 2330 5163 Attamen
2366 5110 2598 5165 Michael
2634 5112 2892 5184 .Ethiops
2923 5122 2979 5168 et
3011 5132 3219 5172 cancer

2069 5213 2172 5251 nec
2201 5203 2353 5252 recte
2386 5199 2652 5254 incedere
2685 5206 2909 5270 poterat
2942 5220 3044 5257 nec
3076 5206 3386 5262 albescere.

2067 5294 2330 5366 Namque
2362 5295 2563 5350 deletis
2597 5298 2755 5366 pacis
2787 5301 3223 5357 conditionibus

2068 5383 2335 5437 rabidum
2370 5389 2553 5438 semet
2584 5385 2831 5453 praebuit
2862 5388 3163 5453 rebellem,

2070 5476 2272 5526 nactus
2304 5472 2372 5525 ad
2407 5471 2513 5526 hoc
2546 5474 2973 5545 conspirantem
3011 5483 3280 5546 patruum

2065 5558 2349 5628 Angelum
2382 5560 2745 5616 Theodorum
2776 5564 3159 5632 versipellem.

2064 5647 2194 5703 llam
2222 5647 2537 5718 imperator
2563 5666 2694 5706 cum
2728 5650 3130 5723 intellexisset,
