4138 6296
440 362 548 419 319
1651 368 2021 427 ΕΡΗΒΒΜΙΙ
2058 365 2074 415 t

1651 368 2021 427 ΕΡΗΒΒΜΙΙ
2058 362 2626 421 CHRONOGRAPHI

435 491 729 546 Romanas
758 491 908 548 vires
940 493 1130 549 denuo
1160 492 1416 566 collegit,

436 593 693 650 suosque
724 581 898 637 duces
927 582 1129 637 robore
1161 585 1512 655 praecipuos;

435 664 880 722 Tarchaniotam
916 668 1136 725 scilicet
1164 670 1552 741 Nicephorum

435 770 645 810 nomen
679 760 972 826 gerentem
1009 757 1231 813 meritis
1262 758 1559 825 idoneum,

433 842 576 915 regii
610 843 957 914 insignitum
991 846 1279 917 pincernaa
1310 848 1521 915 officio,

431 932 854 1003 domesticique
885 935 1080 1005 magni
1114 940 1408 1007 gerentem
1440 937 1597 992 vices
1629 954 1642 992 :

428 1022 895 1092 strategopulum
927 1030 1233 1102 strenuum
1266 1024 1532 1081 Alexium
1567 1042 1581 1082 :

427 1109 612 1165 ﬁlium
649 1114 927 1180 praeterea
959 1110 1155 1183 magni
1186 1112 1494 1168 domestici

428 1197 818 1268 Palmologum
850 1198 1194 1254 Michaelem
1228 1201 1713 1272 decusjuvenum
1749 1220 1761 1257 :

374 1304 379 1307 ·
427 1287 663 1340 demum
699 1286 1018 1341 Macrinam
1051 1292 1106 1342 et
1136 1292 1450 1359 tyrannum
1484 1290 1787 1345 Budelum.

421 1381 523 1436 His
554 1382 805 1438 ducibus
835 1382 1091 1453 stipatus
1122 1389 1296 1455 atque
1326 1386 1577 1440 exercitu

423 1471 905 1526 Thessalonicam
938 1472 1187 1527 contulit
1216 1488 1279 1527 se
1312 1473 1372 1528 in
1403 1473 1607 1528 urbem
1642 1490 1658 1531 :

423 1563 594 1628 atque
626 1559 788 1613 illinc
820 1574 1066 1630 pergens
1098 1561 1165 1615 ad
1199 1561 1496 1617 Bodenum
1528 1567 1813 1628 castrum,

422 1646 503 1703 ibi
536 1648 738 1707 deﬁxit
766 1648 991 1720 regium
1022 1652 1359 1718 tentorium,

424 1737 641 1809 diuque
672 1739 883 1793 moenia
914 1745 1182 1810 perstans
1213 1743 1604 1814 oppugnabat.

420 1825 526 1880 Sed
559 1826 900 1882 Theodorus
928 1828 1183 1883 evolarat
1209 1846 1340 1885 arce

423 1913 493 1967 ad
528 1912 873 1970 Michaelem
903 1916 1208 1986 despotam
1241 1918 1597 1990 profugiens.

418 2003 545 2056 Mox
576 2003 646 2056 ad
678 2003 909 2058 Ostrobi
943 2004 1134 2059 lacum
1167 2005 1269 2060 ivit
1298 2005 1506 2077 Caasar,

420 2089 854 2161 exercitumque
887 2091 1051 2148 misit
1081 2097 1283 2148 contra
1314 2095 1639 2166 despotam.

418 2177 596 2232 Paulo
630 2183 760 2248 post
790 2179 946 2234 venit
975 2180 1310 2252 insperatus
1340 2184 1586 2241 nuntius

415 2266 486 2321 ad
518 2267 857 2323 comitatum
885 2269 1128 2325 Caesaris
1160 2270 1374 2327 Glabas
1405 2272 1643 2343 quidam

417 2359 641 2425 gratam
673 2357 940 2412 Castoria
970 2358 1226 2413 referens
1258 2360 1558 2427 notitiam;

417 2443 716 2515 simulque
746 2444 1106 2517 Petraliphas
1135 2452 1370 2503 senator
1397 2449 1634 2518 nobilis,

418 2531 515 2603 qui
553 2533 822 2588 Demetrii
851 2533 1108 2590 Tornicae
1134 2551 1308 2607 gener
1336 2541 1479 2603 erat,

415 2628 469 2675 et
501 2620 798 2677 Michaelis
829 2625 1082 2692 despotaz
1114 2624 1277 2679 uxori
1308 2625 1505 2682 frater.

414 2707 486 2762 Ut
514 2725 651 2779 ergo
683 2710 754 2764 ad
788 2712 1069 2766 Caesarem
1104 2712 1362 2782 pervenit
1392 2714 1778 2788 Petraliphas,

414 2804 607 2873 ipsum
643 2807 1078 2879 exercitumque
1110 2808 1372 2880 implevit
1402 2813 1614 2882 gaudio
1650 2832 1663 2870 :

414 2892 495 2947 ait
528 2893 706 2959 enim,
738 2893 894 2950 illico
926 2896 1184 2951 deditam
1214 2898 1530 2954 Castoriam

414 2996 549 3036 cum
582 2982 872 3038 territorio
903 2989 1112 3039 cuncto
1143 2988 1200 3039 et
1228 3001 1358 3041 cum
1390 2985 1646 3043 Deaboli.

415 3068 728 3125 Goleamus
760 3070 935 3126 etiam
969 3071 1180 3127 nobilis
1208 3073 1470 3129 Albanus

412 3158 626 3228 reginas
658 3159 850 3213 [renes
880 3163 1109 3228 neptem
1142 3158 1202 3212 in
1236 3160 1609 3217 matrimonio

412 3244 638 3300 habens
667 3245 1043 3316 desponsam,
1077 3245 1355 3303 invitatus
1384 3247 1593 3305 litteris

333 3392 336 3396 Α
407 3333 621 3388 lubens
652 3333 724 3388 ad
760 3350 959 3404 pacem
992 3335 1452 3391 conﬁrmandam
1484 3340 1661 3393 venit.

412 3423 567 3487 Quos
594 3437 798 3477 omnes
827 3424 1015 3477 Caesar
1044 3423 1308 3479 benivole
1337 3429 1608 3496 exceptos

416 3509 620 3564 multis
652 3511 873 3565 ornavit
906 3510 1057 3566 ultro
1089 3512 1409 3568 beneﬁciis.

414 3598 518 3653 Ubi
545 3590 672 3652 haec
705 3598 938 3654 rescivit
968 3599 1205 3654 Michael
1237 3603 1480 3671 despota

414 3685 580 3741 misit
611 3686 856 3758 legatos,
886 3687 1165 3758 Naupacti
1198 3690 1562 3763 episcopum,

413 3774 668 3829 nobilem
704 3774 1110 3843 Maliasenum,
1143 3793 1209 3832 ac
1240 3778 1608 3851 Lampetem;

409 3865 511 3934 qui
542 3863 907 3919 conditiones
938 3865 1247 3921 ﬁrmarunt
1277 3883 1409 3922 cum
1441 3869 1682 3925 Caesare.

409 3960 595 4031 Igitur
625 3961 870 4016 Michael
901 3961 1196 4034 Prilapum
1229 3967 1539 4031 concessit,

406 4046 731 4111 Belessum.
766 4048 960 4116 Croas,
992 4049 1201 4105 ditioni
1233 4067 1511 4109 czesarem.

408 4134 615 4190 Postea
644 4137 1011 4208 subscriptus
1045 4138 1204 4193 misit
1234 4140 1596 4198 conditiones

406 4224 477 4278 ad
511 4223 850 4279 Michaelem
881 4226 1181 4297 despotam
1216 4227 1530 4298 imperator

402 4327 507 4381 per
540 4312 784 4368 Phocam
819 4314 1157 4386 episcopum
1193 4316 1625 4388 Philadelphia,

401 4399 688 4455 Isaacium
720 4402 953 4467 ducam,
986 4407 1041 4457 et
1071 4403 1343 4476 Hyaleam
1378 4421 1392 4458 :

402 4488 502 4558 qui
531 4488 796 4545 Michaeli
834 4490 1077 4545 Larissa:
1108 4496 1481 4549 occurrentes

398 4575 555 4645 pacis
586 4577 884 4645 negotium
918 4578 1024 4633 rite
1053 4582 1501 4646 transcgerunt:

398 4677 573 4742 atque
604 4673 962 4729 abducentes
993 4675 1155 4730 illinc
1184 4676 1574 4747 Nicephorum

397 4761 648 4830 despolas
680 4761 888 4828 tilium,
921 4780 1051 4816 cum
1085 4780 1269 4834 eoque
1303 4765 1518 4835 pariter

398 4848 499 4918 qui
533 4847 841 4904 rebellarat
865 4849 1144 4920 Angelqu
1174 4853 1467 4922 captivum

396 4937 467 4991 ad
497 4940 784 4994 Caesarem
816 4937 986 5009 legati
1021 4945 1353 4995 remearunt
1384 4960 1397 4998 :

391 5025 485 5079 cui
518 5024 814 5081 Michaelis
845 5026 1002 5080 hunc
1035 5025 1219 5081 filium
1251 5028 1640 5099 Nicephorum

390 5112 640 5183 despotae
668 5112 1192 5183 dignitate-ornare
1223 5115 1460 5185 placuit.

390 5201 682 5269 Hesperiis
714 5202 890 5255 rebus
921 5202 1004 5255 sic
1034 5206 1221 5255 Caesar
1250 5204 1576 5275 dispositis,

388 5291 565 5357 atque
597 5288 845 5344 Bodonis
878 5289 1069 5343 hieme
1098 5295 1414 5356 transacto,

385 5376 538 5430 veris
569 5378 679 5431 sub
710 5382 862 5443 ortu,
896 5376 1130 5447 reliquit
1161 5379 1374 5435 ibidem

385 5463 693 5534 plerasque
722 5466 949 5536 copias;
984 5464 1107 5536 ipse
1138 5468 1555 5526 comitantibus

384 5549 588 5621 paucis
620 5553 881 5618 armatis,
915 5558 1103 5607 castra
1140 5570 1325 5625 nuper
1354 5557 1548 5613 dedita

381 5638 612 5709 invisit;
650 5656 857 5713 nempe
882 5641 1039 5698 venit
1067 5643 1137 5699 ad
1173 5645 1373 5702 urbem
1406 5646 1792 5724 Lychnidum,

2100 488 2155 552 Α
2181 485 2322 541 8670
2359 485 2466 547 Τὰς
2490 484 2798 557 Ῥωμαϊκὰς
2831 482 3086 557 δυνάμεις
3119 484 3407 548 συναλίσας

2358 574 2454 627 Καὶ
2484 571 2612 636 τοὺς
2642 573 2731 627 ὑπ’
2760 572 2919 627 αὐτὸν
2953 572 3214 638 εὐσθενεῖς
3246 576 3633 651 στρατηγέτας,

2355 664 2790 735 Ταρχανειωτῶν
2822 660 2882 716 ἐκ
2908 662 3097 736 γένους
3126 662 3435 739 Νικηφόρον

2356 748 2561 817 Κλῆσιν
2595 748 2967 819 ἀληθεύουσαν
2999 751 3054 805 εὗ
3079 751 3437 822 κεκτημένον,

2354 842 2463 909 Τὴν
2494 839 2643 910 ἀξίαν
2673 860 2733 895 τε
2757 842 2858 909 τὴν
2890 839 2978 894 ἐπὶ
3006 847 3108 909 τῆς
3135 842 3427 913 τραπέζης,

2177 939 2320 994 8675
2359 935 2683 1013 Πληροῦντα
2711 935 2755 991 δ’
2787 933 2915 1011 ἔργα
2948 937 3190 1012 μεγάλου
3223 935 3564 1009 δομεστίκου·

2358 1024 2849 1101 Στρατηγόπουλον
2880 1027 2938 1081 Ἀ
2948 1024 3123 1098 λέξιον
3148 1024 3425 1101 γεννάδαν,

2352 1113 2451 1168 Καὶ
2484 1113 2643 1190 φίλον
2680 1115 2793 1168 υἱὸν
2826 1114 3071 1189 μεγάλου
3104 1112 3426 1187 δομεστίκου

2350 1200 2735 1278 Ιῐαλαιολόγον
2766 1202 3002 1278 Μιχαὴλ
3032 1202 3196 1266 κλέος
3225 1202 3377 1273 νέων,

2350 1292 2453 1347 Καὶ
2483 1291 2575 1346 τὸν
2605 1292 2893 1363 Μακρηνὸν
2920 1290 3010 1346 καὶ
3037 1292 3291 1366 τύραννον
3327 1291 3618 1349 Βουδελόν·

2170 1381 2309 1437 8680
2350 1374 2686 1453 Παραλαϐὼν
2717 1379 2943 1442 τούτους
2970 1401 3029 1435 τε
3056 1381 3263 1443 καὶτὰς
3296 1379 3574 1456 δυνάμεις,

2346 1464 2740 1536 Θεσσαλονίκην
2771 1462 3177 1539 καταλαμϐάνει
3214 1466 3396 1525 πόλιν.

2347 1556 2601 1619 Κάκεῖθεν
2634 1557 2765 1630 ἄρας
2795 1554 2847 1609 ἐν
2879 1553 3135 1627 Βοδηνῶν
3164 1558 3408 1634 φρουρίῳ

2346 1645 2731 1719 Ἀνακτορικὰς
2762 1645 2961 1713 σκηνὰς
2992 1642 3357 1719 ἐγκαθιδρύει,

2344 1732 2446 1789 Καὶ
2477 1736 2640 1787 τοῦτο
2669 1733 2862 1805 πορθεῖ
2895 1738 3168 1807 μηχαναῖς
3199 1734 3286 1788 καὶ
3319 1735 3412 1788 σὺν
3457 1735 3665 1810 χρόνῳ.

2009 1785 2013 1788 ’
2089 1841 2136 1904 Β
2164 1822 2306 1877 8685
2343 1785 2518 1897 me.
2554 1785 2602 1875 δέ
2630 1785 2870 1893 ἀποδρὰς
2895 1785 3175 1895 biiugo;
3202 1785 3494 1899 sane;

2342 1909 2448 1965 Καὶ
2478 1913 2558 1979 τῷ
2588 1908 2823 1983 Μιχαὴλ
2855 1907 3087 1982 δεσπότῃ
3117 1909 3450 1986 προσερῥύη.

2344 1998 2474 2052 Εἶτα
2508 1997 2760 2073 βασιλεὺς
2792 1994 3091 2073 Ὀστροϐοὖ
3122 2000 3308 2075 φθάνει
3340 1999 3566 2070 λίμνην,

2345 2085 2444 2141 Καὶ
2472 2087 2726 2161 στρατιὰν
2757 2086 3012 2161 πέπομφε
3035 2088 3173 2142 κατά
3202 2084 3485 2147 δεσπότου.

2346 2177 2496 2231 Μετὰ
2526 2172 2583 2229 δὲ
2616 2175 2806 2248 μικρὸν
2837 2175 2983 2250 παρά
3010 2179 3180 2230 πᾶσαν
3213 2173 3411 2231 ἐλπίδα

2165 2265 2306 2321 8690
2345 2262 2719 2339 Προσελθέτην
2753 2261 2940 2318 ἄνακτι
2969 2259 3183 2326 Γλαϐἆς
3214 2265 3526 2336 τούπίκλην

2344 2354 2440 2409 Ἐκ
2472 2351 2791 2426 Καστορίας,
2825 2349 3088 2427 ἀγγελεὺς
3115 2356 3223 2407 τῶν
3257 2352 3605 2426 κρειττόνων,

2343 2442 2437 2495 Καὶ
2468 2440 2806 2518 Πετραλίφας
2836 2441 3060 2515 εὐγενῶν
3091 2445 3197 2495 τῶν
3232 2441 3284 2496 ἐν
3311 2441 3480 2510 τέλει,

2342 2524 2591 2604 Γαμϐρὸς
2621 2530 2850 2603 Τορνίκη
2882 2529 3172 2604 τυγχάνων
3206 2531 3553 2607 Δημητρίου,

2341 2615 2773 2692 Γυναικάδελφος
2803 2616 3038 2692 Μιχαὴλ
3067 2622 3164 2674 τοῦ
3196 2616 3481 2676 δεσπότου.

2160 2718 2302 2773 8695
2337 2721 2423 2777 Ὠς
2454 2716 2547 2770 οὗν
2577 2714 2859 2790 προσῆλθε
2891 2715 3104 2791 βασιλεῖ
3144 2714 3485 2793 ΙΙετραλίφας

2341 2803 2510 2859 Αὐτόν
2543 2824 2601 2858 τε
2632 2810 2803 2879 χαρᾶς
2832 2802 3130 2877 ἐμπιμπλᾷ
3161 2802 3466 2879 στράτευμά
3493 2824 3570 2860 τε·

2340 2891 2513 2956 Εὐθὺς
2542 2890 2850 2967 προσεῤῥύη
2884 2892 2989 2966 γὰρ
3019 2895 3054 2961 ἡ
3088 2891 3356 2964 Καστορία

2338 2981 2434 3036 Καὶ
2465 2983 2530 3036 τὰ
2558 2980 2710 3054 πέριξ
2742 2981 2948 3035 ἅπαντα
2978 2980 3069 3034 σὺν
3104 2976 3385 3037 Δεαϐόλει.

2337 3071 2438 3127 Καὶ
2472 3068 2751 3141 Γολεάμος
2782 3064 3064 3124 ’Δλϐανῶν
3098 3072 3173 3131 εἷς
3204 3068 3434 3143 ἐντίμων

2081 3193 2125 3261 C
2160 3162 2302 3216 8700
2340 3157 2948 3261 Aﬁtave¢t&v,Eipﬁv12¢
2981 3155 3263 3261 EamllSoc

2342 3247 2602 3302 Σόνευνον
2634 3246 2838 3321 αὐχῶν,
2872 3246 2949 3309 είς
2981 3245 3166 3320 ὅμηρα
3196 3245 3379 3323 φιλίας

2338 3338 2627 3410 Γράμμασι
2656 3334 2916 3403 πεισθεὶς,
2951 3334 3379 3410 αὐτεπάγγελτος
3405 3337 3613 3413 φθάνεν

2336 3424 2545 3496 Οὕσπερ
2574 3425 2892 3498 κρατάρχης
2925 3423 3163 3496 εὐμενως
3196 3421 3515 3498 δεδεγμένος

2337 3511 2581 3572 ΙΙολλαῖς
2610 3509 2922 3584 ἐδωρήσατο
2953 3518 3072 3573 ταῖς
3100 3512 3395 3575 εὐποιίαις.

2157 3603 2297 3656 8705
2336 3602 2498 3657 Ταῦτ’
2529 3602 2629 3675 ἄρα
2664 3602 2848 3670 μαθὼν
2882 3599 3118 3675 Μιχαὴλ
3152 3603 3179 3656 ὁ
3212 3598 3481 3673 δεσπότης

2332 3694 2582 3764 Ἔπεμψε
2610 3685 2881 3763 πρέσϐεις,
2913 3692 3150 3764 ποιμένα
3178 3692 3557 3763 Ναυπακτίων,

2334 3777 2688 3850 Μαλιασηνὸν
2719 3778 2909 3855 εὐγενῆ
2942 3779 3030 3834 καὶ
3065 3781 3356 3853 Λαμπέττ,ν

2333 3868 2474 3943 Πρὸς
2509 3869 2599 3923 τὸν
2631 3869 2956 3943 κρατοῦντα,
2985 3868 3074 3923 καὶ
3110 3873 3322 3933 τιθοῦσι
3356 3867 3657 3943 συμϐάσεις

2330 3958 2432 4014 Καὶ
2462 3958 2783 4033 παραχωρεῖ
2816 3955 3045 4031 Μιχαὴλ
3070 3962 3168 4013 τοῦ
3200 3957 3545 4033 Πριλλάπου,

2150 4059 2292 4114 8710
2328 4060 2618 4125 ΒεΛεσσοῦ,
2649 4060 2833 4131 Κροῶν
2868 4056 3066 4110 ἀστέων
3100 4053 3448 4134 στεφηφόρῳ.

2327 4146 2436 4201 Εἶτ’
2466 4145 2725 4222 ἀσφαλεῖς
2749 4144 2959 4215 τίθησιν
2993 4143 3190 4215 ὅρκους
3223 4143 3528 4224 ἐγγράφως.

2329 4235 2424 4288 Καὶ
2456 4232 2688 4309 Μιχαὴλ
2719 4232 3002 4310 πέπομφεν
3030 4234 3152 4303 ἄναξ
3184 4231 3416 4308 δεσπότῃ

2327 4323 2404 4376 Δι’
2434 4321 2734 4396 ἂρχιθότου
2766 4327 2935 4376 Φωκᾶ
2964 4320 3390 4400 Φιλαδελφείας,

2323 4409 2551 4466 Ἰσακίου
2584 4409 2758 4465 Δοόκα
2785 4430 2843 4463 τε
2867 4410 2957 4464 καὶ
2986 4408 3198 4477 Ὑαλέα,

2147 4500 2289 4554 8715
2326 4496 2393 4554 Ο¹ἷ
2425 4499 2563 4572 πρὸς
2596 4497 2831 4573 Λαρίσσῃ
2863 4497 3097 4573 Μιχαὴλ
3130 4498 3439 4571 εὑρηκότες,

2065 4553 2115 4620 D
2158 4553 2168 4554 ὲ
2264 4553 2273 4554 7
2327 4553 2573 4649 Enovade
2601 4553 2997 4659 «enlnp'tbxacﬂn
3028 4553 3266 4661 καθάπερ
3291 4553 3438 4641 έδέρᾇῖ

2320 4681 2543 4729 Ἔπειτα
2570 4672 2738 4729 παῖδα
2766 4671 2924 4728 τοῦδε
2945 4675 3035 4729 τὸν
3064 4675 3376 4752 Νικηφόρον

2322 4758 2735 4836 Παραλαϐόντες
2764 4764 2854 4817 καὶ
2891 4764 3007 4835 μετ’
3039 4763 3202 4818 αὐτοῦ
3234 4760 3281 4817 δ’
3312 4762 3375 4818 αὖ
3406 4764 3571 4820 πάλιν

2319 4852 2427 4908 Τὸν
2458 4849 2721 4926 “Λγγελον
2756 4848 2977 4923 δέσμιον
3012 4852 3086 4913 ὡς
3118 4850 3497 4928 φαυλεργάτην

2141 4949 2282 5004 8720
2321 4948 2480 5010 Αὖθις
2510 4946 2901 5022 ὑποστρέφουσι
2933 4948 3070 5022 πρὸς
3101 4946 3343 5021 βασιλέα.

2314 5039 2457 5107 Τιμᾷ
2488 5032 2534 5089 δ’
2567 5036 2595 5089 ὁ
2625 5039 2837 5110 κρατῶν
2872 5034 2992 5107 ἄξια
3018 5039 3115 5089 τοῦ
3148 5032 3431 5107 δεσπότου,

2316 5124 2422 5180 Τὸν
2451 5127 2548 5178 τοῦ
2579 5121 2811 5198 Μιχαὴλ
2840 5120 3008 5177 παῖδα
3036 5123 3128 5177 τὸν
3159 5124 3496 5201 Νικηφόρον.

2314 5210 2471 5268 Οὕτω
2501 5211 2730 5287 περάνας
2760 5211 2828 5265 τὰ
2855 5211 2990 5285 πρὸς
3020 5210 3241 5284 ἑσπέραν
3268 5215 3509 5289 κράτωρ,

2314 5300 2419 5356 Κάν
2451 5305 2566 5361 τοῖς
2603 5297 2847 5374 βοδηνῶν
2879 5301 3292 5375 παραχειμάσας
3322 5302 3537 5370 τόποις,

2136 5389 2277 5445 8725
2316 5391 2483 5462 Ἠρος
2516 5389 2770 5466 φανέντος
2793 5386 3107 5443 καταλιπὼν
3139 5389 3327 5453 αὐτόθι

2314 5477 2575 5531 Πλεῖστον
2605 5482 2877 5551 στρατιᾶς,
2907 5476 2998 5530 σὺν
3033 5475 3280 5539 ὁπλίταις
3316 5480 3527 5552 μετρίοι
3553 5504 3569 5552 ;

2313 5565 2539 5637 Βλέψων
2572 5565 2733 5636 ἀπῄει
2765 5566 3106 5640 προσρυέντα
3135 5565 3427 5640 φρουρίων*

2313 5653 2535 5730 Ἀφῖκτο
2567 5652 2760 5709 λοιπὸν
2794 5652 2870 5719 εἷς
2898 5651 3171 5728 Λυχνιδὸν
3200 5655 3300 5724 τὴν
3341 5654 3527 5729 πόλιν,

3718 365 3828 421 320
