  <div class='ocr_page' id='page_1' title='image "/cluster/home/n/w/nwhite01/storage/ocr_20150623/143/mdp.39015078384784/169.png"; bbox 0 0 4136 6292; ppageno 0'>
   <div class='ocr_carea' id='block_1_1' title="bbox 454 380 3840 439">
    <p class='ocr_par' dir='ltr' id='par_1_1' title="bbox 454 380 3840 439">
     <span class='ocr_line' id='line_1_1' title="bbox 454 380 3840 439; baseline 0.001 -7"><span class='ocrx_word' id='word_1_1' title='bbox 454 380 559 433; x_wconf 81' lang='lat'><strong>323</strong></span> <span class='ocrx_word' id='word_1_2' title='bbox 1667 382 2035 436; x_wconf 72' lang='lat' dir='ltr'><strong>EPHREMII</strong></span> <span class='ocrx_word' id='word_1_3' title='bbox 2070 380 2641 437; x_wconf 80' lang='lat' dir='ltr'><strong>CHRONOGRAPHI</strong></span> <span class='ocrx_word' id='word_1_4' title='bbox 3733 384 3840 439; x_wconf 79' lang='grc'><strong>324</strong></span> 
     </span>
    </p>
   </div>
   <div class='ocr_carea' id='block_1_2' title="bbox 454 502 2087 581">
    <p class='ocr_par' dir='ltr' id='par_1_2' title="bbox 454 503 1566 573">
     <span class='ocr_line' id='line_1_2' title="bbox 454 503 1566 573; baseline -0.001 -15"><span class='ocrx_word' id='word_1_5' title='bbox 454 506 619 558; x_wconf 91' lang='lat' dir='ltr'><strong>Tunc</strong></span> <span class='ocrx_word' id='word_1_6' title='bbox 650 504 757 559; x_wconf 87' lang='lat' dir='ltr'><strong>iste</strong></span> <span class='ocrx_word' id='word_1_7' title='bbox 788 503 987 558; x_wconf 61' lang='lat' dir='ltr'><strong>eadem</strong></span> <span class='ocrx_word' id='word_1_8' title='bbox 1020 520 1195 573; x_wconf 83' lang='lat' dir='ltr'><strong>super</strong></span> <span class='ocrx_word' id='word_1_9' title='bbox 1224 518 1284 557; x_wconf 89' lang='lat' dir='ltr'><strong>se</strong></span> <span class='ocrx_word' id='word_1_10' title='bbox 1312 508 1566 573; x_wconf 79' lang='lat' dir='ltr'><strong>rogatur,</strong></span> 
     </span>
    </p>
   </div>
   <div class='ocr_carea' id='block_1_3' title="bbox 1862 502 3495 581">
    <p class='ocr_par' dir='ltr' id='par_1_3' title="bbox 2121 502 3495 581">
     <span class='ocr_line' id='line_1_3' title="bbox 2121 502 3495 581; baseline 0.001 -25"><span class='ocrx_word' id='word_1_11' title='bbox 2121 518 2174 581; x_wconf 72' lang='grc' dir='ltr'>Α</span> <span class='ocrx_word' id='word_1_12' title='bbox 2382 502 2475 557; x_wconf 81' lang='grc' dir='ltr'><strong>Καὶ</strong></span> <span class='ocrx_word' id='word_1_13' title='bbox 2508 504 2672 558; x_wconf 87' lang='grc' dir='ltr'>πάλιν</span> <span class='ocrx_word' id='word_1_14' title='bbox 2704 507 2954 580; x_wconf 82' lang='grc' dir='ltr'>ὴρωτᾶτο</span> <span class='ocrx_word' id='word_1_15' title='bbox 2985 508 3079 559; x_wconf 78' lang='grc' dir='ltr'><strong>τοῦ</strong></span> <span class='ocrx_word' id='word_1_16' title='bbox 3111 502 3280 577; x_wconf 88' lang='grc' dir='ltr'>λόγου</span> <span class='ocrx_word' id='word_1_17' title='bbox 3312 506 3495 578; x_wconf 81' lang='grc' dir='ltr'>χάριν,</span> 
     </span>
    </p>
   </div>
   <div class='ocr_carea' id='block_1_4' title="bbox 454 589 2087 667">
    <p class='ocr_par' dir='ltr' id='par_1_4' title="bbox 454 592 1578 663">
     <span class='ocr_line' id='line_1_4' title="bbox 454 592 1578 663; baseline -0.001 -16"><span class='ocrx_word' id='word_1_18' title='bbox 454 592 552 663; x_wconf 88' lang='lat' dir='ltr'><strong>qui</strong></span> <span class='ocrx_word' id='word_1_19' title='bbox 586 592 884 663; x_wconf 82' lang='lat' dir='ltr'><strong>superiore</strong></span> <span class='ocrx_word' id='word_1_20' title='bbox 916 596 1191 647; x_wconf 80' lang='lat' dir='ltr'><strong>constans</strong></span> <span class='ocrx_word' id='word_1_21' title='bbox 1223 593 1278 645; x_wconf 92' lang='lat' dir='ltr'><strong>in</strong></span> <span class='ocrx_word' id='word_1_22' title='bbox 1310 608 1578 647; x_wconf 91' lang='lat' dir='ltr'><strong>sermone</strong></span> 
     </span>
    </p>
   </div>
   <div class='ocr_carea' id='block_1_5' title="bbox 2206 589 3839 667">
    <p class='ocr_par' dir='ltr' id='par_1_5' title="bbox 2375 589 3839 667">
     <span class='ocr_line' id='line_1_5' title="bbox 2375 589 3839 667; baseline 0.003 -24"><span class='ocrx_word' id='word_1_23' title='bbox 2375 596 2429 643; x_wconf 90' lang='grc' dir='ltr'>Ὁ</span> <span class='ocrx_word' id='word_1_24' title='bbox 2486 589 2531 645; x_wconf 88' lang='grc' dir='ltr'>δ’</span> <span class='ocrx_word' id='word_1_25' title='bbox 2587 591 2835 665; x_wconf 62' lang='grc' dir='ltr'>ἐμμένων</span> <span class='ocrx_word' id='word_1_26' title='bbox 2894 594 2959 661; x_wconf 62' lang='grc' dir='ltr'>ἦν</span> <span class='ocrx_word' id='word_1_27' title='bbox 3019 599 3135 655; x_wconf 84' lang='grc' dir='ltr'>τοῖς</span> <span class='ocrx_word' id='word_1_28' title='bbox 3193 594 3318 667; x_wconf 80' lang='grc' dir='ltr'>πρὶν</span> <span class='ocrx_word' id='word_1_29' title='bbox 3379 592 3485 667; x_wconf 88' lang='grc' dir='ltr'>οὐχ</span> <span class='ocrx_word' id='word_1_30' title='bbox 3534 593 3698 660; x_wconf 81' lang='grc' dir='ltr'>ἧττον</span> <span class='ocrx_word' id='word_1_31' title='bbox 3741 593 3839 650; x_wconf 88' lang='grc' dir='ltr'>λό-</span> 
     </span>
    </p>
   </div>
   <div class='ocr_carea' id='block_1_6' title="bbox 3601 683 3764 758">
    <p class='ocr_par' dir='ltr' id='par_1_6' title="bbox 3601 683 3764 758">
     <span class='ocr_line' id='line_1_6' title="bbox 3601 683 3764 758; baseline -0.006 -2"><span class='ocrx_word' id='word_1_32' title='bbox 3601 683 3764 758; x_wconf 82' lang='grc' dir='ltr'>[γοις,</span> 
     </span>
    </p>
   </div>
   <div class='ocr_carea' id='block_1_7' title="bbox 454 769 2087 846">
    <p class='ocr_par' dir='ltr' id='par_1_7' title="bbox 454 771 1522 826">
     <span class='ocr_line' id='line_1_7' title="bbox 454 771 1522 826; baseline 0 -2"><span class='ocrx_word' id='word_1_33' title='bbox 454 773 529 824; x_wconf 76' lang='lat' dir='ltr'><strong>rei</strong></span> <span class='ocrx_word' id='word_1_34' title='bbox 570 772 907 826; x_wconf 89' lang='lat' dir='ltr'><strong>Michaelem</strong></span> <span class='ocrx_word' id='word_1_35' title='bbox 944 771 1190 825; x_wconf 85' lang='lat' dir='ltr'><strong>inscium</strong></span> <span class='ocrx_word' id='word_1_36' title='bbox 1228 771 1478 824; x_wconf 84' lang='lat' dir='ltr'><strong>afﬁrmat</strong></span> <span class='ocrx_word' id='word_1_37' title='bbox 1511 788 1522 824; x_wconf 93' lang='lat'>:</span> 
     </span>
    </p>
   </div>
   <div class='ocr_carea' id='block_1_8' title="bbox 1842 769 3475 846">
    <p class='ocr_par' dir='ltr' id='par_1_8' title="bbox 2200 769 3475 846">
     <span class='ocr_line' id='line_1_8' title="bbox 2200 769 3475 846; baseline 0.002 -24"><span class='ocrx_word' id='word_1_38' title='bbox 2200 769 2341 824; x_wconf 88' lang='grc'><strong>8790</strong></span> <span class='ocrx_word' id='word_1_39' title='bbox 2375 770 2582 831; x_wconf 85' lang='grc' dir='ltr'>Ἀθῶον</span> <span class='ocrx_word' id='word_1_40' title='bbox 2612 771 2743 824; x_wconf 71' lang='grc' dir='ltr'>εἶναι</span> <span class='ocrx_word' id='word_1_41' title='bbox 2776 771 3008 845; x_wconf 83' lang='grc' dir='ltr'>Μιχαὴλ</span> <span class='ocrx_word' id='word_1_42' title='bbox 3043 770 3255 846; x_wconf 81' lang='grc' dir='ltr'>φάσκων</span> <span class='ocrx_word' id='word_1_43' title='bbox 3290 769 3475 844; x_wconf 87' lang='grc' dir='ltr'>λόγου·</span> 
     </span>
    </p>
   </div>
   <div class='ocr_carea' id='block_1_9' title="bbox 455 858 2088 935">
    <p class='ocr_par' dir='ltr' id='par_1_9' title="bbox 455 858 1785 930">
     <span class='ocr_line' id='line_1_9' title="bbox 455 858 1785 930; baseline 0 -17"><span class='ocrx_word' id='word_1_44' title='bbox 455 862 832 930; x_wconf 81' lang='lat' dir='ltr'><strong>quamobrem</strong></span> <span class='ocrx_word' id='word_1_45' title='bbox 868 858 1061 928; x_wconf 84' lang='lat' dir='ltr'><strong>gladio</strong></span> <span class='ocrx_word' id='word_1_46' title='bbox 1088 858 1470 914; x_wconf 85' lang='lat' dir='ltr'><strong>decollandus</strong></span> <span class='ocrx_word' id='word_1_47' title='bbox 1499 858 1785 928; x_wconf 79' lang='lat' dir='ltr'><strong>traditur;</strong></span> 
     </span>
    </p>
   </div>
   <div class='ocr_carea' id='block_1_10' title="bbox 1807 858 3440 935">
    <p class='ocr_par' dir='ltr' id='par_1_10' title="bbox 2376 859 3440 935">
     <span class='ocr_line' id='line_1_10' title="bbox 2376 859 3440 935; baseline 0.002 -24"><span class='ocrx_word' id='word_1_48' title='bbox 2376 860 2529 921; x_wconf 84' lang='grc' dir='ltr'>Ὅθεν</span> <span class='ocrx_word' id='word_1_49' title='bbox 2560 861 2912 931; x_wconf 69' lang='grc' dir='ltr'>κατακέκριτο</span> <span class='ocrx_word' id='word_1_50' title='bbox 2943 862 3119 914; x_wconf 81' lang='grc' dir='ltr'>θανεῖν</span> <span class='ocrx_word' id='word_1_51' title='bbox 3152 859 3210 913; x_wconf 76' lang='grc' dir='ltr'>ἐκ</span> <span class='ocrx_word' id='word_1_52' title='bbox 3240 859 3440 935; x_wconf 83' lang='grc' dir='ltr'>ξίφους·</span> 
     </span>
    </p>
   </div>
   <div class='ocr_carea' id='block_1_11' title="bbox 453 947 2086 1025">
    <p class='ocr_par' dir='ltr' id='par_1_11' title="bbox 453 950 1804 1023">
     <span class='ocr_line' id='line_1_11' title="bbox 453 950 1804 1023; baseline -0.002 -15"><span class='ocrx_word' id='word_1_53' title='bbox 453 954 768 1023; x_wconf 73' lang='lat' dir='ltr'><strong>statimque</strong></span> <span class='ocrx_word' id='word_1_54' title='bbox 800 951 1011 1006; x_wconf 88' lang='lat' dir='ltr'><strong>vinctis</strong></span> <span class='ocrx_word' id='word_1_55' title='bbox 1044 952 1339 1016; x_wconf 89' lang='lat' dir='ltr'><strong>manibus,</strong></span> <span class='ocrx_word' id='word_1_56' title='bbox 1368 951 1570 1005; x_wconf 81' lang='lat' dir='ltr'><strong>velatis</strong></span> <span class='ocrx_word' id='word_1_57' title='bbox 1600 950 1804 1016; x_wconf 89' lang='lat' dir='ltr'><strong>oculis,</strong></span> 
     </span>
    </p>
   </div>
   <div class='ocr_carea' id='block_1_12' title="bbox 1712 947 3345 1025">
    <p class='ocr_par' dir='ltr' id='par_1_12' title="bbox 1713 947 3345 1025">
     <span class='ocr_line' id='line_1_12' title="bbox 1713 947 3345 1025; baseline -0.002 -20"><span class='ocrx_word' id='word_1_58' title='bbox 1713 950 1804 1016; x_wconf 88' lang='lat' dir='ltr'><strong>lis,</strong></span> <span class='ocrx_word' id='word_1_59' title='bbox 2378 948 2554 1008; x_wconf 83' lang='grc' dir='ltr'>Δεθεὶς</span> <span class='ocrx_word' id='word_1_60' title='bbox 2586 948 2677 1001; x_wconf 82' lang='grc' dir='ltr'><strong>οὗν</strong></span> <span class='ocrx_word' id='word_1_61' title='bbox 2710 950 2794 1002; x_wconf 77' lang='grc' dir='ltr'><strong>καὶ</strong></span> <span class='ocrx_word' id='word_1_62' title='bbox 2828 947 3121 1025; x_wconf 85' lang='grc' dir='ltr'>καλυφθεὶς</span> <span class='ocrx_word' id='word_1_63' title='bbox 3143 948 3211 1002; x_wconf 83' lang='grc' dir='ltr'>τὰ</span> <span class='ocrx_word' id='word_1_64' title='bbox 3239 948 3345 1025; x_wconf 83' lang='grc' dir='ltr'>φάη</span> 
     </span>
    </p>
   </div>
   <div class='ocr_carea' id='block_1_13' title="bbox 445 1033 2078 1112">
    <p class='ocr_par' dir='ltr' id='par_1_13' title="bbox 445 1038 1626 1112">
     <span class='ocr_line' id='line_1_13' title="bbox 445 1038 1626 1112; baseline -0.002 -17"><span class='ocrx_word' id='word_1_65' title='bbox 445 1042 671 1112; x_wconf 84' lang='lat' dir='ltr'><strong>judicio</strong></span> <span class='ocrx_word' id='word_1_66' title='bbox 704 1042 921 1110; x_wconf 81' lang='lat' dir='ltr'><strong>injuste</strong></span> <span class='ocrx_word' id='word_1_67' title='bbox 954 1040 1025 1095; x_wconf 87' lang='lat' dir='ltr'><strong>ad</strong></span> <span class='ocrx_word' id='word_1_68' title='bbox 1058 1056 1255 1093; x_wconf 87' lang='lat' dir='ltr'><strong>necem</strong></span> <span class='ocrx_word' id='word_1_69' title='bbox 1289 1038 1626 1093; x_wconf 84' lang='lat' dir='ltr'><strong>ducebatur.</strong></span> 
     </span>
    </p>
   </div>
   <div class='ocr_carea' id='block_1_14' title="bbox 1762 1033 3395 1112">
    <p class='ocr_par' dir='ltr' id='par_1_14' title="bbox 2376 1033 3395 1109">
     <span class='ocr_line' id='line_1_14' title="bbox 2376 1033 3395 1109; baseline 0.006 -22"><span class='ocrx_word' id='word_1_70' title='bbox 2376 1035 2628 1109; x_wconf 78' lang='grc' dir='ltr'>Ἀπήγετ’</span> <span class='ocrx_word' id='word_1_71' title='bbox 2658 1035 2731 1097; x_wconf 78' lang='grc' dir='ltr'><strong>είς</strong></span> <span class='ocrx_word' id='word_1_72' title='bbox 2760 1037 2978 1090; x_wconf 87' lang='grc' dir='ltr'>θάνατον</span> <span class='ocrx_word' id='word_1_73' title='bbox 3010 1033 3179 1107; x_wconf 85' lang='grc' dir='ltr'>ἀδίκῳ</span> <span class='ocrx_word' id='word_1_74' title='bbox 3205 1035 3395 1107; x_wconf 85' lang='grc' dir='ltr'>κρίσει.</span> 
     </span>
    </p>
   </div>
   <div class='ocr_carea' id='block_1_15' title="bbox 451 1119 2084 1199">
    <p class='ocr_par' dir='ltr' id='par_1_15' title="bbox 451 1128 1641 1198">
     <span class='ocr_line' id='line_1_15' title="bbox 451 1128 1641 1198; baseline -0.003 -12"><span class='ocrx_word' id='word_1_75' title='bbox 451 1132 562 1186; x_wconf 81' lang='lat' dir='ltr'><strong>Sed</strong></span> <span class='ocrx_word' id='word_1_76' title='bbox 598 1147 728 1186; x_wconf 85' lang='lat' dir='ltr'><strong>eum</strong></span> <span class='ocrx_word' id='word_1_77' title='bbox 758 1129 1036 1184; x_wconf 87' lang='lat' dir='ltr'><strong>cervicem</strong></span> <span class='ocrx_word' id='word_1_78' title='bbox 1065 1129 1183 1198; x_wconf 88' lang='lat' dir='ltr'><strong>jam</strong></span> <span class='ocrx_word' id='word_1_79' title='bbox 1219 1128 1449 1183; x_wconf 78' lang='lat' dir='ltr'><strong>offerret</strong></span> <span class='ocrx_word' id='word_1_80' title='bbox 1480 1128 1641 1195; x_wconf 82' lang='lat' dir='ltr'><strong>ictui,</strong></span> 
     </span>
    </p>
   </div>
   <div class='ocr_carea' id='block_1_16' title="bbox 1877 1119 3510 1199">
    <p class='ocr_par' dir='ltr' id='par_1_16' title="bbox 2376 1119 3510 1199">
     <span class='ocr_line' id='line_1_16' title="bbox 2376 1119 3510 1199; baseline 0.002 -24"><span class='ocrx_word' id='word_1_81' title='bbox 2376 1119 2692 1196; x_wconf 75' lang='grc' dir='ltr'>Προῦτεινεν</span> <span class='ocrx_word' id='word_1_82' title='bbox 2724 1124 2925 1199; x_wconf 71' lang='grc' dir='ltr'>αὐχένα</span> <span class='ocrx_word' id='word_1_83' title='bbox 2957 1122 3012 1179; x_wconf 77' lang='grc' dir='ltr'>δὲ</span> <span class='ocrx_word' id='word_1_84' title='bbox 3042 1122 3287 1193; x_wconf 82' lang='grc' dir='ltr'>δέξασθαι</span> <span class='ocrx_word' id='word_1_85' title='bbox 3322 1124 3510 1196; x_wconf 82' lang='grc' dir='ltr'>μόρον·</span> 
     </span>
    </p>
   </div>
   <div class='ocr_carea' id='block_1_17' title="bbox 450 1218 2083 1296">
    <p class='ocr_par' dir='ltr' id='par_1_17' title="bbox 450 1218 1493 1289">
     <span class='ocr_line' id='line_1_17' title="bbox 450 1218 1493 1289; baseline -0.001 -16"><span class='ocrx_word' id='word_1_86' title='bbox 450 1222 845 1289; x_wconf 75' lang='lat' dir='ltr'><strong>interrogatur</strong></span> <span class='ocrx_word' id='word_1_87' title='bbox 874 1234 1080 1272; x_wconf 85' lang='lat' dir='ltr'><strong>rursus</strong></span> <span class='ocrx_word' id='word_1_88' title='bbox 1113 1234 1144 1270; x_wconf 88' lang='lat' dir='ltr'><strong>a</strong></span> <span class='ocrx_word' id='word_1_89' title='bbox 1177 1218 1447 1272; x_wconf 92' lang='lat' dir='ltr'><strong>carniﬁce</strong></span> <span class='ocrx_word' id='word_1_90' title='bbox 1480 1234 1493 1272; x_wconf 92' lang='lat'>:</span> 
     </span>
    </p>
   </div>
   <div class='ocr_carea' id='block_1_18' title="bbox 1747 1218 3380 1296">
    <p class='ocr_par' dir='ltr' id='par_1_18' title="bbox 2195 1219 3380 1296">
     <span class='ocr_line' id='line_1_18' title="bbox 2195 1219 3380 1296; baseline 0.001 -24"><span class='ocrx_word' id='word_1_91' title='bbox 2195 1220 2336 1273; x_wconf 85' lang='lat'>8795</span> <span class='ocrx_word' id='word_1_92' title='bbox 2383 1220 2477 1275; x_wconf 72' lang='grc' dir='ltr'><strong>Καὶ</strong></span> <span class='ocrx_word' id='word_1_93' title='bbox 2510 1221 2673 1274; x_wconf 77' lang='grc' dir='ltr'>πάλιν</span> <span class='ocrx_word' id='word_1_94' title='bbox 2705 1222 2953 1296; x_wconf 84' lang='grc' dir='ltr'>ἠρωτᾶτο</span> <span class='ocrx_word' id='word_1_95' title='bbox 2984 1222 3128 1294; x_wconf 86' lang='grc' dir='ltr'><strong>παρὰ</strong></span> <span class='ocrx_word' id='word_1_96' title='bbox 3158 1219 3380 1292; x_wconf 86' lang='grc' dir='ltr'>δημίου·</span> 
     </span>
    </p>
   </div>
   <div class='ocr_carea' id='block_1_19' title="bbox 451 1305 2084 1383">
    <p class='ocr_par' dir='ltr' id='par_1_19' title="bbox 451 1305 1819 1375">
     <span class='ocr_line' id='line_1_19' title="bbox 451 1305 1819 1375; baseline -0.004 -12"><span class='ocrx_word' id='word_1_97' title='bbox 451 1310 625 1363; x_wconf 85' lang='lat' dir='ltr'><strong>homo</strong></span> <span class='ocrx_word' id='word_1_98' title='bbox 656 1312 993 1361; x_wconf 78' lang='lat' dir='ltr'><strong>constanter</strong></span> <span class='ocrx_word' id='word_1_99' title='bbox 1022 1306 1210 1359; x_wconf 87' lang='lat' dir='ltr'><strong>adhuc</strong></span> <span class='ocrx_word' id='word_1_100' title='bbox 1243 1311 1298 1359; x_wconf 90' lang='lat' dir='ltr'><strong>et</strong></span> <span class='ocrx_word' id='word_1_101' title='bbox 1329 1310 1523 1360; x_wconf 86' lang='lat' dir='ltr'><strong>sancte</strong></span> <span class='ocrx_word' id='word_1_102' title='bbox 1554 1305 1819 1375; x_wconf 89' lang='lat' dir='ltr'><strong>dejerans</strong></span> 
     </span>
    </p>
   </div>
   <div class='ocr_carea' id='block_1_20' title="bbox 1784 1305 3417 1383">
    <p class='ocr_par' dir='ltr' id='par_1_20' title="bbox 1792 1306 3417 1383">
     <span class='ocr_line' id='line_1_20' title="bbox 1792 1306 3417 1383; baseline 0.002 -25"><span class='ocrx_word' id='word_1_103' title='bbox 1792 1322 1819 1358; x_wconf 87' lang='lat'><strong>8</strong></span> <span class='ocrx_word' id='word_1_104' title='bbox 2372 1308 2430 1363; x_wconf 86' lang='grc' dir='ltr'>Ὁ</span> <span class='ocrx_word' id='word_1_105' title='bbox 2462 1306 2507 1361; x_wconf 89' lang='grc' dir='ltr'>δ’</span> <span class='ocrx_word' id='word_1_106' title='bbox 2540 1309 2928 1381; x_wconf 81' lang='grc' dir='ltr'>ἀμετακίνητος</span> <span class='ocrx_word' id='word_1_107' title='bbox 2956 1311 3021 1377; x_wconf 72' lang='grc' dir='ltr'>ἦν</span> <span class='ocrx_word' id='word_1_108' title='bbox 3058 1307 3417 1383; x_wconf 72' lang='grc' dir='ltr'><strong>δεδογμένων,</strong></span> 
     </span>
    </p>
   </div>
   <div class='ocr_carea' id='block_1_21' title="bbox 449 1393 2082 1474">
    <p class='ocr_par' dir='ltr' id='par_1_21' title="bbox 449 1393 1566 1451">
     <span class='ocr_line' id='line_1_21' title="bbox 449 1393 1566 1451; baseline -0.002 0"><span class='ocrx_word' id='word_1_109' title='bbox 449 1398 773 1451; x_wconf 86' lang='lat' dir='ltr'><strong>immunem</strong></span> <span class='ocrx_word' id='word_1_110' title='bbox 803 1394 1065 1449; x_wconf 86' lang='lat' dir='ltr'><strong>criminis</strong></span> <span class='ocrx_word' id='word_1_111' title='bbox 1096 1393 1436 1449; x_wconf 87' lang='lat' dir='ltr'><strong>Michaelem</strong></span> <span class='ocrx_word' id='word_1_112' title='bbox 1469 1394 1566 1449; x_wconf 85' lang='lat' dir='ltr'><strong>ait.</strong></span> 
     </span>
    </p>
   </div>
   <div class='ocr_carea' id='block_1_22' title="bbox 1803 1393 3436 1474">
    <p class='ocr_par' dir='ltr' id='par_1_22' title="bbox 2372 1396 3436 1474">
     <span class='ocr_line' id='line_1_22' title="bbox 2372 1396 3436 1474; baseline -0.002 -22"><span class='ocrx_word' id='word_1_113' title='bbox 2372 1399 2593 1471; x_wconf 90' lang='grc' dir='ltr'>Ὃρκοις</span> <span class='ocrx_word' id='word_1_114' title='bbox 2623 1398 2811 1451; x_wconf 84' lang='grc' dir='ltr'>ἀθωῶν</span> <span class='ocrx_word' id='word_1_115' title='bbox 2838 1396 3070 1471; x_wconf 79' lang='grc' dir='ltr'><strong>Μιχαὴλ</strong></span> <span class='ocrx_word' id='word_1_116' title='bbox 3102 1396 3436 1474; x_wconf 80' lang='grc' dir='ltr'>φρικαλέοις·</span> 
     </span>
    </p>
   </div>
   <div class='ocr_carea' id='block_1_23' title="bbox 452 1482 2085 1560">
    <p class='ocr_par' dir='ltr' id='par_1_23' title="bbox 452 1482 1570 1555">
     <span class='ocr_line' id='line_1_23' title="bbox 452 1482 1570 1555; baseline -0.003 -15"><span class='ocrx_word' id='word_1_117' title='bbox 452 1488 678 1555; x_wconf 80' lang='lat' dir='ltr'><strong>lnjusto</strong></span> <span class='ocrx_word' id='word_1_118' title='bbox 712 1490 850 1539; x_wconf 91' lang='lat' dir='ltr'><strong>tunc</strong></span> <span class='ocrx_word' id='word_1_119' title='bbox 884 1483 1233 1537; x_wconf 81' lang='lat' dir='ltr'><strong>subducitur</strong></span> <span class='ocrx_word' id='word_1_120' title='bbox 1263 1482 1570 1554; x_wconf 90' lang='lat' dir='ltr'><strong>supplicio,</strong></span> 
     </span>
    </p>
   </div>
   <div class='ocr_carea' id='block_1_24' title="bbox 1914 1482 3547 1560">
    <p class='ocr_par' dir='ltr' id='par_1_24' title="bbox 2368 1482 3547 1560">
     <span class='ocr_line' id='line_1_24' title="bbox 2368 1482 3547 1560; baseline 0.001 -22"><span class='ocrx_word' id='word_1_121' title='bbox 2368 1482 2526 1539; x_wconf 85' lang='grc' dir='ltr'>Ἀλλ’</span> <span class='ocrx_word' id='word_1_122' title='bbox 2556 1483 2711 1546; x_wconf 78' lang='grc' dir='ltr'>οὗτος</span> <span class='ocrx_word' id='word_1_123' title='bbox 2742 1484 2968 1560; x_wconf 73' lang='grc' dir='ltr'>ἐῤῥύσθη</span> <span class='ocrx_word' id='word_1_124' title='bbox 3002 1487 3094 1559; x_wconf 74' lang='grc' dir='ltr'>μὲν</span> <span class='ocrx_word' id='word_1_125' title='bbox 3128 1483 3319 1540; x_wconf 82' lang='grc' dir='ltr'>ἀδίκου</span> <span class='ocrx_word' id='word_1_126' title='bbox 3355 1485 3547 1560; x_wconf 82' lang='grc' dir='ltr'><strong>μόρου,</strong></span> 
     </span>
    </p>
   </div>
   <div class='ocr_carea' id='block_1_25' title="bbox 449 1572 2082 1650">
    <p class='ocr_par' dir='ltr' id='par_1_25' title="bbox 449 1572 1527 1629">
     <span class='ocr_line' id='line_1_25' title="bbox 449 1572 1527 1629; baseline -0.001 -2"><span class='ocrx_word' id='word_1_127' title='bbox 449 1575 703 1629; x_wconf 78' lang='lat' dir='ltr'><strong>traditur</strong></span> <span class='ocrx_word' id='word_1_128' title='bbox 734 1577 920 1627; x_wconf 85' lang='lat' dir='ltr'><strong>tamen</strong></span> <span class='ocrx_word' id='word_1_129' title='bbox 953 1572 1197 1625; x_wconf 89' lang='lat' dir='ltr'><strong>carceris</strong></span> <span class='ocrx_word' id='word_1_130' title='bbox 1230 1572 1527 1626; x_wconf 64' lang='lat' dir='ltr'><strong>custodiae.</strong></span> 
     </span>
    </p>
   </div>
   <div class='ocr_carea' id='block_1_26' title="bbox 1811 1572 3444 1650">
    <p class='ocr_par' dir='ltr' id='par_1_26' title="bbox 2371 1572 3444 1650">
     <span class='ocr_line' id='line_1_26' title="bbox 2371 1572 3444 1650; baseline 0.003 -25"><span class='ocrx_word' id='word_1_131' title='bbox 2371 1575 2760 1648; x_wconf 79' lang='grc' dir='ltr'>Καθειργμένος</span> <span class='ocrx_word' id='word_1_132' title='bbox 2793 1573 2849 1628; x_wconf 77' lang='grc' dir='ltr'><strong>δὲ</strong></span> <span class='ocrx_word' id='word_1_133' title='bbox 2880 1572 3125 1650; x_wconf 88' lang='grc' dir='ltr'>φυλακὴν</span> <span class='ocrx_word' id='word_1_134' title='bbox 3170 1572 3444 1628; x_wconf 80' lang='grc' dir='ltr'>ὑπεισὲδυ·</span> 
     </span>
    </p>
   </div>
   <div class='ocr_carea' id='block_1_27' title="bbox 448 1658 2081 1737">
    <p class='ocr_par' dir='ltr' id='par_1_27' title="bbox 448 1658 1694 1729">
     <span class='ocr_line' id='line_1_27' title="bbox 448 1658 1694 1729; baseline -0.004 -13"><span class='ocrx_word' id='word_1_135' title='bbox 448 1664 698 1727; x_wconf 76' lang='lat' dir='ltr'><strong>Qurestio</strong></span> <span class='ocrx_word' id='word_1_136' title='bbox 731 1661 939 1715; x_wconf 90' lang='lat' dir='ltr'><strong>deinde</strong></span> <span class='ocrx_word' id='word_1_137' title='bbox 965 1660 1399 1729; x_wconf 82' lang='lat' dir='ltr'><strong>expleratioque</strong></span> <span class='ocrx_word' id='word_1_138' title='bbox 1431 1658 1694 1713; x_wconf 87' lang='lat' dir='ltr'><strong>criminis</strong></span> 
     </span>
    </p>
   </div>
   <div class='ocr_carea' id='block_1_28' title="bbox 1851 1658 3484 1737">
    <p class='ocr_par' dir='ltr' id='par_1_28' title="bbox 2192 1659 3484 1737">
     <span class='ocr_line' id='line_1_28' title="bbox 2192 1659 3484 1737; baseline 0 -22"><span class='ocrx_word' id='word_1_139' title='bbox 2192 1660 2334 1716; x_wconf 78' lang='lat'>8800</span> <span class='ocrx_word' id='word_1_140' title='bbox 2370 1662 2431 1717; x_wconf 87' lang='grc' dir='ltr'><strong>Ἦ</strong></span> <span class='ocrx_word' id='word_1_141' title='bbox 2466 1659 2511 1715; x_wconf 85' lang='grc' dir='ltr'>δ’</span> <span class='ocrx_word' id='word_1_142' title='bbox 2548 1661 2777 1731; x_wconf 71' lang='grc' dir='ltr'>ἐξέτασις</span> <span class='ocrx_word' id='word_1_143' title='bbox 2808 1663 2898 1716; x_wconf 82' lang='grc' dir='ltr'><strong>καὶ</strong></span> <span class='ocrx_word' id='word_1_144' title='bbox 2933 1662 3161 1737; x_wconf 86' lang='grc' dir='ltr'>βάσανος</span> <span class='ocrx_word' id='word_1_145' title='bbox 3190 1667 3287 1716; x_wconf 77' lang='grc' dir='ltr'><strong>τοῦ</strong></span> <span class='ocrx_word' id='word_1_146' title='bbox 3319 1660 3484 1735; x_wconf 83' lang='grc' dir='ltr'>λόγου</span> 
     </span>
    </p>
   </div>
   <div class='ocr_carea' id='block_1_29' title="bbox 447 1748 2080 1824">
    <p class='ocr_par' dir='ltr' id='par_1_29' title="bbox 447 1748 1576 1813">
     <span class='ocr_line' id='line_1_29' title="bbox 447 1748 1576 1813; baseline -0.006 -7"><span class='ocrx_word' id='word_1_147' title='bbox 447 1753 504 1806; x_wconf 88' lang='lat' dir='ltr'><strong>in</strong></span> <span class='ocrx_word' id='word_1_148' title='bbox 541 1750 874 1805; x_wconf 80' lang='lat' dir='ltr'><strong>Michaelem</strong></span> <span class='ocrx_word' id='word_1_149' title='bbox 910 1748 1150 1801; x_wconf 86' lang='lat' dir='ltr'><strong>vertitur</strong></span> <span class='ocrx_word' id='word_1_150' title='bbox 1180 1752 1535 1801; x_wconf 88' lang='lat' dir='ltr'><strong>Comnenum</strong></span> <span class='ocrx_word' id='word_1_151' title='bbox 1564 1764 1576 1813; x_wconf 93' lang='lat'>;</span> 
     </span>
    </p>
   </div>
   <div class='ocr_carea' id='block_1_30' title="bbox 1947 1748 3580 1824">
    <p class='ocr_par' dir='ltr' id='par_1_30' title="bbox 2370 1750 3580 1824">
     <span class='ocr_line' id='line_1_30' title="bbox 2370 1750 3580 1824; baseline 0.002 -22"><span class='ocrx_word' id='word_1_152' title='bbox 2370 1750 2508 1820; x_wconf 88' lang='grc' dir='ltr'>Πρὸς</span> <span class='ocrx_word' id='word_1_153' title='bbox 2540 1750 2629 1802; x_wconf 81' lang='grc' dir='ltr'>τὸν</span> <span class='ocrx_word' id='word_1_154' title='bbox 2663 1751 2950 1822; x_wconf 85' lang='grc' dir='ltr'>Κομνηνὸν</span> <span class='ocrx_word' id='word_1_155' title='bbox 2985 1750 3215 1824; x_wconf 81' lang='grc' dir='ltr'>Μιχαὴλ</span> <span class='ocrx_word' id='word_1_156' title='bbox 3252 1751 3580 1824; x_wconf 79' lang='grc' dir='ltr'>μετηνέχθη·</span> 
     </span>
    </p>
   </div>
   <div class='ocr_carea' id='block_1_31' title="bbox 447 1836 2080 1938">
    <p class='ocr_par' dir='ltr' id='par_1_31' title="bbox 447 1836 1646 1909">
     <span class='ocr_line' id='line_1_31' title="bbox 447 1836 1646 1909; baseline -0.005 -16"><span class='ocrx_word' id='word_1_157' title='bbox 447 1839 547 1909; x_wconf 90' lang='lat' dir='ltr'><strong>qui</strong></span> <span class='ocrx_word' id='word_1_158' title='bbox 581 1840 798 1892; x_wconf 82' lang='lat' dir='ltr'><strong>ferrum</strong></span> <span class='ocrx_word' id='word_1_159' title='bbox 832 1836 1089 1890; x_wconf 88' lang='lat' dir='ltr'><strong>candens</strong></span> <span class='ocrx_word' id='word_1_160' title='bbox 1120 1840 1359 1904; x_wconf 80' lang='lat' dir='ltr'><strong>tangere</strong></span> <span class='ocrx_word' id='word_1_161' title='bbox 1383 1836 1646 1904; x_wconf 87' lang='lat' dir='ltr'><strong>jubetur,</strong></span> 
     </span>
    </p>
   </div>
   <div class='ocr_carea' id='block_1_32' title="bbox 1856 1836 3489 1938">
    <p class='ocr_par' dir='ltr' id='par_1_32' title="bbox 2112 1836 3489 1938">
     <span class='ocr_line' id='line_1_32' title="bbox 2368 1836 3370 1891; baseline 0.002 -1"><span class='ocrx_word' id='word_1_162' title='bbox 2368 1844 2402 1890; x_wconf 83' lang='lat' dir='ltr'><em>K</em></span> <span class='ocrx_word' id='word_1_163' title='bbox 2446 1839 2459 1856; x_wconf 85' lang='lat'><strong>‘</strong></span> <span class='ocrx_word' id='word_1_164' title='bbox 2530 1838 2554 1891; x_wconf 89' lang='grc' dir='ltr'><strong>ό</strong></span> <span class='ocrx_word' id='word_1_165' title='bbox 2597 1837 2619 1855; x_wconf 63' lang='grc'><strong>“</strong></span> <span class='ocrx_word' id='word_1_166' title='bbox 2736 1836 2786 1856; x_wconf 55' lang='grc'><strong>’⁸</strong></span> <span class='ocrx_word' id='word_1_167' title='bbox 2919 1857 2935 1869; x_wconf 72' lang='grc'><strong>“</strong></span> <span class='ocrx_word' id='word_1_168' title='bbox 3052 1838 3062 1858; x_wconf 88' lang='grc'><em>’</em></span> <span class='ocrx_word' id='word_1_169' title='bbox 3362 1838 3370 1855; x_wconf 88' lang='grc'><strong>’</strong></span> 
     </span>
     <span class='ocr_line' id='line_1_33' title="bbox 2112 1838 3489 1938; baseline 0.001 -48"><span class='ocrx_word' id='word_1_170' title='bbox 2112 1875 2157 1938; x_wconf 82' lang='grc' dir='ltr'><strong>Β</strong></span> <span class='ocrx_word' id='word_1_171' title='bbox 2371 1859 2466 1938; x_wconf 49' lang='grc' dir='ltr'>--αι</span> <span class='ocrx_word' id='word_1_172' title='bbox 2495 1859 2523 1890; x_wconf 87' lang='grc' dir='ltr'><strong>τ</strong></span> <span class='ocrx_word' id='word_1_173' title='bbox 2560 1854 2649 1938; x_wconf 54' lang='lat' dir='ltr'><strong>vos</strong></span> <span class='ocrx_word' id='word_1_174' title='bbox 2683 1850 2882 1938; x_wconf 57' lang='grc' dir='ltr'>μυρρον</span> <span class='ocrx_word' id='word_1_175' title='bbox 2922 1858 3156 1938; x_wconf 61' lang='grc' dir='ltr'>χειριῖαι</span> <span class='ocrx_word' id='word_1_176' title='bbox 3176 1838 3489 1938; x_wconf 64' lang='grc' dir='ltr'>κατηξιουν,</span> 
     </span>
    </p>
   </div>
   <div class='ocr_carea' id='block_1_33' title="bbox 445 1922 2078 2002">
    <p class='ocr_par' dir='ltr' id='par_1_33' title="bbox 445 1922 1849 1998">
     <span class='ocr_line' id='line_1_34' title="bbox 445 1922 1849 1998; baseline -0.004 -16"><span class='ocrx_word' id='word_1_177' title='bbox 445 1932 619 1998; x_wconf 89' lang='lat' dir='ltr'><strong>atque</strong></span> <span class='ocrx_word' id='word_1_178' title='bbox 650 1926 730 1980; x_wconf 84' lang='lat' dir='ltr'><strong>ita</strong></span> <span class='ocrx_word' id='word_1_179' title='bbox 761 1925 1097 1994; x_wconf 87' lang='lat' dir='ltr'><strong>ambiguam</strong></span> <span class='ocrx_word' id='word_1_180' title='bbox 1129 1923 1581 1977; x_wconf 88' lang='lat' dir='ltr'><strong>controversiam</strong></span> <span class='ocrx_word' id='word_1_181' title='bbox 1612 1922 1849 1977; x_wconf 88' lang='lat' dir='ltr'><strong>solvere.</strong></span> 
     </span>
    </p>
   </div>
   <div class='ocr_carea' id='block_1_34' title="bbox 1948 1922 3581 2002">
    <p class='ocr_par' dir='ltr' id='par_1_34' title="bbox 2112 1922 3581 2002">
     <span class='ocr_line' id='line_1_35' title="bbox 2112 1922 3581 2002; baseline -0.001 -22"><span class='ocrx_word' id='word_1_182' title='bbox 2112 1922 2157 1938; x_wconf 64' lang='lat' dir='ltr'><strong><em>u</em></strong></span> <span class='ocrx_word' id='word_1_183' title='bbox 2366 1926 2469 1980; x_wconf 77' lang='grc' dir='ltr'><strong>Καὶ</strong></span> <span class='ocrx_word' id='word_1_184' title='bbox 2502 1927 2684 1999; x_wconf 72' lang='grc' dir='ltr'>σκέψιν</span> <span class='ocrx_word' id='word_1_185' title='bbox 2715 1925 2886 1987; x_wconf 74' lang='grc' dir='ltr'>οὕτως</span> <span class='ocrx_word' id='word_1_186' title='bbox 2920 1922 3373 2002; x_wconf 74' lang='grc' dir='ltr'>ἀμφίϐάλλουσαν</span> <span class='ocrx_word' id='word_1_187' title='bbox 3404 1927 3581 1980; x_wconf 78' lang='grc' dir='ltr'>λῦσαι·</span> 
     </span>
    </p>
   </div>
   <div class='ocr_carea' id='block_1_35' title="bbox 448 2011 2081 2091">
    <p class='ocr_par' dir='ltr' id='par_1_35' title="bbox 448 2018 1637 2091">
     <span class='ocr_line' id='line_1_36' title="bbox 448 2018 1637 2091; baseline -0.006 -13"><span class='ocrx_word' id='word_1_188' title='bbox 448 2024 545 2078; x_wconf 87' lang='lat' dir='ltr'><strong>llic</strong></span> <span class='ocrx_word' id='word_1_189' title='bbox 577 2023 935 2078; x_wconf 88' lang='lat' dir='ltr'><strong>conﬁdenter</strong></span> <span class='ocrx_word' id='word_1_190' title='bbox 966 2021 1266 2091; x_wconf 82' lang='lat' dir='ltr'><strong>respondit</strong></span> <span class='ocrx_word' id='word_1_191' title='bbox 1290 2018 1589 2089; x_wconf 89' lang='lat' dir='ltr'><strong>judicibus</strong></span> <span class='ocrx_word' id='word_1_192' title='bbox 1625 2035 1637 2071; x_wconf 91' lang='lat'><strong>:</strong></span> 
     </span>
    </p>
   </div>
   <div class='ocr_carea' id='block_1_36' title="bbox 1908 2011 3541 2091">
    <p class='ocr_par' dir='ltr' id='par_1_36' title="bbox 2360 2011 3541 2089">
     <span class='ocr_line' id='line_1_37' title="bbox 2360 2011 3541 2089; baseline -0.001 -20"><span class='ocrx_word' id='word_1_193' title='bbox 2360 2015 2420 2070; x_wconf 74' lang='grc' dir='ltr'>Ὀ</span> <span class='ocrx_word' id='word_1_194' title='bbox 2449 2011 2494 2067; x_wconf 89' lang='grc' dir='ltr'>δ’</span> <span class='ocrx_word' id='word_1_195' title='bbox 2526 2015 2789 2089; x_wconf 84' lang='grc' dir='ltr'><strong>ἀντεπῆγε</strong></span> <span class='ocrx_word' id='word_1_196' title='bbox 2813 2015 2948 2089; x_wconf 89' lang='grc' dir='ltr'>πρὸς</span> <span class='ocrx_word' id='word_1_197' title='bbox 2976 2014 3160 2089; x_wconf 73' lang='grc' dir='ltr'>κριτὰς</span> <span class='ocrx_word' id='word_1_198' title='bbox 3184 2014 3541 2075; x_wconf 82' lang='grc' dir='ltr'><strong>πεποιθότως·</strong></span> 
     </span>
    </p>
   </div>
   <div class='ocr_carea' id='block_1_37' title="bbox 444 2107 2077 2186">
    <p class='ocr_par' dir='ltr' id='par_1_37' title="bbox 444 2107 1739 2180">
     <span class='ocr_line' id='line_1_38' title="bbox 444 2107 1739 2180; baseline -0.005 -13"><span class='ocrx_word' id='word_1_199' title='bbox 444 2112 502 2168; x_wconf 91' lang='lat' dir='ltr'><strong>Si</strong></span> <span class='ocrx_word' id='word_1_200' title='bbox 536 2111 935 2167; x_wconf 88' lang='lat' dir='ltr'><strong>testimonium</strong></span> <span class='ocrx_word' id='word_1_201' title='bbox 969 2109 1261 2180; x_wconf 88' lang='lat' dir='ltr'><strong>quispiam</strong></span> <span class='ocrx_word' id='word_1_202' title='bbox 1296 2109 1353 2163; x_wconf 90' lang='lat' dir='ltr'><strong>in</strong></span> <span class='ocrx_word' id='word_1_203' title='bbox 1387 2124 1475 2162; x_wconf 86' lang='lat' dir='ltr'><strong>me</strong></span> <span class='ocrx_word' id='word_1_204' title='bbox 1507 2107 1739 2176; x_wconf 89' lang='lat' dir='ltr'><strong>diceret,</strong></span> 
     </span>
    </p>
   </div>
   <div class='ocr_carea' id='block_1_38' title="bbox 1962 2107 3595 2186">
    <p class='ocr_par' dir='ltr' id='par_1_38' title="bbox 2184 2110 3595 2186">
     <span class='ocr_line' id='line_1_39' title="bbox 2184 2110 3595 2186; baseline -0.001 -20"><span class='ocrx_word' id='word_1_205' title='bbox 2184 2113 2326 2168; x_wconf 88' lang='lat'>8805</span> <span class='ocrx_word' id='word_1_206' title='bbox 2363 2113 2449 2174; x_wconf 83' lang='grc' dir='ltr'>Ὡς</span> <span class='ocrx_word' id='word_1_207' title='bbox 2480 2110 2547 2167; x_wconf 69' lang='grc' dir='ltr'><strong>Εἴ</strong></span> <span class='ocrx_word' id='word_1_208' title='bbox 2582 2113 2672 2184; x_wconf 73' lang='grc' dir='ltr'><strong>μὲν</strong></span> <span class='ocrx_word' id='word_1_209' title='bbox 2705 2114 2769 2179; x_wconf 69' lang='grc' dir='ltr'>ἦν</span> <span class='ocrx_word' id='word_1_210' title='bbox 2801 2124 2882 2173; x_wconf 83' lang='grc' dir='ltr'><strong>τις</strong></span> <span class='ocrx_word' id='word_1_211' title='bbox 2913 2117 3029 2165; x_wconf 87' lang='grc' dir='ltr'>κατ’</span> <span class='ocrx_word' id='word_1_212' title='bbox 3062 2112 3196 2184; x_wconf 75' lang='grc' dir='ltr'>ἐμοῦ</span> <span class='ocrx_word' id='word_1_213' title='bbox 3225 2113 3369 2185; x_wconf 89' lang='grc' dir='ltr'>τάχα</span> <span class='ocrx_word' id='word_1_214' title='bbox 3399 2110 3595 2186; x_wconf 84' lang='grc' dir='ltr'>λέγων,</span> 
     </span>
    </p>
   </div>
   <div class='ocr_carea' id='block_1_39' title="bbox 442 2195 2075 2274">
    <p class='ocr_par' dir='ltr' id='par_1_39' title="bbox 442 2195 1618 2271">
     <span class='ocr_line' id='line_1_40' title="bbox 442 2195 1618 2271; baseline -0.005 -16"><span class='ocrx_word' id='word_1_215' title='bbox 442 2200 579 2255; x_wconf 88' lang='lat' dir='ltr'><strong>huic</strong></span> <span class='ocrx_word' id='word_1_216' title='bbox 611 2215 715 2271; x_wconf 85' lang='lat' dir='ltr'><strong>ego</strong></span> <span class='ocrx_word' id='word_1_217' title='bbox 746 2198 927 2252; x_wconf 84' lang='lat' dir='ltr'><strong>armis</strong></span> <span class='ocrx_word' id='word_1_218' title='bbox 959 2197 1226 2268; x_wconf 86' lang='lat' dir='ltr'><strong>equidem</strong></span> <span class='ocrx_word' id='word_1_219' title='bbox 1257 2195 1618 2261; x_wconf 87' lang='lat' dir='ltr'><strong>resisterem;</strong></span> 
     </span>
    </p>
   </div>
   <div class='ocr_carea' id='block_1_40' title="bbox 1904 2195 3537 2274">
    <p class='ocr_par' dir='ltr' id='par_1_40' title="bbox 2362 2198 3537 2274">
     <span class='ocr_line' id='line_1_41' title="bbox 2362 2198 3537 2274; baseline 0 -21"><span class='ocrx_word' id='word_1_220' title='bbox 2362 2200 2503 2274; x_wconf 86' lang='grc' dir='ltr'>Πρὸς</span> <span class='ocrx_word' id='word_1_221' title='bbox 2535 2199 2691 2254; x_wconf 80' lang='grc' dir='ltr'>αὐτὸν</span> <span class='ocrx_word' id='word_1_222' title='bbox 2726 2200 2784 2253; x_wconf 78' lang='grc' dir='ltr'><strong>ἂν</strong></span> <span class='ocrx_word' id='word_1_223' title='bbox 2818 2200 3171 2273; x_wconf 75' lang='grc' dir='ltr'><strong>ἠγωνισάμην</strong></span> <span class='ocrx_word' id='word_1_224' title='bbox 3198 2200 3287 2253; x_wconf 80' lang='grc' dir='ltr'><strong>σὺν</strong></span> <span class='ocrx_word' id='word_1_225' title='bbox 3323 2198 3537 2261; x_wconf 83' lang='grc' dir='ltr'>ὁπλοις·</span> 
     </span>
    </p>
   </div>
   <div class='ocr_carea' id='block_1_41' title="bbox 441 2282 2074 2361">
    <p class='ocr_par' dir='ltr' id='par_1_41' title="bbox 441 2282 1560 2354">
     <span class='ocr_line' id='line_1_42' title="bbox 441 2282 1560 2354; baseline -0.005 -11"><span class='ocrx_word' id='word_1_226' title='bbox 441 2306 599 2344; x_wconf 86' lang='lat' dir='ltr'><strong>nunc</strong></span> <span class='ocrx_word' id='word_1_227' title='bbox 629 2291 935 2343; x_wconf 78' lang='lat' dir='ltr'><strong>accusante</strong></span> <span class='ocrx_word' id='word_1_228' title='bbox 963 2285 1217 2354; x_wconf 88' lang='lat' dir='ltr'><strong>nemine,</strong></span> <span class='ocrx_word' id='word_1_229' title='bbox 1252 2300 1366 2337; x_wconf 91' lang='lat' dir='ltr'><strong>non</strong></span> <span class='ocrx_word' id='word_1_230' title='bbox 1398 2282 1560 2337; x_wconf 85' lang='lat' dir='ltr'><strong>video</strong></span> 
     </span>
    </p>
   </div>
   <div class='ocr_carea' id='block_1_42' title="bbox 1852 2282 3485 2361">
    <p class='ocr_par' dir='ltr' id='par_1_42' title="bbox 2362 2284 3485 2361">
     <span class='ocr_line' id='line_1_43' title="bbox 2362 2284 3485 2361; baseline 0 -20"><span class='ocrx_word' id='word_1_231' title='bbox 2362 2288 2681 2361; x_wconf 87' lang='grc' dir='ltr'>Κατηγόρου</span> <span class='ocrx_word' id='word_1_232' title='bbox 2712 2284 2769 2341; x_wconf 75' lang='grc' dir='ltr'>δὲ</span> <span class='ocrx_word' id='word_1_233' title='bbox 2803 2289 2877 2359; x_wconf 84' lang='grc' dir='ltr'><strong>μὴ</strong></span> <span class='ocrx_word' id='word_1_234' title='bbox 2905 2288 3172 2360; x_wconf 74' lang='grc' dir='ltr'>παρόντος</span> <span class='ocrx_word' id='word_1_235' title='bbox 3209 2309 3300 2359; x_wconf 88' lang='grc' dir='ltr'><strong>μοι</strong></span> <span class='ocrx_word' id='word_1_236' title='bbox 3330 2289 3485 2355; x_wconf 75' lang='grc' dir='ltr'>τὲως,</span> 
     </span>
    </p>
   </div>
   <div class='ocr_carea' id='block_1_43' title="bbox 442 2370 2075 2449">
    <p class='ocr_par' dir='ltr' id='par_1_43' title="bbox 442 2370 1756 2447">
     <span class='ocr_line' id='line_1_44' title="bbox 442 2370 1756 2447; baseline -0.006 -16"><span class='ocrx_word' id='word_1_237' title='bbox 442 2382 643 2432; x_wconf 88' lang='lat' dir='ltr'><strong>contra</strong></span> <span class='ocrx_word' id='word_1_238' title='bbox 678 2391 849 2447; x_wconf 83' lang='lat' dir='ltr'><strong>quem</strong></span> <span class='ocrx_word' id='word_1_239' title='bbox 885 2372 1104 2446; x_wconf 89' lang='lat' dir='ltr'><strong>possim</strong></span> <span class='ocrx_word' id='word_1_240' title='bbox 1135 2372 1359 2441; x_wconf 89' lang='lat' dir='ltr'><strong>judicio</strong></span> <span class='ocrx_word' id='word_1_241' title='bbox 1391 2370 1756 2425; x_wconf 79' lang='lat' dir='ltr'><strong>contendere.</strong></span> 
     </span>
    </p>
   </div>
   <div class='ocr_carea' id='block_1_44' title="bbox 1924 2370 3557 2449">
    <p class='ocr_par' dir='ltr' id='par_1_44' title="bbox 2362 2373 3557 2449">
     <span class='ocr_line' id='line_1_45' title="bbox 2362 2373 3557 2449; baseline -0.001 -19"><span class='ocrx_word' id='word_1_242' title='bbox 2362 2377 2501 2449; x_wconf 86' lang='grc' dir='ltr'>Πρὸς</span> <span class='ocrx_word' id='word_1_243' title='bbox 2531 2377 2652 2430; x_wconf 88' lang='grc' dir='ltr'>τίνα</span> <span class='ocrx_word' id='word_1_244' title='bbox 2684 2373 2768 2431; x_wconf 85' lang='grc' dir='ltr'><strong>δεῖ</strong></span> <span class='ocrx_word' id='word_1_245' title='bbox 2799 2398 2865 2448; x_wconf 91' lang='grc' dir='ltr'><strong>με</strong></span> <span class='ocrx_word' id='word_1_246' title='bbox 2892 2378 2990 2445; x_wconf 88' lang='grc' dir='ltr'><strong>τὴν</strong></span> <span class='ocrx_word' id='word_1_247' title='bbox 3020 2375 3173 2445; x_wconf 84' lang='grc' dir='ltr'>δίκην</span> <span class='ocrx_word' id='word_1_248' title='bbox 3206 2376 3557 2445; x_wconf 76' lang='grc' dir='ltr'>καθεστάναις</span> 
     </span>
    </p>
   </div>
   <div class='ocr_carea' id='block_1_45' title="bbox 441 2459 2074 2539">
    <p class='ocr_par' dir='ltr' id='par_1_45' title="bbox 441 2459 1513 2536">
     <span class='ocr_line' id='line_1_46' title="bbox 441 2459 1513 2536; baseline -0.009 -14"><span class='ocrx_word' id='word_1_249' title='bbox 441 2467 601 2530; x_wconf 87' lang='lat' dir='ltr'><strong>Quod</strong></span> <span class='ocrx_word' id='word_1_250' title='bbox 636 2465 682 2520; x_wconf 88' lang='lat' dir='ltr'><strong>si</strong></span> <span class='ocrx_word' id='word_1_251' title='bbox 714 2470 942 2536; x_wconf 85' lang='lat' dir='ltr'><strong>patrare</strong></span> <span class='ocrx_word' id='word_1_252' title='bbox 966 2464 1179 2532; x_wconf 80' lang='lat' dir='ltr'><strong>jubeor</strong></span> <span class='ocrx_word' id='word_1_253' title='bbox 1208 2459 1513 2525; x_wconf 87' lang='lat' dir='ltr'><strong>miracula,</strong></span> 
     </span>
    </p>
   </div>
   <div class='ocr_carea' id='block_1_46' title="bbox 1922 2459 3555 2539">
    <p class='ocr_par' dir='ltr' id='par_1_46' title="bbox 2363 2463 3555 2539">
     <span class='ocr_line' id='line_1_47' title="bbox 2363 2463 3555 2539; baseline -0.001 -19"><span class='ocrx_word' id='word_1_254' title='bbox 2363 2465 2427 2520; x_wconf 70' lang='grc' dir='ltr'><strong>Εἴ·</strong></span> <span class='ocrx_word' id='word_1_255' title='bbox 2453 2471 2878 2539; x_wconf 85' lang='grc' dir='ltr'>θαυματουργεῖν</span> <span class='ocrx_word' id='word_1_256' title='bbox 2913 2463 2957 2518; x_wconf 87' lang='grc' dir='ltr'>δ’</span> <span class='ocrx_word' id='word_1_257' title='bbox 2990 2464 3327 2539; x_wconf 78' lang='grc' dir='ltr'>ἐγκελεύεταί</span> <span class='ocrx_word' id='word_1_258' title='bbox 3364 2463 3429 2537; x_wconf 80' lang='grc' dir='ltr'>μέ</span> <span class='ocrx_word' id='word_1_259' title='bbox 3456 2485 3555 2525; x_wconf 87' lang='grc' dir='ltr'>τις.</span> 
     </span>
    </p>
   </div>
   <div class='ocr_carea' id='block_1_47' title="bbox 443 2549 2076 2627">
    <p class='ocr_par' dir='ltr' id='par_1_47' title="bbox 443 2550 1615 2623">
     <span class='ocr_line' id='line_1_48' title="bbox 443 2550 1615 2623; baseline -0.009 -14"><span class='ocrx_word' id='word_1_260' title='bbox 443 2557 614 2610; x_wconf 88' lang='lat' dir='ltr'><strong>homo</strong></span> <span class='ocrx_word' id='word_1_261' title='bbox 647 2556 915 2623; x_wconf 82' lang='lat' dir='ltr'><strong>peccator</strong></span> <span class='ocrx_word' id='word_1_262' title='bbox 942 2550 1211 2619; x_wconf 88' lang='lat' dir='ltr'><strong>equidem</strong></span> <span class='ocrx_word' id='word_1_263' title='bbox 1247 2566 1361 2602; x_wconf 91' lang='lat' dir='ltr'><strong>non</strong></span> <span class='ocrx_word' id='word_1_264' title='bbox 1396 2551 1615 2618; x_wconf 89' lang='lat' dir='ltr'><strong>potero.</strong></span> 
     </span>
    </p>
   </div>
   <div class='ocr_carea' id='block_1_48' title="bbox 1870 2549 3503 2627">
    <p class='ocr_par' dir='ltr' id='par_1_48' title="bbox 2184 2549 3503 2627">
     <span class='ocr_line' id='line_1_49' title="bbox 2184 2549 3503 2627; baseline -0.001 -20"><span class='ocrx_word' id='word_1_265' title='bbox 2184 2555 2325 2609; x_wconf 89' lang='grc'>8810</span> <span class='ocrx_word' id='word_1_266' title='bbox 2363 2552 2518 2607; x_wconf 70' lang='grc' dir='ltr'>Ἀλλ’</span> <span class='ocrx_word' id='word_1_267' title='bbox 2549 2552 2621 2605; x_wconf 82' lang='grc' dir='ltr'>ὢν</span> <span class='ocrx_word' id='word_1_268' title='bbox 2653 2551 2896 2627; x_wconf 85' lang='grc' dir='ltr'>ἀλιτρὸς,</span> <span class='ocrx_word' id='word_1_269' title='bbox 2928 2552 2989 2606; x_wconf 89' lang='grc' dir='ltr'><strong>οὐ</strong></span> <span class='ocrx_word' id='word_1_270' title='bbox 3022 2549 3327 2625; x_wconf 71' lang='grc' dir='ltr'>δυνήσομαι</span> <span class='ocrx_word' id='word_1_271' title='bbox 3358 2550 3503 2623; x_wconf 86' lang='grc' dir='ltr'>τόδε,</span> 
     </span>
    </p>
   </div>
   <div class='ocr_carea' id='block_1_49' title="bbox 437 2636 2070 2714">
    <p class='ocr_par' dir='ltr' id='par_1_49' title="bbox 437 2636 1608 2707">
     <span class='ocr_line' id='line_1_50' title="bbox 437 2636 1608 2707; baseline -0.009 -10"><span class='ocrx_word' id='word_1_272' title='bbox 437 2648 568 2697; x_wconf 88' lang='lat' dir='ltr'><strong>Jam</strong></span> <span class='ocrx_word' id='word_1_273' title='bbox 604 2643 976 2696; x_wconf 79' lang='lat' dir='ltr'><strong>fervefactnm</strong></span> <span class='ocrx_word' id='word_1_274' title='bbox 1010 2640 1142 2707; x_wconf 82' lang='lat' dir='ltr'><strong>igne</strong></span> <span class='ocrx_word' id='word_1_275' title='bbox 1174 2636 1360 2706; x_wconf 88' lang='lat' dir='ltr'><strong>siquis</strong></span> <span class='ocrx_word' id='word_1_276' title='bbox 1392 2638 1608 2689; x_wconf 82' lang='lat' dir='ltr'><strong>ferrum</strong></span> 
     </span>
    </p>
   </div>
   <div class='ocr_carea' id='block_1_50' title="bbox 1807 2636 3440 2714">
    <p class='ocr_par' dir='ltr' id='par_1_50' title="bbox 2363 2638 3440 2714">
     <span class='ocr_line' id='line_1_51' title="bbox 2363 2638 3440 2714; baseline -0.003 -18"><span class='ocrx_word' id='word_1_277' title='bbox 2363 2641 2565 2701; x_wconf 79' lang='grc' dir='ltr'>Ἐνθεὶς</span> <span class='ocrx_word' id='word_1_278' title='bbox 2597 2638 2653 2693; x_wconf 74' lang='grc' dir='ltr'><strong>δέ</strong></span> <span class='ocrx_word' id='word_1_279' title='bbox 2683 2660 2764 2702; x_wconf 88' lang='grc' dir='ltr'><strong>τις</strong></span> <span class='ocrx_word' id='word_1_280' title='bbox 2798 2638 3022 2714; x_wconf 87' lang='grc' dir='ltr'>σίδηρον</span> <span class='ocrx_word' id='word_1_281' title='bbox 3056 2640 3440 2713; x_wconf 70' lang='grc' dir='ltr'>ἐκκεκαυμένον</span> 
     </span>
    </p>
   </div>
   <div class='ocr_carea' id='block_1_51' title="bbox 436 2723 2069 2804">
    <p class='ocr_par' dir='ltr' id='par_1_51' title="bbox 436 2723 1581 2789">
     <span class='ocr_line' id='line_1_52' title="bbox 436 2723 1581 2789; baseline -0.007 -5"><span class='ocrx_word' id='word_1_282' title='bbox 436 2731 684 2785; x_wconf 84' lang='lat' dir='ltr'><strong>viventis</strong></span> <span class='ocrx_word' id='word_1_283' title='bbox 719 2728 892 2783; x_wconf 89' lang='lat' dir='ltr'><strong>nudis</strong></span> <span class='ocrx_word' id='word_1_284' title='bbox 925 2725 1164 2780; x_wconf 89' lang='lat' dir='ltr'><strong>collocet</strong></span> <span class='ocrx_word' id='word_1_285' title='bbox 1194 2724 1249 2777; x_wconf 88' lang='lat' dir='ltr'><strong>in</strong></span> <span class='ocrx_word' id='word_1_286' title='bbox 1284 2723 1581 2789; x_wconf 90' lang='lat' dir='ltr'><strong>manibus,</strong></span> 
     </span>
    </p>
   </div>
   <div class='ocr_carea' id='block_1_52' title="bbox 1851 2723 3484 2804">
    <p class='ocr_par' dir='ltr' id='par_1_52' title="bbox 2361 2727 3484 2804">
     <span class='ocr_line' id='line_1_53' title="bbox 2361 2727 3484 2804; baseline 0 -23"><span class='ocrx_word' id='word_1_287' title='bbox 2361 2731 2625 2791; x_wconf 76' lang='grc' dir='ltr'>Πνὲοντος</span> <span class='ocrx_word' id='word_1_288' title='bbox 2654 2727 2847 2803; x_wconf 86' lang='grc' dir='ltr'>ἀνδρὸς</span> <span class='ocrx_word' id='word_1_289' title='bbox 2880 2730 3067 2804; x_wconf 82' lang='grc' dir='ltr'>χερσὶν</span> <span class='ocrx_word' id='word_1_290' title='bbox 3097 2729 3484 2802; x_wconf 77' lang='grc' dir='ltr'>ἐψιλωμέναις,</span> 
     </span>
    </p>
   </div>
   <div class='ocr_carea' id='block_1_53' title="bbox 436 2813 2069 2893">
    <p class='ocr_par' dir='ltr' id='par_1_53' title="bbox 436 2813 1727 2875">
     <span class='ocr_line' id='line_1_54' title="bbox 436 2813 1727 2875; baseline -0.007 -2"><span class='ocrx_word' id='word_1_291' title='bbox 436 2818 631 2874; x_wconf 88' lang='lat' dir='ltr'><strong>nescio</strong></span> <span class='ocrx_word' id='word_1_292' title='bbox 664 2835 768 2875; x_wconf 92' lang='lat' dir='ltr'><strong>cur</strong></span> <span class='ocrx_word' id='word_1_293' title='bbox 800 2832 1007 2871; x_wconf 86' lang='lat' dir='ltr'><strong>manus</strong></span> <span class='ocrx_word' id='word_1_294' title='bbox 1042 2831 1155 2869; x_wconf 86' lang='lat' dir='ltr'><strong>nor.</strong></span> <span class='ocrx_word' id='word_1_295' title='bbox 1190 2814 1264 2867; x_wconf 88' lang='lat' dir='ltr'><strong>sit</strong></span> <span class='ocrx_word' id='word_1_296' title='bbox 1296 2813 1727 2867; x_wconf 87' lang='lat' dir='ltr'><strong>ambusturum.</strong></span> 
     </span>
    </p>
   </div>
   <div class='ocr_carea' id='block_1_54' title="bbox 1866 2813 3499 2893">
    <p class='ocr_par' dir='ltr' id='par_1_54' title="bbox 2359 2815 3499 2893">
     <span class='ocr_line' id='line_1_55' title="bbox 2359 2815 3499 2893; baseline 0.002 -24"><span class='ocrx_word' id='word_1_297' title='bbox 2359 2816 2469 2873; x_wconf 85' lang='grc' dir='ltr'><strong>Οὐκ</strong></span> <span class='ocrx_word' id='word_1_298' title='bbox 2501 2815 2620 2871; x_wconf 76' lang='grc' dir='ltr'>οῖδα</span> <span class='ocrx_word' id='word_1_299' title='bbox 2648 2822 2764 2878; x_wconf 86' lang='grc' dir='ltr'><strong>πῶς</strong></span> <span class='ocrx_word' id='word_1_300' title='bbox 2790 2816 2849 2870; x_wconf 83' lang='grc' dir='ltr'>ἃν</span> <span class='ocrx_word' id='word_1_301' title='bbox 2881 2818 2942 2871; x_wconf 87' lang='grc' dir='ltr'><strong>οὐ</strong></span> <span class='ocrx_word' id='word_1_302' title='bbox 2972 2817 3294 2893; x_wconf 77' lang='grc' dir='ltr'>καταφλέξοι</span> <span class='ocrx_word' id='word_1_303' title='bbox 3316 2818 3499 2893; x_wconf 74' lang='grc' dir='ltr'>χέρας·</span> 
     </span>
    </p>
   </div>
   <div class='ocr_carea' id='block_1_55' title="bbox 437 2902 2070 2986">
    <p class='ocr_par' dir='ltr' id='par_1_55' title="bbox 437 2911 1536 2986">
     <span class='ocr_line' id='line_1_56' title="bbox 437 2911 1536 2986; baseline -0.007 -15"><span class='ocrx_word' id='word_1_304' title='bbox 437 2917 520 2971; x_wconf 90' lang='lat' dir='ltr'><strong>lbi</strong></span> <span class='ocrx_word' id='word_1_305' title='bbox 554 2918 704 2971; x_wconf 91' lang='lat' dir='ltr'><strong>inter</strong></span> <span class='ocrx_word' id='word_1_306' title='bbox 726 2915 957 2986; x_wconf 89' lang='lat' dir='ltr'><strong>judices</strong></span> <span class='ocrx_word' id='word_1_307' title='bbox 988 2914 1195 2967; x_wconf 89' lang='lat' dir='ltr'><strong>sedens</strong></span> <span class='ocrx_word' id='word_1_308' title='bbox 1226 2911 1536 2981; x_wconf 84' lang='lat' dir='ltr'><strong>episcopus</strong></span> 
     </span>
    </p>
   </div>
   <div class='ocr_carea' id='block_1_56' title="bbox 1929 2902 3562 2986">
    <p class='ocr_par' dir='ltr' id='par_1_56' title="bbox 2362 2902 3562 2978">
     <span class='ocr_line' id='line_1_57' title="bbox 2362 2902 3562 2978; baseline 0.001 -20"><span class='ocrx_word' id='word_1_309' title='bbox 2362 2907 2553 2978; x_wconf 87' lang='grc' dir='ltr'>Παρὼν</span> <span class='ocrx_word' id='word_1_310' title='bbox 2588 2903 2645 2959; x_wconf 74' lang='grc' dir='ltr'><strong>δὲ</strong></span> <span class='ocrx_word' id='word_1_311' title='bbox 2674 2906 2883 2977; x_wconf 87' lang='grc' dir='ltr'>ποιμὴν</span> <span class='ocrx_word' id='word_1_312' title='bbox 2910 2912 3010 2974; x_wconf 80' lang='grc' dir='ltr'>τῆς</span> <span class='ocrx_word' id='word_1_313' title='bbox 3040 2902 3391 2978; x_wconf 66' lang='grc' dir='ltr'>Φιλαδέλφου</span> <span class='ocrx_word' id='word_1_314' title='bbox 3420 2905 3562 2971; x_wconf 81' lang='grc' dir='ltr'>τότε,</span> 
     </span>
    </p>
   </div>
   <div class='ocr_carea' id='block_1_57' title="bbox 439 2990 2072 3073">
    <p class='ocr_par' dir='ltr' id='par_1_57' title="bbox 439 2998 1474 3073">
     <span class='ocr_line' id='line_1_58' title="bbox 439 2998 1474 3073; baseline -0.008 -14"><span class='ocrx_word' id='word_1_315' title='bbox 439 3004 872 3073; x_wconf 58' lang='lat' dir='ltr'><strong>Philadelphia,</strong></span> <span class='ocrx_word' id='word_1_316' title='bbox 907 2999 1221 3073; x_wconf 87' lang='lat' dir='ltr'><strong>gratiﬁcari</strong></span> <span class='ocrx_word' id='word_1_317' title='bbox 1254 2998 1474 3063; x_wconf 90' lang='lat' dir='ltr'><strong>volens,</strong></span> 
     </span>
    </p>
   </div>
   <div class='ocr_carea' id='block_1_58' title="bbox 1979 2990 3612 3073">
    <p class='ocr_par' dir='ltr' id='par_1_58' title="bbox 2181 2990 3612 3069">
     <span class='ocr_line' id='line_1_59' title="bbox 2181 2990 3612 3069; baseline -0.001 -22"><span class='ocrx_word' id='word_1_318' title='bbox 2181 2994 2322 3049; x_wconf 88' lang='grc'>8815</span> <span class='ocrx_word' id='word_1_319' title='bbox 2361 2995 2560 3067; x_wconf 87' lang='grc' dir='ltr'>Λαχὼν</span> <span class='ocrx_word' id='word_1_320' title='bbox 2590 2990 2822 3061; x_wconf 82' lang='grc' dir='ltr'>δικάζειν</span> <span class='ocrx_word' id='word_1_321' title='bbox 2851 2994 3027 3047; x_wconf 83' lang='grc' dir='ltr'>καὶτὰ</span> <span class='ocrx_word' id='word_1_322' title='bbox 3053 2994 3188 3068; x_wconf 87' lang='grc' dir='ltr'>πρὸς</span> <span class='ocrx_word' id='word_1_323' title='bbox 3222 2995 3378 3067; x_wconf 79' lang='grc' dir='ltr'>χάριν</span> <span class='ocrx_word' id='word_1_324' title='bbox 3414 2992 3612 3069; x_wconf 69' lang='grc' dir='ltr'>λέγειν,</span> 
     </span>
    </p>
   </div>
   <div class='ocr_carea' id='block_1_59' title="bbox 440 3077 2073 3156">
    <p class='ocr_par' dir='ltr' id='par_1_59' title="bbox 440 3090 1499 3152">
     <span class='ocr_line' id='line_1_60' title="bbox 440 3090 1499 3152; baseline -0.009 -5"><span class='ocrx_word' id='word_1_325' title='bbox 440 3093 596 3147; x_wconf 90' lang='lat' dir='ltr'><strong>hunc</strong></span> <span class='ocrx_word' id='word_1_326' title='bbox 626 3090 965 3147; x_wconf 85' lang='lat' dir='ltr'><strong>Michaclem</strong></span> <span class='ocrx_word' id='word_1_327' title='bbox 1000 3092 1229 3143; x_wconf 86' lang='lat' dir='ltr'><strong>sevocat</strong></span> <span class='ocrx_word' id='word_1_328' title='bbox 1258 3095 1499 3152; x_wconf 86' lang='lat' dir='ltr'><strong>secreto,</strong></span> 
     </span>
    </p>
   </div>
   <div class='ocr_carea' id='block_1_60' title="bbox 1734 3077 3367 3156">
    <p class='ocr_par' dir='ltr' id='par_1_60' title="bbox 2361 3077 3367 3156">
     <span class='ocr_line' id='line_1_61' title="bbox 2361 3077 3367 3156; baseline -0.001 -19"><span class='ocrx_word' id='word_1_329' title='bbox 2361 3085 2566 3137; x_wconf 75' lang='grc' dir='ltr'>Τοῦτον</span> <span class='ocrx_word' id='word_1_330' title='bbox 2600 3082 2834 3156; x_wconf 86' lang='grc' dir='ltr'>Μιχαὴλ</span> <span class='ocrx_word' id='word_1_331' title='bbox 2874 3077 3204 3155; x_wconf 78' lang='grc' dir='ltr'>παραλαϐὼν</span> <span class='ocrx_word' id='word_1_332' title='bbox 3239 3080 3367 3152; x_wconf 74' lang='grc' dir='ltr'>ἰδίᾳ,</span> 
     </span>
    </p>
   </div>
   <div class='ocr_carea' id='block_1_61' title="bbox 437 3168 2070 3246">
    <p class='ocr_par' dir='ltr' id='par_1_61' title="bbox 437 3171 1607 3246">
     <span class='ocr_line' id='line_1_62' title="bbox 437 3171 1607 3246; baseline -0.011 -10"><span class='ocrx_word' id='word_1_333' title='bbox 437 3186 493 3236; x_wconf 91' lang='lat' dir='ltr'><strong>et</strong></span> <span class='ocrx_word' id='word_1_334' title='bbox 524 3180 605 3235; x_wconf 87' lang='lat' dir='ltr'><strong>sic</strong></span> <span class='ocrx_word' id='word_1_335' title='bbox 634 3196 765 3234; x_wconf 90' lang='lat' dir='ltr'><strong>cum</strong></span> <span class='ocrx_word' id='word_1_336' title='bbox 800 3178 898 3231; x_wconf 89' lang='lat' dir='ltr'><strong>illo</strong></span> <span class='ocrx_word' id='word_1_337' title='bbox 932 3176 1278 3246; x_wconf 87' lang='lat' dir='ltr'><strong>insipienter</strong></span> <span class='ocrx_word' id='word_1_338' title='bbox 1308 3171 1607 3242; x_wconf 89' lang='lat' dir='ltr'><strong>loquitur:</strong></span> 
     </span>
    </p>
   </div>
   <div class='ocr_carea' id='block_1_62' title="bbox 1804 3168 3437 3246">
    <p class='ocr_par' dir='ltr' id='par_1_62' title="bbox 2109 3168 3437 3246">
     <span class='ocr_line' id='line_1_63' title="bbox 2109 3168 3437 3246; baseline -0.002 -21"><span class='ocrx_word' id='word_1_339' title='bbox 2109 3230 2147 3246; x_wconf 58' lang='grc' dir='ltr'>η</span> <span class='ocrx_word' id='word_1_340' title='bbox 2361 3169 2594 3225; x_wconf 87' lang='grc' dir='ltr'>Τοιαῦτά</span> <span class='ocrx_word' id='word_1_341' title='bbox 2623 3172 2674 3224; x_wconf 74' lang='grc' dir='ltr'>τὶ</span> <span class='ocrx_word' id='word_1_342' title='bbox 2706 3169 2970 3240; x_wconf 76' lang='grc' dir='ltr'>δήπουθεν</span> <span class='ocrx_word' id='word_1_343' title='bbox 3006 3168 3102 3223; x_wconf 90' lang='grc' dir='ltr'><strong>οὐκ</strong></span> <span class='ocrx_word' id='word_1_344' title='bbox 3132 3171 3189 3222; x_wconf 76' lang='grc' dir='ltr'>εὖ</span> <span class='ocrx_word' id='word_1_345' title='bbox 3220 3169 3437 3241; x_wconf 81' lang='grc' dir='ltr'>ὡμίλει·</span> 
     </span>
    </p>
   </div>
   <div class='ocr_carea' id='block_1_63' title="bbox 435 3230 2068 3332">
    <p class='ocr_par' dir='ltr' id='par_1_63' title="bbox 435 3260 1510 3324">
     <span class='ocr_line' id='line_1_64' title="bbox 435 3260 1510 3324; baseline -0.011 0"><span class='ocrx_word' id='word_1_346' title='bbox 435 3276 577 3324; x_wconf 78' lang='lat' dir='ltr'><strong>Cum</strong></span> <span class='ocrx_word' id='word_1_347' title='bbox 611 3269 692 3323; x_wconf 89' lang='lat' dir='ltr'><strong>sis</strong></span> <span class='ocrx_word' id='word_1_348' title='bbox 722 3272 782 3321; x_wconf 83' lang='lat' dir='ltr'><strong>tu</strong></span> <span class='ocrx_word' id='word_1_349' title='bbox 828 3263 1006 3319; x_wconf 90' lang='lat' dir='ltr'><strong>nobili</strong></span> <span class='ocrx_word' id='word_1_350' title='bbox 1041 3262 1129 3317; x_wconf 88' lang='lat' dir='ltr'><strong>vir</strong></span> <span class='ocrx_word' id='word_1_351' title='bbox 1158 3260 1510 3323; x_wconf 90' lang='lat' dir='ltr'><strong>conditione,</strong></span> 
     </span>
    </p>
   </div>
   <div class='ocr_carea' id='block_1_64' title="bbox 1899 3230 3532 3332">
    <p class='ocr_par' dir='ltr' id='par_1_64' title="bbox 2105 3230 3532 3332">
     <span class='ocr_line' id='line_1_65' title="bbox 2105 3230 3532 3332; baseline -0.001 -21"><span class='ocrx_word' id='word_1_352' title='bbox 2105 3230 2147 3296; x_wconf 68' lang='grc' dir='ltr'>Ο</span> <span class='ocrx_word' id='word_1_353' title='bbox 2365 3259 2450 3317; x_wconf 81' lang='grc' dir='ltr'>Ὡς</span> <span class='ocrx_word' id='word_1_354' title='bbox 2487 3258 2560 3311; x_wconf 80' lang='grc' dir='ltr'>Σὺ</span> <span class='ocrx_word' id='word_1_355' title='bbox 2596 3259 2689 3330; x_wconf 76' lang='grc' dir='ltr'>μὲν</span> <span class='ocrx_word' id='word_1_356' title='bbox 2721 3258 2857 3332; x_wconf 81' lang='grc' dir='ltr'>ἀνὴρ</span> <span class='ocrx_word' id='word_1_357' title='bbox 2890 3259 3108 3331; x_wconf 83' lang='grc' dir='ltr'>εὐγενὴς</span> <span class='ocrx_word' id='word_1_358' title='bbox 3142 3257 3214 3311; x_wconf 83' lang='grc' dir='ltr'>ὥν</span> <span class='ocrx_word' id='word_1_359' title='bbox 3244 3260 3532 3332; x_wconf 82' lang='grc' dir='ltr'>τυγχάνεις</span> 
     </span>
    </p>
   </div>
   <div class='ocr_carea' id='block_1_65' title="bbox 436 3343 2069 3423">
    <p class='ocr_par' dir='ltr' id='par_1_65' title="bbox 436 3349 1575 3423">
     <span class='ocr_line' id='line_1_66' title="bbox 436 3349 1575 3423; baseline -0.011 -11"><span class='ocrx_word' id='word_1_360' title='bbox 436 3359 592 3412; x_wconf 89' lang='lat' dir='ltr'><strong>etde</strong></span> <span class='ocrx_word' id='word_1_361' title='bbox 625 3354 919 3411; x_wconf 84' lang='lat' dir='ltr'><strong>nobilibus</strong></span> <span class='ocrx_word' id='word_1_362' title='bbox 952 3351 1183 3423; x_wconf 88' lang='lat' dir='ltr'><strong>genitus</strong></span> <span class='ocrx_word' id='word_1_363' title='bbox 1216 3349 1575 3421; x_wconf 84' lang='lat' dir='ltr'><strong>parentibus,</strong></span> 
     </span>
    </p>
   </div>
   <div class='ocr_carea' id='block_1_66' title="bbox 1835 3343 3468 3423">
    <p class='ocr_par' dir='ltr' id='par_1_66' title="bbox 2361 3343 3468 3421">
     <span class='ocr_line' id='line_1_67' title="bbox 2361 3343 3468 3421; baseline -0.003 -21"><span class='ocrx_word' id='word_1_364' title='bbox 2361 3346 2468 3415; x_wconf 81' lang='grc' dir='ltr'>Κάξ</span> <span class='ocrx_word' id='word_1_365' title='bbox 2496 3345 2724 3420; x_wconf 83' lang='grc' dir='ltr'>εὐγενῶν</span> <span class='ocrx_word' id='word_1_366' title='bbox 2759 3343 2886 3421; x_wconf 81' lang='grc' dir='ltr'>ἔφυς</span> <span class='ocrx_word' id='word_1_367' title='bbox 2920 3344 2977 3400; x_wconf 69' lang='grc' dir='ltr'>δὲ</span> <span class='ocrx_word' id='word_1_368' title='bbox 3006 3347 3250 3421; x_wconf 79' lang='grc' dir='ltr'>πατὲρων</span> <span class='ocrx_word' id='word_1_369' title='bbox 3283 3345 3468 3400; x_wconf 83' lang='grc' dir='ltr'>πάλιν·</span> 
     </span>
    </p>
   </div>
   <div class='ocr_carea' id='block_1_67' title="bbox 438 3437 2071 3518">
    <p class='ocr_par' dir='ltr' id='par_1_67' title="bbox 438 3437 1462 3516">
     <span class='ocr_line' id='line_1_68' title="bbox 438 3437 1462 3516; baseline -0.009 -18"><span class='ocrx_word' id='word_1_370' title='bbox 438 3448 667 3516; x_wconf 76' lang='lat' dir='ltr'><strong>oportet</strong></span> <span class='ocrx_word' id='word_1_371' title='bbox 698 3449 753 3498; x_wconf 89' lang='lat' dir='ltr'><strong>te</strong></span> <span class='ocrx_word' id='word_1_372' title='bbox 784 3458 885 3513; x_wconf 90' lang='lat' dir='ltr'><strong>pro</strong></span> <span class='ocrx_word' id='word_1_373' title='bbox 919 3440 1149 3512; x_wconf 86' lang='lat' dir='ltr'><strong>generis</strong></span> <span class='ocrx_word' id='word_1_374' title='bbox 1177 3437 1462 3508; x_wconf 84' lang='lat' dir='ltr'><strong>dignitate</strong></span> 
     </span>
    </p>
   </div>
   <div class='ocr_carea' id='block_1_68' title="bbox 1874 3437 3507 3518">
    <p class='ocr_par' dir='ltr' id='par_1_68' title="bbox 2181 3440 3507 3518">
     <span class='ocr_line' id='line_1_69' title="bbox 2181 3440 3507 3518; baseline -0.004 -19"><span class='ocrx_word' id='word_1_375' title='bbox 2181 3445 2322 3499; x_wconf 84' lang='lat'>8820</span> <span class='ocrx_word' id='word_1_376' title='bbox 2361 3444 2461 3499; x_wconf 82' lang='grc' dir='ltr'><strong>Καὶ</strong></span> <span class='ocrx_word' id='word_1_377' title='bbox 2494 3440 2576 3497; x_wconf 93' lang='grc' dir='ltr'><strong>δεῖ</strong></span> <span class='ocrx_word' id='word_1_378' title='bbox 2607 3464 2663 3497; x_wconf 94' lang='grc' dir='ltr'><strong>σε</strong></span> <span class='ocrx_word' id='word_1_379' title='bbox 2693 3442 2885 3498; x_wconf 87' lang='grc' dir='ltr'>λοιπὸν</span> <span class='ocrx_word' id='word_1_380' title='bbox 2932 3446 3026 3496; x_wconf 77' lang='grc' dir='ltr'>τοῦ</span> <span class='ocrx_word' id='word_1_381' title='bbox 3056 3444 3245 3518; x_wconf 71' lang='grc' dir='ltr'>γένους</span> <span class='ocrx_word' id='word_1_382' title='bbox 3276 3441 3507 3511; x_wconf 74' lang='grc' dir='ltr'>ἐπαξίως</span> 
     </span>
    </p>
   </div>
   <div class='ocr_carea' id='block_1_69' title="bbox 434 3524 2067 3604">
    <p class='ocr_par' dir='ltr' id='par_1_69' title="bbox 434 3524 1424 3603">
     <span class='ocr_line' id='line_1_70' title="bbox 434 3524 1424 3603; baseline -0.013 -15"><span class='ocrx_word' id='word_1_383' title='bbox 434 3539 489 3588; x_wconf 90' lang='lat' dir='ltr'><strong>et</strong></span> <span class='ocrx_word' id='word_1_384' title='bbox 521 3534 774 3603; x_wconf 87' lang='lat' dir='ltr'><strong>cogitare</strong></span> <span class='ocrx_word' id='word_1_385' title='bbox 807 3546 1035 3600; x_wconf 85' lang='lat' dir='ltr'><strong>semper</strong></span> <span class='ocrx_word' id='word_1_386' title='bbox 1065 3532 1119 3582; x_wconf 89' lang='lat' dir='ltr'><strong>et</strong></span> <span class='ocrx_word' id='word_1_387' title='bbox 1150 3524 1375 3596; x_wconf 89' lang='lat' dir='ltr'><strong>operari</strong></span> <span class='ocrx_word' id='word_1_388' title='bbox 1413 3540 1424 3575; x_wconf 91' lang='lat'><strong>:</strong></span> 
     </span>
    </p>
   </div>
   <div class='ocr_carea' id='block_1_70' title="bbox 1792 3524 3425 3604">
    <p class='ocr_par' dir='ltr' id='par_1_70' title="bbox 2359 3527 3425 3604">
     <span class='ocr_line' id='line_1_71' title="bbox 2359 3527 3425 3604; baseline -0.001 -20"><span class='ocrx_word' id='word_1_389' title='bbox 2359 3532 2515 3585; x_wconf 82' lang='grc' dir='ltr'>Πάντ¹</span> <span class='ocrx_word' id='word_1_390' title='bbox 2542 3530 2742 3585; x_wconf 82' lang='grc' dir='ltr'>εὐνοεῖν</span> <span class='ocrx_word' id='word_1_391' title='bbox 2774 3551 2832 3585; x_wconf 78' lang='grc' dir='ltr'><strong>τε</strong></span> <span class='ocrx_word' id='word_1_392' title='bbox 2860 3530 2950 3585; x_wconf 83' lang='grc' dir='ltr'><strong>καὶ</strong></span> <span class='ocrx_word' id='word_1_393' title='bbox 2981 3531 3171 3604; x_wconf 80' lang='grc' dir='ltr'>πὲρατι</span> <span class='ocrx_word' id='word_1_394' title='bbox 3206 3527 3425 3584; x_wconf 86' lang='grc' dir='ltr'>διδόναι·</span> 
     </span>
    </p>
   </div>
   <div class='ocr_carea' id='block_1_71' title="bbox 433 3611 2066 3695">
    <p class='ocr_par' dir='ltr' id='par_1_71' title="bbox 433 3611 1640 3691">
     <span class='ocr_line' id='line_1_72' title="bbox 433 3611 1640 3691; baseline -0.009 -15"><span class='ocrx_word' id='word_1_395' title='bbox 433 3638 567 3675; x_wconf 92' lang='lat' dir='ltr'><strong>cum</strong></span> <span class='ocrx_word' id='word_1_396' title='bbox 598 3636 733 3691; x_wconf 90' lang='lat' dir='ltr'><strong>ergo</strong></span> <span class='ocrx_word' id='word_1_397' title='bbox 766 3623 947 3673; x_wconf 87' lang='lat' dir='ltr'><strong>testes</strong></span> <span class='ocrx_word' id='word_1_398' title='bbox 979 3614 1246 3670; x_wconf 89' lang='lat' dir='ltr'><strong>criminis</strong></span> <span class='ocrx_word' id='word_1_399' title='bbox 1280 3628 1392 3667; x_wconf 92' lang='lat' dir='ltr'><strong>non</strong></span> <span class='ocrx_word' id='word_1_400' title='bbox 1425 3611 1640 3665; x_wconf 88' lang='lat' dir='ltr'><strong>adsint.</strong></span> 
     </span>
    </p>
   </div>
   <div class='ocr_carea' id='block_1_72' title="bbox 1844 3611 3477 3695">
    <p class='ocr_par' dir='ltr' id='par_1_72' title="bbox 2355 3616 3477 3695">
     <span class='ocr_line' id='line_1_73' title="bbox 2355 3616 3477 3695; baseline -0.004 -21"><span class='ocrx_word' id='word_1_401' title='bbox 2355 3620 2508 3674; x_wconf 79' lang='grc' dir='ltr'>Ἐπεὶ</span> <span class='ocrx_word' id='word_1_402' title='bbox 2538 3619 2638 3693; x_wconf 70' lang='grc' dir='ltr'>γὰρ</span> <span class='ocrx_word' id='word_1_403' title='bbox 2672 3618 2731 3673; x_wconf 85' lang='grc' dir='ltr'><strong>οὐ</strong></span> <span class='ocrx_word' id='word_1_404' title='bbox 2762 3623 2977 3695; x_wconf 78' lang='grc' dir='ltr'>πάρεισι</span> <span class='ocrx_word' id='word_1_405' title='bbox 3013 3617 3277 3693; x_wconf 85' lang='grc' dir='ltr'>μάρτυρες</span> <span class='ocrx_word' id='word_1_406' title='bbox 3311 3616 3477 3691; x_wconf 87' lang='grc' dir='ltr'>λόγου</span> 
     </span>
    </p>
   </div>
   <div class='ocr_carea' id='block_1_73' title="bbox 432 3698 2065 3781">
    <p class='ocr_par' dir='ltr' id='par_1_73' title="bbox 432 3698 1556 3776">
     <span class='ocr_line' id='line_1_74' title="bbox 432 3698 1556 3776; baseline -0.011 -13"><span class='ocrx_word' id='word_1_407' title='bbox 432 3709 630 3763; x_wconf 87' lang='lat' dir='ltr'><strong>divino</strong></span> <span class='ocrx_word' id='word_1_408' title='bbox 662 3712 716 3762; x_wconf 92' lang='lat' dir='ltr'><strong>te</strong></span> <span class='ocrx_word' id='word_1_409' title='bbox 741 3705 968 3776; x_wconf 89' lang='lat' dir='ltr'><strong>judicio</strong></span> <span class='ocrx_word' id='word_1_410' title='bbox 1000 3702 1335 3758; x_wconf 85' lang='lat' dir='ltr'><strong>committas</strong></span> <span class='ocrx_word' id='word_1_411' title='bbox 1365 3698 1556 3765; x_wconf 88' lang='lat' dir='ltr'><strong>velim,</strong></span> 
     </span>
    </p>
   </div>
   <div class='ocr_carea' id='block_1_74' title="bbox 1743 3698 3376 3781">
    <p class='ocr_par' dir='ltr' id='par_1_74' title="bbox 2357 3704 3376 3781">
     <span class='ocr_line' id='line_1_75' title="bbox 2357 3704 3376 3781; baseline -0.003 -20"><span class='ocrx_word' id='word_1_412' title='bbox 2357 3707 2483 3777; x_wconf 85' lang='grc' dir='ltr'>Θείᾳ</span> <span class='ocrx_word' id='word_1_413' title='bbox 2510 3728 2567 3761; x_wconf 91' lang='grc' dir='ltr'><strong>τε</strong></span> <span class='ocrx_word' id='word_1_414' title='bbox 2599 3704 2756 3777; x_wconf 77' lang='grc' dir='ltr'>δείξει</span> <span class='ocrx_word' id='word_1_415' title='bbox 2786 3707 2874 3761; x_wconf 85' lang='grc' dir='ltr'><strong>καὶ</strong></span> <span class='ocrx_word' id='word_1_416' title='bbox 2909 3711 3067 3781; x_wconf 87' lang='grc' dir='ltr'>σαφεῖ</span> <span class='ocrx_word' id='word_1_417' title='bbox 3095 3704 3376 3779; x_wconf 82' lang='grc' dir='ltr'>τεκμηρίῳ</span> 
     </span>
    </p>
   </div>
   <div class='ocr_carea' id='block_1_75' title="bbox 433 3788 2066 3869">
    <p class='ocr_par' dir='ltr' id='par_1_75' title="bbox 433 3788 1528 3866">
     <span class='ocr_line' id='line_1_76' title="bbox 433 3788 1528 3866; baseline -0.01 -14"><span class='ocrx_word' id='word_1_418' title='bbox 433 3798 634 3866; x_wconf 84' lang='lat' dir='ltr'><strong>tuique</strong></span> <span class='ocrx_word' id='word_1_419' title='bbox 671 3796 847 3850; x_wconf 82' lang='lat' dir='ltr'><strong>facias</strong></span> <span class='ocrx_word' id='word_1_420' title='bbox 881 3810 981 3865; x_wconf 89' lang='lat' dir='ltr'><strong>per</strong></span> <span class='ocrx_word' id='word_1_421' title='bbox 1012 3793 1202 3863; x_wconf 77' lang='lat' dir='ltr'><strong>ignem</strong></span> <span class='ocrx_word' id='word_1_422' title='bbox 1240 3788 1528 3860; x_wconf 87' lang='lat' dir='ltr'><strong>peritiam,</strong></span> 
     </span>
    </p>
   </div>
   <div class='ocr_carea' id='block_1_76' title="bbox 1848 3788 3481 3869">
    <p class='ocr_par' dir='ltr' id='par_1_76' title="bbox 2360 3792 3481 3869">
     <span class='ocr_line' id='line_1_77' title="bbox 2360 3792 3481 3869; baseline -0.002 -19"><span class='ocrx_word' id='word_1_423' title='bbox 2360 3793 2567 3868; x_wconf 87' lang='grc' dir='ltr'>Μύδρῳ</span> <span class='ocrx_word' id='word_1_424' title='bbox 2601 3794 2779 3869; x_wconf 86' lang='grc' dir='ltr'>χρεὼν</span> <span class='ocrx_word' id='word_1_425' title='bbox 2813 3792 3043 3869; x_wconf 69' lang='grc' dir='ltr'>ἔλεγχον</span> <span class='ocrx_word' id='word_1_426' title='bbox 3077 3793 3303 3861; x_wconf 82' lang='grc' dir='ltr'>ἐκτίσαι,</span> <span class='ocrx_word' id='word_1_427' title='bbox 3337 3792 3481 3867; x_wconf 82' lang='grc' dir='ltr'>φίλε.</span> 
     </span>
    </p>
   </div>
   <div class='ocr_carea' id='block_1_77' title="bbox 431 3876 2064 3960">
    <p class='ocr_par' dir='ltr' id='par_1_77' title="bbox 431 3876 1653 3949">
     <span class='ocr_line' id='line_1_78' title="bbox 431 3876 1653 3949; baseline -0.01 -9"><span class='ocrx_word' id='word_1_428' title='bbox 431 3886 725 3941; x_wconf 83' lang='lat' dir='ltr'><strong>Audacter</strong></span> <span class='ocrx_word' id='word_1_429' title='bbox 756 3882 851 3937; x_wconf 91' lang='lat' dir='ltr'><strong>ille</strong></span> <span class='ocrx_word' id='word_1_430' title='bbox 884 3886 939 3935; x_wconf 92' lang='lat' dir='ltr'><strong>et</strong></span> <span class='ocrx_word' id='word_1_431' title='bbox 970 3879 1273 3933; x_wconf 84' lang='lat' dir='ltr'><strong>commode</strong></span> <span class='ocrx_word' id='word_1_432' title='bbox 1306 3876 1608 3949; x_wconf 81' lang='lat' dir='ltr'><strong>respondit</strong></span> <span class='ocrx_word' id='word_1_433' title='bbox 1642 3892 1653 3928; x_wconf 92' lang='lat'>:</span> 
     </span>
    </p>
   </div>
   <div class='ocr_carea' id='block_1_78' title="bbox 1795 3876 3428 3960">
    <p class='ocr_par' dir='ltr' id='par_1_78' title="bbox 2179 3877 3428 3960">
     <span class='ocr_line' id='line_1_79' title="bbox 2179 3877 3428 3960; baseline -0.001 -23"><span class='ocrx_word' id='word_1_434' title='bbox 2179 3885 2321 3939; x_wconf 77' lang='lat'>8825</span> <span class='ocrx_word' id='word_1_435' title='bbox 2360 3884 2419 3939; x_wconf 90' lang='grc' dir='ltr'><strong>Ὀ</strong></span> <span class='ocrx_word' id='word_1_436' title='bbox 2451 3882 2495 3937; x_wconf 89' lang='grc' dir='ltr'>δ’</span> <span class='ocrx_word' id='word_1_437' title='bbox 2526 3882 2797 3959; x_wconf 79' lang='grc' dir='ltr'>ἀνδρικῶς</span> <span class='ocrx_word' id='word_1_438' title='bbox 2821 3882 3013 3960; x_wconf 79' lang='grc' dir='ltr'>ἔφησεν</span> <span class='ocrx_word' id='word_1_439' title='bbox 3059 3877 3428 3952; x_wconf 75' lang='grc' dir='ltr'>εὐεπηϐόλως·</span> 
     </span>
    </p>
   </div>
   <div class='ocr_carea' id='block_1_79' title="bbox 433 3966 2066 4045">
    <p class='ocr_par' dir='ltr' id='par_1_79' title="bbox 433 3966 1594 4033">
     <span class='ocr_line' id='line_1_80' title="bbox 433 3966 1594 4033; baseline -0.009 -6"><span class='ocrx_word' id='word_1_440' title='bbox 433 3974 609 4027; x_wconf 82' lang='lat' dir='ltr'><strong>Miror</strong></span> <span class='ocrx_word' id='word_1_441' title='bbox 639 3988 742 4025; x_wconf 90' lang='lat' dir='ltr'><strong>cur</strong></span> <span class='ocrx_word' id='word_1_442' title='bbox 768 3977 980 4033; x_wconf 84' lang='lat' dir='ltr'><strong>vectes,</strong></span> <span class='ocrx_word' id='word_1_443' title='bbox 1013 3984 1105 4022; x_wconf 89' lang='lat' dir='ltr'><strong>res</strong></span> <span class='ocrx_word' id='word_1_444' title='bbox 1136 3983 1301 4021; x_wconf 90' lang='lat' dir='ltr'><strong>sacra</strong></span> <span class='ocrx_word' id='word_1_445' title='bbox 1333 3966 1594 4027; x_wconf 85' lang='lat' dir='ltr'><strong>dicatur;</strong></span> 
     </span>
    </p>
   </div>
   <div class='ocr_carea' id='block_1_80' title="bbox 1724 3966 3357 4045">
    <p class='ocr_par' dir='ltr' id='par_1_80' title="bbox 2355 3968 3357 4045">
     <span class='ocr_line' id='line_1_81' title="bbox 2355 3968 3357 4045; baseline -0.004 -18"><span class='ocrx_word' id='word_1_446' title='bbox 2355 3973 2580 4042; x_wconf 82' lang='grc' dir='ltr'>Τὲθηπα</span> <span class='ocrx_word' id='word_1_447' title='bbox 2609 3977 2725 4033; x_wconf 89' lang='grc' dir='ltr'><strong>πῶς</strong></span> <span class='ocrx_word' id='word_1_448' title='bbox 2762 3972 2909 4045; x_wconf 84' lang='grc' dir='ltr'>ἅγιον</span> <span class='ocrx_word' id='word_1_449' title='bbox 2942 3968 3123 4041; x_wconf 76' lang='grc' dir='ltr'>ᾄδεται</span> <span class='ocrx_word' id='word_1_450' title='bbox 3155 3968 3357 4045; x_wconf 82' lang='grc' dir='ltr'>μύδρος</span> 
     </span>
    </p>
   </div>
   <div class='ocr_carea' id='block_1_81' title="bbox 429 4052 2062 4138">
    <p class='ocr_par' dir='ltr' id='par_1_81' title="bbox 429 4052 1812 4133">
     <span class='ocr_line' id='line_1_82' title="bbox 429 4052 1812 4133; baseline -0.009 -15"><span class='ocrx_word' id='word_1_451' title='bbox 429 4078 601 4133; x_wconf 88' lang='lat' dir='ltr'><strong>quem</strong></span> <span class='ocrx_word' id='word_1_452' title='bbox 636 4061 826 4116; x_wconf 86' lang='lat' dir='ltr'><strong>hercle</strong></span> <span class='ocrx_word' id='word_1_453' title='bbox 859 4060 1025 4113; x_wconf 88' lang='lat' dir='ltr'><strong>timet</strong></span> <span class='ocrx_word' id='word_1_454' title='bbox 1059 4073 1267 4111; x_wconf 88' lang='lat' dir='ltr'><strong>manus</strong></span> <span class='ocrx_word' id='word_1_455' title='bbox 1300 4072 1427 4110; x_wconf 89' lang='lat' dir='ltr'><strong>mea</strong></span> <span class='ocrx_word' id='word_1_456' title='bbox 1459 4052 1812 4123; x_wconf 89' lang='lat' dir='ltr'><strong>contingere,</strong></span> 
     </span>
    </p>
   </div>
   <div class='ocr_carea' id='block_1_82' title="bbox 1897 4052 3530 4138">
    <p class='ocr_par' dir='ltr' id='par_1_82' title="bbox 2356 4058 3530 4138">
     <span class='ocr_line' id='line_1_83' title="bbox 2356 4058 3530 4138; baseline -0.003 -24"><span class='ocrx_word' id='word_1_457' title='bbox 2356 4063 2524 4138; x_wconf 82' lang='grc' dir='ltr'>ᾮπερ</span> <span class='ocrx_word' id='word_1_458' title='bbox 2559 4059 2772 4115; x_wconf 65' lang='grc' dir='ltr'>δέδοικα</span> <span class='ocrx_word' id='word_1_459' title='bbox 2803 4062 2949 4136; x_wconf 88' lang='grc' dir='ltr'>χειρί</span> <span class='ocrx_word' id='word_1_460' title='bbox 2988 4082 3095 4132; x_wconf 86' lang='grc' dir='ltr'><strong>μου</strong></span> <span class='ocrx_word' id='word_1_461' title='bbox 3126 4058 3530 4135; x_wconf 83' lang='grc' dir='ltr'>προσεγγίσθαι,</span> 
     </span>
    </p>
   </div>
   <div class='ocr_carea' id='block_1_83' title="bbox 431 4144 2064 4231">
    <p class='ocr_par' dir='ltr' id='par_1_83' title="bbox 431 4150 1621 4231">
     <span class='ocr_line' id='line_1_84' title="bbox 431 4150 1621 4231; baseline -0.011 -17"><span class='ocrx_word' id='word_1_462' title='bbox 431 4160 530 4231; x_wconf 90' lang='lat' dir='ltr'><strong>qui</strong></span> <span class='ocrx_word' id='word_1_463' title='bbox 559 4176 685 4213; x_wconf 88' lang='lat' dir='ltr'><strong>sum</strong></span> <span class='ocrx_word' id='word_1_464' title='bbox 720 4163 1005 4228; x_wconf 86' lang='lat' dir='ltr'><strong>peccator,</strong></span> <span class='ocrx_word' id='word_1_465' title='bbox 1043 4159 1106 4208; x_wconf 89' lang='lat' dir='ltr'><strong>ut</strong></span> <span class='ocrx_word' id='word_1_466' title='bbox 1137 4159 1305 4207; x_wconf 86' lang='lat' dir='ltr'><strong>antea</strong></span> <span class='ocrx_word' id='word_1_467' title='bbox 1329 4154 1451 4221; x_wconf 86' lang='lat' dir='ltr'><strong>jam</strong></span> <span class='ocrx_word' id='word_1_468' title='bbox 1486 4150 1621 4203; x_wconf 80' lang='lat' dir='ltr'><strong>dixi.</strong></span> 
     </span>
    </p>
   </div>
   <div class='ocr_carea' id='block_1_84' title="bbox 1747 4144 3380 4231">
    <p class='ocr_par' dir='ltr' id='par_1_84' title="bbox 2355 4144 3380 4226">
     <span class='ocr_line' id='line_1_85' title="bbox 2355 4144 3380 4226; baseline 0.001 -23"><span class='ocrx_word' id='word_1_469' title='bbox 2355 4151 2444 4211; x_wconf 85' lang='grc' dir='ltr'>Ὠς</span> <span class='ocrx_word' id='word_1_470' title='bbox 2474 4147 2532 4203; x_wconf 78' lang='grc' dir='ltr'>ἂν</span> <span class='ocrx_word' id='word_1_471' title='bbox 2563 4150 2805 4226; x_wconf 70' lang='grc' dir='ltr'>ἂλιτρὸς,</span> <span class='ocrx_word' id='word_1_472' title='bbox 2836 4152 2974 4222; x_wconf 75' lang='grc' dir='ltr'>ᾗπερ</span> <span class='ocrx_word' id='word_1_473' title='bbox 3006 4145 3194 4203; x_wconf 85' lang='grc' dir='ltr'>ἀνόπιν</span> <span class='ocrx_word' id='word_1_474' title='bbox 3228 4144 3380 4226; x_wconf 81' lang='grc' dir='ltr'>ἔφην.</span> 
     </span>
    </p>
   </div>
   <div class='ocr_carea' id='block_1_85' title="bbox 430 4235 2063 4312">
    <p class='ocr_par' dir='ltr' id='par_1_85' title="bbox 430 4238 1645 4303">
     <span class='ocr_line' id='line_1_86' title="bbox 430 4238 1645 4303; baseline -0.012 0"><span class='ocrx_word' id='word_1_475' title='bbox 430 4250 513 4303; x_wconf 92' lang='lat' dir='ltr'><strong>Tu</strong></span> <span class='ocrx_word' id='word_1_476' title='bbox 548 4265 679 4302; x_wconf 92' lang='lat' dir='ltr'><strong>vero</strong></span> <span class='ocrx_word' id='word_1_477' title='bbox 714 4249 953 4300; x_wconf 89' lang='lat' dir='ltr'><strong>sanctus</strong></span> <span class='ocrx_word' id='word_1_478' title='bbox 986 4248 1042 4296; x_wconf 89' lang='lat' dir='ltr'><strong>et</strong></span> <span class='ocrx_word' id='word_1_479' title='bbox 1075 4243 1209 4295; x_wconf 90' lang='lat' dir='ltr'><strong>dius</strong></span> <span class='ocrx_word' id='word_1_480' title='bbox 1246 4240 1339 4293; x_wconf 82' lang='lat' dir='ltr'><strong>Dei</strong></span> <span class='ocrx_word' id='word_1_481' title='bbox 1374 4238 1645 4293; x_wconf 88' lang='lat' dir='ltr'><strong>sacerdos</strong></span> 
     </span>
    </p>
   </div>
   <div class='ocr_carea' id='block_1_86' title="bbox 1793 4235 3426 4312">
    <p class='ocr_par' dir='ltr' id='par_1_86' title="bbox 2356 4235 3426 4312">
     <span class='ocr_line' id='line_1_87' title="bbox 2356 4235 3426 4312; baseline -0.004 -20"><span class='ocrx_word' id='word_1_482' title='bbox 2356 4238 2430 4292; x_wconf 77' lang='grc' dir='ltr'><strong>Σὺ</strong></span> <span class='ocrx_word' id='word_1_483' title='bbox 2462 4236 2507 4293; x_wconf 85' lang='grc' dir='ltr'>δ’</span> <span class='ocrx_word' id='word_1_484' title='bbox 2540 4240 2689 4312; x_wconf 83' lang='grc' dir='ltr'>ἅγιός</span> <span class='ocrx_word' id='word_1_485' title='bbox 2719 4259 2777 4292; x_wconf 91' lang='grc' dir='ltr'><strong>τε</strong></span> <span class='ocrx_word' id='word_1_486' title='bbox 2805 4237 2893 4291; x_wconf 87' lang='grc' dir='ltr'><strong>καὶ</strong></span> <span class='ocrx_word' id='word_1_487' title='bbox 2926 4241 3057 4291; x_wconf 82' lang='grc' dir='ltr'>Θενῦ</span> <span class='ocrx_word' id='word_1_488' title='bbox 3089 4241 3230 4299; x_wconf 90' lang='grc' dir='ltr'>θεῖος</span> <span class='ocrx_word' id='word_1_489' title='bbox 3264 4235 3426 4303; x_wconf 69' lang='grc' dir='ltr'>θύτης</span> 
     </span>
    </p>
   </div>
   <div class='ocr_carea' id='block_1_87' title="bbox 426 4323 2059 4401">
    <p class='ocr_par' dir='ltr' id='par_1_87' title="bbox 426 4323 1725 4392">
     <span class='ocr_line' id='line_1_88' title="bbox 426 4323 1725 4392; baseline -0.01 -3"><span class='ocrx_word' id='word_1_490' title='bbox 426 4341 539 4391; x_wconf 91' lang='lat' dir='ltr'><strong>Deo</strong></span> <span class='ocrx_word' id='word_1_491' title='bbox 568 4333 916 4390; x_wconf 87' lang='lat' dir='ltr'><strong>sacriﬁcium</strong></span> <span class='ocrx_word' id='word_1_492' title='bbox 954 4330 1229 4384; x_wconf 89' lang='lat' dir='ltr'><strong>manibus</strong></span> <span class='ocrx_word' id='word_1_493' title='bbox 1261 4327 1464 4380; x_wconf 75' lang='lat' dir='ltr'><strong>offerre</strong></span> <span class='ocrx_word' id='word_1_494' title='bbox 1495 4323 1725 4392; x_wconf 88' lang='lat' dir='ltr'><strong>solitus,</strong></span> 
     </span>
    </p>
   </div>
   <div class='ocr_carea' id='block_1_88' title="bbox 1779 4323 3412 4401">
    <p class='ocr_par' dir='ltr' id='par_1_88' title="bbox 2174 4324 3412 4401">
     <span class='ocr_line' id='line_1_89' title="bbox 2174 4324 3412 4401; baseline -0.004 -20"><span class='ocrx_word' id='word_1_495' title='bbox 2174 4328 2315 4383; x_wconf 91' lang='lat'>8830</span> <span class='ocrx_word' id='word_1_496' title='bbox 2352 4328 2517 4401; x_wconf 85' lang='grc' dir='ltr'>Χερσῖ</span> <span class='ocrx_word' id='word_1_497' title='bbox 2548 4326 2835 4401; x_wconf 87' lang='grc' dir='ltr'>προσάγων</span> <span class='ocrx_word' id='word_1_498' title='bbox 2869 4324 3049 4398; x_wconf 85' lang='grc' dir='ltr'>Κυρίῳ</span> <span class='ocrx_word' id='word_1_499' title='bbox 3078 4326 3176 4393; x_wconf 85' lang='grc' dir='ltr'><strong>τὴν</strong></span> <span class='ocrx_word' id='word_1_500' title='bbox 3211 4324 3412 4387; x_wconf 84' lang='grc' dir='ltr'>θυσίαν·</span> 
     </span>
    </p>
   </div>
   <div class='ocr_carea' id='block_1_89' title="bbox 425 4410 2058 4494">
    <p class='ocr_par' dir='ltr' id='par_1_89' title="bbox 425 4412 1470 4494">
     <span class='ocr_line' id='line_1_90' title="bbox 425 4412 1470 4494; baseline -0.011 -15"><span class='ocrx_word' id='word_1_501' title='bbox 425 4426 470 4480; x_wconf 87' lang='lat' dir='ltr'><strong>si</strong></span> <span class='ocrx_word' id='word_1_502' title='bbox 506 4425 609 4478; x_wconf 80' lang='lat' dir='ltr'><strong>tibi</strong></span> <span class='ocrx_word' id='word_1_503' title='bbox 646 4422 852 4494; x_wconf 86' lang='lat' dir='ltr'><strong>placet,</strong></span> <span class='ocrx_word' id='word_1_504' title='bbox 888 4435 1011 4488; x_wconf 85' lang='lat' dir='ltr'><strong>age,</strong></span> <span class='ocrx_word' id='word_1_505' title='bbox 1049 4416 1235 4486; x_wconf 86' lang='lat' dir='ltr'><strong>captis</strong></span> <span class='ocrx_word' id='word_1_506' title='bbox 1269 4412 1470 4467; x_wconf 80' lang='lat' dir='ltr'><strong>infulis</strong></span> 
     </span>
    </p>
   </div>
   <div class='ocr_carea' id='block_1_90' title="bbox 1729 4410 3362 4494">
    <p class='ocr_par' dir='ltr' id='par_1_90' title="bbox 2353 4410 3362 4489">
     <span class='ocr_line' id='line_1_91' title="bbox 2353 4410 3362 4489; baseline -0.008 -18"><span class='ocrx_word' id='word_1_507' title='bbox 2353 4415 2416 4471; x_wconf 86' lang='grc' dir='ltr'><strong>Εἰ</strong></span> <span class='ocrx_word' id='word_1_508' title='bbox 2448 4420 2576 4489; x_wconf 76' lang='grc' dir='ltr'>γοῦν</span> <span class='ocrx_word' id='word_1_509' title='bbox 2606 4414 2866 4484; x_wconf 77' lang='grc' dir='ltr'>κελεύεις,</span> <span class='ocrx_word' id='word_1_510' title='bbox 2900 4410 3048 4474; x_wconf 83' lang='grc' dir='ltr'>ἐνδὺς</span> <span class='ocrx_word' id='word_1_511' title='bbox 3081 4411 3362 4486; x_wconf 75' lang='grc' dir='ltr'>ἱεραρχίας</span> 
     </span>
    </p>
   </div>
   <div class='ocr_carea' id='block_1_91' title="bbox 425 4492 2058 4583">
    <p class='ocr_par' dir='ltr' id='par_1_91' title="bbox 425 4492 1389 4583">
     <span class='ocr_line' id='line_1_92' title="bbox 425 4492 1389 4583; baseline -0.013 -14"><span class='ocrx_word' id='word_1_512' title='bbox 425 4492 663 4583; x_wconf 81' lang='lat' dir='ltr'><strong>totaque</strong></span> <span class='ocrx_word' id='word_1_513' title='bbox 694 4509 844 4565; x_wconf 85' lang='lat' dir='ltr'><strong>stola</strong></span> <span class='ocrx_word' id='word_1_514' title='bbox 876 4510 982 4561; x_wconf 90' lang='lat' dir='ltr'><strong>rite</strong></span> <span class='ocrx_word' id='word_1_515' title='bbox 1015 4505 1389 4567; x_wconf 86' lang='lat' dir='ltr'><strong>convestitus,</strong></span> 
     </span>
    </p>
   </div>
   <div class='ocr_carea' id='block_1_92' title="bbox 1873 4492 3506 4583">
    <p class='ocr_par' dir='ltr' id='par_1_92' title="bbox 2354 4492 3506 4570">
     <span class='ocr_line' id='line_1_93' title="bbox 2354 4492 3506 4570; baseline -0.004 -13"><span class='ocrx_word' id='word_1_516' title='bbox 2354 4502 2427 4556; x_wconf 78' lang='grc' dir='ltr'><strong>Σὺ</strong></span> <span class='ocrx_word' id='word_1_517' title='bbox 2459 4505 2558 4570; x_wconf 86' lang='grc' dir='ltr'><strong>τὴν</strong></span> <span class='ocrx_word' id='word_1_518' title='bbox 2590 4501 2791 4570; x_wconf 89' lang='grc' dir='ltr'>στολὴν</span> <span class='ocrx_word' id='word_1_519' title='bbox 2826 4502 3055 4570; x_wconf 77' lang='grc' dir='ltr'>ἅπασαν,</span> <span class='ocrx_word' id='word_1_520' title='bbox 3088 4500 3164 4562; x_wconf 85' lang='grc' dir='ltr'>ὡς</span> <span class='ocrx_word' id='word_1_521' title='bbox 3195 4498 3334 4554; x_wconf 81' lang='grc' dir='ltr'>ἔστιν</span> <span class='ocrx_word' id='word_1_522' title='bbox 3365 4492 3506 4567; x_wconf 79' lang='grc' dir='ltr'>ἔθος,</span> 
     </span>
    </p>
   </div>
   <div class='ocr_carea' id='block_1_93' title="bbox 422 4588 2055 4665">
    <p class='ocr_par' dir='ltr' id='par_1_93' title="bbox 422 4591 1472 4655">
     <span class='ocr_line' id='line_1_94' title="bbox 422 4591 1472 4655; baseline -0.013 1"><span class='ocrx_word' id='word_1_523' title='bbox 422 4606 642 4655; x_wconf 84' lang='lat' dir='ltr'><strong>vectem</strong></span> <span class='ocrx_word' id='word_1_524' title='bbox 676 4599 913 4652; x_wconf 87' lang='lat' dir='ltr'><strong>ardente</strong></span> <span class='ocrx_word' id='word_1_525' title='bbox 946 4594 1190 4648; x_wconf 76' lang='lat' dir='ltr'><strong>fervefac</strong></span> <span class='ocrx_word' id='word_1_526' title='bbox 1222 4591 1472 4655; x_wconf 90' lang='lat' dir='ltr'><strong>camino,</strong></span> 
     </span>
    </p>
   </div>
   <div class='ocr_carea' id='block_1_94' title="bbox 1715 4588 3348 4665">
    <p class='ocr_par' dir='ltr' id='par_1_94' title="bbox 2090 4588 3348 4665">
     <span class='ocr_line' id='line_1_95' title="bbox 2090 4588 3348 4665; baseline -0.004 -19"><span class='ocrx_word' id='word_1_527' title='bbox 2090 4593 2137 4657; x_wconf 88' lang='lat' dir='ltr'><strong>D</strong></span> <span class='ocrx_word' id='word_1_528' title='bbox 2348 4589 2606 4664; x_wconf 71' lang='grc' dir='ltr'>Σιδήριον</span> <span class='ocrx_word' id='word_1_529' title='bbox 2640 4590 2893 4665; x_wconf 67' lang='grc' dir='ltr'>’κύρωσον</span> <span class='ocrx_word' id='word_1_530' title='bbox 2928 4590 2977 4644; x_wconf 84' lang='grc' dir='ltr'><strong>ἐν</strong></span> <span class='ocrx_word' id='word_1_531' title='bbox 3010 4592 3077 4662; x_wconf 81' lang='grc' dir='ltr'>τῇ</span> <span class='ocrx_word' id='word_1_532' title='bbox 3108 4588 3348 4660; x_wconf 82' lang='grc' dir='ltr'>καμίνῳ,</span> 
     </span>
    </p>
   </div>
   <div class='ocr_carea' id='block_1_95' title="bbox 424 4675 2057 4756">
    <p class='ocr_par' dir='ltr' id='par_1_95' title="bbox 424 4679 1495 4756">
     <span class='ocr_line' id='line_1_96' title="bbox 424 4679 1495 4756; baseline -0.012 -12"><span class='ocrx_word' id='word_1_533' title='bbox 424 4690 661 4754; x_wconf 90' lang='lat' dir='ltr'><strong>tuisque</strong></span> <span class='ocrx_word' id='word_1_534' title='bbox 694 4684 856 4756; x_wconf 89' lang='lat' dir='ltr'><strong>puris</strong></span> <span class='ocrx_word' id='word_1_535' title='bbox 889 4682 1161 4737; x_wconf 87' lang='lat' dir='ltr'><strong>manibus</strong></span> <span class='ocrx_word' id='word_1_536' title='bbox 1196 4679 1495 4735; x_wconf 88' lang='lat' dir='ltr'><strong>sublatum</strong></span> 
     </span>
    </p>
   </div>
   <div class='ocr_carea' id='block_1_96' title="bbox 1857 4675 3490 4756">
    <p class='ocr_par' dir='ltr' id='par_1_96' title="bbox 2348 4675 3490 4753">
     <span class='ocr_line' id='line_1_97' title="bbox 2348 4675 3490 4753; baseline -0.007 -16"><span class='ocrx_word' id='word_1_537' title='bbox 2348 4682 2449 4737; x_wconf 80' lang='grc' dir='ltr'>Καὶ</span> <span class='ocrx_word' id='word_1_538' title='bbox 2480 4685 2640 4735; x_wconf 77' lang='grc' dir='ltr'>τοῦτο</span> <span class='ocrx_word' id='word_1_539' title='bbox 2672 4675 2853 4735; x_wconf 77' lang='grc' dir='ltr'>λαϐὼν</span> <span class='ocrx_word' id='word_1_540' title='bbox 2886 4684 2954 4753; x_wconf 77' lang='grc' dir='ltr'>τῇ</span> <span class='ocrx_word' id='word_1_541' title='bbox 2983 4684 3190 4753; x_wconf 82' lang='grc' dir='ltr'>καθαρᾷ</span> <span class='ocrx_word' id='word_1_542' title='bbox 3218 4676 3365 4752; x_wconf 83' lang='grc' dir='ltr'>χειρί</span> <span class='ocrx_word' id='word_1_543' title='bbox 3398 4697 3490 4730; x_wconf 76' lang='grc' dir='ltr'><strong>σου</strong></span> 
     </span>
    </p>
   </div>
   <div class='ocr_carea' id='block_1_97' title="bbox 421 4769 2054 4850">
    <p class='ocr_par' dir='ltr' id='par_1_97' title="bbox 421 4769 1586 4832">
     <span class='ocr_line' id='line_1_98' title="bbox 421 4769 1586 4832; baseline -0.011 0"><span class='ocrx_word' id='word_1_544' title='bbox 421 4779 480 4832; x_wconf 89' lang='lat' dir='ltr'><strong>in</strong></span> <span class='ocrx_word' id='word_1_545' title='bbox 517 4792 676 4831; x_wconf 88' lang='lat' dir='ltr'><strong>meas</strong></span> <span class='ocrx_word' id='word_1_546' title='bbox 706 4772 961 4828; x_wconf 64' lang='lat' dir='ltr'><strong>transfer</strong></span> <span class='ocrx_word' id='word_1_547' title='bbox 992 4769 1321 4825; x_wconf 79' lang='lat' dir='ltr'><strong>sordidatus</strong></span> <span class='ocrx_word' id='word_1_548' title='bbox 1355 4781 1586 4820; x_wconf 90' lang='lat' dir='ltr'><strong>manus.</strong></span> 
     </span>
    </p>
   </div>
   <div class='ocr_carea' id='block_1_98' title="bbox 1890 4769 3523 4850">
    <p class='ocr_par' dir='ltr' id='par_1_98' title="bbox 2169 4774 3523 4850">
     <span class='ocr_line' id='line_1_99' title="bbox 2169 4774 3523 4850; baseline -0.005 -15"><span class='ocrx_word' id='word_1_549' title='bbox 2169 4781 2310 4835; x_wconf 88' lang='grc'>8835</span> <span class='ocrx_word' id='word_1_550' title='bbox 2350 4778 2542 4850; x_wconf 80' lang='grc' dir='ltr'>Χερσὶν</span> <span class='ocrx_word' id='word_1_551' title='bbox 2569 4778 2746 4842; x_wconf 82' lang='grc' dir='ltr'>ἐπίθες</span> <span class='ocrx_word' id='word_1_552' title='bbox 2774 4783 2891 4841; x_wconf 88' lang='grc' dir='ltr'>ταῖς</span> <span class='ocrx_word' id='word_1_553' title='bbox 2921 4776 3076 4850; x_wconf 83' lang='grc' dir='ltr'>ἐμαῖς</span> <span class='ocrx_word' id='word_1_554' title='bbox 3104 4782 3221 4837; x_wconf 85' lang='grc' dir='ltr'>ταῖς</span> <span class='ocrx_word' id='word_1_555' title='bbox 3250 4774 3523 4849; x_wconf 87' lang='grc' dir='ltr'>ἀνάγνοις·</span> 
     </span>
    </p>
   </div>
   <div class='ocr_carea' id='block_1_99' title="bbox 420 4855 2053 4937">
    <p class='ocr_par' dir='ltr' id='par_1_99' title="bbox 420 4855 1642 4932">
     <span class='ocr_line' id='line_1_100' title="bbox 420 4855 1642 4932; baseline -0.011 -11"><span class='ocrx_word' id='word_1_556' title='bbox 420 4872 578 4921; x_wconf 88' lang='lat' dir='ltr'><strong>Tunc</strong></span> <span class='ocrx_word' id='word_1_557' title='bbox 607 4880 745 4918; x_wconf 86' lang='lat' dir='ltr'><strong>sane</strong></span> <span class='ocrx_word' id='word_1_558' title='bbox 777 4878 943 4932; x_wconf 86' lang='lat' dir='ltr'><strong>spero</strong></span> <span class='ocrx_word' id='word_1_559' title='bbox 977 4860 1434 4928; x_wconf 88' lang='lat' dir='ltr'><strong>omnipotentem</strong></span> <span class='ocrx_word' id='word_1_560' title='bbox 1466 4855 1642 4909; x_wconf 89' lang='lat' dir='ltr'><strong>Deum</strong></span> 
     </span>
    </p>
   </div>
   <div class='ocr_carea' id='block_1_100' title="bbox 1735 4855 3368 4937">
    <p class='ocr_par' dir='ltr' id='par_1_100' title="bbox 2350 4861 3368 4937">
     <span class='ocr_line' id='line_1_101' title="bbox 2350 4861 3368 4937; baseline -0.003 -16"><span class='ocrx_word' id='word_1_561' title='bbox 2350 4867 2445 4921; x_wconf 81' lang='grc' dir='ltr'>Καὶ</span> <span class='ocrx_word' id='word_1_562' title='bbox 2480 4864 2545 4935; x_wconf 88' lang='grc' dir='ltr'><strong>δὴ</strong></span> <span class='ocrx_word' id='word_1_563' title='bbox 2579 4871 2693 4937; x_wconf 88' lang='grc' dir='ltr'><strong>Θεῷ</strong></span> <span class='ocrx_word' id='word_1_564' title='bbox 2722 4866 2951 4921; x_wconf 65' lang='grc' dir='ltr'>πέποιθα</span> <span class='ocrx_word' id='word_1_565' title='bbox 2976 4861 3368 4937; x_wconf 86' lang='grc' dir='ltr'>παντοδυνάμῳ</span> 
     </span>
    </p>
   </div>
   <div class='ocr_carea' id='block_1_101' title="bbox 422 4949 2055 5029">
    <p class='ocr_par' dir='ltr' id='par_1_101' title="bbox 422 4949 1545 5023">
     <span class='ocr_line' id='line_1_102' title="bbox 422 4949 1545 5023; baseline -0.012 -13"><span class='ocrx_word' id='word_1_566' title='bbox 422 4973 540 5010; x_wconf 81' lang='lat' dir='ltr'><strong>rem</strong></span> <span class='ocrx_word' id='word_1_567' title='bbox 574 4953 657 5008; x_wconf 87' lang='lat' dir='ltr'><strong>tui</strong></span> <span class='ocrx_word' id='word_1_568' title='bbox 693 4950 882 5023; x_wconf 84' lang='lat' dir='ltr'><strong>gratia</strong></span> <span class='ocrx_word' id='word_1_569' title='bbox 915 4949 1117 5004; x_wconf 88' lang='lat' dir='ltr'><strong>miram</strong></span> <span class='ocrx_word' id='word_1_570' title='bbox 1156 4950 1545 5017; x_wconf 89' lang='lat' dir='ltr'><strong>peracturum,</strong></span> 
     </span>
    </p>
   </div>
   <div class='ocr_carea' id='block_1_102' title="bbox 1894 4949 3527 5029">
    <p class='ocr_par' dir='ltr' id='par_1_102' title="bbox 2348 4952 3527 5029">
     <span class='ocr_line' id='line_1_103' title="bbox 2348 4952 3527 5029; baseline -0.005 -18"><span class='ocrx_word' id='word_1_571' title='bbox 2348 4959 2434 5018; x_wconf 91' lang='grc' dir='ltr'>Ὠς</span> <span class='ocrx_word' id='word_1_572' title='bbox 2465 4958 2905 5029; x_wconf 84' lang='grc' dir='ltr'>θαυματουγήσει</span> <span class='ocrx_word' id='word_1_573' title='bbox 2937 4960 3055 5016; x_wconf 90' lang='grc' dir='ltr'>ταῖς</span> <span class='ocrx_word' id='word_1_574' title='bbox 3085 4960 3203 5012; x_wconf 67' lang='grc' dir='ltr'>σαῖς</span> <span class='ocrx_word' id='word_1_575' title='bbox 3234 4952 3527 5012; x_wconf 86' lang='grc' dir='ltr'>δυσωπίαις</span> 
     </span>
    </p>
   </div>
   <div class='ocr_carea' id='block_1_103' title="bbox 421 5031 2054 5120">
    <p class='ocr_par' dir='ltr' id='par_1_103' title="bbox 421 5031 1561 5106">
     <span class='ocr_line' id='line_1_104' title="bbox 421 5031 1561 5106; baseline -0.012 -8"><span class='ocrx_word' id='word_1_576' title='bbox 421 5040 816 5098; x_wconf 80' lang='lat' dir='ltr'><strong>dissimulatis</strong></span> <span class='ocrx_word' id='word_1_577' title='bbox 848 5037 1077 5092; x_wconf 88' lang='lat' dir='ltr'><strong>interim</strong></span> <span class='ocrx_word' id='word_1_578' title='bbox 1115 5033 1365 5106; x_wconf 87' lang='lat' dir='ltr'><strong>peccatis</strong></span> <span class='ocrx_word' id='word_1_579' title='bbox 1397 5031 1561 5086; x_wconf 88' lang='lat' dir='ltr'><strong>meis.</strong></span> 
     </span>
    </p>
   </div>
   <div class='ocr_carea' id='block_1_104' title="bbox 1897 5031 3530 5120">
    <p class='ocr_par' dir='ltr' id='par_1_104' title="bbox 2348 5039 3530 5120">
     <span class='ocr_line' id='line_1_105' title="bbox 2348 5039 3530 5120; baseline -0.006 -20"><span class='ocrx_word' id='word_1_580' title='bbox 2348 5045 2570 5115; x_wconf 78' lang='grc' dir='ltr'>ΗΛηθὺν</span> <span class='ocrx_word' id='word_1_581' title='bbox 2598 5042 2839 5120; x_wconf 87' lang='grc' dir='ltr'>παριδὼν</span> <span class='ocrx_word' id='word_1_582' title='bbox 2869 5048 2976 5098; x_wconf 86' lang='grc' dir='ltr'><strong>τῶν</strong></span> <span class='ocrx_word' id='word_1_583' title='bbox 3011 5043 3155 5116; x_wconf 77' lang='grc' dir='ltr'>ἐμῶν</span> <span class='ocrx_word' id='word_1_584' title='bbox 3191 5039 3530 5118; x_wconf 82' lang='grc' dir='ltr'>ἁμαρτάδων·</span> 
     </span>
    </p>
   </div>
   <div class='ocr_carea' id='block_1_105' title="bbox 418 5118 2051 5208">
    <p class='ocr_par' dir='ltr' id='par_1_105' title="bbox 418 5118 1843 5197">
     <span class='ocr_line' id='line_1_106' title="bbox 418 5118 1843 5197; baseline -0.011 -11"><span class='ocrx_word' id='word_1_585' title='bbox 418 5133 509 5186; x_wconf 86' lang='lat' dir='ltr'><strong>Sic</strong></span> <span class='ocrx_word' id='word_1_586' title='bbox 541 5127 808 5185; x_wconf 88' lang='lat' dir='ltr'><strong>Michael.</strong></span> <span class='ocrx_word' id='word_1_587' title='bbox 844 5125 1158 5197; x_wconf 83' lang='lat' dir='ltr'><strong>Respondit</strong></span> <span class='ocrx_word' id='word_1_588' title='bbox 1188 5127 1385 5177; x_wconf 88' lang='lat' dir='ltr'><strong>autem</strong></span> <span class='ocrx_word' id='word_1_589' title='bbox 1418 5118 1796 5191; x_wconf 68' lang='lat' dir='ltr'><strong>archiprmsul</strong></span> <span class='ocrx_word' id='word_1_590' title='bbox 1830 5136 1843 5173; x_wconf 89' lang='lat'><strong>:</strong></span> 
     </span>
    </p>
   </div>
   <div class='ocr_carea' id='block_1_106' title="bbox 1817 5118 3450 5208">
    <p class='ocr_par' dir='ltr' id='par_1_106' title="bbox 1830 5118 3450 5208">
     <span class='ocr_line' id='line_1_107' title="bbox 1830 5118 3450 5208; baseline -0.006 -13"><span class='ocrx_word' id='word_1_591' title='bbox 1830 5136 1843 5173; x_wconf 70' lang='grc'><strong>³</strong></span> <span class='ocrx_word' id='word_1_592' title='bbox 2343 5133 2498 5191; x_wconf 67' lang='grc' dir='ltr'>Οὕτω</span> <span class='ocrx_word' id='word_1_593' title='bbox 2531 5118 2784 5208; x_wconf 73' lang='grc' dir='ltr'>Μιχαὴλ·</span> <span class='ocrx_word' id='word_1_594' title='bbox 2823 5132 3120 5207; x_wconf 83' lang='grc' dir='ltr'>ἀρχιθύτης</span> <span class='ocrx_word' id='word_1_595' title='bbox 3154 5129 3199 5186; x_wconf 85' lang='grc' dir='ltr'>δ’</span> <span class='ocrx_word' id='word_1_596' title='bbox 3231 5131 3450 5208; x_wconf 77' lang='grc' dir='ltr'>ἀντὲφη·</span> 
     </span>
    </p>
   </div>
   <div class='ocr_carea' id='block_1_107' title="bbox 420 5214 2053 5296">
    <p class='ocr_par' dir='ltr' id='par_1_107' title="bbox 420 5218 1574 5293">
     <span class='ocr_line' id='line_1_108' title="bbox 420 5218 1574 5293; baseline -0.011 -9"><span class='ocrx_word' id='word_1_597' title='bbox 420 5232 521 5285; x_wconf 87' lang='lat' dir='ltr'><strong>Est</strong></span> <span class='ocrx_word' id='word_1_598' title='bbox 548 5229 661 5292; x_wconf 90' lang='lat' dir='ltr'><strong>hic,</strong></span> <span class='ocrx_word' id='word_1_599' title='bbox 698 5243 729 5281; x_wconf 90' lang='grc' dir='ltr'><strong>ο</strong></span> <span class='ocrx_word' id='word_1_600' title='bbox 758 5226 950 5293; x_wconf 92' lang='lat' dir='ltr'><strong>sodes,</strong></span> <span class='ocrx_word' id='word_1_601' title='bbox 986 5222 1371 5277; x_wconf 86' lang='lat' dir='ltr'><strong>Barbarorum</strong></span> <span class='ocrx_word' id='word_1_602' title='bbox 1407 5218 1574 5285; x_wconf 85' lang='lat' dir='ltr'><strong>ritus,</strong></span> 
     </span>
    </p>
   </div>
   <div class='ocr_carea' id='block_1_108' title="bbox 1923 5214 3556 5296">
    <p class='ocr_par' dir='ltr' id='par_1_108' title="bbox 2164 5214 3556 5296">
     <span class='ocr_line' id='line_1_109' title="bbox 2164 5214 3556 5296; baseline -0.006 -15"><span class='ocrx_word' id='word_1_603' title='bbox 2164 5226 2307 5280; x_wconf 81' lang='grc'>8840</span> <span class='ocrx_word' id='word_1_604' title='bbox 2346 5224 2432 5283; x_wconf 85' lang='grc' dir='ltr'>Ὠς</span> <span class='ocrx_word' id='word_1_605' title='bbox 2463 5223 2652 5290; x_wconf 77' lang='grc' dir='ltr'>Οὗτος,</span> <span class='ocrx_word' id='word_1_606' title='bbox 2686 5222 2730 5274; x_wconf 86' lang='grc' dir='ltr'>ὧ</span> <span class='ocrx_word' id='word_1_607' title='bbox 2766 5219 3032 5296; x_wconf 72' lang='grc' dir='ltr'>βέλτιστε,</span> <span class='ocrx_word' id='word_1_608' title='bbox 3060 5214 3346 5295; x_wconf 73' lang='grc' dir='ltr'>βαρϐάρων</span> <span class='ocrx_word' id='word_1_609' title='bbox 3374 5218 3556 5291; x_wconf 76' lang='grc' dir='ltr'>νόμος,</span> 
     </span>
    </p>
   </div>
   <div class='ocr_carea' id='block_1_109' title="bbox 424 5306 2057 5385">
    <p class='ocr_par' dir='ltr' id='par_1_109' title="bbox 424 5306 1572 5380">
     <span class='ocr_line' id='line_1_110' title="bbox 424 5306 1572 5380; baseline -0.012 -8"><span class='ocrx_word' id='word_1_610' title='bbox 424 5316 699 5372; x_wconf 80' lang='lat' dir='ltr'><strong>Romanis</strong></span> <span class='ocrx_word' id='word_1_611' title='bbox 733 5313 972 5368; x_wconf 88' lang='lat' dir='ltr'><strong>minime</strong></span> <span class='ocrx_word' id='word_1_612' title='bbox 1002 5310 1229 5380; x_wconf 87' lang='lat' dir='ltr'><strong>legibus</strong></span> <span class='ocrx_word' id='word_1_613' title='bbox 1262 5306 1572 5377; x_wconf 86' lang='lat' dir='ltr'><strong>ascriptus,</strong></span> 
     </span>
    </p>
   </div>
   <div class='ocr_carea' id='block_1_110' title="bbox 1824 5306 3457 5385">
    <p class='ocr_par' dir='ltr' id='par_1_110' title="bbox 2346 5308 3457 5385">
     <span class='ocr_line' id='line_1_111' title="bbox 2346 5308 3457 5385; baseline -0.005 -20"><span class='ocrx_word' id='word_1_614' title='bbox 2346 5312 2419 5365; x_wconf 81' lang='grc' dir='ltr'><strong>Οὐ</strong></span> <span class='ocrx_word' id='word_1_615' title='bbox 2454 5312 2781 5382; x_wconf 85' lang='grc' dir='ltr'>Ῥωμαϊκοῖς</span> <span class='ocrx_word' id='word_1_616' title='bbox 2811 5309 3214 5385; x_wconf 82' lang='grc' dir='ltr'>ἐγκατάγραφος</span> <span class='ocrx_word' id='word_1_617' title='bbox 3244 5308 3457 5381; x_wconf 82' lang='grc' dir='ltr'>νόμοις,</span> 
     </span>
    </p>
   </div>
   <div class='ocr_carea' id='block_1_111' title="bbox 423 5394 2056 5476">
    <p class='ocr_par' dir='ltr' id='par_1_111' title="bbox 423 5394 1472 5476">
     <span class='ocr_line' id='line_1_112' title="bbox 423 5394 1472 5476; baseline -0.012 -17"><span class='ocrx_word' id='word_1_618' title='bbox 423 5421 609 5476; x_wconf 87' lang='lat' dir='ltr'><strong>neque</strong></span> <span class='ocrx_word' id='word_1_619' title='bbox 640 5403 822 5458; x_wconf 85' lang='lat' dir='ltr'><strong>sacris</strong></span> <span class='ocrx_word' id='word_1_620' title='bbox 854 5399 1176 5455; x_wconf 84' lang='lat' dir='ltr'><strong>canonibus</strong></span> <span class='ocrx_word' id='word_1_621' title='bbox 1209 5394 1472 5450; x_wconf 80' lang='lat' dir='ltr'><strong>Ecclesiae</strong></span> 
     </span>
    </p>
   </div>
   <div class='ocr_carea' id='block_1_112' title="bbox 1779 5394 3412 5476">
    <p class='ocr_par' dir='ltr' id='par_1_112' title="bbox 2347 5394 3412 5466">
     <span class='ocr_line' id='line_1_113' title="bbox 2347 5394 3412 5466; baseline -0.008 -10"><span class='ocrx_word' id='word_1_622' title='bbox 2347 5400 2422 5457; x_wconf 91' lang='grc' dir='ltr'>Οὐ</span> <span class='ocrx_word' id='word_1_623' title='bbox 2454 5400 2639 5454; x_wconf 85' lang='grc' dir='ltr'>κανόσι</span> <span class='ocrx_word' id='word_1_624' title='bbox 2675 5398 2845 5461; x_wconf 86' lang='grc' dir='ltr'>θείοις</span> <span class='ocrx_word' id='word_1_625' title='bbox 2871 5418 2930 5451; x_wconf 91' lang='grc' dir='ltr'><strong>τε</strong></span> <span class='ocrx_word' id='word_1_626' title='bbox 2957 5403 3057 5466; x_wconf 79' lang='grc' dir='ltr'>τῆς</span> <span class='ocrx_word' id='word_1_627' title='bbox 3090 5394 3412 5466; x_wconf 83' lang='grc' dir='ltr'>Ἐκκλησίας</span> 
     </span>
    </p>
   </div>
   <div class='ocr_carea' id='block_1_113' title="bbox 421 5481 2054 5565">
    <p class='ocr_par' dir='ltr' id='par_1_113' title="bbox 421 5481 1825 5565">
     <span class='ocr_line' id='line_1_114' title="bbox 421 5481 1825 5565; baseline -0.009 -15"><span class='ocrx_word' id='word_1_628' title='bbox 421 5498 687 5565; x_wconf 90' lang='lat' dir='ltr'><strong>receptus</strong></span> <span class='ocrx_word' id='word_1_629' title='bbox 723 5506 1006 5563; x_wconf 88' lang='lat' dir='ltr'><strong>unquam,</strong></span> <span class='ocrx_word' id='word_1_630' title='bbox 1039 5501 1227 5556; x_wconf 89' lang='lat' dir='ltr'><strong>neque</strong></span> <span class='ocrx_word' id='word_1_631' title='bbox 1257 5482 1473 5538; x_wconf 88' lang='lat' dir='ltr'><strong>sanctis</strong></span> <span class='ocrx_word' id='word_1_632' title='bbox 1502 5481 1773 5537; x_wconf 90' lang='lat' dir='ltr'><strong>Patribus</strong></span> <span class='ocrx_word' id='word_1_633' title='bbox 1812 5498 1825 5537; x_wconf 92' lang='lat'><strong>:</strong></span> 
     </span>
    </p>
   </div>
   <div class='ocr_carea' id='block_1_114' title="bbox 1803 5481 3436 5565">
    <p class='ocr_par' dir='ltr' id='par_1_114' title="bbox 1812 5482 3436 5564">
     <span class='ocr_line' id='line_1_115' title="bbox 1812 5482 3436 5564; baseline -0.007 -18"><span class='ocrx_word' id='word_1_634' title='bbox 1812 5498 1825 5537; x_wconf 75' lang='grc' dir='ltr'>ἷ</span> <span class='ocrx_word' id='word_1_635' title='bbox 2346 5488 2537 5549; x_wconf 82' lang='grc' dir='ltr'>Δεκτὸς</span> <span class='ocrx_word' id='word_1_636' title='bbox 2567 5489 2821 5564; x_wconf 73' lang='grc' dir='ltr'>πέφυκεν,</span> <span class='ocrx_word' id='word_1_637' title='bbox 2853 5485 2914 5539; x_wconf 91' lang='grc' dir='ltr'><strong>οὐ</strong></span> <span class='ocrx_word' id='word_1_638' title='bbox 2947 5484 3212 5554; x_wconf 86' lang='grc' dir='ltr'>Πατράσιν</span> <span class='ocrx_word' id='word_1_639' title='bbox 3247 5482 3436 5558; x_wconf 77' lang='grc' dir='ltr'>ἁγίοις·</span> 
     </span>
    </p>
   </div>
   <div class='ocr_carea' id='block_1_115' title="bbox 419 5566 2052 5655">
    <p class='ocr_par' dir='ltr' id='par_1_115' title="bbox 419 5570 1777 5655">
     <span class='ocr_line' id='line_1_116' title="bbox 419 5570 1777 5655; baseline -0.01 -17"><span class='ocrx_word' id='word_1_640' title='bbox 419 5599 599 5655; x_wconf 88' lang='lat' dir='ltr'><strong>quare</strong></span> <span class='ocrx_word' id='word_1_641' title='bbox 631 5583 898 5637; x_wconf 87' lang='lat' dir='ltr'><strong>insuetus</strong></span> <span class='ocrx_word' id='word_1_642' title='bbox 932 5577 1097 5631; x_wconf 91' lang='lat' dir='ltr'><strong>nobis</strong></span> <span class='ocrx_word' id='word_1_643' title='bbox 1128 5574 1222 5628; x_wconf 85' lang='lat' dir='ltr'><strong>hic</strong></span> <span class='ocrx_word' id='word_1_644' title='bbox 1261 5587 1382 5626; x_wconf 78' lang='lat' dir='ltr'><strong>mos</strong></span> <span class='ocrx_word' id='word_1_645' title='bbox 1416 5570 1777 5625; x_wconf 87' lang='lat' dir='ltr'><strong>barbaricus.</strong></span> 
     </span>
    </p>
   </div>
   <div class='ocr_carea' id='block_1_116' title="bbox 2015 5566 3648 5655">
    <p class='ocr_par' dir='ltr' id='par_1_116' title="bbox 2339 5566 3648 5655">
     <span class='ocr_line' id='line_1_117' title="bbox 2339 5566 3648 5655; baseline -0.006 -26"><span class='ocrx_word' id='word_1_646' title='bbox 2339 5576 2499 5648; x_wconf 87' lang='grc' dir='ltr'>Ἢμῖν</span> <span class='ocrx_word' id='word_1_647' title='bbox 2534 5571 2581 5627; x_wconf 89' lang='grc' dir='ltr'>δ’</span> <span class='ocrx_word' id='word_1_648' title='bbox 2612 5574 2785 5647; x_wconf 84' lang='grc' dir='ltr'>ἀγνώς</span> <span class='ocrx_word' id='word_1_649' title='bbox 2816 5593 2896 5633; x_wconf 88' lang='grc' dir='ltr'><strong>τις</strong></span> <span class='ocrx_word' id='word_1_650' title='bbox 2931 5566 3257 5647; x_wconf 76' lang='grc' dir='ltr'>βαρϐαρικὸς</span> <span class='ocrx_word' id='word_1_651' title='bbox 3286 5571 3337 5655; x_wconf 59' lang='lat'><strong>0:</strong></span> <span class='ocrx_word' id='word_1_652' title='bbox 3362 5570 3390 5623; x_wconf 88' lang='grc' dir='ltr'>ὁ</span> <span class='ocrx_word' id='word_1_653' title='bbox 3415 5569 3648 5642; x_wconf 83' lang='grc' dir='ltr'>τρόπος.</span> 
     </span>
    </p>
   </div>
   <div class='ocr_carea' id='block_1_117' title="bbox 421 5652 2054 5740">
    <p class='ocr_par' dir='ltr' id='par_1_117' title="bbox 421 5652 1875 5740">
     <span class='ocr_line' id='line_1_118' title="bbox 421 5652 1875 5740; baseline -0.009 -11"><span class='ocrx_word' id='word_1_654' title='bbox 421 5652 592 5729; x_wconf 67' lang='lat' dir='ltr'><strong>flecte</strong></span> <span class='ocrx_word' id='word_1_655' title='bbox 623 5668 921 5740; x_wconf 85' lang='lat' dir='ltr'><strong>respondit</strong></span> <span class='ocrx_word' id='word_1_656' title='bbox 951 5661 1194 5721; x_wconf 81' lang='lat' dir='ltr'><strong>Michael</strong></span> <span class='ocrx_word' id='word_1_657' title='bbox 1223 5661 1481 5732; x_wconf 87' lang='lat' dir='ltr'><strong>sciteque</strong></span> <span class='ocrx_word' id='word_1_658' title='bbox 1512 5659 1823 5716; x_wconf 83' lang='lat' dir='ltr'><strong>admodum</strong></span> <span class='ocrx_word' id='word_1_659' title='bbox 1861 5678 1875 5716; x_wconf 90' lang='lat'><strong>:</strong></span> 
     </span>
    </p>
   </div>
   <div class='ocr_carea' id='block_1_118' title="bbox 1874 5652 3507 5740">
    <p class='ocr_par' dir='ltr' id='par_1_118' title="bbox 1874 5652 3507 5737">
     <span class='ocr_line' id='line_1_119' title="bbox 1874 5652 3507 5737; baseline -0.007 -14"><span class='ocrx_word' id='word_1_660' title='bbox 1874 5682 1875 5685; x_wconf 77' lang='lat'>‘</span> <span class='ocrx_word' id='word_1_661' title='bbox 2161 5667 2301 5722; x_wconf 80' lang='grc'>8845</span> <span class='ocrx_word' id='word_1_662' title='bbox 2335 5668 2409 5720; x_wconf 88' lang='grc' dir='ltr'><strong><em>Ἦ</em></strong></span> <span class='ocrx_word' id='word_1_663' title='bbox 2440 5660 2485 5717; x_wconf 86' lang='grc' dir='ltr'>δ’</span> <span class='ocrx_word' id='word_1_664' title='bbox 2517 5663 2574 5725; x_wconf 83' lang='grc' dir='ltr'>ὃς</span> <span class='ocrx_word' id='word_1_665' title='bbox 2602 5660 2832 5736; x_wconf 81' lang='grc' dir='ltr'>Μιχαὴλ</span> <span class='ocrx_word' id='word_1_666' title='bbox 2863 5664 3169 5737; x_wconf 86' lang='grc' dir='ltr'>προσφυῶς,</span> <span class='ocrx_word' id='word_1_667' title='bbox 3200 5652 3507 5726; x_wconf 74' lang='grc' dir='ltr'>ἐπηϐόλως·</span> 
     </span>
    </p>
   </div>
  </div>
