4138 6296
304 392 413 451 325

481 519 712 592 Οὐκοῦν,
750 520 964 597 μέγιστε
995 528 1340 603 ποιμενάρχα
1370 533 1593 606 Κυρίου,

480 608 565 662 Τὰ
592 612 713 663 κατ’
741 610 969 683 ἐμαυτὸν
1005 613 1379 687 ἐκτελεσθῆναι
1413 617 1554 692 δέον,

480 698 571 758 Ὠς
602 698 902 771 Ῥωμαῖκοὶ
936 700 1251 759 διατυποῦσι
1282 707 1465 780 νόμον

481 786 547 842 Εἰ
582 786 675 857 μὲν
710 787 813 862 γὰρ
844 789 1002 852 αὐτὸς
1035 791 1214 869 έξέφυν
1244 795 1302 849 ἐκ
1337 793 1646 872 βαρϐάρων,

306 885 443 939 8850
481 884 551 938 Ἦ
587 880 945 959 βαρϐαρικοῖς
979 890 1384 966 ἀνατέθραμμαι
1415 895 1628 968 νόμοις,

480 973 616 1045 Τάχ’
650 971 709 1025 ἂν
744 971 968 1039 δικαίως
1002 984 1146 1055 σφῶν
1185 982 1467 1056 ὑπήγομεν
1504 981 1698 1047 δίκαις*

486 1060 759 1131 Ῥωμαῖος
794 1063 1052 1139 ὑπάρχων
1087 1065 1143 1121 δὲ
1172 1070 1276 1123 κάκ
1302 1070 1497 1126 τούτου
1528 1071 1734 1147 γένους,

478 1152 605 1209 Τοῖς
636 1149 966 1222 Ῥωμαϊκοῖς
998 1154 1389 1231 ὑπαχθήσομαι
1420 1160 1636 1233 νόμοις,

479 1234 638 1291 Οὕτω
678 1240 907 1313 Μιχαὴλ
942 1244 1165 1315 φαμένῳ
1193 1247 1259 1300 τὰ
1291 1250 1386 1311 τῆς
1420 1246 1591 1315 δίκης.

323 1324 449 1379 8855
484 1329 710 1379 Ἀνεῖται
742 1334 1037 1397 τηνικαῦτα
1066 1335 1199 1405 πρὸς
1233 1335 1521 1409 βασιλέως

475 1414 663 1485 Ὅμως
692 1422 953 1491 παρεῖχεν
988 1418 1048 1473 οὐ
1085 1425 1278 1496 μικρὰν
1311 1424 1569 1499 ὑποψίαν,

476 1502 681 1572 Πέμπει
712 1504 775 1557 τὸ
808 1503 1000 1560 λοιπὸν
1034 1512 1424 1584 χαριτώνυμος
1456 1516 1671 1589 κράτωρ

474 1591 681 1644 Τοῦτον
714 1592 848 1664 πρὸς
878 1593 995 1648 υἱὸν
1026 1597 1115 1650 καὶ
1148 1595 1406 1673 διάδοχον
1435 1603 1662 1671 κράτους

474 1678 579 1732 Καὶ
602 1683 985 1756 ποιμενάρχην
1020 1686 1286 1754 Μανουὴλ
1321 1689 1659 1763 Βυζαντίδος,

297 1765 433 1820 8860
472 1766 644 1828 Οὗτος
674 1769 774 1843 γὰρ
804 1770 947 1845 ἦρχε
984 1777 1261 1841 τηνικαῦτ’
1288 1775 1639 1848 Ἐκκλησίας’

470 1855 531 1911 Ὀ
564 1852 609 1907 δ’
646 1852 948 1913 ὑποϐάλλει
983 1862 1214 1935 Μιχαὴλ
1247 1864 1561 1940 φρικαλέοις

471 1943 829 2016 Ἐπιτιμίοις,
861 1947 1187 2023 ἀφορισμοῖς
1220 1952 1309 2006 καὶ
1342 1950 1535 2028 λέγειν,

469 2034 539 2084 Ἦ
571 2032 677 2102 μήν
709 2039 962 2107 καθαρῶς
994 2036 1193 2092 εὐνοεῖν
1222 2042 1300 2111 τῴ
1333 2038 1564 2116 δεσπότῃ

469 2118 571 2172 Καὶ
606 2119 821 2191 βασιλεῖ
848 2122 1020 2178 πάντα
1051 2146 1112 2197 γε
1148 2125 1239 2181 τὸν
1274 2132 1415 2197 ζωῆς
1440 2130 1663 2204 χρόνον,

282 2204 419 2259 8865
467 2206 662 2261 Μισεῖν
691 2214 738 2261 τ’
768 2209 1099 2267 ἀποστάτιδα
1128 2217 1357 2289 γνώμην
1380 2217 1643 2282 ἐκτόπως.

465 2294 678 2348 Τούτου
709 2298 1045 2372 πραχθέντος
1082 2304 1333 2376 βασιλεὺς
1365 2307 1620 2378 Ἰωάννης

462 2381 560 2443 Εἰς
597 2387 879 2462 συνάφειαν
897 2392 1137 2463 γαμικὴν
1172 2394 1477 2467 συζευγνύει

459 2470 649 2543 Τούτῳ
682 2474 915 2549 Μιχαὴλ
946 2477 1339 2554 Παλαιολόγων
1373 2482 1555 2556 γένους

456 2560 573 2627 Τὴν
603 2559 882 2637 Θεοδώραν
915 2561 1127 2640 ἔγγονον
1159 2572 1253 2622 τοῦ
1284 2572 1544 2645 συγγόνου

281 2654 413 2710 8870
458 2658 572 2713 Τοῦ
604 2654 1097 2737 σεϐαστοκράτορος
1126 2667 1409 2721 Ἰσαακίου·

457 2745 567 2800 Καὶ
600 2744 794 2803 λοιπὸν
822 2750 980 2805 αὐτὸν
1022 2752 1261 2825 εὐμενῶς
1292 2756 1357 2824 ἦν
1386 2753 1769 2831 προσϐλέπων,

460 2835 562 2889 Καὶ
597 2837 901 2893 συνέταττεν
938 2840 1179 2896 εὐνοοῦσι
1210 2845 1467 2917 γνησίως.

454 2921 614 2978 Οὕτω
646 2926 951 3001 συνηνέχθη
990 2930 1081 3002 μὲν
1126 2931 1350 3006 ὑπάρξαι
1372 2933 1517 2989 τάδε’

451 3012 515 3068 Ὃ
542 3010 590 3066 δ’
621 3014 970 3093 αὐτοκράτωρ
1000 3022 1128 3087 ἧκεν
1160 3021 1235 3083 εἰς
1268 3026 1506 3080 Νικαέων

270 3098 410 3155 8875
454 3101 641 3169 Μηνὸς
672 3103 795 3177 περί
824 3126 928 3159 που
959 3106 1131 3181 τέρμα
1162 3106 1556 3188 Φεϐρουαρίου.

444 3188 569 3242 Ἐπὶ
606 3189 799 3260 κλίνης
831 3189 887 3247 δὲ
917 3196 1139 3257 καθίσας
1170 3200 1287 3251 καθ’
1320 3200 1541 3275 ἑσπέραν

445 3282 715 3353 Παρεῖχεν
746 3280 1039 3336 ἀνάπαυσιν
1069 3286 1235 3340 αὐτοῦ
1267 3288 1491 3362 σαρκίῳ·

449 3367 604 3421 Μετὰ
637 3368 815 3442 βραχὺ
848 3368 893 3423 δ’
925 3371 1121 3444 εὕρητο
1152 3378 1365 3448 πρηνὴς
1398 3377 1449 3432 έν
1479 3377 1639 3454 κλίνῃ

449 3454 742 3526 Έξαπίνης
774 3455 1027 3530 ἄναυδος,
1062 3461 1159 3516 οὐκ
1189 3463 1412 3524 ἐπαΐων.

267 3551 411 3606 8880
450 3553 613 3605 Ταῦτ’
644 3550 746 3626 ἄρα
776 3553 1105 3629 συνέδραμον
1139 3559 1536 3631 Ἀσκληπιάδαι

451 3645 715 3702 Ἕκαστος
746 3639 1108 3718 συμφέροντες
1143 3648 1268 3708 ἄκος
1297 3657 1396 3719 τῆς
1423 3652 1606 3726 νόσου,

453 3730 597 3802 Πρὸς
622 3727 670 3783 δ’
697 3731 762 3783 αὖ
794 3732 1013 3807 ἀμυχὰς
1047 3735 1097 3789 ἐν
1131 3737 1259 3790 ποσὶ
1287 3743 1606 3811 τεθεικότες,

449 3814 643 3871 Τᾶλλα
670 3839 726 3872 τε
760 3817 992 3894 δρῶντες
1022 3825 1095 3877 ὧν
1129 3821 1453 3890 διδάσκαλος
1484 3829 1675 3905 τέχνη*

456 3904 617 3959 Ἀλλ’
656 3905 810 3962 οὐδὲν
840 3912 1002 3977 ἦττον
1031 3914 1238 3985 ἡμέραν
1271 3916 1346 3977 εἷς
1381 3914 1628 3993 δευτέραν

264 3995 412 4049 8885
451 3994 727 4069 Ὕπῆρχεν
759 3996 1037 4071 ἀκίνητος,
1072 3998 1286 4076 ἄφωνος
1312 4005 1548 4078 κράτωρ,

451 4080 793 4154 Ἐμπληξίας
823 4086 968 4159 νόσῳ
997 4109 1053 4160 γε
1083 4094 1509 4166 συνισχημένος·

448 4170 632 4224 Νόσου
664 4169 720 4226 δὲ
754 4176 943 4247 μικρὸν
979 4176 1165 4251 ῥαΐσας
1195 4180 1341 4250 πλήν
1376 4178 1644 4239 δυσκόλου

451 4257 590 4332 Εἶχε
620 4262 790 4334 χρόαν
821 4263 1069 4335 σώματος
1096 4266 1512 4343 ἠλλοιωμένην⁸

446 4348 675 4420 Ἀφῖκτο
708 4346 901 4405 λοιπὸν
932 4353 1007 4414 εἷς
1036 4353 1352 4428 βασιλείους
1384 4356 1589 4431 δόμους

262 4438 402 4498 8890
440 4442 584 4505 Τοὺς
618 4442 670 4497 ἐν
705 4448 987 4523 Νυμφαίῳ’
1016 4449 1105 4503 καί
1140 4452 1346 4528 βραχὺν
1381 4456 1537 4530 βιοὺς
1567 4457 1761 4533 χρόνον

448 4532 698 4601 Ἀπῆλθε
726 4535 864 4609 πρὸς
895 4536 1092 4603 Κύριον
1122 4538 1364 4597 ἐκλιπὼν
1402 4544 1540 4619 βίον·

444 4620 613 4689 ’Ἁναξ
646 4621 844 4694 ἀγαθὸς
876 4625 966 4678 καὶ
999 4630 1300 4703 στρατηγὸς
1328 4631 1584 4706 γεννάδας

443 4707 585 4777 Πρὸς
620 4706 769 4763 δυσὶν
802 4710 1062 4780 ἑξήκοντα
1097 4716 1295 4788 βιώσας
1330 4717 1444 4788 ἔτη,

448 4793 535 4864 Ἐξ
569 4795 642 4847 ὢν
670 4800 899 4870 κατῆρξε
928 4803 1064 4875 πρὸς
1094 4805 1385 4877 τριάκοντα
1415 4808 1556 4881 τρία.

260 4880 410 4934 8895
446 4881 597 4936 Ἐπεὶ
633 4880 681 4937 δ’
711 4884 1050 4962 ἐτετρύχωτο
1086 4890 1295 4966 χαλετῇ
1322 4880 1487 4967 νόσω,

442 4970 824 5041 Ἐπιπολάζων
856 4983 973 5040 τοῖς
999 4978 1189 5042 τόποις
1220 4982 1285 5050 ἦν
1317 4984 1627 5060 Νυμφαίου,

445 5060 592 5115 Κατὰ
623 5058 964 5136 διαστήματα
994 5068 1221 5144 πάσχων
1252 5076 1349 5124 τοῦ
1380 5074 1605 5147 χρόνου·

445 5146 528 5201 Ἐν
558 5149 811 5222 παλατιῳ
843 5149 1037 5229 διάγων
1068 5157 1167 5232 γὰρ
1200 5154 1308 5212 ἔσθ’
1344 5161 1431 5214 ὅτε

443 5234 563 5290 Ἐπί
594 5236 789 5308 κλίνης
821 5237 1049 5307 ἄναυδος
1076 5246 1142 5313 ἦν
1174 5246 1519 5323 ἐρῥιμμένος³

260 5319 409 5375 8900
446 5322 637 5410 Ἐνίοτ’
670 5327 823 5390 αὖθις
857 5330 1093 5402 ἱππότης
1123 5319 1467 5410 δεδειγμένος

443 5408 803 5467 Ἐκινδύνευεν
836 5412 1076 5473 ἐκπεσεῖν
1107 5419 1435 5497 ἐφεστρίδος,

441 5496 502 5551 Εἴ
533 5501 608 5571 μὴ
644 5502 1076 5575 παριππεύοντες
1110 5508 1357 5584 ἀντεῖχον
1390 5515 1522 5567 νέου

443 5586 567 5642 Εἶτα
596 5591 874 5654 καθεστὼς
906 5593 963 5646 τὸ
997 5595 1250 5671 φρόνημα
1283 5595 1599 5675 λαμϐάνων,

443 5674 616 5749 Βάδην
652 5679 905 5754 ὑπῆρχεν
936 5680 1010 5743 είς
1040 5680 1242 5758 δόμους
1274 5674 1618 5766 ὑποστρέφων

1831 416 2025 475 CESA
2034 426 2188 477 RES.

1975 550 2028 615 Α
2062 544 2257 613 igitur,
2292 567 2322 604 o
2357 553 2435 606 mi
2468 556 2716 614 maxime
2748 560 2846 615 Dei
2878 563 3153 631 pontifex,

2066 649 2154 688 me
2190 652 2316 693 meo
2341 642 2474 710 jure
2506 660 2674 715 agere
2706 649 2778 701 sit
2806 667 3064 720 aequum,

2061 727 2235 793 atque
2267 726 2539 786 Romanis
2568 732 2796 804 legibus
2829 740 3181 810 praecipitur.

2060 810 2203 867 Nam
2237 815 2283 868 si
2319 820 2657 887 parentibus
2684 830 2855 880 natus
2886 843 3072 883 essem
3107 831 3395 899 barbaris,

2059 905 2232 971 atque
2263 904 2580 964 barbaricis
2612 912 2932 970 innutritus
2963 917 3213 989 legibus,

2052 988 2233 1059 juste,
2271 1000 2332 1048 ut
2363 997 2587 1069 opinor,
2621 1002 2689 1055 ad
2725 1002 2830 1057 hoc
2856 1008 2954 1073 jus
2988 988 3369 1079 compellerer
3405 1032 3417 1070 :

2058 1103 2214 1143 nunc
2246 1106 2378 1148 cum
2413 1094 2672 1152 Romana
2702 1101 2882 1171 stirpe
2913 1103 3025 1158 sim
3061 1112 3320 1180 creatus,

2060 1175 2336 1235 Romanis
2365 1182 2493 1237 volo
2524 1186 2857 1259 desceptare
2888 1191 3134 1264 legibus.

2056 1264 2149 1319 Sic
2182 1266 2516 1327 Michaelem
2550 1275 2661 1330 cibi
2696 1281 3153 1347 patrocinantem

2055 1355 2244 1409 Caesar
2273 1364 2411 1413 tunc
2442 1364 2677 1431 quidem
2706 1369 3120 1429 dimittendum
3153 1381 3421 1447 censuit;

2056 1459 2159 1497 nec
2190 1449 2386 1501 tamen
2416 1449 2511 1504 ille
2540 1454 2697 1522 gravi
2730 1458 3065 1527 suspicione
3091 1468 3297 1523 caruit.

2056 1534 2302 1589 Mittitur
2330 1555 2465 1609 ergo
2494 1558 2526 1595 a
2556 1544 2793 1600 domino
2824 1552 3083 1619 gratioso

2054 1623 2122 1675 ad
2158 1622 2342 1679 ﬁlium
2374 1644 2547 1683 suum
2582 1631 2809 1702 imperii
2844 1654 3239 1699 successorem

2053 1710 2489 1787 Manuelemque
2518 1722 2824 1789 praesulem
2859 1727 3115 1798 Byzantii

2051 1798 2167 1867 (hic
2199 1803 2352 1857 enim
2385 1820 2487 1875 per
2517 1807 2573 1861 id
2607 1816 2835 1881 tempus
2881 1817 3145 1874 Ecclesiae
3180 1828 3441 1898 praeerat)

2052 1889 2151 1957 qui
2198 1906 2475 1962 perquam
2505 1898 2778 1965 gravibus
2811 1903 3147 1962 Michaelem
3176 1889 3355 1967 minis

2050 1978 2465 2051 canonicisque
2490 1983 2759 2052 jussi‘ous
2790 1991 2943 2061 cogit
2962 1994 3175 2059 dicere,

2049 2080 2110 2118 se
2142 2081 2272 2120 vere
2303 2068 2535 2127 domino
2568 2073 2712 2130 bene
2743 2078 2886 2133 velle
2917 2086 3148 2149 t‘tesari,

2050 2151 2341 2225 fidemque
2370 2158 2427 2211 in
2462 2163 2618 2215 omni
2652 2166 2767 2219 vita
2797 2177 3183 2240 servaturum,

2046 2242 2220 2310 atque
2251 2247 2543 2313 apostasia
2573 2267 2814 2320 prorsus
2845 2255 3096 2314 alienum
3131 2262 3267 2317 fore.

2044 2334 2297 2394 Peractis
2328 2340 2419 2397 his
2448 2345 2696 2403 Joannes
2728 2351 3043 2421 imperator

2045 2426 2459 2485 matrimoniali
2492 2436 2725 2504 copulat
2755 2444 3046 2498 consortio

2043 2510 2177 2567 huic
2209 2513 2475 2573 Michaeli
2506 2522 2686 2593 stirpe
2715 2526 3034 2602 Palazologo

2040 2598 2400 2661 Theodoram
2435 2616 2662 2677 neptem
2693 2619 2957 2684 germani
2991 2623 3114 2688 sui,

2039 2688 2514 2751 sebastocratoris
2547 2699 2769 2755 scilicet
2802 2705 3004 2763 Isaacii
3039 2726 3051 2762 :

2030 2774 2273 2846 jamque
2305 2796 2440 2835 eum
2473 2784 2722 2856 benigno
2756 2794 3106 2861 respiciebat
3139 2800 3325 2873 vultu,

2038 2867 2210 2933 atque
2242 2868 2557 2925 amicorum
2592 2874 2843 2933 habebat
2872 2880 2929 2935 in
2964 2900 3227 2946 numero.

2036 2949 2140 3004 Hic
2173 2952 2280 3007 fuit
2306 2956 2441 3010 dicti
2473 2961 2660 3015 exitus
2694 2968 2924 3034 negotii.

2035 3037 2241 3095 Postea
2284 3043 2531 3101 Nicaeam
2564 3048 2667 3104 ivit
2716 3053 3036 3125 imperator

2034 3126 2211 3182 ferme
2243 3132 2352 3185 sub
2385 3137 2606 3192 mensis
2638 3139 2813 3196 ﬁnem
2851 3144 3169 3206 Februarii.

1953 3208 1996 3275 C
2038 3214 2279 3286 Vespere
2311 3236 2481 3289 porro
2512 3224 2722 3283 lectulo
2747 3231 3107 3293 decumbens

2033 3307 2364 3375 corpusculi
2393 3312 2573 3380 quieti
2606 3317 2951 3390 indulgebat
2983 3342 2997 3379 :

2032 3392 2205 3461 paulo
2239 3404 2367 3465 post
2393 3401 2585 3457 subito
2617 3420 2869 3464 cernuus
2903 3410 2962 3466 in
2996 3414 3266 3475 culcitam

2036 3486 2233 3536 mutus
2266 3484 2533 3545 inventus
2563 3497 2652 3547 est
2681 3500 2738 3549 et
2773 3498 2916 3552 nihil
2947 3503 3193 3561 audiens
3229 3525 3240 3561 :

2036 3581 2415 3646 quamobrem
2449 3596 2819 3648 accurrentes
2852 3596 3199 3668 Asclepiades

2036 3666 2237 3722 morbo
2269 3672 2550 3729 medelam
2588 3680 2805 3735 variam
2842 3666 3223 3759 adhibebant,

2036 3758 2092 3808 et
2123 3757 2299 3825 pedes
2329 3759 2501 3815 etiam
2534 3768 2797 3833 punctim
2830 3760 3194 3845 vellicabant,

2034 3851 2368 3912 prementes
2397 3849 2539 3904 artis
2570 3868 2739 3909 omne
2769 3860 3193 3929 magisterium.

2032 3930 2225 3987 Nihilo
2257 3938 2451 3991 tamen
2487 3939 2680 3994 minus
2700 3942 2822 4011 jam
2857 3946 2949 4001 die
2979 3954 3237 4009 secunda

2030 4018 2352 4079 immobilis
2384 4035 2697 4098 mutuaque
2720 4034 2950 4102 jacebat
2980 4038 3174 4107 Cesar,

2031 4108 2304 4165 sensibus
2334 4115 2560 4169 cunctis
2591 4120 2789 4175 morbo
2821 4127 3161 4195 consopitis.

2032 4194 2162 4250 Mox
2190 4197 2557 4270 aliquantum
2589 4208 2870 4279 reviguit;
2906 4194 3263 4287 quamquam

2027 4287 2374 4354 corpusculo
2407 4291 2725 4351 deﬂuxerat
2756 4301 2947 4357 omnis
2980 4303 3161 4359 color.

2028 4370 2214 4432 Quare
2244 4375 2501 4432 defertur
2530 4381 2585 4434 in
2613 4383 2899 4456 Nimpbaei
2932 4391 3175 4463 regiam,

2027 4458 2124 4512 ubi
2155 4466 2247 4516 sat
2278 4463 2436 4522 brevi
2468 4472 2727 4540 tempore
2758 4458 3076 4546 superstes,

1951 4550 1995 4614 ι)
2026 4552 2227 4616 postea
2256 4550 2567 4610 defunctus
2595 4559 2664 4612 ad
2698 4560 3009 4620 Dominnm
3049 4568 3191 4624 abiit
3222 4588 3236 4625 :

2027 4659 2125 4698 rex
2154 4662 2292 4702 sane
2322 4649 2510 4707 bonus
2541 4658 2597 4707 et
2622 4654 2788 4712 fortis
2818 4658 3161 4732 imperator,

2024 4732 2194 4788 annis
2227 4736 2454 4793 duobus
2485 4757 2663 4812 supra
2693 4749 2995 4817 sexaginta

2022 4820 2182 4889 vixit,
2216 4823 2275 4879 in
2308 4825 2551 4897 imperio
2586 4833 2827 4904 triginta
2859 4839 3067 4896 tribus.

2022 4908 2076 4963 Is
2107 4917 2416 4981 postquam
2448 4933 2679 4987 gravem
2717 4923 2922 4980 incidit
2950 4928 3009 4983 in
3046 4934 3336 5009 morbum,

2021 4997 2175 5053 circa
2228 5001 2529 5074 Nymphzei
2560 5011 2777 5081 regiam
2813 5015 3113 5076 diversans

2019 5101 2086 5140 ex
2111 5086 2409 5147 intervallo
2441 5096 2741 5155 deficiebat
2772 5104 2987 5161 animo.

2018 5176 2316 5233 Interdum
2346 5182 2501 5238 enim
2532 5183 2590 5239 in
2623 5188 2837 5256 palatio
2867 5193 3087 5265 degens

2017 5260 2248 5333 loquela
2275 5266 2333 5321 in
2364 5268 2514 5326 lecto
2546 5290 2751 5333 carens
2784 5285 3163 5342 recumbebat
3196 5307 3208 5343 :

2018 5348 2311 5410 interdum
2344 5358 2518 5415 etiam
2552 5365 2823 5434 equitans
2846 5369 2902 5423 in
2935 5375 3191 5445 publico,

2017 5436 2290 5508 lapsurus
2318 5450 2440 5501 erat
2471 5465 2720 5507 cernuus
2752 5436 3025 5529 ephippio

2016 5526 2073 5581 ni
2106 5531 2514 5601 adequitantes
2546 5539 3218 5615 subvenissentjuvenes
3249 5570 3261 5607 :

2014 5620 2071 5670 et
2102 5634 2234 5674 mox
2264 5627 2512 5692 erectus,
2544 5626 2754 5696 spiritu
2788 5637 3040 5703 recepto,

2016 5707 2413 5764 revertebatur
2444 5713 2692 5781 pedibus
2721 5717 2779 5771 in
2812 5721 3054 5790 regiam,

3596 452 3701 505 326
