  <div class='ocr_page' id='page_1' title='image "/cluster/home/n/w/nwhite01/storage/ocr_20150623/143/mdp.39015078384784/171.png"; bbox 0 0 4138 6296; ppageno 0'>
   <div class='ocr_carea' id='block_1_1' title="bbox 483 349 2117 416">
    <p class='ocr_par' dir='ltr' id='par_1_1' title="bbox 483 353 2117 409">
     <span class='ocr_line' id='line_1_1' title="bbox 483 353 2117 409; baseline 0.001 -3"><span class='ocrx_word' id='word_1_1' title='bbox 483 353 587 406; x_wconf 80' lang='grc'><strong>327</strong></span> <span class='ocrx_word' id='word_1_2' title='bbox 1680 353 2056 409; x_wconf 73' lang='lat' dir='ltr'><strong>EPHRBMII</strong></span> <span class='ocrx_word' id='word_1_3' title='bbox 2093 353 2117 408; x_wconf 88' lang='lat'>(</span> 
     </span>
    </p>
   </div>
   <div class='ocr_carea' id='block_1_2' title="bbox 2223 349 3857 416">
    <p class='ocr_par' dir='ltr' id='par_1_2' title="bbox 2223 349 3857 416">
     <span class='ocr_line' id='line_1_2' title="bbox 2223 349 3857 416; baseline 0.006 -9"><span class='ocrx_word' id='word_1_4' title='bbox 2223 349 2663 412; x_wconf 75' lang='lat' dir='ltr'><strong>LONOGRAPHI</strong></span> <span class='ocrx_word' id='word_1_5' title='bbox 3761 361 3857 416; x_wconf 83' lang='lat'>328</span> 
     </span>
    </p>
   </div>
   <div class='ocr_carea' id='block_1_3' title="bbox 2147 474 3522 553">
    <p class='ocr_par' dir='ltr' id='par_1_3' title="bbox 2147 474 3522 553">
     <span class='ocr_line' id='line_1_3' title="bbox 2147 474 3522 553; baseline 0.003 -22"><span class='ocrx_word' id='word_1_6' title='bbox 2147 481 2200 543; x_wconf 80' lang='grc' dir='ltr'>Α</span> <span class='ocrx_word' id='word_1_7' title='bbox 2231 476 2372 532; x_wconf 87' lang='grc'><strong>8905</strong></span> <span class='ocrx_word' id='word_1_8' title='bbox 2407 477 2474 533; x_wconf 87' lang='grc' dir='ltr'><em>Ἥ</em></span> <span class='ocrx_word' id='word_1_9' title='bbox 2505 477 2592 532; x_wconf 88' lang='grc' dir='ltr'><strong>καὶ</strong></span> <span class='ocrx_word' id='word_1_10' title='bbox 2617 474 2858 551; x_wconf 80' lang='grc' dir='ltr'>φοράδην</span> <span class='ocrx_word' id='word_1_11' title='bbox 2891 483 3006 540; x_wconf 82' lang='grc' dir='ltr'>τοῖς</span> <span class='ocrx_word' id='word_1_12' title='bbox 3041 479 3522 553; x_wconf 82' lang='grc' dir='ltr'>ὑπηρετουμένοις.</span> 
     </span>
    </p>
   </div>
   <div class='ocr_carea' id='block_1_4' title="bbox 2303 594 3800 668">
    <p class='ocr_par' dir='ltr' id='par_1_4' title="bbox 2303 594 3800 668">
     <span class='ocr_line' id='line_1_4' title="bbox 2303 594 3800 668; baseline 0.003 -22"><span class='ocrx_word' id='word_1_13' title='bbox 2303 594 2655 650; x_wconf 74' lang='grc' dir='ltr'>ΘΕΟΔΩΡΟΣ</span> <span class='ocrx_word' id='word_1_14' title='bbox 2698 595 2964 650; x_wconf 81' lang='grc' dir='ltr'><strong>ΔΟΥΚΑΣ</strong></span> <span class='ocrx_word' id='word_1_15' title='bbox 3005 599 3049 651; x_wconf 92' lang='lat'>0</span> <span class='ocrx_word' id='word_1_16' title='bbox 3088 597 3438 652; x_wconf 84' lang='grc' dir='ltr'><strong>ΛΑΣΚΑΡΙΣ</strong></span> <span class='ocrx_word' id='word_1_17' title='bbox 3480 597 3603 652; x_wconf 87' lang='lat' dir='ltr'><strong>ET’.</strong></span> <span class='ocrx_word' id='word_1_18' title='bbox 3640 597 3712 668; x_wconf 69' lang='lat'><strong>1&quot;,</strong></span> <span class='ocrx_word' id='word_1_19' title='bbox 3754 617 3800 660; x_wconf 86' lang='grc' dir='ltr'><strong>ς.</strong></span> 
     </span>
    </p>
   </div>
   <div class='ocr_carea' id='block_1_5' title="bbox 480 477 1528 551">
    <p class='ocr_par' dir='ltr' id='par_1_5' title="bbox 480 477 1528 551">
     <span class='ocr_line' id='line_1_5' title="bbox 480 477 1528 551; baseline -0.002 -17"><span class='ocrx_word' id='word_1_20' title='bbox 480 481 565 536; x_wconf 85' lang='lat' dir='ltr'><strong>vel</strong></span> <span class='ocrx_word' id='word_1_21' title='bbox 598 485 861 551; x_wconf 87' lang='lat' dir='ltr'><strong>gestatus</strong></span> <span class='ocrx_word' id='word_1_22' title='bbox 890 496 922 534; x_wconf 90' lang='lat' dir='ltr'><strong>a</strong></span> <span class='ocrx_word' id='word_1_23' title='bbox 954 477 1186 534; x_wconf 82' lang='lat' dir='ltr'><strong>famulis</strong></span> <span class='ocrx_word' id='word_1_24' title='bbox 1211 478 1268 532; x_wconf 91' lang='lat' dir='ltr'><strong>in</strong></span> <span class='ocrx_word' id='word_1_25' title='bbox 1301 477 1528 533; x_wconf 82' lang='lat' dir='ltr'><strong>sellula.</strong></span> 
     </span>
    </p>
   </div>
   <div class='ocr_carea' id='block_1_6' title="bbox 651 592 1946 651">
    <p class='ocr_par' dir='ltr' id='par_1_6' title="bbox 651 592 1946 651">
     <span class='ocr_line' id='line_1_6' title="bbox 651 592 1946 651; baseline -0.002 0"><span class='ocrx_word' id='word_1_26' title='bbox 651 594 1033 651; x_wconf 81' lang='lat' dir='ltr'><strong>THODORUS</strong></span> <span class='ocrx_word' id='word_1_27' title='bbox 1071 595 1289 648; x_wconf 79' lang='lat' dir='ltr'><strong>DUUAS</strong></span> <span class='ocrx_word' id='word_1_28' title='bbox 1327 594 1670 649; x_wconf 76' lang='lat' dir='ltr'><strong>LASCABIS</strong></span> <span class='ocrx_word' id='word_1_29' title='bbox 1700 593 1816 648; x_wconf 83' lang='lat' dir='ltr'><strong>AN.</strong></span> <span class='ocrx_word' id='word_1_30' title='bbox 1851 592 1946 648; x_wconf 83' lang='lat' dir='ltr'><strong>IlI.</strong></span> 
     </span>
    </p>
   </div>
   <div class='ocr_carea' id='block_1_7' title="bbox 1006 666 1589 732">
    <p class='ocr_par' dir='ltr' id='par_1_7' title="bbox 1006 666 1589 732">
     <span class='ocr_line' id='line_1_7' title="bbox 1006 666 1589 732; baseline -0.003 -10"><span class='ocrx_word' id='word_1_31' title='bbox 1006 666 1218 722; x_wconf 87' lang='lat' dir='ltr'><strong>MENS.</strong></span> <span class='ocrx_word' id='word_1_32' title='bbox 1253 666 1589 732; x_wconf 82' lang='lat' dir='ltr'><strong>ALIQUOT.</strong></span> 
     </span>
    </p>
   </div>
   <div class='ocr_carea' id='block_1_8' title="bbox 479 772 1604 843">
    <p class='ocr_par' dir='ltr' id='par_1_8' title="bbox 479 772 1604 843">
     <span class='ocr_line' id='line_1_8' title="bbox 479 772 1604 843; baseline -0.002 -15"><span class='ocrx_word' id='word_1_33' title='bbox 479 775 570 828; x_wconf 88' lang='lat' dir='ltr'><strong>Sic</strong></span> <span class='ocrx_word' id='word_1_34' title='bbox 606 774 730 827; x_wconf 66' lang='lat' dir='ltr'><strong>vitae</strong></span> <span class='ocrx_word' id='word_1_35' title='bbox 761 773 1013 828; x_wconf 82' lang='lat' dir='ltr'><strong>termino</strong></span> <span class='ocrx_word' id='word_1_36' title='bbox 1042 772 1298 827; x_wconf 86' lang='lat' dir='ltr'><strong>Joannes</strong></span> <span class='ocrx_word' id='word_1_37' title='bbox 1331 772 1604 843; x_wconf 85' lang='lat' dir='ltr'><strong>imposito</strong></span> 
     </span>
    </p>
   </div>
   <div class='ocr_carea' id='block_1_9' title="bbox 480 859 1444 931">
    <p class='ocr_par' dir='ltr' id='par_1_9' title="bbox 480 859 1444 931">
     <span class='ocr_line' id='line_1_9' title="bbox 480 859 1444 931; baseline -0.002 -16"><span class='ocrx_word' id='word_1_38' title='bbox 480 862 762 916; x_wconf 66' lang='lat' dir='ltr'><strong>hznredem</strong></span> <span class='ocrx_word' id='word_1_39' title='bbox 798 859 1102 931; x_wconf 81' lang='lat' dir='ltr'><strong>dignitatis</strong></span> <span class='ocrx_word' id='word_1_40' title='bbox 1129 867 1184 915; x_wconf 89' lang='lat' dir='ltr'><strong>et</strong></span> <span class='ocrx_word' id='word_1_41' title='bbox 1215 860 1444 931; x_wconf 89' lang='lat' dir='ltr'><strong>imperii</strong></span> 
     </span>
    </p>
   </div>
   <div class='ocr_carea' id='block_1_10' title="bbox 483 951 1656 1022">
    <p class='ocr_par' dir='ltr' id='par_1_10' title="bbox 483 951 1656 1022">
     <span class='ocr_line' id='line_1_10' title="bbox 483 951 1656 1022; baseline -0.001 -17"><span class='ocrx_word' id='word_1_42' title='bbox 483 951 664 1006; x_wconf 79' lang='lat' dir='ltr'><strong>tilium</strong></span> <span class='ocrx_word' id='word_1_43' title='bbox 699 951 932 1022; x_wconf 80' lang='lat' dir='ltr'><strong>reliquit</strong></span> <span class='ocrx_word' id='word_1_44' title='bbox 958 952 1322 1006; x_wconf 89' lang='lat' dir='ltr'><strong>Theodorum</strong></span> <span class='ocrx_word' id='word_1_45' title='bbox 1361 951 1656 1006; x_wconf 85' lang='lat' dir='ltr'><strong>Lascarim</strong></span> 
     </span>
    </p>
   </div>
   <div class='ocr_carea' id='block_1_11' title="bbox 480 1040 1674 1112">
    <p class='ocr_par' dir='ltr' id='par_1_11' title="bbox 480 1040 1674 1112">
     <span class='ocr_line' id='line_1_11' title="bbox 480 1040 1674 1112; baseline 0 -18"><span class='ocrx_word' id='word_1_46' title='bbox 480 1058 798 1112; x_wconf 80' lang='lat' dir='ltr'><strong>cognomen</strong></span> <span class='ocrx_word' id='word_1_47' title='bbox 829 1041 884 1094; x_wconf 90' lang='lat' dir='ltr'><strong>id</strong></span> <span class='ocrx_word' id='word_1_48' title='bbox 918 1040 1228 1095; x_wconf 75' lang='lat' dir='ltr'><strong>habentem</strong></span> <span class='ocrx_word' id='word_1_49' title='bbox 1260 1059 1291 1095; x_wconf 92' lang='lat' dir='ltr'><strong>a</strong></span> <span class='ocrx_word' id='word_1_50' title='bbox 1331 1040 1674 1110; x_wconf 80' lang='lat' dir='ltr'><strong>majoribus,</strong></span> 
     </span>
    </p>
   </div>
   <div class='ocr_carea' id='block_1_12' title="bbox 477 1129 1711 1200">
    <p class='ocr_par' dir='ltr' id='par_1_12' title="bbox 477 1129 1711 1200">
     <span class='ocr_line' id='line_1_12' title="bbox 477 1129 1711 1200; baseline -0.001 -17"><span class='ocrx_word' id='word_1_51' title='bbox 477 1147 662 1184; x_wconf 88' lang='lat' dir='ltr'><strong>annos</strong></span> <span class='ocrx_word' id='word_1_52' title='bbox 692 1134 833 1184; x_wconf 88' lang='lat' dir='ltr'><strong>tunc</strong></span> <span class='ocrx_word' id='word_1_53' title='bbox 864 1133 1062 1184; x_wconf 85' lang='lat' dir='ltr'><strong>natum</strong></span> <span class='ocrx_word' id='word_1_54' title='bbox 1093 1133 1210 1184; x_wconf 89' lang='lat' dir='ltr'><strong>tres</strong></span> <span class='ocrx_word' id='word_1_55' title='bbox 1241 1145 1420 1200; x_wconf 80' lang='lat' dir='ltr'><strong>supra</strong></span> <span class='ocrx_word' id='word_1_56' title='bbox 1451 1129 1711 1199; x_wconf 79' lang='lat' dir='ltr'><strong>triginta,</strong></span> 
     </span>
    </p>
   </div>
   <div class='ocr_carea' id='block_1_13' title="bbox 479 1218 1529 1288">
    <p class='ocr_par' dir='ltr' id='par_1_13' title="bbox 479 1218 1529 1288">
     <span class='ocr_line' id='line_1_13' title="bbox 479 1218 1529 1288; baseline 0.001 -17"><span class='ocrx_word' id='word_1_57' title='bbox 479 1223 541 1272; x_wconf 91' lang='lat' dir='ltr'><strong>ut</strong></span> <span class='ocrx_word' id='word_1_58' title='bbox 576 1218 942 1273; x_wconf 88' lang='lat' dir='ltr'><strong>tradiderunt</strong></span> <span class='ocrx_word' id='word_1_59' title='bbox 972 1223 1299 1288; x_wconf 77' lang='lat' dir='ltr'><strong>temporum</strong></span> <span class='ocrx_word' id='word_1_60' title='bbox 1341 1218 1529 1287; x_wconf 90' lang='lat' dir='ltr'><strong>periti.</strong></span> 
     </span>
    </p>
   </div>
   <div class='ocr_carea' id='block_1_14' title="bbox 479 1306 1581 1377">
    <p class='ocr_par' dir='ltr' id='par_1_14' title="bbox 479 1306 1581 1377">
     <span class='ocr_line' id='line_1_14' title="bbox 479 1306 1581 1377; baseline 0.001 -16"><span class='ocrx_word' id='word_1_61' title='bbox 479 1307 643 1361; x_wconf 84' lang='lat' dir='ltr'><strong>Hunc</strong></span> <span class='ocrx_word' id='word_1_62' title='bbox 669 1323 828 1362; x_wconf 90' lang='lat' dir='ltr'><strong>more</strong></span> <span class='ocrx_word' id='word_1_63' title='bbox 860 1307 1026 1361; x_wconf 89' lang='lat' dir='ltr'><strong>solito</strong></span> <span class='ocrx_word' id='word_1_64' title='bbox 1052 1306 1250 1377; x_wconf 83' lang='lat' dir='ltr'><strong>clypeo</strong></span> <span class='ocrx_word' id='word_1_65' title='bbox 1281 1307 1581 1362; x_wconf 90' lang='lat' dir='ltr'><strong>sublatum</strong></span> 
     </span>
    </p>
   </div>
   <div class='ocr_carea' id='block_1_15' title="bbox 478 1395 1529 1466">
    <p class='ocr_par' dir='ltr' id='par_1_15' title="bbox 478 1395 1529 1466">
     <span class='ocr_line' id='line_1_15' title="bbox 478 1395 1529 1466; baseline 0 -17"><span class='ocrx_word' id='word_1_66' title='bbox 478 1397 888 1464; x_wconf 80' lang='lat' dir='ltr'><strong>imperatorem</strong></span> <span class='ocrx_word' id='word_1_67' title='bbox 922 1395 1198 1450; x_wconf 83' lang='lat' dir='ltr'><strong>salutavit</strong></span> <span class='ocrx_word' id='word_1_68' title='bbox 1229 1395 1481 1466; x_wconf 88' lang='lat' dir='ltr'><strong>populus</strong></span> <span class='ocrx_word' id='word_1_69' title='bbox 1517 1413 1529 1449; x_wconf 94' lang='lat'>:</span> 
     </span>
    </p>
   </div>
   <div class='ocr_carea' id='block_1_16' title="bbox 478 1483 1493 1554">
    <p class='ocr_par' dir='ltr' id='par_1_16' title="bbox 478 1483 1493 1554">
     <span class='ocr_line' id='line_1_16' title="bbox 478 1483 1493 1554; baseline 0.004 -18"><span class='ocrx_word' id='word_1_70' title='bbox 478 1484 645 1553; x_wconf 80' lang='lat' dir='ltr'><strong>isque</strong></span> <span class='ocrx_word' id='word_1_71' title='bbox 676 1483 978 1554; x_wconf 68' lang='lat' dir='ltr'><strong>Nymphaei</strong></span> <span class='ocrx_word' id='word_1_72' title='bbox 1012 1483 1166 1553; x_wconf 74' lang='lat' dir='ltr'><strong>regia</strong></span> <span class='ocrx_word' id='word_1_73' title='bbox 1200 1484 1493 1554; x_wconf 83' lang='lat' dir='ltr'><strong>profectus</strong></span> 
     </span>
    </p>
   </div>
   <div class='ocr_carea' id='block_1_17' title="bbox 478 1571 1588 1642">
    <p class='ocr_par' dir='ltr' id='par_1_17' title="bbox 478 1571 1588 1642">
     <span class='ocr_line' id='line_1_17' title="bbox 478 1571 1588 1642; baseline 0.001 -18"><span class='ocrx_word' id='word_1_74' title='bbox 478 1571 942 1642; x_wconf 82' lang='lat' dir='ltr'><strong>Philadelphiam</strong></span> <span class='ocrx_word' id='word_1_75' title='bbox 971 1572 1097 1626; x_wconf 88' lang='lat' dir='ltr'><strong>sine</strong></span> <span class='ocrx_word' id='word_1_76' title='bbox 1128 1588 1290 1626; x_wconf 91' lang='lat' dir='ltr'><strong>mora</strong></span> <span class='ocrx_word' id='word_1_77' title='bbox 1322 1571 1588 1638; x_wconf 88' lang='lat' dir='ltr'><strong>accessit,</strong></span> 
     </span>
    </p>
   </div>
   <div class='ocr_carea' id='block_1_18' title="bbox 479 1659 1625 1715">
    <p class='ocr_par' dir='ltr' id='par_1_18' title="bbox 479 1659 1625 1715">
     <span class='ocr_line' id='line_1_18' title="bbox 479 1659 1625 1715; baseline -0.001 -2"><span class='ocrx_word' id='word_1_78' title='bbox 479 1660 577 1714; x_wconf 85' lang='lat' dir='ltr'><strong>ubi</strong></span> <span class='ocrx_word' id='word_1_79' title='bbox 607 1676 738 1714; x_wconf 90' lang='lat' dir='ltr'><strong>cum</strong></span> <span class='ocrx_word' id='word_1_80' title='bbox 761 1659 990 1714; x_wconf 85' lang='lat' dir='ltr'><strong>sultano</strong></span> <span class='ocrx_word' id='word_1_81' title='bbox 1024 1660 1210 1714; x_wconf 64' lang='lat' dir='ltr'><strong>foedus</strong></span> <span class='ocrx_word' id='word_1_82' title='bbox 1242 1661 1625 1715; x_wconf 82' lang='lat' dir='ltr'><strong>confirmavit.</strong></span> 
     </span>
    </p>
   </div>
   <div class='ocr_carea' id='block_1_19' title="bbox 477 1747 1682 1818">
    <p class='ocr_par' dir='ltr' id='par_1_19' title="bbox 477 1747 1682 1818">
     <span class='ocr_line' id='line_1_19' title="bbox 477 1747 1682 1818; baseline 0.002 -18"><span class='ocrx_word' id='word_1_83' title='bbox 477 1747 644 1801; x_wconf 86' lang='lat' dir='ltr'><strong>Illinc</strong></span> <span class='ocrx_word' id='word_1_84' title='bbox 675 1747 964 1802; x_wconf 70' lang='lat' dir='ltr'><strong>Nicaenam</strong></span> <span class='ocrx_word' id='word_1_85' title='bbox 1012 1764 1356 1818; x_wconf 87' lang='lat' dir='ltr'><strong>progressus</strong></span> <span class='ocrx_word' id='word_1_86' title='bbox 1389 1747 1444 1801; x_wconf 91' lang='lat' dir='ltr'><strong>in</strong></span> <span class='ocrx_word' id='word_1_87' title='bbox 1481 1749 1682 1802; x_wconf 88' lang='lat' dir='ltr'><strong>urbem</strong></span> 
     </span>
    </p>
   </div>
   <div class='ocr_carea' id='block_1_20' title="bbox 477 1835 1612 1907">
    <p class='ocr_par' dir='ltr' id='par_1_20' title="bbox 477 1835 1612 1907">
     <span class='ocr_line' id='line_1_20' title="bbox 477 1835 1612 1907; baseline -0.001 -17"><span class='ocrx_word' id='word_1_88' title='bbox 477 1836 701 1907; x_wconf 88' lang='lat' dir='ltr'><strong>regium</strong></span> <span class='ocrx_word' id='word_1_89' title='bbox 728 1837 998 1907; x_wconf 88' lang='lat' dir='ltr'><strong>plausum</strong></span> <span class='ocrx_word' id='word_1_90' title='bbox 1041 1836 1227 1890; x_wconf 84' lang='lat' dir='ltr'><strong>audiit</strong></span> <span class='ocrx_word' id='word_1_91' title='bbox 1257 1835 1612 1890; x_wconf 88' lang='lat' dir='ltr'><strong>solemniter.</strong></span> 
     </span>
    </p>
   </div>
   <div class='ocr_carea' id='block_1_21' title="bbox 476 1924 1663 1994">
    <p class='ocr_par' dir='ltr' id='par_1_21' title="bbox 476 1924 1663 1994">
     <span class='ocr_line' id='line_1_21' title="bbox 476 1924 1663 1994; baseline 0 -16"><span class='ocrx_word' id='word_1_92' title='bbox 476 1925 606 1979; x_wconf 85' lang='lat' dir='ltr'><strong>Mox</strong></span> <span class='ocrx_word' id='word_1_93' title='bbox 637 1924 1004 1994; x_wconf 84' lang='lat' dir='ltr'><strong>congregatis</strong></span> <span class='ocrx_word' id='word_1_94' title='bbox 1038 1924 1297 1994; x_wconf 88' lang='lat' dir='ltr'><strong>undique</strong></span> <span class='ocrx_word' id='word_1_95' title='bbox 1328 1925 1663 1994; x_wconf 85' lang='lat' dir='ltr'><strong>pastoribus</strong></span> 
     </span>
    </p>
   </div>
   <div class='ocr_carea' id='block_1_22' title="bbox 481 2011 1389 2083">
    <p class='ocr_par' dir='ltr' id='par_1_22' title="bbox 481 2011 1389 2083">
     <span class='ocr_line' id='line_1_22' title="bbox 481 2011 1389 2083; baseline 0.001 -17"><span class='ocrx_word' id='word_1_96' title='bbox 481 2013 888 2083; x_wconf 75' lang='lat' dir='ltr'><strong>praecipuaque</strong></span> <span class='ocrx_word' id='word_1_97' title='bbox 921 2012 1027 2066; x_wconf 90' lang='lat' dir='ltr'><strong>rite</strong></span> <span class='ocrx_word' id='word_1_98' title='bbox 1057 2011 1195 2066; x_wconf 84' lang='lat' dir='ltr'><strong>cleri</strong></span> <span class='ocrx_word' id='word_1_99' title='bbox 1227 2017 1389 2082; x_wconf 88' lang='lat' dir='ltr'><strong>parte</strong></span> 
     </span>
    </p>
   </div>
   <div class='ocr_carea' id='block_1_23' title="bbox 481 2100 1795 2172">
    <p class='ocr_par' dir='ltr' id='par_1_23' title="bbox 481 2100 1795 2172">
     <span class='ocr_line' id='line_1_23' title="bbox 481 2100 1795 2172; baseline -0.001 -16"><span class='ocrx_word' id='word_1_100' title='bbox 481 2118 616 2156; x_wconf 91' lang='lat' dir='ltr'><strong>cum</strong></span> <span class='ocrx_word' id='word_1_101' title='bbox 644 2100 737 2156; x_wconf 90' lang='lat' dir='ltr'><strong>his</strong></span> <span class='ocrx_word' id='word_1_102' title='bbox 767 2103 836 2155; x_wconf 90' lang='lat' dir='ltr'><strong>de</strong></span> <span class='ocrx_word' id='word_1_103' title='bbox 867 2117 1099 2155; x_wconf 90' lang='lat' dir='ltr'><strong>summo</strong></span> <span class='ocrx_word' id='word_1_104' title='bbox 1140 2101 1385 2172; x_wconf 73' lang='lat' dir='ltr'><strong>praesule</strong></span> <span class='ocrx_word' id='word_1_105' title='bbox 1416 2101 1795 2170; x_wconf 82' lang='lat' dir='ltr'><strong>deliberabat,</strong></span> 
     </span>
    </p>
   </div>
   <div class='ocr_carea' id='block_1_24' title="bbox 479 2188 1639 2260">
    <p class='ocr_par' dir='ltr' id='par_1_24' title="bbox 479 2188 1639 2260">
     <span class='ocr_line' id='line_1_24' title="bbox 479 2188 1639 2260; baseline 0.001 -16"><span class='ocrx_word' id='word_1_106' title='bbox 479 2190 757 2260; x_wconf 89' lang='lat' dir='ltr'><strong>quoniam</strong></span> <span class='ocrx_word' id='word_1_107' title='bbox 790 2188 1021 2244; x_wconf 85' lang='lat' dir='ltr'><strong>Manuel</strong></span> <span class='ocrx_word' id='word_1_108' title='bbox 1055 2189 1386 2260; x_wconf 86' lang='lat' dir='ltr'><strong>patriarcha</strong></span> <span class='ocrx_word' id='word_1_109' title='bbox 1415 2190 1639 2245; x_wconf 85' lang='lat' dir='ltr'><strong>obierat</strong></span> 
     </span>
    </p>
   </div>
   <div class='ocr_carea' id='block_1_25' title="bbox 481 2277 1539 2334">
    <p class='ocr_par' dir='ltr' id='par_1_25' title="bbox 481 2277 1539 2334">
     <span class='ocr_line' id='line_1_25' title="bbox 481 2277 1539 2334; baseline 0.002 -2"><span class='ocrx_word' id='word_1_110' title='bbox 481 2277 780 2333; x_wconf 87' lang='lat' dir='ltr'><strong>mensibus</strong></span> <span class='ocrx_word' id='word_1_111' title='bbox 812 2281 943 2332; x_wconf 86' lang='lat' dir='ltr'><strong>ante</strong></span> <span class='ocrx_word' id='word_1_112' title='bbox 974 2281 1254 2332; x_wconf 59' lang='lat' dir='ltr'><strong>Caesarem</strong></span> <span class='ocrx_word' id='word_1_113' title='bbox 1289 2278 1539 2334; x_wconf 90' lang='lat' dir='ltr'><strong>duobus.</strong></span> 
     </span>
    </p>
   </div>
   <div class='ocr_carea' id='block_1_26' title="bbox 478 2366 1744 2437">
    <p class='ocr_par' dir='ltr' id='par_1_26' title="bbox 478 2366 1744 2437">
     <span class='ocr_line' id='line_1_26' title="bbox 478 2366 1744 2437; baseline 0 -16"><span class='ocrx_word' id='word_1_114' title='bbox 478 2370 664 2437; x_wconf 88' lang='lat' dir='ltr'><strong>Atque</strong></span> <span class='ocrx_word' id='word_1_115' title='bbox 694 2366 750 2420; x_wconf 92' lang='lat' dir='ltr'><strong>id</strong></span> <span class='ocrx_word' id='word_1_116' title='bbox 786 2366 1050 2437; x_wconf 84' lang='lat' dir='ltr'><strong>urgebat,</strong></span> <span class='ocrx_word' id='word_1_117' title='bbox 1083 2370 1148 2420; x_wconf 89' lang='lat' dir='ltr'><strong>ut</strong></span> <span class='ocrx_word' id='word_1_118' title='bbox 1177 2377 1409 2437; x_wconf 80' lang='lat' dir='ltr'><strong>accepto</strong></span> <span class='ocrx_word' id='word_1_119' title='bbox 1437 2371 1744 2422; x_wconf 85' lang='lat' dir='ltr'><strong>stemmate</strong></span> 
     </span>
    </p>
   </div>
   <div class='ocr_carea' id='block_1_27' title="bbox 481 2454 1536 2521">
    <p class='ocr_par' dir='ltr' id='par_1_27' title="bbox 481 2454 1536 2521">
     <span class='ocr_line' id='line_1_27' title="bbox 481 2454 1536 2521; baseline -0.001 -11"><span class='ocrx_word' id='word_1_120' title='bbox 481 2457 542 2510; x_wconf 91' lang='lat' dir='ltr'><strong>in</strong></span> <span class='ocrx_word' id='word_1_121' title='bbox 572 2455 928 2511; x_wconf 85' lang='lat' dir='ltr'><strong>occidentem</strong></span> <span class='ocrx_word' id='word_1_122' title='bbox 965 2454 1072 2508; x_wconf 87' lang='lat' dir='ltr'><strong>iret</strong></span> <span class='ocrx_word' id='word_1_123' title='bbox 1095 2471 1228 2509; x_wconf 91' lang='lat' dir='ltr'><strong>cum</strong></span> <span class='ocrx_word' id='word_1_124' title='bbox 1259 2454 1536 2521; x_wconf 86' lang='lat' dir='ltr'><strong>exercitu,</strong></span> 
     </span>
    </p>
   </div>
   <div class='ocr_carea' id='block_1_28' title="bbox 483 2541 1574 2613">
    <p class='ocr_par' dir='ltr' id='par_1_28' title="bbox 483 2541 1574 2613">
     <span class='ocr_line' id='line_1_28' title="bbox 483 2541 1574 2613; baseline -0.001 -16"><span class='ocrx_word' id='word_1_125' title='bbox 483 2561 573 2598; x_wconf 85' lang='lat' dir='ltr'><strong>res</strong></span> <span class='ocrx_word' id='word_1_126' title='bbox 597 2543 674 2598; x_wconf 89' lang='lat' dir='ltr'><strong>ibi</strong></span> <span class='ocrx_word' id='word_1_127' title='bbox 711 2543 984 2597; x_wconf 87' lang='lat' dir='ltr'><strong>turbante</strong></span> <span class='ocrx_word' id='word_1_128' title='bbox 1015 2541 1294 2597; x_wconf 86' lang='lat' dir='ltr'><strong>Michaele</strong></span> <span class='ocrx_word' id='word_1_129' title='bbox 1327 2543 1574 2613; x_wconf 81' lang='lat' dir='ltr'><strong>Bulgaro</strong></span> 
     </span>
    </p>
   </div>
   <div class='ocr_carea' id='block_1_29' title="bbox 482 2629 1675 2702">
    <p class='ocr_par' dir='ltr' id='par_1_29' title="bbox 482 2629 1675 2702">
     <span class='ocr_line' id='line_1_29' title="bbox 482 2629 1675 2702; baseline -0.001 -19"><span class='ocrx_word' id='word_1_130' title='bbox 482 2647 657 2701; x_wconf 87' lang='lat' dir='ltr'><strong>quem</strong></span> <span class='ocrx_word' id='word_1_131' title='bbox 692 2647 760 2685; x_wconf 83' lang='lat' dir='ltr'><strong>ex</strong></span> <span class='ocrx_word' id='word_1_132' title='bbox 792 2636 980 2684; x_wconf 82' lang='lat' dir='ltr'><strong>Asane</strong></span> <span class='ocrx_word' id='word_1_133' title='bbox 1011 2631 1274 2684; x_wconf 74' lang='lat' dir='ltr'><strong>ediderat</strong></span> <span class='ocrx_word' id='word_1_134' title='bbox 1305 2630 1422 2684; x_wconf 83' lang='lat' dir='ltr'><strong>{ilia</strong></span> <span class='ocrx_word' id='word_1_135' title='bbox 1454 2629 1675 2702; x_wconf 87' lang='lat' dir='ltr'><strong>Angeli.</strong></span> 
     </span>
    </p>
   </div>
   <div class='ocr_carea' id='block_1_30' title="bbox 478 2716 1473 2785">
    <p class='ocr_par' dir='ltr' id='par_1_30' title="bbox 478 2716 1473 2785">
     <span class='ocr_line' id='line_1_30' title="bbox 478 2716 1473 2785; baseline 0.001 -15"><span class='ocrx_word' id='word_1_136' title='bbox 478 2717 718 2773; x_wconf 67' lang='lat' dir='ltr'><strong>Caesaris</strong></span> <span class='ocrx_word' id='word_1_137' title='bbox 749 2717 902 2771; x_wconf 88' lang='lat' dir='ltr'><strong>enim</strong></span> <span class='ocrx_word' id='word_1_138' title='bbox 939 2716 1032 2771; x_wconf 90' lang='lat' dir='ltr'><strong>hic</strong></span> <span class='ocrx_word' id='word_1_139' title='bbox 1063 2717 1261 2771; x_wconf 90' lang='lat' dir='ltr'><strong>audito</strong></span> <span class='ocrx_word' id='word_1_140' title='bbox 1287 2718 1473 2785; x_wconf 89' lang='lat' dir='ltr'><strong>obitu,</strong></span> 
     </span>
    </p>
   </div>
   <div class='ocr_carea' id='block_1_31' title="bbox 477 2806 1595 2876">
    <p class='ocr_par' dir='ltr' id='par_1_31' title="bbox 477 2806 1595 2876">
     <span class='ocr_line' id='line_1_31' title="bbox 477 2806 1595 2876; baseline -0.001 -14"><span class='ocrx_word' id='word_1_141' title='bbox 477 2814 676 2862; x_wconf 88' lang='lat' dir='ltr'><strong>nostra</strong></span> <span class='ocrx_word' id='word_1_142' title='bbox 710 2806 1045 2860; x_wconf 85' lang='lat' dir='ltr'><strong>incursabat</strong></span> <span class='ocrx_word' id='word_1_143' title='bbox 1076 2807 1325 2876; x_wconf 86' lang='lat' dir='ltr'><strong>graviter</strong></span> <span class='ocrx_word' id='word_1_144' title='bbox 1354 2807 1595 2862; x_wconf 82' lang='lat' dir='ltr'><strong>castella</strong></span> 
     </span>
    </p>
   </div>
   <div class='ocr_carea' id='block_1_32' title="bbox 483 2896 1508 2967">
    <p class='ocr_par' dir='ltr' id='par_1_32' title="bbox 483 2896 1508 2967">
     <span class='ocr_line' id='line_1_32' title="bbox 483 2896 1508 2967; baseline 0 -16"><span class='ocrx_word' id='word_1_145' title='bbox 483 2896 806 2967; x_wconf 85' lang='lat' dir='ltr'><strong>llcsperiisq</strong></span> <span class='ocrx_word' id='word_1_146' title='bbox 819 2913 885 2949; x_wconf 90' lang='lat' dir='ltr'><strong>ue</strong></span> <span class='ocrx_word' id='word_1_147' title='bbox 911 2896 1156 2950; x_wconf 86' lang='lat' dir='ltr'><strong>nocebat</strong></span> <span class='ocrx_word' id='word_1_148' title='bbox 1178 2897 1508 2965; x_wconf 79' lang='lat' dir='ltr'><strong>provinciis.</strong></span> 
     </span>
    </p>
   </div>
   <div class='ocr_carea' id='block_1_33' title="bbox 479 2983 1388 3054">
    <p class='ocr_par' dir='ltr' id='par_1_33' title="bbox 479 2983 1388 3054">
     <span class='ocr_line' id='line_1_33' title="bbox 479 2983 1388 3054; baseline -0.001 -15"><span class='ocrx_word' id='word_1_149' title='bbox 479 2987 676 3054; x_wconf 86' lang='lat' dir='ltr'><strong>Itaque</strong></span> <span class='ocrx_word' id='word_1_150' title='bbox 708 2983 838 3038; x_wconf 90' lang='lat' dir='ltr'><strong>aliis</strong></span> <span class='ocrx_word' id='word_1_151' title='bbox 861 2983 1005 3038; x_wconf 89' lang='lat' dir='ltr'><strong>alios</strong></span> <span class='ocrx_word' id='word_1_152' title='bbox 1037 2983 1388 3053; x_wconf 89' lang='lat' dir='ltr'><strong>eligenlibus</strong></span> 
     </span>
    </p>
   </div>
   <div class='ocr_carea' id='block_1_34' title="bbox 479 3072 1648 3143">
    <p class='ocr_par' dir='ltr' id='par_1_34' title="bbox 479 3072 1648 3143">
     <span class='ocr_line' id='line_1_34' title="bbox 479 3072 1648 3143; baseline 0 -16"><span class='ocrx_word' id='word_1_153' title='bbox 479 3074 550 3127; x_wconf 90' lang='lat' dir='ltr'><strong>ad</strong></span> <span class='ocrx_word' id='word_1_154' title='bbox 586 3072 926 3143; x_wconf 71' lang='lat' dir='ltr'><strong>patriarcha:</strong></span> <span class='ocrx_word' id='word_1_155' title='bbox 959 3087 1250 3126; x_wconf 86' lang='lat' dir='ltr'><strong>summam</strong></span> <span class='ocrx_word' id='word_1_156' title='bbox 1284 3073 1648 3143; x_wconf 85' lang='lat' dir='ltr'><strong>dignitatem,</strong></span> 
     </span>
    </p>
   </div>
   <div class='ocr_carea' id='block_1_35' title="bbox 479 3159 1825 3232">
    <p class='ocr_par' dir='ltr' id='par_1_35' title="bbox 479 3159 1825 3232">
     <span class='ocr_line' id='line_1_35' title="bbox 479 3159 1825 3232; baseline -0.001 -15"><span class='ocrx_word' id='word_1_157' title='bbox 479 3161 808 3218; x_wconf 89' lang='lat' dir='ltr'><strong>communis</strong></span> <span class='ocrx_word' id='word_1_158' title='bbox 840 3161 1074 3214; x_wconf 88' lang='lat' dir='ltr'><strong>demum</strong></span> <span class='ocrx_word' id='word_1_159' title='bbox 1110 3159 1504 3232; x_wconf 84' lang='lat' dir='ltr'><strong>Blemmydam</strong></span> <span class='ocrx_word' id='word_1_160' title='bbox 1539 3160 1825 3216; x_wconf 88' lang='lat' dir='ltr'><strong>sententia</strong></span> 
     </span>
    </p>
   </div>
   <div class='ocr_carea' id='block_1_36' title="bbox 477 3248 1663 3322">
    <p class='ocr_par' dir='ltr' id='par_1_36' title="bbox 477 3248 1663 3322">
     <span class='ocr_line' id='line_1_36' title="bbox 477 3248 1663 3322; baseline -0.003 -16"><span class='ocrx_word' id='word_1_161' title='bbox 477 3250 867 3322; x_wconf 88' lang='lat' dir='ltr'><strong>Nicephorum</strong></span> <span class='ocrx_word' id='word_1_162' title='bbox 901 3248 1119 3303; x_wconf 86' lang='lat' dir='ltr'><strong>honore</strong></span> <span class='ocrx_word' id='word_1_163' title='bbox 1149 3248 1389 3318; x_wconf 86' lang='lat' dir='ltr'><strong>dignum</strong></span> <span class='ocrx_word' id='word_1_164' title='bbox 1420 3251 1663 3316; x_wconf 80' lang='lat' dir='ltr'><strong>censuit,</strong></span> 
     </span>
    </p>
   </div>
   <div class='ocr_carea' id='block_1_37' title="bbox 477 3339 1827 3408">
    <p class='ocr_par' dir='ltr' id='par_1_37' title="bbox 477 3339 1827 3408">
     <span class='ocr_line' id='line_1_37' title="bbox 477 3339 1827 3408; baseline -0.001 -14"><span class='ocrx_word' id='word_1_165' title='bbox 477 3340 667 3394; x_wconf 89' lang='lat' dir='ltr'><strong>virum</strong></span> <span class='ocrx_word' id='word_1_166' title='bbox 699 3339 908 3391; x_wconf 87' lang='lat' dir='ltr'><strong>virtute</strong></span> <span class='ocrx_word' id='word_1_167' title='bbox 942 3344 994 3391; x_wconf 88' lang='lat' dir='ltr'><strong>el</strong></span> <span class='ocrx_word' id='word_1_168' title='bbox 1026 3342 1217 3392; x_wconf 86' lang='lat' dir='ltr'><strong>mente</strong></span> <span class='ocrx_word' id='word_1_169' title='bbox 1250 3339 1827 3408; x_wconf 73' lang='lat' dir='ltr'><strong>praestantissimum,</strong></span> 
     </span>
    </p>
   </div>
   <div class='ocr_carea' id='block_1_38' title="bbox 477 3426 1687 3498">
    <p class='ocr_par' dir='ltr' id='par_1_38' title="bbox 477 3426 1687 3498">
     <span class='ocr_line' id='line_1_38' title="bbox 477 3426 1687 3498; baseline -0.002 -15"><span class='ocrx_word' id='word_1_170' title='bbox 477 3427 637 3484; x_wconf 92' lang='lat' dir='ltr'><strong>omni</strong></span> <span class='ocrx_word' id='word_1_171' title='bbox 665 3431 1004 3481; x_wconf 84' lang='lat' dir='ltr'><strong>exornatum</strong></span> <span class='ocrx_word' id='word_1_172' title='bbox 1037 3426 1431 3481; x_wconf 85' lang='lat' dir='ltr'><strong>doctrinarum</strong></span> <span class='ocrx_word' id='word_1_173' title='bbox 1457 3442 1687 3498; x_wconf 85' lang='lat' dir='ltr'><strong>genere,</strong></span> 
     </span>
    </p>
   </div>
   <div class='ocr_carea' id='block_1_39' title="bbox 478 3513 1568 3586">
    <p class='ocr_par' dir='ltr' id='par_1_39' title="bbox 478 3513 1568 3586">
     <span class='ocr_line' id='line_1_39' title="bbox 478 3513 1568 3586; baseline -0.002 -15"><span class='ocrx_word' id='word_1_174' title='bbox 478 3531 715 3586; x_wconf 71' lang='lat' dir='ltr'><strong>sumque</strong></span> <span class='ocrx_word' id='word_1_175' title='bbox 747 3514 933 3568; x_wconf 64' lang='lat' dir='ltr'><strong>aetatis</strong></span> <span class='ocrx_word' id='word_1_176' title='bbox 968 3513 1187 3569; x_wconf 91' lang='lat' dir='ltr'><strong>nemini</strong></span> <span class='ocrx_word' id='word_1_177' title='bbox 1220 3516 1568 3582; x_wconf 90' lang='lat' dir='ltr'><strong>secundum,</strong></span> 
     </span>
    </p>
   </div>
   <div class='ocr_carea' id='block_1_40' title="bbox 474 3601 1557 3674">
    <p class='ocr_par' dir='ltr' id='par_1_40' title="bbox 474 3601 1557 3674">
     <span class='ocr_line' id='line_1_40' title="bbox 474 3601 1557 3674; baseline 0 -17"><span class='ocrx_word' id='word_1_178' title='bbox 474 3601 888 3672; x_wconf 69' lang='lat' dir='ltr'><strong>diciplinarum</strong></span> <span class='ocrx_word' id='word_1_179' title='bbox 913 3604 1176 3656; x_wconf 88' lang='lat' dir='ltr'><strong>omnium</strong></span> <span class='ocrx_word' id='word_1_180' title='bbox 1210 3603 1557 3674; x_wconf 88' lang='lat' dir='ltr'><strong>magistrum</strong></span> 
     </span>
    </p>
   </div>
   <div class='ocr_carea' id='block_1_41' title="bbox 477 3691 1620 3757">
    <p class='ocr_par' dir='ltr' id='par_1_41' title="bbox 477 3691 1620 3757">
     <span class='ocr_line' id='line_1_41' title="bbox 477 3691 1620 3757; baseline -0.001 -10"><span class='ocrx_word' id='word_1_181' title='bbox 477 3698 532 3747; x_wconf 89' lang='lat' dir='ltr'><strong>et</strong></span> <span class='ocrx_word' id='word_1_182' title='bbox 563 3707 793 3746; x_wconf 90' lang='lat' dir='ltr'><strong>summo</strong></span> <span class='ocrx_word' id='word_1_183' title='bbox 817 3691 1236 3746; x_wconf 70' lang='lat' dir='ltr'><strong>amore&#39;Caesari</strong></span> <span class='ocrx_word' id='word_1_184' title='bbox 1262 3692 1620 3757; x_wconf 89' lang='lat' dir='ltr'><strong>devinctum,</strong></span> 
     </span>
    </p>
   </div>
   <div class='ocr_carea' id='block_1_42' title="bbox 477 3778 1681 3850">
    <p class='ocr_par' dir='ltr' id='par_1_42' title="bbox 477 3778 1681 3850">
     <span class='ocr_line' id='line_1_42' title="bbox 477 3778 1681 3850; baseline 0.001 -17"><span class='ocrx_word' id='word_1_185' title='bbox 477 3779 568 3833; x_wconf 80' lang='lat' dir='ltr'><strong>cui</strong></span> <span class='ocrx_word' id='word_1_186' title='bbox 596 3779 813 3833; x_wconf 86' lang='lat' dir='ltr'><strong>litteras</strong></span> <span class='ocrx_word' id='word_1_187' title='bbox 847 3778 1092 3833; x_wconf 82' lang='lat' dir='ltr'><strong>discenti</strong></span> <span class='ocrx_word' id='word_1_188' title='bbox 1129 3784 1446 3850; x_wconf 72' lang='lat' dir='ltr'><strong>praeceptor</strong></span> <span class='ocrx_word' id='word_1_189' title='bbox 1478 3782 1681 3849; x_wconf 75' lang='lat' dir='ltr'><strong>fuerat,</strong></span> 
     </span>
    </p>
   </div>
   <div class='ocr_carea' id='block_1_43' title="bbox 476 3866 1672 3940">
    <p class='ocr_par' dir='ltr' id='par_1_43' title="bbox 476 3866 1672 3940">
     <span class='ocr_line' id='line_1_43' title="bbox 476 3866 1672 3940; baseline 0.001 -19"><span class='ocrx_word' id='word_1_190' title='bbox 476 3884 699 3923; x_wconf 90' lang='lat' dir='ltr'><strong>necnon</strong></span> <span class='ocrx_word' id='word_1_191' title='bbox 734 3867 801 3920; x_wconf 89' lang='lat' dir='ltr'><strong>ad</strong></span> <span class='ocrx_word' id='word_1_192' title='bbox 831 3866 974 3921; x_wconf 87' lang='lat' dir='ltr'><strong>alias</strong></span> <span class='ocrx_word' id='word_1_193' title='bbox 1008 3867 1281 3936; x_wconf 87' lang='lat' dir='ltr'><strong>pulchras</strong></span> <span class='ocrx_word' id='word_1_194' title='bbox 1313 3868 1672 3940; x_wconf 87' lang='lat' dir='ltr'><strong>disciplinas.</strong></span> 
     </span>
    </p>
   </div>
   <div class='ocr_carea' id='block_1_44' title="bbox 475 3954 1575 4026">
    <p class='ocr_par' dir='ltr' id='par_1_44' title="bbox 475 3954 1575 4026">
     <span class='ocr_line' id='line_1_44' title="bbox 475 3954 1575 4026; baseline 0 -16"><span class='ocrx_word' id='word_1_195' title='bbox 475 3957 617 4010; x_wconf 87' lang='lat' dir='ltr'><strong>Mire</strong></span> <span class='ocrx_word' id='word_1_196' title='bbox 648 3971 783 4025; x_wconf 88' lang='lat' dir='ltr'><strong>ergo</strong></span> <span class='ocrx_word' id='word_1_197' title='bbox 814 3954 1021 4008; x_wconf 70' lang='lat' dir='ltr'><strong>Caesari</strong></span> <span class='ocrx_word' id='word_1_198' title='bbox 1056 3955 1316 4026; x_wconf 88' lang='lat' dir='ltr'><strong>placebat</strong></span> <span class='ocrx_word' id='word_1_199' title='bbox 1353 3957 1575 4022; x_wconf 90' lang='lat' dir='ltr'><strong>electio,</strong></span> 
     </span>
    </p>
   </div>
   <div class='ocr_carea' id='block_1_45' title="bbox 475 4043 1659 4114">
    <p class='ocr_par' dir='ltr' id='par_1_45' title="bbox 475 4043 1659 4114">
     <span class='ocr_line' id='line_1_45' title="bbox 475 4043 1659 4114; baseline 0.004 -19"><span class='ocrx_word' id='word_1_200' title='bbox 475 4044 572 4114; x_wconf 89' lang='lat' dir='ltr'><strong>qui</strong></span> <span class='ocrx_word' id='word_1_201' title='bbox 608 4044 762 4098; x_wconf 88' lang='lat' dir='ltr'><strong>hunc</strong></span> <span class='ocrx_word' id='word_1_202' title='bbox 803 4043 871 4098; x_wconf 89' lang='lat' dir='ltr'><strong>ad</strong></span> <span class='ocrx_word' id='word_1_203' title='bbox 907 4060 1139 4097; x_wconf 86' lang='lat' dir='ltr'><strong>sacrum</strong></span> <span class='ocrx_word' id='word_1_204' title='bbox 1173 4045 1385 4099; x_wconf 86' lang='lat' dir='ltr'><strong>solium</strong></span> <span class='ocrx_word' id='word_1_205' title='bbox 1419 4046 1659 4100; x_wconf 86' lang='lat' dir='ltr'><strong>vocabat</strong></span> 
     </span>
    </p>
   </div>
   <div class='ocr_carea' id='block_1_46' title="bbox 474 4133 1952 4206">
    <p class='ocr_par' dir='ltr' id='par_1_46' title="bbox 474 4133 1952 4206">
     <span class='ocr_line' id='line_1_46' title="bbox 474 4133 1952 4206; baseline 0.003 -20"><span class='ocrx_word' id='word_1_206' title='bbox 474 4133 629 4187; x_wconf 85' lang='lat' dir='ltr'><strong>haud</strong></span> <span class='ocrx_word' id='word_1_207' title='bbox 663 4150 859 4204; x_wconf 89' lang='lat' dir='ltr'><strong>preces</strong></span> <span class='ocrx_word' id='word_1_208' title='bbox 889 4133 1078 4188; x_wconf 90' lang='lat' dir='ltr'><strong>solum</strong></span> <span class='ocrx_word' id='word_1_209' title='bbox 1108 4136 1209 4190; x_wconf 81' lang='lat' dir='ltr'><strong>sed</strong></span> <span class='ocrx_word' id='word_1_210' title='bbox 1243 4136 1356 4189; x_wconf 89' lang='lat' dir='ltr'><strong>vim</strong></span> <span class='ocrx_word' id='word_1_211' title='bbox 1389 4153 1619 4206; x_wconf 89' lang='lat' dir='ltr'><strong>quoque</strong></span> <span class='ocrx_word' id='word_1_212' title='bbox 1649 4137 1952 4193; x_wconf 85' lang='lat' dir='ltr'><strong>adhibens.</strong></span> 
     </span>
    </p>
   </div>
   <div class='ocr_carea' id='block_1_47' title="bbox 470 4222 1623 4292">
    <p class='ocr_par' dir='ltr' id='par_1_47' title="bbox 470 4222 1623 4292">
     <span class='ocr_line' id='line_1_47' title="bbox 470 4222 1623 4292; baseline 0.005 -20"><span class='ocrx_word' id='word_1_213' title='bbox 470 4222 578 4274; x_wconf 83' lang='lat' dir='ltr'><strong>Sed</strong></span> <span class='ocrx_word' id='word_1_214' title='bbox 610 4227 1029 4292; x_wconf 81' lang='lat' dir='ltr'><strong>repugnantem</strong></span> <span class='ocrx_word' id='word_1_215' title='bbox 1054 4223 1323 4292; x_wconf 88' lang='lat' dir='ltr'><strong>dignitati</strong></span> <span class='ocrx_word' id='word_1_216' title='bbox 1358 4240 1623 4291; x_wconf 86' lang='lat' dir='ltr'><strong>cernens,</strong></span> 
     </span>
    </p>
   </div>
   <div class='ocr_carea' id='block_1_48' title="bbox 469 4311 1572 4380">
    <p class='ocr_par' dir='ltr' id='par_1_48' title="bbox 469 4311 1572 4380">
     <span class='ocr_line' id='line_1_48' title="bbox 469 4311 1572 4380; baseline 0 -17"><span class='ocrx_word' id='word_1_217' title='bbox 469 4327 656 4380; x_wconf 90' lang='lat' dir='ltr'><strong>neque</strong></span> <span class='ocrx_word' id='word_1_218' title='bbox 688 4327 750 4364; x_wconf 90' lang='lat' dir='ltr'><strong>se</strong></span> <span class='ocrx_word' id='word_1_219' title='bbox 779 4311 1018 4364; x_wconf 77' lang='lat' dir='ltr'><strong>omnino</strong></span> <span class='ocrx_word' id='word_1_220' title='bbox 1053 4311 1363 4380; x_wconf 72' lang='lat' dir='ltr'><strong>patientem</strong></span> <span class='ocrx_word' id='word_1_221' title='bbox 1395 4311 1572 4374; x_wconf 81' lang='lat' dir='ltr'><strong>ﬂecti,</strong></span> 
     </span>
    </p>
   </div>
   <div class='ocr_carea' id='block_1_49' title="bbox 474 4399 1858 4470">
    <p class='ocr_par' dir='ltr' id='par_1_49' title="bbox 474 4399 1858 4470">
     <span class='ocr_line' id='line_1_49' title="bbox 474 4399 1858 4470; baseline 0.001 -17"><span class='ocrx_word' id='word_1_222' title='bbox 474 4399 545 4453; x_wconf 85' lang='lat' dir='ltr'><strong>ad</strong></span> <span class='ocrx_word' id='word_1_223' title='bbox 581 4399 932 4453; x_wconf 90' lang='lat' dir='ltr'><strong>monachum</strong></span> <span class='ocrx_word' id='word_1_224' title='bbox 969 4400 1275 4453; x_wconf 83' lang='lat' dir='ltr'><strong>Arsenium</strong></span> <span class='ocrx_word' id='word_1_225' title='bbox 1310 4399 1652 4470; x_wconf 76' lang='lat' dir='ltr'><strong>suifragium</strong></span> <span class='ocrx_word' id='word_1_226' title='bbox 1685 4401 1858 4455; x_wconf 88' lang='lat' dir='ltr'><strong>vertit</strong></span> 
     </span>
    </p>
   </div>
   <div class='ocr_carea' id='block_1_50' title="bbox 468 4486 1684 4558">
    <p class='ocr_par' dir='ltr' id='par_1_50' title="bbox 468 4486 1684 4558">
     <span class='ocr_line' id='line_1_50' title="bbox 468 4486 1684 4558; baseline -0.001 -16"><span class='ocrx_word' id='word_1_227' title='bbox 468 4489 774 4558; x_wconf 83' lang='lat' dir='ltr'><strong>degentem</strong></span> <span class='ocrx_word' id='word_1_228' title='bbox 810 4502 988 4557; x_wconf 86' lang='lat' dir='ltr'><strong>prope</strong></span> <span class='ocrx_word' id='word_1_229' title='bbox 1018 4486 1208 4541; x_wconf 86' lang='lat' dir='ltr'><strong>lacum</strong></span> <span class='ocrx_word' id='word_1_230' title='bbox 1243 4486 1684 4558; x_wconf 79' lang='lat' dir='ltr'><strong>Appolloniatis,</strong></span> 
     </span>
    </p>
   </div>
   <div class='ocr_carea' id='block_1_51' title="bbox 467 4573 1744 4646">
    <p class='ocr_par' dir='ltr' id='par_1_51' title="bbox 467 4573 1744 4646">
     <span class='ocr_line' id='line_1_51' title="bbox 467 4573 1744 4646; baseline 0 -17"><span class='ocrx_word' id='word_1_231' title='bbox 467 4573 630 4629; x_wconf 89' lang='lat' dir='ltr'><strong>nulla</strong></span> <span class='ocrx_word' id='word_1_232' title='bbox 662 4576 1084 4646; x_wconf 88' lang='lat' dir='ltr'><strong>propemodum</strong></span> <span class='ocrx_word' id='word_1_233' title='bbox 1118 4575 1419 4644; x_wconf 68' lang='lat' dir='ltr'><strong>praeditum</strong></span> <span class='ocrx_word' id='word_1_234' title='bbox 1462 4576 1744 4641; x_wconf 89' lang='lat' dir='ltr'><strong>doctrina,</strong></span> 
     </span>
    </p>
   </div>
   <div class='ocr_carea' id='block_1_52' title="bbox 468 4663 1679 4733">
    <p class='ocr_par' dir='ltr' id='par_1_52' title="bbox 468 4663 1679 4733">
     <span class='ocr_line' id='line_1_52' title="bbox 468 4663 1679 4733; baseline 0.003 -18"><span class='ocrx_word' id='word_1_235' title='bbox 468 4663 644 4717; x_wconf 90' lang='lat' dir='ltr'><strong>unius</strong></span> <span class='ocrx_word' id='word_1_236' title='bbox 680 4663 884 4718; x_wconf 88' lang='lat' dir='ltr'><strong>leviter</strong></span> <span class='ocrx_word' id='word_1_237' title='bbox 913 4664 1210 4718; x_wconf 89' lang='lat' dir='ltr'><strong>conscium</strong></span> <span class='ocrx_word' id='word_1_238' title='bbox 1259 4663 1679 4733; x_wconf 68' lang='lat' dir='ltr'><strong>grammaticae,</strong></span> 
     </span>
    </p>
   </div>
   <div class='ocr_carea' id='block_1_53' title="bbox 468 4749 1645 4821">
    <p class='ocr_par' dir='ltr' id='par_1_53' title="bbox 468 4749 1645 4821">
     <span class='ocr_line' id='line_1_53' title="bbox 468 4749 1645 4821; baseline 0.003 -19"><span class='ocrx_word' id='word_1_239' title='bbox 468 4751 746 4819; x_wconf 86' lang='lat' dir='ltr'><strong>gravibus</strong></span> <span class='ocrx_word' id='word_1_240' title='bbox 779 4767 1020 4820; x_wconf 88' lang='lat' dir='ltr'><strong>prorsus</strong></span> <span class='ocrx_word' id='word_1_241' title='bbox 1044 4749 1302 4804; x_wconf 76' lang='lat' dir='ltr'><strong>scientiis</strong></span> <span class='ocrx_word' id='word_1_242' title='bbox 1334 4755 1645 4821; x_wconf 81' lang='lat' dir='ltr'><strong>expertem.</strong></span> 
     </span>
    </p>
   </div>
   <div class='ocr_carea' id='block_1_54' title="bbox 466 4837 1712 4909">
    <p class='ocr_par' dir='ltr' id='par_1_54' title="bbox 466 4837 1712 4909">
     <span class='ocr_line' id='line_1_54' title="bbox 466 4837 1712 4909; baseline 0.004 -19"><span class='ocrx_word' id='word_1_243' title='bbox 466 4842 658 4909; x_wconf 86' lang='lat' dir='ltr'><strong>Atque</strong></span> <span class='ocrx_word' id='word_1_244' title='bbox 689 4837 846 4891; x_wconf 89' lang='lat' dir='ltr'><strong>hunc</strong></span> <span class='ocrx_word' id='word_1_245' title='bbox 878 4837 1128 4892; x_wconf 90' lang='lat' dir='ltr'><strong>accitum</strong></span> <span class='ocrx_word' id='word_1_246' title='bbox 1165 4838 1477 4893; x_wconf 86' lang='lat' dir='ltr'><strong>festinatim</strong></span> <span class='ocrx_word' id='word_1_247' title='bbox 1503 4841 1712 4905; x_wconf 67' lang='lat' dir='ltr'><strong>Caasar,</strong></span> 
     </span>
    </p>
   </div>
   <div class='ocr_carea' id='block_1_55' title="bbox 468 4927 1761 4998">
    <p class='ocr_par' dir='ltr' id='par_1_55' title="bbox 468 4927 1761 4998">
     <span class='ocr_line' id='line_1_55' title="bbox 468 4927 1761 4998; baseline 0.003 -20"><span class='ocrx_word' id='word_1_248' title='bbox 468 4927 704 4996; x_wconf 86' lang='lat' dir='ltr'><strong>jamque</strong></span> <span class='ocrx_word' id='word_1_249' title='bbox 735 4928 1097 4994; x_wconf 66' lang='lat' dir='ltr'><strong>prmsentem,</strong></span> <span class='ocrx_word' id='word_1_250' title='bbox 1131 4927 1523 4994; x_wconf 86' lang='lat' dir='ltr'><strong>patriarcbam</strong></span> <span class='ocrx_word' id='word_1_251' title='bbox 1545 4929 1718 4998; x_wconf 87' lang='lat' dir='ltr'><strong>elegit</strong></span> <span class='ocrx_word' id='word_1_252' title='bbox 1748 4943 1761 4981; x_wconf 92' lang='lat'>:</span> 
     </span>
    </p>
   </div>
   <div class='ocr_carea' id='block_1_56' title="bbox 469 5013 1525 5083">
    <p class='ocr_par' dir='ltr' id='par_1_56' title="bbox 469 5013 1525 5083">
     <span class='ocr_line' id='line_1_56' title="bbox 469 5013 1525 5083; baseline 0.001 -17"><span class='ocrx_word' id='word_1_253' title='bbox 469 5013 918 5082; x_wconf 83' lang='lat' dir='ltr'><strong>pastoribusque</strong></span> <span class='ocrx_word' id='word_1_254' title='bbox 951 5014 1232 5083; x_wconf 67' lang='lat' dir='ltr'><strong>prmcipit,</strong></span> <span class='ocrx_word' id='word_1_255' title='bbox 1261 5014 1525 5069; x_wconf 90' lang='lat' dir='ltr'><strong>celeriter</strong></span> 
     </span>
    </p>
   </div>
   <div class='ocr_carea' id='block_1_57' title="bbox 471 5101 1596 5171">
    <p class='ocr_par' dir='ltr' id='par_1_57' title="bbox 471 5101 1596 5171">
     <span class='ocr_line' id='line_1_57' title="bbox 471 5101 1596 5171; baseline 0.004 -17"><span class='ocrx_word' id='word_1_256' title='bbox 471 5101 667 5171; x_wconf 87' lang='lat' dir='ltr'><strong>ipsum</strong></span> <span class='ocrx_word' id='word_1_257' title='bbox 701 5101 1011 5156; x_wconf 89' lang='lat' dir='ltr'><strong>ordinibus</strong></span> <span class='ocrx_word' id='word_1_258' title='bbox 1039 5102 1339 5158; x_wconf 86' lang='lat' dir='ltr'><strong>initiareut</strong></span> <span class='ocrx_word' id='word_1_259' title='bbox 1368 5105 1548 5158; x_wconf 83' lang='lat' dir='ltr'><strong>sacris</strong></span> <span class='ocrx_word' id='word_1_260' title='bbox 1583 5120 1596 5159; x_wconf 89' lang='lat'><strong>:</strong></span> 
     </span>
    </p>
   </div>
   <div class='ocr_carea' id='block_1_58' title="bbox 467 5189 1714 5260">
    <p class='ocr_par' dir='ltr' id='par_1_58' title="bbox 467 5189 1714 5260">
     <span class='ocr_line' id='line_1_58' title="bbox 467 5189 1714 5260; baseline 0.005 -18"><span class='ocrx_word' id='word_1_261' title='bbox 467 5189 566 5258; x_wconf 91' lang='lat' dir='ltr'><strong>qui</strong></span> <span class='ocrx_word' id='word_1_262' title='bbox 599 5189 776 5244; x_wconf 87' lang='lat' dir='ltr'><strong>tridui</strong></span> <span class='ocrx_word' id='word_1_263' title='bbox 813 5189 1002 5260; x_wconf 85' lang='lat' dir='ltr'><strong>spatio</strong></span> <span class='ocrx_word' id='word_1_264' title='bbox 1031 5195 1377 5246; x_wconf 88' lang='lat' dir='ltr'><strong>consecrant</strong></span> <span class='ocrx_word' id='word_1_265' title='bbox 1407 5192 1714 5248; x_wconf 87' lang='lat' dir='ltr'><strong>Arsenium</strong></span> 
     </span>
    </p>
   </div>
   <div class='ocr_carea' id='block_1_59' title="bbox 467 5277 1720 5348">
    <p class='ocr_par' dir='ltr' id='par_1_59' title="bbox 467 5277 1720 5348">
     <span class='ocr_line' id='line_1_59' title="bbox 467 5277 1720 5348; baseline 0.004 -18"><span class='ocrx_word' id='word_1_266' title='bbox 467 5277 778 5331; x_wconf 89' lang='lat' dir='ltr'><strong>diaconum</strong></span> <span class='ocrx_word' id='word_1_267' title='bbox 813 5277 1215 5348; x_wconf 77' lang='lat' dir='ltr'><strong>presbyterum</strong></span> <span class='ocrx_word' id='word_1_268' title='bbox 1251 5282 1306 5332; x_wconf 90' lang='lat' dir='ltr'><strong>et</strong></span> <span class='ocrx_word' id='word_1_269' title='bbox 1333 5277 1671 5348; x_wconf 88' lang='lat' dir='ltr'><strong>episcopum</strong></span> <span class='ocrx_word' id='word_1_270' title='bbox 1708 5298 1720 5334; x_wconf 90' lang='lat'><strong>:</strong></span> 
     </span>
    </p>
   </div>
   <div class='ocr_carea' id='block_1_60' title="bbox 465 5365 1581 5437">
    <p class='ocr_par' dir='ltr' id='par_1_60' title="bbox 465 5365 1581 5437">
     <span class='ocr_line' id='line_1_60' title="bbox 465 5365 1581 5437; baseline 0.002 -17"><span class='ocrx_word' id='word_1_271' title='bbox 465 5383 498 5420; x_wconf 90' lang='lat' dir='ltr'><strong>a</strong></span> <span class='ocrx_word' id='word_1_272' title='bbox 528 5381 642 5436; x_wconf 92' lang='lat' dir='ltr'><strong>quo</strong></span> <span class='ocrx_word' id='word_1_273' title='bbox 673 5365 996 5437; x_wconf 75' lang='lat' dir='ltr'><strong>imperat-or</strong></span> <span class='ocrx_word' id='word_1_274' title='bbox 1027 5381 1240 5421; x_wconf 86' lang='lat' dir='ltr'><strong>corona</strong></span> <span class='ocrx_word' id='word_1_275' title='bbox 1274 5365 1581 5422; x_wconf 89' lang='lat' dir='ltr'><strong>redimitus</strong></span> 
     </span>
    </p>
   </div>
   <div class='ocr_carea' id='block_1_61' title="bbox 2405 769 3444 847">
    <p class='ocr_par' dir='ltr' id='par_1_61' title="bbox 2405 769 3444 847">
     <span class='ocr_line' id='line_1_61' title="bbox 2405 769 3444 847; baseline -0.001 -20"><span class='ocrx_word' id='word_1_276' title='bbox 2405 769 2562 828; x_wconf 75' lang='grc' dir='ltr'>Οὕτω</span> <span class='ocrx_word' id='word_1_277' title='bbox 2594 771 2654 825; x_wconf 86' lang='grc' dir='ltr'><strong>τὸ</strong></span> <span class='ocrx_word' id='word_1_278' title='bbox 2691 771 2842 846; x_wconf 87' lang='grc' dir='ltr'>βιοῦν</span> <span class='ocrx_word' id='word_1_279' title='bbox 2877 770 3156 847; x_wconf 84' lang='grc' dir='ltr'>έκμετρῶν</span> <span class='ocrx_word' id='word_1_280' title='bbox 3190 774 3444 842; x_wconf 83' lang='grc' dir='ltr'><strong>Ἰωάννης</strong></span> 
     </span>
    </p>
   </div>
   <div class='ocr_carea' id='block_1_62' title="bbox 2402 857 3613 936">
    <p class='ocr_par' dir='ltr' id='par_1_62' title="bbox 2402 857 3613 936">
     <span class='ocr_line' id='line_1_62' title="bbox 2402 857 3613 936; baseline 0 -22"><span class='ocrx_word' id='word_1_281' title='bbox 2402 857 2682 935; x_wconf 88' lang='grc' dir='ltr'>Θεόδωρον</span> <span class='ocrx_word' id='word_1_282' title='bbox 2707 857 3022 934; x_wconf 78' lang='grc' dir='ltr'><strong>κληροῦχον</strong></span> <span class='ocrx_word' id='word_1_283' title='bbox 3059 859 3236 935; x_wconf 82' lang='grc' dir='ltr'>ἀρχῆς</span> <span class='ocrx_word' id='word_1_284' title='bbox 3264 861 3353 915; x_wconf 84' lang='grc' dir='ltr'><strong>καὶ</strong></span> <span class='ocrx_word' id='word_1_285' title='bbox 3382 861 3613 936; x_wconf 81' lang='grc' dir='ltr'>κράτους</span> 
     </span>
    </p>
   </div>
   <div class='ocr_carea' id='block_1_63' title="bbox 2402 947 3480 1025">
    <p class='ocr_par' dir='ltr' id='par_1_63' title="bbox 2402 947 3480 1025">
     <span class='ocr_line' id='line_1_63' title="bbox 2402 947 3480 1025; baseline -0.002 -19"><span class='ocrx_word' id='word_1_286' title='bbox 2402 951 2509 1006; x_wconf 89' lang='grc' dir='ltr'><strong>Τὸν</strong></span> <span class='ocrx_word' id='word_1_287' title='bbox 2542 947 2708 1003; x_wconf 87' lang='grc' dir='ltr'>παῖδα</span> <span class='ocrx_word' id='word_1_288' title='bbox 2729 949 3040 1022; x_wconf 87' lang='grc' dir='ltr'>κατέλιπεν,</span> <span class='ocrx_word' id='word_1_289' title='bbox 3075 949 3132 1004; x_wconf 80' lang='grc' dir='ltr'>ἐκ</span> <span class='ocrx_word' id='word_1_290' title='bbox 3165 951 3480 1025; x_wconf 88' lang='grc' dir='ltr'>Λασκαρίων</span> 
     </span>
    </p>
   </div>
   <div class='ocr_carea' id='block_1_64' title="bbox 2401 1037 3581 1115">
    <p class='ocr_par' dir='ltr' id='par_1_64' title="bbox 2401 1037 3581 1115">
     <span class='ocr_line' id='line_1_64' title="bbox 2401 1037 3581 1115; baseline -0.003 -20"><span class='ocrx_word' id='word_1_291' title='bbox 2401 1038 2773 1110; x_wconf 81' lang='grc' dir='ltr'>Τούπώνυμον</span> <span class='ocrx_word' id='word_1_292' title='bbox 2809 1037 3034 1115; x_wconf 83' lang='grc' dir='ltr'>φέροντα</span> <span class='ocrx_word' id='word_1_293' title='bbox 3063 1043 3166 1093; x_wconf 81' lang='grc' dir='ltr'><strong>τῶν</strong></span> <span class='ocrx_word' id='word_1_294' title='bbox 3200 1039 3581 1113; x_wconf 81' lang='grc' dir='ltr'><strong>προπατόρων·</strong></span> 
     </span>
    </p>
   </div>
   <div class='ocr_carea' id='block_1_65' title="bbox 2223 1127 3489 1203">
    <p class='ocr_par' dir='ltr' id='par_1_65' title="bbox 2223 1127 3489 1203">
     <span class='ocr_line' id='line_1_65' title="bbox 2223 1127 3489 1203; baseline 0 -21"><span class='ocrx_word' id='word_1_295' title='bbox 2223 1129 2365 1184; x_wconf 86' lang='grc'>8910</span> <span class='ocrx_word' id='word_1_296' title='bbox 2401 1131 2636 1202; x_wconf 79' lang='grc' dir='ltr'>’Άγοντα</span> <span class='ocrx_word' id='word_1_297' title='bbox 2658 1130 2948 1202; x_wconf 87' lang='grc' dir='ltr'>τριάκοντα</span> <span class='ocrx_word' id='word_1_298' title='bbox 2977 1133 3073 1182; x_wconf 89' lang='grc' dir='ltr'><strong>τοῦ</strong></span> <span class='ocrx_word' id='word_1_299' title='bbox 3103 1129 3225 1203; x_wconf 88' lang='grc' dir='ltr'>βίου</span> <span class='ocrx_word' id='word_1_300' title='bbox 3255 1127 3489 1202; x_wconf 89' lang='grc' dir='ltr'>χρόνους</span> 
     </span>
    </p>
   </div>
   <div class='ocr_carea' id='block_1_66' title="bbox 2400 1211 3589 1292">
    <p class='ocr_par' dir='ltr' id='par_1_66' title="bbox 2400 1211 3589 1292">
     <span class='ocr_line' id='line_1_66' title="bbox 2400 1211 3589 1292; baseline 0.001 -22"><span class='ocrx_word' id='word_1_301' title='bbox 2400 1217 2541 1288; x_wconf 86' lang='grc' dir='ltr'>Πρὸς</span> <span class='ocrx_word' id='word_1_302' title='bbox 2570 1217 2744 1292; x_wconf 79' lang='grc' dir='ltr'>τρισὶν</span> <span class='ocrx_word' id='word_1_303' title='bbox 2778 1214 2993 1285; x_wconf 81' lang='grc' dir='ltr'>ἄλλοις,</span> <span class='ocrx_word' id='word_1_304' title='bbox 3140 1211 3334 1290; x_wconf 77' lang='grc' dir='ltr'>ἔφασαν</span> <span class='ocrx_word' id='word_1_305' title='bbox 3367 1214 3589 1278; x_wconf 77' lang='grc' dir='ltr'>εἰδότες.</span> 
     </span>
    </p>
   </div>
   <div class='ocr_carea' id='block_1_67' title="bbox 2398 1302 3518 1379">
    <p class='ocr_par' dir='ltr' id='par_1_67' title="bbox 2398 1302 3518 1379">
     <span class='ocr_line' id='line_1_67' title="bbox 2398 1302 3518 1379; baseline 0.001 -20"><span class='ocrx_word' id='word_1_306' title='bbox 2398 1306 2495 1366; x_wconf 84' lang='grc' dir='ltr'><strong>’Ὀς</strong></span> <span class='ocrx_word' id='word_1_307' title='bbox 2526 1303 2874 1379; x_wconf 81' lang='grc' dir='ltr'>αὐτοκράτωρ</span> <span class='ocrx_word' id='word_1_308' title='bbox 2901 1302 3154 1378; x_wconf 83' lang='grc' dir='ltr'>βασιλεὺς</span> <span class='ocrx_word' id='word_1_309' title='bbox 3184 1302 3267 1358; x_wconf 84' lang='grc' dir='ltr'><strong>ἐπ’</strong></span> <span class='ocrx_word' id='word_1_310' title='bbox 3294 1303 3518 1366; x_wconf 79' lang='grc' dir='ltr'>ἀσπίδος</span> 
     </span>
    </p>
   </div>
   <div class='ocr_carea' id='block_1_68' title="bbox 2398 1389 3445 1468">
    <p class='ocr_par' dir='ltr' id='par_1_68' title="bbox 2398 1389 3445 1468">
     <span class='ocr_line' id='line_1_68' title="bbox 2398 1389 3445 1468; baseline -0.002 -19"><span class='ocrx_word' id='word_1_311' title='bbox 2398 1392 2807 1467; x_wconf 82' lang='grc' dir='ltr'>Ἀναγορευθεὶς</span> <span class='ocrx_word' id='word_1_312' title='bbox 2834 1392 2972 1447; x_wconf 83' lang='grc' dir='ltr'>κατά</span> <span class='ocrx_word' id='word_1_313' title='bbox 2999 1399 3273 1468; x_wconf 78' lang='grc' dir='ltr'>κρατῆσαν</span> <span class='ocrx_word' id='word_1_314' title='bbox 3303 1389 3445 1465; x_wconf 77' lang='grc' dir='ltr'>ἔθος,</span> 
     </span>
    </p>
   </div>
   <div class='ocr_carea' id='block_1_69' title="bbox 2399 1479 3514 1558">
    <p class='ocr_par' dir='ltr' id='par_1_69' title="bbox 2399 1479 3514 1558">
     <span class='ocr_line' id='line_1_69' title="bbox 2399 1479 3514 1558; baseline -0.001 -22"><span class='ocrx_word' id='word_1_315' title='bbox 2399 1479 2576 1542; x_wconf 81' lang='grc' dir='ltr'>Εὐθὺς</span> <span class='ocrx_word' id='word_1_316' title='bbox 2611 1480 2816 1555; x_wconf 81' lang='grc' dir='ltr'>ἀπάρας</span> <span class='ocrx_word' id='word_1_317' title='bbox 2850 1481 2956 1534; x_wconf 83' lang='grc' dir='ltr'><strong>ἀπὸ</strong></span> <span class='ocrx_word' id='word_1_318' title='bbox 2988 1486 3177 1555; x_wconf 84' lang='grc' dir='ltr'>χώρου</span> <span class='ocrx_word' id='word_1_319' title='bbox 3208 1481 3514 1558; x_wconf 83' lang='grc' dir='ltr'>Νυμφαίου,</span> 
     </span>
    </p>
   </div>
   <div class='ocr_carea' id='block_1_70' title="bbox 2220 1566 3548 1643">
    <p class='ocr_par' dir='ltr' id='par_1_70' title="bbox 2220 1566 3548 1643">
     <span class='ocr_line' id='line_1_70' title="bbox 2220 1566 3548 1643; baseline -0.002 -18"><span class='ocrx_word' id='word_1_320' title='bbox 2220 1571 2361 1625; x_wconf 90' lang='grc'>8915</span> <span class='ocrx_word' id='word_1_321' title='bbox 2396 1570 2508 1637; x_wconf 75' lang='grc' dir='ltr'><strong>Τὴν</strong></span> <span class='ocrx_word' id='word_1_322' title='bbox 2543 1566 2900 1640; x_wconf 71' lang='grc' dir='ltr'><strong>Φιλαδέλφου</strong></span> <span class='ocrx_word' id='word_1_323' title='bbox 2927 1566 3336 1643; x_wconf 75' lang='grc' dir='ltr'><strong>καταλαμβάνει</strong></span> <span class='ocrx_word' id='word_1_324' title='bbox 3366 1567 3548 1640; x_wconf 88' lang='grc' dir='ltr'>πόλιν,</span> 
     </span>
    </p>
   </div>
   <div class='ocr_carea' id='block_1_71' title="bbox 2395 1651 3748 1734">
    <p class='ocr_par' dir='ltr' id='par_1_71' title="bbox 2395 1651 3748 1734">
     <span class='ocr_line' id='line_1_71' title="bbox 2395 1651 3748 1734; baseline 0.001 -21"><span class='ocrx_word' id='word_1_325' title='bbox 2395 1658 2511 1734; x_wconf 84' lang='grc' dir='ltr'><strong>Ἀφ’</strong></span> <span class='ocrx_word' id='word_1_326' title='bbox 2544 1658 2604 1711; x_wconf 83' lang='grc' dir='ltr'><strong>οὗ</strong></span> <span class='ocrx_word' id='word_1_327' title='bbox 2640 1657 2858 1731; x_wconf 82' lang='grc' dir='ltr'>βεβαιοῖ</span> <span class='ocrx_word' id='word_1_328' title='bbox 2877 1657 2972 1717; x_wconf 80' lang='grc' dir='ltr'>τὰς</span> <span class='ocrx_word' id='word_1_329' title='bbox 3001 1657 3137 1729; x_wconf 86' lang='grc' dir='ltr'>πρὸς</span> <span class='ocrx_word' id='word_1_330' title='bbox 3167 1655 3400 1712; x_wconf 81' lang='grc' dir='ltr'>σουλνὰν</span> <span class='ocrx_word' id='word_1_331' title='bbox 3432 1651 3748 1730; x_wconf 79' lang='grc' dir='ltr'>συμϐάσεις.</span> 
     </span>
    </p>
   </div>
   <div class='ocr_carea' id='block_1_72' title="bbox 2395 1745 3459 1817">
    <p class='ocr_par' dir='ltr' id='par_1_72' title="bbox 2395 1745 3459 1817">
     <span class='ocr_line' id='line_1_72' title="bbox 2395 1745 3459 1817; baseline -0.001 -16"><span class='ocrx_word' id='word_1_332' title='bbox 2395 1747 2653 1801; x_wconf 83' lang='grc' dir='ltr'>Κάκεῖθεν</span> <span class='ocrx_word' id='word_1_333' title='bbox 2685 1745 2856 1800; x_wconf 80' lang='grc' dir='ltr'>ἐλθὼν</span> <span class='ocrx_word' id='word_1_334' title='bbox 2888 1746 2962 1807; x_wconf 84' lang='grc' dir='ltr'>εἷς</span> <span class='ocrx_word' id='word_1_335' title='bbox 2993 1746 3242 1802; x_wconf 75' lang='grc' dir='ltr'><strong>Νικαέων</strong></span> <span class='ocrx_word' id='word_1_336' title='bbox 3274 1745 3459 1817; x_wconf 86' lang='grc' dir='ltr'>πόλιν,</span> 
     </span>
    </p>
   </div>
   <div class='ocr_carea' id='block_1_73' title="bbox 2397 1832 3344 1910">
    <p class='ocr_par' dir='ltr' id='par_1_73' title="bbox 2397 1832 3344 1910">
     <span class='ocr_line' id='line_1_73' title="bbox 2397 1832 3344 1910; baseline -0.002 -20"><span class='ocrx_word' id='word_1_337' title='bbox 2397 1834 2698 1902; x_wconf 80' lang='grc' dir='ltr'>Βασιλικῆς</span> <span class='ocrx_word' id='word_1_338' title='bbox 2725 1832 2885 1908; x_wconf 83' lang='grc' dir='ltr'>ἔτυχε</span> <span class='ocrx_word' id='word_1_339' title='bbox 2915 1840 3015 1901; x_wconf 79' lang='grc' dir='ltr'><strong>τῆς</strong></span> <span class='ocrx_word' id='word_1_340' title='bbox 3046 1833 3344 1910; x_wconf 82' lang='grc' dir='ltr'>εὐφημίας’</span> 
     </span>
    </p>
   </div>
   <div class='ocr_carea' id='block_1_74' title="bbox 2400 1920 3426 1996">
    <p class='ocr_par' dir='ltr' id='par_1_74' title="bbox 2400 1920 3426 1996">
     <span class='ocr_line' id='line_1_74' title="bbox 2400 1920 3426 1996; baseline 0.001 -20"><span class='ocrx_word' id='word_1_341' title='bbox 2400 1922 2510 1978; x_wconf 78' lang='grc' dir='ltr'><strong>Εἶτ’</strong></span> <span class='ocrx_word' id='word_1_342' title='bbox 2540 1921 2836 1996; x_wconf 77' lang='grc' dir='ltr'>ἀρχιθύτας</span> <span class='ocrx_word' id='word_1_343' title='bbox 2867 1920 3060 1983; x_wconf 84' lang='grc' dir='ltr'>ἆλίσας</span> <span class='ocrx_word' id='word_1_344' title='bbox 3090 1921 3426 1996; x_wconf 81' lang='grc' dir='ltr'><strong>πανταχόθεν</strong></span> 
     </span>
    </p>
   </div>
   <div class='ocr_carea' id='block_1_75' title="bbox 2220 2007 3648 2085">
    <p class='ocr_par' dir='ltr' id='par_1_75' title="bbox 2220 2007 3648 2085">
     <span class='ocr_line' id='line_1_75' title="bbox 2220 2007 3648 2085; baseline -0.003 -19"><span class='ocrx_word' id='word_1_345' title='bbox 2220 2011 2362 2066; x_wconf 82' lang='grc'>8920</span> <span class='ocrx_word' id='word_1_346' title='bbox 2401 2009 2625 2085; x_wconf 80' lang='grc' dir='ltr'>Κλήρου</span> <span class='ocrx_word' id='word_1_347' title='bbox 2655 2030 2713 2064; x_wconf 83' lang='grc' dir='ltr'><strong>τε</strong></span> <span class='ocrx_word' id='word_1_348' title='bbox 2743 2010 2941 2073; x_wconf 87' lang='grc' dir='ltr'>παντὸς</span> <span class='ocrx_word' id='word_1_349' title='bbox 2967 2008 3096 2072; x_wconf 76' lang='grc' dir='ltr'>τοὺς</span> <span class='ocrx_word' id='word_1_350' title='bbox 3126 2007 3363 2083; x_wconf 76' lang='grc' dir='ltr'>λογάδας</span> <span class='ocrx_word' id='word_1_351' title='bbox 3398 2011 3472 2072; x_wconf 83' lang='grc' dir='ltr'>ὡς</span> <span class='ocrx_word' id='word_1_352' title='bbox 3506 2007 3648 2078; x_wconf 87' lang='grc' dir='ltr'>δέον,</span> 
     </span>
    </p>
   </div>
   <div class='ocr_carea' id='block_1_76' title="bbox 2400 2095 3582 2175">
    <p class='ocr_par' dir='ltr' id='par_1_76' title="bbox 2400 2095 3582 2175">
     <span class='ocr_line' id='line_1_76' title="bbox 2400 2095 3582 2175; baseline -0.002 -23"><span class='ocrx_word' id='word_1_353' title='bbox 2400 2098 2503 2152; x_wconf 82' lang='grc' dir='ltr'><strong>Σὺν</strong></span> <span class='ocrx_word' id='word_1_354' title='bbox 2535 2095 2706 2152; x_wconf 87' lang='grc' dir='ltr'>τοῖσδ’</span> <span class='ocrx_word' id='word_1_355' title='bbox 2734 2095 2891 2175; x_wconf 80' lang='grc' dir='ltr'>έδίφα</span> <span class='ocrx_word' id='word_1_356' title='bbox 2919 2098 3227 2170; x_wconf 83' lang='grc' dir='ltr'>προστάτην</span> <span class='ocrx_word' id='word_1_357' title='bbox 3262 2097 3582 2168; x_wconf 72' lang='grc' dir='ltr'>Ἐκκλησία,</span> 
     </span>
    </p>
   </div>
   <div class='ocr_carea' id='block_1_77' title="bbox 2397 2185 3556 2260">
    <p class='ocr_par' dir='ltr' id='par_1_77' title="bbox 2397 2185 3556 2260">
     <span class='ocr_line' id='line_1_77' title="bbox 2397 2185 3556 2260; baseline -0.001 -20"><span class='ocrx_word' id='word_1_358' title='bbox 2397 2192 2500 2241; x_wconf 90' lang='grc' dir='ltr'>Τοῦ</span> <span class='ocrx_word' id='word_1_359' title='bbox 2531 2185 2908 2260; x_wconf 85' lang='grc' dir='ltr'>ποιμενάρχου</span> <span class='ocrx_word' id='word_1_360' title='bbox 2934 2185 3199 2253; x_wconf 81' lang='grc' dir='ltr'>Μανουὴλ</span> <span class='ocrx_word' id='word_1_361' title='bbox 3229 2185 3556 2255; x_wconf 84' lang='grc' dir='ltr'>τεθνηκότος</span> 
     </span>
    </p>
   </div>
   <div class='ocr_carea' id='block_1_78' title="bbox 2401 2272 3481 2350">
    <p class='ocr_par' dir='ltr' id='par_1_78' title="bbox 2401 2272 3481 2350">
     <span class='ocr_line' id='line_1_78' title="bbox 2401 2272 3481 2350; baseline 0.001 -18"><span class='ocrx_word' id='word_1_362' title='bbox 2401 2275 2570 2350; x_wconf 83' lang='grc' dir='ltr'>Πρινή</span> <span class='ocrx_word' id='word_1_363' title='bbox 2603 2276 2778 2329; x_wconf 83' lang='grc' dir='ltr'>Θανεῖν</span> <span class='ocrx_word' id='word_1_364' title='bbox 2811 2273 3010 2328; x_wconf 79' lang='grc' dir='ltr'>ἄνακτα</span> <span class='ocrx_word' id='word_1_365' title='bbox 3043 2274 3176 2346; x_wconf 90' lang='grc' dir='ltr'>μησί</span> <span class='ocrx_word' id='word_1_366' title='bbox 3206 2296 3310 2329; x_wconf 88' lang='grc' dir='ltr'><strong>που</strong></span> <span class='ocrx_word' id='word_1_367' title='bbox 3345 2272 3481 2333; x_wconf 73' lang='lat'><strong>860.|</strong></span> 
     </span>
    </p>
   </div>
   <div class='ocr_carea' id='block_1_79' title="bbox 2399 2361 3559 2436">
    <p class='ocr_par' dir='ltr' id='par_1_79' title="bbox 2399 2361 3559 2436">
     <span class='ocr_line' id='line_1_79' title="bbox 2399 2361 3559 2436; baseline -0.005 -15"><span class='ocrx_word' id='word_1_368' title='bbox 2399 2361 2692 2421; x_wconf 83' lang='grc' dir='ltr'>Ἕσπευδεν</span> <span class='ocrx_word' id='word_1_369' title='bbox 2726 2365 2816 2418; x_wconf 77' lang='grc' dir='ltr'>οὖν</span> <span class='ocrx_word' id='word_1_370' title='bbox 2849 2363 2922 2425; x_wconf 85' lang='grc' dir='ltr'>ὡς</span> <span class='ocrx_word' id='word_1_371' title='bbox 2949 2363 3252 2424; x_wconf 81' lang='grc' dir='ltr'>ταινιωθεὶς</span> <span class='ocrx_word' id='word_1_372' title='bbox 3280 2368 3358 2434; x_wconf 80' lang='grc' dir='ltr'><strong>τῷ</strong></span> <span class='ocrx_word' id='word_1_373' title='bbox 3379 2364 3559 2436; x_wconf 75' lang='grc' dir='ltr'>στέφει</span> 
     </span>
    </p>
   </div>
   <div class='ocr_carea' id='block_1_80' title="bbox 2220 2449 3540 2524">
    <p class='ocr_par' dir='ltr' id='par_1_80' title="bbox 2220 2449 3540 2524">
     <span class='ocr_line' id='line_1_80' title="bbox 2220 2449 3540 2524; baseline -0.004 -15"><span class='ocrx_word' id='word_1_374' title='bbox 2220 2455 2361 2510; x_wconf 83' lang='grc'>8925</span> <span class='ocrx_word' id='word_1_375' title='bbox 2398 2451 2836 2524; x_wconf 79' lang='grc' dir='ltr'>Ἐπιστρατεύσει</span> <span class='ocrx_word' id='word_1_376' title='bbox 2859 2457 2977 2513; x_wconf 84' lang='grc' dir='ltr'>τοῖς</span> <span class='ocrx_word' id='word_1_377' title='bbox 3004 2453 3140 2506; x_wconf 76' lang='grc' dir='ltr'>κατὰ</span> <span class='ocrx_word' id='word_1_378' title='bbox 3171 2449 3318 2506; x_wconf 78' lang='grc' dir='ltr'>δύσιν</span> <span class='ocrx_word' id='word_1_379' title='bbox 3348 2450 3540 2512; x_wconf 89' lang='grc' dir='ltr'>τόποις</span> 
     </span>
    </p>
   </div>
   <div class='ocr_carea' id='block_1_81' title="bbox 2398 2538 3652 2616">
    <p class='ocr_par' dir='ltr' id='par_1_81' title="bbox 2398 2538 3652 2616">
     <span class='ocr_line' id='line_1_81' title="bbox 2398 2538 3652 2616; baseline -0.002 -21"><span class='ocrx_word' id='word_1_380' title='bbox 2398 2541 2675 2616; x_wconf 86' lang='grc' dir='ltr'>Πάσχουσι</span> <span class='ocrx_word' id='word_1_381' title='bbox 2705 2545 2883 2601; x_wconf 83' lang='grc' dir='ltr'>κακῶς</span> <span class='ocrx_word' id='word_1_382' title='bbox 2915 2541 3052 2614; x_wconf 85' lang='grc' dir='ltr'>πρὸς</span> <span class='ocrx_word' id='word_1_383' title='bbox 3080 2538 3308 2614; x_wconf 76' lang='grc' dir='ltr'>Μιχαὴλ</span> <span class='ocrx_word' id='word_1_384' title='bbox 3333 2538 3652 2614; x_wconf 83' lang='grc' dir='ltr'>Βουλγάρου</span> 
     </span>
    </p>
   </div>
   <div class='ocr_carea' id='block_1_82' title="bbox 2394 2629 3498 2706">
    <p class='ocr_par' dir='ltr' id='par_1_82' title="bbox 2394 2629 3498 2706">
     <span class='ocr_line' id='line_1_82' title="bbox 2394 2629 3498 2706; baseline -0.005 -19"><span class='ocrx_word' id='word_1_385' title='bbox 2394 2633 2494 2687; x_wconf 79' lang='lat' dir='ltr'><strong>&quot;Ov</strong></span> <span class='ocrx_word' id='word_1_386' title='bbox 2525 2630 2786 2706; x_wconf 84' lang='grc' dir='ltr'>Ἀγγέλου</span> <span class='ocrx_word' id='word_1_387' title='bbox 2815 2634 2942 2691; x_wconf 83' lang='grc' dir='ltr'>παῖς</span> <span class='ocrx_word' id='word_1_388' title='bbox 2975 2629 3250 2684; x_wconf 81' lang='grc' dir='ltr'>ἀπέτικτεν</span> <span class='ocrx_word' id='word_1_389' title='bbox 3280 2629 3498 2701; x_wconf 76' lang='grc' dir='ltr'>Ἀσάνῃ’</span> 
     </span>
    </p>
   </div>
   <div class='ocr_carea' id='block_1_83' title="bbox 2398 2715 3533 2794">
    <p class='ocr_par' dir='ltr' id='par_1_83' title="bbox 2398 2715 3533 2794">
     <span class='ocr_line' id='line_1_83' title="bbox 2398 2715 3533 2794; baseline -0.005 -18"><span class='ocrx_word' id='word_1_390' title='bbox 2398 2721 2599 2776; x_wconf 80' lang='grc' dir='ltr'>Μαθὼν</span> <span class='ocrx_word' id='word_1_391' title='bbox 2630 2721 2732 2794; x_wconf 72' lang='grc' dir='ltr'><strong>γὰρ</strong></span> <span class='ocrx_word' id='word_1_392' title='bbox 2764 2716 2922 2781; x_wconf 78' lang='grc' dir='ltr'>οὗτος</span> <span class='ocrx_word' id='word_1_393' title='bbox 2948 2717 3041 2771; x_wconf 88' lang='grc' dir='ltr'>τὸν</span> <span class='ocrx_word' id='word_1_394' title='bbox 3077 2717 3242 2790; x_wconf 84' lang='grc' dir='ltr'>μόρον</span> <span class='ocrx_word' id='word_1_395' title='bbox 3267 2715 3533 2790; x_wconf 88' lang='grc' dir='ltr'>βασιλέως</span> 
     </span>
    </p>
   </div>
   <div class='ocr_carea' id='block_1_84' title="bbox 2400 2805 3511 2885">
    <p class='ocr_par' dir='ltr' id='par_1_84' title="bbox 2400 2805 3511 2885">
     <span class='ocr_line' id='line_1_84' title="bbox 2400 2805 3511 2885; baseline -0.004 -23"><span class='ocrx_word' id='word_1_396' title='bbox 2400 2805 2656 2885; x_wconf 80' lang='grc' dir='ltr'>Σφοδρῶς</span> <span class='ocrx_word' id='word_1_397' title='bbox 2678 2806 2830 2879; x_wconf 78' lang='grc' dir='ltr'>ἐπῄει</span> <span class='ocrx_word' id='word_1_398' title='bbox 2861 2807 3194 2878; x_wconf 78' lang='grc' dir='ltr'>Ἃωμαϊκοῖς</span> <span class='ocrx_word' id='word_1_399' title='bbox 3227 2806 3511 2882; x_wconf 79' lang='grc' dir='ltr'>φρουρίοις</span> 
     </span>
    </p>
   </div>
   <div class='ocr_carea' id='block_1_85' title="bbox 2219 2893 3568 2966">
    <p class='ocr_par' dir='ltr' id='par_1_85' title="bbox 2219 2893 3568 2966">
     <span class='ocr_line' id='line_1_85' title="bbox 2219 2893 3568 2966; baseline -0.007 -12"><span class='ocrx_word' id='word_1_400' title='bbox 2219 2900 2359 2954; x_wconf 88' lang='grc'>8930</span> <span class='ocrx_word' id='word_1_401' title='bbox 2397 2900 2525 2958; x_wconf 85' lang='grc' dir='ltr'>Τοῖς</span> <span class='ocrx_word' id='word_1_402' title='bbox 2558 2895 2692 2949; x_wconf 79' lang='grc' dir='ltr'>κατὰ</span> <span class='ocrx_word' id='word_1_403' title='bbox 2723 2893 2870 2948; x_wconf 83' lang='grc' dir='ltr'>δύσιν</span> <span class='ocrx_word' id='word_1_404' title='bbox 2901 2893 3168 2965; x_wconf 73' lang='grc' dir='ltr'>κειμένοις</span> <span class='ocrx_word' id='word_1_405' title='bbox 3197 2893 3286 2947; x_wconf 87' lang='grc' dir='ltr'><strong>καὶ</strong></span> <span class='ocrx_word' id='word_1_406' title='bbox 3319 2893 3568 2966; x_wconf 85' lang='grc' dir='ltr'>χωρίοις.</span> 
     </span>
    </p>
   </div>
   <div class='ocr_carea' id='block_1_86' title="bbox 2393 2978 3676 3058">
    <p class='ocr_par' dir='ltr' id='par_1_86' title="bbox 2393 2978 3676 3058">
     <span class='ocr_line' id='line_1_86' title="bbox 2393 2978 3676 3058; baseline -0.006 -16"><span class='ocrx_word' id='word_1_407' title='bbox 2393 2985 2613 3042; x_wconf 86' lang='grc' dir='ltr'>Ἃλλων</span> <span class='ocrx_word' id='word_1_408' title='bbox 2647 2984 2772 3058; x_wconf 87' lang='grc' dir='ltr'>παρ’</span> <span class='ocrx_word' id='word_1_409' title='bbox 2803 2981 2988 3036; x_wconf 82' lang='grc' dir='ltr'>ἄλλων</span> <span class='ocrx_word' id='word_1_410' title='bbox 3018 2986 3302 3058; x_wconf 76' lang='grc' dir='ltr'>τοιγαροῦν</span> <span class='ocrx_word' id='word_1_411' title='bbox 3323 2978 3676 3053; x_wconf 70' lang='grc' dir='ltr'>καλουμένων</span> 
     </span>
    </p>
   </div>
   <div class='ocr_carea' id='block_1_87' title="bbox 2397 3068 3470 3146">
    <p class='ocr_par' dir='ltr' id='par_1_87' title="bbox 2397 3068 3470 3146">
     <span class='ocr_line' id='line_1_87' title="bbox 2397 3068 3470 3146; baseline -0.005 -18"><span class='ocrx_word' id='word_1_412' title='bbox 2397 3074 2494 3130; x_wconf 73' lang='lat' dir='ltr'><strong>Eia</strong></span> <span class='ocrx_word' id='word_1_413' title='bbox 2522 3071 2918 3146; x_wconf 85' lang='grc' dir='ltr'>ποιμεναρχίαν</span> <span class='ocrx_word' id='word_1_414' title='bbox 2949 3093 3007 3125; x_wconf 91' lang='grc' dir='ltr'><strong>τε</strong></span> <span class='ocrx_word' id='word_1_415' title='bbox 3035 3071 3122 3125; x_wconf 81' lang='grc' dir='ltr'><strong>καὶ</strong></span> <span class='ocrx_word' id='word_1_416' title='bbox 3156 3068 3470 3144; x_wconf 84' lang='grc' dir='ltr'>προεδρίαν,</span> 
     </span>
    </p>
   </div>
   <div class='ocr_carea' id='block_1_88' title="bbox 2400 3156 3672 3234">
    <p class='ocr_par' dir='ltr' id='par_1_88' title="bbox 2400 3156 3672 3234">
     <span class='ocr_line' id='line_1_88' title="bbox 2400 3156 3672 3234; baseline -0.004 -19"><span class='ocrx_word' id='word_1_417' title='bbox 2400 3163 2461 3215; x_wconf 83' lang='grc' dir='ltr'><strong>Ἦ</strong></span> <span class='ocrx_word' id='word_1_418' title='bbox 2497 3159 2622 3230; x_wconf 83' lang='grc' dir='ltr'>δόξα</span> <span class='ocrx_word' id='word_1_419' title='bbox 2651 3161 2809 3226; x_wconf 84' lang='grc' dir='ltr'>κοινὴ</span> <span class='ocrx_word' id='word_1_420' title='bbox 2843 3156 3174 3230; x_wconf 73' lang='grc' dir='ltr'>Βλεμμῦδην</span> <span class='ocrx_word' id='word_1_421' title='bbox 3210 3156 3519 3234; x_wconf 74' lang='grc' dir='ltr'>Νικηφόρον</span> <span class='ocrx_word' id='word_1_422' title='bbox 3555 3158 3672 3226; x_wconf 71' lang='grc'>(84)</span> 
     </span>
    </p>
   </div>
   <div class='ocr_carea' id='block_1_89' title="bbox 2399 3243 3404 3325">
    <p class='ocr_par' dir='ltr' id='par_1_89' title="bbox 2399 3243 3404 3325">
     <span class='ocr_line' id='line_1_89' title="bbox 2399 3243 3404 3325; baseline -0.007 -20"><span class='ocrx_word' id='word_1_423' title='bbox 2399 3248 2731 3325; x_wconf 81' lang='grc' dir='ltr'>Προστασίας</span> <span class='ocrx_word' id='word_1_424' title='bbox 2764 3245 2906 3316; x_wconf 79' lang='grc' dir='ltr'>ἄξιον</span> <span class='ocrx_word' id='word_1_425' title='bbox 2937 3248 3069 3300; x_wconf 70' lang='grc' dir='ltr'>εἶναι</span> <span class='ocrx_word' id='word_1_426' title='bbox 3100 3243 3404 3319; x_wconf 85' lang='grc' dir='ltr'>προύτίθει,</span> 
     </span>
    </p>
   </div>
   <div class='ocr_carea' id='block_1_90' title="bbox 2219 3334 3453 3411">
    <p class='ocr_par' dir='ltr' id='par_1_90' title="bbox 2219 3334 3453 3411">
     <span class='ocr_line' id='line_1_90' title="bbox 2219 3334 3453 3411; baseline -0.007 -15"><span class='ocrx_word' id='word_1_427' title='bbox 2219 3341 2362 3396; x_wconf 86' lang='grc'>8935</span> <span class='ocrx_word' id='word_1_428' title='bbox 2397 3335 2582 3411; x_wconf 82' lang='grc' dir='ltr'>Ἅνδρ’</span> <span class='ocrx_word' id='word_1_429' title='bbox 2612 3336 2774 3409; x_wconf 81' lang='grc' dir='ltr'>ἀρετῇ</span> <span class='ocrx_word' id='word_1_430' title='bbox 2800 3356 2858 3390; x_wconf 91' lang='grc' dir='ltr'><strong>τε</strong></span> <span class='ocrx_word' id='word_1_431' title='bbox 2880 3336 3078 3389; x_wconf 89' lang='grc' dir='ltr'>συνέσει</span> <span class='ocrx_word' id='word_1_432' title='bbox 3100 3334 3453 3404; x_wconf 86' lang='grc' dir='ltr'>κεκασμένον.</span> 
     </span>
    </p>
   </div>
   <div class='ocr_carea' id='block_1_91' title="bbox 2398 3420 3524 3498">
    <p class='ocr_par' dir='ltr' id='par_1_91' title="bbox 2398 3420 3524 3498">
     <span class='ocr_line' id='line_1_91' title="bbox 2398 3420 3524 3498; baseline -0.008 -18"><span class='ocrx_word' id='word_1_433' title='bbox 2398 3424 2566 3498; x_wconf 84' lang='grc' dir='ltr'>’Ίδριν</span> <span class='ocrx_word' id='word_1_434' title='bbox 2599 3424 2788 3497; x_wconf 83' lang='grc' dir='ltr'>σοφίας</span> <span class='ocrx_word' id='word_1_435' title='bbox 2814 3420 3164 3488; x_wconf 76' lang='grc' dir='ltr'>παντοδαπῆς</span> <span class='ocrx_word' id='word_1_436' title='bbox 3197 3422 3288 3476; x_wconf 83' lang='grc' dir='ltr'>καὶ</span> <span class='ocrx_word' id='word_1_437' title='bbox 3319 3420 3524 3494; x_wconf 79' lang='grc' dir='ltr'><strong>λόγων⁹</strong></span> 
     </span>
    </p>
   </div>
   <div class='ocr_carea' id='block_1_92' title="bbox 2398 3507 3634 3581">
    <p class='ocr_par' dir='ltr' id='par_1_92' title="bbox 2398 3507 3634 3581">
     <span class='ocr_line' id='line_1_92' title="bbox 2398 3507 3634 3581; baseline -0.006 -12"><span class='ocrx_word' id='word_1_438' title='bbox 2398 3514 2496 3569; x_wconf 84' lang='grc' dir='ltr'><strong>Καὶ</strong></span> <span class='ocrx_word' id='word_1_439' title='bbox 2526 3517 2632 3568; x_wconf 86' lang='grc' dir='ltr'>τῶν</span> <span class='ocrx_word' id='word_1_440' title='bbox 2663 3513 2778 3566; x_wconf 85' lang='grc' dir='ltr'>κατ’</span> <span class='ocrx_word' id='word_1_441' title='bbox 2812 3511 2968 3566; x_wconf 77' lang='grc' dir='ltr'>αὐτὸν</span> <span class='ocrx_word' id='word_1_442' title='bbox 3003 3508 3216 3571; x_wconf 86' lang='grc' dir='ltr'>οὐδενὸς</span> <span class='ocrx_word' id='word_1_443' title='bbox 3247 3507 3634 3581; x_wconf 85' lang='grc' dir='ltr'>λελειμμένον,</span> 
     </span>
    </p>
   </div>
   <div class='ocr_carea' id='block_1_93' title="bbox 2393 3597 3484 3676">
    <p class='ocr_par' dir='ltr' id='par_1_93' title="bbox 2393 3597 3484 3676">
     <span class='ocr_line' id='line_1_93' title="bbox 2393 3597 3484 3676; baseline -0.008 -18"><span class='ocrx_word' id='word_1_444' title='bbox 2393 3599 2735 3676; x_wconf 82' lang='grc' dir='ltr'>Τετρακτύος</span> <span class='ocrx_word' id='word_1_445' title='bbox 2769 3597 3091 3654; x_wconf 86' lang='grc' dir='ltr'>διδάσκαλον</span> <span class='ocrx_word' id='word_1_446' title='bbox 3130 3600 3269 3671; x_wconf 86' lang='grc' dir='ltr'>μαθη</span> <span class='ocrx_word' id='word_1_447' title='bbox 3281 3599 3484 3670; x_wconf 87' lang='grc' dir='ltr'>μάτων,</span> 
     </span>
    </p>
   </div>
   <div class='ocr_carea' id='block_1_94' title="bbox 2395 3685 3454 3766">
    <p class='ocr_par' dir='ltr' id='par_1_94' title="bbox 2395 3685 3454 3766">
     <span class='ocr_line' id='line_1_94' title="bbox 2395 3685 3454 3766; baseline -0.008 -20"><span class='ocrx_word' id='word_1_448' title='bbox 2395 3689 2671 3746; x_wconf 75' lang='grc' dir='ltr'>Φιλούντα</span> <span class='ocrx_word' id='word_1_449' title='bbox 2703 3686 2964 3766; x_wconf 76' lang='grc' dir='ltr'>φιλοῦντα</span> <span class='ocrx_word' id='word_1_450' title='bbox 2993 3687 3127 3760; x_wconf 88' lang='grc' dir='ltr'>πρὸς</span> <span class='ocrx_word' id='word_1_451' title='bbox 3164 3685 3454 3755; x_wconf 78' lang='grc' dir='ltr'>βασιλέως,</span> 
     </span>
    </p>
   </div>
   <div class='ocr_carea' id='block_1_95' title="bbox 2216 3771 3538 3852">
    <p class='ocr_par' dir='ltr' id='par_1_95' title="bbox 2216 3771 3538 3852">
     <span class='ocr_line' id='line_1_95' title="bbox 2216 3771 3538 3852; baseline -0.008 -16"><span class='ocrx_word' id='word_1_452' title='bbox 2216 3783 2357 3836; x_wconf 79' lang='grc'>8940</span> <span class='ocrx_word' id='word_1_453' title='bbox 2397 3776 2730 3833; x_wconf 87' lang='grc' dir='ltr'>Διδάσκαλον</span> <span class='ocrx_word' id='word_1_454' title='bbox 2765 3777 2992 3852; x_wconf 81' lang='grc' dir='ltr'>φανέντα</span> <span class='ocrx_word' id='word_1_455' title='bbox 3022 3771 3162 3846; x_wconf 76' lang='grc' dir='ltr'>τῷδε</span> <span class='ocrx_word' id='word_1_456' title='bbox 3190 3777 3296 3827; x_wconf 83' lang='grc' dir='ltr'>τῶν</span> <span class='ocrx_word' id='word_1_457' title='bbox 3331 3772 3538 3846; x_wconf 87' lang='grc' dir='ltr'>λόγων,</span> 
     </span>
    </p>
   </div>
   <div class='ocr_carea' id='block_1_96' title="bbox 2395 3858 3584 3934">
    <p class='ocr_par' dir='ltr' id='par_1_96' title="bbox 2395 3858 3584 3934">
     <span class='ocr_line' id='line_1_96' title="bbox 2395 3858 3584 3934; baseline -0.008 -13"><span class='ocrx_word' id='word_1_458' title='bbox 2395 3864 2645 3927; x_wconf 83' lang='grc' dir='ltr'>Παιδείας</span> <span class='ocrx_word' id='word_1_459' title='bbox 2676 3864 2852 3934; x_wconf 72' lang='grc' dir='ltr'>ἄλλης</span> <span class='ocrx_word' id='word_1_460' title='bbox 2881 3864 2970 3917; x_wconf 86' lang='grc' dir='ltr'><strong>καὶ</strong></span> <span class='ocrx_word' id='word_1_461' title='bbox 3000 3861 3183 3916; x_wconf 79' lang='grc' dir='ltr'>καλῶν</span> <span class='ocrx_word' id='word_1_462' title='bbox 3218 3858 3584 3933; x_wconf 75' lang='grc' dir='ltr'>διδαγμάτωνο</span> 
     </span>
    </p>
   </div>
   <div class='ocr_carea' id='block_1_97' title="bbox 2394 3944 3507 4029">
    <p class='ocr_par' dir='ltr' id='par_1_97' title="bbox 2394 3944 3507 4029">
     <span class='ocr_line' id='line_1_97' title="bbox 2394 3944 3507 4029; baseline -0.007 -18"><span class='ocrx_word' id='word_1_463' title='bbox 2394 3955 2496 4011; x_wconf 85' lang='grc' dir='ltr'><strong>Καὶ</strong></span> <span class='ocrx_word' id='word_1_464' title='bbox 2531 3953 2782 4029; x_wconf 80' lang='grc' dir='ltr'>βασιλεὺς</span> <span class='ocrx_word' id='word_1_465' title='bbox 2815 3952 2924 4025; x_wconf 84' lang='grc' dir='ltr'><strong>οὐχ</strong></span> <span class='ocrx_word' id='word_1_466' title='bbox 2951 3953 3112 4018; x_wconf 71' lang='grc' dir='ltr'>ἧττον</span> <span class='ocrx_word' id='word_1_467' title='bbox 3149 3947 3334 4022; x_wconf 73' lang='grc' dir='ltr'>ἠγάπα</span> <span class='ocrx_word' id='word_1_468' title='bbox 3360 3944 3507 4003; x_wconf 87' lang='grc' dir='ltr'>τόδε.</span> 
     </span>
    </p>
   </div>
   <div class='ocr_carea' id='block_1_98' title="bbox 2391 4033 3615 4111">
    <p class='ocr_par' dir='ltr' id='par_1_98' title="bbox 2391 4033 3615 4111">
     <span class='ocr_line' id='line_1_98' title="bbox 2391 4033 3615 4111; baseline -0.011 -12"><span class='ocrx_word' id='word_1_469' title='bbox 2391 4041 2679 4099; x_wconf 83' lang='grc' dir='ltr'>Ἔσπευδεν</span> <span class='ocrx_word' id='word_1_470' title='bbox 2714 4040 2905 4095; x_wconf 82' lang='grc' dir='ltr'>οὐκοῦν</span> <span class='ocrx_word' id='word_1_471' title='bbox 2937 4036 3081 4093; x_wconf 85' lang='grc' dir='ltr'>τόνδ’</span> <span class='ocrx_word' id='word_1_472' title='bbox 3113 4033 3383 4111; x_wconf 75' lang='grc' dir='ltr'>ἒνιδρῦσαι</span> <span class='ocrx_word' id='word_1_473' title='bbox 3417 4033 3615 4110; x_wconf 82' lang='grc' dir='ltr'>θρόνῳ,</span> 
     </span>
    </p>
   </div>
   <div class='ocr_carea' id='block_1_99' title="bbox 2392 4121 3651 4207">
    <p class='ocr_par' dir='ltr' id='par_1_99' title="bbox 2392 4121 3651 4207">
     <span class='ocr_line' id='line_1_99' title="bbox 2392 4121 3651 4207; baseline -0.009 -18"><span class='ocrx_word' id='word_1_474' title='bbox 2392 4136 2586 4207; x_wconf 86' lang='grc' dir='ltr'>ΙΙεῖραν</span> <span class='ocrx_word' id='word_1_475' title='bbox 2617 4129 2933 4204; x_wconf 83' lang='grc' dir='ltr'>προσάγων,</span> <span class='ocrx_word' id='word_1_476' title='bbox 2966 4123 3278 4202; x_wconf 88' lang='grc' dir='ltr'>προστιθείς</span> <span class='ocrx_word' id='word_1_477' title='bbox 3311 4145 3361 4178; x_wconf 90' lang='grc' dir='ltr'><strong>τι</strong></span> <span class='ocrx_word' id='word_1_478' title='bbox 3391 4124 3478 4177; x_wconf 75' lang='grc' dir='ltr'>καὶ</span> <span class='ocrx_word' id='word_1_479' title='bbox 3513 4121 3651 4196; x_wconf 85' lang='grc' dir='ltr'>βίας.</span> 
     </span>
    </p>
   </div>
   <div class='ocr_carea' id='block_1_100' title="bbox 2215 4205 3554 4288">
    <p class='ocr_par' dir='ltr' id='par_1_100' title="bbox 2215 4205 3554 4288">
     <span class='ocr_line' id='line_1_100' title="bbox 2215 4205 3554 4288; baseline -0.013 -7"><span class='ocrx_word' id='word_1_480' title='bbox 2215 4205 2354 4280; x_wconf 71' lang='grc'>8945</span> <span class='ocrx_word' id='word_1_481' title='bbox 2390 4205 2557 4283; x_wconf 68' lang='grc' dir='ltr'>⁸Ωςδ⁹</span> <span class='ocrx_word' id='word_1_482' title='bbox 2585 4217 2720 4274; x_wconf 84' lang='grc' dir='ltr'>εὶδεν</span> <span class='ocrx_word' id='word_1_483' title='bbox 2752 4217 2812 4272; x_wconf 80' lang='grc' dir='ltr'>οὐ</span> <span class='ocrx_word' id='word_1_484' title='bbox 2846 4216 3003 4280; x_wconf 81' lang='grc' dir='ltr'>θέλον</span> <span class='ocrx_word' id='word_1_485' title='bbox 3057 4236 3085 4269; x_wconf 85' lang='grc' dir='ltr'><strong>α</strong></span> <span class='ocrx_word' id='word_1_486' title='bbox 3109 4215 3209 4282; x_wconf 76' lang='grc' dir='ltr'>τὴν</span> <span class='ocrx_word' id='word_1_487' title='bbox 3240 4209 3554 4288; x_wconf 84' lang='grc' dir='ltr'>προεδρίαν,</span> 
     </span>
    </p>
   </div>
   <div class='ocr_carea' id='block_1_101' title="bbox 2389 4298 3562 4383">
    <p class='ocr_par' dir='ltr' id='par_1_101' title="bbox 2389 4298 3562 4383">
     <span class='ocr_line' id='line_1_101' title="bbox 2389 4298 3562 4383; baseline -0.012 -19"><span class='ocrx_word' id='word_1_488' title='bbox 2389 4311 2586 4383; x_wconf 85' lang='grc' dir='ltr'>Τρόπῳ</span> <span class='ocrx_word' id='word_1_489' title='bbox 2612 4307 2669 4362; x_wconf 78' lang='grc' dir='ltr'>δὲ</span> <span class='ocrx_word' id='word_1_490' title='bbox 2698 4306 2856 4361; x_wconf 83' lang='grc' dir='ltr'>παντὶ</span> <span class='ocrx_word' id='word_1_491' title='bbox 2891 4300 3152 4377; x_wconf 85' lang='grc' dir='ltr'>μηδόλως</span> <span class='ocrx_word' id='word_1_492' title='bbox 3185 4298 3562 4372; x_wconf 67' lang='grc' dir='ltr'>πεπεισμένον,</span> 
     </span>
    </p>
   </div>
   <div class='ocr_carea' id='block_1_102' title="bbox 2391 4388 3365 4469">
    <p class='ocr_par' dir='ltr' id='par_1_102' title="bbox 2391 4388 3365 4469">
     <span class='ocr_line' id='line_1_102' title="bbox 2391 4388 3365 4469; baseline -0.011 -17"><span class='ocrx_word' id='word_1_493' title='bbox 2391 4397 2514 4457; x_wconf 70' lang='grc' dir='ltr'><strong>Ἐπὶ</strong></span> <span class='ocrx_word' id='word_1_494' title='bbox 2551 4395 2790 4469; x_wconf 84' lang='grc' dir='ltr'>μοναχὸν</span> <span class='ocrx_word' id='word_1_495' title='bbox 2824 4391 3095 4465; x_wconf 81' lang='grc' dir='ltr'>Ἀρσένιον</span> <span class='ocrx_word' id='word_1_496' title='bbox 3135 4388 3365 4463; x_wconf 81' lang='grc' dir='ltr'>ἐτράπη,</span> 
     </span>
    </p>
   </div>
   <div class='ocr_carea' id='block_1_103' title="bbox 2387 4475 3553 4547">
    <p class='ocr_par' dir='ltr' id='par_1_103' title="bbox 2387 4475 3553 4547">
     <span class='ocr_line' id='line_1_103' title="bbox 2387 4475 3553 4547; baseline -0.011 -6"><span class='ocrx_word' id='word_1_497' title='bbox 2387 4485 2660 4542; x_wconf 84' lang='grc' dir='ltr'>Ἀσκοῦντ’</span> <span class='ocrx_word' id='word_1_498' title='bbox 2687 4477 3135 4541; x_wconf 78' lang='grc' dir='ltr'>Ἀπολλωνιάδος</span> <span class='ocrx_word' id='word_1_499' title='bbox 3164 4479 3300 4532; x_wconf 88' lang='grc' dir='ltr'>κατά</span> <span class='ocrx_word' id='word_1_500' title='bbox 3330 4475 3553 4547; x_wconf 87' lang='grc' dir='ltr'>λίμνην,</span> 
     </span>
    </p>
   </div>
   <div class='ocr_carea' id='block_1_104' title="bbox 2390 4565 3563 4648">
    <p class='ocr_par' dir='ltr' id='par_1_104' title="bbox 2390 4565 3563 4648">
     <span class='ocr_line' id='line_1_104' title="bbox 2390 4565 3563 4648; baseline -0.01 -19"><span class='ocrx_word' id='word_1_501' title='bbox 2390 4580 2583 4648; x_wconf 85' lang='grc' dir='ltr'>Πεῖραν</span> <span class='ocrx_word' id='word_1_502' title='bbox 2618 4571 2809 4647; x_wconf 84' lang='grc' dir='ltr'>ὀλίγην</span> <span class='ocrx_word' id='word_1_503' title='bbox 2840 4567 3179 4643; x_wconf 82' lang='grc' dir='ltr'>γραμμάτιον</span> <span class='ocrx_word' id='word_1_504' title='bbox 3211 4586 3372 4635; x_wconf 87' lang='grc' dir='ltr'>κεκτη</span> <span class='ocrx_word' id='word_1_505' title='bbox 3385 4565 3563 4636; x_wconf 88' lang='grc' dir='ltr'>μένον.</span> 
     </span>
    </p>
   </div>
   <div class='ocr_carea' id='block_1_105' title="bbox 2212 4653 3482 4734">
    <p class='ocr_par' dir='ltr' id='par_1_105' title="bbox 2212 4653 3482 4734">
     <span class='ocr_line' id='line_1_105' title="bbox 2212 4653 3482 4734; baseline -0.014 -12"><span class='ocrx_word' id='word_1_506' title='bbox 2212 4667 2353 4722; x_wconf 89' lang='grc'>8950</span> <span class='ocrx_word' id='word_1_507' title='bbox 2388 4660 2761 4720; x_wconf 85' lang='grc' dir='ltr'>Ἐπιπολαίως</span> <span class='ocrx_word' id='word_1_508' title='bbox 2791 4662 3180 4734; x_wconf 79' lang='grc' dir='ltr'>γραμματικῆς</span> <span class='ocrx_word' id='word_1_509' title='bbox 3210 4653 3482 4726; x_wconf 70' lang='grc' dir='ltr'>ἡμμένον,</span> 
     </span>
    </p>
   </div>
   <div class='ocr_carea' id='block_1_106' title="bbox 2390 4739 3645 4822">
    <p class='ocr_par' dir='ltr' id='par_1_106' title="bbox 2390 4739 3645 4822">
     <span class='ocr_line' id='line_1_106' title="bbox 2390 4739 3645 4822; baseline -0.012 -15"><span class='ocrx_word' id='word_1_510' title='bbox 2390 4749 2606 4808; x_wconf 78' lang='grc' dir='ltr'>Ἀυλων</span> <span class='ocrx_word' id='word_1_511' title='bbox 2633 4746 2676 4803; x_wconf 87' lang='grc' dir='ltr'>δ’</span> <span class='ocrx_word' id='word_1_512' title='bbox 2708 4745 2960 4822; x_wconf 76' lang='grc' dir='ltr'>ἄγευστον</span> <span class='ocrx_word' id='word_1_513' title='bbox 2995 4742 3254 4820; x_wconf 85' lang='grc' dir='ltr'>έγκρίτων</span> <span class='ocrx_word' id='word_1_514' title='bbox 3285 4739 3645 4812; x_wconf 80' lang='grc' dir='ltr'>μαθημάτων.</span> 
     </span>
    </p>
   </div>
   <div class='ocr_carea' id='block_1_107' title="bbox 2385 4828 3503 4911">
    <p class='ocr_par' dir='ltr' id='par_1_107' title="bbox 2385 4828 3503 4911">
     <span class='ocr_line' id='line_1_107' title="bbox 2385 4828 3503 4911; baseline -0.013 -17"><span class='ocrx_word' id='word_1_515' title='bbox 2385 4843 2580 4894; x_wconf 89' lang='grc' dir='ltr'>Τοῦτον</span> <span class='ocrx_word' id='word_1_516' title='bbox 2617 4836 2995 4911; x_wconf 85' lang='grc' dir='ltr'>μετεστείλατο</span> <span class='ocrx_word' id='word_1_517' title='bbox 3019 4832 3236 4906; x_wconf 83' lang='grc' dir='ltr'>ταχέως</span> <span class='ocrx_word' id='word_1_518' title='bbox 3265 4828 3503 4904; x_wconf 86' lang='grc' dir='ltr'>κράτωρ,</span> 
     </span>
    </p>
   </div>
   <div class='ocr_carea' id='block_1_108' title="bbox 2391 4915 3506 4999">
    <p class='ocr_par' dir='ltr' id='par_1_108' title="bbox 2391 4915 3506 4999">
     <span class='ocr_line' id='line_1_108' title="bbox 2391 4915 3506 4999; baseline -0.013 -15"><span class='ocrx_word' id='word_1_519' title='bbox 2391 4929 2488 4984; x_wconf 82' lang='grc' dir='ltr'><strong>Καὶ</strong></span> <span class='ocrx_word' id='word_1_520' title='bbox 2517 4925 2581 4996; x_wconf 76' lang='grc' dir='ltr'>δὴ</span> <span class='ocrx_word' id='word_1_521' title='bbox 2617 4924 2856 4999; x_wconf 80' lang='grc' dir='ltr'>παρόντα</span> <span class='ocrx_word' id='word_1_522' title='bbox 2885 4920 3228 4995; x_wconf 83' lang='grc' dir='ltr'>πατριάρχην</span> <span class='ocrx_word' id='word_1_523' title='bbox 3260 4915 3506 4972; x_wconf 69' lang='grc' dir='ltr'>δεικνύει*</span> 
     </span>
    </p>
   </div>
   <div class='ocr_carea' id='block_1_109' title="bbox 2389 5005 3490 5086">
    <p class='ocr_par' dir='ltr' id='par_1_109' title="bbox 2389 5005 3490 5086">
     <span class='ocr_line' id='line_1_109' title="bbox 2389 5005 3490 5086; baseline -0.014 -14"><span class='ocrx_word' id='word_1_524' title='bbox 2389 5015 2494 5072; x_wconf 84' lang='grc' dir='ltr'>Καὶ</span> <span class='ocrx_word' id='word_1_525' title='bbox 2525 5013 2926 5086; x_wconf 86' lang='grc' dir='ltr'>ποιμενάρχαις</span> <span class='ocrx_word' id='word_1_526' title='bbox 2959 5006 3290 5083; x_wconf 74' lang='grc' dir='ltr'>έγκελεύεται</span> <span class='ocrx_word' id='word_1_527' title='bbox 3319 5005 3490 5079; x_wconf 85' lang='grc' dir='ltr'>τάχος</span> 
     </span>
    </p>
   </div>
   <div class='ocr_carea' id='block_1_110' title="bbox 2214 5089 3634 5170">
    <p class='ocr_par' dir='ltr' id='par_1_110' title="bbox 2214 5089 3634 5170">
     <span class='ocr_line' id='line_1_110' title="bbox 2214 5089 3634 5170; baseline -0.014 -8"><span class='ocrx_word' id='word_1_528' title='bbox 2214 5108 2355 5164; x_wconf 87' lang='grc'>8955</span> <span class='ocrx_word' id='word_1_529' title='bbox 2390 5104 2612 5161; x_wconf 80' lang='grc' dir='ltr'>“Απαντ’</span> <span class='ocrx_word' id='word_1_530' title='bbox 2645 5101 2727 5155; x_wconf 85' lang='grc' dir='ltr'><strong>ἐπ’</strong></span> <span class='ocrx_word' id='word_1_531' title='bbox 2760 5098 2905 5170; x_wconf 76' lang='grc' dir='ltr'>αὐτῷ</span> <span class='ocrx_word' id='word_1_532' title='bbox 2934 5099 2999 5152; x_wconf 75' lang='grc' dir='ltr'><strong>τά</strong></span> <span class='ocrx_word' id='word_1_533' title='bbox 3027 5095 3162 5150; x_wconf 78' lang='grc' dir='ltr'>κατὰ</span> <span class='ocrx_word' id='word_1_534' title='bbox 3189 5093 3392 5166; x_wconf 86' lang='grc' dir='ltr'>νόμους</span> <span class='ocrx_word' id='word_1_535' title='bbox 3422 5089 3634 5167; x_wconf 85' lang='grc' dir='ltr'>δράσαι,</span> 
     </span>
    </p>
   </div>
   <div class='ocr_carea' id='block_1_111' title="bbox 2389 5179 3558 5264">
    <p class='ocr_par' dir='ltr' id='par_1_111' title="bbox 2389 5179 3558 5264">
     <span class='ocr_line' id='line_1_111' title="bbox 2389 5179 3558 5264; baseline -0.014 -16"><span class='ocrx_word' id='word_1_536' title='bbox 2389 5197 2488 5264; x_wconf 83' lang='lat' dir='ltr'><strong>&quot;0v</strong></span> <span class='ocrx_word' id='word_1_537' title='bbox 2517 5191 2607 5246; x_wconf 80' lang='grc' dir='ltr'><strong>καὶ</strong></span> <span class='ocrx_word' id='word_1_538' title='bbox 2638 5188 2882 5245; x_wconf 79' lang='grc' dir='ltr'>τελοῦσιν</span> <span class='ocrx_word' id='word_1_539' title='bbox 2912 5185 2965 5240; x_wconf 82' lang='grc' dir='ltr'>ἐν</span> <span class='ocrx_word' id='word_1_540' title='bbox 2985 5185 3126 5260; x_wconf 85' lang='grc' dir='ltr'>τρισὶ</span> <span class='ocrx_word' id='word_1_541' title='bbox 3157 5179 3296 5237; x_wconf 88' lang='grc' dir='ltr'>τόνδ’</span> <span class='ocrx_word' id='word_1_542' title='bbox 3327 5179 3558 5254; x_wconf 79' lang='grc' dir='ltr'>ἡμέραις</span> 
     </span>
    </p>
   </div>
   <div class='ocr_carea' id='block_1_112' title="bbox 2390 5271 3438 5344">
    <p class='ocr_par' dir='ltr' id='par_1_112' title="bbox 2390 5271 3438 5344">
     <span class='ocr_line' id='line_1_112' title="bbox 2390 5271 3438 5344; baseline -0.013 -7"><span class='ocrx_word' id='word_1_543' title='bbox 2390 5279 2646 5337; x_wconf 87' lang='grc' dir='ltr'>Δικάονόν</span> <span class='ocrx_word' id='word_1_544' title='bbox 2664 5299 2722 5332; x_wconf 93' lang='grc' dir='ltr'><strong>τε</strong></span> <span class='ocrx_word' id='word_1_545' title='bbox 2751 5277 2840 5332; x_wconf 80' lang='grc' dir='ltr'><strong>καὶ</strong></span> <span class='ocrx_word' id='word_1_546' title='bbox 2873 5273 3036 5344; x_wconf 74' lang='grc' dir='ltr'>θύτην</span> <span class='ocrx_word' id='word_1_547' title='bbox 3067 5273 3155 5327; x_wconf 87' lang='grc' dir='ltr'><strong>καὶ</strong></span> <span class='ocrx_word' id='word_1_548' title='bbox 3186 5271 3438 5341; x_wconf 85' lang='grc' dir='ltr'>ποιμένα·</span> 
     </span>
    </p>
   </div>
   <div class='ocr_carea' id='block_1_113' title="bbox 2389 5355 3572 5446">
    <p class='ocr_par' dir='ltr' id='par_1_113' title="bbox 2389 5355 3572 5446">
     <span class='ocr_line' id='line_1_113' title="bbox 2389 5355 3572 5446; baseline -0.015 -20"><span class='ocrx_word' id='word_1_549' title='bbox 2389 5371 2523 5446; x_wconf 88' lang='grc' dir='ltr'>Παρ’</span> <span class='ocrx_word' id='word_1_550' title='bbox 2547 5369 2607 5423; x_wconf 82' lang='grc' dir='ltr'><strong>οῦ</strong></span> <span class='ocrx_word' id='word_1_551' title='bbox 2643 5363 2898 5442; x_wconf 80' lang='grc' dir='ltr'>βασιλεὺς</span> <span class='ocrx_word' id='word_1_552' title='bbox 2927 5358 3235 5424; x_wconf 87' lang='grc' dir='ltr'>ταινιωθεὶς</span> <span class='ocrx_word' id='word_1_553' title='bbox 3261 5361 3340 5429; x_wconf 82' lang='grc' dir='ltr'>τῷ</span> <span class='ocrx_word' id='word_1_554' title='bbox 3374 5355 3572 5433; x_wconf 84' lang='grc' dir='ltr'>στέφει,</span> 
     </span>
    </p>
   </div>
   <div class='ocr_carea' id='block_1_114' title="bbox 537 5542 3861 5636">
    <p class='ocr_par' dir='ltr' id='par_1_114' title="bbox 537 5542 3861 5636">
     <span class='ocr_line' id='line_1_114' title="bbox 537 5542 3861 5636; baseline -0.004 -25"><span class='ocrx_word' id='word_1_555' title='bbox 537 5559 649 5636; x_wconf 77' lang='grc'>(48)</span> <span class='ocrx_word' id='word_1_556' title='bbox 681 5559 782 5636; x_wconf 80' lang='lat' dir='ltr'><strong>Hic</strong></span> <span class='ocrx_word' id='word_1_557' title='bbox 813 5565 920 5636; x_wconf 82' lang='lat' dir='ltr'><strong>est,</strong></span> <span class='ocrx_word' id='word_1_558' title='bbox 951 5562 1121 5631; x_wconf 88' lang='lat' dir='ltr'><strong>cujus</strong></span> <span class='ocrx_word' id='word_1_559' title='bbox 1141 5562 1462 5636; x_wconf 81' lang='lat' dir='ltr'><strong>orationem</strong></span> <span class='ocrx_word' id='word_1_560' title='bbox 1484 5561 1549 5618; x_wconf 83' lang='lat' dir='ltr'><strong>de</strong></span> <span class='ocrx_word' id='word_1_561' title='bbox 1576 5563 1722 5634; x_wconf 76' lang='lat' dir='ltr'><strong>regis</strong></span> <span class='ocrx_word' id='word_1_562' title='bbox 1749 5567 1954 5636; x_wconf 78' lang='lat' dir='ltr'><strong>ofﬁcio,</strong></span> <span class='ocrx_word' id='word_1_563' title='bbox 1988 5572 2058 5626; x_wconf 92' lang='lat' dir='ltr'><strong>ad</strong></span> <span class='ocrx_word' id='word_1_564' title='bbox 2090 5571 2457 5628; x_wconf 89' lang='lat' dir='ltr'><strong>Theodorum</strong></span> <span class='ocrx_word' id='word_1_565' title='bbox 2503 5565 2647 5636; x_wconf 89' lang='lat' dir='ltr'><strong>imp.</strong></span> <span class='ocrx_word' id='word_1_566' title='bbox 2676 5560 2977 5632; x_wconf 87' lang='lat' dir='ltr'><strong>scriptam,</strong></span> <span class='ocrx_word' id='word_1_567' title='bbox 3023 5573 3131 5630; x_wconf 87' lang='lat' dir='ltr'><strong>ego</strong></span> <span class='ocrx_word' id='word_1_568' title='bbox 3183 5569 3368 5625; x_wconf 86' lang='lat' dir='ltr'><strong>nuper</strong></span> <span class='ocrx_word' id='word_1_569' title='bbox 3413 5551 3571 5608; x_wconf 91' lang='lat' dir='ltr'><strong>edidi</strong></span> <span class='ocrx_word' id='word_1_570' title='bbox 3621 5548 3678 5603; x_wconf 88' lang='lat' dir='ltr'><strong>in</strong></span> <span class='ocrx_word' id='word_1_571' title='bbox 3707 5542 3861 5600; x_wconf 82' lang='lat' dir='ltr'><strong>coll.</strong></span> 
     </span>
    </p>
   </div>
   <div class='ocr_carea' id='block_1_115' title="bbox 463 5632 1216 5690">
    <p class='ocr_par' dir='ltr' id='par_1_115' title="bbox 463 5632 1216 5690">
     <span class='ocr_line' id='line_1_115' title="bbox 463 5632 1216 5690; baseline 0.003 -4"><span class='ocrx_word' id='word_1_572' title='bbox 463 5632 594 5687; x_wconf 79' lang='lat' dir='ltr'><strong>Vat.</strong></span> <span class='ocrx_word' id='word_1_573' title='bbox 627 5632 920 5690; x_wconf 88' lang='lat' dir='ltr'><strong>volumine</strong></span> <span class='ocrx_word' id='word_1_574' title='bbox 941 5633 1216 5689; x_wconf 88' lang='lat' dir='ltr'><strong>secundo.</strong></span> 
     </span>
    </p>
   </div>
  </div>
