4138 6296
283 386 394 444 3'29

463 506 554 567 Ὦς
587 506 734 578 εἶχεν
765 499 1078 577 ἐξώρμησεν
1109 501 1261 564 εὐθὺς
1292 500 1431 575 πρὸς
1471 496 1620 554 δόσιν

281 597 425 652 8960
464 592 723 666 Ιῐορθμὸν
749 585 940 652 διαϐὰς
963 589 1142 645 ναυσίν
1172 587 1640 659 Ἑλλησποντίων·

461 683 568 739 Καὶ
598 674 920 734 καταλαϐὼν
955 675 1242 753 Ἀδριανοῦ
1269 679 1371 747 τὴν
1401 676 1588 746 πόλιν,

463 771 552 825 Ἐν
589 765 730 839 τῷδε
761 765 1014 842 διήγαγεν
1047 767 1258 840 ἡμέραν
1296 765 1442 838 μίαν·

460 858 575 915 Εἶτ’
606 855 910 932 ἒκτρατεῦει
943 857 1078 930 πρὸς
1109 855 1175 909 τὰ
1201 852 1469 924 Ῥοδόπης
1498 852 1633 927 μέρη

465 946 616 1002 Κατᾶ
648 943 883 1019 Μιχαὴλ
915 941 1246 1017 Βουλγάρων
1283 942 1592 1017 ἀρχηγέτου

292 1048 427 1102 8965
464 1042 570 1098 Σὺν
602 1046 826 1117 στρατιᾷ
855 1043 971 1095 κατ’
1004 1040 1175 1114 Εὗρον
1210 1038 1501 1115 ἐσκηγέτου

458 1135 554 1193 Ὃς
587 1129 702 1184 εἷλε
736 1127 1100 1202 Στενίμαχον,
1134 1127 1460 1197 Τζὲπαιναν,
1493 1124 1759 1202 Οῧστραν,

463 1213 734 1289 Κρυϐοὒς,
767 1216 1134 1292 ΙΙερπερ-ὶκιον
1167 1215 1259 1270 καὶ
1295 1216 1662 1291 Περιστίτζαν,

466 1306 719 1384 Ἐφραὶμ,
754 1305 1074 1380 Κριτζιμὸν,
1113 1301 1377 1380 Ἀχριδοῦ
1413 1303 1585 1358 πάντα
1615 1304 1808 1375 τόπον,

468 1395 705 1465 ’Υπήκοα
736 1392 968 1470 φρούρια
991 1396 1060 1465 τῇ
1091 1390 1376 1465 Ῥωμαίδι·

299 1487 430 1540 8970
466 1481 650 1544 Οῧτως
681 1481 934 1543 ἐπιόντος
968 1477 1024 1534 δὲ
1053 1481 1370 1556 κρατσίρχου
1395 1478 1607 1554 δρόμῳ,

465 1573 525 1628 Ὁ
553 1568 782 1646 Μιχαὴλ
813 1567 969 1645 γνοὺς
1002 1568 1060 1623 ἐκ
1091 1569 1444 1623 κατασκόπων
1467 1567 1647 1644 δράμα

463 1661 650 1733 Φυγὰς
682 1657 858 1712 ἀπιὼν
888 1661 1068 1731 ᾤχετο
1101 1657 1237 1723 πρὸς
1273 1654 1507 1728 πατρίδα

461 1746 638 1810 Αὐτός
668 1767 724 1801 τε
753 1745 843 1800 καὶ
886 1744 1190 1820 στράτευμα
1221 1742 1310 1799 διὰ
1344 1742 1628 1821 δυσπόρων

465 1838 791 1909 Συνηρεφῶν
830 1828 1024 1909 τρίϐων
1055 1853 1113 1887 τε
1142 1832 1230 1887 καὶ
1265 1829 1623 1890 δυσεκϐἀτων.

292 1926 433 1982 8975
471 1924 654 1996 Εὗρὼν
686 1923 836 1976 κενόν
870 1920 915 1976 δ’
953 1917 1118 1985 ἕωθεν
1154 1922 1277 1994 ἅναξ
1308 1923 1398 1975 τὸν
1424 1922 1616 1990 τόπον,

467 2009 589 2065 Έπί
619 2005 858 2086 Βεῤῥόην
891 2011 992 2079 ἧκε
1019 2011 1119 2078 τὴν
1153 2009 1204 2064 ἐν
1233 2008 1514 2086 γειτόνων·

468 2097 638 2153 Ἐλὼν
668 2095 725 2153 δὲ
753 2097 952 2168 ταύτην
980 2098 1069 2151 καὶ
1104 2095 1398 2161 σκυλεῦσας
1425 2099 1490 2151 τὰ
1520 2098 1692 2173 πέριξ.

469 2186 564 2244 Εἷς
593 2185 884 2261 Ἀδριανοῦ
913 2187 1011 2254 τὴν
1044 2184 1204 2240 πόλιν
1240 2185 1557 2261 ὑποστρέφει

468 2275 616 2332 Μετά
647 2274 903 2350 λαφύρων
934 2274 1228 2346 ἀμυθήτων
1260 2295 1317 2328 τε
1347 2274 1584 2330 σκύλων·

275 2375 422 2430 8980
469 2373 590 2449 Ἀφ’
623 2371 684 2424 οὗ
716 2371 1020 2448 πεπομφὼς
1060 2370 1310 2446 στρατιὰν
1341 2371 1421 2425 ὅτι
1451 2370 1644 2446 τάχος,

457 2461 658 2521 Πόλεις
687 2461 1060 2534 παρεστήσατ)
1091 2461 1188 2521 τὰς
1221 2460 1545 2523 ἀποστάσας·

458 2549 559 2604 Καὶ
594 2547 850 2623 βασιλεύς
881 2544 927 2602 δ’
962 2544 1121 2617 ἔξεισι
1151 2549 1288 2603 κατά
1316 2546 1606 2619 Ῥοδόπης,

457 2636 566 2693 Καὶ
601 2636 963 2711 Στενίμαχον,
996 2637 1323 2712 Κρυτζιμὸν,
1361 2637 1727 2710 Περιστίτζαν,

457 2725 818 2793 Ἐκανκσώζει
850 2727 1034 2798 κράτει
1062 2729 1169 2779 τῶν
1203 2724 1476 2780 Αὐσόνων·

268 2817 414 2872 8985
460 2815 685 2887 Ἔμεινε
715 2810 762 2867 δ’
793 2812 1070 2875 ἀνάλωτος
1114 2814 1384 2882 Τζέπαινα
1421 2814 1559 2888 μόνη

475 2901 573 2956 Διά
600 2922 659 2956 τε
685 2902 892 2977 κρυμὸν
923 2900 1012 2955 καὶ
1038 2900 1207 2957 τόπου
1235 2900 1564 2979 δυσχωρίαν.

471 2992 639 3066 Ἥρος
673 2987 720 3044 δ’
746 2988 1165 3062 ἐπιλάμψαντος
1197 2990 1386 3046 αὐτίκα
1413 2993 1606 3071 γράφει

467 3081 627 3151 ’Ἁναξ
661 3083 992 3152 στρατηγοῖς
1022 3083 1137 3141 τοῖς
1156 3079 1291 3134 κατᾶ
1323 3079 1524 3156 Σέρρας
1553 3081 1714 3137 πόλιν

468 3169 562 3240 Τῷ
593 3165 1080 3242 Στρατηγοποῦλῳ
1109 3168 1200 3222 καὶ
1232 3171 1506 3242 Τορνικίῳ

281 3260 428 3314 8990
471 3256 614 3310 Μετᾶ
644 3255 894 3332 στρατιὰς
921 3251 1218 3331 προϐαλεῖν
1246 3261 1314 3331 τῇ
1345 3258 1627 3332 Τζεπαίνῃ.

472 3343 721 3415 Ἐξήεσαν
752 3340 842 3396 οὖν
873 3344 1020 3417 παρὰ
1047 3341 1198 3398 τόνδε
1217 3345 1306 3398 τὸν
1332 3346 1520 3400 τόπον·

471 3432 579 3488 Εἶτ’
604 3429 702 3486 οὐκ
731 3427 933 3492 ἰδόντες
964 3434 1214 3507 στρατιάν
1245 3432 1518 3504 ἐναντίων,

470 3523 594 3597 Οὐχ
619 3519 846 3583 ὁπλίτας
877 3521 1054 3584 ῗόντας
1087 3523 1164 3586 εἰς
1199 3526 1382 3599 μάχην
1417 3525 1582 3590 ὅλως-

470 3607 703 3665 Φόλλων
734 3607 791 3664 δὲ
818 3611 1034 3666 κτύπων
1063 3613 1151 3666 καὶ
1179 3612 1366 3685 ψόφων
1392 3615 1716 3690 ᾐσθημένοι,

281 3701 436 3757 8995
501 3696 700 3773 ᾤχοντ’
729 3698 984 3772 ἀκόσμως
1018 3699 1070 3754 ἐν
1102 3706 1246 3777 φυγῇ
1279 3701 1598 3766 λελοιπότες

467 3791 694 3850 Ἵππους
721 3787 1026 3852 πανοπλίας
1051 3809 1108 3844 τε
1136 3791 1224 3844 καὶ
1257 3793 1450 3861 σκευὴν
1481 3792 1616 3863 ὅλην

469 3879 601 3934 Τοῖς
632 3870 1001 3954 ἱπποφορϐοἴς
1024 3879 1112 3932 καὶ
1142 3874 1408 3942 συϐώταις
1433 3880 1782 3959 Βουλγάρων·

470 3964 540 4021 ’Ό
568 3964 801 4039 γνωσθὲν
833 3964 1044 4034 ἠνίασεν
1078 3969 1277 4022 ἄνακτα
1306 3967 1450 4024 λίαν.

477 4052 600 4128 Οὐχ
626 4055 784 4122 ἧττον
812 4053 1027 4123 ἠνίασεν
1055 4055 1298 4110 εἰσπεσὸν
1327 4056 1488 4113 πάλιν

272 4153 432 4208 9000
474 4154 688 4205 Λυποῦν
718 4172 771 4206 τι
801 4152 964 4206 κακὸν
997 4160 1281 4229 Δραγωτᾶς
1305 4153 1365 4210 ἐκ
1393 4155 1742 4232 Βουλγάρων,

474 4239 696 4312 Ἀρχων
726 4245 976 4312 στρατιᾶς
1003 4247 1104 4310 τῆς
1134 4243 1266 4298 κατά
1298 4244 1619 4300 Μελενίκον·

472 4326 661 4387 Ὀστις
689 4327 926 4390 ἀποστὰς
955 4329 1044 4383 καὶ
1077 4332 1302 4406 στρατὸν
1336 4333 1625 4398 συναλίσας

473 4417 833 4490 Κατατρὲχων
862 4416 924 4491 ἦν
947 4417 1013 4472 τὰ
1043 4417 1193 4492 πὲριξ
1219 4421 1542 4476 Μελενίκου·

471 4503 643 4557 Ἀστυ
673 4500 730 4558 δί
757 4505 1065 4561 συνέκλεισε
1091 4512 1360 4581 πορθῆσαι
1391 4510 1584 4569 θέλων.

273 4595 429 4650 θοῶ
473 4592 742 4647 ’Πκουστο
773 4597 939 4648 ταῦτα
973 4595 1189 4670 βασιλεῖ
1218 4600 1568 4674 στρατηγέτῃ,

476 4681 573 4734 Καὶ
600 4681 700 4748 τὴν
726 4682 990 4757 ταχίστην
1016 4685 1168 4748 ἀετός
1197 4708 1279 4748 τις
1310 4687 1546 4760 καθάπερ

476 4775 729 4832 ’Ώκιστος
760 4767 894 4841 ἔπτη
920 4774 1054 4846 πρὸς
1088 4772 1383 4831 Μελενίκου
1413 4777 1613 4842 τόπους

480 4857 628 4912 Μετὰ
654 4863 901 4932 στρατιᾶς
928 4861 1018 4915 καὶ
1051 4869 1368 4938 στρατηγῶν
1400 4865 1707 4941 ταγμάτων.

483 4945 586 5002 Καὶ
619 4945 964 5020 καταπλήξας
1000 4952 1248 5026 στρατιὰν
1282 4951 1537 5007 ἐναντίων

283 5044 444 5100 9010
483 5039 749 5119 Αἷφνιδίῳ
773 5065 832 5098 τε
859 5046 949 5100 καὶ
978 5055 1227 5124 στρατιᾶς
1254 5053 1322 5124 τῇ
1356 5051 1551 5128 στίφει,

485 5129 780 5206 Ἐτρέψατο
811 5138 944 5209 σφᾶς
971 5135 1047 5198 εἷς
1079 5139 1255 5212 φυγὴν
1289 5141 1644 5214 κατακράτος,

483 5218 743 5287 Κτείνων,
776 5218 1010 5293 διώκων,
1044 5225 1438 5301 αἰχμαλώτους
1470 5225 1782 5302 λαμϐάνων,

483 5307 572 5368 Ὠς
603 5305 664 5361 ἑκ
695 5308 965 5365 τοσούτων
999 5312 1241 5390 ἐκφυγεῖν
1281 5316 1502 5391 βραχεῖς
1539 5319 1730 5392 μόρον,

481 5394 586 5450 Καὶ
616 5396 751 5469 πρὸς
781 5397 990 5461 Μυσίας
1015 5397 1342 5471 διασωθῆναι
1377 5405 1539 5480 μέρη.

284 5485 444 5542 90ιὸ
483 5484 544 5540 Ὁ
576 5480 622 5538 δ’
654 5485 718 5538 αὗ
750 5494 1031 5562 Δραγωτᾶς
1063 5493 1430 5562 συμπατηθεις
1462 5493 1668 5559 ἀθλίως

483 5573 692 5628 Ἵππων
726 5576 884 5629 ποσὶν
916 5575 1168 5647 τέθνηκεν
1194 5576 1433 5635 ἐκλιπὼν
1465 5581 1620 5657 φάος.

489 5659 641 5716 Οὕτω
676 5659 936 5737 βασιλεὺς
970 5663 1170 5728 διαθεὶς
1201 5665 1353 5720 πάνθ’
1383 5669 1456 5730 ὡς
1481 5671 1623 5741 δέον,

632 5779 902 5842 Parant.
950 5783 1062 5844 Gn.
1107 5784 1362 5845 CXLIII.

1806 379 2000 434 CBSA
2009 380 2164 433 RES.

1957 504 2008 570 Α
2038 499 2098 555 in
2126 501 2482 558 occidentem
2517 504 2783 570 protinus
2815 503 3085 574 discedit,

2031 589 2562 662 Hellespontiacum
2596 594 2844 648 navibus
2868 593 3079 648 fretum
3115 592 3434 648 transiens.

2030 678 2216 748 Atque
2249 679 2519 734 Hadriani
2553 680 2778 736 delatus
2807 681 2876 735 ad
2912 681 3139 749 urbem,

2032 763 2112 818 ibi
2144 765 2232 820 vix
2264 783 2379 821 uno
2411 768 2745 822 demoratus
2777 769 2892 834 die,

2032 857 2221 907 castra
2252 855 2539 924 promovit
2571 855 2904 927 Rhodopem
2939 873 3143 911 versus

2033 945 2230 995 contra
2257 941 2625 1014 Bulgaricum
2661 945 2980 1020 principem
3016 944 3381 1015 Michaelem,

2033 1029 2131 1099 qui
2165 1045 2295 1084 cum
2329 1033 2581 1086 exercitu
2613 1033 2682 1086 ad
2716 1033 2969 1088 Hebrum
3001 1035 3382 1102 morabatur;

2032 1118 2466 1174 Stenimachum
2501 1125 2750 1192 ceperat,
2783 1123 3160 1193 Tzazpaznam,
3191 1128 3452 1191 Ustram,

2032 1213 2252 1282 Cribos,
2288 1217 2720 1289 Pcrpcracium,
2756 1223 2813 1273 et
2843 1219 3233 1289 Peristilzam,

2031 1303 2426 1376 Ephrmmum,
2459 1305 2818 1373 Critzimum,
2853 1312 3128 1362 cunctam
3163 1306 3473 1363 Achridem

2033 1407 2160 1461 quae
2193 1393 2362 1448 nobis
2393 1410 2552 1448 arces
2584 1399 2750 1449 antea
2780 1396 3086 1466 parebant.

2033 1479 2200 1534 Nunc
2227 1481 2296 1535 de
2326 1481 2583 1536 irruente
2605 1482 2872 1538 celeriter
2903 1484 3122 1538 Czesare

2033 1567 2104 1620 ab
2136 1567 2470 1640 explorante
2503 1569 2746 1625 Michael
2780 1571 3137 1638 admonitus,

2034 1656 2172 1727 fuga
2192 1673 2254 1711 se
2284 1657 2486 1712 statim
2517 1658 2716 1712 retulit
2746 1659 2804 1713 in
2837 1661 3088 1730 patriam

2036 1744 2160 1814 ipse
2183 1761 2314 1800 cum
2349 1746 2556 1816 copiis,
2590 1763 2692 1817 per
2723 1746 2879 1801 locos
2913 1747 3183 1803 difﬁciles

1952 1863 2000 1928 B
2036 1848 2250 1903 perque
2281 1833 2564 1888 dumosos
2597 1834 2722 1928 sine
2755 1834 2900 1890 calle
2928 1835 3136 1891 saltus.

2031 1920 2198 1976 Mane
2228 1937 2359 1976 cum
2391 1938 2641 1977 vacuum
2673 1921 2867 1978 locum
2900 1924 3213 1994 reperisset

2024 2009 2233 2076 Caesar,
2267 2010 2653 2082 propinquam
2686 2011 2950 2082 pervenit
2981 2013 3051 2066 ad
3084 2012 3378 2069 Berrhoen
3413 2031 3428 2069 :

2027 2113 2146 2168 qua
2174 2102 2360 2169 capta,
2393 2115 2648 2170 agroque
2680 2099 2942 2170 proximo
2975 2100 3200 2172 direpto

2029 2186 2503 2257 Hadrianopolim
2541 2193 2727 2242 semet
2760 2188 3079 2260 recipiebat

2029 2291 2145 2329 non
2176 2275 2304 2330 sine
2327 2275 2530 2330 multis
2563 2275 2882 2346 spoliorum
2917 2277 3157 2332 divitiis.

2027 2363 2217 2434 Atque
2247 2362 2408 2418 illinc
2441 2364 2623 2420 misso
2650 2367 2912 2436 protinus
2943 2367 3198 2422 exercitu

2032 2451 2396 2522 recuperavit
2425 2453 2600 2508 urbes
2630 2453 3000 2524 apostolicas.

2033 2540 2163 2610 Ipse
2185 2540 2434 2610 perrexit
2466 2539 2786 2612 imperator
2823 2542 2892 2597 ad
2930 2543 3271 2615 Rhodopen,

2034 2627 2410 2682 Stenimacbu
2423 2644 2610 2700 mque,
2646 2630 3032 2700 Peristitzam,
3063 2632 3443 2705 Crytzimum,

2037 2728 2298 2780 Romano
2330 2742 2533 2782 rursus
2564 2726 2792 2781 addidit
2824 2727 3088 2800 imperio.

2036 2812 2161 2869 Una
2183 2813 2461 2884 Tzepazna
2489 2814 2744 2884 perstitit
2774 2815 2987 2870 invicta

2035 2903 2108 2958 ob
2142 2901 2248 2957 loci
2283 2902 2654 2973 asperitatem
2694 2908 2868 2975 atque
2897 2904 3133 2960 hiemis.

2036 2991 2146 3046 Sed
2178 3007 2310 3046 vere
2338 2995 2556 3062 exorto,
2591 2992 2790 3047 statim
2825 2993 2983 3048 dedit
3017 2992 3246 3050 litteras

2037 3081 2108 3135 ad
2143 3080 2320 3136 duces
2350 3081 2543 3136 Caesar
2561 3081 2747 3136 Serris
2781 3083 3150 3138 demorantes

1963 3210 2005 3275 Ο
2041 3169 2516 3241 Strategopulum
2539 3169 2760 3225 scilicet
2789 3175 2844 3226 et
2873 3171 3230 3241 Tornicinm,

2045 3262 2257 3312 utcum
2293 3258 2548 3313 exercitu
2582 3263 2888 3329 quaterent
2919 3261 3279 3332 Tzepeznam.

2033 3345 2123 3402 Illi
2156 3346 2225 3400 ad
2258 3346 2414 3401 hunc
2443 3346 2676 3418 agmine
2706 3347 3013 3403 tendentes
3047 3349 3260 3417 locum,

2033 3451 2165 3489 cum
2199 3451 2302 3489 nec
2334 3435 2613 3490 vidissent
2640 3434 2912 3491 hostilem
2945 3438 3261 3494 exercitum

2033 3538 2222 3594 neque
2254 3527 2486 3578 ruentes
2517 3523 2574 3577 in
2606 3524 2867 3594 praelium
2899 3528 3176 3594 armatos,

2033 3612 2305 3668 foliorum
2337 3616 2567 3667 tantum
2599 3614 2794 3669 sonitu
2828 3614 3115 3684 perterriti

2033 3700 2284 3772 turpiter
2314 3700 2688 3771 dill'ugerunt,
2722 3703 2966 3772 abjectis
2992 3703 3170 3758 etiam

2033 3790 2202 3862 equis
2231 3792 2288 3844 et
2309 3790 2487 3844 armis
2515 3792 2570 3843 et
2601 3789 2830 3844 sarcina
2861 3791 3149 3846 universa.

2034 3896 2159 3949 qua:
2185 3878 2377 3950 praeda
2406 3877 2583 3934 cessit
2613 3878 2982 3933 armentariis
3013 3879 3299 3950 Bulgaria.

2035 3967 2176 4021 Rem
2207 3971 2402 4022 autem
2434 3965 2626 4021 Caesar
2655 3965 2892 4037 pertulit
2923 3969 3238 4039 aegerrime.

2035 4064 2151 4119 Nec
2183 4063 2379 4119 minus
2409 4063 2566 4118 aliud
2597 4063 3008 4133 superveniens
3039 4065 3260 4121 malum

2035 4151 2241 4219 sensit,
2273 4151 2539 4206 videlicet
2567 4151 2882 4222 Bulgarum
2916 4157 3249 4224 Dragotam,

2036 4243 2268 4296 nostras
2300 4242 2595 4311 regentem
2620 4239 2884 4296 Melenici
2916 4239 3131 4312 copias.

2037 4329 2343 4386 Rebellans
2373 4329 2548 4397 enim,
2582 4335 2929 4403 congregato
2961 4331 3240 4400 exercitu,

2039 4418 2425 4491 populabatur
2454 4418 2718 4474 Melenici
2748 4421 2894 4475 ﬁnes

2039 4509 2346 4580 ipsamque
2376 4506 2576 4562 urbem
2607 4508 2887 4563 obsidens
2919 4509 3243 4580 premebat.

1962 4570 2010 4632 θ
2039 4570 2375 4652 Audiitboc
2401 4596 2458 4651 in
2483 4596 2691 4652 castris
2721 4570 3056 4667 imperator,

2047 4691 2221 4755 atque
2249 4683 2504 4740 volatum
2535 4683 2743 4756 aquilae
2765 4683 3070 4740 aemulatus

2047 4773 2150 4828 vim
2181 4771 2524 4844 compendio
2557 4772 2744 4844 pergit
2776 4772 3124 4828 Melenicum

2051 4887 2185 4927 cum
2219 4871 2341 4926 suis
2373 4869 2554 4940 copiis
2580 4870 2972 4941 ordinumque
3002 4870 3294 4928 ducibus:

2049 4958 2471 5031 perterritoque
2502 4957 2762 5013 bestium
2795 4960 3048 5014 exercitu

2053 5049 2242 5105 subito
2273 5049 2518 5103 adventu
2553 5046 2926 5120 militumque
2958 5065 3225 5116 numero,

2055 5138 2252 5208 fugam
2284 5136 2578 5208 ingentem
2611 5141 2786 5206 atque
2817 5136 3042 5192 cladem
3075 5138 3281 5209 edidit,

2055 5241 2430 5296 persequens,
2464 5225 2712 5292 caedens,
2745 5224 3005 5297 captivos
3027 5225 3426 5299 intercipiens,

2057 5327 2120 5376 ut
2149 5321 2318 5392 pauci
2347 5338 2416 5378 ex
2447 5327 2532 5377 tot
2565 5322 2863 5377 interitum
2897 5323 3227 5392 vitaverint,

2059 5411 2158 5481 qui
2190 5411 2325 5482 fuga
2352 5415 2409 5466 in
2443 5410 2654 5466 Mcesize
2689 5415 2880 5482 partes
2911 5416 3239 5467 evaserunt.

2058 5501 2339 5570 Dragotas
2371 5504 2564 5553 autem
2598 5499 2968 5571 proculcatus
2996 5500 3207 5553 misere

2061 5603 2342 5658 equorum
2378 5586 2619 5656 pedibus
2649 5587 2780 5641 vitre
2808 5587 2963 5656 rupit
2994 5587 3157 5640 filum

2061 5675 2163 5732 His
2192 5676 2380 5730 Caesar
2409 5675 2553 5728 actis
2583 5691 2650 5729 ex
2681 5675 2859 5729 animi
2889 5676 3200 5739 sententia,

3309 5795 3377 5852 Η

3569 379 3676 435 330
