4136 6292
450 292 550 345 331
1651 301 2019 354 ΕΡΗΒΛΕΜΙῙ
2054 300 2083 354 C

1651 301 2019 354 ΕΡΗΒΛΕΜΙΙ
2054 297 2621 356 CHRONOGRAPHI

449 419 508 472 et
539 414 897 473 defectorum
932 416 1168 473 feminis
1200 434 1265 473 ac
1296 418 1498 475 liberis

2117 421 2170 486 Α
2378 418 2478 474 Καὶ
2508 419 2605 484 τὰς
2634 418 2873 475 ἀπίστων
2902 420 3139 495 γαμετὰς
3165 420 3255 475 καὶ
3284 418 3464 476 τεκνία

449 504 567 561 alio
598 504 925 575 translatis,
958 506 1160 576 procul
1190 505 1485 562 Melenico.

2378 507 2719 584 Ηορῥωτάτω
2751 510 2860 571 θεὶς
2893 506 3079 573 ἄστεος
3111 506 3432 580 Μελενίκου,

448 593 929 650 Thessalonicam
962 593 1122 649 illinc
1153 599 1242 651 est
1272 612 1575 651 reversus:

2194 597 2334 651 9020
2375 598 2607 660 Ἐκεῖθεν
2638 599 2765 664 ἧκεν
2801 596 2875 659 εἷς
2909 594 3357 651 Θεσσαλονικέων·

445 682 601 737 unde
629 681 981 737 transmisso
1012 682 1151 737 Axio
1185 684 1493 753 profundo,

2370 686 2492 758 ’Acp’
2524 685 2587 738 οὗ
2620 686 2855 760 περάσας
2889 685 3088 755 Ἀξειὸν
3126 682 3414 759 βαθυδίνην

440 772 706 827 Bodenos
731 771 891 825 venit
921 770 1092 842 aquis
1124 773 1529 829 abundantes:

2368 774 2534 829 Ἀστυ
2566 770 2823 843 Βοδηνῶν
2859 770 3215 848 ὑδατόῤῥυτον
3243 775 3444 849 φθάνει·

441 856 543 911 ubi
573 856 849 915 laborans
879 859 1098 913 ventris
1131 859 1454 927 doloribus,

2365 862 2527 917 Ἒνθα
2555 864 2787 932 νοσήσας
2815 860 3095 916 κοιλιακόν
3127 882 3180 915 τι
3209 860 3395 929 πάθος,

436 945 682 1017 paulum
712 954 1015 1018 propterea
1037 948 1300 1002 substitit
1329 949 1558 1004 diebus.

2366 950 2577 1024 Μικρόν
2599 970 2650 1003 τι
2683 951 2853 1025 χώρῳ
2883 950 3175 1024 προσμένει
3202 950 3397 1003 τούτου
3429 949 3605 1025 χάριν.

437 1034 572 1090 Mox
604 1039 924 1104 recreatus,
954 1035 1251 1107 Prilapum
1283 1036 1506 1105 invisit,

2188 1039 2332 1093 9025
2370 1038 2502 1093 Εἶτα
2534 1036 2723 1113 ῥαλισας
2756 1039 2883 1092 ἄστυ
2916 1036 3243 1112 Πριλλάπου
3278 1037 3487 1113 βλέπει,

435 1122 535 1178 ubi
567 1140 685 1179 non
716 1124 920 1194 paucis
953 1125 1210 1196 perstitit
1236 1126 1465 1181 diebus.

2363 1125 2440 1181 Οὗ
2474 1123 2744 1200 διαγαγὼν
2775 1126 2873 1180 οὐκ
2913 1124 3097 1199 ὀλίγας
3125 1126 3352 1200 ἡμέρας,

430 1210 651 1266 Deinde
681 1212 915 1267 transiit
947 1213 1019 1267 ad
1054 1212 1325 1269 Belesum
1362 1213 1678 1285 oppidum;

2366 1214 2468 1268 Ἐπ
2498 1212 2771 1288 στρατεύει
2804 1214 3022 1285 Βελεσῷ
3051 1234 3151 1267 τινι
3184 1214 3364 1286 πόλει,

434 1311 637 1364 contra
668 1310 824 1379 quod
859 1309 1153 1364 machinis
1186 1309 1417 1365 bellicis
1444 1310 1701 1379 directis,

2366 1303 2751 1376 Καθαιρετικᾶς
2784 1302 3037 1377 μηχανὰς
3066 1301 3392 1376 ἐπηγμένος·

434 1396 494 1451 in
528 1396 884 1452 deditionem
910 1413 1043 1452 mox
1075 1397 1227 1453 cives
1251 1399 1493 1469 accepit,

2360 1391 2563 1463 "vap
2593 1392 2968 1465 παρεστήσατο
2998 1389 3068 1463 τῇ
3099 1395 3389 1466 συμφωοίᾳ

436 1484 536 1556 qui
568 1484 805 1541 obtenta
831 1486 1049 1557 nequid
1083 1491 1418 1558 paterentur
1446 1487 1561 1542 ﬁde

2188 1488 2330 1543 9030
2367 1490 2479 1541 Τοῦ
2514 1488 2587 1559 μή
2619 1487 2690 1541 τι³
2709 1488 2894 1540 παθεῖν
2928 1485 3087 1562 ὅρκον
3122 1485 3503 1559 εἰσδεξαμένων

431 1577 618 1629 semet
647 1590 714 1629 ac
748 1575 1033 1647 oppidum
1066 1575 1464 1646 permiserunt
1492 1576 1727 1632 Caesari.

2367 1579 2491 1632 Τῶν
2523 1573 2676 1629 ἔνδον
2710 1573 2878 1630 ὄντων
2910 1576 2999 1630 καὶ
3029 1574 3339 1650 προδόντων
3372 1580 3470 1647 τήν
3502 1580 3676 1635 πόλιν.

428 1663 817 1727 Quamobrem
849 1663 968 1718 arci
1002 1664 1281 1735 imposito
1309 1663 1600 1735 praasidio,

2364 1664 2607 1719 Ἀπαντα
2636 1663 2813 1717 τοίνυν
2845 1665 2900 1717 εὖ
2933 1661 3132 1725 διαθεὶς
3167 1666 3452 1740 φρουρίου,

430 1770 537 1827 per
564 1753 993 1825 Nautzapoleos
1024 1755 1247 1810 aridam
1290 1755 1610 1827 regionem,

2103 1778 2151 1842 B
2361 1751 2458 1805 Διὰ
2488 1750 2926 1819 Ναυτζαπόλεως
2961 1749 3191 1828 ἀνύδρου
3216 1752 3384 1808 τόπου

427 1862 584 1918 aqua
612 1845 885 1901 laborans
916 1849 1090 1918 atque
1122 1849 1473 1914 commeatu,

2104 1840 2139 1842 ᾖ
2371 1842 2473 1895 Σὺν
2503 1840 2704 1914 ἀπορίᾳ
2734 1840 2822 1895 καὶ
2854 1846 3034 1895 ποτῶν
3063 1843 3151 1895 καὶ
3185 1843 3508 1917 βρωμάτων,

435 1949 584 2005 aegre
614 1934 877 2005 pervenit
907 1938 1107 1989 tamen
1139 1935 1207 1989 ad
1242 1935 1447 1989 urbem
1470 1934 1703 2005 Serras;

2190 1930 2330 1984 9035
2367 1929 2461 1990 Εἰς
2496 1928 2696 2003 Σέρῥας
2725 1931 2822 1997 ἧκε
2851 1928 3146 1999 τληπαθῶς
3178 1930 3321 2000 πλὴν
3354 1934 3451 2000 τήν
3483 1931 3642 1989 πόλιν

434 2022 537 2077 ubi
569 2038 637 2077 ex
667 2022 900 2079 Oriente
931 2022 1144 2078 litteris
1175 2023 1438 2095 perlatis,

2362 2019 2523 2081 Ἔνθα
2554 2018 2761 2093 γραφὴν
2798 2014 3011 2072 δέδεκτο
3041 2019 3177 2091 πρὸς
3205 2023 3310 2073 τῶν
3335 2020 3384 2093 ἐξ
3412 2020 3504 2081 ἔω.

436 2111 662 2165 Turcas
694 2114 904 2183 agente
936 2110 1370 2167 Tacharionum
1403 2112 1595 2167 denuo
1645 2099 1650 2105 ’

2362 2108 2483 2163 ’Ότι
2511 2105 2577 2160 τὰ
2606 2105 2865 2181 Τούρκων
2898 2108 3032 2182 πρὸς
3063 2107 3347 2182 Ταχαρίων
3379 2106 3563 2173 ἔθνους

428 2199 750 2270 periclitari
782 2199 1064 2272 intelligit
1084 2204 1141 2255 et
1170 2200 1528 2255 conturbari.

2364 2193 2693 2266 Κυμαίνεται
2724 2198 2813 2247 νῦν
2846 2194 2933 2248 καὶ
2965 2195 3280 2270 ταράσσεται
3312 2197 3496 2257 πάλιν,

429 2287 593 2351 Quod
625 2287 726 2341 ubi
748 2288 939 2344 Caesar
971 2287 1149 2356 novit,
1184 2304 1356 2343 cursu
1385 2287 1635 2355 concito,

2356 2286 2535 2339 Ταῦτα
2567 2279 2834 2357 διαγνοὺς,
2867 2286 3271 2358 συντεταγμένῳ
3304 2283 3490 2360 δρόμῳ

428 2375 714 2446 processit
744 2377 869 2432 sine
901 2393 1066 2432 mora
1098 2377 1168 2431 ad
1205 2377 1459 2432 Hebrum
1492 2377 1712 2431 ﬂumen
1740 2395 1753 2433 :

2183 2380 2324 2433 9040
2363 2377 2632 2453 Πέφθακεν
2666 2376 2837 2449 Εὗρον
2867 2378 2956 2431 τὸν
2990 2380 3233 2451 ποταμὸν
3269 2380 3319 2433 έν
3342 2382 3518 2455 τάχει·

428 2472 529 2528 ubi
560 2489 855 2528 rumorem
890 2473 1104 2529 falsum
1137 2489 1267 2529 esse
1298 2473 1655 2545 intelligens.

2360 2465 2436 2521 Οὗ
2471 2467 2693 2537 μήνυμα
2723 2467 2883 2539 γνοὺς
2915 2465 3129 2541 άερεκὲς
3163 2468 3238 2539 μὴ
3270 2471 3580 2545 τυγχάνειν,

428 2561 499 2615 de
524 2558 731 2615 itinere
763 2565 1035 2631 suscepto
1069 2561 1339 2616 nonnihil
1370 2562 1610 2617 devians

2356 2549 2555 2626 Τρίϐου
2584 2552 2943 2626 παρεκκλίνας
2964 2574 3015 2607 τι
3047 2552 3450 2628 καταλαμϐάνει

430 2648 901 2721 Didymotichum
934 2649 1181 2705 contulit
1210 2665 1273 2705 se
1302 2649 1361 2704 in
1390 2649 1617 2720 urbem,

2359 2638 2751 2714 Διδυμότειχον
2786 2641 3177 2715 ὠνομασμένην
3210 2644 3391 2699 πόλιν·

425 2737 637 2792 deinde
667 2738 738 2792 ad
764 2736 1044 2809 inclytam
1078 2736 1558 2810 HadrianOpolin,

2350 2732 2483 2785 Εἶτα
2513 2726 2768 2798 κυδίστην
2802 2726 3090 2804 Ἀδριανοῦ
3116 2733 3215 2801 τὴν
3248 2732 3432 2788 πόλιν.

422 2828 475 2879 et
505 2825 575 2880 ad
607 2826 947 2897 Tzepaenam
980 2827 1435 2899 oppugnandam
1468 2826 1671 2894 rediit;

2179 2819 2322 2872 9045
2360 2816 2461 2872 Καὶ
2492 2814 2658 2871 πάλιν
2691 2816 3005 2892 ἐστράτευσε
3028 2820 3163 2874 κατά
3192 2821 3508 2893 Τζεπαίνης·

420 2914 521 2969 sed
552 2930 686 2969 cum
719 2914 865 2969 nihil
899 2916 1203 2987 proficeret
1234 2932 1500 2971 reversus
1532 2920 1621 2970 est

2353 2906 2449 2958 Καὶ
2486 2904 2779 2977 μηδοτιοῦν
2815 2904 3107 2982 δεδρακὼς,
3143 2909 3461 2988 ὑποστρέφει

422 3002 495 3057 ad
529 3002 824 3057 munitum
858 3004 1139 3075 oppidum
1168 3003 1685 3075 Didymotichum:

2346 2993 2497 3047 Κατᾶ
2527 2990 2917 3068 Διδυμότειχον
2952 2995 3164 3072 ἀσφαλῆ
3197 2996 3381 3053 πόλιν·

417 3089 519 3145 ubi
552 3089 748 3146 relicto
774 3107 891 3147 non
925 3092 1153 3146 modico
1185 3091 1437 3145 exercitu

2088 3121 2130 3187 Ο
2350 3082 2510 3136 ’Ἐνθα
2541 3080 2816 3145 λελοιπὼς
2852 3085 3099 3160 στρατιὰν
3134 3085 3195 3140 ού
3228 3091 3471 3163 μετρίαν,

2349 3172 2383 3187 υ
2427 3170 2441 3187 κ
2708 3169 2718 3187 1
2965 3174 2977 3187 .
3068 3174 3108 3187 ,ς
3466 3180 3471 3187 .

420 3192 554 3232 cum
586 3176 835 3231 ducibus
858 3180 913 3231 et
943 3177 1139 3247 oppidi
1164 3176 1529 3247 custodibus,

2091 3169 2130 3187 υ
2348 3170 2443 3225 Καὶ
2477 3169 2867 3246 ταγματάρχας
2896 3174 2980 3227 καὶ
3016 3174 3256 3250 φύλακας
3281 3180 3561 3255 φρουρίου,

420 3264 654 3320 Lascari
686 3263 976 3333 Manuele,
1009 3270 1066 3320 et
1096 3265 1407 3336 Margarite

2168 3268 2309 3322 9050
2347 3267 2603 3336 Μανουὴλ
2634 3270 2721 3323 τὸν
2756 3270 3023 3344 Λάσκαριν
3052 3274 3141 3327 καὶ
3174 3276 3529 3351 Μαργαρίτην

412 3352 654 3408 homine
682 3355 980 3409 rusticano
1012 3357 1068 3409 et
1098 3353 1258 3425 pulte
1284 3352 1424 3408 alito

2342 3356 2631 3431 Ἀγροῖκον
2656 3354 2819 3431 ἄνδρα
2848 3362 3096 3432 πιτύροις
3121 3365 3486 3437 τεθραμμένον

409 3441 862 3513 Neocastrisque
894 3442 1177 3514 originem
1207 3442 1512 3509 trahente;

2342 3444 2436 3500 Ἐκ
2465 3445 2815 3520 Νεοκάστρων
2852 3446 3030 3521 σείρὰν
3061 3445 3293 3505 ἕλκοντα
3320 3453 3527 3527 γένους·

414 3530 659 3601 insuper
684 3529 822 3585 belli
848 3530 1052 3586 ordine
1084 3530 1448 3602 praescripto;

2342 3532 2440 3585 Καὶ
2471 3536 2796 3604 νουθετήσας
2826 3541 2958 3611 σφᾶς
2992 3534 3178 3592 δέοντα
3207 3541 3342 3613 πρὸς
3376 3542 3548 3617 μάχα,

413 3616 581 3673 illinc
612 3618 920 3674 discedens
955 3618 1399 3689 Hellespontum
1432 3619 1687 3686 transiit,

2343 3622 2580 3678 Ἐκεῖθεν
2612 3621 2741 3699 ἄρας
2771 3622 3175 3695 Ἑλλήσποντον
3210 3625 3388 3688 διέϐη·

418 3716 824 3787 stationesque
853 3715 1153 3787 Lampsaci
1184 3715 1525 3771 constituit:

2162 3712 2303 3767 9055
2345 3712 2439 3765 Καὶ
2474 3713 2674 3782 σκηνὰς
2706 3712 2868 3767 αὐτοῦ
2898 3716 3125 3791 πηγνύει
3157 3718 3291 3793 πρὸς
3318 3721 3623 3794 Λαμψάκῳ,

422 3801 524 3857 ubi
551 3820 688 3859 suos
719 3804 897 3860 duces
930 3803 1102 3859 celsis
1134 3803 1516 3875 dignitatibus

2340 3801 2444 3857 Καὶ
2475 3802 2599 3864 τοὺς
2630 3803 2715 3879 ὑφ’
2750 3805 2912 3859 αὑτὸν
2945 3805 3114 3876 ἀξίαις
3146 3807 3463 3883 ὑπερτάταις

420 3890 602 3958 auxit,
634 3894 878 3961 ornavit,
914 3892 1267 3965 pramiaque
1296 3892 1614 3948 distribuit.

2336 3894 2497 3961 Τιμᾷ,
2530 3888 2764 3946 κυδαίνει
2800 3890 3003 3967 δωρεάς
3033 3916 3091 3949 τε
3115 3898 3427 3971 προσνέμει.

418 3979 728 4051 Georgium
760 3983 996 4052 quidem
1025 3982 1196 4051 vulgo
1228 3981 1595 4036 Muzalonem

2337 3979 2604 4053 Γεώργιον
2642 3981 2736 4052 μὲν
2768 3982 3109 4051 Μουζάλωνα
3137 3985 3435 4057 τούπίκλην

414 4069 841 4138 protovestiarii
873 4074 930 4125 et
960 4070 1137 4125 simul
1170 4069 1559 4141 protosebasti

2336 4064 2836 4144 Πρωτοϐεστιάριον
2868 4068 3196 4128 ἆναδεικνυει

412 4172 518 4211 nec
551 4173 665 4213 non
698 4159 1189 4229 stratopedarcbae
1222 4159 1445 4212 orvavit
1478 4157 1701 4214 titulis:

2157 4164 2299 4219 9060
2341 4161 2792 4236 Πρωτοσεϐαστὸν
2817 4169 3296 4248 στρατοπεδάρχην
3329 4176 3514 4251 μέγαν·

409 4243 589 4315 hujus
618 4250 812 4301 autem
846 4246 1083 4301 fratrem
1107 4246 1529 4313 Andronicum,

2336 4251 2684 4327 Ἀνδρόνιλον
2711 4255 2767 4311 δὲ
2799 4256 3048 4333 σύγγονον
3080 4262 3276 4317 τούτου
3316 4243 3477 4320 πάλιν

408 4333 606 4404 magni
633 4335 868 4389 donavit
897 4335 1088 4391 officio
1121 4334 1423 4389 domestici
1450 4350 1462 4387 :

2333 4343 2506 4416 Μέγαν
2535 4344 2915 4417 κατωνόμασεν
2948 4346 2997 4401 ἐν
3028 4346 3391 4423 δομεστίκοις·

404 4422 691 4493 Angelum
720 4422 971 4494 denique
998 4423 1136 4479 fecit
1166 4427 1665 4495 protostratorem.

2075 4479 2119 4518 Π
2331 4432 2436 4487 Τὸν
2470 4432 2735 4508 ’Ἄγγελον
2771 4432 2826 4489 δὲ
2857 4442 3328 4518 πρωτοστράτωρα
3349 4442 3510 4498 πάλιν

400 4508 507 4563 His
538 4510 685 4564 actis
718 4509 1033 4580 imperator
1062 4511 1459 4565 revertebatur

2073 4479 2119 4538 D
2342 4479 2364 4487 -
2389 4479 2429 4486 ,,
2497 4479 2566 4507 .-ι
2591 4479 2731 4508 ιη.-.
2773 4479 2826 4489 ,ν
2864 4479 3328 4518 ..ρωηυρυηυιρα
3355 4479 3452 4498 mm

2324 4522 2503 4576 Ταῦτα
2536 4518 2810 4596 δεδρακὼς
2847 4525 3101 4601 βασιλεὺς
3136 4529 3452 4608 ὑποστρέφει

398 4598 470 4650 ad
504 4613 678 4652 suum
710 4598 900 4668 regale
930 4598 1229 4671 Nymphaai
1264 4599 1583 4670 palatium:

2148 4609 2289 4663 9065
2328 4610 2468 4683 Πρὸς
2500 4610 2806 4683 βασιλείους
2833 4598 2959 4676 τοὺς
2990 4615 3040 4670 ἐν
3064 4598 3334 4694 Νυμφαίιρ
3368 4598 3571 4693 δόμους

395 4684 494 4739 ubi
526 4701 629 4755 per
659 4685 866 4741 hiemis
889 4691 1150 4759 tempora
1171 4693 1457 4755 versatus,

2323 4698 2398 4754 Οὗ
2431 4696 2701 4775 διαγαγὼν
2734 4707 3052 4778 χειμερινὰς
3083 4684 3312 4780 ﬁli-£53“;

390 4788 522 4828 vere
549 4778 855 4846 appetente
885 4777 1203 4831 exercitum
1235 4776 1467 4848 collegit

2322 4789 2487 4860 Ἥρος
2517 4789 2769 4865 φανέντος
2802 4776 3049 4867 στρατιὰν
3086 4776 3374 4859 συναλίσας

387 4860 764 4917 innumerum
795 4864 1122 4933 pedestrem
1156 4870 1332 4936 atque
1363 4869 1717 4935 equestrem,

1659 4881 1717 4933 n,
2318 4876 2698 4952 Μυριάριθμον
2724 4882 2949 4950 πεζικήν
2980 4883 3040 4935 οὗ
3073 4883 3292 4938 ἱππότιν

383 4955 723 5006 concretum
757 4951 976 5018 Mcesis,
1009 4953 1193 5021 Italis,
1220 4957 1391 5023 atque
1423 4954 1671 5025 Scythis.

2316 4951 2522 5026 Μυσοῖς
2552 4971 3051 5044 συγκροτουμένην,
3080 4972 3336 5043 Σκύθαις,

382 5047 672 5119 praecipue
704 5053 901 5105 tamen
935 5049 1073 5105 viris
1105 5050 1290 5105 nostri
1322 5050 1589 5119 generis:

2139 5055 2279 5108 9070
2320 5052 2570 5110 Μάλιστα
2592 5056 2806 5110 πάντων
2837 5059 3116 5132 Ῥωμαϊκῇ
3152 5059 3380 5131 πληθύϊ,

380 5134 760 5208 dirigeusque
792 5138 900 5193 iter
921 5138 979 5193 in
1008 5140 1384 5209 occidentem,

2309 5142 2399 5203 Ὧς
2423 5144 2559 5217 πρὸς
2586 5142 2732 5198 δύσιν
2766 5144 2957 5201 ἔτεινεν
2988 5147 3219 5221 ὅρμημα
3246 5153 3482 5224 κράτωρ,

377 5223 884 5296 Helespontiacam
920 5226 1291 5298 Lampsacum
1327 5229 1587 5284 devenit:

2312 5229 2408 5282 Καὶ
2440 5232 2737 5304 Λάμψακον
2770 5233 3033 5310 πέιρθακεν
3068 5235 3520 5307 Ἑλλησποντίαν·

380 5312 481 5367 ubi
511 5312 736 5370 cladem
772 5316 1060 5371 exercitus
1090 5316 1375 5371 intellexit

2308 5320 2473 5382 Ἔνθα
2504 5340 2600 5393 περ
2630 5318 2764 5397 ἔγνω
2797 5325 3083 5397 συμφορὰν
3115 5327 3524 5399 στρατευμάτων

370 5402 717 5473 ducumque
745 5405 1084 5459 relictorum
1122 5405 1529 5475 Didymotichi.

2304 5406 2408 5461 Καὶ
2438 5412 2544 5461 τῶν
2580 5416 2890 5484 στρατηγῶν
2922 5417 3028 5466 τῶν
3063 5413 3113 5467 έν
3147 5412 3548 5489 Διδυμοτείχῳ.

368 5490 514 5545 Nam
551 5492 774 5548 Caesare
805 5492 863 5549 in
890 5494 1223 5565 longinquis
1255 5496 1491 5550 absente
1520 5494 1687 5567 locis,

2121 5498 2265 5553 907.5
2306 5495 2453 5549 Ἐπεὶ
2482 5495 2581 5571 γὰρ
2614 5478 3041 5574 ἀπῆνήβασιλεὺς
3076 5478 3502 5577 μακρὰν-τόπου,

363 5594 459 5632 rex
492 5578 881 5651 Bulgarorum
915 5584 1241 5655 conscripta
1264 5584 1611 5656 Scytharum

2296 5586 2356 5642 Ὁ
2386 5586 2767 5661 Βουλγαράναξ
2800 5588 2857 5643 ἐκ
2890 5590 3105 5643 Σκυθῶν
3140 5588 3424 5653 συναλίσας

3733 303 3837 358 332
