4138 6296
307 428 414 484 333

484 543 750 608 Χιλιάδας
771 546 1052 620 τέτταρας,
1085 542 1190 599 εἴτε
1217 544 1306 598 καὶ
1336 541 1528 612 πλέον,

483 637 630 692 Κατὰ
659 635 869 710 Θρᾴκης
898 633 1152 707 πέπομφε
1189 636 1411 706 χωρῶν,
1443 631 1644 687 ἀστέων
1678 649 1688 662 ·

479 727 548 784 Οἳ
581 725 717 800 πρὸς
751 725 994 794 ποταμὸν
1025 723 1248 796 Ῥηγῖνα
1275 720 1594 794 κεχυμένοι,

301 819 438 874 9080
476 814 712 869 Ἀπαντ’
743 810 958 866 ἐποίουν
994 810 1264 878 Σκυθικὴν
1293 808 1524 884 ἐρημίαν
1561 827 1574 842 ·

481 906 651 967 Ἔνθα
683 899 972 976 στρατηγοὶ
1004 905 1316 972 προσταγῆς
1348 897 1618 973 βασιλέως

480 992 592 1046 Οὐκ
621 987 739 1044 οἶδα
767 989 817 1042 τί
845 988 1102 1052 παθόντες
1133 986 1542 1058 ἐκλελησμένοι,

479 1084 772 1156 Ἐπαφιᾶσι
795 1078 892 1144 τὴν
925 1077 1172 1152 στρατιὰν
1205 1081 1320 1136 τοῖς
1354 1075 1586 1139 Σκύθαις
1622 1093 1635 1107 ·

483 1167 806 1244 Συρρήξεως
838 1163 928 1219 οὐν
959 1159 1242 1236 συμϐάσης
1275 1162 1569 1237 ἑκατέροις,

317 1264 442 1316 9085
477 1261 728 1315 Νικῶσαν
762 1255 1054 1328 ἠνέγκαντο
1089 1247 1373 1328 βαρϐάρων
1405 1251 1611 1330 στίφος,

479 1346 580 1402 Καὶ
610 1344 872 1398 κτείνεται
908 1342 1213 1416 στράτευμα
1241 1339 1523 1412 Ῥωμαίων
1557 1339 1694 1417 ξίφει
1731 1359 1743 1370 ·

481 1433 788 1491 Ἀλίσκεται
822 1429 878 1484 δὲ
903 1431 1253 1505 Μαργαρίτης
1284 1435 1400 1491 τοῖς
1434 1430 1666 1490 Σκύϐαις

480 1521 719 1582 Πολλοῖς
752 1519 962 1590 σύναμα
991 1517 1080 1572 καὶ
1112 1518 1469 1592 πιπράσκεται
1498 1518 1678 1595 σφίσιν
1713 1536 1727 1550 ·

475 1614 540 1664 Ὃ
568 1609 726 1683 γνοὺς
757 1609 783 1662 ὁ
814 1611 1023 1681 κρατῶν
1054 1609 1332 1679 καταταχή
1343 1627 1434 1668 σας
1469 1603 1658 1679 δρόμῳ

307 1703 443 1757 9090
484 1696 928 1773 Βουλγαροφύγῳ
957 1695 1323 1770 προσπελάζει
1355 1694 1596 1769 φρουρίῳ

478 1788 576 1842 Καί
603 1807 745 1845 τινας
777 1785 947 1859 εὑρὼν
985 1780 1271 1859 βαρϐάρων
1300 1783 1350 1836 έν
1385 1783 1577 1857 Βιζύῃ,

474 1880 674 1950 Ἔργον
704 1875 911 1943 σπάθης
937 1873 1148 1942 τίθησιν
1182 1871 1374 1934 αὐτοὺς
1406 1873 1490 1925 καὶ
1526 1872 1728 1948 ξίφους,

479 1964 631 2032 Πλὴν
664 1957 985 2017 καταλαϐὼν
1015 1960 1106 2015 τὸν
1135 1961 1376 2032 ποταμὸν
1407 1962 1651 2035 Ῥηγῖνα,

482 2055 695 2122 Σκηνὰς
725 2051 837 2106 ἐκεῖ
864 2052 1100 2124 πήγνυσι
1132 2051 1220 2104 καὶ
1251 2048 1549 2124 παραμένει
1585 2067 1598 2080 '

293 2147 438 2200 9095
478 2144 640 2199 Ἔνθα
669 2160 767 2215 περ
799 2141 971 2212 Οὖρον
1003 2141 1200 2193 Ῥὦσον
1229 2139 1616 2210 ὠνομασμένον

473 2231 583 2287 Τὸν
612 2230 850 2283 Παιόνων
882 2228 1132 2304 πέπομφε
1166 2227 1305 2302 ῥῆγα
1337 2229 1390 2300 (8
1431 2231 1444 2296 )
1480 2224 1719 2296 Μυσάναξ

475 2320 617 2392 Πρὸς
648 2318 739 2372 τὸν
768 2317 1084 2390 κρατάρχην
1118 2313 1395 2389 Θεόδωρον
1431 2313 1704 2382 Αὐσόνων,

474 2410 567 2468 Ὡς
598 2404 658 2460 ἃν
691 2407 981 2480 ἐρωτήσειε
1005 2406 1070 2458 τά
1096 2405 1230 2471 πρὸς
1261 2398 1574 2474 συμϐάσεις.

475 2495 806 2571 Ἀιξδιγμένος
830 2497 958 2566 γοῦν
991 2494 1190 2553 Ῥὦσος
1223 2492 1297 2552 ὡς
1331 2489 1560 2565 βασιλέα

289 2589 425 2643 9100
467 2587 564 2638 Ὧν
597 2582 853 2657 πενθερός
880 2602 942 2656 γε
975 2579 1302 2656 Βουλγάρων
1334 2579 1649 2654 ἀρχηγέτου

470 2671 665 2732 Καλῶς
697 2668 892 2744 ἐδέχθη
933 2670 1022 2723 καὶ
1055 2669 1173 2724 λιαν
1207 2668 1578 2744 φιλοφρόνως,

473 2761 576 2817 Καὶ
607 2753 960 2829 συμϐιϐάσεις
989 2755 1200 2812 έκτελεῖ
1226 2759 1315 2810 σὺν
1350 2755 1556 2829 ὁρκίοις
1591 2775 1603 2788 ·

468 2849 536 2904 Λὶ
569 2844 614 2901 δ’
645 2847 798 2914 ἦσαν,
833 2846 906 2907 ὡς
939 2847 1213 2914 Τζέπαινα
1240 2843 1526 2916 Ῥωμαίων
1555 2843 1736 2918 κράτει

467 2937 607 3010 Πρὸς
638 2936 964 3009 Βουλγάρων
1002 2935 1270 3008 ἄρχοντος
1303 2934 1472 3010 ἄφεθῇ
1505 2933 1669 2988 πάλιν
1707 2951 1720 2964 ·

283 3030 432 3084 9105
469 3024 688 3080 Τούτων
725 3021 940 3098 βασιλεῖ
967 3024 1103 3077 κατὰ
1130 3027 1255 3078 νοῦν
1283 3017 1700 3096 πεπραγμένων,

471 3115 636 3187 ’Ἄρας
669 3111 892 3180 ἐκεῖθεν,
924 3110 1323 3181 Θεσσαλονίκην
1363 3110 1575 3184 βλέπει,

462 3204 646 3276 Ἔχων
682 3203 795 3274 μεθ’
825 3201 989 3255 αὐτοῦ
1019 3200 1108 3254 καὶ
1139 3199 1372 3274 Μιχαὴλ
1399 3195 1659 3253 δεσπότου

469 3290 729 3344 Σύνευνον
763 3289 875 3360 ἅμα
905 3287 1152 3365 φιλτάτῳ
1181 3288 1508 3361 Νικηφόρῳ,

469 3375 926 3450 Ὁδοιποροῢντας
956 3375 1030 3437 εἷς
1062 3375 1362 3450 περάτωσιν
1391 3376 1602 3448 γάμων.

289 3470 429 3523 9110
469 3469 698 3522 ’Ἡνυστο
730 3464 910 3519 τοίνυν
939 3464 1006 3518 τά
1031 3468 1136 3518 τῶν
1162 3466 1350 3538 γάμων
1383 3464 1458 3527 ὡς
1488 3461 1604 3518 δέον
1637 3482 1650 3496 ·

199 3540 202 3542 ’
465 3551 634 3609 Παῖδα
661 3555 976 3628 κρατάρχου
1007 3551 1217 3624 Μαρίαν
1251 3551 1565 3627 Νικηφόρος

467 3643 609 3698 Κατᾶ
637 3642 840 3714 νόμους
872 3641 1019 3716 σχὼν
1053 3642 1128 3702 εἷς
1160 3642 1341 3715 γάμου
1370 3641 1678 3698 κοινωνίαν.

472 3732 620 3800 Πλὴν
654 3731 882 3804 πρόσθεν
909 3729 1171 3784 ἀπέλυσεν
1208 3729 1454 3784 Αὐσόνων
1479 3731 1662 3804 κράτει

474 3815 676 3895 Σέρϐια
707 3818 1011 3894 Δυρράχιον
1049 3819 1203 3879 οὗτος
1234 3815 1501 3886 δεσπότης

277 3910 426 3965 9115
467 3907 594 3981 Περὶ
624 3906 878 3982 γυναικὸτ
907 3905 1126 3962 δειλιῶν
1158 3907 1245 3961 καὶ
1280 3905 1541 3982 φιλτάτου
1577 3925 1591 3941 ο

467 3998 553 4052 Ἐν
578 3993 761 4049 τοῖσδε
791 3993 1071 4070 διάγοντος
1104 3993 1332 4054 ἄνακτος
1361 3994 1504 4063 τότε,

472 4085 689 4158 Γραφήν
721 4103 802 4144 τις
836 4081 1178 4159 έκπέπομφέν
1209 4082 1259 4135 οἱ
1294 4081 1580 4145 Βιθυνόθεν

474 4172 776 4240 Διεξιοῦσαν
812 4172 884 4232 ὡς
917 4168 1224 4243 ἀποδράσας
1257 4167 1373 4244 ἔχει

463 4260 605 4333 Πρὸς
640 4258 896 4332 Περσίδος
925 4265 1027 4333 γῆν
1057 4258 1278 4335 ἡγεμὼν
1311 4256 1529 4314 Βιθυνία

285 4350 431 4406 9120
472 4345 846 4422 Ηαλαιολόγος
883 4347 1112 4421 Μιχαὴλ
1143 4348 1548 4419 Κομνηνόπαις.

469 4436 633 4489 Τοῦτ’·
655 4436 890 4505 ἀνακυκᾷ
917 4433 1141 4508 καρδίαν
1177 4435 1445 4510 βασιλέως
1480 4453 1493 4468 ⁶

467 4524 661 4595 ’Ὀμως
690 4523 862 4577 ἀπιὼν
898 4523 951 4578 ἐν
983 4527 1123 4600 φυγῇ
1155 4524 1290 4598 πρὸς
1321 4521 1555 4596 Περσίδα

469 4612 685 4685 Γράμμ’
719 4611 1032 4686 έγχαράττει
1064 4609 1391 4685 προστάταις
1424 4611 1681 4674 Βιθυνίας

475 4700 560 4753 Ἐν
592 4699 932 4777 ὑπογραφαῖς
953 4699 1274 4776 ἀσφαλισθὲν
1305 4697 1470 4760 ἰδίαις
1505 4718 1518 4730 '

295 4790 434 4843 9125
476 4792 796 4863 Διαγορεῦον
831 4789 906 4849 ὡς
936 4791 1173 4850 Ἐκεὶνος
1208 4788 1300 4859 μὲν
1331 4788 1477 4860 τάχα

475 4875 670 4950 Φεύγει
705 4873 895 4937 δεδιὼς
929 4877 1029 4944 τὴν
1062 4871 1240 4930 σϐέσιν
1272 4880 1378 4929 τῶν
1414 4875 1676 4947 ὀμμάτων
1707 4891 1722 4907 ·

474 4964 637 5019 Αὐτοὶ
667 4960 715 5016 δ’
745 4962 936 5038 ἔχεσθε
961 4969 1233 5040 νουνεχῶς
1260 4963 1367 5018 τῶν
1400 4961 1758 5037 πραγμάτων.

475 5051 580 5108 Καί
606 5052 778 5107 πάντα
810 5052 968 5128 δρᾶτε
997 5057 1131 5129 πρὸς
1156 5053 1404 5130 φυλακὴν
1435 5053 1636 5107 ἀστέων

474 5142 668 5217 Χώρας
698 5161 758 5195 τε
789 5139 1009 5211 λοιπῆς,
1035 5142 1190 5218 φησὶ,
1223 5143 1309 5196 καὶ
1343 5142 1777 5215 στρατευμάτων.

297 5232 431 5286 9130
472 5230 638 5286 Τουτὶ
669 5231 926 5302 κομισθὲν
955 5231 1043 5286 τὸν
1077 5233 1392 5305 κρατάρχην
1425 5227 1613 5299 ἡδύνει
1649 5251 1660 5262 ·

477 5316 630 5387 Πλήν
662 5315 867 5380 διαθεὶς
900 5321 957 5372 εὐ
987 5321 1052 5373 τὰ
1081 5321 1197 5373 καθ’
1223 5319 1446 5394 ἑσπέραν
1477 5319 1624 5390 ἅναξ,

472 5407 624 5462 Μετᾶ
654 5412 907 5480 στρατιᾶς
942 5407 1185 5483 ἐκτρέχει
1217 5408 1351 5482 πρὸς
1381 5408 1479 5474 τήν
1511 5403 1584 5459 ἕω

470 5496 658 5551 Λιπὼν
689 5495 1031 5571 στρατηγοὺς
1060 5497 1197 5550 κατά
1226 5494 1625 5565 Θεσσαλονίκην

1823 419 2185 475 ΟΕΒΔΒΕΒ.

1974 543 2029 610 Α
2061 541 2223 598 milia
2250 543 2426 598 ferme
2454 544 2708 613 quatuor
2735 544 2835 597 aut
2856 543 3028 600 etiam
3062 545 3235 616 plura

2051 648 2152 702 per
2180 632 2433 688 Thracia:
2465 631 2713 686 immisit
2742 635 2925 688 terras
2957 637 3132 705 atque
3157 634 3330 690 urbes
3356 650 3369 689 :

2048 722 2146 791 qui
2179 721 2328 776 circa
2361 722 2598 790 ﬂumen,
2632 721 2725 776 cui
2756 739 2966 777 nomen
2999 724 3236 794 Regina,

2045 809 2174 880 vagi
2207 808 2467 881 palantes
2499 809 2696 864 omnia
2717 813 3189 883 corrumpebant.

2046 898 2205 952 Tunc
2237 898 2420 953 nostri
2453 899 2650 967 duces,
2684 898 2928 955 Caesaris
2960 901 3236 957 mandato

2048 986 2240 1042 nescio
2273 1003 2384 1056 quo
2410 992 2574 1058 pacto
2606 987 2880 1042 oblivioni
2913 990 3142 1058 tradito,

2047 1093 2181 1131 cum
2215 1078 2336 1130 suis
2369 1076 2551 1146 copiis
2583 1076 3005 1147 aggrediuntur
3025 1078 3308 1150 Scythas:

2047 1169 2103 1220 et
2123 1166 2247 1236 jam
2280 1165 2553 1236 utrinque
2587 1165 2763 1221 armis
2796 1167 3310 1236 concurrentibus,

2044 1254 2293 1308 barbara
2323 1253 2576 1324 phalanx
2606 1254 2803 1308 retulit
2831 1254 3155 1323 victoriam,

2047 1358 2346 1412 czesusque
2377 1346 2575 1396 noster
2605 1341 2715 1396 fuit
2741 1342 2934 1413 gladio
2967 1344 3253 1400 exercitus
3279 1360 3292 1398 :

2046 1431 2171 1500 ipse
2201 1431 2340 1500 quin
2374 1430 2547 1484 etiam
2575 1432 2917 1502 Margarites
2950 1433 3183 1503 capitur

2046 1534 2178 1573 cum
2212 1517 2342 1572 aliis
2374 1518 2596 1584 multis,
2629 1523 2802 1590 atque
2833 1537 2866 1574 a
2895 1520 3124 1592 Scythis
3155 1521 3446 1577 venditur.

2045 1607 2232 1662 Casar
2263 1623 2323 1662 re
2347 1607 2598 1678 cognita,
2635 1607 2888 1663 subditis
2920 1609 3247 1665 calcaribus

2045 1696 2116 1749 ad
2148 1711 2340 1749 arcem
2373 1695 2885 1767 Bulgarophygum
2919 1699 3173 1753 accurrit
3207 1699 3408 1755 statim
3438 1716 3450 1755 :

2048 1783 2343 1854 Byziaaque
2375 1787 2582 1838 nactus
2611 1784 2945 1855 aliquantos
2973 1787 3272 1856 barbaros,

1969 1889 2016 1952 B
2047 1873 2345 1929 occidione
2371 1890 2572 1928 omnes
2604 1874 2798 1945 gladio
2830 1876 3061 1932 occidit.

2048 1962 2255 2017 Verum
2289 1977 2636 2032 progressus
2668 1964 2736 2017 ad
2773 1963 3054 2035 Reginam
3087 1965 3353 2038 ﬂuvium,

2043 2051 2356 2104 tentorium
2386 2050 2466 2103 ibi
2499 2050 2640 2117 fixit,
2674 2056 2848 2122 atque
2880 2054 3164 2110 substitit.

2044 2141 2228 2208 Atque
2255 2138 2392 2194 illuc
2425 2142 2604 2193 Urum
2639 2146 3020 2211 cognomento
3050 2148 3273 2199 Rosum

2043 2227 2282 2281 Paeoniae
2316 2242 2508 2297 regem
2542 2227 2701 2283 misit
2733 2245 2830 2284 rex
2859 2230 3204 2302 Bulgaricus

2042 2315 2111 2368 ad
2145 2318 2463 2370 Romanum
2491 2315 2772 2372 Caesarem
2805 2317 3175 2374 Theodorum

2045 2408 2107 2456 ut
2141 2405 2210 2456 de
2247 2402 2595 2474 integranda
2626 2422 2767 2476 pace
2795 2407 2971 2462 verba
2998 2408 3230 2464 faceret.

2042 2491 2452 2562 Imperatorem
2484 2492 2664 2564 igitur
2694 2495 3040 2550 conveniens
3069 2496 3280 2565 Hosus,

2042 2579 2141 2649 qui
2172 2595 2335 2634 socer
2366 2584 2490 2635 erat
2521 2582 2843 2651 regnatoris
2875 2582 3132 2655 Bulgari,

2041 2673 2305 2722 amanter
2325 2673 2414 2722 est
2442 2676 2718 2740 exceptus
2750 2669 2806 2725 et
2837 2671 3179 2743 honoriﬁce,

2034 2758 2355 2826 jurataeque
2388 2757 2548 2826 pacis
2577 2763 2718 2812 sunt
2749 2759 3109 2816 conditiones

2042 2860 2250 2914 nempe
2283 2849 2347 2898 ut
2375 2845 2636 2900 Romano
2667 2848 3002 2918 Tzepaenam
3044 2848 3289 2920 imperio

2042 2950 2139 2988 rex
2164 2932 2550 3004 Bulgarorum
2585 2934 2774 2990 denuo
2806 2939 3168 2994 concederet.

2041 3026 2161 3088 Qua
2193 3038 2252 3078 re
2283 3027 2514 3093 peracta
2545 3040 2612 3078 ex
2643 3025 2822 3080 animi
2855 3027 3166 3099 sententia,

2038 3111 2513 3166 Thessalonicam
2545 3112 2707 3167 illinc
2733 3115 2925 3169 Caesar
2953 3117 3130 3185 venit,

1955 3234 2000 3297 Ο
2039 3200 2290 3269 despotae
2322 3215 2557 3270 quoque
2588 3201 2892 3257 Michaelis
2924 3202 3149 3260 habens

2038 3287 2098 3341 in
2130 3287 2407 3343 comitatu
2443 3304 2680 3344 uxorem
2712 3306 2844 3346 cum
2878 3290 2994 3347 filio
3027 3308 3133 3347 suo

2033 3376 2104 3431 ob
2137 3376 2497 3447 peragendae
2529 3377 2764 3448 nuptias
2795 3378 3138 3450 Nicephoro.

2033 3465 2180 3535 Ergo
2213 3466 2548 3535 nuptiarum
2593 3465 2922 3522 celebratur
2953 3468 3122 3538 ritus,

2033 3552 2272 3608 Caesaris
2303 3552 2484 3608 ﬁliam
2506 3555 2758 3625 \Mariam
2789 3556 3148 3628 Nicephorus

2034 3641 2294 3713 legitimo
2326 3641 2596 3712 conjugio
2629 3643 2740 3698 sibi
2772 3647 3023 3716 copulat.

2033 3731 2216 3785 Antea
2248 3733 2442 3784 tamen
2475 3736 2731 3784 cesserat
2757 3731 3005 3804 imperio

2038 3823 2236 3873 nostro
2271 3817 2649 3889 Dyrrachium
2682 3819 3134 3894 Serviorumque
3156 3830 3415 3883 castrum

2037 3909 2282 3978 despota
2314 3907 2474 3961 uxori
2510 3906 2742 3978 ﬁlioque
2779 3909 3016 3965 timens.

2037 3997 2186 4051 Dum
2206 3995 2266 4050 in
2298 3994 2406 4050 hoc
2435 3995 2626 4051 Caesar
2652 4001 2924 4052 versatur
2952 3999 3183 4071 negotio

2040 4084 2252 4155 accipit
2281 4083 2507 4139 litteras
2540 4085 2755 4140 missas
2781 4102 2850 4141 ex
2877 4087 3144 4160 Bithynia

2039 4171 2434 4243 signiﬁcantes
2466 4173 2796 4244 profugisse
2828 4175 2898 4230 ad
2930 4176 3148 4232 Turcas

2044 4260 2324 4333 Bithynia
2349 4265 2629 4316 rectorem
2664 4262 3052 4336 Palseologum

2040 4349 2381 4404 Michaelem
2414 4349 2582 4406 illum
2615 4351 2928 4410 Comnenis
2955 4358 3156 4411 natum
3183 4374 3196 4412 :

2042 4454 2168 4509 quas
2193 4454 2284 4493 res
2315 4439 2570 4495 turbavit
2597 4440 2962 4511 imperatoris
2991 4443 3276 4500 animum.

2043 4528 2186 4581 Cum
2218 4524 2314 4581 ille
2346 4531 2540 4582 tamen
2577 4528 2649 4582 ad
2680 4533 2898 4585 Turcas
2929 4531 3283 4605 profugeret,

1960 4591 2012 4653 D
2044 4613 2319 4669 schedam
2350 4615 2632 4689 Bithyniae
2665 4616 2902 4688 scripsit
2928 4591 3374 4690 magistratibus

2048 4719 2224 4770 quam
2256 4704 2490 4775 propria
2523 4721 2703 4759 manu
2734 4706 3111 4764 subscribens
3145 4711 3433 4770 firmavit:

2047 4790 2410 4861 significans,
2444 4808 2506 4847 se
2537 4793 2773 4863 quidem
2807 4800 3094 4852 extorrem
3127 4800 3236 4866 ire,

2047 4895 2118 4933 ne
2145 4885 2439 4951 pateretur
2469 4882 2770 4938 oculorum
2801 4887 3128 4957 damnum;

2047 4973 2319 5024 caeterum
2351 4970 2464 5040 ipsi
2499 4987 2622 5026 rem
2655 4974 2974 5043 prudenter
3001 4981 3293 5046 gererent,

2047 5062 2102 5110 et
2132 5057 2494 5112 custodirent
2523 5059 2728 5116 sedulo
2758 5061 3044 5118 civitates.

2048 5144 2526 5217 provinciamque
2556 5153 2613 5203 et
2643 5149 2858 5205 milites
2885 5156 3035 5208 recte
3066 5162 3358 5226 regerent.

2048 5235 2184 5297 Quae
2213 5249 2306 5289 res
2336 5237 2604 5292 nuntiata
2631 5237 2972 5310 imperatori
3003 5241 3231 5313 placuit
3257 5262 3271 5300 :

2037 5321 2283 5393 jamque
2314 5325 2596 5382 ordinatis
2628 5326 2686 5380 in
2718 5327 3020 5384 occidente
3051 5333 3252 5400 rebus,

2044 5411 2114 5464 ad
2143 5411 2424 5469 orientem
2454 5431 2582 5469 cum
2618 5415 2782 5472 mlite
2811 5418 3087 5490 excurrit,

2045 5498 2244 5556 relicto
2276 5502 2421 5557 duce
2453 5503 2882 5561 Thessalonicae

3590 419 3696 474 334

375 5642 476 5716 (85)
515 5643 661 5700 Falli
735 5642 974 5698 videtur
1031 5641 1416 5712 Ephrzemius.
1458 5641 1789 5712 Acropoltia
1835 5641 1990 5699 enim
2054 5645 2193 5700 dicit
2239 5645 2395 5702 hunc
2455 5647 2633 5704 Urum
2695 5649 2957 5720 Ungarize
3013 5653 3168 5724 regis
3221 5671 3524 5730 generum,
3578 5678 3693 5720 non

318 5723 516 5787 regeam.
