4138 6296
392 396 502 451 335
1614 402 1984 457 ΕΡΗΒΛΕΜῙῘ
2022 412 2026 442 ε

1614 402 1984 457 ΕΡΗΒΛΕΜῙῘ
2022 402 2588 457 CHRONOGRAPHI

391 518 623 576 Lascari
656 518 945 576 Michaele
966 519 1098 577 .viro
1130 524 1392 589 strenuo,

385 606 607 678 Prilapi
638 611 835 662 autem
866 608 1127 663 Scuterio
1159 608 1334 681 Xylea

389 712 714 767 congruum
748 694 857 751 sibi
891 712 1211 767 cognomen
1246 701 1499 767 gerente.

391 784 625 840 Belesso
658 783 935 855 imposuit
964 784 1228 855 locisque
1257 785 1523 840 ﬁnitimis

390 874 691 929 custodem
723 873 1091 928 Theodorum
1121 873 1548 945 Calampacem.

385 960 651 1032 Illyrium
684 960 935 1032 denique
963 960 1287 1017 Chabaroni
1310 962 1569 1017 tradidit.

385 1049 487 1105 His
518 1066 716 1120 super,
745 1066 977 1105 summo
1011 1050 1319 1122 dignitatis
1351 1050 1532 1121 apice,

386 1139 692 1196 constituit
721 1140 1034 1212 Georgium
1067 1139 1447 1211 acropolitam

384 1228 649 1299 praetoris
671 1227 835 1284 titulo
869 1228 1095 1298 pridem
1128 1234 1493 1285 exornatum.

383 1317 665 1389 Georgius
698 1316 791 1373 hic
824 1318 1070 1373 contulit
1100 1334 1161 1373 se
1194 1318 1566 1387 Berrhoeam,

387 1405 485 1461 ubi
515 1406 932 1478 exspectabant
966 1422 1099 1462 eum
1132 1406 1310 1478 legati
1341 1423 1539 1479 papae:

385 1494 739 1565 quibuscum
774 1510 841 1548 ex
870 1494 1159 1549 sententia
1192 1495 1489 1566 negotium
1522 1493 1725 1566 gessit,

385 1598 599 1653 eosque
625 1582 894 1654 posthinc
925 1584 1149 1638 dimisit
1177 1582 1237 1638 in
1266 1582 1535 1654 patriam.

384 1670 605 1726 Deinde
637 1671 883 1727 accessit
915 1672 984 1727 ad
1013 1671 1346 1727 Serviorum
1379 1676 1656 1741 castrum,

387 1759 845 1832 praeteriensquo
876 1760 1087 1832 oppido
1119 1760 1397 1829 Castoria,

384 1864 486 1920 per
514 1848 724 1903 Achrin
758 1849 867 1903 iter
900 1848 1117 1904 faciens
1150 1848 1439 1904 Albanum
1466 1849 1642 1915 venit,

385 1940 559 2008 atque
591 1936 754 1991 illinc
788 1937 1026 1991 demum
1059 1936 1129 1991 ad
1165 1938 1367 1991 urbem
1399 1938 1801 2009 Epidaurum:

384 2032 443 2087 in
478 2049 594 2104 qua
625 2032 927 2105 dispositis
958 2039 1132 2105 prout
1160 2033 1353 2088 visum
1387 2037 1476 2088 est
1507 2034 1705 2103 rebus,

380 2121 534 2176 viam
570 2137 846 2176 emensus
881 2138 983 2193 per
1012 2122 1400 2188 Chunabiam,
1433 2126 1668 2189 Matem,

379 2208 641 2264 Gitzabin
669 2213 843 2280 atque
872 2210 1097 2264 Debren
1133 2227 1337 2281 parvas
1372 2211 1564 2274 urbes,

382 2301 447 2353 ut
476 2296 664 2368 potuit
695 2298 957 2368 pervenit
988 2298 1058 2352 ad
1092 2298 1296 2353 urbem
1326 2298 1648 2369 Prilapum.

382 2393 568 2458 Atque
600 2385 679 2441 ibi
709 2387 967 2442 versanti
998 2387 1341 2459 Acropolitae

380 2475 567 2529 tristis
599 2478 835 2545 repente
868 2492 1068 2531 rumor
1096 2481 1185 2530 est
1214 2475 1567 2547 intellectus,

376 2562 763 2618 Chabarorem
796 2562 1017 2619 scilicet
1046 2565 1499 2620 Constantinum

374 2650 432 2705 in
457 2651 807 2707 Caninorum
842 2650 1185 2707 conclusum
1218 2652 1478 2719 castello,

374 2757 407 2794 a
437 2756 644 2795 sonore
676 2740 871 2796 uxoris
907 2740 1215 2795 Michaelis
1247 2741 1499 2811 despota:

371 2828 554 2883 Maria
583 2828 886 2900 deceptum
925 2828 1146 2899 nuptiis
1177 2832 1235 2883 et
1265 2844 1482 2895 amore,

372 2916 634 2971 vinctum
665 2916 846 2971 teneri
883 2916 1083 2972 ferreis
1116 2916 1519 2987 compedibus.

376 3012 615 3067 Interim
646 3028 778 3067 vero
812 3011 1153 3067 Michaelem
1189 3012 1492 3083 despotam

373 3099 535 3170 pacis
566 3116 697 3155 cum
732 3101 954 3154 Caesare
984 3098 1196 3153 violato
1220 3099 1378 3167 jure,

366 3186 648 3243 ditionem
684 3191 946 3241 nostram
979 3186 1159 3241 armis
1191 3202 1539 3240 concursare
1571 3201 1583 3237 :

357 3284 599 3354 jamque
630 3281 927 3336 invanisse
959 3286 1230 3335 cunctam
1261 3280 1654 3352 Pelagoniam,

366 3370 825 3438 universumque
858 3368 1072 3440 Prilapi
1104 3368 1484 3434 territorium,

367 3460 538 3516 unico
569 3465 808 3532 excepto
842 3459 1055 3532 Prilapi
1092 3461 1384 3532 praesidio,

366 3550 521 3621 quod
554 3553 746 3604 tamen
779 3549 967 3620 ipsum
991 3548 1318 3619 proditione
1348 3549 1518 3619 cepit.

365 3636 712 3707 acropolites
744 3642 938 3691 autem
969 3637 1027 3690 in
1060 3653 1190 3692 arce
1220 3637 1457 3707 degens,

364 3726 619 3796 quadam
652 3740 971 3780 conscensa
1001 3723 1223 3779 castelli
1258 3725 1562 3795 turricula,

361 3814 658 3884 perstabat
689 3812 806 3868 illic
828 3829 849 3875 ;
881 3813 1061 3868 donec
1086 3812 1349 3883 juratam
1380 3813 1553 3868 {idem

364 3901 576 3959 obtulit
608 3901 690 3956 illi
716 3902 981 3973 despota,
1012 3901 1165 3957 force
1196 3900 1575 3970 incolumem,

368 3995 549 4063 atque
581 3991 650 4045 ad
687 4007 860 4047 suum
894 3990 1178 4045 Caesarem
1211 3990 1523 4045 dimissum
1555 3990 1648 4055 iri,

364 4080 530 4134 Tunc
560 4096 621 4134 se
652 4078 915 4149 permisit
943 4077 1095 4133 hosti
1130 4094 1261 4133 cum
1288 4077 1591 4135 turricula.

365 4166 609 4223 Michael
645 4172 840 4222 tamen
873 4168 1116 4238 despota
1146 4168 1417 4237 perjurus

357 4255 568 4313 solidis
597 4255 763 4310 illum
797 4255 1047 4310 vinculis
1079 4255 1375 4311 astrinxit.

356 4346 500 4401 Ecce
532 4350 728 4410 autem
758 4344 1008 4404 Michael
1041 4348 1398 4400 Comnemus
1431 4343 1548 4413 ille,

357 4451 529 4506 quem
565 4451 715 4506 saepe
748 4433 1095 4488 memoravit
1118 4432 1365 4487 historia
1392 4436 1612 4501 nostra,

358 4540 469 4577 non
496 4524 621 4579 sine
653 4526 1020 4577 sacramento
1055 4521 1112 4575 in
1147 4521 1317 4575 ﬁdem
1352 4521 1591 4576 Cazsaris

356 4628 559 4666 rursus
587 4614 883 4681 recuptus,
916 4628 949 4664 a
979 4610 1185 4664 Turcis
1219 4609 1582 4680 regreditur:

354 4704 410 4754 et
442 4717 575 4755 cum
597 4700 977 4755 Macedonum
1013 4697 1269 4752 militum
1297 4697 1553 4752 exercitu

356 4789 413 4843 in
449 4788 809 4843 occidentem
843 4787 1098 4842 mittitur
1120 4792 1324 4842 contra
1354 4787 1676 4857 dcspotam.

349 4891 404 4942 ls
434 4886 614 4959 igitur
646 4903 707 4941 sc
739 4885 987 4940 contulit
1018 4884 1496 4940 Thessalonicam
1527 4910 1543 4953 ;

347 4992 597 5046 moxque
628 4975 975 5044 conjunctus
1008 4973 1271 5028 Michaeli
1308 4974 1538 5029 Lascari

347 5063 523 5118 simul
556 5064 613 5117 in
646 5079 854 5134 agrum
888 5062 1135 5116 incurrit
1167 5062 1481 5130 Berrhoeae,

349 5156 523 5223 atque
556 5151 689 5206 inde
721 5152 979 5222 praedam
1012 5150 1301 5204 abstrahit
1331 5150 1725 5206 innumeram.

346 5238 439 5294 Sic
471 5240 807 5310 perturbato
841 5238 922 5291 rei
959 5236 1206 5308 publica:
1238 5242 1414 5305 statu,

348 5328 640 5398 pessimus
668 5326 844 5381 etiam
877 5324 1270 5381 Triballorum
1304 5326 1573 5397 princeps

345 5417 615 5487 pcrjurus
646 5416 750 5485 vir,
783 5413 1058 5477 crudelis,
1094 5414 1462 5481 temerarius,

346 5504 501 5559 mille
533 5504 883 5575 conscriptis
916 5508 973 5558 et
1002 5503 1249 5573 amplius
1283 5503 1594 5573 militibus,

346 5594 636 5648 Romanas
671 5597 855 5648 terras
888 5608 1105 5663 vagans
1139 5592 1473 5648 infestabat.

344 5687 534 5753 Neque
564 5682 829 5738 cessabat
860 5680 917 5734 in
950 5680 1246 5737 occidente
1280 5681 1532 5738 Michael

2060 524 2115 590 Α
2323 519 2559 595 Μιχαὴλ
2585 518 2885 594 Λασκάριον
2919 514 3084 593 ἄνδρα
3112 513 3387 592 γεννάδαν,

2134 610 2275 665 9135
2316 611 2403 665 Ἐν
2435 607 2491 663 δὲ
2520 607 2827 683 Πριλλάπῳ
2860 604 3180 678 Σκουτέριον
3209 600 3417 657 Ξυλέαν

2317 696 2662 768 Ἐπωιιυμίαν
2696 696 2890 767 ἀτρεκῆ
2925 688 3253 764 κεκτημένον
3292 712 3304 723 ·

2314 786 2398 840 Ἐν
2433 781 2478 838 δ’
2511 785 2573 838 αὖ
2605 784 2852 854 Βελεσσῷ
2881 788 2995 843 τοῖς
3027 778 3340 854 περικύκλῳ
3366 778 3556 841 τόποις

2314 872 2539 927 Φύλακα
2569 870 2846 944 Θεόδωρον
2866 871 2956 925 τὸν
2992 869 3378 941 Καλαμπάκην
3412 888 3424 900 ·

2312 959 2601 1035 Ἰλλυριῶν
2637 957 2692 1014 δὲ
2722 954 3001 1034 Χαϐἀρων⁹
3033 956 3344 1025 ἐπιστάτην.

2133 1058 2275 1113 91-10
2316 1058 2452 1130 [ἱρὸς
2484 1055 2667 1111 τοῖσδε
2698 1055 2967 1131 Γεώργιον
3002 1051 3396 1129 Ἀκροπολίτην

2312 1146 2588 1220 Ἄρχοντα
2617 1147 2833 1199 πάντων
2867 1144 2955 1198 καὶ
2985 1141 3251 1217 πρόεδρον
3283 1139 3533 1209 δεικνύει,

2313 1234 2548 1307 Πρόσθεν
2577 1235 2812 1305 τιμήσας
2841 1236 2909 1305 τῇ
2940 1232 3249 1304 πραίτωρος
3283 1229 3419 1301 ἀξίᾳ.

2311 1321 2499 1383 Οὕτως
2533 1324 2726 1397 ἀφῖκτο
2758 1321 2895 1396 πρὸς
2923 1316 3085 1374 πόλιν
3116 1318 3462 1395 Βερροιαίων,

2308 1411 2537 1465 Κάκεῖσε
2566 1404 2817 1484 πρέσϐεις
2847 1408 3249 1483 προσμένοντας
3279 1410 3374 1460 τοῦ
3403 1408 3555 1461 πάπα

2130 1500 2271 1556 9145
2309 1500 2382 1555 Εὖ
2411 1500 2477 1553 τὰ
2506 1501 2621 1553 κατ’
2649 1497 2845 1559 αὐτοὺς
2878 1495 3078 1558 διαθεὶς
3113 1496 3291 1570 ὥσπερ
3325 1493 3465 1565 δέον,

2307 1589 2684 1663 Ύποστρέφειν
2716 1584 2937 1660 δέδρακε
2967 1586 3100 1660 πρὸς
3131 1585 3228 1651 τὴν
3258 1581 3513 1657 πατρίδα.

2308 1675 2439 1731 Εἶτα
2469 1673 2751 1748 παρελθὼν
2787 1675 3045 1749 φρούριον
3079 1677 3186 1726 τῶν
3221 1668 3483 1745 Σερϐίων,

2313 1764 2414 1820 Καὶ
2448 1762 2739 1837 Καστορίαν
2772 1761 3117 1836 παραμείψας
3146 1761 3242 1827 τὴν
3270 1758 3455 1831 πόλιν,

2055 1878 2101 1940 Β
2308 1854 2383 1906 Δι’
2419 1849 2678 1927 Ἀχρίδος
2707 1847 2971 1927 πέφθακεν
3005 1845 3271 1904 ’Λλϐἀνου
3303 1849 3489 1919 τόπον,

2129 1944 2270 1997 9150
2307 1942 2561 1996 Κάκεῖθεν
2592 1942 2717 2007 ἧκεν
2754 1939 2830 2000 εἷς
2866 1936 3194 2009 Ἐπίδαμνον
3229 1936 3414 2008 πόλιν,

2304 2030 2467 2083 Κάκεῖ
2498 2026 2695 2089 διαθεὶς
2726 2027 2791 2081 τὰ
2818 2031 2953 2081 κατὰ
2980 2030 3105 2079 νοῦν
3137 2026 3210 2088 ὡς
3244 2022 3383 2095 δέον,

2306 2118 2402 2171 Διὰ
2434 2111 2734 2175 Χουναϐίας
2762 2136 2819 2169 τε
2848 2115 2936 2169 καὶ
2967 2115 3157 2183 Μάτης
3184 2113 3392 2180 τόπων,

2307 2199 2619 2273 Κιτζαϐεως
2649 2202 2850 2276 Δεύρης
2870 2224 2927 2257 τε
2956 2206 3062 2255 τῶν
3096 2201 3425 2275 πολιχνίων,

2304 2293 2391 2354 Ὠς
2424 2295 2541 2365 εἶχε
2571 2286 2861 2345 κατέλαϐεν
2897 2292 3025 2344 ἄστυ
3058 2287 3381 2365 Ιῐριλλάπου
3417 2308 3429 2320 ⁸

2124 2392 2266 2446 9155
2301 2391 2466 2452 ’Ένθα
2488 2382 2820 2459 διατρίϐοντι
2852 2388 2965 2441 κατ’
2999 2384 3125 2440 ἄστυ
3154 2383 3279 2440 τόδε

2302 2474 2637 2552 Δυσάγγελος
2671 2478 2828 2554 φήμη
2860 2497 2943 2538 τις
2973 2466 3347 2549 ἦκεείὰθρόον,

2298 2570 2420 2623 ’Ὁτι
2453 2586 2553 2640 περ
2586 2564 2750 2626 ἁλοὺς
2780 2559 3041 2639 Χαϐάρων
3075 2566 3482 2624 Κωνσταντῖνος

2301 2658 2385 2711 Ἐν
2415 2653 2727 2725 καστελλίῳ
2755 2653 2996 2708 Κανίνων
3024 2654 3161 2727 πρὸς
3194 2651 3407 2726 Μαρίας

2298 2740 2742 2818 Γυναικαδέλφης
2769 2742 3005 2815 Μιχαὴλ
3034 2745 3129 2795 τοῦ
3162 2738 3446 2813 δεσπότου,

2120 2836 2260 2889 9160
2300 2830 2733 2907 Ἐρωτοδέσμαις
2763 2830 3057 2901 ἀπατηθεὶς
3085 2831 3170 2884 καὶ
3203 2829 3361 2902 γάμῳ

2295 2923 2529 2995 Εῖρκτὴν
2562 2919 2914 2993 κατακέκριτο
2944 2918 3106 2973 κλοιὰ
3135 2919 3221 2972 καὶ
3252 2916 3437 2979 πέδας.

2297 3009 2395 3063 Καὶ
2425 3012 2718 3078 τηνικαῦτα
2748 3007 2978 3082 Μιχαὴλ
3013 3009 3040 3061 ὁ
3073 3005 3339 3076 δεσπότης

2294 3098 2403 3158 Τὰς
2432 3099 2565 3171 πρὸς
2591 3100 2887 3171 κρατοῦντα
2917 3091 3209 3167 συμϐάσεις
3238 3092 3518 3163 διαλύσας,

2298 3187 2490 3261 Χώρας
2525 3184 2681 3258 ἐπῄει
2710 3184 3023 3258 Ῥωμαϊκὰς
3052 3183 3143 3237 σὺν
3179 3183 3394 3252 ὅπλοις,

2120 3283 2264 3337 9165
2304 3280 2481 3334 [Ιᾶσάν
2510 3301 2567 3333 τε
2597 3277 2901 3351 κατέδραμε
2932 3277 3288 3353 Πελαγονίαν,

2294 3370 2395 3425 Καὶ
2425 3369 2516 3422 τὸν
2549 3368 2701 3442 πέριξ
2736 3369 2945 3421 ἅπαντα
2972 3371 3155 3441 χῶρον
3189 3363 3511 3439 Πριλλάπου
3545 3382 3558 3396 ⁸

2292 3458 2366 3512 Τὸ
2397 3457 2655 3533 φρούριον
2690 3455 2944 3511 λέλειπτο
2982 3452 3301 3528 Ηριλλάπου
3337 3455 3520 3526 μόνον,

2290 3549 2465 3618 ’Όπερ
2495 3543 2810 3619 προδόντων
2842 3539 3104 3599 συνέλαϐε
3132 3542 3219 3597 καὶ
3244 3541 3368 3596 τόδε
3401 3562 3412 3573 ’

2292 3632 2694 3704 Ἀκροπολίτης
2728 3631 2772 3688 δ’
2807 3633 3041 3707 εὑρεθεὶς
3074 3628 3223 3685 ἔνδον
3255 3630 3396 3699 τότε,

2111 3725 2254 3779 9170
2294 3722 2595 3795 Ἐρύματός
2622 3743 2675 3776 τι
2705 3716 3025 3776 καταλαϐὼν
3057 3721 3308 3796 πυργίον,

2292 3812 2435 3865 Ἐκεῖ
2465 3808 2638 3882 διῆγε,
2668 3808 2759 3863 καὶ
2792 3803 2975 3864 λαϐὼν
3008 3808 3142 3883 πρὸς
3176 3805 3440 3862 δεσπότου

2288 3901 2482 3974 Ὃρκια
2507 3902 2685 3953 κακῶν
2719 3898 2897 3965 ἀπαθῆ
2930 3898 3221 3974 πεφηνέναι

2291 3988 2389 4041 Καὶ
2421 3988 2879 4060 παραπεμφθῆναι
2913 3984 2969 4039 δὲ
2999 3987 3132 4059 πρὸς
3169 3983 3412 4059 βασιλέα,

2291 4077 2471 4133 Αὑτὸν
2500 4074 2850 4151 παραδέδωκε
2881 4076 2971 4128 σὺν
3003 4078 3081 4145 τῷ
3111 4072 3347 4147 πυργίῳ.

2113 4169 2254 4223 9175
2292 4168 2351 4223 Ὁ
2385 4164 2617 4239 Μιχαὴλ
2650 4162 2695 4217 δ’
2727 4161 2953 4241 ἔφορκος
2988 4160 3057 4216 ὣν
3093 4164 3120 4215 ὁ
3152 4160 3442 4231 δεσπότης,

2290 4260 2518 4326 Δεσμοῖς
2546 4248 2865 4329 περιέϐαλεν
2897 4252 3057 4306 αὐτὸν
3090 4250 3367 4328 ἀφύκτοις.

2285 4345 2345 4399 Ὀ
2379 4341 2424 4397 δ’
2455 4341 2519 4396 αὖ
2551 4338 2840 4413 Κομνηνὸς
2875 4337 3129 4415 Μιχαὴλ,
3164 4340 3224 4393 οὗ
3263 4337 3535 4400 πολλάκις

2287 4433 2522 4503 Μνήμην
2557 4430 2886 4501 έποιησαμεν
2922 4428 3110 4483 ἂνόπιν
3140 4427 3329 4503 λόγου,

2287 4524 2485 4596 ’Ὁρκια
2517 4514 2699 4572 λαϐὼν
2732 4518 2895 4571 πιστὰ
2924 4517 3058 4589 πρὸς
3093 4515 3381 4592 βασιλέως,

2109 4621 2251 4675 9180
2290 4618 2433 4690 Πρὸς
2464 4613 2608 4670 τόνδ’
2642 4613 2977 4682 ἔπανέζευξεν
3013 4612 3070 4667 ἐκ
3099 4620 3196 4681 τῆς
3230 4610 3487 4685 Περσίδος
3519 4633 3533 4647 ⁸

2286 4708 2352 4782 ᾪ
2384 4702 2507 4765 δοὺς
2540 4702 2788 4778 στρατιὰν
2822 4701 2880 4755 ἐκ
2911 4699 3232 4757 Μακεδόνων
3261 4702 3408 4771 ἅναξ,

2285 4794 2380 4855 Εἷς
2412 4792 2635 4864 ἑσπέραν
2670 4789 2927 4867 πέπομφε
2956 4791 3089 4844 κατὰ
3121 4787 3381 4844 δεσπότου
3416 4806 3429 4819 ⁸

2283 4882 2385 4939 Καὶ
2417 4879 2731 4935 καταλαόὼν
2768 4878 3157 4945 Θεσσαλονίκην
3192 4876 3353 4933 πόλιν
3395 4868 3411 4883 ’

2282 4971 2378 5026 Καί
2412 4991 2515 5025 που
2549 4969 2817 5031 συνελθὼν
2849 4967 3079 5043 Μιχαὴλ
3114 4968 3425 5040 Λασκαρίῳ,

2100 5063 2243 5117 9185
2284 5060 2388 5113 Σὺν
2420 5055 2547 5129 τῶδ’
2582 5057 2787 5126 ἐπῆλθε
2815 5056 2880 5111 τὰ
2913 5056 3051 5130 μέρη
3082 5063 3183 5120 τῆς
3216 5054 3486 5130 Βερῤοίας,

2278 5150 2380 5204 Καὶ
2414 5146 2558 5202 λείαν
2591 5144 2868 5215 ἀπήλασεν
2902 5142 3048 5220 ἕνφεν
3087 5145 3304 5218 μυρίαν.

2276 5240 2399 5292 Τῶν
2428 5236 2759 5309 πραγμάτων
2794 5232 2935 5287 οὕτω
2963 5231 3020 5286 δὲ
3050 5230 3430 5305 διακειμένων,

2274 5324 2378 5380 Καὶ
2411 5318 2806 5397 Τριϐαλαρχης
2838 5324 2870 5389 ὴ
2904 5323 3157 5382 κάκιστος
3188 5317 3400 5395 καρδία,

2273 5411 2608 5474 Ἕκσπονδος
2640 5412 2797 5484 ἀνὴρ,
2828 5411 3091 5487 ἀποφρὰς,
3126 5408 3429 5485 μιαιφόνος,

2094 5506 2235 5561 9190
2273 5503 2430 5573 Ὑπὲρ
2461 5498 2680 5575 χιλίους
2716 5498 2964 5573 στρατιὰν
2997 5496 3309 5563 συναλίσας,

2280 5592 2355 5646 Τὰ
2378 5589 2658 5663 Ῥωμαϊκὰ
2683 5585 2987 5662 κατέδραμε
3017 5587 3218 5663 χωρία.

2271 5684 2328 5739 Ὀ
2358 5680 2623 5749 δεσπότης
2658 5676 2712 5733 δὲ
2746 5677 2984 5752 Μιχαὴλ
3013 5677 3076 5730 τὰ
3112 5676 3246 5751 πρὸς
3279 5671 3426 5727 δύσιν

2032 4574 2077 4637 D

3679 391 3788 446 336
