4138 6296
355 319 461 375 339
1559 325 1930 380 EPHREMII
1967 324 2534 409 CHRONOGRAPHI
3646 317 3755 372 340

359 443 841 515 ornamentisque
871 444 1046 518 regiis
1077 445 1362 518 depositis

2282 445 2467 521 Ῥίψας
2512 447 2578 502 τὰ
2627 443 2857 519 λαμπρᾶ
2905 447 3005 498 τοῦ
3057 443 3285 518 κράτους
3336 439 3426 496 καὶ
3482 444 3579 495 τοῦ
3635 437 3751 493 στὶ-

3569 532 3750 607 [φους,

359 619 630 677 monachi
663 622 854 678 Caesar
879 621 1071 678 induit
1100 622 1449 694 tuniculam,

359 707 558 765 omnia
588 726 696 765 sua
727 711 1012 767 conﬁtens
1044 716 1282 783 peccata

365 813 563 854 coram
593 797 936 856 hominibus
966 800 1068 855 sed
1102 800 1409 871 presertim
1442 805 1556 857 Deo

365 889 647 961 (namque
676 889 834 946 hunc
865 894 1264 946 transversum
1299 895 1539 962 egerant
1567 889 1851 947 illecebrae

361 992 645 1050 amorque
677 979 854 1035 scorti
888 978 1104 1038 nobilis
1134 978 1287 1035 haud
1317 979 1590 1051 protriti).

2285 624 2359 678 Τὰ
2379 628 2487 678 τῶν
2520 627 2779 697 μοναχῶν
2812 618 3173 676 ἐνδιδύσκεται
3205 618 3340 694 ῥάκη

2283 711 2668 787 Ἐξαγορεύσας
2700 713 2873 766 πάντα
2899 711 2950 765 οἳ
2980 708 3328 783 πεπραγμένα

2287 802 2628 875 Ἐμπροσθεν
2663 799 2963 873 ἀνθρώπων
2993 819 3051 854 τε
3076 798 3165 852 καὶ
3195 799 3328 852 Θεοῦ
3358 793 3546 850 πλέον·

2108 891 2251 946 9255
2288 888 2501 963 Πόρνης
2527 889 2628 965 γὰρ
2660 886 2819 946 οὗτος
2851 888 3128 964 σώφρονος
3163 882 3596 960 Θρυλλουμένης,

2287 978 2397 1048 Τήν
2450 975 2630 1033 πίστιν
2694 976 2745 1031 ἐν
2805 980 2880 1048 νῷ
2957 969 3288 1049 προσλαϐὼν
3351 971 3441 1028 καὶ
3501 970 3592 1025 τὸν
3655 969 3762 1024 πό-

3091 1126 3098 1131 .
3493 1060 3607 1133 [θον
3643 1059 3760 1132 (86)

2289 1158 2385 1226 Τῷ
2414 1155 2764 1228 ποιμενάρχῃ
2796 1149 3163 1227 προσδραμὼν
3195 1147 3511 1219 Μιτυλήνης

2289 1248 2356 1320 ᾯ
2389 1242 2721 1317 σφαλμάτων
2743 1244 2808 1312 ἦν
2841 1238 3233 1296 ἀνακαλύπτων
3275 1236 3439 1313 βάρη,

2292 1330 2385 1392 Εἷς
2415 1327 2685 1407 τοῦδαφος
2716 1331 2996 1384 πέπτωκεν
3031 1328 3198 1383 αὐτοῦ
3227 1327 3362 1402 πρὸς
3394 1321 3585 1395 πόδας,

2116 1421 2258 1474 9260
2297 1418 2401 1474 Καὶ
2431 1415 2622 1473 τούσδε
2652 1420 2873 1490 θερμοῖς
2903 1414 3156 1491 δάκρυσιν
3189 1411 3487 1469 ἆποπλύνει

2294 1510 2382 1574 Ὠς
2412 1510 2537 1584 πρὶν
2567 1509 2702 1583 γυνὴ
2740 1503 2980 1584 βέϐηλος
3014 1510 3252 1581 Χριστοῦ
3280 1502 3565 1560 δεσπότου·

2294 1599 2381 1660 Ὧς
2413 1598 2501 1654 καὶ
2531 1597 2775 1673 γενέσθαι
2805 1595 2984 1667 πηλὸν
3018 1594 3077 1650 ἐκ
3102 1599 3210 1650 τῶν
3245 1592 3515 1669 δακρύων.

2295 1688 2642 1763 Ἐξαγορείας
2669 1690 2834 1742 ταῦτα
2864 1686 3122 1761 συνείρων
3154 1684 3366 1759 λόγοις·

2304 1776 2394 1844 Σὲ,
2421 1777 2635 1849 Χριστὲ,
2665 1776 2975 1832 κατὲλιπνν·
3002 1773 3172 1836 ’ίλεως
3205 1771 3315 1831 ἔσο.

2130 1867 2271 1922 9265
2309 1864 2467 1922 Οὕτω
2499 1862 2770 1939 δεδρακὼς
2802 1868 3047 1937 συνεχῶς
3088 1862 3326 1938 χρηστὸς
3352 1860 3591 1937 κράτωρ,

2307 1952 2448 2027 Πρὸς
2475 1953 2571 2015 τὰς
2605 1957 2773 2026 μονὰς
2804 1948 2997 2027 βέϐηκε
3023 1953 3119 2014 τὰς
3150 1949 3452 2027 οὐρανίους,

2306 2044 2495 2099 Λιπὼν
2520 2043 2582 2097 τὸ
2613 2044 2809 2118 κράτος
2831 2037 2983 2095 παιδὶ
3012 2039 3093 2113 τῷ
3121 2042 3346 2114 Ἰωάννῃ

2307 2132 2582 2188 Ἑπταέτει
2612 2152 2717 2186 που
2744 2131 3075 2206 τυγχάνοντι
3106 2128 3196 2184 καὶ
3227 2127 3415 2184 πλέον·

2308 2222 2491 2291 Μήπω
2519 2224 2768 2296 καθαρῶς
2798 2221 3052 2294 τέτταρας
3084 2217 3250 2281 ὅλους
3286 2216 3527 2292 χρόνους

2131 2310 2274 2365 9270
2309 2310 2423 2378 Τὴν
2450 2309 2767 2381 Ῥωμαϊκὴν
2802 2307 2981 2372 ἷθύνας
3010 2306 3364 2382 κραταρχίαν·

2311 2398 2477 2471 Ἀνήρ
2507 2396 2729 2471 ἀγαθὸς,
2763 2390 2987 2464 εὐσεϐὴς
3019 2394 3390 2470 αὐτοκράτωρ,

2310 2482 2496 2557 Ἢδὺς,
2529 2483 2740 2560 ἱλαρὸς,
2773 2484 3004 2557 εὐμενὴς
3039 2484 3327 2554 ὑπηκόοις,

2182 2608 2192 2616 -
2306 2571 2475 2649 ’Ἰδρις
2508 2572 2696 2648 σοφίας
2728 2569 3079 2641 παντοδαπῆς
3110 2571 3202 2627 καὶ
3231 2572 3433 2647 λόγων.

2312 2661 2505 2724 Πιστὸς
2541 2660 2765 2737 Κυρίου,
2796 2662 3066 2736 νουνεχής
3092 2659 3386 2736 ὑπηρέτης,

2134 2752 2277 2808 9275
2310 2750 2580 2806 Τάλαντον
2612 2746 2809 2821 αὔξων,
2840 2748 3128 2805 πλατύνων
3160 2748 3521 2827 κραταρχίας,

2312 2836 2754 2915 Προκινδυνεύων
2784 2837 3040 2911 εὐψύχως
3060 2835 3424 2913 κληρουχίας·

2309 2929 2469 2997 ’Ἀναξ
2500 2927 2804 3003 προσηνὴς,
2836 2926 2927 2981 καὶ
2959 2927 3264 3002 στρατηγὸς
3285 2923 3568 3000 γεννάδας,

2311 3013 2496 3086 Μηδὲν
2523 3014 2848 3090 νεοχμώσας
2876 3036 2931 3070 τι
2958 3022 3061 3085 τῆς
3093 3012 3442 3085 Ἐκκλησίας,

2314 3104 2626 3166 Ἐπαινετός
2654 3124 2713 3159 τε
2735 3109 2831 3158 τοῦ
2867 3103 2989 3179 βίου
3019 3104 3108 3159 καὶ
3139 3107 3235 3159 τοῦ
3266 3103 3522 3180 κράτους,

2133 3195 2275 3249 9280
2313 3191 2417 3250 Καὶ
2451 3193 2782 3268 μακαριστὸς
2804 3199 2903 3261 τῆς
2932 3190 3105 3261 καλῆς
3134 3191 3410 3265 μετοικίας

2303 3280 2401 3335 Καὶ
2431 3283 2529 3350 τῆς
2566 3279 2847 3353 μετανοίας
2876 3300 2939 3355 γε
2965 3286 3066 3350 τῆς
3091 3281 3382 3354 σωτηρίου.

2304 3368 2514 3426 Τούτου
2540 3368 2799 3431 θανόντος
2831 3367 2909 3431 εἲς
2936 3369 3110 3447 ταφὴν
3143 3370 3296 3424 νέκυν
3331 3370 3480 3447 φέρει

2304 3458 2457 3526 Μενή
2489 3458 2713 3533 πατρῴα
2744 3455 3080 3534 Σωσάνδρων
3108 3456 3449 3531 κεκλημένη,

2305 3542 2383 3603 Οὗ
2413 3544 2501 3602 καὶ
2530 3547 2709 3622 πατὴρ
2738 3547 2972 3612 τέθαπτο
3006 3547 3176 3611 θανὼν
3211 3545 3467 3620 ἐντίμως·

366 1154 667 1213 Accedens
696 1170 833 1227 ergo
863 1155 933 1211 ad
965 1154 1272 1228 Mitylenes
1305 1155 1647 1227 episcopum

366 1243 462 1299 cui
491 1244 757 1300 conﬁteri
785 1242 996 1300 solitus
1028 1249 1264 1317 peccata
1293 1243 1499 1313 fuerat,

368 1332 441 1388 ad
472 1331 653 1404 hujus
684 1333 864 1404 pedes
898 1332 1110 1389 accidit
1140 1336 1473 1404 prostratus
1503 1330 1673 1386 humi

366 1435 584 1491 eosque
609 1419 815 1476 calidis
846 1420 1150 1492 perluebat
1179 1420 1475 1492 lacrymis,

368 1525 472 1564 ceu
505 1508 804 1579 quondam
837 1508 1051 1564 Christi
1077 1509 1294 1565 femina
1327 1507 1615 1580 peccatrix
1647 1524 1661 1562 :

372 1611 557 1666 quare
585 1601 643 1652 et
674 1596 946 1653 madebat
971 1596 1107 1653 ﬂetu
1141 1596 1558 1668 pavimentum.

372 1688 565 1756 Atque
594 1684 715 1740 haec
744 1686 918 1742 verba
948 1686 1285 1755 geminabat
1313 1685 1597 1741 conﬁtens
1632 1700 1644 1737 :

374 1772 477 1861 Te,
508 1773 754 1844 Christe,
788 1774 1072 1846 dereliqui
1101 1793 1115 1843 ;
1147 1774 1437 1845 prOpitius
1466 1777 1612 1829 esto.
2046 1797 2094 1861 Β

383 1860 479 1918 Bic
510 1862 876 1918 continenter
902 1867 1170 1933 repetens
1197 1862 1387 1917 bonus
1418 1860 1632 1929 Caesar,

386 1950 461 2007 ad
491 1951 780 2007 stationes
808 1951 1039 2007 transiit
1064 1950 1347 2019 calestes,

385 2038 507 2095 ﬁlio
536 2039 873 2111 relinquens
903 2055 1149 2112 regnum
1176 2038 1389 2095 Joanni

385 2128 653 2200 septenni
684 2129 866 2186 ferme
895 2133 1061 2187 zetate
1092 2133 1193 2185 aut
1222 2127 1396 2201 paulo
1429 2126 1685 2201 amplius
1718 2145 1732 2183 :

381 2216 510 2290 ipse
533 2222 783 2290 quatuor
811 2219 1073 2275 nondum
1103 2218 1306 2291 plenos
1337 2235 1522 2275 annos

383 2310 713 2363 Romanum
744 2310 975 2379 sceptro
1008 2312 1236 2364 rexerat
1263 2306 1575 2379 imperium
1610 2323 1623 2362 :

383 2395 471 2453 vir
498 2413 639 2453 sane
667 2397 881 2463 bonus,
911 2400 1184 2468 regnator
1214 2396 1546 2469 religiosus,

382 2483 610 2553 hilaris,
639 2483 916 2554 blandus,
946 2485 1203 2541 subditis
1242 2484 1569 2555 benivolus,

378 2572 541 2630 omni
570 2573 837 2631 doctrina
864 2578 923 2630 et
946 2572 1155 2630 litteris
1186 2577 1461 2643 ornatus;

383 2662 575 2719 ﬁdelis
603 2661 834 2719 Domini
864 2666 1040 2735 atque
1062 2664 1322 2736 prudens
1354 2661 1612 2717 famulus

383 2749 486 2822 qui
515 2750 678 2824 regni
707 2750 995 2807 talentum
1029 2750 1354 2823 ampliavit,
1386 2749 1566 2818 auxit,

384 2843 442 2896 et
469 2839 888 2912 patrimonium
919 2844 1156 2896 strenue
1187 2838 1441 2911 protexit
1472 2855 1486 2894 :

382 2928 656 3001 princeps
686 2928 993 3000 benignus,
1023 2929 1189 2984 fortis
1220 2928 1556 2999 imperator,

385 3017 606 3089 quique
636 3016 696 3072 in
727 3016 985 3073 Ecclesia
1015 3015 1161 3072 nihil
1193 3013 1504 3084 innovavit,

379 3104 692 3205 laudabilis
720 3109 849 3161 tum
879 3105 1151 3205 vita‘tum‘
1182 3103 1429 3205 ίῐηρεξΐῖο
1454 3122 1468 3171 ;
1494 3188 1528 3205 η
2052 3139 2096 3205 C

378 3194 610 3266 egregio
637 3194 872 3251 demum
901 3209 970 3249 ex
997 3192 1106 3248 hac
1137 3196 1294 3248 terra
1321 3188 1576 3246 transitu

379 3287 554 3355 atque
584 3282 804 3339 salubri
837 3279 1178 3355 poenitentia
1208 3278 1379 3337 felix!

376 3371 645 3428 Delatum
675 3376 766 3429 est
792 3373 1038 3428 cadaver
1066 3370 1139 3426 ad
1165 3367 1496 3426 coenobium

379 3477 413 3517 a
443 3464 603 3534 patre
631 3464 990 3517 exstructum
1021 3458 1367 3517 salutarium
1405 3458 1754 3530 martyrum,

381 3549 483 3606 ubi
508 3553 567 3607 et
595 3550 871 3607 fundator
888 3550 1044 3621 jacet
1074 3548 1415 3605 honoriﬁce.

451 3709 770 3768 JOANNES
800 3707 1168 3766 THEODORI
1216 3708 1445 3764 FILIUS
1490 3708 1580 3764 ET
1630 3706 1950 3764 MICHAEL

951 3784 1042 3835 PA
1053 3779 1448 3836 LIEOLOGUS.

384 3905 637 3964 Moriens
665 3905 1008 3963 Theodorus
1038 3907 1157 3961 tres
1184 3903 1421 3977 reliquit
1452 3904 1613 3960 domi

384 3994 557 4063 ﬁlios,
590 4010 765 4067 quem
796 3993 912 4051 dixi
935 3992 1237 4067 parvulum
1268 3994 1551 4050 Joannem

383 4083 669 4141 hisredem
702 4082 1006 4156 dignitatis
1031 4088 1089 4138 et
1111 4082 1364 4155 imperii,

382 4173 649 4244 duasque
672 4171 949 4242 innuptas
978 4170 1221 4241 insuper
1250 4168 1647 4240 virgunculae,

381 4260 701 4318 Eudociam
729 4259 999 4316 videlicet
1024 4275 1088 4314 ac
1118 4258 1502 4314 Theodoram.

380 4352 530 4405 Nam
563 4349 751 4420 major
774 4351 915 4403 natu
947 4349 1109 4403 Irene
1138 4346 1318 4401 Ticho
1350 4348 1650 4416 nupserat,

382 4436 629 4494 Mariam
660 4437 945 4493 minorem
978 4435 1225 4490 duxerat
1254 4432 1617 4505 Nicephorus

385 4525 567 4597 ﬁlius,
600 4531 664 4582 ut
691 4525 831 4592 dixi,
867 4522 1173 4580 Michaelis
1204 4493 1481 4596 despotic.
2049 4493 2095 4556 D

384 4614 607 4672 Tenere
638 4612 805 4685 plane
833 4616 998 4668 aetate
1020 4612 1279 4668 Joannes
1309 4615 1437 4667 erat
1466 4630 1481 4678 ;

386 4702 768 4774 quamobrem
799 4717 1008 4757 cavens
1034 4716 1133 4755 rex
1162 4704 1327 4771 pater
1357 4697 1558 4768 ﬁliolo,

386 4789 525 4847 huic
553 4786 847 4863 supremis
869 4787 1085 4844 tabulis
1117 4787 1426 4859 imperium
1459 4786 1727 4857 liquerat,

386 4879 610 4935 adactis
640 4876 802 4950 prius
831 4875 890 4930 in
924 4876 1627 4945 sanctumjusjurandum

386 4967 640 5025 subditis
666 4963 955 5021 universis
987 4980 1053 5019 ac
1085 4962 1527 5035 magistratibus

385 5060 453 5114 ut
476 5057 888 5113 conservarent
915 5050 1185 5109 stabilem
1218 5050 1395 5107 ﬁliolo
1428 5049 1602 5105 ﬁdem
1631 5068 1644 5108 :

385 5160 558 5218 quem
586 5139 1016 5201 commendavit
1045 5143 1247 5212 postea
1274 5137 1592 5207 tutoribus,

2231 3708 2544 3765 ΙΩΑΝΝΗΣ
2584 3708 2627 3764 Ο
2665 3708 2794 3764 ΤΟΥ
2840 3709 3193 3763 ΘΕΟΔΩΡΟΥ
3229 3708 3351 3764 ΚΑΙ
3388 3707 3673 3763 ΜΙΧΑΗΛ

2685 3779 3211 3837 ΠΑΛΑΙΟΛΟΓΟΣ.

2125 3905 2267 3961 9285
2307 3900 2478 3964 Οὗτος
2514 3899 2618 3978 βίῳ
2648 3898 2875 3957 λέλοιπε
2904 3899 3094 3957 παιδία
3120 3902 3266 3977 τρία,

2300 3993 2398 4048 "Ov
2427 3990 2657 4065 πρόσθεν
2688 3992 2837 4046 εἷπον
2868 3990 3255 4066 χαριτώνυμον
3285 3988 3403 4046 νέον

2300 4079 2624 4154 Κληροῦχον
2657 4078 2837 4155 ἀρχῆς
2865 4080 2954 4134 καὶ
2985 4076 3247 4154 διάδοχον
3276 4080 3529 4155 κράτους·

2303 4167 2405 4225 Καὶ
2436 4166 2609 4238 θήλεα
2638 4165 2684 4222 δ’
2714 4165 2884 4243 ἄζυγα
2912 4168 3049 4243 πρὸς
3079 4167 3258 4241 τούτῳ
3289 4165 3409 4239 δύο,

2304 4254 2572 4313 Εὐδοκίαν
2602 4277 2661 4311 τε
2691 4255 2778 4311 καὶ
2810 4253 3090 4333 Θεοδώραν
3124 4258 3256 4331 ἅμα.

2125 4346 2271 4401 9290
2307 4345 2504 4419 Πρώτη
2537 4342 2583 4399 δ’
2614 4343 2822 4420 Εἰρήνη
2853 4350 2934 4418 τῷ
2966 4345 3152 4421 Τείχῳ
3183 4346 3440 4422 συνεζύγη

2301 4435 2363 4487 Ἠ
2398 4430 2616 4508 δευτέρα
2647 4431 2705 4488 δὲ
2735 4433 2916 4508 Μαρία
2941 4433 3242 4513 Νικηφόρῳ

2305 4517 2464 4575 Παιδὶ
2494 4522 2752 4596 Μιχαὴλ,
2784 4521 2859 4584 ὡς
2886 4518 3107 4599 ἔφαμεν,
3140 4520 3424 4582 δεσπότου.

2301 4610 2592 4672 Νεώτατος
2626 4607 2673 4664 δ’
2702 4610 2768 4679 ἦν
2801 4615 2928 4672 παῖς
2971 4610 3220 4681 Ἰωάννης
3253 4612 3410 4667 πάνυ·

2298 4699 2455 4762 ’Όθεν
2491 4695 2682 4761 δεδιὼς
2709 4698 2921 4754 τεκνίου
2951 4698 3122 4776 φύτης
3155 4700 3301 4773 ἄναξ,

2126 4787 2266 4843 9295
2308 4787 2395 4843 Ἐν
2428 4783 2710 4858 διαθήκαις
2740 4785 2879 4860 τῷδε
2909 4788 3086 4843 λείπει
3114 4789 3177 4845 τὸ
3206 4791 3424 4864 κράτος,

2303 4874 2540 4949 Πρόσθεν
2572 4871 2888 4953 προϐάντιυν
2921 4876 3116 4951 ὁρκίων
3152 4877 3458 4955 φρικαλεων

2300 4963 2590 5034 Ὑπηκόοις
2619 4965 2783 5020 ἅπασι
2814 4963 2904 5020 καί
2933 4971 3047 5028 τοῖς
3079 4965 3130 5021 ἐν
3162 4966 3303 5022 τέλει

2300 5053 2369 5109 Ἥ
2406 5054 2512 5125 μὴν
2545 5051 2793 5130 φυλάξειν
2824 5054 3017 5128 τεκνίῳ
3042 5055 3240 5126 πίστιν,
3270 5057 3476 5132 σχέσιν·

2302 5140 2433 5198 Εἶτα
2462 5139 2798 5218 παραδίδωσι
2827 5147 2944 5205 τοῖς
2972 5143 3310 5219 ἐπιτρόποις,

459 5345 566 5471 Ἔϐ)
599 5341 747 5424 Hinc
774 5336 1175 5420 intelligimus.
1199 5336 1336 5418 quid
1383 5337 1605 5460 sgectet
1654 5334 2018 5419 Nicephorus
2126 5337 2483 5420 Ephraamius
2516 5355 2567 5393 v.
2611 5340 2791 5421 7896;
2825 5339 3079 5397 Aliatius
3120 5347 3309 5424 autem
3342 5343 3401 5398 in
3423 5344 3728 5425 adnotatio
3752 5376 3774 5388 -

526 5414 812 5471 praedictae
843 5413 1121 5466 orationis
1160 5412 1349 5471 mmo,
1383 5424 1413 5460 u
1464 5422 1481 5461 1
1514 5414 1764 5471 gravuer
1793 5407 2017 5463 invehi-
2129 5410 2305 5466 nibus
2328 5409 2398 5464 ad
2433 5411 2828 5471 Acropolitam
2870 5428 2998 5471 cap.
3038 5414 3109 5467 52
3148 5414 3454 5471 Nicephori
3498 5416 3767 5471 eiusdem

389 5433 458 5473 ευ

526 5406 812 5487 praedicta:
843 5406 1121 5487 orationis
1160 5406 1481 5487 initiokubi
1514 5406 1767 5487 graviter
1793 5406 2017 5463 invehi-
2129 5406 2398 5487 nibusad
2433 5406 2828 5487 Acropolitam
2870 5428 2998 5487 cap,
3038 5414 3109 5467 52
3125 5414 3454 5487 _Nicephori
3498 5416 3767 5486 ejusdem

390 5430 500 5473 suo
526 5430 812 5487 prasaicus
843 5430 1121 5466 οῐἮῐιοωδ
1160 5430 1349 5474 mmo,
1384 5430 1481 5461 um
1514 5430 1764 5479 gruvuer
1793 5430 2017 5463 iuvem-
2129 5430 2305 5466 mnus
2328 5430 2398 5464 au
2433 5430 2828 5482 acropoutam
2870 5430 2936 5467 ca
2985 5456 2998 5469 .
3038 5430 3109 5467 DZ.
3149 5430 3454 5484 mcepnori
3498 5430 3766 5486 emacem

390 5493 489 5545 tur
515 5486 577 5542 in
605 5497 864 5559 amorem
897 5477 1287 5559 illegitimum.
1344 5479 1690 5559 Quanquam
1736 5477 2015 5559 Joannem
2126 5480 2683 5559 recitat_episto_lam_
2726 5483 2798 5537 de
2850 5430 3060 5554 pellice
3116 5484 3766 5559 JoannisMarcesina,

391 5551 942 5631 quoque_Theodori
972 5548 1422 5631 parentemprze
1449 5548 1634 5604 oculis
1676 5549 1888 5631 habere
1913 5566 2013 5631 po:
2126 5566 2303 5623 quam
2339 5548 2462 5624 ipse
2496 5548 3044 5624 Nicephorus’sacra
3076 5557 3197 5611 cede
3226 5556 3567 5613 excluserat.

389 5620 730 5701 t'uit’cujus
785 5625 847 5681 in
899 5620 1096 5680 amore
1150 5620 1524 5694 fragilitatem
1568 5624 1768 5678 noster
1821 5620 2017 5678 innuit
