4138 6296
369 404 473 458 341

367 529 515 583 9300
552 528 650 580 Ὧν
686 530 900 599 πρῶτος
935 527 1073 594 ὑπῆν
1109 525 1374 599 Γεώργιος
1402 522 1701 592 Μουζάλων

556 611 1057 691 Πρωτοϐεστιάριος
1088 613 1157 667 ὣν
1189 617 1285 683 τὴν
1318 614 1487 683 ἀξίαν.

555 704 733 760 Ἀλλά
761 709 1001 779 τριταῖος
1037 701 1255 757 οὐδέπω
1286 703 1420 777 πρὸς
1452 706 1530 774 τῷ
1560 702 1717 779 τάφῳ

553 796 771 849 Ἔκειτο
802 793 985 865 νεκρὸς
1016 789 1241 853 ἄνακτος
1271 790 1600 863 τεθειμένος,

552 881 653 934 Καὶ
685 880 840 934 πάντ’
868 880 1063 952 ἀναμὶξ
1095 881 1261 952 μεστά
1286 900 1344 933 τε
1372 878 1684 953 τρικυμίας.

372 983 515 1037 9305
554 977 652 1042 Εἷς
679 978 776 1053 γὰρ
812 976 1146 1051 Σωσάνδρων
1177 980 1276 1046 τὴν
1308 978 1477 1050 μονὴν
1515 975 1821 1054 ἀφιγμένων

549 1068 671 1122 Τῶν
705 1066 756 1119 ἐν
783 1064 927 1121 τέλει
957 1087 1015 1120 τε
1038 1067 1123 1120 καὶ
1156 1063 1565 1139 στρατευμάτων
1600 1061 1842 1136 στίφους,

549 1158 638 1217 Ὠς
667 1154 727 1209 ἂν
757 1154 905 1209 ὁσίαν
944 1158 1077 1217 θῶσι
1106 1154 1414 1223 τεθνηκότι,

548 1249 676 1305 Τοῖς
706 1244 1053 1319 κασιγνήτοις
1088 1248 1375 1316 συμπαρῆν
1408 1241 1497 1295 καὶ
1532 1237 1865 1308 Μουζάλων.

552 1332 651 1388 Καὶ
679 1338 780 1401 τῆς
813 1328 1121 1408 φρικώδους
1155 1330 1337 1395 θυσίας
1368 1327 1731 1401 τελουμένης,

374 1424 515 1478 9310
554 1418 859 1489 Μουζάλων
888 1419 1185 1495 παρίστατο
1222 1418 1311 1472 σὺν
1347 1417 1632 1492 ὁμογνίοις
1664 1437 1677 1449 ·

552 1506 707 1565 Ἀλλ’
738 1510 789 1562 οἱ
822 1507 1109 1581 γερουσίας
1139 1528 1195 1561 τε
1225 1506 1313 1561 καὶ
1344 1511 1450 1560 τῶν
1479 1504 1530 1559 ἐν
1561 1504 1705 1560 τέλει

548 1596 1001 1670 Συσπειραθέντες
1032 1597 1224 1657 πάντες
1253 1595 1329 1656 εἷς
1361 1594 1693 1669 ὁμαιχμίαν,

548 1687 638 1747 Ὠς
668 1683 852 1759 ἄγριοι
882 1685 1044 1759 θῆρές
1071 1705 1129 1738 τε
1159 1682 1245 1738 καὶ
1281 1683 1657 1758 βροτοκτόνοι,

550 1772 669 1827 Ἐπὶ
703 1774 875 1844 μονήν
908 1771 1110 1840 ἤλαντο
1140 1772 1236 1839 τὴν
1271 1765 1585 1843 σεϐασμίαν,

369 1865 511 1919 9315
547 1859 989 1929 Ῥινηλατοῦντες
1020 1857 1311 1933 έκλαφῦξαι
1345 1858 1433 1912 σὺν
1472 1858 1559 1932 βίᾳ

548 1944 1051 2023 Πρωτοϐεστιᾶριον
1084 1945 1174 2000 σὺν
1208 1947 1534 2019 ὀμαιμόνοις
1571 1964 1583 1976 ’

543 2038 646 2092 Σὺν
680 2038 1027 2111 κασιγνήτοις
1050 2034 1351 2104 Μουζάλων
1380 2034 1713 2108 ᾐσθημένος,

545 2125 739 2184 Ἐνδον
772 2125 1045 2202 τραπέζης
1077 2128 1344 2199 παναγοῦς
1379 2119 1651 2176 ὑπεισέδυ.

542 2215 705 2271 Ἀλλ’
733 2216 785 2270 οἳ
820 2214 1006 2290 μιαροὶ
1040 2217 1129 2269 καὶ
1162 2211 1376 2288 φονικοὶ
1404 2211 1531 2274 τοὺς
1559 2209 1795 2285 τρόπους

366 2317 503 2371 9320
540 2314 676 2368 Ποσὶ
712 2308 973 2389 βεϐήλοις
1008 2309 1389 2383 εἰσδραμόντες
1420 2306 1615 2371 εὐθέως

545 2402 640 2463 Et:
676 2402 822 2476 ἱεράν
852 2400 1117 2476 τράπεζαν
1150 2396 1495 2471 ἱλαστηρίου,

540 2490 859 2568 Ξιφηφόροι
890 2510 947 2542 τε
971 2488 1059 2542 καὶ
1091 2490 1264 2560 Ουμοῦ
1294 2483 1667 2555 πεπνευκότες,

544 2583 654 2634 Φεῦ
683 2572 924 2639 ἀσεϐείας
962 2571 1295 2651 βαρϐαρικῆς
1333 2574 1558 2647 μανίαςί

542 2664 799 2736 Μεληδὸν
833 2664 1141 2737 ἐκτέμνουσι
1172 2663 1299 2724 τοὺς
1327 2662 1617 2734 ἀναιτίους,

354 2760 502 2814 9325
540 2755 724 2809 Καίτοι
756 2752 1019 2824 διαθήκης
1047 2773 1105 2807 τε
1134 2752 1222 2806 καὶ
1252 2754 1356 2805 τῶν
1388 2749 1585 2824 ὁρκίων

539 2848 765 2919 Τρανῶς
796 2863 853 2897 τε
886 2846 1063 2919 σαφῶς
1095 2840 1515 2915 ἀνεγνωσμένων
1543 2836 1726 2912 τρίτου

538 2932 661 2989 Ἐπὶ
693 2930 975 3006 γερουσίας
1003 2950 1061 2983 τε
1089 2928 1177 2982 καὶ
1211 2925 1650 3002 στρατευμάτων,

534 3021 627 3075 Καὶ
661 3017 842 3075 τοῖσδε
866 3018 1062 3079 παντὸς
1097 3015 1344 3090 ἐμμένειν
1376 3014 1661 3089 εἰρηκότος
1698 3032 1710 3045 ·

538 3108 684 3164 Μετά
714 3106 770 3163 δὲ
800 3104 964 3177 τήνδε
986 3107 1085 3175 τὴν
1117 3106 1287 3173 κακὴν
1322 3102 1666 3179 φονουργίαν,

344 3202 496 3256 9330
533 3197 607 3255 Οἵ
628 3200 677 3273 γ’
711 3196 761 3252 ἐν
792 3195 938 3251 τέλει
966 3216 1025 3250 τε
1054 3194 1142 3249 καὶ
1168 3192 1403 3269 λοχαγοὶ
1432 3193 1742 3267 ταγμάτων,

530 3286 747 3362 κλῆρος
777 3286 1124 3360 πατριάρχης
1154 3304 1210 3336 τε
1236 3282 1326 3336 σὺν
1355 3279 1677 3357 ἀρχιθύταις

537 3375 1025 3451 Συνεισδραμόντες
1060 3374 1134 3435 εἷς
1170 3373 1293 3446 μίαν
1330 3372 1671 3446 συμφωνίαν,

536 3467 733 3540 Σκέψιν
766 3464 970 3519 ἐτίθουν
1002 3460 1332 3537 πραγμάτων
1361 3463 1559 3513 κοινῶν
1592 3460 1778 3534 χάριν,

531 3554 626 3617 Τίς
657 3552 714 3607 ἃν
745 3548 1094 3626 κυϐερνήσειε
1123 3546 1584 3624 προσδεδεγμένος

346 3655 499 3711 9335
535 3655 649 3721 Τῆς
674 3653 989 3724 Ῥωμαϊκῆς
1016 3644 1223 3703 ὁλκάδα
1250 3646 1585 3721 κραταρχίας
1618 3664 1633 3680 ·

527 3738 918 3796 Ἐπυνθάνοντο
948 3740 1237 3811 τοιγαροῦν
1266 3736 1399 3789 κατά
1422 3734 1550 3808 γένη

538 3827 638 3885 Καὶ
669 3827 803 3882 κατὰ
826 3827 970 3898 τάξιν
1002 3823 1193 3885 πάντες
1224 3824 1275 3877 οἱ
1305 3826 1411 3877 τῶν
1444 3822 1493 3876 ἐν
1525 3821 1692 3879 τέλει.

524 3916 623 3971 Καὶ
654 3915 901 3971 πλείοσιν
930 3914 998 3983 ἧν
1028 3915 1062 3982 ἡ
1098 3912 1239 3988 ῥοπὴ
1272 3910 1361 3966 καὶ
1390 3908 1585 3986 καρδία

519 4005 648 4063 Ἐπὶ
680 4003 960 4077 Κομνηνὸν
996 3999 1229 4076 Μιχαὴλ
1259 3998 1546 4071 τεταμένη.

335 4097 485 4153 9340
522 4095 678 4152 ’Όθεν
706 4093 758 4147 τί
795 4090 1033 4165 μακροὺς
1067 4088 1149 4145 δεῖ
1177 4090 1450 4164 περιάγειν
1482 4086 1754 4157 κύκλους

519 4182 817 4257 Χειρίζεται
851 4177 916 4249 δὴ
948 4180 1045 4248 τὴν
1079 4176 1343 4248 διοίκησιν
1375 4174 1519 4230 ὅλων

519 4270 619 4325 Καὶ
649 4272 974 4343 Ῥωμαϊκῶν
1005 4266 1341 4342 πραγμάτων
1372 4267 1472 4335 τὴν
1500 4261 1758 4343 φροντίδα

520 4360 693 4421 Οὗτος
724 4355 962 4432 Μιχαὴλ
990 4354 1382 4430 Παλαιολόγων
1414 4355 1623 4430 γένους,

519 4446 855 4524 Δραστήριός
882 4466 964 4507 τις
992 4444 1080 4499 καὶ
1110 4443 1362 4522 πεφυκὼς
1392 4444 1528 4518 πρὸς
1558 4440 1703 4515 τόδε,

334 4548 479 4602 9345
520 4543 677 4607 Εἶδος
709 4542 1030 4620 προδεικνὺς
1057 4542 1201 4612 ἄξιον
1234 4540 1566 4617 τυραννίδος,

518 4633 825 4709 Βλοσσυρὸν
860 4632 992 4701 ἦθος
1023 4631 1112 4686 καὶ
1146 4629 1414 4685 λεόντειον
1447 4630 1645 4706 φέρων,

516 4723 749 4796 Φρικτὸς
779 4721 871 4794 μὲν
903 4719 1143 4795 ἐχθροῖς,
1179 4717 1384 4792 ἥμερος
1420 4714 1465 4771 δ’
1510 4716 1793 4789 ὑπηκόοις,

514 4812 674 4883 Ἀναξ
705 4808 950 4884 ἀριστεὺς
979 4808 1067 4863 καὶ
1100 4808 1391 4883 στρατηγὸς
1421 4803 1697 4881 γεννάδας,

515 4904 712 4975 Πρῶτά
744 4899 835 4972 μὲν
871 4894 1083 4969 ἀξίωμα
1113 4890 1294 4950 λαϐὼν
1325 4892 1607 4966 δεσπότου,

330 4990 476 5045 9350
514 4988 665 5045 Μετὰ
694 4986 751 5042 δὲ
782 4985 975 5063 μικρὸν
1002 4983 1305 5045 ταινιωθεὶς
1334 4987 1411 5054 τῷ
1441 4982 1616 5061 στέφει

516 5078 651 5152 Παρ’
678 5075 975 5152 ἀρχιθύτου
1004 5073 1139 5128 κατὰ
1156 5075 1253 5141 τὴν
1287 5070 1555 5129 Νικαέων.

514 5166 687 5228 Οὗτος
719 5164 983 5225 Λατίνους
1017 5160 1281 5235 ἐξελαύνει
1315 5158 1572 5235 πατρίδος

509 5258 616 5321 Τῆς
649 5249 1056 5309 Κωνσταντίνου
1091 5246 1373 5325 βασιλίδος
1406 5248 1628 5316 ἀστέων,

511 5339 910 5415 Ἐλευθερώσας
940 5336 1104 5408 τήνδε
1132 5336 1372 5394 Λατίνων
1406 5337 1542 5413 βίας.

329 5432 479 5488 9355
511 5435 653 5503 Τιμᾷ
681 5427 725 5485 δ’
758 5427 989 5505 ἀδελφὸν
1022 5428 1303 5499 Κομνηνὸν
1338 5427 1591 5498 Ἰωάννην

515 5521 598 5590 Τῇ
630 5514 1121 5592 σεϐαστοκράτορος
1152 5514 1303 5576 εὐθὺς
1336 5515 1472 5587 ἀξίᾳ,

514 5603 679 5676 Ἔκδη
692 5628 792 5681 μον
823 5603 953 5662 ὅντα
978 5609 1094 5665 τοῖς
1123 5604 1239 5667 καθ’
1270 5604 1492 5678 ἑσπέραν
1522 5604 1712 5668 τόποις
1737 5623 1750 5638 ο

520 5691 755 5767 ’Δλέξιον
789 5690 846 5751 δὶ
878 5687 1369 5768 Στρατηγόπουλον
1400 5692 1563 5749 πάλιν

1906 402 2259 455 ΟΕΒΑΒΕΞ.

2043 523 2097 589 Α
2127 541 2377 595 quorum
2408 526 2690 599 Georgius
2722 526 2947 583 Muzalo
2980 525 3207 598 primus
3236 528 3361 580 erat

2128 615 2554 684 protovestiarii
2585 620 2723 671 tunc
2756 615 2973 671 honore
3004 616 3274 686 fungens.

2126 705 2233 759 Sed
2264 705 2421 760 enim
2454 706 2701 761 necdum
2735 706 2997 761 triduum
3030 710 3329 777 peractum
3360 707 3484 760 erat

2126 808 2195 847 ex
2226 809 2340 864 quo
2371 794 2687 865 imperator
2716 793 2945 849 tumulo
2968 794 3222 864 jacebat,

2120 881 2360 953 jamque
2389 883 2713 938 astuabant
2743 884 2941 938 omnia
2970 888 3247 953 tanquam
3280 897 3461 949 mare,

2124 969 2387 1043 Namque
2416 973 2484 1027 ad
2516 970 2842 1027 coenobium
2876 970 3224 1027 salutarium
3257 980 3582 1043 martyrum

2124 1059 2452 1131 progressis
2476 1059 2919 1131 magistratibus
2946 1065 3121 1132 atque
3152 1059 3411 1117 exercitu

2124 1152 2187 1203 ut
2209 1148 2457 1220 principi
2488 1149 2760 1205 defuncto
2784 1150 2945 1219 justa
2976 1148 3288 1217 solverent,

2122 1244 2342 1302 Muzalo
2373 1264 2607 1319 quoque
2636 1264 2771 1304 cum
2806 1248 3099 1319 germanis
3129 1247 3307 1303 venit.

2124 1335 2270 1390 Dum
2298 1351 2432 1407 ergo
2463 1352 2629 1392 sacra
2657 1336 2983 1392 celebratur
3011 1336 3213 1405 missa,

2123 1421 2419 1479 Muzalone
2448 1440 2581 1480 cum
2614 1423 2894 1479 fratribus
2926 1425 3216 1493 adstante,

2121 1528 2191 1567 en
2224 1516 2523 1568 senatores
2546 1511 2762 1584 aliique
2793 1513 3174 1585 magistratus

2121 1602 2552 1672 conspiratione
2583 1601 2846 1657 unanimi
2881 1602 3153 1670 conﬂata,

2119 1705 2219 1744 ceu
2249 1689 2577 1745 furibundae
2608 1690 2737 1746 feres
2769 1694 2945 1762 atque
2975 1689 3283 1745 homicidas

2118 1777 2175 1831 in
2205 1783 2473 1833 sanctum
2507 1780 2727 1835 cursim
2760 1779 2994 1834 irruunt
3025 1778 3355 1834 cmnobium

2039 1883 2087 1947 B
2118 1866 2189 1921 ob
2221 1868 2594 1923 lacerandum
2625 1867 2892 1923 violentis
2923 1868 3221 1938 unguibus

2116 1971 2250 2009 cum
2282 1956 2407 2010 suis
2437 1956 2731 2027 germanis
2761 1954 3272 2028 protovestiarium
3304 1972 3317 2010 :

2113 2043 2210 2112 qui
2242 2060 2303 2099 re
2333 2043 2647 2113 intellecta,
2681 2045 2790 2098 sub
2820 2043 3048 2115 asylum
3081 2060 3315 2099 sacrum

2115 2147 2328 2185 mensae
2359 2131 2742 2186 sanctissimae
2778 2134 2994 2202 raptim
3027 2131 3442 2202 confugerunt.

2110 2218 2324 2274 Verum
2357 2219 2588 2275 scelesti
2619 2218 2703 2273 illi
2735 2223 2791 2274 et
2821 2219 3184 2291 sanguinarii

2111 2306 2353 2375 pollutis
2380 2306 2625 2377 pedibus
2657 2305 2946 2376 penetrale
2977 2306 3231 2377 ingressi

2111 2410 2298 2465 usque
2330 2395 2400 2449 ad
2434 2411 2547 2449 arae
2576 2395 2830 2464 pacificae
2863 2410 3129 2449 mensam
3163 2410 3415 2462 sacram,

2110 2482 2391 2537 districtis
2421 2482 2631 2552 gladiis
2663 2482 2879 2551 turgidi
2913 2482 3128 2549 furore,

2107 2569 2239 2626 hem
2273 2574 2488 2625 tetrum
2520 2569 2749 2625 scelus!
2786 2570 2919 2625 hem
2952 2571 3173 2625 rabiem
3207 2570 3573 2626 barbaricam
3602 2570 3614 2624 l

2109 2668 2402 2722 frustatim
2435 2667 2646 2739 gladiis
2679 2668 3018 2723 innocentes
3049 2670 3299 2724 caedunt.

2106 2756 2226 2811 Etsi
2258 2772 2541 2827 supremae
2573 2755 2783 2811 tabulae
2815 2760 2903 2811 ter
2935 2758 3163 2811 fuerant

2104 2862 2237 2902 cum
2270 2847 2619 2901 sacramenti
2652 2845 2899 2901 formula
2932 2845 3211 2915 praalecta:

2102 2952 2295 2990 coram
2325 2938 2530 2991 senatu
2562 2938 2618 2990 et
2646 2950 2838 2989 coram
2871 2934 3240 3001 exercitibus,

2103 3024 2203 3096 qui
2234 3041 2296 3079 se
2324 3023 2382 3078 in
2414 3023 2691 3093 obsequio
2720 3022 2838 3078 fore
2870 3022 3064 3077 cuncti
3093 3022 3383 3078 dixerant.

2100 3113 2234 3167 Post
2263 3112 2411 3168 hanc
2444 3112 2747 3168 scelestam
2781 3114 3169 3183 perpetratum
3202 3111 3439 3179 caedem,

2101 3201 2300 3256 civiles
2332 3200 2707 3273 magistratus
2737 3205 2797 3255 et
2823 3200 3003 3256 duces
3033 3198 3311 3267 militum,

2100 3288 2289 3344 clerus
2320 3304 2454 3345 cum
2482 3288 2812 3359 patriarcha
2840 3288 3087 3357 aliisque
3117 3287 3432 3360 episcopis,

2100 3379 2171 3433 ad
2204 3377 2365 3449 regni
2390 3376 2571 3433 veluti
2603 3384 2874 3431 coeuntes
2905 3376 3167 3444 comitia,

2100 3467 2170 3521 de
2201 3465 2530 3535 reipublicae
2557 3482 2789 3521 summa
2818 3465 3239 3532 deliberabant,

2098 3555 2370 3626 quisnam
2396 3554 2662 3610 videlicet
2691 3555 2751 3609 in
2783 3554 3073 3609 demortui
3102 3553 3227 3609 loco

2096 3651 2341 3708 Romani
2372 3652 2602 3722 imperii
2634 3668 2838 3707 navem
2872 3652 3030 3707 clavo
3062 3655 3287 3723 regeret
3320 3668 3335 3709 :

2095 3745 2151 3797 et
2180 3740 2535 3811 rogabantur
2564 3739 2849 3793 nobilium
2885 3740 3188 3795 sententia:

2094 3848 2194 3902 per
2226 3828 2489 3900 singulas
2522 3825 2770 3881 familias
2801 3843 3017 3898 perque
3047 3828 3301 3884 ordines.

2090 3921 2171 3974 Ac
2202 3917 2614 3989 suffragiorum
2647 3931 2786 3970 sane
2817 3916 3005 3984 major
3034 3932 3316 3972 numerus

2088 4011 2453 4063 Comnenum
2485 4003 2832 4075 designabat
2862 4002 3220 4059 Michaelem.

2088 4097 2203 4151 Cur
2230 4111 2367 4167 ergo
2398 4094 2590 4165 longis
2622 4092 2882 4147 dill'eram
2915 4108 3036 4147 rem
3060 4093 3428 4151 sermonibus
3448 4095 3476 4150 ?

2086 4184 2189 4239 Rei
2220 4182 2465 4255 publicas
2506 4180 2786 4235 universae
2819 4179 3191 4235 moderamen

2085 4271 2443 4343 Romanique
2466 4268 2695 4341 imperii
2727 4285 2866 4323 cura
2894 4267 3145 4323 traditur

2085 4361 2220 4416 huic
2251 4358 2521 4415 Michaeli
2556 4362 2725 4431 gente
2758 4356 3113 4426 Palaeologo;

2084 4450 2185 4522 qui
2214 4449 2304 4505 vir
2332 4453 2457 4505 erat
2476 4449 2679 4504 efﬁcax
2708 4452 2764 4503 et
2794 4448 2875 4501 rei
2917 4447 3185 4517 idoneus,

2081 4538 2341 4610 corporis
2373 4539 2615 4593 formam
2649 4551 2826 4606 regno
2858 4535 3094 4604 dignam
3127 4551 3368 4607 gerens;

2003 4592 2053 4654 Β
2082 4642 2278 4682 severo
2306 4642 2464 4681 more
2495 4630 2553 4680 et
2580 4623 2740 4679 vultu
2770 4622 3133 4691 truculento;

2079 4715 2349 4770 hostibus
2380 4712 2805 4779 forminandus,
2839 4710 3022 4766 comis
3052 4711 3303 4768 subditis
3331 4738 3345 4783 ;

2079 4805 2339 4876 optimus
2371 4802 2662 4874 princeps,
2696 4806 2753 4855 et
2784 4798 2951 4855 fortis
2981 4800 3322 4872 imperator.

2080 4902 2136 4955 Is
2166 4900 2351 4971 primo
2373 4898 2595 4969 accepit
2624 4898 2970 4969 dignitatem
3002 4898 3255 4970 despotm
3290 4917 3303 4955 :

2079 4990 2252 5061 paulo
2287 4994 2418 5060 post
2446 4992 2638 5043 autem
2670 4987 2729 5041 in
2764 4988 2909 5042 urbe
2939 4987 3170 5043 Nicaena

2079 5096 2112 5133 a
2143 5077 2463 5148 patriarcha
2494 5079 2803 5132 stemmate
2833 5080 2922 5131 est
2953 5076 3284 5132 redimitus.

2080 5167 2181 5222 Hic
2208 5171 2316 5234 est,
2346 5166 2447 5239 qui
2488 5168 2689 5221 nostra
2720 5164 2907 5236 patria
2939 5164 3177 5221 Latinos
3207 5166 3447 5239 expulit,

2078 5254 2457 5327 reginamque
2487 5253 2719 5309 urbium
2741 5253 3305 5327 Constantinopolim
3334 5288 3342 5297 -

2076 5345 2279 5399 Latino
2301 5344 2446 5416 jugo
2475 5342 2718 5397 liberam
2752 5342 3023 5398 assuerit.

2079 5434 2131 5489 IS
2161 5436 2519 5488 Comnenum
2550 5430 2830 5487 Joannem
2864 5430 3098 5485 fratrem
3133 5447 3306 5486 suum

2076 5522 2289 5577 creavit
2313 5521 2439 5577 sine
2468 5535 2630 5575 mora
2660 5519 3198 5573 sehastocratorem.

2074 5624 2410 5680 quanquam
2440 5607 2738 5663 absentem
2770 5605 2830 5661 in
2861 5604 3155 5675 Hesperiis
3184 5605 3451 5678 partibus

2069 5693 2535 5769 Strategopulum
2568 5693 2808 5766 insuper
2834 5691 3097 5749 Alexium
