4138 6296
407 293 513 350 343
1610 286 1983 343 EPHRBMII
2020 286 2041 340 (

2162 283 2457 340 .ONOGBA
2465 288 2557 339 PH
2563 290 2585 341 Ι
3689 292 3755 345 34
3765 291 3796 345 4

408 418 479 472 ad
513 415 817 472 domestici
838 415 1033 486 magni
1066 414 1323 470 officium
1354 412 1529 484 legit:

409 505 593 561 alium
627 504 879 576 denique
910 504 1143 559 fratrem
1173 502 1620 558 Constantinum

409 597 672 651 Caesarea
699 594 983 664 dignitate
1016 592 1397 662 conspicuum
1431 591 1582 655 fecit,

409 687 586 753 atque
617 681 687 737 ad
722 682 997 735 tuendam
1022 679 1182 734 misit
1212 677 1689 749 Paphlagoniam,

406 771 490 826 Ad
522 769 865 825 Michaelem
897 786 1027 824 vero
1062 768 1272 840 legavit
1302 769 1603 837 despotam
1694 838 1697 841 _

409 857 633 914 Philem
664 858 1031 914 Theodorum
1064 858 1133 913 ob
1168 856 1472 928 petendam
1503 870 1702 925 pacem

410 946 1054 1017 constringendumque
1083 944 1383 1001 vinculum
1416 942 1706 1011 amicitiae,

408 1035 914 1107 reposcendasque
948 1033 1192 1105 imperio
1224 1049 1383 1087 arces
1418 1031 1641 1102 aliquot
1674 1046 1687 1084 :

411 1131 705 1202 simulque
738 1137 800 1186 ut
830 1131 975 1186 duos
1009 1130 1265 1202 captivos
1300 1129 1453 1184 tristi
1486 1128 1763 1183 eximeret

410 1219 805 1291 Acropolitam
839 1236 1065 1275 carcere
1098 1223 1154 1274 et
1184 1218 1601 1273 Chabaronem.

414 1308 662 1379 Despota
691 1312 887 1362 tamen
919 1309 1104 1363 durus
1135 1311 1192 1362 et
1224 1305 1592 1361 refractarius

414 1395 785 1466 imperatoris
816 1395 1165 1467 legationem
1195 1395 1402 1461 audiit,

415 1499 520 1539 nec
550 1484 869 1555 postulanti
904 1486 1228 1555 quidquam
1257 1498 1499 1553 prorsus
1529 1479 1761 1536 annuit.

413 1572 798 1637 Quamobrem
826 1572 1141 1643 imperator
1168 1571 1253 1626 ira
1279 1570 1532 1643 percitus

414 1661 655 1733 scripsit
682 1661 750 1716 ad
789 1662 1024 1715 fratrem
1057 1662 1603 1727 sebastocratorem,

415 1749 517 1822 qui
548 1751 607 1803 in
639 1749 954 1813 occidente,
989 1754 1050 1803 ut
1083 1749 1199 1803 dixi
1232 1748 1567 1803 versabatur

417 1855 551 1893 cum
583 1838 813 1894 selectis
840 1838 1091 1892 ducibus
1130 1842 1186 1892 et
1215 1853 1347 1891 cum
1381 1834 1656 1901 exercitu,

415 1932 482 1982 ut
509 1925 771 1981 Michaeli
806 1926 1024 1981 bellum
1050 1926 1287 1980 inferret
1316 1925 1586 1994 despotaa.

415 2016 578 2079 Quod
606 2015 725 2085 jam
760 2019 1119 2069 commotum
1145 2015 1388 2084 despota
1418 2028 1791 2083 cognoscens,

412 2105 513 2175 qui
546 2103 866 2159 Castoriam
899 2120 1033 2158 cum
1067 2102 1243 2157 armis
1275 2101 1587 2167 insidebat,

409 2196 607 2265 fugam
644 2191 895 2263 arripuit
923 2209 1026 2263 per
1055 2194 1379 2262 praeruptos
1408 2189 1587 2245 locos.

413 2290 857 2346 Sebastocrator
885 2294 1080 2345 autem
1112 2291 1197 2344 sic
1227 2287 1565 2359 diﬂ'ugiente

412 2377 711 2435 Michaelis
743 2378 999 2434 exercitu
1030 2378 1382 2442 adversario,

412 2466 700 2537 impetum
731 2467 867 2523 fecit
897 2471 1103 2522 contra
1135 2466 1308 2521 urbes
1342 2467 1594 2536 despotae

412 2556 734 2626 Bulgarum
767 2555 1160 2626 patriarcham
1193 2570 1391 2610 secum
1425 2555 1647 2609 ducens

413 2642 741 2699 Cabasilam
762 2643 960 2698 divum
994 2642 1469 2705 Constantinum,

413 2732 584 2802 cujus
616 2730 867 2804 egregiis
899 2732 1135 2786 monitis
1164 2736 1222 2785 et
1251 2728 1512 2785 consiliis

413 2818 694 2891 inclytam
728 2820 1042 2891 acquisivit
1065 2819 1267 2874 urbem
1300 2817 1509 2872 Achrin
1544 2834 1556 2870 :

417 2908 681 2963 Dealolin
710 2908 922 2964 deinde
952 2925 1144 2963 arcem
1178 2908 1419 2961 alteram

419 2996 708 3052 machinis
739 3001 795 3051 et
822 2996 962 3052 belli
991 2996 1207 3051 viribus
1240 2993 1609 3064 expugnavit.

421 3084 583 3139 Tunc
612 3084 854 3139 Michael
881 3084 951 3139 de
981 3099 1215 3138 summa
1244 3081 1554 3147 sollicitus,

420 3177 709 3244 quotquot
739 3172 986 3227 habebat
1017 3170 1198 3241 c0piis
1226 3169 1612 3240 congregatis,

419 3260 639 3316 Latinis
670 3277 902 3331 quoque
930 3258 1254 3329 assumptis
1285 3257 1667 3312 auxiliaribus

415 3352 488 3405 ab
519 3349 746 3405 Achaiae
782 3349 1065 3420 principe,
1098 3347 1424 3417 Siciliaeque
1453 3365 1484 3400 :i
1515 3362 1668 3416 rege,

418 3454 672 3510 quorum
705 3443 952 3509 uterque
983 3441 1104 3492 erat
1133 3453 1309 3508 gener
1338 3437 1614 3505 despotae,

418 3527 493 3583 ad
526 3527 1005 3583 committendam
1034 3526 1173 3581 exiit
1205 3524 1511 3578 nobiscum
1548 3539 1825 3594 pugnam.

421 3624 767 3679 Praeteriens
796 3640 932 3695 ergo
964 3623 1123 3679 Stani
1157 3620 1434 3692 Soscique
1461 3636 1622 3675 arces

424 3718 482 3769 et
510 3712 827 3785 Pelagoniae
874 3712 1157 3767 humilem
1193 3710 1510 3782 planitiem,

425 3800 635 3872 Prilapi
669 3806 908 3874 propter
932 3800 1196 3856 constitit
1224 3798 1561 3870 praesidium
1599 3813 1612 3852 :

421 3890 524 3945 ubi
555 3906 617 3945 se
641 3891 908 3962 angustis
943 3905 1188 3945 cernens
1216 3891 1546 3943 versantem
1581 3891 1776 3952 rebus,

421 3978 787 4050 fortunaeque
822 3979 1006 4033 aleam
1043 3976 1457 4048 periculosam.

423 4072 600 4122 noctu
632 4067 886 4137 profugit
917 4083 1051 4121 cum
1086 4065 1205 4120 filio
1236 4064 1581 4134 Nicephoro,

425 4154 743 4209 exercitum
773 4155 833 4209 in
865 4154 1073 4209 castris
1108 4154 1229 4207 illic
1260 4153 1556 4206 deserens.

428 4244 539 4298 Sed
566 4248 761 4299 tamen
794 4260 962 4298 mane
998 4246 1229 4312 postero
1261 4256 1351 4294 res
1383 4244 1688 4305 nocturna,

426 4349 495 4389 ex
527 4332 617 4387 his
648 4348 775 4403 quae
802 4336 944 4386 sunt
973 4334 1197 4397 secuta,
1231 4327 1399 4382 nobis
1432 4326 1643 4381 notuit.

426 4421 566 4476 Pars
595 4419 753 4476 enim
784 4419 885 4474 illa
915 4419 1214 4490 copiarum
1247 4418 1523 4487 despotaa,

423 4526 549 4577 qua
581 4513 791 4564 nostra)
823 4507 1015 4580 gentis
1048 4506 1234 4561 milite
1264 4504 1507 4560 conﬂata
1538 4506 1681 4571 erat,

422 4612 557 4651 cum
588 4595 725 4651 viris
758 4613 820 4651 se
851 4595 1147 4651 nobilibus
1180 4598 1356 4664 atque
1386 4592 1636 4648 ducibus

423 4684 865 4740 sebastocratori
896 4684 1137 4739 tradidit
1164 4682 1371 4739 Joanni
1405 4699 1419 4737 :

422 4785 600 4851 atque
629 4781 689 4835 in
720 4780 811 4834 his
841 4786 961 4835 erat
990 4780 1266 4849 fugientis
1296 4780 1543 4847 despotzs

426 4868 795 4925 adulterinus
827 4869 1065 4939 quidam
1096 4868 1346 4923 Joannes
1378 4867 1556 4923 ﬁlius.

428 4958 578 5012 Tum
610 4956 911 5011 auxiliaris
942 4960 1188 5011 cunctus
1225 4956 1465 5010 Latinus
1497 4956 1665 5011 miles

425 5045 631 5101 vinclis
663 5044 942 5100 astrictus
972 5060 1105 5098 cum
1132 5044 1360 5098 Achaia:
1394 5044 1653 5114 principe

426 5134 711 5189 dimissus
740 5138 827 5188 est
855 5133 925 5187 ad
957 5134 1234 5187 Caesarem
1265 5133 1545 5202 captivus.

424 5222 727 5278 Provincia
755 5225 949 5277 autem
984 5220 1175 5275 omnis
1205 5236 1335 5275 cum
1370 5218 1663 5274 urbeculis

425 5308 487 5364 in
518 5316 775 5365 nostram
807 5310 983 5366 cessit
1014 5309 1253 5364 subdita
1284 5308 1588 5363 ditionem.

426 5397 631 5453 Postea
660 5399 1017 5454 domesticus
1052 5413 1297 5468 magnus
1331 5394 1589 5464 Alexius,

427 5487 571 5542 Baul
595 5490 847 5543 Joannes
877 5491 934 5542 et
960 5484 1375 5557 Srategopulus

428 5594 616 5651 usque
646 5580 717 5636 ad
749 5577 1031 5649 oppidum
1063 5581 1210 5632 Artes
1244 5576 1647 5647 decurrerunt,

2073 420 2128 486 Α
2334 401 2709 480 Προῦϐάλλετ¹
2740 408 2814 470 εἰς
2843 406 3091 484 μῖγιστον
3123 410 3175 465 ἐν
3203 408 3541 485 δομεστίκοις
3568 430 3584 449 θ

2152 495 2293 549 9360
2334 501 2725 551 Κωνσταντῖνον
2754 494 2924 552 ἄλλον
2956 496 3012 552 δὲ
3042 500 3307 575 σύγγονον
3340 498 3506 555 πάλιν

2333 586 2409 655 Τῇ
2444 586 2748 658 Καισαρικῇ
2779 586 3067 650 ταινιώσας
3094 587 3289 659 ταινίᾳ,

2329 672 2626 747 Πρόμαχον
2658 672 2942 729 ἀπέστειλε
2972 677 3079 729 τῶν
3114 676 3483 754 Παφλαγόνων
3521 695 3535 708 ·

2332 760 2430 816 Καὶ
2463 761 2597 835 πρὸς
2630 762 2861 837 Μιχαὴλ
2890 761 3203 843 ἐκπέπομφε
3241 764 3505 835 δεσπότην

2329 848 2435 904 Τὸν
2470 848 2648 919 Φιλῆν
2682 848 2983 925 Θεόδωρον,
3020 853 3182 907 αἰτῶν
3217 851 3401 930 φιλίαν

2153 945 2295 999 9365
2335 944 2644 1020 Σόνδεσμον
2674 946 2898 1023 εἰρήνης
2928 949 3016 1004 καὶ
3045 954 3143 1016 τῆς
3174 951 3508 1028 συμφωνίας,

2332 1032 2435 1089 Καί
2463 1055 2579 1089 τινα
2608 1034 2768 1090 λῦσαι
2800 1038 3072 1114 φρουρίων
3098 1037 3394 1111 Ῥωμαίδι·

2332 1121 2474 1195 Πρὸς
2508 1119 2555 1176 δ’
2585 1121 2649 1176 αὗ
2678 1124 3095 1200 καθειργμένους
3131 1148 3185 1202 γε
3213 1132 3317 1181 τῶν
3361 1126 3410 1199 ἐξ
3444 1126 3697 1183 Αὐσόνων

2334 1203 2641 1273 Χαϐάρωνά
2667 1232 2722 1265 τε
2749 1214 2838 1266 καὶ
2867 1214 2958 1267 τὸν
2989 1214 3417 1288 Ἀκροπολίτην.

2330 1294 2488 1352 Ἀλλ’
2517 1300 2585 1367 ἦν
2616 1300 2840 1368 ἀπειθὴς
2872 1301 3106 1377 Μιχαὴλ
3138 1305 3274 1379 πρὸς
3306 1303 3433 1366 τοὺς
3467 1302 3667 1380 λόγους

2156 1386 2296 1439 9370
2336 1380 2757 1457 Πρεσϐευτικους
2786 1386 3033 1460 ἄνακτος,
3069 1388 3323 1466 ἄτεγκτος
3355 1392 3514 1463 πάνυ,

2334 1473 2438 1528 Καὶ
2472 1473 2770 1547 μηδοτιοῦν
2800 1476 3029 1533 ἐκτελῶν
3062 1479 3395 1553 αἰτουμένων
3429 1503 3440 1514 ·

2330 1565 2489 1626 ’Όθεν
2526 1564 2805 1639 βαρυνθεὶς
2837 1568 3092 1641 βασιλεὺς
3118 1569 3324 1623 τούτων
3353 1569 3513 1644 χόλῳ

2331 1657 2423 1723 Τῷ
2450 1648 2899 1731 σεϐαστοκράτορι
2934 1659 3179 1732 συγγόνῳ
3207 1660 3398 1735 γράφει

2079 1765 2127 1828 Β
2334 1742 2462 1797 Τοῖς
2495 1742 2631 1798 κατά
2660 1740 2866 1817 δυσμὴν
2900 1745 3190 1819 ἐμμένοντί
3220 1769 3324 1802 που
3351 1748 3563 1818 τόποις,

2158 1835 2300 1891 9375
2339 1836 2488 1890 Μετά
2515 1844 2767 1910 στρατιᾶς
2795 1839 2883 1893 καὶ
2916 1846 3229 1915 στρατηγῶν
3264 1841 3522 1916 ἐκκρίτων

2335 1922 2536 1998 Μάχην
2573 1929 2801 1999 συνάψαι
2827 1926 3059 2002 Μιχαὴλ
3092 1934 3169 2001 τῷ
3202 1927 3455 2004 δεσπότῃ.

2335 2011 2435 2067 Καὶ
2466 2014 2629 2067 τοῦτο
2654 2012 2892 2088 δρῶντος
2925 2018 3097 2079 συνεὶς
3130 2019 3156 2072 ὁ
3185 2016 3451 2089 δεσπότης

2334 2104 2555 2175 Στρατῷ
2587 2106 3025 2179 συνυπάρχοντος
3057 2105 3110 2161 ἓν
3142 2109 3415 2182 Καστορίᾳ

2333 2190 2514 2265 Φυγάς
2541 2190 2752 2263 ἀπέπτη
2786 2196 2902 2248 κατ’
2934 2193 3306 2269 ἀποκρήμνων
3340 2197 3543 2252 τόπων.

2156 2279 2298 2333 9380
2339 2273 2793 2357 Σεϐαστοκράτωρ
2827 2279 2873 2335 δ’
2904 2281 3146 2337 ἐκποδὼν
3182 2285 3489 2360 ὑπαρξάσης

2333 2365 2484 2422 Οὕτω
2511 2374 2760 2443 στρατιᾶς
2788 2371 3017 2445 Μιχαὴλ
3049 2372 3380 2447 ἀντιμάχου,

2335 2456 2463 2510 Κατ’
2490 2454 2689 2511 ἀστέων
2724 2457 2947 2531 ὥσμησε
2973 2465 3081 2515 τῶν
3102 2465 3198 2514 τοῦ
3230 2459 3513 2535 δεσπότου,

2334 2544 2518 2619 Ἔχων
2555 2548 2670 2617 μεθ’
2703 2548 2869 2601 αὐτοῦ
2899 2549 3280 2625 ποιμενάρχην
3322 2548 3654 2627 Βουλγάρων

2334 2634 2432 2687 Τὸν
2468 2635 2608 2688 θεῖον
2638 2630 2943 2692 Καϐάσιλαν
2976 2638 3066 2691 τὸν
3099 2640 3499 2695 Κωνσταντῖνον
3533 2660 3546 2674 ·

2160 2722 2301 2777 9385
2340 2721 2416 2777 Οὗ
2445 2725 2745 2787 νουθεσίαις
2772 2726 2858 2779 καὶ
2890 2725 3081 2789 καλαῖς
3116 2723 3476 2801 συμϐουλίαις

2339 2807 2505 2864 Πόλιν
2539 2814 2910 2885 παρεστήσατο
2942 2813 3163 2885 κλεινὴν
3196 2816 3449 2892 Ἀχρίδος
3484 2836 3497 2850 ⁶

2334 2900 2559 2954 Ἔπειτα
2591 2895 2849 2956 Δεάϐολιν
2884 2901 3024 2958 ἄλλο
3055 2904 3327 2980 φρουρίων

2337 2989 2467 3049 Ταῖς
2499 2990 2936 3065 μηχάνουργίαις
2966 3013 3024 3046 τε
3051 2994 3139 3047 καὶ
3179 2995 3362 3070 μάχης
3394 2995 3574 3069 νόμῳ.

2087 3120 2129 3186 C
2346 3074 2728 3150 Ἐξαπορηθεὶς
2760 3077 2990 3152 Μιχαὴλ
3022 3084 3150 3153 γοῦν
3182 3086 3302 3142 τοῖς
3344 3081 3522 3155 ὅλοις,

2168 3173 2308 3228 9390
2348 3173 2596 3229 Ἐνοῦσαν
2629 3176 2778 3247 αὐτῳ
2811 3176 3061 3251 στρατιὰν
3094 3175 3381 3241 συναλίσας

2342 3261 2445 3317 Καὶ
2475 3264 2841 3337 Συμμαχικὸν
2874 3260 3201 3340 προσλαϐὼν
3232 3265 3292 3322 ἐκ
3322 3267 3564 3323 Λατίνων

2342 3352 2464 3406 Τῶν
2495 3348 2653 3405 τοῦδε
2681 3346 2943 3427 γαμϐρῶν
2980 3354 3276 3428 πρίγκιπός
3302 3357 3351 3410 τ’
3383 3355 3605 3431 Ἀχαΐας

2346 3439 2448 3494 Καὶ
2481 3438 2723 3494 Σικελῶν
2752 3437 3020 3515 ἄρχοντος
3052 3439 3225 3497 ἄλλου
3255 3442 3515 3521 νυμφίου,

2346 3526 2439 3588 Εἰς
2468 3527 2880 3602 ἀντιπαράταξιν
2913 3531 3041 3597 ἧκεν
3076 3531 3331 3585 Αὐσόνων
3369 3551 3381 3565 ·

2163 3615 2307 3671 9395
2347 3616 2547 3670 Στανὸν
2577 3618 2923 3691 παραμείψας
2955 3614 3032 3686 δὲ,
3068 3620 3285 3674 Σωσκὸν
3318 3620 3518 3696 χωρία,

2343 3706 2440 3758 Καὶ
2473 3704 2810 3780 Πελαγονίας
2846 3703 2902 3760 δὲ
2928 3706 3023 3768 τάς
3048 3705 3305 3771 πεδιάδας

2342 3793 2549 3868 Ἀγχοῦ
2572 3793 2897 3867 Πριλλάπου
2928 3795 3189 3871 φρουρίου
3221 3798 3518 3868 κατεστάθη
3559 3817 3572 3831 ·

2342 3881 2506 3935 Κάκεῖ
2536 3878 2764 3936 συνιδὼν
2798 3883 2873 3944 ὡς
2900 3882 3051 3936 στενά
3080 3883 3131 3937 οἱ
3163 3885 3418 3959 τυγχάνει

2341 3970 2416 4023 Τὰ
2442 3977 2542 4039 τῆς
2571 3970 2748 4045 τύχης
2782 3971 2985 4025 ἅπαντα
3013 3970 3102 4025 καὶ
3132 3969 3322 4047 πλήρη
3355 3971 3546 4044 ζάλης,

2164 4070 2306 4124 9400
2341 4068 2569 4143 Νύκτωρ
2604 4068 2807 4141 ἀπέδρα
2838 4068 2928 4123 σὺν
2959 4072 3130 4143 τέκνῳ
3154 4070 3478 4147 Νικηφόρῳ,

2344 4158 2725 4231 Σκηνούμενον
2760 4158 3065 4232 στράτευμα
3094 4158 3270 4214 λιπὼν
3304 4158 3507 4214 αὐτόθι.

2343 4250 2547 4302 ’Έωθεν
2579 4247 2772 4320 ἀμέλει
2806 4246 2862 4303 δὲ
2892 4246 3290 4324 διεγνωσμὲνου

2346 4336 2429 4390 Τὰ
2456 4334 2615 4391 τοῦδε
2642 4335 2739 4392 τοῦ
2771 4334 3045 4412 δράματος
3079 4337 3139 4392 ἐκ
3168 4342 3274 4392 τῶν
3301 4336 3662 4413 πραγμάτων,

2090 4469 2137 4533 D
2344 4423 2696 4496 Προστίθεται
2733 4427 2828 4497 μὲν
2858 4426 2916 4480 ὲκ
2941 4425 3224 4503 φάλαγγος
3250 4423 3513 4480 δεσπότου

2167 4512 2303 4533 ηιηη
2344 4512 2403 4533 m
2438 4513 2493 4533 cn
2624 4524 2648 4533 ..
2719 4518 2743 4528 ς
2842 4518 2868 4528 ς.
2946 4520 2953 4533 .
3348 4513 3358 4533 1

2167 4512 2308 4567 9405
2344 4512 2407 4567 Ἡ
2438 4513 2747 4586 Ῥωμαϊκοῦ
2775 4518 2872 4569 τοῦ
2901 4520 3092 4588 γὲνους
3120 4513 3429 4587 κατηγμένη

2345 4599 2449 4653 Σὺν
2481 4601 2896 4678 ταγματάρχαις
2928 4600 3149 4675 ἀνδράσι
3179 4607 3224 4656 τ’
3252 4600 3522 4677 ἐριτίμοις

2343 4694 2430 4761 Τῷ
2462 4684 2918 4766 σεϐαστοκράτορι
2949 4691 3321 4765 χαριτωνύμῳ
3355 4709 3369 4723 ·

2343 4779 2430 4833 Ἐν
2465 4780 2548 4842 οἷς
2576 4800 2637 4854 γε
2669 4782 2987 4835 συντέτακτο
3017 4782 3103 4834 καὶ
3134 4785 3262 4844 παῖς
3289 4800 3371 4840 τις
3399 4779 3559 4844 νόθος

2343 4866 2404 4923 Ὁ
2437 4868 2695 4937 Ἰωάννης
2723 4873 2817 4923 τοῦ
2846 4868 3085 4946 φυγάδος
3112 4867 3395 4924 δεσπότου.

2165 4955 2304 5010 9410
2345 4957 2706 5030 Συμμαχικὸν
2741 4957 2951 5030 ξύμπαν
2982 4956 3039 5012 δὲ
3068 4957 3307 5014 Λατίνων
3333 4955 3522 5031 γένους

2346 5044 2450 5099 Σὺν
2483 5044 2710 5120 Ἀχαίας
2743 5047 3088 5122 συσχεθέντες
3120 5046 3421 5120 πριγκίπῳ,

2349 5133 2488 5208 Πρὸς
2517 5134 2607 5188 τὸν
2637 5136 2950 5209 κρατάρχην
2985 5134 3284 5203 ἐστάλησαν
3317 5132 3367 5187 ἐν
3399 5132 3610 5195 πέδαις.

2344 5223 2511 5290 Χώρα
2542 5219 2599 5275 δὲ
2627 5228 2771 5276 πᾶσα
2801 5222 2891 5277 σὺν
2924 5222 3243 5297 πολιχνίοις
3270 5220 3425 5284 ὅλοις

2342 5312 2436 5381 Τῷ
2465 5310 2758 5383 Ῥωμαϊκῷ
2784 5310 3152 5382 καθυπεκλίθη
3181 5314 3385 5385 κράτει.

2166 5399 2307 5454 9415
2345 5397 2587 5471 ’Λλέξιος
2615 5404 2745 5474 γοῦν
2778 5400 2830 5456 ἐν
2862 5398 3207 5474 δομεστίκοις
3244 5400 3404 5474 μέγας

2346 5486 2843 5561 Στρατηγόπουλος
2863 5491 2949 5544 καὶ
2983 5487 3175 5544 Ῥαοὺλ
3209 5488 3461 5557 Ἰωάννης

2342 5575 2448 5634 Καὶ
2478 5576 2673 5653 μέχρις
2699 5576 2867 5649 αὐτῆς
2896 5574 3236 5653 κατέδραμον
3262 5581 3363 5648 τῆς
3387 5576 3615 5653 ’Δρτης,
