4138 6296
284 392 388 448 345

457 511 892 582 Λεηλατοῦντες,
924 504 1261 584 ἐκτρίϐοντες
1293 508 1536 583 ἐσχάτως

457 600 662 672 Χώραν
694 597 929 672 Μιχαὴλ
962 595 1224 653 δεσπότου
1256 598 1347 650 σὺν
1381 593 1686 670 φρουρίοις.

282 692 422 746 9420
462 682 925 760 Σεϐαστοκάάτωρ
957 687 1214 756 Ἰωάννης
1248 682 1293 739 δ’
1324 686 1387 739 αὗ
1418 682 1579 739 πάλιν

462 776 613 848 Πρὸς
646 775 861 847 ΙΙάτραν
894 772 1208 847 ἐστράτευσε
1237 775 1333 842 νὴν
1357 772 1618 847 νεωτέραν

464 866 652 937 "Exora
691 864 805 934 μεθ’
838 861 1003 917 αὐτοῦ
1032 862 1122 916 καὶ
1152 862 1243 917 τὸν
1271 863 1385 915 υἰὸν
1420 858 1706 915 δεσπότου.

467 952 547 1009 Οὔ
580 952 714 1029 φθὰς
756 950 1155 1023 ἐμνημόνευσεν
1186 951 1373 1005 ἀνόπιν
1405 944 1591 1023 Λόγος,

463 1042 651 1101 ⁶Οστις
679 1040 771 1092 σὺν
807 1038 1000 1100 ἄλλοις
1030 1035 1332 1113 ἀπνδράσας
1365 1036 1602 1111 μετρίοις

299 1140 433 1195 9425
468 1136 667 1211 Τρέχει
699 1136 834 1211 πρὸς
869 1136 1034 1189 αὐτοῦ
1062 1134 1265 1211 πατέρα
1293 1136 1384 1190 τὸν
1418 1133 1707 1202 δεσπότην,

466 1228 685 1295 Νήσους
717 1223 1084 1299 περιπλέοντα
1106 1224 1200 1285 τὰς
1235 1221 1627 1300 ἀμφιρρύτους,

466 1317 574 1383 Τήν
606 1318 713 1367 τῶν
744 1310 1073 1390 Κεφαλήνων
1105 1333 1164 1367 τε
1190 1313 1279 1367 καὶ
1309 1313 1412 1380 τήνι
1442 1307 1706 1378 Λευκάδα,

471 1404 719 1476 Ἔρημος
754 1402 825 1454 ὧν
856 1398 1045 1463 ἅθλιος
1074 1402 1253 1474 ἀρχῆς
1287 1397 1564 1472 πατρίδος’

466 1491 614 1547 Ἐπεὶ
644 1486 689 1543 δ’
722 1487 1058 1561 ἐπανέδραμε
1089 1489 1224 1563 πρὸς
1253 1487 1347 1541 τὸν
1379 1488 1605 1560 πατέρα,

301 1582 432 1637 9630
474 1578 575 1632 Σὺν
608 1574 739 1649 τῷδ’
770 1577 1025 1650 ἀθροίσας
1057 1577 1308 1651 στρατιάν
1343 1576 1404 1630 οὐ
1440 1575 1681 1648 μετρίαν,

466 1667 579 1734 Τὴν
609 1666 927 1736 Ῥωμαϊκὴν
958 1662 1228 1733 ἐξελαύνει
1264 1663 1528 1737 μακρόθεν

474 1758 657 1829 ’Ὀρων
688 1756 924 1815 παλαιᾶς
956 1752 1213 1825 Ἠπείρου
1248 1753 1435 1827 μάχης
1463 1752 1637 1825 νόμῳ.

475 1842 653 1899 Ἀλλά
682 1843 1068 1917 χαριτώνυμος
1100 1835 1539 1914 σεϐαστοκράτωρ
1552 1888 1564 1908 ,

472 1933 578 1988 Καὶ
607 1929 758 1985 τοῦδ’
789 1931 974 2005 ἑκυρὸς
1004 1935 1405 1990 Κωνσταντῖνος
1435 1929 1703 2004 Τορνίκης

304 2024 439 2078 9435
475 2023 561 2076 Ἐν
589 2025 656 2095 τῇ
686 2021 973 2093 Λαμψάκῳ
1007 2019 1221 2094 βασιλεῖ
1249 2019 1652 2093 προσηλθέτην

478 2111 569 2164 Καὶ
600 2109 693 2163 τὸν
731 2110 825 2180 μὲν
856 2105 1190 2182 αὐτάδελφον
1224 2106 1387 2161 αὐτοῦ
1418 2108 1516 2173 τὴν
1541 2107 1701 2180 χάριν

475 2200 562 2269 Τῷ
590 2195 899 2267 δεσποτικῷ
928 2201 1130 2250 ταινιοῖ
1161 2196 1401 2269 Λαμπρῷ
1435 2196 1632 2271 στέφει·

468 2287 560 2347 Εἰς
592 2286 742 2357 ἀξίαν
778 2282 837 2338 δὲ
858 2279 1381 2359 σεϐαστοκρατορίας

471 2368 819 2440 Ἀναϐιϐάζει
850 2373 1117 2446 Τορνίκην
1146 2374 1570 2427 Κωνσταντῖνονο

308 2476 432 2530 BHG
470 2470 719 2542 ’Λλέξεον
754 2468 811 2524 δὲ
844 2468 1345 2543 Στρατηγόπουλον
1372 2468 1536 2525 πάλιν

472 2558 572 2621 Εἰς
601 2558 881 2631 Καισάρων
914 2555 1083 2632 ἤγαγε
1111 2557 1366 2630 λαμπράν
1399 2558 1570 2627 ἀξίαν·

466 2648 571 2706 Τὸν
605 2647 846 2720 Καίσαρα
878 2644 935 2700 δὲ
967 2645 1226 2720 σύγγονον
1259 2650 1659 2701 Κωνσταντῖνον

472 2737 570 2797 Εἷς
600 2730 1075 2808 σεϐαστοκράτορα
1103 2734 1193 2787 καὶ
1217 2731 1357 2789 τόνδ’
1390 2733 1590 2807 ἀνάγεν

478 2823 633 2893 Πλὴν
666 2830 997 2901 χρυσουφεῖς
1028 2823 1217 2885 ἀετοὺς
1248 2829 1430 2900 φορεῖν
1459 2823 1611 2895 νέμει

290 2917 436 2973 64έὸ
473 2915 559 2968 Ἐν
588 2919 709 2977 τοῖς
737 2910 1006 2981 πεδίλοις,
1039 2913 1368 2987 παράσημον
1400 2912 1564 2984 ἀξίας.

472 3004 644 3076 Ἦρος
675 3000 719 3055 δ’
751 2999 1169 3074 ἐπιλάμψαντος
1198 2998 1330 3076 ἄρας
1364 3002 1666 3073 Λαμψάκου

482 3089 644 3159 ’Ἁναξ
669 3088 904 3164 Μιχαὴλ
935 3087 1026 3142 σὺν
1062 3088 1451 3163 στρατεύμασιν
1481 3086 1635 3150 ὅλοις

479 3177 908 3253 Ἐπιστρατεύειν
938 3180 1007 3249 τῇ
1042 3177 1441 3231 Κωνσταντίνου
1479 3174 1661 3245 πόλει,

479 3264 552 3323 Ei’
574 3286 689 3327 πως
720 3263 927 3338 δυνηθῇ
968 3268 1256 3333 Λατινικῆς
1288 3264 1477 3325 κακίας

292 3357 444 3411 9450
484 3354 875 3428 Ἑλευθερῶσαι
904 3350 1068 3422 τήνδε
1093 3358 1213 3413 ταῖς
1245 3350 1617 3426 στρατηγίαις.

474 3442 580 3497 Καὶ
608 3442 755 3496 ταῦτ’
786 3440 957 3494 ἐποίει
987 3445 1105 3502 τοῖς
1140 3438 1325 3513 λόγοις
1351 3437 1712 3508 πεπεισμένος

476 3528 601 3605 Οὐχ
627 3530 791 3598 ἦττον
823 3526 962 3602 ἤπερ
992 3533 1071 3599 τῷ
1102 3526 1513 3602 στρατευμάτων
1548 3526 1741 3594 σθένει,

480 3616 708 3693 Ἀνδρὸς
739 3618 976 3673 Λατίνου
996 3614 1193 3686 κλῆσιν
1226 3613 1544 3672 Ἀσελδεκάε

481 3703 650 3760 Πόλιν
682 3702 984 3779 προδώσειν
1022 3701 1237 3778 βασιλεῖ
1264 3702 1635 3778 προφαμένου.

290 3806 447 3860 9455
488 3802 638 3858 Ἐπεὶ
669 3801 716 3856 δ’
745 3800 1155 3873 ἐπεστράτευσεν
1182 3798 1237 3854 ἐτ
1266 3797 1568 3868 Βυζαντίδι,

483 3890 583 3945 Καὶ
613 3893 857 3964 φανερῶς
885 3885 1089 3963 ἔγνωκε
1115 3890 1183 3941 τὰ
1209 3893 1311 3955 τῆς
1341 3888 1572 3956 ἀπάτης,

479 3976 647 4042 Λῦθις
678 3977 1019 4047 ἐπανέζευξεν
1052 3976 1127 4037 εἰς
1156 3972 1230 4029 ἓω
1258 3974 1479 4042 τόπους,

477 4069 642 4130 Ἐνθα
670 4065 988 4139 προσελθὼν
1015 4063 1279 4136 Τορνίκης
1310 4062 1370 4117 ἐκ
1405 4062 1634 4124 Νικαίας

480 4156 562 4209 Δι’
592 4154 863 4227 Ἀρσένιον
898 4152 1146 4227 λιπαρῶς
1174 4147 1457 4221 ἠντιϐὅλει

294 4248 443 4302 9460
482 4244 573 4305 Ὠς
601 4242 863 4318 ἐγκρατὴς
893 4261 1101 4315 γένοιτο
1131 4239 1294 4294 πάλιν
1324 4244 1422 4294 τοῦ
1454 4238 1669 4315 θρόνου·

478 4330 632 4388 Ἐπεὶ
664 4332 767 4406 γάρ
800 4330 1054 4405 ἐστέρητο
1086 4331 1353 4403 ποιμένος
1381 4328 1575 4405 θρόνος

480 4421 639 4494 Ἀρτι
670 4419 921 4483 θανόντος
952 4419 1178 4496 Ἐφέσου
1208 4419 1527 4494 Νικηφόρου

480 4511 579 4571 ’Ός
608 4505 674 4576 δὴ
710 4508 963 4582 μετήχθη
998 4507 1134 4581 πρὸς
1169 4505 1360 4581 θρόνον
1393 4503 1734 4575 Ιόυζαντίδος⁹

481 4599 596 4654 Τοῦ
627 4593 674 4651 δ’
704 4595 986 4670 Ἀρσενίου
1014 4599 1204 4650 τοῦτον
1237 4594 1630 4667 ἀπειπαμένου,

287 4696 445 4751 9465
484 4689 692 4747 Ἐδεῖτο
725 4689 892 4746 πάλιν
923 4688 1084 4747 τόνδε
1113 4686 1298 4745 λαϐεῖν
1329 4692 1420 4746 τὸν
1454 4691 1667 4766 θρόνον·

484 4780 718 4835 Δύσνουν
748 4778 794 4835 δ’
824 4781 996 4852 ἑαυτῷ
1024 4778 1406 4855 ποιμενάρχην
1441 4780 1516 4851 μὴ
1550 4777 1722 4833 θέλων

482 4872 707 4943 Ἂρχειν
742 4867 1017 4944 βασιλεὺς,
1049 4866 1419 4944 παρακλήσεις
1450 4867 1678 4943 ἠκύρου.

486 4957 662 5019 Οὗτος
690 4958 790 5034 γάρ
825 4958 1102 5032 ’Δρσένιος
1136 4955 1208 5012 ὢν
1238 4956 1532 5032 ἀρχιθύτης

487 5046 680 5123 Στέφει
713 5044 946 5120 Μιχαὴλ
976 5050 1055 5116 τῷ
1083 5064 1419 5120 κραταρχιας
1453 5044 1654 5121 στέφει,

284 5137 442 5192 9470
476 5140 711 5205 ’Δνακτα
738 5132 914 5203 δείξας
944 5133 1300 5210 αὐτοκράτορ’
1332 5133 1604 5190 Αὐσόνων·

479 5227 707 5277 Ἔπειτα
738 5220 920 5299 φανεὶς
954 5219 1224 5295 δυσμενῆς
1259 5220 1357 5276 οὐκ
1382 5219 1482 5276 οἶδ’
1522 5222 1673 5283 ὅπως

479 5308 585 5364 Σὺν
633 5308 969 5385 Ἀνδρονίκῳ
1002 5308 1253 5385 Σάρδεων
1287 5310 1551 5386 άρχιθύτῃ

486 5399 629 5472 Πρὸς
660 5396 705 5454 δ’
736 5397 800 5453 αὖ
830 5399 1092 5469 Μανουήλ
1123 5404 1203 5471 τῷ
1232 5398 1687 5469 Θεσσαλονικέων,

487 5490 643 5561 Μονῇ
671 5483 1050 5560 παραδέδωκεν
1080 5486 1238 5542 αὐτὸν
1272 5484 1496 5564 διάγειν,

297 5574 455 5630 9475
493 5575 663 5632 Ἑκὼν
698 5572 971 5636 λελοιπὼς
999 5574 1097 5643 τὴν
1129 5573 1239 5630 λεὼ
1264 5573 1574 5652 προεδρίαν·

490 5667 645 5733 Ὅθεν
683 5660 936 5743 βασιλεὺς
960 5656 1353 5741 ποιμεναρχῶν
1381 5664 1442 5722 τὸ
1476 5662 1660 5743 στίφος

1803 385 1912 437 ΟΕ
1919 383 2167 437 ΒΔΕ-ΕΒ.

1964 506 2018 572 Α
2049 505 2410 578 diripientes,
2441 507 2697 564 vastitati
2729 508 2932 563 dantes

2041 605 2252 658 terram
2282 620 2561 675 arcesque
2590 604 2894 659 Michaelis
2925 603 3182 673 despotze

2042 691 2480 748 Sebastocrator
2508 694 2720 748 deinde
2747 693 3008 747 Joannes

2041 780 2113 834 ad
2145 796 2320 835 novas
2351 785 2559 835 Patras
2592 781 2866 852 produxit
2895 778 3240 843 exercitum,

2041 867 2265 922 habens
2297 869 2355 922 in
2387 869 2663 924 comitatu
2696 868 2885 923 ﬁlium
2917 869 3174 937 despotae

2041 957 2309 1026 spurium
2339 956 2505 1011 illum
2538 958 2607 1011 de
2632 974 2746 1029 quo
2774 962 2925 1011 retro
2956 955 3213 1009 diximus
3248 971 3262 1011 :

2043 1044 2144 1115 qui
2176 1046 2313 1117 fuga
2344 1044 2577 1116 elapsus
2609 1062 2741 1100 cum
2774 1044 2976 1116 paucis
3007 1042 3326 1099 comitibus

2043 1132 2255 1203 raptim
2289 1150 2556 1188 reversus
2584 1140 2673 1187 est
2699 1136 2769 1187 ad
2804 1139 3022 1204 patrem
3054 1132 3377 1201 despotam,

2044 1230 2144 1301 qui
2175 1231 2481 1286 oberrabat
2510 1230 2735 1302 cymbis
2768 1230 2922 1285 circa
2952 1228 3179 1283 insulas

2043 1318 2456 1389 Cephaleniam
2490 1318 2689 1373 infelix
2719 1323 2895 1389 atque
2926 1317 3248 1373 Leucadem

2043 1406 2202 1461 exsul
2236 1411 2293 1462 et
2318 1406 2504 1477 patrio
2536 1406 2823 1478 spoliatus
2855 1423 3050 1476 regno.

2046 1496 2156 1550 Sed
2188 1497 2345 1550 enim
2376 1499 2509 1566 post
2538 1512 2831 1549 reversum
2863 1497 2934 1549 ad
2964 1512 3024 1550 se
3046 1494 3232 1549 ﬁlium

2044 1584 2397 1653 recuperatis
2423 1584 2611 1638 adhuc
2638 1600 2751 1638 non
2786 1585 2973 1655 parvis
3005 1582 3210 1653 copiis,

2044 1672 2359 1726 exercitum
2393 1677 2708 1727 nostratem
2742 1671 2941 1742 procul
2971 1669 3194 1742 expulit

2045 1759 2287 1830 antiqua
2316 1760 2485 1830 Epiro
2516 1760 2695 1815 armis
2725 1759 3095 1815 debellatum.

2045 1848 2475 1903 Sebastocrator
2501 1849 2733 1903 interim
2764 1849 3016 1903 Joannes

2047 1953 2180 1991 cum
2213 1936 2591 1992 Constantino
2623 1952 2821 1991 socero
2848 1937 3094 1992 'l‘ornice

2045 2022 2455 2093 imperatorem
2488 2024 2624 2078 Lam
2632 2023 2791 2095 psaci
2831 2027 3225 2078 convenerunt
3248 2046 3263 2089 ;

2047 2112 2099 2166 is
2121 2118 2314 2167 autem
2338 2113 2570 2167 fratrem
2601 2117 2836 2183 propter
2863 2128 2927 2166 ea
2959 2127 3087 2181 quae
3116 2110 3375 2179 gesserat

2050 2200 2289 2255 sublimi
2321 2200 2601 2271 dignitate
2630 2199 2856 2254 ornavit
2882 2200 3134 2268 despotas
3170 2215 3183 2252 :

2047 2288 2473 2359 Tornicemque
2502 2287 2680 2343 simul
2712 2287 3159 2343 Constantinum

2050 2386 2340 2455 promovit
2367 2387 2437 2439 ad
2469 2384 2727 2440 ofﬁcium
2760 2383 3240 2439 sebastocratoris
3273 2398 3286 2435 :

2048 2471 2126 2526 ite
2157 2490 2185 2522 'l
2212 2471 2472 2526 Alexium
2506 2471 2981 2541 Strategopulum

2050 2560 2356 2630 splendido
2386 2560 2557 2615 titulo
2589 2560 2877 2616 decoravit
2905 2559 3169 2625 Caesaris,

2049 2649 2431 2703 Constantino
2462 2648 2716 2720 denique
2748 2648 2908 2702 fratri
2940 2647 3152 2702 Caesari

2050 2738 2527 2792 sebastocratoris
2558 2736 2766 2791 detulit
2796 2738 3104 2802 honorem;

2051 2840 2256 2879 aureas
2282 2825 2523 2894 insuper
2542 2824 2768 2894 aquilas
2801 2823 3091 2879 concessit

2050 2912 2332 2967 indicium
2364 2912 2667 2983 dignitatis
2697 2917 2923 2983 gestare
2953 2913 3011 2965 in
3035 2909 3262 2965 calceis.

2053 3001 2181 3056 Mox
2208 3016 2342 3055 vere
2372 3006 2588 3071 exorto,
2620 3005 2937 3071 Lampsaco
2967 3000 3275 3055 discedens

2054 3105 2184 3144 cum
2209 3089 2392 3159 copiis
2423 3090 2650 3146 cunctis
2680 3090 2995 3160 imperator
3026 3089 3265 3146 Michael

2055 3178 2617 3249 Constantinopolim
2646 3195 2848 3234 versus
2875 3179 3085 3233 direxit
3117 3179 3260 3246 iter;

2058 3265 2336 3322 nimirum
2369 3272 2712 3337 experturus
2743 3284 2815 3322 an
2846 3271 2970 3323 arte
3001 3265 3209 3322 bellica

2050 3354 2199 3409 hanc
2230 3355 2590 3426 possetjugo
2621 3356 2817 3410 Latino
2849 3356 3192 3413 subducere.

2052 3442 2232 3512 quue
2264 3445 2528 3498 tentabat
2557 3443 2859 3499 confidens
2887 3443 3195 3513 promissis

2050 3539 2233 3607 (haud
2268 3555 2407 3594 sane
2438 3540 2630 3595 secius
2661 3556 2835 3610 quam
2863 3540 3083 3594 viribus
3114 3539 3341 3595 bellicis

2051 3626 2236 3681 Latini
2268 3626 2397 3691 viri,
2430 3627 2523 3682 cui
2554 3645 2760 3684 nomen
2794 3629 3124 3696 Aseldecae,

2054 3716 2256 3769 urbem
2290 3716 2632 3786 spondentis
2662 3717 2829 3772 nobis
2860 3717 3244 3787 proditurum.

2051 3805 2158 3858 Sed
2193 3802 2292 3857 ubi
2313 3804 2559 3858 accessit
2578 3804 2647 3858 ad
2679 3805 2931 3875 Byzantii
2965 3806 3195 3872 moenia,

2054 3907 2233 3962 seque
2262 3892 2569 3962 deceptum
2601 3890 2785 3945 sensit
2815 3890 3146 3961 imperator,

2054 3978 2114 4033 in
2147 3979 2429 4034 orientem
2462 3979 2619 4034 ﬂexit
2650 3995 2887 4034 cursum
2920 3980 3131 4033 denuo.

2056 4066 2138 4120 lbi
2168 4066 2397 4122 Nicena
2425 4068 2484 4121 in
2516 4067 2659 4122 urbe
2690 4066 2923 4122 obvium
2956 4066 3161 4121 habuit

2054 4155 2357 4210 Tornicem
2390 4154 2816 4226 supplicantem
2842 4158 2907 4209 ut
2935 4142 3217 4209 Arsenius

2056 4241 2501 4314 patriarchalem
2533 4244 2727 4299 sedem
2759 4246 3144 4315 recuperaret.

2056 4332 2199 4387 Nam
2231 4331 2513 4387 destituta
2545 4331 2798 4388 Ecclesia
2828 4336 3055 4404 pastore
3083 4330 3271 4385 fuerat

2058 4426 2287 4476 mortuo
2316 4438 2503 4493 nuper
2536 4422 2786 4494 Ephesio
2816 4421 3137 4492 Nicephoro

2058 4508 2219 4563 illinc
2246 4511 2529 4566 translato
2558 4511 2629 4565 ad
2663 4511 2860 4566 sedem
2891 4508 3297 4581 Byzantinam;

2058 4614 2235 4669 quam
2268 4614 2398 4654 cum
2440 4599 2721 4655 Arsenius
2752 4603 2958 4670 sponte
2989 4597 3363 4664 deseruisset,

2062 4712 2218 4750 nunc
2240 4712 2301 4751 se
2331 4696 2558 4751 volebat
2589 4713 2793 4751 rursus
2824 4695 2881 4749 in
2913 4711 3038 4750 eam
3070 4694 3321 4749 restitui.

2060 4782 2274 4838 Verum
2316 4784 2610 4839 infensum
2638 4784 3024 4855 patriarcham
3059 4798 3342 4853 respuens

2062 4870 2298 4926 obtrudi
2329 4872 2442 4927 sibi
2472 4872 2711 4928 Michael
2746 4872 3055 4939 abnuebat,

2063 4958 2166 5014 Hic
2189 4976 2327 5016 sane
2355 4961 2637 5016 Arsenius
2668 4961 2924 5033 pontifex
2953 4962 3092 5016 dum
3126 4963 3281 5015 esset

2064 5048 2285 5119 regiam
2318 5065 2589 5104 coronam
2621 5049 2883 5105 Michaeli
2914 5049 3295 5121 imposuerat,

2064 5139 2510 5210 Romanumque
2541 5139 2752 5192 fecerat
2780 5137 3214 5207 imperatorem.

2068 5224 2199 5279 Mox
2229 5225 2495 5282 Michaeli
2523 5226 2716 5283 nescio
2743 5243 2846 5281 cur
2870 5226 3072 5294 iratus,

2067 5330 2203 5370 cum
2233 5317 2564 5372 Andronico
2584 5316 2848 5371 Sardium
2870 5317 3164 5387 episcopo,

2064 5407 2122 5457 et
2149 5403 2411 5460 Manuale
2440 5404 2967 5474 Thessalonicensi,

2062 5492 2131 5545 ad
2166 5494 2502 5549 monasterii
2534 5492 2791 5565 quietem
2832 5510 2893 5548 se
2921 5491 3265 5560 contulerat,

2063 5585 2269 5651 sponte
2296 5580 2540 5639 dimissa
2568 5580 2885 5651 Byzantina
2914 5582 3072 5637 sede.

2063 5666 2247 5732 Quare
2267 5672 2584 5745 imperator
2611 5685 2681 5727 ex
2709 5668 2915 5742 synodi
2946 5670 3236 5727 sententia

3579 372 3683 426 3&6
