4138 6296
472 386 577 440 347
1684 387 2054 440 ΕΡΗΒΕΜΙΙ
2100 395 2106 424 ι

2236 383 2669 439 ιοΝΟαΒΑΡΗι
3766 380 3870 433 348

471 510 906 582 metropolitani
938 509 1150 580 Ephesi
1182 510 1577 583 Nicephorum

2136 507 2190 573 Α
2395 506 2712 582 Νικηφόρον
2745 504 3010 580 πρόεδρον
3045 501 3154 560 ὅντ’
3181 505 3435 582 Ἐφεσίων

473 600 541 654 ad
574 598 925 671 Byzantinas
951 597 1169 653 infulas
1192 599 1590 654 transtulerat.

2391 597 2503 663 Τῆς
2536 595 2938 649 Κωνσταντίνου
2967 592 3269 649 δεικνύουσι
3300 594 3632 669 προστάτην.

469 686 634 742 Nunc
668 686 999 757 postulante
1032 703 1237 741 rursus
1271 687 1541 753 utilitate,

2388 684 2536 738 Ἐπεὶ
2570 681 2615 737 δ’
2642 682 3025 759 ἐλειτούργησε
3053 689 3133 755 τῷ
3162 685 3339 759 χρεὼν
3372 684 3515 754 τότε,

471 774 671 829 volens
702 773 927 839 nolens,
961 778 1026 828 ut
1056 774 1291 842 dicitur,
1334 775 1579 829 Tornice
1608 777 1831 842 orante,

2209 773 2351 826 9480
2388 772 2558 825 Ἐκὼν
2594 773 2760 843 ἄκων,
2793 774 2866 833 ὣς
2900 794 3047 849 φασι,
3077 772 3255 834 λιτιοῖς
3288 773 3523 845 Τορνίκη

470 864 665 918 sedem
690 862 932 917 Arsenio
965 862 1155 917 reddit
1184 862 1523 932 imperator.

2388 860 2642 935 Ἀρσενίῳ
2673 858 2889 915 δίδωσιν
2924 862 3047 933 ἄναξ
3078 862 3168 915 τὸν
3195 862 3402 934 θρόνον,

472 949 569 1003 ΙΙίο
602 949 711 1003 fuit
740 948 879 1003 dicti
909 948 1095 1003 exitus
1132 948 1368 1019 negotii.

2387 953 2566 1003 Ταῦτα
2600 950 2692 1021 μὲν
2726 948 2868 1003 οὕτω
2896 944 3255 1021 συμϐέϐηκεν,
3288 950 3363 1010 ὡς
3390 944 3544 1026 ἔφην·

468 1038 746 1093 Idoneum
782 1040 983 1108 postea
1004 1035 1315 1092 collectum
1345 1037 1659 1093 exercitum

2392 1036 2709 1111 Στράτευμα
2738 1034 2784 1091 δ’
2810 1035 2935 1107 ἄναξ
2966 1037 3146 1091 ἱκανὸν
3178 1036 3485 1104 συναλίσας,

470 1125 876 1197 StrategOpulo
903 1124 1115 1179 Caesari
1146 1126 1531 1193 demandans,

2390 1127 2489 1182 Καὶ
2522 1130 2681 1180 τοῦτο
2715 1124 2839 1188 δοὺς
2875 1126 3092 1200 Καίσαρι
3126 1124 3610 1201 Στρατηγοπούλῳ

466 1215 626 1269 misit
654 1215 724 1270 ad
755 1214 1067 1283 Hesperios
1097 1214 1470 1269 debellandos
1502 1213 1721 1267 hostes.

2211 1226 2353 1280 9485
2390 1229 2525 1287 Καθ’
2558 1222 2816 1299 ἐσπερίων
2846 1223 3160 1301 ἐκπέπομφε
3188 1221 3420 1277 δυσνόων

468 1312 667 1367 Obiter
698 1320 891 1367 tamen
922 1318 979 1366 et
1012 1312 1349 1383 Byzantium
1384 1311 1569 1367 visere

2390 1311 2541 1379 Πλὴν
2573 1310 2624 1365 ἐν
2658 1312 2915 1386 παρέργῳ
2945 1312 3032 1365 καὶ
3067 1309 3365 1380 Βυζαντίδα
3396 1312 3592 1387 φθάσαι

458 1400 660 1469 jussit,
689 1404 746 1455 ct
776 1399 858 1454 illi
888 1400 1079 1455 minas
1113 1404 1427 1455 ostentare.

2391 1401 2487 1457 Καὶ
2517 1399 2640 1474 τῇδ’
2672 1399 2924 1473 ὁμοκλὴν
2965 1398 3298 1474 προσδράσαι
3331 1399 3641 1473 παρηγγύα·

470 1491 583 1545 Res
615 1489 696 1543 ita
720 1493 809 1544 est
840 1493 989 1543 acta.
1024 1489 1215 1544 Caesar
1242 1488 1379 1542 illuc
1410 1487 1650 1543 veniens

2389 1489 2645 1562 Ὑπῆρξεν
2679 1488 2840 1542 οὕτω·
2870 1488 2959 1543 καὶ
2989 1491 3190 1565 φθάσας
3216 1494 3417 1562 Καῖσαρ
3447 1487 3609 1543 πόλιν

471 1579 713 1633 armatis
744 1593 981 1631 vacuam
1008 1578 1391 1647 deprehendit
1423 1578 1644 1642 urbem,

2389 1578 2630 1649 Ἔρημον
2665 1577 2810 1650 εὗρεν
2846 1576 3085 1631 ὁπλιτῶν
3119 1576 3449 1648 οἰκητόρων,

472 1666 610 1737 quia
640 1665 811 1736 paulo
835 1670 968 1721 ante
999 1665 1206 1721 classis
1239 1666 1495 1736 profecta
1517 1668 1643 1719 erat

2212 1666 2353 1719 9490
2391 1665 2534 1739 Πρὸς
2570 1666 2805 1740 βραχέος
2837 1670 2982 1738 σφῶν
3016 1665 3067 1720 ἐν
3100 1665 3279 1738 στόλῳ
3308 1664 3694 1719 πεπλευκότων

470 1758 542 1811 ad
575 1754 943 1825 spoliandam
975 1753 1228 1809 insulam
1264 1753 1683 1824 Dapbnusiam.

2394 1756 2514 1810 Ἐπὶ
2548 1756 2827 1811 σκύλευσιν
2860 1754 3077 1827 νησίδος
3110 1755 3440 1832 Δαφνουσίας

468 1844 541 1899 Ut
573 1860 709 1915 ergo
745 1849 915 1899 noctu
949 1844 1197 1899 accessit
1224 1844 1295 1898 ad
1323 1844 1537 1897 muenia
1568 1846 1756 1897 Caesar

2137 1846 2184 1910 B
2393 1845 2479 1906 Ὡς
2510 1843 2690 1899 τοίνυν
2721 1846 2822 1913 ἧκε
2851 1845 3039 1906 νυκτὸς
3072 1845 3145 1905 εἷς
3174 1844 3376 1912 ταύτην
3407 1842 3568 1898 πόλιν

467 1934 711 1989 comites
743 1932 967 1987 habens
1000 1933 1286 2004 quosdam
1318 1947 1385 1986 ex
1416 1933 1559 1986 urbe
1599 1932 1894 2001 perfugas,

2388 1934 2574 2006 ’Έχων
2604 1930 2840 1994 ὀπαδοὺς
2874 1930 3110 2010 φυγάδας
3139 1930 3338 2002 ταύτης
3369 1934 3598 2004 Καῖσαρ,

469 2023 539 2076 ab
576 2020 669 2075 his
698 2020 808 2075 fuit
838 2020 1050 2076 certior
1070 2021 1281 2089 factus,
1311 2036 1441 2075 esse
1466 2019 1789 2090 antiquitus

2388 2023 2573 2095 ’Έγνω
2604 2022 2731 2092 παρ’
2763 2020 2934 2075 αὐτῶν
2968 2020 3042 2081 ὡς
3076 2022 3183 2090 ὀπή
3214 2041 3297 2081 τις
3327 2018 3580 2095 τυγχάνει

470 2109 681 2164 urbani
717 2108 1011 2179 quoddam
1046 2108 1198 2162 muri
1232 2109 1492 2163 foramen
1525 2112 1751 2178 patens.

2209 2120 2353 2172 9495
2390 2119 2538 2172 Κατά
2568 2139 2630 2193 γε
2656 2123 2843 2192 τεῖχος
2873 2113 3249 2190 συμϐεοηκυῖα
3274 2116 3464 2172 πάλαι.

470 2197 745 2252 Protinus
775 2212 910 2267 ergo
944 2196 1169 2251 adstitit
1198 2196 1280 2249 illi
1305 2196 1429 2251 loco
1466 2212 1479 2251 :

2388 2207 2698 2280 Ἐφίσταται
2732 2211 2862 2281 γοῦν
2952 2206 3121 2281 τάχος
3154 2207 3289 2275 πρὸς
3318 2206 3409 2260 τὸν
3440 2203 3634 2275 τόπον,

471 2286 571 2341 ubi
602 2286 995 2355 introgressus
1030 2300 1133 2354 per
1163 2285 1426 2339 foramen
1461 2282 1629 2338 miles

2386 2293 2485 2347 Καὶ
2519 2292 2588 2347 δι’
2620 2295 2757 2361 ὀπῆς
2789 2315 2871 2356 τις
2900 2292 3132 2363 ὁπλίτης
3161 2293 3557 2368 προσερπύσας,

469 2374 715 2444 reliquis
745 2373 916 2427 sociis
945 2372 1113 2427 valde
1153 2373 1455 2427 audaciam
1489 2372 1681 2442 auxit;

2387 2383 2579 2446 Ἐνῆκε
2610 2385 2805 2456 θάρσος
2835 2380 2895 2435 οὐ
2928 2380 3104 2457 βραχὺ
3133 2379 3499 2441 συνοπλίταις·

468 2465 551 2519 ita
580 2469 645 2520 ut
675 2464 832 2519 aliud
866 2480 996 2519 mox
1030 2464 1345 2534 penetrarit
1375 2462 1584 2529 miles;

2385 2471 2496 2527 Εἶτ’
2526 2468 2696 2532 ἄλλος
2731 2470 3060 2545 είσείρπυσεν
3095 2470 3330 2539 ὁπλίτης
3355 2466 3542 2539 πάλιν,

467 2554 677 2609 deinde
707 2554 937 2619 tertius,
975 2558 1152 2623 atque
1190 2553 1261 2607 ad
1292 2557 1619 2607 extremum
1654 2550 1990 2621 quindecim
2020 2567 2033 2604 :

2022 2567 2033 2604 ἶ
2207 2562 2348 2617 9500
2388 2561 2486 2614 Καὶ
2521 2557 2685 2613 πάλιν
2718 2557 2914 2625 ἄλλος,
2944 2558 3033 2612 καὶ
3063 2558 3217 2631 τριὰς
3248 2562 3353 2611 ποῦ
3382 2554 3656 2611 πενταδων

468 2650 569 2722 qui
601 2649 878 2705 continuo
910 2649 1176 2703 refractis
1210 2649 1502 2703 introrsus
1533 2647 1719 2718 portis

2386 2647 2517 2704 Εἶτα
2544 2645 2969 2722 καταρῥάξαντες
3002 2645 3151 2701 οὗτοι
3178 2645 3273 2709 τὰς
3302 2645 3478 2707 πύλας

474 2742 772 2809 patentem
801 2737 1030 2792 cunctis
1060 2736 1244 2807 copiis
1278 2737 1541 2791 fecerunt
1580 2735 1829 2791 aditum.

2384 2735 2605 2805 Ἑᾳστην
2638 2733 2918 2809 παρέσχον
2950 2731 3156 2789 εἴσοδον
3189 2732 3385 2795 πάσαις
3415 2732 3582 2795 ἴλαις,

474 2830 544 2879 At
564 2826 717 2881 cives
742 2825 1059 2897 improviso
1090 2823 1341 2897 perculsi
1374 2842 1510 2880 casu

2386 2824 2452 2880 Οἱ
2485 2821 2531 2877 δ’
2563 2822 2710 2884 ἐντὸς
2742 2821 2791 2876 ἐν
2822 2820 3058 2897 δράματι
3097 2820 3499 2896 κατεπτηχότες

470 2915 529 2969 in
554 2914 949 2970 subterraneis
980 2914 1169 2985 adytis
1202 2914 1482 2985 cellisque
1510 2912 1726 2967 abditis

2386 2913 2479 2973 Εἷς
2517 2919 2620 2986 γῆς
2656 2910 2865 2985 μυχοὺς
2898 2906 3073 2981 ἔδυον,
3108 2910 3183 2971 είς
3212 2914 3381 2964 στοῶν
3420 2908 3581 2984 βάθη,

474 3002 535 3056 in
566 3002 799 3073 angulis
836 3002 1101 3057 obscuris
1132 3002 1432 3071 sacrisque
1462 3000 1702 3071 templis

2210 3004 2352 3057 9505
2389 3000 2479 3062 Ei;
2512 2999 2855 3077 ἀποκρύφους
2884 3000 2972 3055 καὶ
3008 3000 3282 3061 σκοτεινὰς
3313 2998 3534 3072 γωνίας,

468 3090 559 3146 vel
590 3089 962 3146 monasteriis
999 3095 1183 3146 semet
1212 3090 1653 3145 abstrudebant.

2388 3089 2480 3152 Εἷς
2509 3088 2686 3164 ἱερούς
2716 3090 2762 3143 τ’
2795 3090 2857 3143 αὖ
2882 3088 2971 3143 καὶ
3004 3083 3331 3160 σεϐασμίους
3363 3085 3586 3161 δόμους.

470 3179 710 3233 Latinus
742 3183 937 3233 autem
968 3182 1158 3232 Caesar
1188 3177 1503 3230 Balduinus

2133 3185 2176 3251 (ξ
2389 3175 2725 3239 Βαλδουῖνος
2758 3174 2802 3231 δ’
2836 3175 3060 3251 ὥρμησε
3090 3174 3372 3246 λατινάναξ

468 3267 686 3322 cursim
718 3283 780 3321 se
810 3264 1036 3337 regium
1068 3263 1317 3320 contulit
1346 3265 1415 3318 ad
1451 3262 1757 3335 palatium,

2389 3268 2511 3322 Ἐπὶ
2545 3264 2816 3341 μεγάλους
2844 3266 2931 3320 καὶ
2971 3262 3283 3340 βασιλείους
3314 3263 3540 3337 δόμους,

468 3372 538 3410 ex
568 3370 684 3425 quo
716 3354 887 3409 celeri
919 3368 1062 3408 nave
1083 3352 1143 3407 in
1174 3353 1423 3423 patriam
1451 3352 1620 3423 fugit.

2387 3355 2508 3430 Ἀφ’
2537 3356 2610 3407 ὧν
2643 3355 2811 3431 φυγὰς
2844 3350 3068 3408 ἔπλευσε
3095 3354 3228 3425 πρὸς
3257 3355 3355 3423 τήν
3387 3349 3640 3428 πατρίδα.

468 3443 713 3497 Interim
742 3446 939 3497 noster
975 3441 1144 3497 miles
1176 3440 1465 3512 spoliabat
1488 3440 1714 3505 urbem,

2207 3454 2348 3509 9510
2388 3452 2704 3524 Στράτευμα
2733 3448 2778 3505 δ’
2810 3450 3063 3505 ἐσκύλευε
3088 3450 3375 3523 Ῥωμαίων
3409 3447 3570 3504 πόλιν

466 3530 590 3585 vias
630 3546 1012 3595 concursans,
1039 3529 1197 3585 vicos
1217 3533 1273 3585 et
1308 3529 1675 3600 angiportus,

2383 3538 2590 3609 Ταύτης
2616 3539 2763 3593 ἐπιὸν
2795 3539 2885 3593 καὶ
2917 3537 3224 3600 στενωποὺς
3251 3538 3341 3593 καὶ
3373 3533 3611 3614 τρίϐους.

465 3617 595 3673 Jam
629 3635 755 3689 quae
786 3619 859 3673 ad
892 3618 1289 3688 Dapbnusiam
1320 3616 1526 3672 classis
1555 3616 1738 3671 iverat

2383 3629 2443 3685 Ὁ
2475 3625 2521 3682 δ’
2551 3626 2929 3689 ἐκπεπλευκὼς
2960 3627 3037 3689 εἷς
3068 3626 3405 3704 Λαφνουσίαν
3441 3626 3638 3690 στόλος

469 3706 739 3777 cognovit
768 3707 933 3761 urbis
965 3723 1162 3761 casum
1197 3707 1350 3776 apud
1382 3705 1693 3777 Anaplum,
2384 3718 2512 3773 Κατ’
2543 3714 2815 3771 ἀνάπλουν
2844 3715 3000 3791 γνοὺς
3042 3711 3425 3789 συμϐεϐηκότα
3453 3714 3636 3787 πόλει,

467 3795 801 3867 raptimque
832 3796 905 3850 ad
931 3796 1059 3865 ejus
1080 3795 1323 3851 tutelam
1348 3794 1677 3850 advolabat.

2384 3806 2590 3879 Τάχιον
2623 3803 2817 3859 ἐκπλεῖ
2843 3800 3087 3882 προσϐοη
3100 3806 3277 3875 θήσων
3305 3803 3486 3876 πόλει,

464 3882 679 3937 Verum
704 3885 830 3953 jam
865 3888 1063 3939 noster
1093 3882 1260 3939 miles
1285 3884 1520 3939 Latinas
1542 3884 1747 3938 domos

2206 3897 2348 3952 9515
2382 3892 2537 3950 ἈλΑ’
2568 3893 2600 3960 ἠ
2633 3893 2855 3965 στρατιᾶ
2884 3893 3186 3957 λατινικαῖς
3217 3892 3410 3955 οἰκίαις

464 3972 599 4042 igne
628 3972 890 4042 subjecto
922 3977 1163 4028 cunctas
1195 3973 1607 4028 concremabat
1635 3986 1649 4025 :

2384 3984 2588 4040 Ἐνιᾶσι
2616 3987 2722 4056 πῦρ
2750 3983 2840 4037 καὶ
2870 3980 3131 4059 φλὲγουσι
3161 3983 3255 4044 τὰς
3288 3980 3441 4043 ὅλας·

468 4076 594 4129 quae
626 4076 719 4115 res
750 4076 778 4115 e
812 4062 959 4116 mari
992 4060 1194 4133 procul
1228 4066 1489 4133 spectata
1519 4058 1703 4130 Italis,

2382 4074 2548 4146 Ὅπερ
2579 4072 2757 4126 θεαθὶν
2789 4058 3019 4132 Ἰταλοῖς
3047 4070 3136 4126 καὶ
3172 4070 3457 4144 μακρόθεν,

468 4148 679 4203 horum
703 4148 964 4204 cohibuit
995 4151 1297 4219 impetum,
1330 4148 1610 4220 dispersit
1650 4148 1919 4215 classem,

1910 4189 1919 4214 ν
2383 4162 2590 4235 Ὀρμήν
2622 4161 2837 4234 ἀπεῖρξε
2866 4160 2956 4214 καὶ
2988 4158 3289 4214 σκεδαννύει
3328 4157 3544 4213 στόλον·

464 4244 556 4299 Sic
587 4246 659 4300 ad
691 4245 1016 4302 Romanum
1046 4246 1218 4302 rediit
1247 4246 1560 4317 imperium

2384 4248 2513 4302 Ὑπὸ
2545 4247 2872 4323 κραταρχίαν
2902 4244 2960 4302 δὲ
2990 4248 3182 4303 λοιπὸν
3216 4246 3468 4304 Αὐσόνων

464 4334 996 4406 Constantinopolis
1029 4334 1263 4390 urbium
1295 4333 1512 4404 regina,

2208 4339 2348 4393 9520
2386 4335 2548 4399 Αὖθις
2584 4337 2808 4410 ὑπήχθη
2847 4335 3061 4411 βασιλὶς
3090 4340 3195 4389 τῶν
3224 4335 3423 4390 ἀστέων

469 4421 790 4478 Indictione
821 4426 1053 4493 quarta,
1085 4422 1225 4478 Julii
1259 4422 1482 4477 mensis

2387 4420 2567 4494 Οὔσης
2595 4426 2856 4499 τετάρτης
2890 4422 3227 4487 ῗνδικτιῶνος
3253 4423 3394 4492 τότε,

464 4508 672 4579 quinta
702 4526 881 4581 supra
907 4510 1245 4566 vicesimam
1280 4511 1514 4567 labente
1544 4509 1656 4564 die.

2389 4520 2427 4567 Κ
2468 4512 2482 4532 ‘
2560 4513 2578 4543 ί
2648 4514 2738 4551 ”’-
3092 4515 3101 4533 ’
3237 4515 3249 4535 ’
3346 4510 3402 4567 λί

2132 4544 2182 4607 D
2433 4534 2484 4567 αι
2515 4535 2659 4607 πεντΔ
2688 4534 2912 4607 αίοντος
2944 4535 3197 4607 πεντακις
3256 4516 3339 4607 Ιου
3391 4533 3490 4607 .op,

465 4613 618 4651 anno
650 4613 716 4651 ex
747 4615 858 4668 quo
887 4600 1145 4654 mundus
1178 4600 1292 4655 Deo
1325 4604 1557 4655 creante
1583 4598 1757 4669 coepit

2134 4598 2176 4607 ’
2387 4605 2581 4664 Ἔτους
2614 4598 2661 4656 δ’
2689 4600 3073 4676 ἓπιτρὲχοντος
3105 4603 3284 4677 ἀρχῆς
3316 4600 3402 4656 ἀπ’
3429 4602 3599 4675 ἄκρῆς

462 4684 880 4740 sexmillesimo
912 4691 968 4742 et
997 4686 1532 4758 septingentesimo.

2386 4688 2665 4745 Χιλιάδων
2695 4687 2747 4760 ἕξ
2774 4690 3111 4752 ἑπτακοσίοις
3144 4688 3254 4764 ἅμα

465 4775 858 4843 praetereaque
880 4791 1031 4829 110Πο
1060 4779 1116 4829 et
1142 4777 1519 4848 sexagesimo.
2207 4790 2348 4844 6525
2386 4787 2529 4859 Πρὸς
2564 4784 2609 4841 δ’
2637 4788 2697 4840 αὗ
2731 4787 2845 4849 ἑνὸς
2876 4785 3090 4849 δέοντος
3119 4787 3336 4850 ἑπτάκις
3366 4784 3507 4843 δέκα.

463 4860 583 4913 Sub
615 4858 891 4915 Italorum
914 4862 1173 4917 hostium
1207 4864 1485 4919 dominio.

2385 4858 2639 4951 'Erxﬁpoi'c
2668 4874 2713 4929 δ’
2744 4875 2975 4937 Ἰταλοῖς
3004 4874 3103 4945 ἥδε
3129 4874 3530 4951 τυραννουμένη

464 4947 894 5019 quinquaginta
923 4954 979 5004 et
1009 4954 1135 5005 octo
1168 4967 1350 5007 annos
1382 4954 1589 5009 fuerat.

2382 4947 2559 5021 Ὀκτὼ
2589 4963 2724 5039 πρὸς
2753 4966 3089 5035 πεντήκοντα
3115 4947 3233 5027 τοῗς
3262 4962 3413 5025 ὅλοις
3444 4961 3692 5038 χρόνοις·

461 5045 747 5100 Nimirum
780 5047 894 5102 Deo
926 5047 1194 5104 collibuit
1223 5054 1286 5104 ut
1314 5050 1681 5106 Constantini

2382 5050 2533 5104 Οὕτω
2565 5055 2697 5105 Θεοῦ
2726 5051 3010 5115 νεύσαντος
3030 5054 3063 5120 ἡ
3090 5050 3487 5107 Κωνσταντίνου

463 5134 725 5189 omnium
756 5134 973 5205 linguis
1004 5134 1295 5193 celebrata
1323 5137 1525 5194 civitas

2383 5137 2551 5202 Πόλις
2579 5137 3037 5214 πολυθρύλλητος
3068 5139 3375 5214 ἀνθρώποις
3404 5138 3557 5202 ὅλοις

462 5237 592 5276 vere
625 5223 829 5277 mundi
863 5223 1211 5279 miraculum
1246 5230 1301 5281 et
1323 5242 1600 5298 maguum
1632 5227 1809 5283 decus

2204 5229 2345 5283 9530
2382 5227 2722 5301 Οἰκουμένης
2752 5229 2929 5302 θαῦμά
2956 5251 3013 5284 τε
3042 5231 3127 5284 καὶ
3161 5229 3294 5305 μέγα
3323 5228 3481 5292 κλὲος

458 5308 801 5365 liberaretur
830 5311 1163 5368 Latinorum
1195 5315 1500 5385 tyrannide

2381 5315 2753 5391 ἘΛευθερώθη
2784 5318 3027 5371 Λατίνων
3052 5314 3363 5392 τυραννίδος

459 5398 761 5469 nostrique
790 5399 1020 5473 imperii
1052 5418 1258 5458 rursus
1289 5404 1494 5459 ditioni
1527 5404 1842 5460 accederet.

1803 5409 1842 5459 ί.
2382 5405 2479 5457 Καὶ
2504 5405 2799 5478 Ῥωμαϊκῷ
2830 5405 3197 5477 καςυπεκλίθη
3230 5406 3433 5482 κράτει,

455 5486 701 5542 Michael
733 5487 1053 5561 imperator
1082 5493 1223 5545 tunc
1254 5491 1554 5549 diversans

2380 5496 2475 5565 Τῷ
2508 5490 2563 5548 δὲ
2592 5497 2875 5571 κρατάρχῃ
2905 5493 3134 5569 Μιχαὴλ
3168 5496 3520 5569 σκηνουμὲνῳ

456 5575 525 5629 ad
558 5575 899 5634 Meteorium
931 5579 1119 5636 audiit
1151 5585 1389 5651 repente

2376 5579 2508 5656 Περὶ
2540 5583 2848 5658 Μετεώριον
2872 5580 3093 5653 ἤκουστ⁹
3121 5583 3331 5659 ἀθρόως

455 5660 731 5720 nuntium
760 5680 1045 5724 remoram
1075 5666 1372 5739 voluptate
1402 5666 1640 5742 plenum

2200 5667 2341 5725 9535
2382 5666 2692 5746 Εὐάγγελος
2722 5673 2880 5750 φήμη
2911 5690 2993 5727 τις
3026 5667 3226 5742 ἡδονης
3256 5668 3397 5727 πλέα
