4138 6296
269 416 377 473 353

442 537 790 610 Λυμαντικὸς
818 534 984 598 λύκος
1002 556 1108 603 τις,
1143 535 1202 591 ού
1233 534 1450 609 νομεὺς,
1484 536 1628 601 ὅλως

442 624 876 703 Ηαρεισφθαρεῖς
907 620 1061 679 ἔλαθε
1091 623 1297 699 ποίμνῃ
1331 627 1621 682 Δεσπότου·

257 718 408 773 9635
444 716 543 771 "Ov
572 712 845 774 ἀπελάσας
878 714 1246 776 Κωνστάντιος
1267 718 1364 769 τοῦ
1391 714 1585 790 θρόνου

448 804 524 858 Δι’
556 801 649 863 οὕς
680 822 742 875 γε
770 800 1130 875 προύξένησεο
1164 800 1381 863 ἀδίκους
1410 802 1629 880 φόνους,

439 891 541 949 Καὶ
578 889 795 963 μᾶλλον
830 891 1018 962 οἷσπερ
1051 891 1195 964 ἱερον
1226 893 1430 967 πατρὸς
1462 893 1613 947 νέκυν

439 979 809 1052 Ἀνακομίσας
844 976 992 1033 ὦπτο
1023 984 1150 1033 νυοῦ
1180 979 1442 1055 Κηρύκων

441 1068 535 1129 Εἲς
568 1066 827 1123 Ἀκακίου
863 1066 1135 1143 μάρτυρος
1167 1070 1309 1122 θεῖον
1346 1067 1536 1143 δόμον,

267 1160 403 1214 9640
435 1154 663 1226 ’Ἄδοξον
700 1152 958 1228 Εὐδόξιον
994 1156 1204 1231 Ἀρείου
1238 1157 1397 1232 φίλον

440 1245 821 1314 Ἀντικαθιστᾷ
854 1242 1017 1298 λύκον
1052 1245 1165 1299 ἀντὶ
1199 1247 1480 1319 ποιμένος·

442 1335 535 1395 Ὃς
564 1331 851 1407 τυγχάνων
884 1331 1152 1408 πρόεδρος
1184 1334 1589 1408 Γερμανικείας,

436 1422 565 1477 Εἶτα
594 1420 889 1495 κατασχὼν
922 1420 1268 1496 Ἀντιοχείας
1299 1423 1507 1496 θρόνον,

438 1509 614 1570 Τέλος
644 1513 898 1583 τυραννεῖ
927 1507 1017 1562 καί
1049 1510 1237 1584 θρόνον
1272 1508 1621 1579 Βυζαντίδος.

270 1608 398 1662 9645
436 1608 578 1679 Πρὸς
605 1602 787 1660 τοῖσδε
818 1605 1139 1679 Δημόφιλος
1171 1607 1377 1679 μύστης
1411 1606 1624 1681 Ἀρείου

435 1693 766 1755 Ἐπίσκοπός
797 1715 879 1756 τις
910 1693 1153 1769 Βερῥόης
1182 1702 1281 1763 τῆς
1311 1695 1360 1749 έν
1390 1696 1568 1769 Θρᾴκῃ

436 1782 761 1843 Μετατεθεὶς
793 1778 999 1856 ᾔσχυνε
1021 1783 1120 1850 τὴν
1154 1782 1467 1857 προεδρίαν,

431 1868 614 1945 Οῦπερ
642 1871 703 1924 τὸ
742 1871 894 1945 βιοῦν
926 1870 1357 1945 έκμετρήσαντος
1392 1873 1565 1946 μόρῳ,

430 1958 697 2033 Εύὰργιός
725 1980 806 2020 τις
838 1956 1153 2033 ὀρθοδοξίας
1178 1958 1336 2036 φίλος

266 2048 402 2102 9650
437 2044 738 2120 Προεδρίαν
771 2046 965 2124 εἴληφε
994 2054 1093 2116 τῆς
1124 2050 1529 2103 Κωνσταντίνου

448 2135 578 2207 Πρὸς
612 2135 908 2189 Εὐσταθίου
935 2140 1270 2211 μακαριστοῦ
1302 2136 1585 2209 ποιμένος,

440 2226 614 2285 Ὅστις
647 2224 784 2297 πρὸς
809 2223 1110 2285 Οὐάλεντος
1132 2224 1335 2295 ἐξώσθη
1369 2226 1582 2299 θρόνου,

447 2309 604 2380 Μηδὲ
640 2311 818 2386 βραχύ
843 2334 896 2366 τι
924 2316 1020 2366 τοῦ
1054 2311 1270 2386 λάχους
1299 2302 1645 2388 γεγευμένος,

439 2401 567 2455 Εἶτα
588 2399 826 2471 προέστη
860 2400 1103 2473 κοσμίως
1131 2399 1461 2471 Ἐκκλησίας

274 2488 395 2543 9655
431 2489 492 2544 Ὀ
519 2490 792 2563 γρῆγορος
819 2493 968 2556 νοῦς,
1052 2489 1311 2562 θεηγόρος
1342 2487 1480 2564 λύρα

428 2580 550 2647 Θεῷ
578 2578 821 2645 κινηθεὶς
852 2576 988 2652 πρὸς
1016 2572 1335 2652 κυϐέρνησιν
1370 2577 1589 2652 θρόνου,

431 2670 617 2727 Ὅστις
648 2662 842 2733 ἀνέτλη
878 2664 1101 2737 μυρίους
1129 2664 1257 2726 τοὺς
1296 2664 1578 2728 κινδύνους

433 2755 794 2828 ’Υπερμαχῶν
826 2753 1094 2809 κάλλιστα
1121 2761 1220 2823 τῆς
1250 2754 1597 2825 Ἐκκλησίας’

433 2844 551 2915 Ἐφ’
584 2842 647 2895 οῦ
679 2843 902 2912 συνέστη
934 2843 1070 2897 κατὰ
1092 2840 1429 2899 Μακεδονίου

249 2938 400 2994 9660
442 2939 747 3012 Ἀθροισμα
778 2939 971 2992 σεπτὸν
1004 2937 1229 2993 συνόδου
1257 2946 1355 3008 τῆς
1386 2937 1635 3012 δευτέρας

456 3032 542 3079 Ἐν
575 3024 817 3101 βασιλιδι
847 3030 914 3099 τῇ
949 3028 1357 3083 Κωνσταντίνου
1387 3028 1565 3084 πόλει.

436 3116 783 3190 Αῦθαιρέτως
813 3115 1009 3170 τούτου
1043 3114 1099 3169 δὲ
1132 3116 1392 3179 λιπόντος
1417 3118 1604 3193 θρόνον

440 3204 502 3259 Ἠ
530 3201 753 3267 σύνοδος
784 3203 1001 3278 χρίουσι
1036 3206 1270 3277 ποιμένα
1299 3206 1456 3260 πόλει

434 3292 729 3367 Νεκτάριον
763 3291 1055 3364 λάμποντα
1090 3292 1193 3366 βίῳ
1223 3295 1311 3346 καὶ
1343 3292 1512 3369 λόγῳ,

247 3384 392 3438 9665
441 3379 829 3454 Συγκλητικῶν
857 3401 915 3434 τε
948 3381 1035 3434 καὶ
1070 3378 1365 3453 περιδόξων
1405 3378 1520 3450 ἕνα,

442 3470 829 3543 Χριστώνυμον
863 3469 983 3541 μὲν,
1018 3467 1262 3541 ἀμύητον
1293 3466 1341 3522 δ’
1371 3469 1551 3524 εἷσέτι·

434 3560 530 3609 ’Ὁν
566 3558 677 3628 ἅμα
711 3557 1046 3631 βαπτίζουσι,
1078 3556 1296 3631 χρίουσι
1330 3557 1516 3627 θύτην.

442 3645 626 3718 Οὗπερ
663 3644 1093 3716 μεταλλάξαντος
1134 3644 1336 3720 εύαγῶς
1374 3644 1509 3719 βίον,

437 3731 606 3794 Κλέτς
641 3738 916 3805 μοναστῶν
950 3735 1061 3806 ἅμα
1091 3733 1179 3787 καὶ
1212 3729 1587 3809 πρεσϐυτέρων

240 3826 392 3879 9670
447 3823 632 3894 Στόμα
660 3823 722 3876 τὸ
752 3827 988 3897 χρυσοῦν
1021 3825 1054 3891 ἠ
1090 3820 1371 3883 θεόσδοτος
1403 3824 1590 3897 χάρις,

431 3912 499 3966 ἸΙ
534 3915 637 3964 τῶν
669 3911 850 3985 λόγων
882 3910 1139 3979 θάλασσα,
1174 3910 1329 3986 φύσις
1359 3913 1393 3978 ἡ
1428 3910 1571 3979 ξένη,

434 4000 711 4072 Ααμπτήρ
742 4000 980 4072 καθάπερ
1016 4000 1217 4073 ἀρετῶν
1249 3996 1480 4070 λάμπων
1516 3998 1633 4075 φάει

431 4088 525 4157 Ἐξ
556 4083 851 4161 Ἀντιόχου
880 4086 1217 4161 κατηύγασεν
1252 4086 1448 4147 ένθέως

433 4181 551 4244 Τῆς
582 4175 990 4230 Κωνσταντίνου
1019 4177 1111 4229 τὸν
1143 4174 1466 4248 περικλυτὸν
1501 4176 1712 4249 θρόνον,

256 4274 390 4331 9675
436 4274 510 4329 ’Ἡ
548 4270 759 4343 μᾶλλον
795 4271 963 4326 εἰπεῖν
988 4274 1085 4340 τὴν
1116 4271 1479 4347 τετράκλιμον
1512 4274 1684 4327 κτίσιν

438 4357 826 4421 Διδασκαλίαις
858 4357 1135 4437 φαιδρύνει
1167 4372 1304 4430 καθη
1317 4360 1499 4435 μέραν,

440 4446 788 4519 Οἳκουμένης
820 4445 981 4515 ἤλιος
1013 4445 1084 4501 ὤν
1118 4450 1492 4525 ψυχοτρόφος.

431 4534 513 4591 Οὗ
544 4540 642 4589 τοῦ
675 4535 869 4605 θρόνου
900 4540 995 4612 φεῦ
1031 4535 1042 4591 Ι
1076 4534 1471 4598 ἄπελασθέντος
1503 4534 1705 4610 φθόνῳ,

442 4623 536 4683 Εἷς
568 4620 614 4677 δ’
644 4621 967 4691 ἀλλοδαπὴν
1000 4620 1395 4697 ἐκδιωχθέντος
1421 4625 1591 4699 χθόνα

242 4716 392 4770 9680
434 4713 544 4779 Τήν
578 4710 629 4765 ἐν
662 4714 937 4785 Κομάνοις
963 4710 1198 4786 ἐσχάτην
1228 4711 1478 4786 ἐρημίαν,

438 4802 516 4855 Οὔ
549 4801 875 4873 μακαριστὸν
908 4796 1036 4876 ἔσχε
1065 4800 1155 4853 καὶ
1184 4802 1357 4874 τέρμα
1390 4800 1536 4874 βίου,

438 4888 676 4963 Γηραιὸς
704 4890 994 4961 Ἀρσάκιος
1026 4886 1278 4963 ἔμψυχος
1315 4889 1470 4951 νέκυς

446 4976 591 5047 Πρὸς
624 4974 907 5050 βασιλίδος
932 4976 1288 5051 ἐγκατεστοωη
1324 4975 1496 5050 θρόνῳ

444 5061 728 5134 Εύδοξίας,
761 5070 856 5141 φεῦ
883 5068 997 5127 οἷος
1029 5060 1102 5119 ὤν
1142 5066 1276 5137 μετά
1303 5066 1419 5118 τίνα
1453 5066 1465 5120 l

243 5167 399 5222 9685
444 5164 576 5220 Μετ’
606 5161 759 5230 ἣλιον
802 5162 1041 5233 ζόῳωσις
1068 5162 1163 5217 εἶτ’
1192 5162 1447 5234 ἀκοσμία.

439 5253 652 5309 Τούτου
683 5253 1144 5326 καταστρέψαντος
1175 5253 1226 5307 έν
1262 5252 1434 5327 θρόνῳ
1470 5253 1605 5327 βίον,

442 5335 812 5416 Πρεσϐύτερός
845 5361 925 5401 τις
960 5336 1197 5410 εὐλαϐής
1225 5341 1553 5411 Ἐκκλησίας

433 5431 641 5497 Κλῆσιν
677 5428 944 5494 Ἀττικὸς,
976 5429 1266 5504 ἐμπρέπων
1300 5429 1427 5504 βίῳ,
1461 5430 1640 5506 λόγῳ,

432 5524 646 5593 Κοσμεῖ
676 5517 938 5593 καθέδραν
971 5521 1117 5596 ἱερὰν
1152 5520 1496 5590 Βκζαντιδος.

246 5611 394 5667 9590
438 5610 568 5666 Μεθ’
608 5609 666 5663 ὅν
694 5628 779 5669 τις
815 5606 1078 5669 Σισίννιος
1111 5610 1245 5684 ἀνὴρ
1286 5605 1586 5683 πρεςϐύτης

438 5703 545 5767 Τῆς
577 5699 692 5753 κατ’
728 5694 941 5751 Ἐλαίαν
976 5691 1047 5749 ὥν
1081 5698 1246 5769 θύτης
1276 5697 1589 5770 ἐκκλησίας,

1789 418 2145 473 CBSARES.

1940 543 1995 608 Α
2021 555 2215 603 vorax,
2249 556 2362 594 non
2396 544 2611 611 pastor,
2644 539 2741 595 ille
2772 538 3345 594 Pneumatomachus

2022 628 2080 681 in
2113 643 2348 699 gregem
2381 627 2611 682 Domini
2653 627 2985 683 clanculum
3019 626 3227 698 irrupit
3263 644 3277 682 :

2022 716 2202 770 donec
2233 732 2363 771 eum
2398 717 2535 770 sede
2567 715 2790 787 pepulit
2818 715 3217 785 Constantius,

2020 809 2257 877 propter
2282 809 2545 877 patratas
2579 806 2783 871 credes,
2808 807 2865 858 et
2894 804 3216 875 praesertim

2020 896 2255 964 propter
2282 893 2632 948 translatum
2668 891 3034 947 Constantini
3068 891 3252 962 patris

2021 997 2253 1036 sacrum
2279 982 2525 1036 cadaver
2554 997 2583 1035 e
2614 979 2830 1052 templo
2860 978 3270 1050 Apostolorum

2018 1069 2087 1123 ad
2121 1070 2396 1142 martyris
2426 1069 2617 1125 Acacii
2652 1085 2876 1124 sacram
2910 1069 3090 1123 eadem
3128 1086 3140 1125 :

2026 1168 2451 1239 substituitque
2481 1169 2763 1223 infamem
2795 1167 2932 1222 huic
2967 1167 3289 1223 Eudoxium

2016 1257 2134 1310 Arii
2168 1257 2521 1326 studiosum,
2553 1256 2757 1327 lupum
2792 1272 2895 1327 pro
2927 1260 3196 1327 pastore;

1992 1344 2272 1416 quicum
2303 1345 2508 1400 fuisset
2538 1344 2750 1417 praesul
2781 1344 3179 1413 Germaniciaa,

2016 1432 2435 1487 Antiochenam
2469 1438 2669 1505 postea
2703 1434 2986 1489 tenuisset
3017 1434 3236 1502 sedem,

2010 1521 2260 1593 denique
2290 1528 2345 1577 et
2373 1522 2747 1591 Byzantinam
2779 1521 2976 1592 inique
3004 1521 3236 1577 invasit.

2010 1610 2256 1664 Secutus
2288 1614 2377 1664 est
2407 1608 2786 1680 Demophilus
2817 1610 2932 1664 Arii
2965 1610 3291 1681 discipulus

2010 1698 2108 1769 qui
2139 1713 2206 1752 ex
2238 1698 2574 1769 episcopatu
2608 1697 2940 1752 Berrohoeaa
2971 1698 3244 1753 Threicias

2005 1785 2348 1852 translatus,
2382 1786 2538 1841 hunc
2568 1786 2883 1857 primatum
2917 1786 3206 1842 decoravit
3237 1804 3251 1843 :

1930 1892 1976 1956 B
2008 1884 2175 1953 cujus
2206 1898 2336 1937 cum
2367 1883 2542 1937 vitam
2574 1883 2756 1937 fatum
2790 1883 3141 1955 abrupisset,

2007 1971 2287 2043 Evagrius
2319 1971 2651 2027 orthodoxa:
2679 1976 2850 2028 tenax
2880 1972 3009 2028 ﬁdei

2008 2080 2041 2117 a
2067 2063 2243 2117 beatae
2268 2064 2559 2117 memoriis
2580 2064 2885 2118 Eustathio
2917 2065 3187 2135 episcopo

2009 2150 2068 2205 in
2094 2150 2407 2222 Byzantina
2434 2152 2568 2205 sede
2600 2151 3014 2220 constituitur;

2008 2240 2109 2309 qui
2138 2240 2333 2293 statim
2368 2256 2401 2294 a
2432 2239 2670 2295 Valente
2701 2239 2861 2295 exsul
2892 2240 3151 2311 pellitur,

2011 2344 2082 2381 ne
2112 2344 2316 2397 parum
2347 2327 2583 2398 quidem
2607 2328 2914 2399 degustato
2947 2329 3185 2385 honore.

2010 2414 2223 2469 Deinde
2253 2415 2486 2486 praefuit
2516 2417 2823 2488 magniﬁce
2858 2416 3119 2472 Ecclesia:

2010 2502 2324 2574 Gregorius
2355 2503 2478 2575 lyra
2506 2508 2563 2558 et
2592 2510 2786 2559 animo
2821 2505 3125 2577 theologus

2011 2608 2042 2645 a
2073 2590 2187 2645 Deo
2221 2596 2521 2662 promotus
2550 2593 2620 2647 ad
2647 2592 2802 2646 sedis
2834 2593 3296 2664 gubernaculum
3325 2610 3337 2647 :

2012 2679 2110 2749 qui
2140 2695 2201 2733 se
2233 2679 2558 2735 innumeris
2592 2679 2804 2735 obtulit
2838 2680 3111 2752 periculis

2012 2768 2152 2822 dum
2185 2767 2318 2821 forti
2352 2784 2529 2822 manu
2562 2770 2811 2839 protegit
2840 2768 3182 2829 Ecclesiam.

2009 2855 2129 2908 Sub
2159 2854 2269 2909 hoc
2291 2854 2508 2911 coaluit
2537 2861 2737 2911 contra
2768 2857 3173 2914 Macedoniam

2012 2943 2268 2997 secunda
2296 2943 2528 2998 Patrum
2557 2945 2887 2999 veneranda
2918 2948 3176 3016 synodus

2011 3034 2069 3085 in
2103 3032 2463 3086 Constantini
2496 3033 2654 3102 regia
2675 3033 2999 3104 metropoli.

2010 3119 2285 3191 Gregorio
2317 3125 2523 3190 sponte
2549 3121 2747 3175 sedem
2780 3121 3170 3193 relinquente,

1937 3244 1978 3309 Ο
2016 3209 2277 3309 synodus
2307 3209 2434 3263 urbi
2469 3210 2705 3309 praeficit
2738 3214 3030 3280 pastorem

2016 3296 2348 3351 Nectarium
2380 3298 2493 3351 vita
2522 3302 2578 3351 et
2608 3296 2818 3352 litteris
2852 3299 3190 3369 fulgentem,

2017 3389 2339 3440 senatorem
2372 3384 2625 3440 nobilem
2660 3390 2717 3440 et
2742 3387 3104 3456 optimatem,

2015 3472 2295 3527 asseclam
2327 3472 2563 3538 Christi,
2595 3474 2693 3529 sed
2729 3474 2984 3528 nondum
3016 3474 3310 3531 initiatum
3343 3493 3357 3531 :

2016 3576 2195 3631 quare
2225 3560 2519 3632 baptizant
2552 3562 2727 3616 simul
2759 3566 2814 3616 et
2844 3571 3092 3634 myslam
3127 3569 3373 3634 ungunt.

2015 3659 2204 3727 Atque
2234 3656 2343 3711 hoc
2375 3662 2572 3712 sancte
2603 3658 2779 3713 vitam
2812 3659 3217 3728 concludente,

2015 3745 2432 3800 monachorum
2464 3745 2607 3799 illud
2640 3748 2817 3802 decus
2849 3754 2904 3802 et
2933 3748 3296 3820 presbyterii,

2015 3850 2258 3889 aureum
2292 3849 2378 3899 os,
2410 3833 2635 3887 coalitus
2666 3835 2853 3905 gratia
2882 3837 3036 3902 data,

2016 3939 2174 3977 mare
2206 3921 2568 3990 eloquentiae,
2602 3920 2903 3992 ingenium
2942 3924 3368 3994 prodigiosum,

2011 4010 2295 4064 virtutum
2329 4010 2458 4064 luce
2488 4009 2804 4082 splendens
2830 4016 3109 4082 tanquam
3143 4012 3391 4086 lampas,

2013 4097 2321 4154 Antiochia
2352 4097 2627 4152 divinitus
2659 4098 2875 4153 effulsit

2014 4189 2081 4241 ad
2118 4185 2491 4259 Byzantinam
2525 4186 2987 4242 collustrandam
3021 4190 3218 4244 sedem
3246 4207 3261 4255 ;

2012 4275 2101 4331 vel
2136 4275 2327 4346 potius
2361 4274 2632 4330 universo
2658 4275 2849 4330 illuxit
2883 4278 3120 4346 mundo,

2016 4380 2188 4434 quem
2223 4364 2555 4433 magisterio
2586 4380 2691 4419 suo
2724 4365 2981 4435 quotidie
3011 4364 3329 4436 illuminat,

2018 4468 2151 4506 vere
2183 4451 2435 4506 universi
2467 4451 2627 4507 orbis
2658 4451 2744 4506 sol
2773 4452 3058 4507 viviﬁcus.

2021 4545 2207 4610 Atque
2231 4538 2339 4593 hoc
2366 4540 2502 4593 sede
2533 4540 2602 4593 ab
2630 4540 2841 4595 invidis
2868 4541 3107 4611 expulso

2017 4634 2191 4698 atque
2224 4628 2295 4682 ad
2328 4632 2630 4683 extraneas
2659 4628 2967 4697 proterrito
2994 4629 3281 4699 regiones,

2014 4733 2222 4786 nempe
2253 4716 2322 4770 ad
2352 4717 2720 4770 Comanicam
2754 4716 2919 4771 Ponti
2952 4716 3351 4788 solitudinem,

2016 4805 2117 4859 ubi
2147 4809 2203 4859 et
2232 4805 2468 4859 beatum
2502 4803 2709 4858 habuit
2737 4804 2865 4859 vitae
2892 4804 3249 4874 terminum;

2016 4901 2349 4973 decrepitus
2381 4900 2647 4954 Arsacius
2678 4906 2734 4955 et
2763 4902 2855 4956 vix
2884 4901 3115 4972 spirans

2018 4989 2286 5047 Eudoxiae
2313 4989 2485 5059 jussu
2520 4994 2781 5059 augustas
2812 4990 2867 5044 in
2899 4992 3178 5061 pastorali

2014 5078 2227 5152 (qualis
2261 5081 2389 5149 post
2421 5082 2702 5149 quantum
2732 5079 2769 5150 l)
2802 5082 2895 5133 sed
2930 5081 3344 5151 constituitur;

2017 5183 2227 5239 nempe
2255 5170 2383 5238 post
2413 5164 2593 5222 solem
2624 5167 2873 5222 tenebrae
2904 5172 2963 5223 et
2991 5170 3279 5228 confusio.

2016 5259 2133 5313 Hoc
2162 5256 2339 5311 vitam
2368 5255 2542 5310 simul
2570 5258 2887 5330 sedemque
2915 5258 3299 5331 relinquente,

2015 5346 2240 5401 Atticus
2272 5344 2482 5398 ﬂorens
2515 5345 2775 5400 moribus
2807 5350 2863 5400 et
2890 5345 3122 5415 litteris,

2016 5435 2116 5506 qui
2153 5434 2281 5504 pius
2305 5436 2428 5487 erat
2459 5435 2759 5506 presbyter
2788 5434 3075 5498 Ecclesiae,

2015 5538 2241 5580 sacram
2273 5521 2501 5576 ornavit
2530 5522 2863 5577 cathedram
2901 5523 3179 5593 Byzantii.

2013 5614 2147 5668 Post
2180 5612 2334 5663 hunc
2364 5611 2709 5679 grandaevus
2735 5615 2899 5665 aetate
2927 5611 3242 5681 Sisinnius,

2013 5697 2309 5757 Eccclesize
2342 5698 2615 5753 sacerdos
2648 5700 2715 5753 ad
2751 5700 2949 5754 Oleam
2982 5700 3202 5771 positas,

1937 4587 1983 4651 D

3557 413 3663 471 354
