4138 6296
238 383 348 438 357

422 506 610 566 Ὃσιος
633 502 793 577 ἁνὴρ,
821 501 1123 580 ὀρθοδόξων
1154 505 1482 581 προστάτης,

422 593 626 648 ⁶Οντιν¹
655 592 948 665 ἀναθὲματι
982 596 1057 667 μὴ
1086 594 1441 668 πεπεισμένον

424 675 838 735 Καθυποϐαλεῖν
871 679 1099 737 σύνοδον
1128 678 1442 758 τρισολὸίαν

426 772 516 826 Ἐν
548 766 861 838 Χαλκηδόνι
893 767 1293 834 συναλισθεῖσαν
1326 771 1499 826 πάλαι

228 861 385 917 9755
426 858 589 927 Ἀναξ
624 855 972 919 Ἀναστάσιος
1000 854 1244 914 ἐκϐαλὼν
1279 859 1496 936 θρόνου,

425 947 656 1015 Τίθησιν
687 945 955 1021 ἐξόριστον
988 945 1163 1019 ἀδίκῳ
1192 945 1336 1022 δικῃ·

420 1037 801 1103 Ἀντικαθιστᾷ
825 1033 871 1088 δ’
902 1033 977 1096 εἲς
1008 1036 1201 1108 θρόνον
1233 1033 1558 1105 Βυζαντίδος

423 1126 641 1176 Σκευῶν
679 1122 841 1195 μὲγαν
875 1122 1089 1200 φύλακα
1116 1130 1216 1193 τῆς
1252 1122 1579 1194 Ἐκκλησίας

428 1214 577 1265 Θεῖον
610 1207 945 1265 Μακεδόνων
977 1209 1035 1265 ἐκ
1063 1207 1460 1286 πρεσϐυτέρων

252 1303 393 1357 9760
428 1302 520 1357 Ὃν
551 1300 812 1369 ἀθετῆσαι
846 1299 1119 1374 μηδαμῶς
1151 1303 1259 1376 ᾑρη
1274 1304 1431 1375 μᾶνον

422 1388 728 1460 Εἰρημὲνον
762 1386 1013 1460 σύστημα
1043 1394 1250 1444 σεπτῶν
1280 1390 1558 1464 Πατέρων,

420 1476 520 1537 Εἷς
553 1475 807 1551 Εὐχάϊτα
837 1474 1121 1552 φυγαδεύει
1151 1479 1252 1547 τήν
1283 1474 1471 1534 πόλιν.

426 1566 700 1638 Τιμόθεον
734 1562 781 1618 δ’
809 1563 999 1637 ἄτιμον
1034 1564 1391 1641 ἐγκαθιδρύει,

426 1653 602 1723 Θύτην
640 1654 735 1726 μὲν
767 1649 913 1723 ὄντα,
949 1654 1328 1731 σκευοφύλακά
1356 1657 1397 1709 θ’
1432 1656 1544 1727 ἅμα

238 1753 382 1806 9765
417 1748 750 1817 Ἑκκλησίας
780 1749 930 1823 πρὶν,
962 1751 1230 1825 αἱρετικὸν
1262 1750 1308 1805 δ’
1333 1752 1398 1806 αὖ
1430 1748 1614 1820 σὲϐας,

425 1836 788 1912 Ὀρθόφροσιν
819 1840 990 1913 ἄχθος
1020 1860 1073 1893 τι
1106 1840 1332 1917 φανέντα
1366 1841 1524 1915 μέγα.

422 1926 631 1980 Τούτου
659 1927 1129 2001 καταστρέψαντος
1156 1928 1361 1991 ἀθλίως
1398 1930 1536 2003 βίον,

433 2016 690 2085 Ἰωάννης
719 2014 1027 2090 σύγκελλος
1062 2018 1174 2089 ἅμα
1202 2020 1290 2073 καὶ
1325 2018 1514 2089 θύτης,

440 2102 579 2157 Υὲνει
610 2101 978 2173 Καππαδόκης
1010 2102 1090 2172 δὲ,
1123 2100 1390 2178 λαμϐάνει
1424 2106 1635 2179 θρόνον

270 2192 407 2246 9770
446 2192 613 2268 Οὗπερ
639 2191 1068 2261 τελευτησαντος
1102 2192 1151 2247 ἐν
1184 2192 1467 2269 προεδρίᾳ,

441 2282 756 2353 Ἐπιφάνιος
787 2278 1031 2357 ἐμφανὴς
1062 2280 1133 2335 ὣν
1166 2287 1257 2335 τὸν
1293 2281 1406 2356 βίον

436 2364 808 2444 Πρεσϐύτερος
841 2368 1143 2443 σύγκελλος
1173 2368 1301 2445 ἔσχε
1328 2371 1418 2425 τὸν
1451 2372 1662 2445 θρόνον.

429 2457 640 2513 Τούτου
682 2456 937 2521 θανόντος
970 2458 1232 2530 ”Λνθιμος
1261 2461 1669 2533 Τραπεζοῦντος

429 2541 733 2615 Ἑπιϐάτης
764 2542 1004 2599 δὲδεικτο
1034 2549 1132 2600 τοῦ
1165 2551 1361 2601 σεπτοῦ
1394 2548 1607 2621 θρόνου,

250 2643 387 2697 9775
428 2643 621 2701 Νοσῶν
656 2636 904 2716 Σεϐήρου
933 2642 1021 2697 καὶ
1057 2641 1358 2717 Διοσκόρου
1388 2642 1568 2713 νόσον,

426 2732 523 2787 ‘Ov
555 2731 859 2805 Ἀγαπητὸς
889 2729 1133 2794 καθελὼν
1163 2733 1383 2803 Ῥώμης
1411 2734 1613 2795 πάπας.

432 2819 528 2880 Εἷς
558 2818 934 2894 ποιμενάρχην
962 2822 1062 2888 τῆς
1098 2818 1380 2895 βασιλίδος
1413 2820 1556 2896 χρίει

429 2908 619 2977 Μηνᾶν
654 2905 805 2982 λόγῳ
838 2907 1125 2980 λάμποντα
1153 2908 1241 2962 καὶ
1280 2910 1383 2983 βίῳ
1413 2906 1577 2964 πλέον

428 2993 758 3066 Ἐκκλησίας
788 2996 1056 3073 τρόφιμον
1085 2992 1213 3050 ὄντα
1241 2997 1330 3051 καὶ
1365 2998 1529 3068 θύτην

237 3085 391 3139 9780
431 3080 810 3159 Ἀλεξανδρέα,
839 3088 947 3138 τῶν
980 3086 1220 3157 Σαμψὼν
1255 3083 1563 3160 ξενοδόχον.

429 3169 609 3246 Οὗπερ
640 3171 1072 3244 μεταλλάξαντος
1104 3172 1307 3247 εὐαγῶς
1342 3173 1458 3248 βίον

430 3258 696 3334 Εὐτύχιός
726 3280 809 3321 τις
838 3262 926 3315 καὶ
966 3263 1238 3333 μοναστής
1269 3263 1356 3315 καὶ
1388 3261 1551 3333 θύτης

429 3349 619 3417 Μονῆς
647 3350 767 3402 κατ’
795 3348 1087 3421 Ἀμάσειαν
1121 3348 1495 3425 εὐαγεστάτης,

425 3435 612 3509 Λόγων
646 3438 856 3511 ἑταῖρος
887 3439 1083 3512 ἀρετῆς
1113 3441 1163 3493 τ’
1195 3439 1258 3492 αὗ
1289 3438 1542 3514 ἐργάτης,

244 3536 389 3590 9785
426 3534 644 3607 Νομιὺς
674 3535 870 3609 ἀγαθὸς
903 3536 1052 3590 ὧπτο
1087 3542 1320 3610 Χριστοῦ
1348 3539 1697 3613 θρεμμάτων·

424 3626 543 3700 Ἐφ’
574 3625 635 3679 οὗ
666 3646 728 3699 γε
757 3624 1015 3697 πέμπτης
1047 3624 1274 3681 συνόδου
1309 3634 1454 3690 θεῖον
1488 3630 1670 3707 στίφος

428 3713 631 3773 Καλῶς
659 3713 873 3777 ἀλισθέν
910 3714 961 3769 ἐν
995 3712 1237 3789 βασιλίδι
1270 3714 1428 3771 πόλει

430 3807 700 3876 Στοιχοῦν
729 3801 986 3879 τετάρτης
1023 3802 1246 3858 συνόδου
1277 3804 1441 3867 θείοις
1474 3807 1622 3879 ὅροις

426 3891 630 3952 Αύτοῖς
664 3912 726 3967 γε
756 3893 1141 3966 συγγράμμασι
1172 3892 1263 3947 τὸν
1299 3892 1577 3969 Ὠριγὲνην

240 3983 389 4038 9790
428 3979 658 4049 Τίθησιν
692 3980 1019 4056 ἐκκήρυκνον
1055 3982 1168 4055 ἅμα
1200 3978 1423 4054 Διδύμῳ

428 4070 529 4122 Καὶ
561 4067 839 4143 Θεόδωρον
868 4070 960 4124 τὸν
988 4077 1086 4139 τῆς
1106 4068 1502 4144 Μοψουεστίας.

428 4158 769 4229 Ἐξωσμὲνυυ
802 4158 992 4226 θρόνου
1020 4156 1077 4212 δὲ
1106 4156 1254 4213 τοῦδ’
1285 4158 1559 4233 Εύτυχίου

424 4248 546 4319 Ἐφ’
575 4244 744 4319 οὗπερ
776 4244 1039 4321 ἐξήλεγχεν
1066 4248 1157 4302 τὸν
1190 4246 1414 4321 βασιλέα

424 4334 617 4409 Δόγμα
646 4336 912 4408 στυγητὸν
944 4336 1275 4409 κρατύνονται
1305 4336 1393 4391 καὶ
1426 4336 1580 4400 νόθον

252 4430 385 4484 9795
422 4432 548 4486 Τῶν
584 4429 755 4503 σάρκα
786 4430 1024 4505 φθαρτὴν
1083 4431 1157 4501 μή
1191 4427 1463 4503 λεγόντων
1500 4438 1652 4507 σχεῖν
1688 4432 1892 4507 Λόγον,

424 4516 805 4592 Σχολαστικός
834 4538 917 4578 τις
951 4513 1177 4585 εὐσεϐὴς
1206 4520 1457 4589 Ἰωάννης

421 4609 538 4671 Τῆς
570 4606 864 4679 Ἀντιόχου
894 4605 1178 4681 τυγχάνων
1214 4608 1516 4679 θυηπόλος,

422 4690 715 4768 Προεδρίαν
750 4691 944 4766 εἴληφε
972 4700 1071 4762 τῆς
1106 4696 1533 4751 Κωνσταντίνου.
1561 4760 1571 4772 ,

419 4781 778 4857 Χρησαμένου
806 4780 954 4835 τέλει
988 4779 1044 4835 δὲ
1072 4780 1230 4836 τοῦδε
1259 4788 1355 4837 τοῦ
1392 4783 1539 4859 βίου,

236 4875 383 4929 9800
421 4871 529 4926 Καὶ
561 4867 726 4924 πάλιν
758 4869 1031 4944 Εὖτύχιος
1050 4870 1268 4947 εὐτυχεῖ
1292 4872 1498 4946 θρόνον.

420 4962 476 5016 Μ
509 4959 554 5012 θ’
587 4959 630 5012 ὅ⁸
880 4957 922 4979 9..
959 4980 979 4991 β
1053 4961 1067 4977 \
1141 4962 1153 4979 )
1392 4961 1403 4981 Ι

483 4980 506 5013 ε
628 4982 643 5011 θ
677 4970 981 5033 καθωραισε
1008 4980 1106 5028 την
1158 4960 1487 5030 Εκκλησιαν,

420 5051 594 5125 Ἀνὴρ
625 5050 1030 5124 χαριτώνυμος,
1064 5044 1253 5105 ὄλϐιον
1288 5052 1444 5126 κάρα,

417 5138 737 5206 Νηστευτὴς
767 5138 1126 5212 τοὺπώνυμον
1161 5138 1209 5211 ἐξ
1242 5136 1412 5214 ἔργων
1446 5142 1620 5218 φέρων

413 5225 745 5296 Ἑκκλησίας
773 5225 1039 5302 τρόφιμος
1070 5232 1142 5282 ὧν
1169 5230 1256 5283 καὶ
1295 5227 1532 5299 λευίτης,

227 5319 371 5373 9805
407 5315 730 5390 Σύγκελλος
756 5314 901 5384 ἀξίαν
935 5312 992 5369 δὲ
1023 5316 1331 5389 Ηνεύματος
1363 5315 1553 5390 δόμος,

407 5407 506 5467 ’⁸ος
537 5402 844 5478 Μαυρίκιον
869 5410 1072 5458 ταινιοῖ
1101 5405 1343 5480 λαμπρῷ
1375 5407 1573 5484 στέφει.

400 5493 615 5550 Τούτου
644 5491 691 5547 δ’
722 5491 1092 5557 ἀναλύσαντος
1122 5494 1196 5555 εἷς
1235 5495 1410 5557 θείους
1444 5494 1672 5571 δόμους,

404 5577 683 5657 Κυριακός
714 5602 799 5644 τις
829 5582 1116 5655 οἰκονόμος
1148 5584 1235 5637 καὶ
1268 5582 1432 5654 θύτης

404 5676 538 5728 Θεοῦ
573 5671 829 5746 μεγάλης
860 5670 1012 5746 ἁγίας
1044 5669 1393 5743 Ἐκκλησίας,

1776 383 2133 439 ΟΕΘΔΒΕΒ.

1926 510 1981 575 Α
2008 506 2099 561 vir
2128 508 2370 562 sanctus
2395 509 2452 560 et
2482 508 2769 575 protector
2797 503 3253 560 orthodoxorum
3289 518 3303 559 :

2005 609 2181 665 quem
2210 596 2547 647 renuentem
2580 593 2830 648 subdere
2861 591 3218 647 anathemati

2000 682 2236 738 beatum
2269 680 2434 736 illum
2467 686 2679 737 emtum
2712 682 3123 753 episcoporum

2001 770 2101 842 qui
2130 770 2486 825 Chalcedone
2519 771 2657 825 olim
2691 774 2923 825 coactus
2951 771 3162 837 fuerat,

2001 859 2188 915 Casar
2213 876 2243 915 e
2268 859 2403 914 sede
2434 858 2656 931 depulit
2685 858 3037 913 Anastasius

2001 951 2402 1019 extorremque
2433 947 2563 1002 fecit
2592 946 2779 1001 edicto
2810 946 3015 1016 iniquo
3050 963 3063 1001 :

2003 1047 2248 1115 ejusque
2277 1044 2401 1101 loco
2429 1046 2499 1100 ad
2533 1045 2866 1101 cathedram
2901 1043 3156 1113 Byzantii

2001 1133 2206 1188 extulit
2234 1150 2515 1205 magnum
2547 1132 2809 1189 Ecclesiae
2841 1131 3316 1204 scevophylacem

2001 1224 2196 1279 divum
2224 1223 2625 1279 Macedonium
2658 1227 2794 1278 tunc
2827 1223 3251 1294 presbyterum,

2000 1328 2173 1382 quem
2206 1312 2345 1366 item
2377 1316 2716 1368 renuentem
2746 1310 3061 1367 valedicere

2000 1399 2270 1470 praedicto
2301 1400 2536 1454 Patrum
2564 1400 2745 1454 nobili
2773 1399 3013 1455 concilio

2000 1488 2066 1542 ad
2101 1487 2303 1541 urbem
2333 1487 2729 1542 Euchaiticam
2760 1488 2949 1542 Casar
2976 1486 3197 1559 expulit
3228 1526 3240 1541 .

2001 1575 2491 1647 Timotheumque
2523 1576 2840 1647 ignobilem
2872 1576 3143 1641 obtrusit,

2002 1663 2356 1717 sacerdotem
2390 1661 2628 1733 quidem
2660 1667 2717 1717 et
2748 1662 3224 1734 scevophylacem

2006 1750 2268 1807 Ecclesiae
2303 1750 2548 1822 pridem,
2583 1752 2682 1806 sed
2716 1749 2925 1805 haeresi
2955 1749 3247 1821 pollutum
3282 1766 3294 1804 :

1930 1850 1977 1914 B
2008 1848 2063 1902 id
2099 1851 2251 1919 quod
2284 1847 2580 1920 aegerrime
2611 1848 2870 1903 tulerunt
2900 1846 3228 1902 orthodoxi.

1928 3195 1970 3262 C

1922 4551 1967 4614 D

2010 1942 2141 1993 Post
2168 1938 2345 2007 hujus
2377 1941 2571 1992 autem
2605 1937 2894 1991 infelicem
2923 1937 3173 2003 obitum,

2008 2025 2300 2097 syncellus
2331 2025 2510 2081 simul
2540 2030 2597 2079 et
2626 2025 2927 2096 presbyter
2953 2024 3209 2079 Joannes

2009 2114 2316 2186 Cappadox
2347 2119 2515 2186 gente
2546 2114 2741 2169 sedem
2774 2112 3092 2185 occupavit.

2010 2204 2144 2258 Post
2168 2219 2340 2273 quem
2376 2203 2626 2274 pastoris
2656 2202 2715 2256 in
2746 2218 2986 2257 munere
3017 2201 3381 2266 defunctum,

2010 2292 2334 2363 splendidis
2361 2291 2669 2362 praedictus
2700 2291 3056 2361 Epiphanius
3089 2289 3354 2344 moribus

2009 2381 2309 2452 presbyter
2332 2384 2388 2435 et
2412 2380 2705 2449 syncellus
2735 2380 2807 2435 ad
2838 2380 3036 2434 sedem
3068 2378 3245 2434 venit.

2008 2470 2127 2525 Hoc
2153 2486 2383 2540 quoque
2416 2473 2666 2533 mortuo,
2699 2466 3123 2539 Trapezuntius
3152 2464 3470 2520 Anthimus

2006 2558 2203 2613 sedem
2232 2556 2667 2612 sanctissimam
2697 2558 2898 2625 jussus
2926 2559 3015 2611 est
3041 2553 3447 2619 conscendere,

2007 2662 2345 2717 quanquam
2375 2650 2579 2701 Severo
2612 2646 2842 2700 deditus
2871 2648 2927 2699 et
2960 2644 3227 2699 Dioscoro
3263 2659 3276 2697 :

2007 2752 2121 2808 quo
2153 2739 2346 2789 tamen
2374 2736 2667 2805 Agapetus
2698 2735 2889 2789 Romae
2922 2750 3070 2804 papa

2005 2827 2395 2891 exauctorato,
2429 2823 2560 2877 fecit
2593 2822 2986 2892 patriarcham

2006 2913 2274 2968 Mennam
2306 2910 2761 2967 Alexandrinum
2793 2909 3065 2965 facundia
3090 2908 3311 2963 clarum

2007 3003 2311 3073 magisque
2341 3000 2622 3067 moribus,
2654 2999 2959 3054 alumnum
3003 2997 3361 3053 sacerdotem

2008 3088 2291 3156 Ecclesiae,
2323 3088 2680 3143 xenodochio
2713 3088 3046 3158 prmfectum
3074 3082 3437 3156 Sampsonis.

2008 3188 2127 3251 Quo
2160 3188 2250 3258 pie
2283 3187 2587 3241 mortalem
2620 3187 2922 3241 deserente
2950 3185 3156 3250 vitam,

2004 3275 2324 3348 Eutychius
2355 3274 2586 3345 quidam
2616 3275 2939 3329 monachus
2972 3278 3029 3329 et
3060 3273 3330 3329 sacerdos

2004 3381 2072 3420 ex
2100 3367 2385 3419 Amaseno
2417 3362 2788 3419 sanctissimo
2820 3363 3080 3417 ccenobio

2004 3453 2227 3508 amicus
2260 3453 2608 3520 litterarum,
2637 3452 2870 3507 virtutis
2902 3456 3125 3518 auctor,

2002 3541 2319 3596 Christiani
2352 3541 2540 3595 bonus
2573 3544 2769 3611 pastor
2800 3540 2964 3595 ovilis
2998 3540 3128 3595 fuit.

2004 3632 2123 3688 Sub
2154 3646 2220 3684 eo
2252 3629 2468 3699 quintae
2502 3630 2706 3697 synodi
2739 3630 2909 3684 divus
2940 3633 3121 3684 coetus

2004 3718 2182 3791 regali
2213 3718 2272 3772 in
2306 3718 2449 3772 urbe
2475 3718 2583 3772 rite
2616 3723 3027 3789 congregatus,

2000 3806 2282 3862 insistens
2313 3808 2531 3875 quarta:
2563 3803 2767 3871 synodi
2800 3804 3123 3858 canonibus

2001 3896 2263 3967 ipsisque
2292 3893 2556 3963 ejusdem
2593 3891 2881 3956 formulis,
2917 3891 3223 3962 Origenem

2001 3985 2168 4054 ejecit
2199 3984 2271 4037 ab
2300 3981 2573 4048 Ecclesia,
2607 3979 2901 4049 simulque
2931 3979 3265 4049 Didymum,

1999 4080 2053 4127 et
2073 4072 2373 4127 Theodoru
2386 4087 2441 4124 m
2474 4069 2841 4140 Mopsuestia
2872 4067 3230 4138 episcopum.

2002 4160 2276 4233 Eulychio
2308 4164 2510 4231 postea
2539 4157 2817 4212 cathedra
2846 4155 3115 4227 depulso,

2001 4254 2301 4321 pr0pterea
2331 4248 2483 4319 quod
2516 4245 2985 4319 reprehendisset
3013 4245 3318 4308 Caesarem,

2000 4340 2099 4410 qui
2135 4337 2345 4393 falsum
2380 4338 2593 4408 dogma
2623 4340 2680 4391 et
2712 4335 3035 4406 pessimum
3068 4332 3297 4386 fovebat

2000 4438 2071 4492 de
2102 4435 2313 4491 Christi
2342 4434 2398 4489 in
2433 4439 2587 4489 terra
2618 4449 2788 4488 carne
2819 4427 3251 4501 incorruptibili
3280 4445 3294 4493 ;

2000 4524 2381 4580 scholasticus
2410 4522 2669 4577 Joannes
2700 4520 2873 4575 homo
2899 4519 3030 4589 pius

1998 4613 2363 4670 Antiochena
2392 4628 2461 4666 ex
2492 4610 2634 4665 urbe
2664 4614 2802 4663 tunc
2828 4608 3096 4663 sacerdos

2000 4701 2455 4773 patriarchatum
2486 4698 2626 4754 adiit
2654 4696 3034 4766 Byzantinum
3048 4736 3061 4750 .

2000 4793 2107 4848 Sed
2144 4792 2242 4846 ubi
2275 4790 2324 4846 is
2355 4805 2586 4860 quoque
2617 4787 2741 4842 vitae
2775 4789 2987 4840 metam
3018 4782 3230 4854 attigit,

1999 4897 2203 4936 rursus
2234 4877 2548 4949 Eutycbius
2573 4876 2631 4930 in
2664 4875 2796 4930 sede
2821 4871 3217 4929 constituitur.

1997 4972 2133 5026 Post
2164 4984 2339 5040 quem
2372 4965 2639 5022 Ecclesiae
2668 4962 3011 5035 splendidus
3038 4960 3234 5016 illuxit

1997 5060 2253 5114 Joannes
2277 5056 2439 5123 alter,
2473 5054 2648 5110 homo
2681 5051 3079 5119 beatissimus,

1999 5148 2190 5202 dictus
2220 5160 2419 5201 verace
2448 5143 2617 5199 titulo
2648 5142 2976 5212 Jejunator,

1998 5235 2098 5307 qui
2130 5233 2401 5290 Ecclesiae
2429 5231 2706 5288 alumnus
2735 5230 2923 5285 fuerat
2951 5231 3008 5284 et
3038 5227 3213 5283 levita

1998 5323 2404 5397 synccllusque
2435 5321 2622 5377 ofﬁcio
2653 5322 2709 5375 in
2737 5320 2858 5375 aede
2883 5317 3158 5388 Spiritus.

1996 5414 2099 5468 Hic
2130 5411 2469 5467 Mauricium
2502 5408 2789 5465 redimivit
2823 5410 3149 5461 stemmate.

1996 5504 2143 5559 Cum
2174 5509 2369 5557 autem
2397 5516 2639 5571 superas
2671 5497 2910 5553 adiisset
2941 5496 3133 5559 sedes,

1995 5592 2272 5661 Cyriacus
2304 5604 2640 5644 oeconomus
2670 5591 2727 5641 et
2757 5585 3026 5641 sacerdos

1996 5696 2221 5753 magnae
2252 5683 2427 5749 atque
2458 5680 2674 5732 sanctae
2703 5674 2803 5730 Dei
2835 5672 3108 5729 Ecclesiae
