4138 6296
393 363 500 419 359
690 408 699 415 .
1601 367 1972 421 EPHREMII
2010 364 2577 423 CHRONOGRAPHI

390 505 624 545 sacrum
654 488 938 545 successit
967 489 1026 544 in
1058 488 1488 560 pontificatum,

390 576 623 631 divinus
650 576 736 630 vir
762 581 817 632 et
847 577 1199 633 orthodoxiss
1233 576 1521 633 columen.

389 666 510 730 Quo
542 665 847 719 deserente
878 671 1175 720 terrenum
1210 665 1359 720 hunc
1394 665 1733 737 primatum,

391 754 462 808 ad
490 753 773 808 Thomam
807 754 1176 809 sacellarium
1208 758 1264 810 et
1296 755 1661 810 sacerdotem

390 842 647 897 defertur
678 842 871 914 populi
907 859 1071 897 sacer
1102 843 1490 915 principatus,

390 931 771 1002 apostolicum
802 930 1097 985 hominem
1131 931 1663 1003 religiosissimum.

388 1028 531 1082 Huic
562 1029 808 1084 solarem
843 1030 1130 1085 deserenti
1160 1029 1347 1085 lucem

387 1133 695 1172 successor
725 1118 895 1173 datus
924 1122 1011 1172 est
1037 1118 1208 1173 levita
1240 1117 1505 1174 Ecclesiae

386 1205 815 1278 ptochotrophii
852 1207 1157 1278 praefectus
1186 1207 1255 1261 ad
1292 1213 1522 1277 portum
1556 1205 1750 1261 Phrixi

387 1294 624 1366 Sergius
656 1294 916 1366 pollutus
948 1296 1224 1365 dogmate
1257 1294 1742 1365 monophysitico.

384 1384 487 1439 Cui
521 1383 788 1439 morienti
822 1384 1074 1455 Pyrrhus
1106 1382 1486 1438 substituitur

384 1471 539 1526 haud
575 1471 770 1526 minus
795 1472 993 1542 Sergio
1019 1471 1223 1527 haeresi
1255 1475 1589 1539 corruptus.

384 1560 519 1614 Erat
550 1560 598 1615 is
631 1576 850 1633 magnae
882 1561 1176 1632 presbyter
1206 1560 1490 1628 Ecclesiae,

382 1649 689 1719 praefectus
716 1649 1161 1715 monachorum,
1194 1649 1441 1704 casnobii
1472 1649 1653 1703 abbas

380 1737 534 1807 quod
567 1742 654 1792 est
680 1742 844 1792 trans
871 1739 1078 1794 fretum
1110 1737 1167 1791 in
1202 1738 1342 1794 urbe
1374 1737 1738 1810 Chrysopoli,

381 1824 561 1879 divini
594 1825 765 1881 Verbi
801 1827 969 1883 Matri
1002 1827 1335 1881 dedicatum

379 1914 823 1986 antiquitusque
852 1915 1152 1970 conditum
1186 1932 1218 1969 a
1249 1914 1594 1987 Philippico.

377 2006 693 2073 Postquam
726 2003 1004 2075 expulsus
1039 2004 1292 2075 Pyrrhus
1322 2003 1577 2059 Ecclesia
1607 2003 1733 2073 fuit,

374 2099 592 2153 Paulus
625 2099 890 2155 Ecclesize
921 2117 1257 2156 ceconomus
1288 2104 1342 2155 et
1373 2100 1662 2169 sacerdos,

376 2204 591 2257 praeses
623 2190 953 2259 custodum,
986 2190 1259 2259 dogmate
1287 2205 1618 2260 perversus,

374 2280 561 2332 semet
590 2277 720 2333 ovili
758 2277 1038 2332 obstrusit
1066 2282 1349 2349 tanquam
1384 2277 1580 2349 lupus.

373 2368 511 2419 Post
541 2382 714 2436 quem
749 2367 1087 2421 defunctum
1122 2366 1301 2437 impie
1324 2366 1379 2420 in
1418 2366 1740 2422 ministerio

367 2454 569 2507 sedem
604 2455 964 2525 recuperavit
992 2455 1182 2509 denuo
1214 2454 1487 2525 Pyrrhus.

370 2540 583 2595 Deinde
610 2541 815 2596 Petrus
843 2542 1139 2612 pessimus
1168 2543 1238 2596 ad
1274 2543 1472 2597 sedem
1499 2543 1677 2609 venit,

365 2628 544 2684 levita
573 2628 863 2694 Ecclesiae,
894 2646 1108 2701 praeses
1140 2630 1587 2701 ptochotrophii,

364 2716 817 2783 referendarius,
852 2722 1201 2789 curatorque
1231 2734 1434 2773 senum

360 2804 416 2858 in
445 2822 511 2860 eo
542 2806 696 2876 quod
735 2810 822 2860 est
849 2805 1091 2877 Neapoli
1127 2806 1573 2876 ptochodochio,

359 2893 541 2965 Sergii
575 2893 893 2963 Pyrrhique
925 2899 981 2948 et
1010 2894 1170 2949 Pauli
1204 2898 1435 2950 sectans
1466 2895 1757 2951 haeresim.

360 2979 479 3034 Hoc
513 2996 706 3051 passo,
740 2985 805 3034 ut
838 2998 967 3036 vere
998 2982 1211 3048 dicam,
1246 2987 1487 3038 mortem
1519 2984 1833 3055 duplicem,

366 3067 535 3123 Alius
564 3067 814 3123 Thomas
846 3070 1197 3124 orthodoxite
1231 3087 1457 3139 amans,

358 3155 457 3226 qui
488 3156 755 3211 Ecclesiae
786 3156 1061 3211 alumnus
1092 3161 1213 3212 erat
1242 3164 1299 3212 et
1327 3158 1518 3223 levita,

354 3244 626 3315 praeclare
656 3246 1002 3317 gubernavit
1030 3245 1244 3301 Christi
1276 3246 1615 3303 Ecclesiam.

352 3345 540 3413 Atque
569 3342 678 3397 hoc
712 3342 802 3414 pie
834 3342 1218 3399 concludente
1244 3345 1443 3416 vitam,

357 3430 763 3501 pontiﬁcatum
797 3431 942 3486 adiit
969 3432 1247 3498 Joannes,

353 3519 625 3574 sacerdos
654 3523 711 3573 et
742 3520 1107 3590 protecdicus
1137 3521 1426 3591 Ecclesia},

352 3607 755 3678 scevophylax,
790 3608 1103 3678 syncellus,
1137 3614 1192 3664 et
1219 3626 1576 3678 ceconomus,

352 3699 408 3749 et
432 3695 743 3765 gerocomii
778 3695 1063 3751 Rosorum
1096 3698 1455 3755 Dexiocratis

352 3785 658 3852 praefectus
689 3801 701 3849 ;
739 3788 934 3854 pastor
966 3784 1126 3840 utilis
1156 3786 1310 3843 ovili.

349 3873 471 3936 Quo
505 3872 810 3940 moriente,
842 3872 1016 3929 levita
1044 3875 1482 3948 Constantinus,

345 3976 617 4014 vasorum
652 3965 848 4015 custos
879 3962 934 4015 in
970 3963 1225 4020 Ecclesia
1259 3966 1374 4021 Dei.

346 4046 683 4118 periodeuta
714 4049 976 4105 Thraciae
1010 4056 1065 4105 et
1087 4052 1456 4122 Macedoniae,

348 4136 417 4189 ad
450 4136 717 4191 Ecclesia:
749 4142 1108 4195 summatum
1141 4145 1229 4197 est
1253 4148 1597 4212 provectus;

348 4233 629 4303 probatus
658 4233 762 4301 vir,
795 4240 851 4290 et
873 4237 1050 4291 decus
1078 4238 1553 4294 orthodoxorum.

347 4320 465 4374 Hoc
496 4319 553 4374 in
587 4338 865 4393 suprema
894 4324 1172 4380 cathedra
1202 4327 1524 4395 demortuo,

346 4424 510 4463 sacer
537 4408 873 4466 Theodorus
899 4412 1115 4468 Christi
1148 4414 1243 4469 Dei
1272 4417 1541 4472 sacerdos

344 4502 681 4552 sanctorum
716 4498 772 4551 in
805 4499 1062 4556 Ecclesia
1093 4518 1363 4558 vasorum
1397 4510 1616 4575 custos,

342 4583 634 4654 syncellus
660 4586 962 4657 dignitate,
998 4591 1300 4660 praefectus
1325 4594 1652 4663 monachis,

342 4688 577 4725 summa
602 4688 734 4728 cum
765 4673 938 4730 laude
973 4678 1204 4747 praefuit
1229 4680 1517 4749 Ecclesiae,

342 4764 515 4830 atque
544 4760 862 4817 orthodoxa
903 4765 1176 4835 dogmata
1205 4769 1481 4826 defendit.

338 4849 443 4902 Sed
479 4854 671 4903 tamen
708 4850 815 4905 hoc
850 4852 1068 4922 injuste
1100 4856 1344 4927 depulso
1377 4860 1513 4915 sede

340 4936 621 5009 Georgius
651 4939 959 5011 religiosus
986 4941 1196 4998 Christi
1232 4949 1553 5020 presbyter,

342 5026 439 5095 qui
474 5042 747 5081 summus
776 5032 899 5083 erat
932 5032 1317 5105 scevophylax
1342 5037 1631 5105 Ecclesiae,

338 5119 396 5168 et
425 5114 717 5187 syncellus
751 5116 926 5171 etiam
963 5121 1326 5190 patriarchas,

334 5204 711 5274 pontificatus
738 5221 980 5262 munere
1005 5209 1163 5281 fungi
1190 5212 1381 5284 ccepit,

338 5291 511 5361 upilio
544 5293 755 5359 bonus,
790 5300 987 5351 custos
1021 5297 1225 5353 divinae
1260 5300 1404 5373 legis
1440 5319 1452 5355 :

339 5381 445 5434 sub
480 5397 617 5451 quo,
652 5385 965 5439 mandante
996 5385 1217 5442 Caesare
1247 5391 1631 5447 Constantino

339 5469 655 5525 orthodoxe
689 5472 949 5545 principe
983 5474 1297 5547 Pogonato,

338 5557 570 5612 divinus
601 5563 937 5617 veneranda
970 5567 1153 5620 coetus
1184 5568 1385 5639 synodi

338 5645 511 5715 regali
544 5645 601 5700 in
635 5648 777 5705 urbe
806 5650 913 5705 rite
944 5660 1324 5725 congregatus

2059 490 2111 556 Α
2139 488 2281 545 9810
2318 490 2430 558 Τὴν
2458 490 2604 565 ἱερὰν
2638 489 2861 564 εἷ’ληφεν
2894 488 3199 565 ῒεραρχίαν,

2319 578 2472 632 Θεῖὁς
2510 599 2593 641 τις
2626 579 2762 653 ἀνὴρ
2796 576 3108 651 ὀρθοδοξίας
3142 578 3354 640 στύλος.

2316 665 2529 722 Τούτου
2562 663 2821 727 λιπόντος
2848 668 2947 734 τὴν
2981 665 3125 721 κάτω
3154 665 3466 741 προεδρίαν,

2313 759 2512 825 Θωμᾶς
2547 753 2906 829 σακελλάριος
2936 755 3049 827 ἅμα
3077 755 3165 808 καὶ
3198 755 3363 825 θύτης

2317 842 2626 896 Πιστεύεται
2658 839 2724 909 δὴ
2755 843 2852 909 τὴν
2882 841 2991 897 λεὼ
3023 842 3371 917 προστασίαν,

2133 930 2274 984 9815
2313 929 2727 1001 Ἀποστολικὸς,
2757 926 3133 992 εὐσεϐέστατος
3164 926 3344 993 σέϐας.

2312 1016 2493 1093 Οὗπερ
2524 1018 2585 1072 τὸ
2620 1018 2751 1096 φάος
2783 1016 3173 1082 ἐκλελοιπότος
3201 1018 3343 1088 τόδε,

2310 1107 2693 1176 ’Δντικατὲστη
2727 1104 2947 1176 λευΐτης
2989 1107 3315 1177 Ἐκκλησίας

2310 1194 2717 1271 ΙῙτωχοτρόφος
2742 1215 2800 1248 τε
2832 1193 3055 1266 λιμένος
3084 1200 3190 1250 τῶν
3221 1200 3318 1250 τοῦ
3351 1198 3553 1273 Φρίξου

2307 1283 2531 1357 Σέργιος
2564 1284 2699 1357 ἀνὴρ
2732 1282 3063 1359 Οἷοφυσίτης
3096 1279 3275 1345 σέϐας.

2129 1382 2270 1436 9820
2308 1380 2518 1437 Τούτου
2551 1382 2827 1451 θανόντος,
2860 1381 3211 1450 ἀντικατέστη
3246 1381 3481 1459 Πύρῥος,

2308 1470 2472 1542 Ἀνήρ
2504 1468 2697 1541 ὅμοιος
2733 1468 2937 1542 Σεργίῳ
2968 1472 3102 1524 κατὰ
3134 1466 3314 1542 σέϐας,

2305 1556 2480 1624 Θύτης
2515 1556 2757 1631 μεγάλης
2784 1561 2879 1611 τοῦ
2910 1562 3042 1611 Θεοῦ
3076 1557 3428 1629 Ἐκκλησίας,

2305 1650 2531 1721 ’Ἄρχων
2562 1646 2821 1717 σεμνιίων
2854 1646 2939 1699 καὶ
2976 1653 3147 1719 μονῆς
3178 1646 3467 1717 ἐπιστάτης

2304 1736 2390 1793 Ἐν
2423 1735 2762 1811 Χρυσοπόλει
2796 1734 3139 1809 διακειμένης
3169 1736 3356 1813 πέραν,

2048 1845 2095 1909 Β
2124 1826 2265 1881 9825
2305 1824 2615 1895 Ἀνειμὲνης
2648 1820 2704 1877 δὲ
2733 1822 2800 1897 τῇ
2830 1828 2962 1878 Θεοῦ
2993 1825 3171 1899 Μητρὶ
3204 1824 3383 1899 Λόγου

2300 1914 2411 1980 Τῆς
2443 1910 2765 1982 Φιλιππικῷ
2796 1912 3145 1982 συσταθείσης
3175 1913 3281 1987 πρὸ
3307 1912 3547 1987 χρόνων.

2293 1998 2503 2056 Τούτου
2535 1997 2867 2075 διιυχθὲντος
2901 1997 2957 2053 δὲ
2985 2007 3083 2068 τῆς
3118 2000 3452 2070 Ἐκκλησίας

2295 2086 2598 2159 Οἰκονόμος
2628 2086 2716 2141 καὶ
2749 2087 2914 2156 θύτης
2945 2094 3046 2155 τῆς
3076 2086 3407 2157 Ἐκκλησίας

2295 2176 2435 2229 Κάπὶ
2463 2175 2717 2253 φυλακῶν
2751 2170 3015 2243 δυσσεϐὴς
3043 2175 3259 2238 Ηαῦλος
3293 2171 3449 2237 σέϐας

2115 2276 2254 2330 9830
2293 2274 2700 2348 Παρεισεφθάὶρη
2733 2271 2974 2344 ποιμνίῳ
3002 2293 3085 2335 τις
3111 2272 3184 2334 ὡς
3218 2271 3405 2335 λύκος.

2290 2366 2466 2436 Οῦπερ
2508 2361 2762 2425 θανόντος
2793 2355 3062 2422 δυσσεϐῶς
3093 2360 3144 2414 ἐν
3174 2365 3252 2432 τῷ
3283 2361 3483 2437 θρόνῳ,

2288 2451 2384 2505 Καὶ
2410 2450 2573 2504 πάλιν
2605 2443 2846 2503 ἀπέλαϐε
2874 2450 2963 2503 τὸν
2995 2448 3187 2523 θρόνον
3221 2449 3458 2525 Πύριὲος.

2287 2541 2419 2596 Εἶτα
2459 2540 2662 2613 ΙΙὲτρος
2690 2540 2942 2601 κάκιστος
2971 2533 3101 2612 ἔσχε
3129 2539 3221 2593 τὸν
3254 2540 3469 2614 θρόνον,

2287 2627 2613 2695 Ἐκκλησὲας
2638 2623 2710 2680 ὥν
2746 2625 2968 2697 λευίτης
2998 2627 3417 2704 πτωχοτρόφος,

2105 2719 2247 2773 9835
2286 2715 2381 2769 Καὶ
2417 2712 2855 2793 ῥαιφερενδάριος
2885 2714 2972 2769 καὶ
3004 2715 3325 2790 γηροκόμος

2283 2808 2386 2858 Τοῦ
2415 2805 2550 2858 κατὰ
2581 2803 2853 2858 Νεάπολιν
2886 2804 3163 2879 πτωχείου
3193 2805 3338 2873 τότε,

2284 2892 2557 2969 Σύμιρρων
2593 2890 2819 2966 Σεργίου
2850 2891 2938 2945 καὶ
2972 2892 3185 2968 Πύρρου
3214 2894 3304 2946 καί
3337 2891 3583 2950 Παύλου.

2279 2980 2483 3035 Τούτου
2516 2980 2763 3043 θανόντος
2791 2981 2883 3034 τὸν
2914 2978 3142 3034 διπλοῦν
3176 2976 3348 3045 ὅντως
3379 2981 3573 3057 μόρον,

2280 3075 2477 3142 Θωμᾶς
2509 3090 2592 3129 τις
2623 3066 2792 3129 ἄλλος
2826 3066 3136 3140 ὀρθοδοξίας
3169 3068 3329 3146 φίλος

2022 3189 2065 3254 C
2104 3169 2245 3224 9840
2284 3165 2908 3254 Ἐκκλησίαςλτρόφιμος
2938 3164 3010 3219 ὣν
3041 3166 3130 3220 καὶ
3164 3165 3384 3238 λευΐτης

2279 3258 2515 3329 Χριστοῦ
2543 3251 2728 3315 καλῶς
2764 3252 2905 3307 ἴθυνε
2932 3256 3031 3323 τὴν
3065 3254 3415 3325 Ἐκκλησίαν.

2276 3344 2453 3417 Οὗπερ
2489 3341 2924 3415 μεταλλάξαντος
2957 3339 3191 3404 εὐσεϐῶς
3226 3344 3363 3419 βίον,

2278 3434 2528 3500 Ἰωάννης
2558 3430 2751 3507 εἴληφε
2779 3432 2877 3499 τὴν
2912 3428 3229 3506 προεδρίαν,

2275 3520 2448 3589 Θύτης
2478 3540 2537 3572 τε
2561 3516 2934 3594 πρωτὲκδικος
2966 3519 3038 3574 ὣν
3070 3520 3422 3591 Ἐκκλησίας,

2096 3613 2239 3667 9845
2277 3612 2381 3666 Καῖ
2411 3605 2770 3685 σκευοφύλαξ,
2804 3606 3128 3680 σύγκελλος,
3163 3608 3477 3683 οἰκονόμος,

2277 3696 2598 3771 Γηροκόμος
2628 3717 2686 3750 τε
2714 3698 2931 3751 Ῥωσῶν
2959 3698 3343 3771 Δεξιοκράτους

2276 3785 2516 3858 ΙΙοίμνην
2549 3781 2809 3858 ποδηγῶν
2841 3785 2977 3859 πρὸς
3003 3786 3179 3858 νομὰς
3208 3787 3624 3866 ψυχοτρόφους.

2278 3874 2492 3931 Τούτου
2521 3872 2774 3936 θανόντος
2805 3880 3208 3936 Κωνσταντῖνος
3246 3874 3465 3947 Λευίτης

2275 3962 2373 4017 Καὶ
2403 3960 2739 4037 σκευοφύλαξ
2769 3961 2870 4027 τῆς
2901 3966 3033 4016 Θεοῦ
3061 3964 3113 4036 γ’
3143 3962 3486 4037 Ἐκκλησίας,

2096 4056 2239 4110 9850
2279 4049 2644 4126 Ιῐεριοδευτὴς
2675 4050 2910 4125 Θρᾴκης,
2944 4049 3278 4115 Μακεδονίας

2277 4139 2615 4215 Ἀρχιθύτης
2648 4136 2886 4193 δέδεικτο
2916 4145 3016 4206 τῆς
3049 4139 3399 4211 Ἐκκλησίαν

2276 4226 2586 4289 Σπουδαῖος
2616 4226 2774 4299 ἀνὴρ,
2810 4221 3212 4305 εύσεϐοφρόνων
3243 4227 3425 4292 κλᾶος.

2273 4315 2483 4373 Τούτου
2513 4314 2913 4376 καταλύσαντος
2948 4313 2998 4369 ἐν
3030 4315 3203 4388 θρόνῳ
3238 4317 3377 4391 βίον,

2269 4403 2547 4479 Θεόδωρός
2574 4424 2657 4465 τις
2688 4403 2831 4477 ἱερὸς
2864 4408 3103 4478 Χριστοῦ
3134 4405 3301 4475 θύτης

2012 4540 2057 4604 D
2090 4501 2596 4571 9855,Ἐκκλησίας
2626 4499 2766 4587 τἰαὗ
2796 4501 2955 4576 ἱερῶν
2986 4508 3185 4556 σκευῶν
3220 4504 3415 4577 φύλαξ,

2265 4593 2483 4667 Ἀρχων
2521 4575 2700 4661 μονῶν
2730 4610 2807 4657 τε,
2840 4575 3136 4664 σύγκεΛλος
3166 4575 3264 4661 τήν
3297 4575 3465 4666 ἀξίαν,

2262 4677 2589 4755 Προΐστκται
2618 4676 2885 4733 κάλλιστα
2913 4685 3014 4747 τῆς
3048 4680 3392 4751 Ἐκκλησίας,

2261 4770 2462 4845 Ὁρῦῶν
2495 4771 2803 4842 προμαχῶν
2835 4762 3064 4821 εὐσεϐῶν
3096 4789 3155 4823 τε
3186 4767 3497 4845 δογμάτων.

2157 4856 2366 4915 Τούτου
2400 4854 2643 4931 ῥιφέντος
2674 4853 2874 4916 ἀδίκως
2905 4855 3148 4927 ποίμνης
3180 4858 3396 4933 θρόνου,

2084 4950 2225 5003 9860
2263 4939 2537 5020 Κεώργιὸς
2567 4965 2648 5005 τις
2678 4938 2916 5013 εὐλαϐὴς
2944 4946 3183 5020 Χριστοῦ
3211 4947 3376 5018 Θύτης

2263 5033 2644 5105 Ἑκκλησίαςτ
2668 5034 2879 5107 ἐγεστος
2913 5033 2985 5087 ὣν
3019 5036 3375 5113 σκευοφύλαξ,

2262 5123 2366 5179 Καὶ
2397 5121 2769 5197 ποιμενάρχου
2803 5120 3101 5197 σύγκελλος
3131 5124 3227 5193 τήν
3262 5126 3430 5200 ἀξίαν,

2260 5210 2587 5281 Ἐκκλησίας
2621 5208 2813 5288 εἷ’ληφε
2841 5212 2939 5280 τήν
2970 5210 3281 5287 προεδρίαν,

2259 5299 2470 5374 Νομεὺς
2500 5299 2697 5372 ἀγαθὸς
2730 5302 2815 5354 καὶ
2851 5306 2984 5355 Θεοῦ
3014 5301 3192 5373 νόμων
3221 5303 3413 5380 φύλαξ·

2081 5394 2223 5450 9865
2259 5392 2376 5466 Ἐφ’
2408 5389 2468 5441 οὗ
2497 5386 2738 5442 κελεύσει
2770 5388 3039 5462 κράτορος
3070 5393 3476 5449 Κωνσταντίνου

2259 5473 2617 5554 Ὀρθόφρονός
2644 5498 2705 5551 γε
2734 5476 3040 5548 τούπῖκλην
3074 5482 3415 5554 Πωγωνάτου

2256 5569 2451 5635 Ἐκτῆς
2482 5560 2741 5634 σεϐαστῆς
2767 5563 2996 5621 συνόδου
3029 5572 3168 5631 θεῖον
3201 5568 3387 5646 στίφος

2256 5663 2339 5712 Ἐν
2376 5650 2617 5731 βασιλίδι
2652 5652 2965 5719 συναλισθὶν
2996 5659 3063 5729 τῇ
3095 5653 3278 5727 πόλει,

3675 371 3789 427 360
