4136 6292
342 339 444 394 361

516 460 641 516 Ἐπί
667 481 730 535 γε
756 463 988 537 Χριστοῦ
1015 466 1111 517 τοῦ
1140 464 1482 538 θεανθρώπου
1514 462 1691 537 Λόγου

339 551 481 605 9870
521 554 717 611 Καλῶς
749 548 1096 625 ἐδογμάτισεν
1129 548 1527 629 εύσεϐοφρονως

523 637 710 698 Διττᾶς
744 638 993 707 θελήσεις
1020 640 1107 693 καὶ
1139 640 1319 716 φύσεις
1351 641 1659 712 ἡνωμένας,

520 728 619 780 Καὶ
648 728 824 780 πάντα
851 728 1181 801 κατῄσχυνεν
1200 728 1560 804 Οἲοφυσίτην,

522 819 598 874 Οὗ
626 819 789 891 γῆθεν
822 818 1127 890 ἀπάραντος
1168 820 1243 882 εἷς
1269 820 1466 888 σκητᾶς
1496 817 1622 888 ἄνω,

525 902 807 976 Θεόδωρος
839 904 903 958 αὖ
936 901 1307 979 ἀπολαμϐάνει
1342 908 1551 981 θρόνον.

343 1000 486 1054 9875
522 996 731 1050 Τούτου
769 994 1127 1067 μεταστάντος
1160 994 1217 1049 δὲ
1245 997 1379 1069 πρὸς
1410 998 1535 1049 Θεὸν
1573 995 1745 1069 μόρῳ,

522 1085 619 1139 Ἐκ
648 1081 938 1156 βασιλείων
966 1083 1265 1156 ἆσηκρῆτίς
1294 1106 1375 1145 τις
1408 1083 1619 1145 Παῦλος

528 1177 897 1243 Ποιμαντικῆς
927 1169 1085 1247 ἔτυχε
1114 1173 1200 1226 καὶ
1233 1170 1538 1245 προεδρίας,

532 1263 897 1329 Ποιμαντικῆς
928 1259 1070 1329 άξιος
1095 1260 1165 1313 ὥν
1198 1262 1285 1314 καὶ
1316 1265 1411 1313 τοῦ
1450 1261 1660 1332 θρόνου.

523 1347 619 1400 Καὶ
648 1344 806 1400 τοῦδε
830 1348 891 1401 τὸ
925 1351 1019 1415 ζῆν
1050 1347 1473 1422 ἐκμετρῆσαντος
1509 1345 1681 1422 μόρῳ,

346 1437 483 1491 9880
520 1432 846 1497 Καλλίνικός
878 1457 960 1498 τις
988 1433 1244 1510 γεννάδας
1274 1435 1553 1506 θυηπόλος

514 1522 612 1576 Καὶ
645 1522 978 1600 σκευοφύλαξ
1011 1523 1341 1599 Βλαχερνῶν
1372 1524 1685 1595 ἐκκλησίας,

511 1612 671 1685 ’Δνὴρ
704 1610 862 1685 λόγῳ
900 1610 1004 1686 βίῳ
1031 1633 1088 1666 τε
1116 1613 1302 1673 καλῶς
1332 1612 1647 1686 ἐμπρέπων,

515 1696 706 1756 Λαϐὼν
740 1698 1067 1777 ἐκυϐέρνησε
1094 1704 1190 1771 τὴν
1224 1701 1567 1772 Ἐκκλησίαν-

510 1795 730 1847 ’Όντινα
760 1792 1117 1863 Ῥινότμητος
1148 1789 1271 1861 ἅναξ
1297 1790 1499 1853 ἀδίκως

333 1883 477 1936 9885
516 1880 694 1953 Πηρὸν
726 1877 1000 1953 δεδρακὼς
1033 1879 1295 1952 ἐξελαύνει
1326 1886 1421 1934 τοῦ
1451 1882 1667 1953 θρόνου.

514 1972 688 2041 Κῦρον
724 1965 771 2020 δ’
799 1968 889 2021 ἀπ’
920 1967 1277 2044 Ἀμάστριδος
1305 1969 1521 2045 ἀγαγὼν
1565 1970 1729 2039 θύτην

509 2055 860 2129 Ἔγκλειστον
895 2052 1039 2128 ὅντα,
1066 2056 1442 2131 ποιμενάρχην
1475 2055 1726 2111 δεικνύει·

501 2146 596 2201 ’ον
628 2144 967 2206 Φιλιππικὸς
996 2145 1249 2219 βασιλεὺς
1278 2147 1306 2200 ὁ
1333 2142 1615 2218 Βαρδάνης

497 2234 947 2307 Ὑπερμαχοῦντα
978 2231 1265 2307 δογμάτων
1294 2238 1403 2287 τῶν
1443 2234 1631 2288 ἐνθέων

316 2320 462 2375 9890
499 2320 703 2393 Θρόνου
733 2340 790 2373 τε
821 2320 1058 2392 ποίμνης
1088 2320 1363 2381 ἀπελάσας
1394 2318 1611 2390 ἀδίκως,

491 2409 867 2478 ’Δντικαθιστᾷ
902 2407 1122 2477 λευΐτην
1159 2408 1433 2477 Ἰωάννην.

494 2496 653 2549 Ὄντα
684 2494 1124 2570 χαρτουλλάριον
1157 2493 1335 2550 οἶκονο
1345 2496 1507 2568 μείου

492 2579 700 2657 ’Δνδρα
731 2584 1013 2659 στυγητὸν,
1047 2582 1349 2657 Εὐτυχοῦς,
1382 2584 1681 2659 Διοσκόρου

492 2670 806 2747 Ὀμόφρονα
842 2670 1046 2742 μύστην
1079 2691 1158 2741 τε,
1188 2678 1286 2740 τῆς
1315 2672 1554 2743 ποίμνης
1595 2673 1783 2743 λύκον,

319 2760 460 2813 9895
494 2760 589 2819 ’Ός
619 2754 883 2831 ἐξεϐλήθη
916 2764 1012 2813 τοῦ
1042 2759 1234 2833 θρόνου
1266 2759 1395 2832 μάλ’
1426 2758 1667 2823 ἐνδίκως.

497 2846 666 2917 Θύτης
700 2846 757 2902 δὲ
786 2849 1021 2923 Χριστοῦ
1050 2848 1137 2901 καὶ
1168 2849 1365 2920 νομεὺς
1396 2849 1747 2926 ψυχοτρόφος

492 2940 640 2999 Θεῖος
672 2937 941 3009 Γερμανὸς
969 2937 1183 3011 ἀρεταῖς
1218 2936 1448 3009 λάμπων
1484 2937 1692 3013 λόγοις,

493 3025 614 3079 Ἐπὶ
647 3024 871 3099 λυχνίαν
905 3023 1129 3087 ἐντεθεὶς
1163 3022 1236 3086 ὣς
1266 3046 1346 3085 τις
1380 3024 1582 3100 λύχνος

491 3113 601 3179 Τῆς
634 3112 1042 3167 Κωνσταντίνου
1071 3117 1151 3183 τῷ
1181 3114 1460 3185 περιόπτῳ
1493 3114 1687 3187 θρόνῳ,

313 3198 455 3254 9900
494 3198 666 3272 Λόγον
701 3196 953 3275 διδαχαῖς
984 3199 1401 3273 κατελάμπρυνε
1428 3199 1598 3254 κτίσιν
1627 3204 1759 3275 (90).

487 3288 674 3348 ’Όστις
705 3283 1040 3361 προϐληθεὶς
1070 3289 1451 3363 ποιμενάρχης
1484 3288 1716 3357 Κυζίκου

489 3376 588 3429 Καὶ
618 3381 733 3437 τοῖς
764 3374 933 3430 ἐκεῖσε
965 3377 1041 3449 μὴ
1076 3373 1287 3450 δεχθεὶς
1319 3376 1417 3431 οὐκ
1446 3375 1546 3430 οἶδ’
1578 3379 1727 3443 ὅπως

488 3464 655 3531 ’Υπῆν
697 3461 986 3538 σχολάζων
1018 3463 1110 3518 τὸν
1146 3462 1405 3536 διαμέσου
1436 3466 1657 3539 χρόνον·

488 3551 808 3613 Μετατεθεὶς
839 3549 896 3606 δὲ
924 3553 1059 3625 πρὸς
1092 3551 1415 3621 Βυζαντίδος
1449 3555 1660 3627 θρόνον,

310 3640 450 3696 9905
488 3639 734 3713 Ποίμνην
765 3638 1149 3717 καθωδήγησεν
1170 3637 1597 3715 εὐσεϐοφρόνως,

486 3726 651 3785 Τοὸδ’
682 3727 1075 3792 ἀπελασθέντος
1106 3728 1161 3783 δὲ
1188 3734 1367 3791 κακῶς
1396 3734 1492 3784 τοῦ
1525 3731 1718 3805 θρόνου

496 3818 636 3891 Πρὸς
663 3818 929 3891 κράτορος
959 3820 1187 3880 Λέοντος
1218 3818 1267 3889 ἐξ
1302 3818 1565 3891 Ἰσαυρίας

492 3906 717 3979 Πρώτου
747 3900 1019 3960 σεϐαστῶν
1053 3906 1275 3960 εἰκόνων
1301 3905 1626 3977 καταλύτου,

491 3995 604 4071 Ἐφ’
637 3995 781 4068 ᾧπερ
816 3995 1078 4069 ἐξηλεγχε
1105 3999 1301 4050 τοῦτον
1331 3993 1544 4062 ἐνθέως,

304 4083 451 4138 9910
490 4080 656 4146 Νέκυς
681 4085 795 4156 (91)
824 4085 1174 4145 Ἀναστάσιος
1205 4082 1426 4137 εἷ’κόνων
1458 4082 1625 4151 λύτης

490 4166 856 4246 Πρεσϐύτερος
887 4171 1191 4245 σύγκελλος
1222 4172 1294 4225 ὥν
1325 4170 1672 4240 Ἐκκλησίας,

492 4259 738 4331 Ποίμνην
766 4264 1014 4331 τυραννεῖ
1045 4254 1375 4332 παραλαϐὼν
1406 4261 1497 4314 τὸν
1532 4257 1738 4333 θρόνον.

491 4348 773 4409 Μισθωτὸς
805 4347 1046 4421 οἰκτρὸς,
1078 4344 1325 4419 ἄντικρυς
1359 4346 1521 4409 λύκος
1552 4348 1774 4424 φθόρος,

491 4436 586 4497 Ὃς
617 4439 832 4510 πρῶτος
860 4436 1092 4504 ἡθέτησε
1119 4437 1287 4507 τιμὴν
1320 4436 1559 4491 εἰκόνων.

315 4524 455 4579 9915
490 4522 701 4578 Τούτου
734 4520 963 4577 διπΛοῦν
992 4523 1215 4578 θάνατον
1253 4524 1637 4601 ὑφεστηκότος,

494 4617 895 4674 Κωνσταντῖνος
928 4610 1115 4674 ἅθλιος
1150 4612 1387 4667 Συλαίου
1421 4613 1585 4676 λύκος

494 4699 826 4773 Ἀναστασίῳ
855 4702 1008 4756 πάντ’
1040 4700 1236 4763 ἐοικὼς
1265 4702 1340 4764 είς
1372 4697 1547 4770 σέϐας,

498 4789 721 4865 Σχολήν
752 4789 915 4867 ἄγων,
948 4792 1160 4865 ἥρπασε
1186 4794 1276 4847 τὸν
1312 4798 1453 4856 θεῖον
1488 4794 1699 4865 θρόνον⁶

493 4880 714 4935 ’Όντινα
746 4881 1138 4955 Κοπρώνυμος,
1171 4880 1302 4934 αἰνῶ
1328 4882 1396 4947 σ’,
1425 4878 1469 4933 ὦ
1501 4878 1648 4951 δίκη,

314 4968 458 5023 9920
496 4966 694 5040 Θρόνου
724 4970 1065 5029 κατασπάσας
1094 4990 1154 5044 γε
1181 4969 1269 5022 καὶ
1306 4966 1434 5041 μάλ’
1466 4965 1709 5036 ἐνδίκως,

493 5056 595 5128 (Οὐ
627 5055 855 5118 πίστεως
887 5057 950 5110 αὖ
982 5055 1106 5110 οὐδὲ
1137 5054 1421 5132 δογμάτων
1455 5056 1638 5131 χάριν)

492 5145 720 5214 Ἐθηκεν
749 5144 1018 5221 ἐξόριστον
1051 5145 1124 5206 εἰς
1151 5144 1464 5219 ἀλλοτρίαν’

1860 340 2219 398 CESABES.

2009 465 2061 530 Α
2093 464 2164 517 de
2193 463 2404 519 Christi
2438 464 2609 520 Verbi
2639 465 2892 521 essentia
2919 466 3363 538 theanthropica

2092 557 2307 607 rectam
2341 555 2692 609 sententiam
2723 555 2965 625 protulit
2990 560 3046 611 et
3076 555 3446 624 catholicam,

2092 641 2239 695 duas
2261 640 2590 697 voluntates
2622 648 2884 699 statuens
2916 649 2971 698 et
3000 646 3146 699 duas
3179 651 3420 699 naturas

2092 729 2470 798 conjunctae;
2505 747 2709 786 omnes
2741 732 3030 787 damnans
3065 732 3525 805 MonOphysitas.

2091 817 2333 889 Georgio
2365 834 2495 873 mox
2527 818 2809 875 translato
2840 822 2909 874 ad
2940 822 3107 875 sedes
3138 838 3400 891 superas,

2089 903 2301 959 iterum
2332 906 2667 961 Theodorus
2698 908 2915 979 recepit
2948 910 3185 979 pedum.

2090 993 2212 1054 Quo
2238 997 2575 1049 transeunte
2606 997 2674 1049 ad
2711 997 3019 1052 Dominum
3052 1015 3154 1069 per
3185 998 3433 1067 obitum,

2090 1080 2302 1136 Paulus
2333 1083 2427 1151 qui
2460 1082 2516 1136 in
2553 1084 2711 1153 regia
2740 1089 2861 1139 erat
2890 1102 2922 1139 a
2953 1087 3190 1141 secretis

2089 1170 2461 1240 patriarchali
2495 1172 2712 1228 honore
2742 1173 3059 1243 insignitus
3094 1174 3227 1241 fuit,

2090 1257 2299 1328 dignus
2331 1277 2527 1316 revera
2557 1262 2833 1331 postorali
2871 1279 3133 1318 munere.

2087 1350 2224 1401 Post
2254 1348 2407 1403 hunc
2432 1352 2727 1404 communi
2762 1352 2877 1405 fato
2909 1356 3246 1423 exemptum
3278 1352 3445 1421 vivis,

2087 1435 2399 1492 Callinicus
2429 1438 2696 1509 egregius
2727 1438 2825 1493 Dei
2858 1441 3130 1495 sacerdos

2085 1523 2143 1577 in
2170 1523 2618 1581 Blachernarum
2654 1526 2872 1598 templo
2902 1544 3176 1581 vasorum
3208 1534 3423 1595 custos,

2084 1610 2173 1665 vir
2200 1611 2409 1667 litteris
2436 1618 2489 1667 et
2516 1613 2778 1669 moribus
2810 1619 3108 1686 spectatus
3141 1616 3482 1685 admodum,

2085 1698 2353 1756 Ecclesia:
2384 1717 2583 1756 curam
2615 1705 3009 1773 gubernanda)
3032 1706 3257 1776 excepit
3290 1722 3302 1758 :

2006 1804 2054 1868 Β
2087 1802 2259 1858 quem
2285 1788 2691 1844 Rhinotmetus
2722 1794 2908 1845 Caesar
2936 1792 3135 1862 iniquo
3167 1794 3336 1862 jussu

2088 1876 2273 1931 oculis
2303 1882 2651 1933 exczscatum
2688 1880 2824 1934 sede
2858 1880 3083 1951 pepulit
3115 1897 3129 1936 :

2086 1964 2509 2036 substituitque
2540 1967 2749 2038 Cyrum
2782 1983 2851 2021 ex
2879 1968 3212 2023 Amastride

2082 2054 2507 2124 presbyterum,
2544 2070 2573 2109 e
2606 2055 2911 2111 monachis
2942 2073 3087 2127 quos
3116 2057 3283 2113 aiunt
3312 2058 3593 2116 inclusos.

2078 2142 2184 2195 Sed
2219 2141 2375 2197 hunc
2406 2142 2600 2198 divina
2630 2145 2907 2216 dogmata
2937 2150 3192 2201 tuentem

2078 2227 2440 2301 Philippicus
2471 2232 2760 2288 Bardanes
2794 2234 3016 2305 potitus
3047 2239 3275 2305 sceptro

2076 2318 2366 2372 sententia
2395 2319 2616 2389 injusta
2648 2322 2871 2391 pepulit
2902 2322 3061 2391 ovili,

2073 2401 2423 2476 levitamque
2454 2409 2523 2461 ad
2559 2410 2757 2463 sedem
2787 2410 3071 2465 Joannem
3108 2411 3361 2483 extulit;

2072 2492 2172 2562 qui
2205 2501 2603 2551 ceconomatus
2635 2501 2760 2551 erat
2790 2497 3207 2565 cbartularius,

2072 2581 2529 2638 abominandum
2563 2584 2886 2656 hominem,
2918 2586 3221 2659 Eutycheti

2070 2668 2462 2742 Dioscoroque
2494 2673 2779 2739 deditum,
2815 2675 2871 2728 in
2904 2691 3076 2746 grege
3108 2676 3351 2747 lupum;

2068 2757 2166 2827 qui
2198 2759 2433 2813 demum
2467 2762 2602 2814 sede
2637 2762 2842 2829 pulsus
2873 2768 2959 2816 est
2982 2764 3336 2832 justissime.

2064 2848 2345 2903 Sacerdos
2379 2853 2572 2903 autem
2607 2850 2815 2904 Christi
2848 2855 2903 2905 et
2936 2858 3135 2922 pastor
3166 2854 3354 2910 bonus

2065 2936 2233 2990 divus
2262 2936 2609 3003 Germanus,
2645 2938 2852 2994 litteris
2884 2957 2949 2994 ac
2981 2941 3293 2997 virtutibus

2066 3022 2406 3093 splendens,
2430 3024 2667 3080 lucerna
2696 3027 2871 3081 veluti
2901 3029 2958 3082 in
2992 3029 3364 3099 candelabro,

1987 3138 2029 3203 Ο
2067 3127 2097 3164 e
2132 3111 2445 3182 Byzantina
2474 3116 2698 3170 eminus
2731 3117 3044 3187 conspicua
3076 3119 3213 3172 sede

2065 3200 2353 3255 sermonis
2388 3203 2725 3272 magisterio
2756 3205 2984 3260 effulsit
3012 3206 3157 3259 orbi.

2062 3287 2472 3357 Cyzicenorum
2508 3295 2703 3361 pastor
2733 3292 2954 3348 electus
2989 3296 3212 3362 fuerat;

2064 3378 2162 3430 sed
2198 3377 2393 3433 nescio
2424 3395 2528 3433 cur
2558 3380 2628 3434 ab
2660 3379 2778 3435 illis
2812 3398 2924 3435 non
2959 3389 3248 3455 receptus,

2064 3464 2297 3519 interim
2331 3468 2546 3522 mansit
2578 3485 2782 3539 expers
2814 3469 3141 3526 ministerio
3178 3488 3191 3527 :

2065 3557 2266 3624 postea
2294 3555 2609 3611 translatus
2641 3557 2708 3611 ad
2745 3558 3118 3629 Byzantinam
3152 3562 3351 3616 sedem

2060 3657 2293 3713 gregem
2318 3642 2715 3698 Christianum
2745 3647 2918 3702 rectis
2951 3647 3196 3703 minavit
3226 3649 3473 3705 semitis.

2060 3731 2169 3785 Sed
2202 3729 2353 3785 enim
2386 3730 2543 3785 hunc
2574 3732 2813 3787 sceleste
2850 3735 3097 3789 detraxit
3128 3738 3264 3791 sede

2063 3820 2169 3874 Leo
2200 3819 2389 3874 Caesar
2422 3820 2737 3883 Isauricus,
2771 3825 2869 3891 qui
2904 3822 3119 3877 bellum

2063 3909 2287 3978 primus
2317 3908 2526 3963 indixit
2556 3909 2778 3963 sanctis
2803 3909 3181 3979 imaginibus,

2060 3998 2402 4069 objurgante
2434 3998 2710 4053 divinitus
2742 4000 3048 4053 Germano.

2061 4085 2354 4141 Successit
2386 4085 2530 4140 falso
2564 4087 2800 4140 nomine
2833 4087 3178 4142 Anastasius

2060 4174 2359 4243 presbyter
2387 4176 2440 4227 et
2473 4172 2766 4245 syncellus
2798 4175 2855 4229 in
2887 4174 3164 4240 Ecclesia,

2058 4260 2156 4314 sed
2179 4260 2592 4316 iconomachus
2624 4266 2680 4316 et
2708 4267 2995 4333 tyrannus
3028 4264 3244 4334 gregis,

2060 4349 2454 4404 mercenarius
2486 4350 2683 4418 miser,
2714 4350 2891 4421 lupus
2917 4351 3219 4418 exitiosus,

2062 4436 2159 4506 qui
2190 4436 2468 4492 honorem
2506 4439 2731 4509 primus
2763 4438 3061 4509 abrogavit
3091 4440 3437 4511 imaginum.

2065 4523 2180 4578 Hoc
2211 4525 2516 4595 temporali
2552 4534 2733 4581 morte
2765 4532 3093 4597 aeternaque
3123 4528 3435 4596 exstincto,

2064 4613 2264 4669 iufelix
2295 4614 2711 4669 Constantinus
2739 4614 2903 4686 Sylaai
2934 4615 3136 4686 lupus,

2067 4719 2171 4772 par
2199 4702 2505 4757 Anastasio
2539 4703 2829 4773 dogmatis
2861 4703 3178 4773 impietate,

2067 4796 2443 4845 munere‘suo
2476 4805 2715 4855 vacuus,
2748 4790 2957 4846 invasit
2987 4793 3181 4848 sedem
3209 4808 3223 4848 :

2067 4894 2237 4948 quem
2270 4882 2668 4949 Copronymus
2701 4883 2917 4946 tamen,
2949 4881 3057 4935 vah
3087 4881 3098 4935 l
3126 4884 3291 4952 justo.
3320 4898 3491 4955 pmna

2067 4967 2203 5020 sede
2234 4966 2481 5020 detraxit
2510 4982 2647 5021 sane
2680 4969 3176 5025 merentissimum

2066 5054 2460 5125 (nequaquam
2496 5054 2628 5109 ﬁdei
2661 5072 2839 5111 causa
2869 5074 3058 5127 neque
3087 5059 3475 5132 dogmatum),

2067 5146 2123 5196 et
2155 5143 2354 5212 procul
2390 5143 2530 5198 urbe
2560 5144 2785 5215 pepulit
2813 5152 3097 5202 extorrem
3136 5165 3149 5201 :

3627 345 3735 400 362

382 5326 1958 5410 (9Q)Germani.bujsl_spt‘Q‘ieum.TmQtatP.mdefit?
2066 5321 3034 5410 ίυῑῐξέκρηοεοάέοὲρνοιιιιίο..
3216 5400 3225 5410 .
3338 5396 3349 5407 .
3454 5397 3467 5410 .
3558 5396 3568 5408 .

310 5394 767 5477 termino_ant_ea
797 5394 1106 5477 ineditufn,
1128 5399 1304 5477 habes
1332 5399 1389 5453 in
1423 5399 1785 5477 collectionie
1806 5403 1943 5477 Vati:

2075 5462 2106 5477 η
2137 5394 2248 5463 (91)
2280 5395 2518 5477 argutia
2549 5394 2855 5477 Ephrzemii
2884 5400 2974 5451 est
3004 5396 3392 5477 tle-contraria
3421 5396 3708 5477 significa-

310 5484 477 5542 canze
499 5466 795 5542 volumine
824 5472 955 5542 l,p.
989 5469 1265 5542 285-315;
1325 5471 1479 5540 quod
1526 5470 1809 5542 scriptum
1843 5471 1943 5526 sibi

2075 5462 2235 5518 tione
2266 5464 2419 5524 νέκυς
2462 5479 2519 5521 et
2562 5462 2908 5538 ἀναστάσιος,
2938 5467 3104 5538 quasi
3153 5462 3585 5540 viviﬁcans,'vel
3614 5483 3708 5522 re-

312 5486 467 5523 cana:
499 5486 795 5525 vonumme
824 5486 865 5538 ι,
944 5510 955 5522 .
989 5486 1265 5536 raso-.510;
1325 5486 1479 5540 quoa
1526 5486 1809 5542 scriptum
1843 5486 1954 5526 sim
2066 5486 2225 5518 uuae
2266 5486 2314 5516 νε

312 5538 557 5612 Photius
587 5540 646 5593 in
678 5486 1182 5612 Amphifbchianis
1211 5545 1616 5612 usurpaverat,
1648 5542 1732 5597 uti
1782 5541 1955 5598 docui
2064 5549 2314 5606 Surgam.

315 5609 445 5666 coll.
477 5612 655 5681 prmd.
687 5616 730 5665 t.
763 5609 836 5682 ΙΙ,
862 5628 920 5683 p.
952 5611 1078 5681 682,
1111 5612 1210 5667 ubi
1240 5609 1507 5681 ejusdem
1557 5609 1958 5686 cOmplemen-

633 5725 897 5787 Paraon.
945 5726 1054 5787 Gn.
1108 5725 1365 5786 CXLIII.
3314 5735 3392 5796 12
