4136 6292
293 403 404 459 367

294 530 463 580 Hunc
493 523 765 597 spoliavit
796 522 1017 579 honore
1047 523 1158 578 Leo
1187 523 1430 594 Sapiens

293 617 532 686 quartas
561 616 856 667 vetantem
891 610 1177 667 celebrari
1213 610 1469 682 nuptias,

291 701 727 774 syncellamque
759 699 1156 770 Euthymium
1187 716 1287 768 pro
1317 715 1383 753 eo
1415 695 1744 753 constituit.

303 791 519 846 Verum
553 789 661 844 hoc
694 788 822 859 ipso
855 788 1138 859 dignitate
1171 791 1339 841 exuto

300 880 518 935 iterum
551 875 826 932 Nicolaus
856 877 1073 946 recepit
1099 876 1316 930 sedem.

304 968 412 1023 Sed
449 966 558 1020 hoc
589 966 889 1031 defuncto,
921 964 1254 1034 Stephanus
1285 966 1610 1018 Amasenus

304 1052 623 1108 eunuchus
655 1051 828 1122 frugi,
862 1052 1134 1105 sacerdos
1167 1051 1495 1117 ordinatus,

311 1139 722 1212 pontiﬁcatum
751 1155 911 1194 novae
941 1142 1134 1192 Romae
1167 1137 1440 1192 obtinuit.

309 1229 602 1299 Stephano
628 1227 965 1282 communis
999 1227 1098 1280 fati
1130 1227 1414 1281 exstincto
1447 1225 1690 1294 viribus,

309 1318 375 1372 ﬁt
407 1316 740 1388 patriarcha
772 1314 1357 1385 Constantinopoleos

309 1404 634 1460 monachus
662 1402 958 1474 Tryphon,
995 1402 1303 1473 religiosus
1338 1417 1516 1456 senex
1549 1419 1564 1457 :

308 1519 482 1574 quem
511 1504 823 1573 postquam
853 1501 989 1554 sede
1021 1499 1370 1572 depulerunt
1405 1500 1557 1564 dolo,

305 1590 554 1648 Romani
585 1590 960 1660 imperatoris
995 1589 1328 1643 eunuchum
1363 1588 1549 1642 ﬁlium

309 1679 545 1734 nomine
576 1676 1079 1748 Theophylactum
1116 1677 1263 1748 pedo
1297 1678 1520 1730 donant
1556 1693 1568 1730 :

314 1767 414 1838 qui
447 1782 635 1836 neque
665 1769 865 1820 sancte
895 1765 1037 1819 vixit
1069 1781 1170 1819 nec
1202 1763 1593 1836 pastoraliter,

318 1856 419 1911 sed
448 1854 743 1910 venationi
774 1869 1005 1924 semper
1034 1855 1288 1908 absurde
1319 1853 1575 1922 deditus,

320 1943 488 2014 equis
521 1942 847 1997 nutriendis
877 1945 933 1996 et
958 1942 1173 1997 cursim
1204 1941 1558 1996 exercendis.

320 2031 440 2087 Hoc
468 2031 596 2085 vita:
621 2035 677 2085 et
705 2029 1012 2101 dignitatis
1046 2029 1286 2084 faciente
1319 2029 1517 2096 ﬁnem,

320 2123 628 2192 promotus
657 2123 749 2173 est
775 2123 838 2172 ut
869 2123 1024 2173 esset
1055 2118 1150 2172 Dei
1186 2119 1444 2189 pontifex

321 2208 537 2279 dignus
568 2223 869 2262 sacrorum
904 2206 1066 2277 apice
1099 2207 1468 2278 Polyeuctus,

317 2296 588 2368 egregius
622 2311 762 2350 sane
792 2295 883 2349 vir
911 2294 1258 2365 cunctisque
1289 2292 1586 2363 amabilis,

318 2385 503 2457 gloria
532 2383 974 2450 monachorum,
1007 2382 1291 2436 virtutum
1320 2385 1522 2452 typus.

319 2472 600 2528 doctrinae
631 2471 758 2526 luce
784 2470 979 2526 clarus
1012 2471 1110 2525 sed
1147 2469 1331 2541 magis
1363 2470 1646 2525 moribus.

323 2569 438 2626 Hoc
468 2569 649 2624 etiam
682 2566 1047 2637 relinquente
1080 2568 1360 2620 caducam
1393 2566 1597 2629 vitam,

322 2657 538 2712 insedit
569 2656 909 2711 cathedram
941 2654 1194 2708 Basilius
1228 2653 1551 2707 monachus

327 2746 517 2800 dictus
551 2762 583 2800 a
615 2744 802 2816 patria
830 2742 1002 2813 vulgo
1033 2742 1528 2797 Scamandrenus.

333 2835 474 2888 Huic
505 2833 782 2903 abrogato
817 2831 1082 2900 posthinc
1109 2831 1474 2902 pontiﬁcatu,

333 2920 466 2991 pius
497 2921 784 2975 Antonius
814 2919 884 2972 de
911 2919 1096 2973 Studii
1134 2918 1395 2972 coenobio

331 3010 397 3064 ﬁt
429 3007 760 3079 patriarcha
792 3007 1118 3077 Byzantina:
1151 3006 1335 3060 urbis.

327 3096 470 3151 Exin
499 3096 778 3150 honorem
812 3095 1116 3149 abdicanle
1146 3093 1414 3156 Antonio,

327 3183 600 3240 Nicolaus
631 3181 974 3253 cognomine
1003 3181 1431 3251 Chrysoberges

328 3276 560 3328 evectus
591 3276 679 3326 est
705 3271 773 3324 ad
809 3270 1002 3324 sedem
1038 3267 1512 3334 famosissimam,

328 3363 450 3427 Quo
482 3363 823 3414 transeunte
855 3359 923 3412 ad
958 3357 1187 3412 Domini
1219 3364 1593 3427 conspectum

334 3447 612 3519 magister
642 3447 976 3501 cathedram
1013 3445 1228 3500 insedit
1257 3446 1571 3515 Sisinnius,

331 3536 546 3591 litteris
578 3535 806 3601 doctus,
833 3533 1143 3600 medicina,
1177 3537 1233 3588 et
1265 3532 1521 3604 legibus,

337 3624 438 3695 qui
467 3623 810 3676 at'ﬂnitatum
851 3621 1086 3691 scripsit
1109 3621 1308 3690 justos
1341 3622 1576 3691 gradus.

341 3715 654 3781 Postquam
689 3708 923 3764 vitalem
955 3708 1142 3763 lucem
1177 3709 1268 3762 hic
1301 3709 1579 3776 deseruit,

342 3815 566 3854 sacram
599 3797 820 3865 excepit
849 3797 1197 3866 dignitatem
1232 3797 1470 3867 Sergius

347 3885 588 3941 ccenobii
620 3885 900 3940 alumnus
933 3885 1215 3940 Manuelis
1247 3886 1404 3940 dicti.

348 3975 481 4032 Post
511 3977 680 4046 cujus
712 3977 938 4031 obitum
969 3976 1174 4046 praesul
1206 3975 1584 4030 constituitur

344 4064 688 4120 Eustathius
720 4065 990 4135 princeps
1020 4066 1423 4135 presbyteroru
1437 4081 1488 4117 m

342 4153 438 4222 qui
470 4153 529 4208 in
561 4154 681 4207 inde
713 4151 970 4223 palatina
1000 4169 1120 4208 rem
1154 4168 1378 4207 sacram
1411 4157 1636 4208 curant.

347 4250 459 4304 Hoc
486 4265 715 4321 quoque
743 4251 870 4304 vitae
903 4249 1219 4303 terminum
1249 4249 1592 4318 attingente,

343 4338 559 4410 potitus
591 4341 681 4394 est
713 4337 932 4393 honore
965 4337 1201 4392 Alexius
1233 4337 1580 4404 monachus,

342 4425 728 4482 ecclesiarcha
757 4426 816 4480 in
849 4427 1036 4480 Sludii
1069 4427 1354 4490 coenobio,

341 4514 429 4568 vir
460 4513 738 4584 liberalis,
770 4513 1112 4584 splendidus
1144 4516 1430 4569 sacerdos.

342 4603 464 4666 Quo
497 4605 697 4657 sancto
730 4601 1110 4657 concludente
1142 4603 1316 4657 vitam
1350 4602 1536 4668 obitu,

341 4689 584 4744 Michael
615 4695 1000 4759 cognomento
1032 4691 1361 4745 Cerularius

341 4777 556 4833 nobilis
585 4778 673 4831 vir
703 4778 1061 4848 professione
1094 4779 1415 4833 monachus

339 4866 751 4938 episcoporum
784 4866 992 4937 praesul
1025 4868 1400 4922 constituitur
1434 4885 1448 4922 :

339 4964 712 5019 turbulentus
743 4963 936 5030 homo,
969 4968 1333 5036 contemptor
1364 4965 1557 5038 legum
1583 4987 1596 5036 ;

341 5067 515 5122 quem
546 5052 803 5107 Isaacius
834 5052 1025 5107 Caesar
1054 5053 1377 5108 detractum
1412 5055 1548 5110 sede

341 5156 457 5195 non
486 5139 610 5196 sine
642 5139 772 5195 dolo
807 5141 968 5195 misit
997 5140 1057 5196 in
1089 5141 1388 5198 exsilium.

341 5229 521 5292 Cujus
553 5232 681 5298 post
711 5228 935 5283 obitum
970 5230 1244 5285 cathedra
1279 5231 1498 5301 potitur

343 5320 397 5370 et
428 5316 756 5386 patriarcha
789 5333 1036 5388 magnus
1066 5320 1442 5374 constituitur

342 5403 635 5460 Lichudes
663 5404 917 5460 eviratus
944 5407 1380 5476 Constantinus,

342 5493 441 5564 qui
473 5493 758 5564 dignitate
788 5501 912 5550 erat
943 5497 1423 5565 protovestiarius
1455 5517 1468 5554 :

342 5580 623 5652 probatus
649 5581 844 5650 homo,
879 5583 1035 5654 pius,
1062 5588 1118 5638 et
1139 5584 1253 5639 Deo
1285 5586 1555 5656 dilectus,

340 5669 402 5724 in
433 5670 797 5742 negotiorum
829 5671 1198 5743 publicorum
1228 5690 1369 5731 cura

1509 399 1880 453 EPHRBMII
1915 395 2478 455 CHRONOGRAPHI
3583 391 3690 446 368

1967 518 2024 582 Α
2264 525 2356 575 Ὃν
2394 519 2646 592 ἐξελάσας
2684 518 2778 572 τοῦ
2811 516 3008 591 θρόνου
3041 512 3203 591 σοφὸς
3235 513 3383 568 Λέων

2269 609 2642 684 Τετραγαμίας
2677 605 2808 681 ἄγος
2839 604 2900 660 ού
2931 601 3266 678 δεδεγμένον,

2269 695 2539 768 Εὐθύμιον
2578 694 2874 770 σύγκελλον
2909 689 3264 766 ἐγκαθιδρύει.

2061 783 2232 838 10040
2271 783 2485 838 Τούτου
2519 780 2847 855 διωχθέντος
2880 778 2936 834 δὲ
2964 783 3061 845 τῆς
3088 775 3395 853 προεδρίας,

2269 873 2442 927 Πάλιν
2478 873 2504 926 ὁ
2537 870 2808 931 Νικόλαος
2841 867 2968 942 ἔσχε
2997 869 3085 922 τὸν
3120 865 3328 941 θρόνον.

2271 960 2483 1015 Τούτου
2515 959 2784 1025 θανόντος,
2820 958 3090 1034 Στέφανος
3123 955 3414 1027 Ἀμασείας

2279 1047 2581 1110 Σπουδαῖος
2614 1047 2873 1121 εὐνοῦχός
2900 1066 3004 1115 τις,
3034 1045 3179 1119 ἱερὸς
3217 1043 3404 1114 θύτης,

2273 1138 2494 1209 Ῥώμης
2525 1137 2645 1198 νέας
2677 1134 2874 1212 εἷ’ληφε
2902 1136 3000 1203 τὴν
3027 1131 3341 1207 προεδρίαν.

2064 1237 2238 1292 10045
2275 1234 2486 1290 Τούτου
2512 1235 2574 1288 τὸ
2611 1235 2759 1308 βιοῦν
2793 1230 3194 1291 καταλύσαντος
3227 1229 3402 1304 μόρῳ,

2273 1321 2592 1396 Ἀρχιερεὺς
2619 1319 2858 1376 δὲδεικτο
2887 1327 2989 1388 τῆς
3021 1319 3427 1375 Κιυνσταντίνου

2273 1410 2505 1488 Τρύφων
2539 1411 2832 1483 μοναστῆς,
2867 1402 3106 1478 εὐλαϐής
3137 1428 3195 1462 τε
3222 1406 3311 1461 καὶ
3343 1409 3516 1482 γέρων
3549 1424 3561 1438 ·

2269 1497 2424 1554 Τοῦδ’
2450 1497 2811 1562 ἄπελαθὲντος
2843 1495 2899 1550 δὲ
2930 1500 3024 1550 τοῦ
3057 1496 3252 1570 θρόνου
3284 1492 3459 1566 δόλῳ,

2274 1589 2555 1662 Εὐνοῦχος
2588 1588 2702 1648 υίὸς
2734 1585 3016 1657 Ῥωμανοῦ
3052 1582 3319 1658 βασιλέως

2065 1679 2239 1733 10050
2275 1675 2480 1740 Κλῆτιν
2515 1674 2892 1752 Θεοφύλακτος
2925 1672 3082 1746 αὐχεῖ
3111 1671 3202 1726 τὸν
3238 1672 3452 1745 θρόνον,

2275 1764 2394 1839 Οὐχ
2423 1764 2628 1837 εὐαγῶς
2666 1767 2768 1831 ζῶν
2801 1759 2926 1817 οὐδὲ
2955 1761 3090 1816 κατά
3109 1760 3392 1832 ποιμένας,

1987 1859 2035 1923 Β
2279 1852 2634 1925 Κυνηγεσίοις
2662 1850 3044 1925 προστετηκὼς
3071 1847 3115 1903 δ’
3145 1847 3410 1920 ἐκτόπως,

2278 1942 2409 2000 Ταῖς
2433 1938 2792 2010 ἱππομανίαις
2823 1959 2880 1992 τε
2909 1937 2998 1991 καὶ
3029 1937 3234 1991 τούτων
3265 1934 3512 2012 δρόμοις.

2279 2029 2489 2084 Τούτου
2518 2027 2978 2102 καταστρεψαντος
3010 2025 3059 2078 ἐν
3094 2020 3268 2096 θρόνῳ
3302 2025 3440 2100 βίον,

2071 2119 2246 2176 40055
2285 2117 2666 2184 Ἀντικατέστη
2704 2115 3087 2188 ποιμενάρχης
3119 2114 3321 2188 Κυρίου

2283 2203 2625 2264 Πολύευκτος
2656 2201 2800 2276 ἄξιος
2829 2203 3134 2276 ἱεραρχίας,

2282 2291 2544 2346 Εὖκταῖον
2579 2287 2749 2351 ὅντως
2781 2296 2976 2364 χρῆμα
3006 2288 3094 2342 καὶ
3126 2292 3253 2342 πᾶσι
3281 2285 3465 2364 φίλον,

2289 2379 2456 2440 Κλέος
2491 2384 2798 2452 μοναστῶν,
2831 2378 3031 2451 ἀρετῶν
3057 2378 3243 2431 πασῶν
3273 2377 3464 2448 τύπος,

2288 2468 2606 2542 Διαπρὲπων
2642 2466 2789 2540 λόγῳ
2814 2466 2904 2520 καὶ
2935 2465 3121 2541 τρόπῳ
3150 2463 3334 2520 πλέον.

2079 2569 2251 2624 10060
2287 2564 2450 2622 Τοῦδ¹
2476 2564 2861 2629 ἐκλελοιπότος
2893 2562 2948 2617 δὲ
2977 2563 3066 2617 τὸν
3100 2563 3329 2640 φθαρτὸν
3365 2561 3500 2638 βίον,

2291 2653 2549 2727 Μοναχὸς
2584 2651 2864 2712 Βασίλειος
2897 2648 3023 2726 ἔσχε
3051 2651 3141 2704 τὸν
3175 2650 3359 2725 θρόνον

2291 2744 2382 2795 Ἐκ
2409 2749 2509 2810 τῆς
2539 2739 2796 2814 πατρίδος
2833 2736 3256 2812 Σκαμανδρηνὸς
3285 2740 3382 2808 τὴν
3417 2742 3558 2803 θὲσιν
3589 2757 3604 2772 ·

2289 2831 2702 2904 Καθαιρεθὲντος
2728 2825 2889 2882 τοῦδε
2915 2835 3014 2894 τῆς
3046 2824 3356 2903 προεδρίας,

2292 2916 2575 2978 Ἀντώνιός
2603 2937 2683 2977 τις
2715 2911 2952 2993 εὐλαϐής
2985 2916 3012 2969 ὁ
3044 2912 3331 2984 στουδίτης

2081 3007 2256 3062 10065
2294 3004 2628 3079 Ἀρχιθύτης
2656 3009 2863 3078 πέφηνε
2891 3010 2988 3072 τῆς
3022 3000 3368 3072 Βυζαντίδος.

2290 3097 2394 3147 Τοῦ
2428 3091 2474 3146 δ’
2502 3091 2799 3150 Ἀντωνίου
2831 3096 3004 3156 θῶκον
3039 3092 3431 3164 ἀπειπαμένου,

2004 3198 2046 3263 (⁵]
2295 3183 2356 3239 Ὁ
2388 3179 2659 3243 Νικόλαος
2687 3176 3070 3256 Χρυσοϐἑργης
3097 3178 3400 3250 τούπίκλην

2296 3269 2388 3331 Εἷς
2419 3268 2562 3324 τόνδ’
2596 3270 2812 3342 ἀνήχθη
2845 3270 2932 3323 τὸν
2958 3268 3282 3342 περίπυστον
3317 3268 3529 3342 θρόνον.

2293 3357 2502 3414 Τούτου
2538 3357 2894 3430 μεταστάντος
2927 3355 2984 3410 δὲ
3013 3357 3146 3427 πρὸς
3176 3356 3265 3410 τὸν
3295 3353 3590 3428 Δεσπὸτην,

2084 3457 2256 3512 10070
2296 3449 2535 3528 Κατέσχε
2567 3452 2801 3514 Σισίνιος
2837 3455 3131 3527 μάγιστρος
3161 3451 3375 3526 θρόνον,

2298 3541 2550 3604 Παιδείας
2580 3539 2719 3617 ’ἴδρις
2752 3541 3001 3617 ῗατρικῆς
3029 3541 3115 3595 καὶ
3149 3539 3357 3613 νόμων,

2298 3630 2550 3703 Βαθμοὺς
2583 3631 2610 3684 ὁ
2642 3631 2852 3692 συνθεὶς
2885 3628 3232 3704 συγγενικοὺς
3261 3628 3549 3700 ἐννόμους.

2299 3719 2510 3776 Τούτου
2543 3719 2798 3782 θανόντος
2825 3720 2911 3773 καὶ
2947 3716 3271 3778 λελοιπότος
3304 3718 3458 3793 φάος,

2301 3810 2490 3874 Μονῆς
2520 3808 2798 3883 προεστὼς
2833 3806 3095 3875 Μανουήλ
3126 3804 3472 3876 κεκλῃμένης

2092 3900 2264 3954 10075
2304 3898 2531 3973 Σέργιος
2561 3896 2696 3968 ἀνὴρ
2729 3891 3142 3970 παραλαμϐάνει
3177 3893 3386 3969 θρόνον.

2301 3985 2507 4040 Τούτου
2540 3986 2792 4048 θανόντος
2827 3985 3200 4061 ἐγκαθίσταται
3233 3983 3408 4058 θρόνῳ

2305 4076 2529 4150 Πρῶτός
2558 4098 2638 4137 τις
2664 4075 2958 4138 Εὐστάθιος
2982 4075 3033 4128 ἐν
3066 4069 3448 4149 πρεσϐυτέροις

2301 4165 2420 4221 Τῶν
2457 4164 2507 4218 ἐν
2545 4163 2844 4238 βασιλείοις
2873 4183 2932 4238 γε
2962 4163 3416 4237 κατειλεγμένων.

2301 4253 2400 4309 Καὶ
2430 4251 2587 4308 τοῦδε
2616 4254 2677 4308 τὸ
2712 4253 2806 4326 ζῇν
2841 4251 3266 4327 ἐκμετρήσαντος
3301 4250 3476 4325 μόρῳ,

2089 4352 2268 4409 10080
2306 4348 2756 4425 Ἐκκλησιάρχης
2785 4357 2884 4419 τῆς
2920 4357 3086 4424 μονῆς
3114 4354 3210 4404 τοῦ
3244 4345 3505 4403 Στουδίου

2303 4440 2560 4514 Μοναχὸς
2590 4437 2831 4511 Ἀλέξιος
2860 4439 3057 4513 εἴληφε
3089 4440 3278 4514 θρόνον
3314 4456 3326 4470 ·

2014 4557 2061 4622 D
2305 4527 2464 4600 Ἀνὴρ
2500 4525 2907 4602 μεγαλόδωρος,
2942 4522 3132 4588 ὄλϐιος
3167 4524 3353 4594 θύτης.

2303 4615 2483 4690 Οὗπερ
2521 4613 2952 4687 μεταλλάξαντος
2986 4617 3196 4689 εὐαγῶς
3233 4613 3373 4687 βίον,

2144 4761 2162 4782 ,
2303 4702 2504 4768 Κλῆσιν
2536 4704 2770 4778 Μιχαὴλ
2799 4702 3174 4779 Κηρουλάριος
3205 4704 3346 4766 θέσιν

2089 4795 2263 4850 10085
2301 4791 2655 4868 Εὐπατριδῶν
2690 4796 2764 4855 εἷς
2787 4795 2872 4848 καὶ
2905 4792 3258 4866 μονοτρόπων
3287 4791 3402 4862 ἅμα

2301 4881 2618 4945 Καθίσταται
2652 4881 2916 4956 πρόεδρος
2946 4881 3357 4956 ἀρχιποιμένων
3393 4897 3407 4910 ⁸

2299 4972 2647 5046 Θερμουργὸς
2679 4971 2836 5045 ἀνὴρ,
2872 4971 3180 5045 ὑπερόπτης
3210 4972 3317 5024 τῶν
3349 4968 3557 5040 νόμων.

2297 5061 2392 5115 ’Ὸν
2424 5060 2740 5135 καταγαγὼν
2771 5057 3032 5121 Ἰσαάκιος
3065 5059 3281 5134 θρόνου,

2303 5147 2395 5208 Εἷς
2430 5147 2632 5221 ἐξορίαν
2667 5149 2986 5220 παρέπεμψε
3018 5146 3111 5213 σὺν
3142 5144 3311 5217 δόλῳ.

2090 5237 2264 5293 10090
2303 5237 2470 5298 Ἔνθα
2501 5236 2776 5306 θανόντος,
2810 5234 3183 5311 ἐγκαθίδρυται
3217 5235 3396 5310 θρόνῳ

2304 5323 2398 5376 Καὶ
2430 5323 2806 5398 ποιμενάρχης
2838 5321 3202 5379 ἀναδείκνυται
3237 5324 3402 5398 μέγα(

2302 5411 2700 5472 Κωνσταντῖνὸς
2727 5433 2809 5474 τις
2845 5411 3102 5486 ἐκτομίας
3137 5408 3474 5486 Λειχούδης,

2302 5495 2806 5576 Πρωτοϐεστιάριος
2839 5499 2911 5556 ὢν
2943 5504 3040 5572 τὴν
3075 5502 3242 5572 ἀξίαν,

2304 5587 2606 5650 Σπουδαῖος
2637 5586 2826 5662 ὄντως,
2859 5587 3118 5662 εὐλαϐὴς,
3151 5593 3267 5661 Θεῷ
3297 5587 3480 5667 φίλος,

2093 5679 2268 5738 10095
2304 5680 2392 5736 Ἐν
2423 5675 2713 5752 δημοσίαις
2743 5680 3080 5756 πραγμάτων
3122 5675 3486 5753 λειτουργίαις
