4136 6292
325 233 429 289 371
1538 234 1911 290 EPHRBMII
1951 230 2524 292 CHBONOGRAPBI
3617 235 3725 291 372

330 359 633 414 Posterum
655 362 887 427 tempus
918 357 1141 414 dictum
1173 359 1577 415 comﬁrmavit.

328 448 459 503 Jam
495 464 705 518 magno
736 447 867 501 duci
898 448 1267 519 imperatoris
1296 462 1507 519 genero

331 536 404 590 ob
433 534 491 589 id
525 535 772 590 minanti
795 537 1048 605 graviter
1079 536 1573 607 Contostephano,

331 628 387 678 et
417 623 609 678 dirum
643 623 865 694 aliquid
900 626 1086 678 facere
1118 624 1352 689 volenti,

331 711 599 783 praedixit
627 710 822 781 ipsum
856 712 1176 782 periturum
1209 711 1420 783 lapide.

332 800 656 871 Utrumque
685 799 911 854 dictum
943 801 1099 854 exitu
1132 817 1246 854 non
1270 801 1475 855 caruit.

333 893 475 943 Post
503 888 774 943 Cosmam
808 892 1003 942 autem
1046 888 1272 943 Muzalo
1301 888 1573 946 Nicolaus

332 976 518 1049 Cypro
549 976 869 1031 translatus
896 976 1209 1031 Ecclesiam
1237 978 1603 1047 gubernavit,

339 1067 529 1137 ipsius
560 1064 831 1120 Ecclesiae
860 1066 1135 1120 alumnus
1165 1071 1221 1119 et
1250 1066 1440 1132 levita,

337 1169 637 1209 sacrarum
671 1154 828 1209 Pauli
862 1153 1148 1225 interpres
1180 1153 1530 1223 litterarum,

336 1242 505 1314 Cypri
539 1242 748 1296 deinde
773 1242 952 1297 factus
984 1243 1356 1312 archipraesul
1393 1260 1405 1297 :

339 1348 516 1402 quam
552 1335 748 1386 tamen
779 1332 977 1385 sedem
1013 1331 1300 1385 abdicavit
1331 1336 1531 1401 postea

336 1435 582 1490 perosus
616 1419 1008 1473 humanarum
1038 1418 1343 1473 colluviem
1378 1436 1595 1476 rerum-

340 1512 480 1562 Cum
525 1524 659 1562 vero
687 1508 909 1563 otiosus
941 1515 1093 1562 esset
1121 1507 1622 1582 Constantinopoli

341 1596 706 1666 ccenobiique
744 1612 957 1668 praeses
996 1597 1067 1651 ad
1099 1597 1479 1666 Cosmidium,

346 1690 490 1739 tunc
521 1686 758 1756 quidem
792 1686 1161 1757 Byzantinam
1198 1687 1423 1755 excepit
1454 1690 1675 1757 sedem,

351 1771 461 1828 hac
494 1776 691 1827 tamen
724 1773 852 1843 ipsa
882 1776 1089 1843 sponte
1121 1772 1254 1827 dein
1286 1774 1548 1830 recessit.

358 1863 800 1933 Theodotusque
832 1863 1153 1917 monachus
1186 1868 1243 1917 et
1272 1865 1542 1920 sacerdos

362 1968 576 2023 praeses
606 1950 853 2007 coenobii
882 1950 1096 2005 Christi
1124 1952 1504 2021 resurgentis,

362 2041 517 2111 quod
550 2057 705 2094 nunc
734 2039 1105 2095 concluditur
1136 2040 1366 2095 mceniis
1399 2046 1801 2118 metropoleos,

358 2129 610 2183 donatus
642 2132 731 2183 est
760 2129 1091 2200 Byzantinis
1122 2130 1348 2187 infulis.

357 2218 537 2287 Cujus
567 2218 861 2272 demortui
892 2217 1232 2275 Chliarenus
1265 2223 1463 2276 sedem

358 2305 582 2376 excepit
603 2306 1043 2376 Constantinus,
1076 2308 1134 2362 in
1168 2308 1269 2363 Dei
1302 2310 1561 2366 Ecclesia

359 2394 714 2467 praepositus
746 2394 959 2450 sacello
991 2400 1047 2450 et
1077 2395 1274 2463 levita,

353 2485 539 2554 Atque
571 2483 676 2539 hoc
708 2483 885 2538 etiam
919 2484 1225 2551 moriente,
1258 2489 1446 2542 Lucas

353 2572 663 2645 religiosus
692 2571 1121 2643 Chrysoberges
1154 2575 1501 2644 monachus,

355 2661 583 2733 egregie
608 2660 847 2715 functus
869 2661 1153 2716 hactenus
1184 2665 1303 2717 vita
1333 2664 1606 2731 ascetica,

358 2766 462 2820 pro
494 2750 618 2805 suis
647 2749 876 2806 meritis
908 2750 979 2805 ad
1011 2749 1230 2805 infulas
1260 2752 1514 2807 devenit.

357 2837 495 2893 Post
524 2838 738 2892 Lucam
769 2837 1012 2893 Michael
1046 2838 1220 2894 levita
1251 2839 1594 2895 sacellarius

357 2924 848 2997 philosophorum
880 2925 1134 2997 hypatus
1165 2928 1435 2982 Anchiali

356 3012 569 3069 tiaram
600 3013 977 3085 Byzantinam
1009 3014 1238 3086 egregie
1269 3017 1513 3072 ornavit.

356 3104 547 3173 Atque
576 3102 683 3157 hoc
714 3101 1003 3156 translato
1037 3103 1107 3156 ad
1142 3104 1355 3158 caerula
1384 3121 1662 3176 superna,

356 3190 678 3262 Eugeniota
703 3189 1029 3244 monachus
1061 3190 1333 3245 sacerdos

357 3278 617 3334 ccenobio
648 3278 1070 3348 Manganorum
1105 3282 1243 3332 tunc
1270 3279 1645 3350 prepositus,

358 3367 598 3422 nomine
630 3365 930 3433 Chariton,
961 3367 1152 3420 sedem
1183 3368 1505 3437 occupavit.

362 3455 480 3510 Hoc
511 3456 811 3509 deserente
840 3459 1139 3509 terrenum
1171 3454 1516 3525 incolatum,

360 3542 726 3597 Theodosius
756 3542 853 3611 qui
887 3543 943 3595 in
975 3543 1202 3597 Boradii
1238 3544 1501 3598 coenobio
1544 3544 1789 3616 vixerat,

362 3631 449 3685 vir
474 3646 614 3685 sane
644 3629 834 3684 honus
864 3635 919 3684 et
945 3630 1122 3684 decus
1154 3631 1597 3702 monachorum,

362 3717 681 3773 Ecclesiam
712 3717 927 3772 Christi
960 3717 1107 3772 rexit
1136 3717 1528 3777 laudabiliter.

366 3806 423 3861 Is
454 3810 648 3861 tamen
683 3821 916 3861 sacrum
949 3805 1229 3861 honorem
1263 3807 1567 3863 abdicavit.

364 3895 465 3949 Cui
498 3895 695 3949 sedem
725 3911 970 3950 vacuam
1002 3900 1210 3966 sponte
1242 3897 1614 3967 relinquenti,

362 3984 829 4039 venerandarum
869 3985 1049 4038 haeres
1082 3984 1400 4041 infularum

364 4073 650 4128 successit
684 4070 933 4127 Basilius
968 4073 1336 4143 Camaterus,

359 4162 446 4215 vir
465 4160 754 4229 eruditus,
788 4161 1230 4232 chartophylax,
1261 4162 1435 4218 levita
1462 4182 1475 4231 ;

365 4265 540 4320 quem
574 4248 827 4304 Isaacius
858 4249 1172 4320 imperator
1200 4250 1461 4321 Angelus

361 4338 733 4407 pontiﬁcatus
764 4337 922 4391 exuit
951 4336 1168 4393 honore

361 4424 524 4480 falsis
556 4424 793 4481 omnino
819 4425 1281 4481 circumventum
1308 4427 1683 4486 criminibus.

361 4517 474 4568 Pro
505 4530 621 4584 quo
650 4513 881 4569 levitam
914 4513 1178 4570 Ecclesiae
1202 4516 1573 4573 sacellarium

363 4602 596 4658 nomine
626 4602 883 4659 Nicetam
916 4605 1261 4674 cognomine
1292 4605 1626 4662 Muntanem

362 4692 613 4748 Tithono
644 4691 1041 4761 Thucritoque
1069 4694 1439 4751 annosiorem

362 4780 575 4835 creavit
609 4778 911 4850 przesulem
944 4782 1524 4854 Constantinopoleos
1557 4802 1570 4841 :

360 4885 535 4940 quem
564 4867 869 4939 caeteroqui
904 4868 1075 4937 paulo
1107 4873 1238 4940 post
1267 4872 1541 4942 deposuit

353 4962 634 5027 tanquam
669 4956 862 5010 effictas
895 4956 1082 5011 aetatis
1113 4974 1177 5011 ac
1208 4958 1455 5014 delirum
1492 4977 1505 5016 :

355 5044 781 5115 substituitque
811 5044 1177 5115 professione
1212 5049 1568 5104 monachum

356 5134 793 5202 asceticumque
824 5131 1118 5188 hominem
1150 5137 1459 5190 Leontium
1494 5137 1719 5204 mitem,

356 5239 387 5278 e
419 5221 666 5277 collibus
696 5219 968 5275 Auxentii
996 5219 1054 5274 in
1082 5222 1284 5276 urbem
1309 5224 1672 5293 pertrahens.

353 5313 542 5382 Atque
575 5308 731 5365 hunc
763 5308 876 5365 sibi
908 5326 941 5365 a
970 5308 1207 5378 Virgine
1237 5310 1504 5383 Deipara,

430 5523 540 5594 (94)
572 5521 774 5579 Recole
801 5536 927 5593 quae
958 5522 1074 5579 dixi
1107 5524 1178 5580 ad
1210 5526 1373 5581 Vers.
1407 5525 1565 5583 4747.

1995 354 2053 421 Α
2081 356 2256 414 10155
2294 358 2397 416 Καὶ
2425 364 2593 415 ταῦτα
2623 354 2963 433 συμϐέϐηκεν
2995 358 3199 434 ὑστέρῳ
3229 357 3437 433 χρόνῳ·

2290 449 2451 502 Δουκὶ
2486 448 2706 524 μεγάλῳ
2738 450 2825 503 καὶ
2848 452 3175 520 κρατοῦντος
3200 446 3421 523 νυμφίῳ

2292 538 2705 614 Κοντοστεφάνῳ
2736 537 2872 610 πρὸς
2904 534 3017 590 τόδ’
3048 535 3401 605 ἠπειληκότι,

2295 629 2487 698 Δρᾶςαι
2519 623 2770 685 δὀἀεικὶς
2799 622 2943 678 τόνδ’
2974 618 3389 693 ἐπιϐεϐληκότι,

2291 715 2482 786 ’Ἑχειν
2515 717 2742 788 προεῖπε
2770 714 2859 766 τὸν
2886 710 2975 766 διὰ
3006 712 3160 775 λίθου
3202 711 3391 786 μόρον.

2086 802 2258 855 10160
2296 798 2499 870 Εἷ’λησε
2528 798 2573 853 δ’
2605 800 2768 876 ἄμφω
2793 801 2859 855 τὰ
2888 800 3266 875 προλεχθέντα
3294 799 3477 862 τέλος.

2297 890 2431 951 Μεθ’
2462 888 2519 943 ὅν
2552 887 2859 957 Μουζάλων
2888 890 3160 950 Νικόλαος
3192 887 3472 962 Κυπρόθεν

2298 978 2619 1039 Μετατεθεὶς
2654 976 2800 1031 ἴθυνε
2827 979 2925 1045 τὴν
2963 975 3313 1046 Ἐκκλησίαν,

2302 1066 2467 1139 Ἀνὴρ
2497 1085 2788 1141 τροφιμος,
2821 1064 3044 1134 λευίτης
3076 1062 3429 1135 Ἐκκλησίας,

2302 1150 2634 1215 Διδάσκαλος
2665 1154 2714 1207 τ’
2743 1152 2807 1207 αὖ
2836 1175 2942 1207 των
2976 1151 3195 1208 Παύλου
3227 1152 3412 1227 λόγων
3446 1154 3581 1227 (94),

2090 1242 2264 1296 10165
2302 1241 2413 1295 Εἶτ’
2443 1241 2744 1315 ἀρχιθύτης
2777 1239 3064 1315 ἀνεδείχθη
3103 1241 3377 1315 Κυπρίων.

2303 1329 2400 1382 Καὶ
2434 1327 2787 1404 δυσχεραίνας
2818 1331 3150 1404 πραγμάτων
3181 1333 3249 1402 τῇ
3282 1328 3536 1404 συγχύσει

2305 1419 2503 1490 Θρόνον
2536 1420 2883 1492 παρῃτήσατο
2914 1417 3001 1471 καὶ
3032 1415 3346 1489 προεδρίαν.

2305 1503 2637 1568 Βακάντιϐος
2668 1503 2713 1558 δ’
2741 1500 2813 1558 ὢν
2848 1504 2900 1559 ἰν
2936 1503 3176 1579 βασιλίδι
3210 1505 3371 1559 πόλει

2308 1594 2407 1647 Καὶ
2438 1590 2739 1665 Κόσμιδίου
2766 1600 2865 1662 τῆς
2901 1600 3071 1665 μονῆς
3109 1593 3417 1663 ἐπιστάτης.

2026 1712 2074 1776 Β
2106 1683 2279 1737 10170
2318 1680 2527 1754 Εἷ’ληφε
2558 1682 2729 1735 θῶκον
2764 1683 2863 1776 τῆς
2896 1679 3254 1776 ἰξυζαντίδοςτ
3285 1682 3458 1754 τότεῂ

2315 1770 2655 1842 Αὺθαιρέτως
2685 1768 2883 1824 τούτου
2915 1767 2971 1824 δὲ
3005 1768 3263 1833 λιπόντος
3297 1770 3512 1845 θρόνον,

2315 1855 2574 1919 Θεόδοτὸς
2603 1879 2685 1919 τις
2717 1860 2805 1912 καὶ
2844 1860 3084 1933 μοναχὸς
3112 1859 3199 1913 καὶ
3227 1859 3388 1929 θύτης

2315 1945 2494 2012 Mevi:
2525 1949 2801 2019 προεστὼς
2831 1948 3165 2009 ἀναστάσεως
3196 1947 3372 2023 Λόγου

2316 2038 2430 2103 Τῆς
2462 2034 2512 2088 ἐν
2541 2033 2698 2089 πόλει
2729 2040 2818 2089 νῦν
2846 2037 3103 2108 κειμένης
3134 2034 3374 2110 βασιλίδι

2107 2126 2281 2180 10175
2317 2120 2591 2198 Πρόεδρος
2625 2119 2779 2201 ὤφθη
2810 2132 2908 2193 τῆς
2944 2130 3355 2179 Κωνσταντῖνου
3390 2125 3608 2199 θρόνου,

2319 2212 2493 2284 Οῦπερ
2524 2213 2795 2280 θανόντος,
2830 2216 3233 2273 Κωνσταντῖνος
3265 2212 3488 2282 λευ³ιτης

2319 2301 2423 2356 Καὶ
2454 2299 2745 2355 σακελλίου
2774 2308 2873 2370 τῆς
2905 2306 3037 2355 Θεοῦ
3065 2302 3115 2375 γ’
3144 2298 3474 2372 Ἐκκλησίας

2317 2389 2378 2445 Ὁ
2406 2390 2716 2463 Χλιαρηνὸς
2747 2384 3163 2463 παραλαμϐάνει
3198 2389 3412 2464 θρόνον·

2320 2476 2423 2533 Καὶ
2452 2475 2609 2531 τοῦδε
2643 2477 2758 2552 βίον
2793 2478 3227 2550 ἐκμετρῆσαντος
3263 2480 3416 2551 μόρῳ

2107 2566 2280 2620 10180
2319 2570 2525 2622 Λουκᾶς
2558 2566 2797 2639 μοναχὸς
2825 2561 3047 2634 εὐσεϐὴς
3089 2561 3514 2641 Χρυσοϐἑργης.,

2319 2654 2640 2722 Ἀσκητικὸν
2670 2652 2965 2709 κάλλιπον
2995 2654 3165 2708 ἀνύων
3196 2654 3332 2729 βίον,

2318 2741 2579 2814 Ἐπαξίως
2611 2736 2813 2816 ἔσχηκε
2844 2744 2943 2811 τὴν
2980 2739 3291 2818 προεδρίαν.

2317 2830 2448 2891 Μεθ’
2478 2829 2534 2884 ὃν
2569 2829 2803 2904 Μιχαὴλ
2840 2827 3060 2903 λεῦΐτης
3092 2828 3382 2885 σακελλίου

2322 2916 2653 2993 Φίλοσόφων
2685 2917 2887 2981 ὕπατος
2916 2924 3012 2973 τοῦ
3046 2918 3356 2994 Ἀγχιάλου

2109 3005 2285 3062 40185
2325 3010 2532 3077 Κοσμεῖ
2556 3006 2745 3081 θρόνον
2778 3006 3045 3062 κάλλιστα
3072 3012 3173 3073 τῆς
3203 3004 3629 3064 Κωνσταντίνου.

2120 3051 2282 3062 ,νην
2326 3051 2531 3077 ..-η-ν
2561 3051 2742 3081 Ὕηυ
2780 3051 3045 3062 .........-...
3084 3051 3171 3073 ...ς
3203 3051 3629 3064 ......-.......--.

2028 3051 2072 3124 α
2321 3092 2524 3148 Τούτου
2560 3098 2918 3172 μεταστάντος
2944 3093 3000 3150 δὲ
3030 3098 3167 3172 πρὸς
3195 3094 3371 3151 πόλου
3405 3095 3638 3159 πλάτος.

2322 3171 2689 3257 Εὐγενειῶτης
2723 3182 2773 3239 ἐν
2808 3185 3169 3260 μονοτρόποις
3200 3186 3367 3256 θύτης

2320 3273 2511 3340 Μονῆς
2544 3274 2821 3344 προεστὼς
2849 3276 3198 3349 χρηματίσας
3230 3276 3555 3350 Μαγγάνων,

2316 3358 2518 3424 Κλῆσιν
2550 3361 2812 3435 Χαρίτων,
2839 3358 3255 3437 παραλαμϐάνει
3289 3363 3505 3437 θρόνον.

2107 3448 2281 3504 10190
2317 3448 2523 3503 Τούτου
2546 3446 2804 3512 λιποντος
2834 3452 2931 3519 τήν
2965 3452 3111 3505 κάτω
3143 3450 3452 3525 παροικίαν,

2324 3532 2608 3598 Θεοδόσιος
2637 3536 2697 3591 ἐκ
2730 3545 2897 3609 μονῆς
2930 3537 3221 3613 Βοραδίου,

2321 3625 2486 3701 Ἀνὴρ
2518 3627 2714 3701 ἀγαθὸς
2744 3628 2833 3681 καὶ
2870 3629 3224 3703 μονοτρόπων
3264 3630 3448 3698 κΛέος,

2322 3719 2562 3789 Χριστοῦ
2591 3715 2775 3778 καλῶς
2808 3716 2954 3781 ἴθυνε
2982 3718 3080 3786 τήν
3113 3716 3461 3787 Ἐκκλησίαν.

2322 3803 2525 3858 Τούτου
2556 3804 2814 3869 λιπόντος
2842 3807 3126 3881 ἱεραρχίας
3152 3802 3363 3882 θρόνον,

2117 3893 2290 3949 10195
2328 3891 2624 3956 Ἑκουσίως
2653 3915 2711 3949 τε
2735 3895 2823 3949 τὸν
2857 3895 3045 3969 θρόνον
3071 3893 3420 3967 λελοιπότος,

2328 3981 2608 4043 Βασίλειός
2637 4005 2716 4044 τις
2748 3985 3073 4056 Καματηρὸς
3101 3984 3426 4054 τούπίκλην,

2327 4072 2525 4144 Λὸγιος
2556 4073 2713 4145 ἀνὴρ,
2749 4070 3120 4149 χαρτοφύλαξ,
3154 4070 3363 4143 λεῗτης,

2327 4159 2701 4225 Ἀντικατέστη
2734 4164 2811 4230 τῷ
2837 4156 3117 4233 σεϐασμίῳ
3144 4162 3341 4235 θρόνῳ·

2328 4248 2421 4299 "0v
2454 4245 2720 4321 ’Ἄγγελος
2753 4248 2901 4320 σχὼν
2938 4249 3203 4311 Ἰσαάκιος
3232 4251 3429 4323 κράτος

2119 4337 2291 4391 10200
2330 4337 2609 4409 Κατήγαγε
2630 4335 2821 4409 θρόνου
2843 4357 2899 4390 τε
2932 4337 3019 4390 καὶ
3050 4335 3363 4412 προεδρίας,

2036 4406 2083 4470 D
2329 4406 2544 4484 EovBaiq
2562 4406 2862 4500 ’προφάσεις
2898 4406 3169 4480 παντάπαν
3193 4406 3541 4501 ἄνευλόγους.

2322 4511 2688 4587 Σακελλάριον
2724 4512 2941 4583 λιυῖτην
2976 4513 3021 4569 δ’
3054 4514 3377 4586 Ἐκκλησίας

2319 4600 2527 4668 Κλῆσιν
2560 4603 2817 4673 Νικήταν,
2849 4606 3167 4674 Μουντάνην
3202 4602 3258 4658 δὲ
3286 4602 3613 4675 τούπίκλην,

2318 4689 2647 4767 Παλαίτερόν
2681 4712 2743 4766 γε
2771 4694 3019 4749 Τιθωνοῦ
3050 4696 3139 4747 καὶ
3172 4694 3490 4768 Θουκρίτου,

2110 4781 2280 4835 10205
2314 4781 2644 4854 ’Λρχιθύτην
2670 4778 2901 4835 δείκνυσι
2926 4789 3026 4850 τῆς
3057 4782 3482 4837 Κωνσταντίνου·

2318 4868 2464 4921 Μετᾶ
2497 4868 2686 4942 μικρὸν
2723 4866 2778 4923 δὲ
2798 4874 2893 4923 τοῦ
2925 4869 3119 4943 θρόνου
3153 4869 3498 4934 κατασπάσας

2314 4957 2401 5018 Ὠς
2431 4956 2602 5032 ἀφελῆ
2634 4978 2691 5011 τε
2711 4958 2801 5011 καὶ
2836 4958 3022 5032 χρόνῳ
3055 4958 3406 5032 παρειμένον,

2316 5042 2516 5120 Ἀνδρα
2553 5047 2793 5121 μοναχὸν
2827 5047 3021 5123 ἀρετῆς
3053 5043 3164 5102 ὅντ’
3194 5048 3444 5124 ἐργάτην,

2311 5134 2408 5187 Τὸν
2438 5134 2609 5205 πρᾶον
2642 5136 2888 5191 Λεόντιον
2922 5134 3279 5210 ἐγκαθιδρύει,

2104 5225 2276 5279 10210
2308 5222 2502 5287 Λόφων
2535 5224 2623 5277 ἀπ’
2656 5224 2832 5277 αύτων
2867 5226 3079 5301 ἀγαγὼν
3117 5226 3429 5298 Αύξεντίου·

2310 5313 2405 5368 Ὃν
2435 5308 2576 5384 τῷδε
2598 5309 2763 5385 δεῖξαι
2793 5315 2889 5383 τὴν
2920 5312 3274 5391 ἀπείρανδρον
3310 5315 3494 5390 Κόρην
