4138 6296
383 419 494 476 373

596 543 834 620 Ἔφασκε
862 541 1054 604 νυκτὸς
1084 539 1369 615 συλλόγων
1400 525 1804 616 ἠθροῖσμένων,

599 628 756 692 Εἶδός
787 650 867 698 τε,
897 627 1119 699 κλῆσιν,
1153 631 1344 703 ἀρετὴν
1374 627 1524 684 τοῦδ’
1556 631 1835 704 εὐστόχως

599 717 799 779 Καλῶς
832 716 1193 790 διαγράψασαν
1225 718 1297 779 ὡς
1329 717 1382 772 ἐν
1411 718 1598 786 εἰκόνι,

381 811 561 868 10215
600 807 772 865 Ἀλλά
800 828 860 882 γε
886 808 975 860 καὶ
1005 805 1148 860 τόνδ’
1182 807 1466 861 ἀπελαύνει
1496 811 1592 862 τοῦ
1624 807 1838 881 θρόνου,

598 895 776 954 Πάντα
806 893 1046 970 παριδὼν
1077 897 1144 949 τὰ
1168 897 1640 970 προηγορευμένα·

600 985 894 1040 Μετάθεσιν
929 981 985 1036 δὲ
1018 981 1424 1060 δραματουργεῖ
1450 983 1739 1056 ποιμένος·

594 1073 928 1148 Ἀρχιθύτην
960 1074 1062 1146 γὰρ
1094 1077 1192 1137 τῆς
1217 1073 1359 1127 Σιὼν
1399 1079 1498 1142 τῆς
1525 1073 1676 1147 ἁγίας

597 1159 807 1230 Κλῆσιν
841 1158 1126 1228 Θεοδόσιον
1161 1163 1273 1233 (95)
1305 1166 1474 1237 φῦντα
1503 1161 1772 1234 Λατίνων,

389 1263 560 1318 10220
598 1257 794 1322 Ἐθάδα
823 1261 935 1332 (96)
964 1255 1105 1330 τῷδε
1133 1261 1222 1312 καὶ
1255 1261 1568 1333 προήγορον
1597 1258 1849 1334 κράτους,

596 1348 689 1410 Εἷς
725 1352 902 1410 θῶκον
933 1347 1166 1422 ἀνήγαγε
1194 1354 1293 1416 τῆς
1327 1348 1755 1402 Κωνσταντίνου.

595 1435 746 1494 Ἀλλ’
778 1432 937 1490 οὐδὲν
975 1436 1226 1490 ἀπώνατο
1256 1441 1355 1504 τῆς
1387 1436 1733 1511 κακουργίας’

593 1526 832 1600 Ἀμφοῖν
865 1524 966 1596 γὰρ
999 1522 1336 1578 ἐκπέπτωκεν
1369 1524 1673 1598 ἳεραρχίαιν

590 1613 690 1669 Καὶ
724 1609 886 1666 τῶνδ’
915 1610 1125 1684 ἀτίμως
1155 1613 1182 1666 ὁ
1214 1607 1549 1682 προϐληθεὶς
1591 1612 1844 1684 ἀκρίτως.

372 1704 552 1760 10225
588 1707 816 1757 Ἔπειτα
848 1701 1115 1774 Γεώργιος
1149 1702 1175 1754 ὁ
1207 1699 1500 1776 Ξιφιλῖνος

595 1788 939 1866 Σκευορύλαξ
973 1789 1046 1842 ὧν
1075 1790 1174 1857 τῆς
1199 1792 1333 1842 Θεοῦ
1365 1791 1416 1862 γ’
1446 1787 1772 1858 Ἐκκλησίας

593 1879 962 1948 Ποιμαντικὴν
995 1875 1191 1954 εἶ’ληφε
1213 1877 1300 1930 καὶ
1333 1874 1622 1952 προεδρίαν
1656 1880 1788 1952 (97).

595 1966 803 2022 Τούτου
834 1960 1087 2028 Θανόντος
1115 1965 1486 2038 ἐγκαθίσταται
1519 1966 1694 2041 θρόνῳ
1727 1969 1838 2041 (98)

590 2055 650 2110 Ὀ
682 2054 1006 2128 Καματηρὸς
1037 2052 1231 2121 εὐεπὴς
1265 2054 1538 2124 Ἰωάννης,

372 2145 557 2200 10230
592 2139 760 2217 Ἶδρις
790 2141 979 2214 σοφίας
1003 2138 1352 2211 παντοδαπῆς
1383 2142 1472 2196 καὶ
1505 2140 1702 2217 λόγων,

586 2227 900 2301 Ἐπήϐολός
929 2251 987 2284 τε
1018 2229 1306 2304 δογμάτων
1337 2235 1443 2285 τῶν
1472 2228 1689 2300 ἐνθέων,

589 2318 913 2389 Ἐκκλησίας
947 2317 1018 2372 ὥν
1054 2316 1297 2387 λευίτης,
1330 2320 1697 2395 χαρτοφύλαξ·

581 2408 702 2483 Ἐφ’
732 2405 792 2461 οὗ
823 2409 1231 2480 παρεστήσαντο
1264 2412 1482 2460 Λατῖνοι
1514 2407 1699 2461 πόλιν

581 2497 683 2556 Ὃς
714 2493 979 2565 ἐξελαθεὶς
1011 2492 1295 2569 δυστυχῶς
1325 2497 1460 2569 πρὸς
1494 2495 1732 2550 Λατίνων

381 2596 541 2650 10235
581 2592 787 2667 Θρόνου
819 2589 1078 2666 πατρίδος
1107 2597 1207 2660 τῆς
1238 2598 1440 2664 σεμνῆς
1490 2595 1599 2665 (99)
1655 2578 2006 2664 Βυζαντίδος,

584 2681 742 2738 Οἰκεῖ
772 2677 1166 2753 Διδυμότειχον
1202 2679 1278 2741 εἷς
1312 2675 1438 2734 ἄστυ
1470 2678 1698 2757 φθάσας,

582 2771 749 2826 Ἔνθα
781 2768 954 2822 θανὼν
989 2765 1172 2822 ἔλιπεν
1204 2765 1369 2836 ἡλίου
1401 2769 1552 2844 φάος.

582 2859 733 2914 Μετὰ
764 2853 822 2910 δὲ
849 2859 1040 2910 τοῦτον
1067 2856 1323 2928 ποιμένες
1358 2853 1672 2930 βυζαντίδος

584 2947 747 3002 Οὗτοι
779 2939 1199 3017 προεϐλήθησαν
1233 2943 1285 2998 ἐν
1311 2945 1577 3000 Νικαέων·

370 3037 542 3091 10240
576 3039 808 3109 Πρῶτος
838 3033 1066 3106 Μιχαὴλ
1096 3032 1465 3108 Αὐτωρειανὸς
1497 3033 1638 3096 θέσιν

585 3120 866 3196 Βακελλάρ
878 3142 976 3193 ιος,
1008 3119 1193 3190 λευΐτη
1205 3143 1228 3182 ς
1254 3121 1607 3191 Έκκλησίας,

582 3209 753 3287 Ἵδρις
779 3211 970 3288 σοφίας
998 3216 1270 3282 κοσμικῆς
1304 3210 1450 3272 θείας
1484 3213 1614 3282 ἅμα.

584 3299 761 3366 Οὒπερ
794 3295 1218 3370 μεταλλάξαντες
1253 3296 1303 3352 ἒν
1336 3297 1512 3372 θρόνῳ
1557 3297 1694 3373 βίον,

581 3385 858 3463 Θεόδωρος
892 3385 1086 3462 εἴληφε
1108 3388 1209 3454 τὴν
1239 3383 1526 3462 προεδρίαν

373 3479 542 3535 10245
581 3475 904 3546 Ἐκκλησίας
938 3469 1010 3529 ὤν
1045 3471 1289 3544 λευίτης,
1323 3474 1692 3552 χαρτοφύλαξ,

579 3565 954 3636 Τούπώνυμον
990 3564 1141 3638 σχὼν
1170 3563 1461 3636 Εἶρηνικὸς
1495 3564 1784 3640 πατρόθεν,

581 3653 908 3728 Φιλοσόφων
942 3652 1141 3707 ὕπατον
1176 3652 1338 3724 ἀξίαν,
1373 3650 1594 3728 λόγους.

582 3744 684 3800 Καὶ
707 3739 868 3797 τοῦδε
902 3741 1154 3806 θανόντος
1185 3737 1261 3812 δὲ,
1292 3743 1390 3810 τήν
1423 3740 1708 3817 προεδρίαν

581 3831 828 3904 Μάξιμος
861 3829 1021 3904 αὐχεῖ
1049 3831 1136 3883 καὶ
1174 3829 1432 3904 μοναχὸς,
1465 3829 1554 3884 καὶ
1588 3830 1752 3901 θύτης

373 3933 544 3988 10250
581 3931 768 4000 Μονῆς
797 3927 1074 4004 προεστὼς
1108 3925 1328 4002 εὐαγοῦς
1358 3927 1694 3999 ἆκοιμήτων.

579 4020 712 4082 Μεθ’
743 4019 801 4072 ’ὸν
833 4014 1094 4084 Μανουήλ
1130 4015 1442 4093 Φιλόσοφδς
1470 4017 1562 4071 τὸν
1593 4015 1781 4092 λόγον,

581 4107 764 4180 Φύλαξ
795 4100 1027 4181 ἀκριϐὴς
1059 4105 1148 4159 καὶ
1179 4103 1363 4177 νόμων
1395 4105 1483 4158 καὶ
1514 4104 1772 4161 κανόνων.

578 4195 788 4253 Τούτου
821 4194 1108 4254 λειπόντος
1138 4194 1236 4260 τὴν
1267 4194 1413 4246 κάτω
1444 4194 1754 4266 παροικίαν,

575 4283 757 4348 Πολὺς
781 4282 1056 4358 Γερμανὸς
1095 4282 1185 4336 τὸν
1220 4281 1336 4358 βίον
1370 4281 1459 4336 καὶ
1488 4288 1578 4336 τὸν
1614 4281 1780 4357 λόγον

368 4385 539 4440 10255
579 4382 912 4456 Ἀρχιθύτης
946 4376 1209 4433 δέδεικται
1240 4385 1336 4447 τῆς
1368 4380 1798 4453 Κωνσταντίνου,

581 4471 746 4544 Ἀνὴρ
784 4469 1081 4542 μοναστὴς,
1112 4465 1200 4520 καὶ
1228 4471 1360 4521 Θεοῦ
1393 4468 1696 4537 θυηπόλος,

578 4560 779 4632 Αὗχῶν
814 4550 1112 4612 Ἀνάπϐουν
1144 4552 1376 4627 πατρίδα
1409 4554 1803 4632 Προποντίδος,

580 4644 904 4717 Ἐκκλησίας
931 4644 1202 4718 τρόφιμος
1236 4641 1307 4697 ὢν
1339 4651 1437 4714 τῆς
1466 4644 1517 4698 ἐν
1552 4645 1733 4700 πόλει·

579 4735 713 4792 Εἶτα
747 4737 1003 4807 μονάσας,
1032 4733 1124 4787 καὶ
1157 4731 1338 4809 φανεὶς
1364 4737 1496 4787 Θεοῦ
1520 4731 1731 4809 λάτρις,

375 4826 543 4882 10260
582 4822 836 4899 Γεωργίῳ
870 4822 1100 4896 μάρτυρι
1129 4821 1218 4875 καὶ
1249 4819 1604 4896 πεφιλμένος,

577 4910 789 4986 ’Έλαχε
818 4908 1057 4983 ποίμνην
1087 4908 1286 4972 ἰθύνειν
1319 4905 1668 4976 Βυζαντίδος.

436 5056 549 5127 (95)
579 5055 672 5111 Sic
701 5055 876 5109 etiam
909 5071 960 5108 v.
992 5054 1151 5110 6030.
1176 5052 1354 5127 Atqui
1386 5052 2012 5127 hu_nc_pa_s_sim_appel-

365 5123 487 5182 lant
516 5123 616 5182 alii
670 5127 1012 5189 Desit/ceam,
1045 5141 1192 5195 quos
1223 5123 1377 5178 inter
1426 5123 1763 5179 Methodius
1792 5123 1946 5180 intra
1977 5143 2009 5181 a

362 5199 530 5254 nobis
560 5199 848 5253 edendus.
877 5198 984 5251 Sed
1029 5196 1184 5251 enim
1238 5196 1522 5250 Dosithou:
1553 5195 1697 5249 nihil
1731 5195 1887 5250 aliud
1921 5203 2011 5252 est

363 5270 469 5325 nisi
506 5268 850 5325 metathesis
897 5270 994 5320 τοῦ
1046 5266 1384 5321 Theodosius.
1419 5265 1514 5321 Sic
1560 5267 1612 5320 in
1648 5266 1775 5321 coll.
1810 5267 1936 5321 Vat.
1963 5273 2004 5321 t.

362 5341 433 5408 ll,
464 5358 519 5408 p.
555 5342 681 5409 441,
716 5355 892 5409 quem
933 5338 1207 5409 Polybius
1242 5336 1633 5409 appellaverat
1667 5339 2006 5406 Theotinum,

365 5411 649 5469 Diodorus
678 5408 812 5467 cum
845 5408 1457 5482 anagrammateidicit
1489 5409 1839 5482 Timotheum.

426 5486 543 5555 (96)
576 5482 838 5555 Allatius
859 5476 1128 5555 de_Cons_.
1165 5481 1368 5555 p.702,
1400 5479 1625 5555 legebat
1655 5476 1858 5548 ενθάδε,
1879 5496 2006 5549 qua

364 5551 506 5611 mihi
564 5553 778 5610 melior
826 5552 996 5607 lectio
1038 5552 1284 5605 videtur.
1332 5551 1522 5605 Codex
1568 5558 1760 5606 tamen
1813 5555 2008 5606 noster

363 5632 483 5682 tum
517 5627 610 5682 hic
641 5631 772 5680 tum
809 5640 864 5676 v.
891 5624 1026 5677 6031
1065 5622 1240 5676 habet
1268 5617 1450 5681 ἐθᾶδα.

428 5701 536 5771 (97)
580 5697 818 5754 Recitat
867 5700 984 5749 tres
1041 5693 1145 5748 hos
1200 5692 1271 5747 de
1328 5690 1630 5762 Xiphilino
1687 5692 2004 5749 versiculos

1905 417 2007 474 Cl

2134 418 2265 473 IRS.
3681 420 3787 476 374

2058 544 2112 609 Α
2143 543 2373 602 dicebat
2404 549 2662 603 Isaacius
2694 547 2908 603 astanti
2941 547 3148 616 turba,

2142 639 2313 688 noctu
2347 641 2763 702 monstratum,
2797 641 2852 690 et
2884 636 3100 690 affabre
3131 634 3488 706 descriptam

2139 725 2396 792 corporis
2425 727 2679 796 speciem
2713 740 2848 778 cum
2881 723 3090 778 virtute
3120 739 3185 778 ac
3218 723 3473 778 nomine.

2137 810 2330 866 Nihilo
2364 817 2550 867 tamen
2583 813 2781 867 minus
2813 813 2968 866 hunc
3001 811 3135 865 sede
3167 810 3392 882 depulit

2136 905 2338 971 postea
2367 901 2654 955 dictorum
2689 899 2990 971 negligens
3017 915 3278 954 suorum.

2135 986 2399 1057 Namque
2428 989 2743 1043 transferre
2774 987 2958 1042 voluit
2989 988 3350 1057 episcopum.

2134 1078 2353 1130 Sancta
2388 1091 2595 1148 nempe
2623 1074 2814 1130 Sionis
2853 1074 3246 1145 patriarcham

2136 1165 2314 1236 stirpe
2349 1166 2640 1234 Latinum,
2671 1165 3064 1220 Theodosium
3097 1165 3356 1234 nomine,

2134 1254 2426 1325 cognitum
2463 1255 2596 1323 sibi,
2629 1259 2802 1325 atque
2837 1253 3066 1324 imperii
3097 1256 3316 1320 vatem,

2132 1344 2204 1398 ad
2235 1344 2580 1414 Byzantinas
2610 1343 2826 1398 infulas
2860 1343 3143 1414 provexit.

2132 1433 2241 1488 Sed
2276 1433 2497 1487 homini
2529 1433 2608 1486 nil
2643 1433 2862 1504 profuit
2894 1433 3029 1486 facti
3061 1432 3312 1503 novitas,

2132 1523 2419 1578 ambobus
2449 1523 2606 1577 enim
2641 1522 2985 1577 sacerdotiis
3015 1521 3230 1577 excidit

2131 1629 2258 1667 cum
2291 1613 2632 1684 ignominia,
2667 1613 2929 1681 nequiter
2959 1611 3202 1666 electus.

2127 1705 2372 1757 Secutus
2404 1706 2492 1757 est
2523 1701 2807 1773 Georgius
2837 1699 3180 1772 Xiphilinus

2128 1809 2156 1846 e
2185 1791 2594 1863 scevophylace
2626 1791 2683 1844 in
2715 1790 2971 1845 Ecclesia
3001 1789 3099 1845 Dei

2050 1893 2096 1958 Β
2127 1882 2196 1936 ad
2229 1880 2575 1952 pastoralem
2610 1879 2946 1933 cathedram
2983 1878 3314 1933 subvectus.

2135 1973 2248 2025 Hoc
2277 1970 2396 2024 vita
2427 1970 2644 2035 functo,
2677 1969 2987 2024 stationem
3019 1968 3323 2038 occupavit

2131 2061 2248 2117 oris
2279 2059 2512 2115 facundi
2543 2059 2799 2113 Joannes
2831 2061 3169 2112 Camaterus

2130 2150 2437 2221 omnigena
2469 2148 2802 2219 cumulatus
2835 2147 3126 2218 sapientia
3155 2162 3220 2201 ac
3250 2145 3463 2202 litteris

2129 2243 2184 2293 et
2213 2237 2544 2292 divinorum
2578 2237 2919 2305 dogmatum
2952 2232 3432 2301 callentissimus,

2129 2330 2300 2382 antea
2327 2326 2498 2380 levita
2528 2322 2793 2379 Ecclesia
2826 2325 2882 2378 et
2907 2321 3344 2393 chartophylax.

2127 2416 2243 2469 Sub
2274 2431 2340 2469 eo
2372 2413 2741 2483 metropolim
2777 2412 2964 2466 Latini
2996 2414 3496 2481 expugnaverunt.

2128 2504 2515 2571 Quamobrem
2547 2501 2858 2556 infelieiter
2889 2500 2959 2555 ab
2991 2499 3084 2554 his
3117 2499 3394 2571 expulsus

2126 2595 2263 2651 sede
2294 2597 2468 2664 atque
2499 2591 2652 2646 alma
2685 2591 2875 2662 patria
2903 2589 3428 2660 Constantinopoli,

2125 2683 2598 2756 Didymotichum
2633 2679 2939 2736 transtulit
2967 2678 3300 2749 stationem,

2124 2773 2322 2844 ibique
2355 2770 2566 2826 clausit
2598 2769 2796 2824 oculos
2833 2761 3002 2823 vitali
3025 2767 3164 2822 luci.

2123 2863 2260 2918 Post
2288 2861 2444 2916 hunc
2481 2864 2743 2932 pastores
2779 2857 2940 2913 urbis
2974 2854 3303 2928 Byzantina

2122 2952 2183 3007 hi
2214 2951 2562 3006 creabantur
2592 2948 2651 3002 in
2680 2947 2892 3019 oppido
2923 2947 3132 3002 Nicaa.

2124 3041 2351 3098 Primus
2381 3043 2470 3094 est
2498 3036 2765 3106 Michael,
2799 3038 2992 3092 dictus
3024 3035 3401 3103 Autorianus,

2121 3130 2391 3187 Ecclesiae
2424 3127 2767 3184 sacellarius
2798 3131 2855 3182 et
2881 3125 3074 3193 levita,

2042 3235 2085 3304 α
2124 3219 2438 3278 mundanis
2469 3218 2683 3273 litteris
2715 3217 3048 3288 divinisque
3080 3215 3411 3270 abundans.

2116 3315 2256 3368 Post
2287 3325 2457 3381 quem
2491 3307 2550 3361 in
2586 3307 2720 3362 sede
2752 3306 3127 3374 exstinctum,
3159 3304 3500 3360 Theodorus

2117 3398 2269 3456 sacri
2301 3396 2590 3468 primatus
2620 3393 2764 3449 adiit
2797 3395 3103 3462 honorem,

2117 3494 2288 3550 antea
2317 3487 2493 3543 levita
2521 3484 2788 3541 Ecclesia
2822 3489 2878 3540 et
2907 3483 3344 3555 chartophylax,

2117 3575 2324 3636 Irenici
2357 3590 2678 3646 cognomen
2711 3590 2741 3627 a
2773 3577 2934 3644 patre
2967 3571 3229 3638 trahens,

2116 3668 2176 3722 in
2209 3663 2424 3721 studiis
2455 3661 2878 3733 philosophicis
2912 3661 3096 3733 gradu
3137 3660 3401 3732 hypatus.

2115 3757 2237 3822 Quo
2271 3751 2576 3818 moriente,
2611 3766 2786 3804 sacra
2819 3750 2901 3804 rei
2934 3750 3252 3820 primatum

2113 3842 2403 3900 Maximus
2432 3837 2572 3894 tulit
2602 3836 2926 3892 monachus
2958 3839 3253 3907 sacerdos,

2116 3933 2546 3988 Accemetarum
2582 3925 2930 3997 praepositus
2962 3925 3247 3981 ccenobio.

2116 4021 2254 4075 Post
2283 4018 2441 4072 hunc
2473 4013 2862 4086 philosophus
2893 4013 3153 4068 oratione
3183 4013 3433 4084 Manuel,

2115 4108 2309 4181 legum
2343 4107 2613 4162 defensor
2643 4119 3055 4174 canonumque
3085 4103 3348 4161 sedulus.

2113 4200 2234 4262 Quo
2264 4197 2570 4251 deserente
2602 4197 2898 4249 terrenum
2932 4192 3277 4260 incolatum,

2113 4287 2308 4344 clarus
2339 4285 2606 4340 doctrina
2638 4291 2692 4340 et
2723 4284 2987 4339 moribus
3019 4283 3348 4340 Germanus

2115 4381 2346 4434 creatur
2377 4375 2588 4447 praesul
2621 4373 3228 4445 Constantinopoleos,

2115 4464 2204 4520 vir
2234 4462 2651 4518 monachatum
2685 4463 2987 4532 proﬁtens,
3014 4461 3116 4516 Dei
3148 4463 3441 4531 sacerdos,

2046 4584 2084 4645 υ
2119 4554 2331 4627 oppido
2362 4553 2652 4645 oriundus
2683 4551 2904 4645 Anaplo
2929 4551 2995 4645 in
3033 4554 3405 4645 Propontide,

2117 4645 2176 4700 in
2209 4645 2352 4699 urbe
2383 4660 2417 4698 a
2446 4641 2694 4714 pueritia
2725 4641 2992 4696 Ecclesia
3023 4641 3320 4710 alumnus,
3483 4712 3489 4717 _

2122 4733 2332 4788 deinde
2364 4731 2549 4787 factus
2581 4731 2902 4786 monachus
2933 4734 2990 4786 et
3016 4730 3119 4786 Dei
3151 4731 3442 4800 minister,

2121 4840 2293 4880 carus
2325 4823 2611 4893 praecipue
2643 4821 2880 4894 martyri
2915 4821 3189 4893 Georgio;

2121 4917 2418 4986 postremo
2447 4911 2802 4984 Byzantinus
2834 4913 3016 4968 evasit
3041 4917 3257 4984 pastor.

2115 5053 2365 5112 Allatius
2389 5055 2460 5110 de
2488 5054 2752 5125 Georgiis
2785 5072 2840 5125 p.
2873 5056 2998 5125 664,
3033 5056 3124 5112 ed.
3157 5057 3379 5113 Fabric.

2191 5126 2410 5209 (96)E_x
2457 5126 2880 5209 hoeversiculo
2930 5143 3114 5209 usque
3163 5129 3234 5183 ad
3265 5130 3525 5209 v.103_lO
3577 5131 3760 5209 habes

2120 5198 2482 5270 patriarchas
2537 5198 3248 5270 Constantinopolitanos,
3301 5202 3401 5270 qui
3451 5202 3506 5255 in
3557 5205 3760 5259 exsilio

2118 5267 2742 5346 electifueruntLapud
2767 5267 3042 5346 Allatium
3069 5271 3138 5346 de
3157 5267 3546 5346 consensione
3568 5274 3668 5331 lib.
3698 5293 3759 5346 ιι,

2117 5356 2244 5411 cap.
2278 5341 2360 5409 14,
2394 5357 2450 5411 p.
2482 5341 2605 5394 725.
2641 5340 2781 5395 Item
2818 5341 3027 5411 partim
3075 5341 3134 5395 in
3180 5342 3315 5396 adn.
3349 5344 3420 5397 ad
3454 5340 3759 5416 AcropoliJ

2115 5415 2236 5466 tam
2269 5427 2393 5466 can.
2424 5412 2478 5465 6.
3425 5431 3437 5446 -

2142 5428 2236 5466 am
2269 5427 2393 5466 0&0.
2424 5427 2478 5465 Ο.
3425 5431 3437 5446 ·

2186 5429 2582 5556 ῗόθῗεὲἱιὲἰίυβ
2612 5480 2670 5535 in
2704 5484 2955 5552 utroque
3002 5482 3176 5536 citato
3219 5481 3479 5556 locopro
3531 5492 3756 5556 σεμνῆς,

2114 5552 2302 5616 alma,
2347 5552 2488 5621 legit
2536 5550 2695 5621 ἐμῆς,
2729 5550 2879 5607 mea}
2930 5556 3082 5605 Num
3132 5568 3267 5621 ergo
3316 5550 3451 5609 hinc
3497 5550 3624 5612 orta
3669 5550 3760 5615 est

2117 5623 2330 5696 Allatio
2372 5622 2566 5696 Opinio
2615 5625 2768 5696 quod
2817 5621 3123 5692 Ephramii
3175 5625 3355 5696 patria
3409 5626 3752 5696 Byzantium

2116 5695 2320 5761 fuerit;
2354 5693 2830 5765 quandoquidem
2861 5708 2994 5746 eum
3040 5693 3298 5763 appellat
3341 5693 3759 5767 Byzbntinum?
