4136 6292
421 375 530 432 375
1635 382 2009 438 EPHREMII
2043 377 2613 434 CHRONOGRAPHI
3707 376 3824 434 376

421 502 528 558 Sed
561 501 670 558 hoc
701 519 803 576 per
832 504 1058 561 obitum
1096 511 1443 564 transeunte
1471 507 1545 562 ad
1578 506 1891 562 Dominum

325 603 328 606 ‘
423 595 480 646 et
509 592 857 662 patriarchis
887 595 1106 650 sanctis
1139 601 1578 661 connumerato,

423 679 749 736 Methodius
781 681 919 736 item
953 683 1278 739 monachus
1310 691 1364 738 et
1399 686 1495 739 Dei
1529 683 1826 754 sacerdos,

423 771 566 822 tunc
597 769 904 840 Hyacinthi
938 772 1255 841 praesidens
1285 773 1575 839 coenobio,

419 861 680 928 tempore
713 860 904 913 sedem
940 859 1125 914 lenuit
1157 860 1521 916 brevissimo.

423 946 546 1009 Quo
579 947 933 1002 moribunda
964 948 1270 1004 deserente
1304 951 1588 1018 membra,

425 1036 643 1106 pedum
674 1036 959 1107 corripuit
989 1037 1219 1093 Manuel
1251 1039 1718 1110 archipresbyter

424 1123 586 1191 cleri,
616 1126 715 1194 qui
749 1141 978 1179 sacram
1009 1126 1189 1181 aedem
1221 1127 1422 1197 palatii
1453 1134 1642 1194 curat;

423 1227 601 1267 senex
633 1212 942 1284 benignus,
976 1216 1301 1270 mansuetis
1337 1216 1624 1271 moribus.

424 1306 613 1372 Atque
643 1299 753 1356 hoc
782 1303 960 1356 etiam
992 1303 1372 1358 concludente
1399 1305 1598 1368 vitam,

424 1389 708 1445 Arsenius
737 1389 889 1444 inter
919 1390 1238 1446 monachos
1271 1397 1485 1462 pietate
1517 1391 1767 1464 fulgens,

422 1476 704 1531 virtutum
735 1477 948 1532 eximia
978 1483 1154 1548 atque
1185 1479 1444 1533 animata
1475 1479 1668 1550 sedes,

425 1563 644 1619 electus
674 1571 765 1620 est
795 1565 1058 1636 Byzantii
1089 1566 1442 1637 patriarcha.

425 1655 480 1709 Is
512 1658 684 1708 natus
715 1654 955 1724 quidem
987 1663 1106 1710 erat
1137 1656 1195 1710 in
1229 1655 1367 1710 urbe
1394 1655 1581 1728 regia;

425 1743 526 1797 sed
560 1742 620 1796 in
651 1743 901 1798 Nicmnis
935 1744 1307 1798 monasteriis
1341 1750 1540 1814 postea

423 1832 760 1886 totonderat
784 1831 1089 1903 capillum,
1121 1837 1179 1886 et
1209 1833 1389 1887 abbas
1419 1833 1605 1888 fuerat
1639 1849 1652 1887 :

425 1936 581 1974 nunc
613 1919 913 1975 solitarius
944 1920 1045 1974 uni
1077 1921 1193 1975 Deo
1225 1921 1465 1975 vacabat

427 2007 491 2063 In
523 2006 923 2079 Apolloniadis
955 2009 1118 2063 urbis
1149 2009 1474 2075 asceteriis;

427 2111 544 2168 quo
577 2101 836 2165 tempore
871 2096 1118 2152 Nicaeam
1154 2097 1262 2151 fuit
1292 2098 1514 2152 accitus

423 2200 458 2238 a
488 2183 792 2240 Theodoro
821 2187 1042 2240 Caesare
1073 2185 1334 2240 Romano
1370 2202 1382 2238 :

423 2272 524 2327 ubi
557 2272 798 2343 expletis
827 2277 1057 2328 cunctis
1089 2272 1356 2328 Ecclesiae
1390 2273 1669 2344 gradibus

420 2361 490 2415 ad
524 2377 823 2415 summum
865 2360 1209 2415 hierarchiae
1243 2362 1506 2432 pervenit
1537 2362 1782 2431 apicem.

417 2449 558 2503 Cum
591 2453 784 2503 autem
821 2453 1031 2519 sponte
1061 2449 1386 2504 dimisisset
1417 2450 1656 2520 pedum,

419 2537 806 2592 monasticam
840 2537 1096 2608 quietem
1129 2537 1224 2608 pie
1255 2545 1545 2609 repetens,

418 2625 491 2680 ad
523 2625 908 2698 Byzantinum
940 2626 1176 2680 transiit
1207 2626 1690 2696 patriarcbatum,

421 2713 806 2783 Ephesiorum
839 2712 1204 2784 Nicephorus
1236 2714 1715 2786 archiepiscopus

404 2802 521 2872 ‘qui
551 2800 691 2857 olim
725 2802 925 2873 palatii
958 2804 1147 2858 fuerat
1177 2803 1665 2874 archipresbyter,

423 2889 708 2946 Innocens
735 2890 846 2958 vir,
879 2896 1197 2962 perpetuus
1229 2891 1595 2947 Parthenius.

419 2979 608 3048 Atque
639 2978 744 3033 hoc
777 2978 974 3032 sedem
1009 2995 1142 3034 cum
1171 2979 1284 3033 vita
1315 2980 1635 3046 deserente,

421 3066 698 3120 Arsenius
730 3065 957 3136 primus
988 3064 1242 3120 liberatas
1277 3065 1438 3120 urbis

419 3169 652 3209 sacrum
685 3153 1046 3224 recuperavit
1071 3153 1490 3223 principatum.

416 3242 525 3297 Sed
561 3242 715 3296 idem
750 3245 948 3311 postea
977 3240 1281 3311 depositus
1307 3241 1599 3298 sententia

413 3330 821 3401 episcoporum
854 3327 1532 3400 aliorumquejudicum,

413 3419 784 3488 Ecclesiaque
816 3417 1132 3472 abscedere
1162 3429 1420 3486 coactus,

412 3509 472 3562 in
507 3508 946 3562 Praecounesum
979 3504 1238 3560 insulam
1273 3506 1631 3576 deportatur.

414 3596 858 3664 Germanusque
890 3593 1102 3664 praesul
1140 3593 1548 3664 Hadrianopoli

413 3683 735 3738 translatus
765 3687 852 3737 est
885 3682 956 3736 ad
992 3683 1192 3736 urbem
1225 3682 1611 3738 Constantini.

417 3773 630 3827 Verum
662 3771 948 3827 Germano
980 3769 1287 3825 abdicante
1320 3771 1623 3839 honorem,

413 3860 706 3932 Josephus
738 3864 908 3914 rectae
938 3858 1236 3930 religionis
1267 3859 1563 3931 columen,

416 3949 888 4021 presbyterorum
921 3948 1100 4003 decus
1131 3953 1188 4003 et
1220 3950 1643 4005 monachorum

414 4041 616 4094 sancto
648 4036 906 4092 cmnobio
941 4036 1286 4107 prapositus
1319 4037 1560 4104 Galesii,

414 4125 596 4196 mitis,
628 4123 942 4194 benignus,
974 4124 1184 4178 divinas
1215 4124 1362 4195 legis
1393 4143 1683 4197 reverens,

412 4215 667 4271 nutritor
695 4228 1033 4283 egenorum,
1067 4217 1278 4268 natura
1315 4214 1596 4285 clemens,

413 4300 879 4375 patriarcharum
913 4300 1201 4356 celebrem
1233 4300 1448 4356 insedit
1479 4303 1754 4360 thronum

415 4391 592 4463 digne
621 4393 679 4444 et
707 4388 1004 4444 canonicis
1037 4388 1254 4460 regulis
1287 4389 1524 4447 electus.

418 4477 473 4536 Is
504 4479 664 4550 regio
696 4479 755 4533 in
788 4477 939 4533 clero
971 4478 1274 4549 presbyter
1303 4479 1440 4535 olim
1476 4481 1682 4549 fuerat,

419 4567 758 4638 sanctisque
791 4565 1014 4637 nuptiis
1045 4565 1226 4620 filiam
1259 4573 1657 4637 procreaverat
1691 4587 1704 4624 :

419 4661 623 4730 postea
652 4671 783 4710 vero
813 4655 1088 4710 viduatus
1118 4656 1386 4728 conjuge,

422 4743 806 4802 monasticam
841 4743 1136 4814 professus
1168 4743 1419 4801 libenter
1449 4745 1625 4802 vitam
1723 4803 1726 4806 .

423 4833 749 4889 caelestium
783 4833 1065 4886 virtutum
1101 4849 1234 4888 arca
1265 4835 1535 4906 apparuit
1567 4854 1582 4893 :

424 4921 554 4979 exin
583 4919 828 4976 casnobii
863 4919 1118 4975 Galesini
1151 4920 1355 4992 abbas,

423 5010 736 5081 episcOpus
770 5012 1059 5078 postremo
1089 5011 1146 5062 et
1176 5024 1425 5079 magnus
1457 5012 1732 5081 pontifex.

421 5101 563 5154 Cum
598 5100 788 5151 autem
823 5093 1104 5150 Italorum
1137 5096 1350 5167 dogma
1382 5097 1597 5154 invasit

423 5185 742 5242 Ecclesiam
775 5187 1035 5239 nostram
1066 5183 1223 5240 haud
1255 5185 1668 5261 laudabiliter,

500 5379 579 5450 (1)
611 5377 858 5450 Allatius
887 5376 1066 5450 habet
1094 5377 1380 5450 παρθένος.

503 5451 582 5526 (2)
615 5450 751 5526 [mor
774 5449 1108 5526 schismatis
1149 5449 1765 5526 tenacissimus,atque
1792 5454 2008 5512 idcirco
2037 5475 2071 5514 a

432 5520 709 5598 Michaele
739 5520 1056 5598 Ealtpologo
1086 5522 1229 5591 imp.
1255 5523 1390 5577 sede
1417 5520 1813 5598 ejectusfquia
1837 5544 2070 5584 concor-

437 5593 544 5672 diae
575 5607 708 5645 cum
743 5589 1510 5672 Ecclesia'_Romana,_qua'm
1545 5589 1853 5672 praedictus
1882 5600 2073 5672 ἱωρθ-

436 5669 594 5719 rator
621 5660 1048 5735 conciliaverat,
1076 5660 1444 5722 subscribere
1474 5660 1679 5724 noluit.

2098 503 2153 568 Α
2394 499 2604 557 Τούτου
2631 500 2990 572 μεταστάντος
3019 496 3076 554 δέ
3105 501 3241 574 πρὸς
3265 501 3357 555 τὸν
3390 499 3663 568 Δισπότην

2380 589 2478 643 Καὶ
2510 589 2869 665 συναφθέντος
2902 592 3256 663 πατριαρχῶν
3298 587 3500 663 ἀγίοις,

2383 674 2655 738 Μεθόδιός
2686 698 2768 738 τις
2796 678 2886 731 καὶ
2921 677 3164 751 μοναχὸς
3190 676 3280 732 καὶ
3313 677 3496 746 θύτης,

2171 766 2345 820 10265
2383 767 2580 836 Μονῆςι
2598 765 2875 839 προεστὼς
2907 769 3006 830 τῆς
3035 766 3316 819 Ὑακίνθου
3336 766 3480 833 τότε,

2383 853 2505 910 Ἐπὶ
2542 852 2838 929 βράχιστον
2874 853 3138 909 ἀπολαύει
3166 857 3262 908 τοῦ
3294 855 3508 926 θρόνου·

2381 941 2560 1016 Οὗπερ
2593 944 2864 1012 θανόντος,
2895 943 2984 996 καὶ
3016 940 3271 1003 λιπόντος
3301 943 3391 996 τὸν
3430 943 3572 1017 βίον,

2380 1031 2440 1086 Ὁ
2471 1031 2831 1105 πρωτοθότης
2861 1029 3125 1099 Μανουήλ
3155 1026 3283 1106 ἔσχε
3315 1031 3503 1104 θρόνον

2379 1120 2502 1174 Τῶν
2533 1117 2583 1171 έν
2619 1119 2882 1192 βσιλείοις
2910 1141 2971 1192 γε
2995 1117 3448 1193 κατειλεγμένων,

2171 1207 2350 1262 10270
2387 1205 2564 1280 Γέρων
2596 1209 2906 1282 προσηνὴς,
2939 1209 3218 1283 μειλίχιος
3249 1210 3339 1263 τὸν
3366 1207 3593 1284 τρόπον.

2383 1297 2740 1368 Χρησαμένου
2768 1295 2914 1351 τέλει
2949 1295 3005 1352 δὶ
3031 1294 3192 1352 τοῦδε
3219 1301 3314 1351 τοῦ
3344 1297 3488 1372 βίου,

2383 1383 2658 1459 Ἀρσένιός
2686 1406 2769 1447 τις
2802 1381 3037 1454 εὐλαϐὴς
3068 1386 3444 1459 μονοτρόπων,

2384 1473 2506 1527 Τῶν
2540 1474 2742 1547 ἀρετῶν
2775 1473 3093 1540 κάλλιστος,
3125 1469 3375 1547 ἔμψυχος
3410 1473 3596 1547 θρόνος

2385 1559 2478 1620 Εἷς
2512 1562 2893 1635 ποιμενάρχην
2927 1561 3095 1635 ᾑρέθη
3130 1559 3478 1629 Βυζαντίδος,

2174 1649 2346 1704 10275
2387 1649 2577 1722 Σειράν
2611 1649 2798 1723 γένους
2823 1646 2998 1703 ἕλκων
3028 1650 3120 1722 μὲν
3154 1648 3211 1702 ἐκ
3241 1649 3529 1717 Βυζαντίου

2385 1736 2572 1809 Κόμην
2601 1734 2658 1790 δὲ
2686 1737 2868 1811 καρεὶς
2901 1736 2950 1790 έν
2987 1742 3179 1806 μοναῖς
3207 1745 3305 1806 τῆς
3336 1737 3586 1804 Νικαίας,

2098 1861 2144 1924 Β
2384 1825 2487 1878 Καὶ
2519 1822 2652 1897 τῇδε
2681 1822 2915 1898 δειχθεὶς
2946 1823 3242 1896 καὶ¹μονῆς
3272 1823 3584 1892 έπιστάτης’

2393 1912 2507 1976 Εἶθ’
2537 1914 2828 1986 ἡσυχάζων
2858 1913 2947 1967 καὶ
2979 1917 3092 1984 Θεῷ
3114 1911 3466 1987 προσανέχων

2392 2001 2476 2055 Ἐν
2509 1997 2957 2061 Ἀπολλωνιάδος
2990 2000 3349 2074 ἀσκητηρίοις

2181 2091 2354 2144 10280
2393 2089 2619 2162 Ἀφῖκτο
2648 2087 2875 2156 κληθεὶς
2907 2088 2984 2152 εἷς
3009 2089 3169 2144 πόλιν
3203 2088 3444 2145 Νικαέων

2390 2177 2531 2252 Πρὸς
2556 2180 2653 2231 τοῦ
2681 2181 3004 2251 κρατοῦντος
3032 2176 3282 2234 Αὐσόνων
3316 2175 3619 2251 Θεοδώρου’

2387 2266 2490 2322 Καὶ
2521 2265 2691 2320 πάντα
2727 2267 2931 2340 βαθμὸν
2965 2266 3158 2328 ἀνύσας
3187 2264 3513 2336 Ἑκκλησίας

2391 2353 2486 2417 Εἲς
2517 2353 2652 2427 seu;
2683 2352 2827 2430 ἤρθη
2860 2356 3265 2430 ποιμεναρχίας
3295 2357 3454 2430 μέγα.

2389 2443 2739 2517 Αὐθαιρέτως
2773 2442 2966 2497 τούτου
2999 2441 3055 2498 δέ
3088 2444 3340 2506 λιπόντος
3374 2443 3583 2519 θρόνον,

2178 2532 2354 2586 10285
2391 2528 2636 2602 Μονῇιὸὶ
2667 2531 2826 2585 αὐτὸν
2859 2530 3065 2606 εὖαγῶς
3097 2529 3397 2594 δεδωκότος

2386 2619 2694 2693 Ν.κηφόρος
2727 2617 2992 2694 πρόεδρος
3021 2619 3093 2673 ὢν
3127 2621 3384 2697 Ἐφεσίων

2388 2705 2684 2780 Προεδρίαν
2717 2705 2912 2786 εἶ’ληιρε
2940 2715 3038 2778 τῆς
3073 2711 3498 2778 Κωνσταντίνου,

2385 2797 2484 2857 ’ος
2519 2794 2875 2870 ἀρχιλευῒτης
2910 2797 3033 2872 πρὶν
3066 2798 3132 2866 ἧν
3161 2797 3448 2865 παλατίου,

2382 2885 2552 2956 Ἀνὴρ
2585 2885 2865 2961 ἆμεμθρὴς,
2895 2888 3184 2959 παρθένιος
3215 2889 3292 2960 (1)
3325 2885 3413 2942 διὰ
3437 2885 3578 2962 βίου.

2175 2973 2353 3028 10290
2392 2970 2603 3028 Τούτου
2632 2969 3052 3042 τελευτήσαντος
3084 2973 3134 3028 ἐν
3166 2973 3427 3050 προεδρίᾳ

2381 3060 2656 3129 Ἀρσένιος
2686 3061 2990 3134 πρώτιστος
3021 3058 3398 3136 ἀπολαμϐάνει

2381 3151 2486 3216 Τῆς
2520 3145 2798 3224 βασιλίδος
2831 3150 2978 3224 ἱερὰν
3007 3147 3316 3224 προεδρίαν·

2089 3213 2132 3279 C
2381 3237 2696 3311 Καθαιρέσει
2723 3236 2919 3292 τούτου
2950 3235 3007 3292 δέ
3044 3240 3460 3313 καθυπηγμένου

2379 3325 2521 3399 Πρὸς
2553 3330 2940 3402 ποιμεναρχῶν
2976 3327 3065 3381 καὶ
3094 3325 3358 3383 δικαστῶν
3388 3333 3493 3384 τῶν
3523 3327 3667 3402 τότε,

2163 3413 2344 3470 10395
2378 3415 2488 3468 Εἶτ’
2519 3412 2882 3478 ἀπελαθέντος
2909 3437 2967 3468 τε
2994 3422 3095 3484 τῆς
3135 3415 3480 3489 Ἐκκλησίας,

2377 3501 2472 3565 Εἰς
2499 3504 2868 3573 Προικόνησον
2903 3502 2949 3558 δ’
2979 3504 3314 3580 ἀπαχθέντος
3351 3504 3560 3576 νησίδα,

2375 3597 2488 3659 Τῆς
2523 3588 2808 3666 Ἀδριανυῦ
2833 3594 3104 3666 Γερμανὸς
3133 3593 3461 3668 ἀρχιθότης,

2377 3678 2670 3735 Μεταθέσει
2704 3677 2941 3735 δέδεικτο
2972 3682 3061 3736 καὶ
3091 3680 3435 3751 Βυζαντίδος.

2375 3767 2576 3822 Τούτου
2607 3773 2926 3844 παραιτήσει
2961 3769 3017 3825 δὲ
3048 3770 3310 3835 λιπόντος
3339 3771 3551 3846 θρόνον,

2166 3858 2339 3914 10300
2376 3859 2538 3934 Ἀνήρ
2571 3861 2761 3932 Ἰωσήρ
2797 3857 3110 3933 ὀρθοδοξίας
3141 3860 3337 3924 στόλος
3366 3864 3462 3934 (2),

2380 3947 2544 4012 Κλέος
2577 3953 2854 4021 μοναστῶν
2889 3950 3003 4022 ἅμα
3031 3949 3118 4003 καὶ
3159 3945 3556 4024 πρεσϐυτέρων,

2379 4039 2569 4106 Μονῆς
2604 4038 2883 4111 προεστὼς
2915 4039 3138 4111 εὐαγοῦς
3168 4038 3461 4109 Γαλησίου,

2377 4129 2578 4199 Πρᾶος,
2611 4127 2823 4200 χαρίεις
2851 4125 2940 4179 καὶ
2968 4131 3098 4181 Θεοῦ
3127 4126 3341 4202 τρέμων
3372 4126 3593 4200 νόμους,

2376 4215 2800 4288 Πτωχοτρόφος,
2830 4211 3133 4290 φίλοικτος,
3169 4213 3546 4291 ιῦσπλαγχνος
3578 4213 3760 4292 φύσει,

2166 4303 2341 4358 10305
2379 4301 2472 4362 Εἷς
2495 4306 2846 4375 πατριαρχῶν
2878 4301 2971 4356 τὸν
3003 4302 3327 4376 περίπυστον
3373 4299 3559 4377 θρόνον

2377 4389 2648 4462 Ἀνάγετςι
2683 4386 2749 4458 δὴ
2779 4395 3103 4452 κανονικῶς.
3134 4390 3316 4464 ἀξίως,

2377 4476 2602 4550 Κλήρου
2631 4477 2814 4532 πέλων
2848 4481 2923 4540 εἷς
2954 4484 3049 4534 τοῦ
3084 4479 3362 4554 βασιλείου
3391 4478 3584 4547 πάλαι,

2089 4572 2134 4635 D
2379 4566 2565 4637 Γήμας
2596 4585 2654 4619 τε
2685 4570 2896 4638 σεμνῶς
2923 4566 3013 4621 καὶ
3041 4567 3210 4622 τεκὼν
3242 4567 3525 4643 θυγατέρα⁸

2378 4655 2488 4709 Εἶτ’
2518 4648 2812 4708 ἀποϐαλὼν
2849 4655 3060 4728 θανάτῳ
3090 4658 3408 4722 συνιυνέτιν,

2165 4745 2342 4800 10310
2381 4743 2477 4796 Καὶ
2504 4743 2571 4797 τὰ
2603 4748 2859 4818 μοναχῶν
2891 4743 3092 4806 ὐποδὺς
3128 4744 3454 4820 ὁμοψόχως,

2378 4833 2550 4904 Ὠφθη
2585 4829 2802 4907 δοχεῖον
2837 4833 3038 4908 ἀρετῶν
3069 4838 3176 4887 τῶν
3209 4831 3424 4897 ἐνθέων

2381 4921 2841 4994 Ἐπειταξποιμὴν
2873 4927 2972 4990 τῆς
3009 4928 3181 4994 μονῆς
3214 4921 3505 4992 Γαλησίου,

2383 5007 2482 5062 Καὶ
2514 5009 2894 5084 ποιμενὸἰρχης
2928 5008 3230 5084 ἀρχιθότης
3259 5011 3304 5064 τ’
3335 5008 3399 5064 αὖ
3433 5011 3619 5085 μέγας.

2386 5097 2534 5150 Ἐπεὶ
2565 5093 2611 5150 δ’
2643 5095 2865 5151 Ἰταλῶν
2896 5094 3071 5170 δόγμα
3098 5100 3499 5175 παρεισεφθάρη

2176 5186 2350 5241 10315
2386 5185 2471 5239 Ἐν
2499 5188 2566 5257 τῇ
2598 5186 2715 5238 καθ’
2744 5186 2890 5257 ἡμᾶς
2922 5183 2982 5238 οὐ
3013 5183 3196 5248 καλῶς
3227 5184 3524 5259 Ἐκκλησία
3553 5189 3630 5262 (3)

2249 5386 2750 5461 (3)_Ephraam_ium
2808 5387 3070 5443 animum
3122 5406 3362 5460 prorsus
3411 5406 3610 5461 gerere
3660 5389 3816 5446 schi-

2178 5457 2512 5527 smaticum,
2547 5457 2709 5525 alibi,
2742 5475 2975 5528 quoque
3016 5457 3510 5529 cognovimusfet
3539 5477 3692 5517 nunc
3722 5462 3816 5516 his

2179 5529 2439 5584 factiosis
2470 5530 2526 5583 in
2557 5529 2876 5599 Josephum
2911 5529 3185 5586 laudibus
3218 5549 3422 5587 rursus
3453 5534 3812 5587 demonstra-

2177 5605 2292 5656 tur.
2327 5600 2452 5655 Non
2475 5605 2573 5654 .est
2603 5606 2793 5653 autem
2841 5601 2933 5654 hic
2972 5599 3134 5655 locus
3165 5603 3455 5657 refutandi
3486 5603 3814 5658 Graecorum

2181 5685 2405 5728 errores
2435 5675 2493 5726 et
2521 5670 2807 5739 schisma;
2839 5670 2897 5725 id
2921 5671 3074 5742 quod
3095 5673 3222 5742 jam
3253 5674 3576 5730 doctissimi
3606 5673 3814 5730 catho-
