4138 6296
353 345 457 401 377
1869 346 1978 401 CB
1985 346 2232 401 SARES.

557 468 764 523 Τούτου
795 465 1129 530 διιθύνοντος
1158 462 1389 528 εὐσεϐῶς
1419 470 1631 542 θρόνον,

567 558 666 613 Καὶ
694 554 825 627 τῷδ’
858 555 1062 625 ἐπῆκτο
1091 554 1209 609 τάδ’
1236 556 1473 610 ἐπαινεῖν
1504 578 1585 617 τις
1621 556 1730 631 βίᾳ,

561 646 623 701 ’0
657 642 703 698 δ’
733 644 969 706 ἀκλινῶς
1000 641 1239 718 ἥδραστο
1275 643 1559 719 δογμάτων
1598 645 1766 718 βάσει·

563 728 925 789 Ἐκϐάλλεται
958 730 1023 801 δή
1055 736 1151 786 τοῦ
1185 734 1378 807 θρόνου
1412 731 1539 806 μάλ’
1572 732 1797 801 ἀδίκως,

355 825 527 880 10320
564 823 653 883 Ὦς
687 820 1002 896 ὑπεραθλῶν
1039 818 1331 895 δογμάτων
1365 821 1538 895 ὀρθῶν
1574 819 1726 894 ἄγαν,

560 912 654 972 Εἷς
687 908 732 963 δ’
764 907 1088 977 ἀλλοδαπὴν
1121 909 1479 963 ἀπελαύνεται
1513 909 1707 983 χθόνα,

561 999 956 1071 Καθαιρετικήν
990 1000 1169 1073 ψῆφον
1203 999 1616 1071 ἀρχιποιμὲνων

564 1085 976 1161 Σχεδιασάντων
1008 1086 1141 1140 κατά
1170 1083 1317 1140 τοῦδ’
1349 1084 1626 1147 ἀναιτίως·

567 1176 727 1233 Τοῦτ’
758 1174 1117 1235 ἀπελαθὲντος
1150 1172 1208 1228 δὲ
1231 1180 1333 1243 τῆς
1362 1174 1715 1247 προστασίας,

362 1267 530 1322 10325
567 1264 819 1333 Ἰωάννης
849 1284 932 1325 τις
963 1264 1063 1329 τὴν
1095 1263 1385 1331 ἐπίκλησιν
1418 1264 1620 1324 Βὲκκος

560 1353 939 1421 Ἀντικατὲστη
972 1356 1298 1428 συμφρονῶν
1332 1356 1449 1415 τοῖς
1480 1351 1755 1413 Λατίνοις.

558 1440 885 1511 Ἐκκλησίας
918 1437 991 1494 ὢν
1021 1438 1377 1517 χαρτοιρύλαξ
1408 1439 1653 1513 λευΐτης,

557 1532 727 1602 Ἀνὴρ
762 1530 928 1605 σοφός
958 1549 1040 1589 τις
1072 1527 1503 1601 ἐντεθραμμένος
1535 1528 1749 1601 λόγοις.

560 1616 726 1675 Τοῦδ’
757 1615 1155 1691 ἐκδιωχθέντος
1188 1614 1245 1670 δὲ
1272 1623 1375 1684 τῆς
1407 1618 1740 1686 ἘκκΛησίας

346 1710 524 1765 10330
560 1707 747 1761 Νεύσει
780 1710 1105 1780 κρατοῦντος
1137 1700 1388 1765 εὐσεϐοῦς
1420 1704 1765 1779 Ἀνδρονίκου
1796 1708 1871 1779 (4)

562 1796 724 1866 Ζήλῳ
752 1814 810 1847 τε
840 1797 1071 1860 πιστῶν,
1103 1794 1178 1854 ὡς
1203 1795 1500 1867 προμάχου
1534 1793 1773 1847 Λατίνων

564 1881 733 1938 Πάλιν
763 1885 841 1955 (5)
872 1883 1076 1950 Ἰωσὴφ
1108 1876 1486 1953 ἀπολαμϐάνει
1518 1882 1731 1957 θρόνον³

562 1972 740 2046 Οὗπερ
774 1968 1032 2031 λιπόντος
1064 1970 1155 2023 τὸν
1193 1970 1305 2043 βίον
1336 1972 1423 2023 καὶ
1452 1970 1543 2023 τὸν
1578 1966 1792 2045 θρόνον,

562 2059 740 2134 Σοφός
768 2079 853 2120 τις
886 2058 1019 2131 ἀνὴρ
1054 2060 1354 2133 Γρηγόριος
1384 2058 1659 2131 Κυπρόθεν

340 2152 530 2206 10335
566 2148 757 2221 Λόγων
791 2151 972 2223 σοφῶν
1006 2144 1296 2217 παίδευμα,
1330 2151 1545 2217 μουσῶν
1580 2144 1746 2217 ἑστία,

557 2237 651 2298 Εἷς
683 2239 1037 2311 πατριαρχῶν
1069 2230 1416 2288 ἀνεϐιϐάσθαι
1458 2235 1673 2307 θρόνον⁸

555 2326 746 2388 ’Ὁστις
773 2321 1040 2398 πατρίδος
1066 2323 1156 2376 καὶ
1188 2329 1456 2397 πατρικῆς
1490 2323 1659 2385 οἰκίας

556 2414 740 2487 Φυγάς
770 2413 1004 2485 ὑπάρξας
1036 2416 1163 2472 παῖς
1196 2408 1273 2464 ἔτι
1305 2431 1393 2464 πω
1422 2412 1733 2485 τυγχάνων,

563 2498 904 2562 Παιδεύσεως
935 2499 1097 2575 ἔρωτι
1127 2498 1216 2552 καὶ
1253 2500 1592 2571 μαθημάτων

342 2593 520 2647 10340
559 2588 770 2647 Ἐλθὼν
801 2593 1043 2642 κατοικεῖ
1070 2588 1207 2660 πρὸς
1235 2586 1398 2642 πόλιν
1431 2590 1838 2644 Κωνσταντίνου

558 2678 738 2732 Αὐτὸν
769 2675 826 2731 δὲ
860 2678 1171 2750 μαθήμασιν
1206 2673 1394 2738 ἐκδοὺς
1423 2676 1513 2730 καὶ
1544 2676 1732 2738 πόνοις

566 2768 793 2841 Ἀιρῖκτο
824 2765 959 2835 πρὸς
993 2763 1126 2840 μέγα
1148 2786 1200 2818 τι
1233 2761 1479 2825 παιδείας
1518 2764 1700 2839 βάθοςο

558 2854 692 2910 Εἶτα
718 2853 983 2914 καταστὰς
1015 2852 1296 2927 γνώριμος
1328 2853 1654 2927 στεφηωόρῳ

562 2941 661 2995 Καὶ
693 2941 973 3015 συνταγεὶς
1003 2939 1199 3013 κλήρῳ
1226 2961 1285 2995 τε
1312 2940 1408 2995 τοῦ
1439 2940 1729 3009 παλατίου,

343 3032 528 3088 10345
565 3030 897 3104 Ἀρχιθύτης
927 3028 1132 3105 πέφηνε
1160 3034 1257 3097 τῆς
1288 3028 1715 3098 Κωνσταντίνευ,

560 3118 642 3174 Τὰ
668 3122 776 3172 τῶν
810 3121 1068 3191 μοναχῶν
1101 3116 1227 3190 πρὶν
1256 3114 1552 3185 τελεσθεὶς,
1594 3117 1666 3178 ὠς
1697 3113 1817 3180 ἔθος

558 3205 903 3278 Αὐθαιρὲτως
928 3204 1122 3258 τούτου
1150 3201 1206 3258 δὲ
1233 3201 1489 3265 λιπόντος
1520 3204 1731 3278 θρόνον,

556 3293 871 3356 Ἀθανάσιος
904 3292 963 3347 ἐκ
990 3292 1167 3361 καλῆς
1198 3293 1435 3365 ἡσυχίας

562 3382 888 3451 Ἀσκητικός
916 3402 999 3443 τις
1032 3380 1083 3434 ἐν
1121 3381 1487 3453 μονοτρόποις
1517 3380 1707 3449 θύτης,

330 3474 518 3530 10350
556 3470 817 3532 Γεννάδας
851 3471 1009 3543 ἀνὴρ,
1038 3469 1359 3543 καρτερικὸς
1390 3470 1526 3544 πρὸς
1559 3469 1781 3536 πόνους,

563 3560 941 3629 Ἀντικατὲστη
974 3562 1054 3630 τῷ
1084 3555 1409 3626 Βυζαντίδος
1441 3557 1641 3629 θρόνῳ.

562 3648 772 3704 Τούτου
803 3648 1125 3719 παραιτήσει
1161 3644 1217 3700 δὶ
1248 3645 1506 3708 λιπόντος
1542 3645 1759 3719 θρόνον,

564 3739 751 3797 ’Όσιος
785 3735 923 3810 ἀνὴρ
956 3729 1195 3802 εὐλαϐὴς
1231 3736 1511 3804 Ἰωάννης,

566 3824 830 3895 Γαληνὸς,
865 3823 1225 3889 εύὲντευκτος,
1259 3824 1461 3898 ἀρετῶν
1496 3823 1707 3896 θρόνος,

334 3915 529 3971 10355
567 3910 738 3974 Κλέος
770 3917 1029 3987 μοναχῶν
1061 3914 1174 3984 ἅμα
1202 3910 1291 3965 καὶ
1317 3905 1716 3985 πρεσϐυτέρων,

567 4001 736 4055 Πλέον
771 3999 828 4055 δὲ
856 3999 1113 4055 πλουτῶν
1147 4000 1431 4074 πραότητα
1460 3998 1706 4074 καρδίας,

567 4088 833 4159 Ἐπαξίως
861 4087 1059 4166 εἴληφε
1088 4090 1186 4157 τὴν
1218 4085 1530 4163 προεδρίαν.

563 4179 737 4251 Ὠρμη
752 4178 912 4250 μένος
948 4178 1044 4250 μὶν
1077 4176 1136 4231 ἐκ
1168 4181 1346 4252 μερῶν
1379 4171 1739 4251 Μεσημϐρίας
1775 4180 1873 4250 (ὃ),

562 4266 770 4338 Γάμοις
803 4264 1077 4336 ὁμιλήσας
1111 4262 1167 4320 δὲ
1200 4269 1418 4337 σεμνοῖς
1447 4264 1498 4318 ἐν
1536 4263 1663 4339 βίῳ,

341 4358 527 4413 10360
566 4354 666 4408 Καὶ
696 4351 891 4415 παιδὸς
920 4353 1103 4431 ὀφθεὶς
1130 4349 1349 4429 ἅῤῥενος
1380 4353 1727 4431 φυτοσπόρος

2022 471 2079 537 Α
2109 470 2197 540 pie
2226 471 2480 542 Josepho
2510 472 2707 527 sedem
2740 470 3124 542 gubernante,

2103 560 2227 629 ipse
2259 561 2327 613 ad
2362 575 2716 615 consensum
2750 560 2801 613 vi
2831 556 3319 628 compellebatur,

2105 647 2201 701 sed
2235 648 2488 715 perstitit
2521 649 2799 701 immotus
2833 647 2888 699 in
2924 645 3050 700 basi
3079 644 3443 715 dogmatum.

2104 735 2343 789 Pellitur
2372 752 2508 806 ergo
2542 737 2678 790 sede
2701 735 2925 804 judicio
2960 733 3183 803 iniquo.

2104 828 2408 893 propterea
2437 825 2590 894 quod
2627 840 2726 893 pro
2760 826 2915 876 recto
2957 822 3243 892 pugnaret
3273 819 3564 889 dogmate,

2104 917 2276 981 atque
2311 912 2365 965 in
2400 919 2741 966 extraneum
2769 912 3109 979 deportatur
3139 906 3355 972 solum,

2105 1004 2416 1070 postquam
2450 1004 2713 1070 pastores
2746 999 2919 1071 primi
2952 1002 3157 1053 contra
3190 997 3511 1051 innocuum

2105 1088 2491 1159 depositionis
2523 1087 2778 1142 tulerant
2809 1086 3183 1142 sententiam.

2111 1176 2250 1230 Post
2280 1175 2435 1230 hunc
2466 1180 2755 1231 remotum
2787 1190 3013 1229 summo
3045 1170 3460 1243 gubernaculo,

2102 1263 2356 1319 Joannes
2388 1263 2628 1335 quidam
2659 1266 3042 1333 cognomento
3072 1265 3297 1316 Veccus

2105 1353 2383 1408 sutl‘ectus
2414 1358 2519 1419 est,
2557 1352 2925 1407 consentiens
2957 1366 3088 1405 cum
3124 1348 3368 1413 Latinis,

2103 1440 2522 1512 chartophylax
2553 1440 2815 1495 Ecclesiae
2849 1456 2914 1494 ac
2946 1439 3139 1503 levita,

2101 1530 2191 1584 vir
2218 1546 2358 1583 sane
2390 1530 2626 1599 sapiens
2660 1532 2715 1583 et
2745 1528 2958 1582 litteris
2986 1526 3332 1580 innutritus.

2104 1616 2212 1670 Sed
2247 1616 2400 1669 hunc
2430 1616 2686 1671 Ecclesia
2718 1616 2941 1687 pepulit
2972 1614 3231 1668 ﬁdelium
3264 1612 3423 1668 zelus

2104 1711 2160 1758 et
2187 1705 2262 1774 pii
2298 1705 2594 1774 regnantis
2629 1710 2806 1759 nutus
2840 1702 3172 1766 Andronici,

2023 1820 2071 1884 B
2106 1798 2169 1847 ut
2203 1793 2533 1847 Latinarum
2566 1794 2822 1864 partium
2849 1792 3215 1857 studiosum;

2100 1884 2156 1936 et
2186 1898 2354 1936 suam
2387 1882 2602 1953 recepit
2631 1882 2967 1937 cathedram
2999 1879 3308 1949 Josephus.

2104 1970 2225 2034 Quo
2257 1970 2581 2040 deponente
2612 1987 2745 2024 cum
2777 1969 2966 2023 ofﬁcio
2997 1968 3198 2034 vitam,

2101 2057 2413 2129 Gregorius
2447 2058 2681 2129 sapiens
2710 2058 2797 2112 vir
2822 2057 3109 2112 oriundus
3140 2055 3325 2127 Cypro

2102 2145 2375 2200 alumnus
2404 2147 2822 2213 doctrinarum,
2856 2160 3160 2199 musarum
3195 2160 3315 2209 ara,

2104 2236 2171 2288 ad
2207 2234 2927 2305 patriarchaezdignitatem
2955 2232 3130 2288 venit.

2102 2324 2208 2377 Hic
2242 2325 2445 2393 patriis
2477 2325 2701 2379 laribus
2736 2324 3039 2393 patrioque
3070 2322 3193 2377 solo

2096 2412 2221 2480 jam
2256 2413 2453 2480 indaga
2482 2414 2697 2466 teneris
2729 2410 3003 2465 exsulans
3031 2408 3389 2481 unguiculis,

2105 2500 2595 2555 addiscendarum
2631 2500 2881 2569 cupidus
2908 2497 3357 2567 disciplinarum

2107 2588 2377 2659 migravit
2405 2588 2735 2659 inquilinus
2764 2584 3330 2654 Constantinopolim
3368 2600 3380 2637 :

2106 2677 2203 2731 ubi
2234 2694 2297 2731 se
2328 2677 2543 2732 studiis
2570 2677 2808 2730 tradens
2839 2673 3277 2747 impensissime

2106 2781 2385 2836 magnum
2418 2764 2710 2833 sapientia:
2743 2764 3032 2831 congessit
3061 2763 3405 2817 thesaurum
3440 2777 3453 2814 :

2107 2855 2262 2907 unde
2292 2853 2559 2923 regnanti
2590 2852 2799 2907 Caesari
2825 2852 2892 2906 ﬁt
2922 2851 3213 2922 cognitus,

2107 2941 2577 3012 adscribiturque
2608 2940 2760 2996 clero
2793 2940 3074 3012 palatino,

2106 3036 2163 3085 et
2193 3030 2541 3100 Byzantinus
2570 3031 2820 3099 denique
2849 3034 3079 3083 creatur
3108 3027 3342 3099 prtesul,

2109 3117 2381 3173 monachi
2412 3118 2652 3173 adscitis
2681 3123 2875 3185 antea,
2907 3121 2971 3171 ut
3002 3133 3128 3171 mos
3160 3119 3267 3183 est,
3300 3115 3582 3172 vestibus.

2115 3208 2227 3261 Hoc
2258 3212 2451 3261 autem
2486 3210 2691 3277 sponte
2723 3206 3003 3261 honorem
3038 3207 3388 3276 deponente,

2106 3301 2313 3350 sancta
2342 3294 2699 3349 Athanasius
2728 3295 2967 3349 veniens
2998 3294 3314 3350 solitudine

2108 3384 2395 3438 asceticus
2425 3388 2482 3438 et
2512 3383 2815 3454 presbyter
2844 3382 2996 3436 inter
3027 3382 3365 3446 monachos,

2110 3474 2523 3543 magnanimus
2554 3473 2658 3538 vir,
2695 3471 2959 3525 laborum
2997 3471 3482 3542 patientissimus,

2106 3558 2321 3630 praesul
2354 3560 2639 3629 processit
2671 3560 2835 3614 urbis
2867 3560 3215 3630 Byzantina.

2107 3647 2224 3701 Hoc
2254 3648 2393 3700 item
2428 3663 2653 3701 sacram
2685 3647 2993 3701 abdicante
3024 3648 3244 3711 sedem,

2108 3735 2193 3789 vir
2224 3736 2356 3805 pius
2386 3734 2639 3789 Joannes
2671 3736 2978 3789 sanctitate
3011 3735 3263 3805 fulgens,

2109 3824 2386 3889 affabilis,
2416 3822 2795 3891 tranquillus,
2826 3824 3110 3877 virtutum
3144 3823 3375 3891 cinnus,

2110 3910 2454 3984 presbyterii
2486 3911 2661 3965 decus
2695 3909 2872 3965 simul
2904 3915 2960 3965 et
2990 3910 3399 3977 monachatus,

2109 4003 2369 4072 apprime
2400 4005 2593 4054 tamen
2625 3999 2784 4053 dives
2817 3999 3293 4063 mansuetudine,

2109 4091 2281 4160 digne
2313 4093 2617 4143 assecutus
2649 4093 2736 4141 est
2768 4088 3005 4141 honoris
3038 4086 3285 4157 apicem.

2108 4178 2210 4232 Hic
2240 4177 2523 4231 oriundus
2557 4175 2822 4246 partibus
2856 4174 3217 4229 Mesembria;

2109 4265 2333 4336 nuptiis
2364 4280 2597 4335 quoque
2627 4265 2685 4318 in
2716 4263 2926 4319 saeculo
2959 4263 3275 4317 contractis

2108 4352 2353 4409 masculi
2385 4353 2489 4407 ﬁlii
2517 4353 2698 4408 edidit
2728 4350 3062 4425 progegiem
3096 4368 3109 4406 :

3642 337 3748 394 378

350 4570 444 4623 lici
505 4567 921 4639 prestiterunt,
956 4567 1228 4639 princeps
1258 4567 1495 4637 quidem
1531 4568 1735 4622 merito
1767 4571 1831 4639 et
1863 4566 1998 4620 inﬁ-
2030 4554 2078 4615 D
2110 4584 2240 4623 cum
2274 4567 2535 4622 Romana
2575 4565 2829 4639 Ecclesia
2872 4564 3108 4639 scriptis
3155 4563 3516 4639 doctissimis
3546 4565 3745 4639 defen-

348 4644 477 4695 nita
508 4636 780 4694 doctrina
808 4636 1076 4703 Allatius,
1108 4636 1230 4693 tum
1262 4636 1571 4697 Arcudius.
1597 4638 1998 4709 Caryophilus,
2110 4639 2212 4703 dit,
2246 4645 2302 4691 et
2326 4655 2513 4707 usque
2552 4638 2621 4691 ad
2660 4651 2945 4691 carcerem
2976 4636 3319 4709 obitumque
3350 4636 3608 4709 retinuit.
3644 4637 3745 4709 Le-

351 4712 597 4792 GalecOa,
621 4709 1051 4792 Papadqpulus,
1076 4709 1626 4792 Baronius,‘Nata.lis
1656 4706 1996 4792 Menander,
2108 4710 2263 4792 grais
2298 4706 2477 4792 Vacci“
2506 4712 2919 4762 testamentum
2965 4706 3119 4777 apud
3149 4706 3426 4760 Allatium
3460 4707 3557 4764 Gr.
3590 4708 3743 4765 orth.

350 4781 678 4853 Lequinius
700 4779 787 4853 _i_n
819 4779 1057 4853 dissert,
1089 4786 1146 4833 et
1196 4779 1702 4853 panopl.,aliique
1732 4781 1993 4853 piurimi.
2108 4782 2173 4835 T.
2208 4783 2251 4853 l,
2285 4797 2347 4853 ρ.-
2377 4780 2498 4853 378.

350 4847 874 4931 De'defensoribus
904 4851 1140 4921 quidem
1191 4847 1696 4931 Graecisnleges'is.
1718 4847 1998 4931 Allatium
2160 4847 2572 4931 _(4)_Nimirum
2604 4848 2971 4931 Andronicus
3001 4847 3072 4915 Il,
3096 4864 3229 4931 cum
3258 4864 3503 4931 regnum
3536 4849 3743 4931 adiret,

354 4926 426 4979 de
478 4923 683 4994 synod.
737 4919 945 4994 Ephesl
983 4938 1106 4991 cap.
1142 4938 1275 4986 ινιτ,
1308 4919 1633 4994 p._37t.'Ex
1660 4922 1732 4975 iis
1777 4928 1994 4987 autem,
2107 4921 2177 4994 ad
2231 4919 2308 4994 id_
2339 4926 2585 4994 coactus
2634 4920 2743 4974 fuit
2802 4919 3051 4994 factione
3105 4920 3636 4990 schismaticorum,
3681 4926 3746 4976 ut

354 4996 456 5065 qui
489 4990 632 5049 tunc
676 4990 1211 5065 concordiam’cum
1260 4990 1478 5047 Latinis
1510 4994 1903 5063 dogmatibus,
1938 4993 1994 5048 id
2107 4990 2351 5065 historia
2381 4991 2692 5045 notissima
2726 4991 2924 5065 tradit.

352 5060 444 5120 est
474 5080 607 5119 cum
640 5064 987 5119 orthodoxia
1015 5064 1151 5117 tuiti
1184 5070 1344 5129 sunt,
1371 5065 1517 5118 duos
1548 5060 1872 5119 memorare
1903 5081 1999 5118 sa-
2160 5062 2251 5133 7(5)
2286 5063 2428 5116 Hinc
2486 5078 2673 5133 usque
2729 5062 2800 5115 ad
2854 5078 2906 5112 v.
2970 5061 3143 5115 10363
3199 5060 3385 5133 edidit
3426 5061 3742 5117 versiculos

352 5142 432 5192 tis
462 5142 590 5196 est:
640 5150 893 5207 quorum
943 5135 1580 5207 primusANicephorus
1636 5134 1996 5207 Blemmyda,
2104 5132 2355 5207 Allatius
2403 5136 2462 5207 in
2505 5132 2704 5207 op._De
2730 5148 2880 5207 cons.
2912 5149 2965 5202 p.
2998 5134 3122 5207 776,
3157 5134 3299 5207 et‘in
3333 5132 3744 5207 dissertatione

355 5209 429 5262 ab
474 5202 803 5278 Ephraemio
851 5202 1047 5278 nostro
1097 5223 1150 5260 v.
1181 5202 1508 5278 8939fsqq.
1542 5206 1752 5261 eximia
1800 5202 1995 5271 laude,
2105 5202 2628 5278 deGeorgiisLubi
2678 5203 2799 5278 agit
2851 5204 2920 5278 de
2972 5202 3589 5278 patriarcha_Georgio
3639 5208 3741 5275 Cy-

354 5272 639 5350 tanqtiam
673 5276 974 5348 sapientiae
1002 5276 1362 5350 coryphaeusi
1385 5272 1445 5333 et
1470 5272 1876 5348 'patriarchatu
1910 5278 1995 5332 di-
2104 5274 2250 5350 prio,
2284 5272 2391 5347 qui
2416 5275 2629 5331 dicitur
2675 5272 2848 5350 etiam
2882 5274 3214 5346 Gregorius.
3247 5272 3522 5350 Allatius:
3545 5272 3741 5350 autem

353 5342 704 5437 guissimus,
742 5342 1122 5437 exornatus}:
1142 5342 1288 5437 alter
1332 5342 1858 5437 Joannes’vneccus,
1880 5365 1990 5437 ,ους
2104 5342 2351 5437 legebat,
2378 5364 2476 5403 seu
2509 5352 2661 5402 certe
2690 5346 2917 5410 edebat,
2939 5342 3042 5398 που
3076 5363 3177 5417 pro
3206 5364 3311 5412 πω,
3338 5348 3393 5399 et
3424 5342 3608 5405 ἐνδοὺς
3642 5362 3745 5417 pro

346 5416 450 5490 j—us
480 5422 616 5475 item
651 5419 941 5487 sapientia
971 5420 1040 5473 ab
1073 5419 1393 5488 Ephraamio
1414 5437 1469 5473 ν.
1495 5421 1668 5474 10346
1699 5421 1992 5486 laudatur,

2138 5416 2316 5478 κδούς.

401 5492 455 5545 ui
480 5491 655 5572 _lec_tis
688 5490 1033 5572 Blemmydaa
1063 5491 1349 5572 scriptis‘
1370 5507 1403 5544 a
1451 5491 1767 5572 schismate
1796 5492 1865 5572 ad
1898 5508 1993 5572 or-

355 5560 695 5633 thodoxiam
726 5560 993 5633 transiit,
1017 5565 1096 5633 ut
1111 5561 1192 5616 ait
1210 5560 1601 5633 ’Pachymeres
1634 5561 1771 5633 hist.
1804 5562 1872 5629 V,
1906 5564 1991 5630 15,

355 5632 819 5705 patriarchatum
886 5630 1167 5690 catholica
1232 5630 1443 5704 gessit,
1503 5632 1994 5705 concordiamque

2173 5491 2250 5560 (ὃ)
2286 5489 2604 5559 Lequinius
2655 5487 2813 5560 dicit,
2846 5486 3160 5560 oriundum
3193 5485 3472 5560 So_z_opoli.
3517 5486 3741 5560 ‘Verum

2104 5555 2354 5631 utraque
2382 5555 2533 5631 'urbs
2583 5557 2925 5631 Mesembria
2954 5562 3012 5631 e_t_
3037 5555 3354 5631 Sozopolis’
3384 5557 3635 5629 pertinet
3666 5558 3735 5612 ad

2103 5626 2601 5697 Haemimontium,
2635 5644 2738 5684 nec
2767 5626 2931 5683 valde
2960 5626 3358 5684 distant’inter
3385 5626 3469 5684 se.
