4154 6286
408 351 515 407 379
1617 355 1988 412 EPHREMII
2023 352 2590 410 CHRONOGRAPHI
3683 341 3796 398 380

409 479 616 548 sponte
646 475 890 532 dimisso
921 482 1122 548 postea
1148 479 1440 552 conjugio,

2070 478 2126 544 Α,
2365 475 2535 531 Έκών
2567 495 2625 529 τε
2653 474 2828 528 λιπὼν
2859 478 3104 548 γαμετῆς
3133 468 3430 537 συνοικίαν,

409 567 564 621 diam
596 565 978 621 asceticorum
1010 568 1188 623 vitam
1222 567 1474 639 przetulit
1507 585 1521 624 :

2360 563 2676 633 Ἀσκητικὸν
2710 559 3030 634 προῦκρινεν
3062 557 3240 623 ἔνθεον
3277 558 3413 632 βίον·

408 655 468 708 in
501 669 614 723 quo
643 653 774 707 vitae
809 656 1102 725 proposito
1135 657 1233 710 diu
1267 658 1609 728 persistens,

2361 654 2688 713 Ἐνστάσεως
2718 649 2808 706 οὖν
2845 648 3255 722 συμπροϊούσης
3293 646 3414 721 βίῳ,

408 741 660 813 denique
691 758 848 797 novae
883 743 1078 799 Romae
1111 744 1172 798 ﬁt
1204 745 1556 815 patriarcha.

2361 742 2579 812 Ῥώμης
2611 737 2830 814 ἐδείχθη
2863 739 3214 814 πατριάρχης
3239 742 3338 804 τῆς
3365 733 3505 795 νέας.

408 831 516 885 Sed
554 836 862 901 postquam
896 838 1105 901 sponte
1132 833 1180 888 is
1209 833 1382 888 etiam
1416 833 1642 890 dimisit
1672 834 1910 905 pedum,

1895 875 1910 900 ,
2149 830 2325 886 10365
2361 829 2566 884 Τούτου
2598 827 2645 883 δ’
2676 829 2894 889 ἑκόντος
2924 825 3290 886 ἀπολιπόντος
3319 823 3532 898 θρόνον,

407 917 622 974 iterum
655 919 1010 976 Athanasius
1041 923 1110 976 ad
1146 923 1338 977 sedem
1373 923 1532 979 venit
1561 939 1574 977 :

2364 915 2532 972 Πάλιν
2567 918 2882 980 Ἀθανάσιος
2914 913 3042 989 ἔσχε
3071 914 3161 968 τὸν
3191 912 3401 985 θρόνον

407 1009 564 1079 quod
597 1024 725 1062 cum
763 1009 813 1062 is
845 1025 1052 1064 rursus
1086 1012 1312 1080 pondus
1345 1011 1689 1080 iastidisset,

2361 1006 2467 1063 Καὶ
2494 1004 2652 1060 τόνδε
2683 1002 2892 1059 λοιπὼν
2922 1003 3074 1066 αὗθις
3118 999 3510 1073 ἀπειπαμένου,

407 1096 594 1167 Cyzici
627 1096 856 1168 Niphon
892 1098 1216 1154 translatus
1243 1099 1478 1154 dioecesi

2359 1095 2649 1150 Μεταθέσει
2681 1091 2921 1148 δέδεικτο
2953 1090 3185 1161 Κυζίκου
3215 1089 3402 1165 Νίφων

409 1185 671 1256 reginam
707 1187 937 1241 urbium
974 1187 1121 1242 rexit
1142 1189 1497 1258 patriarcha;

2360 1189 2466 1252 Τῆς
2503 1179 2785 1257 βασιΛίδος
2814 1182 3012 1236 ἀστέων
3048 1177 3367 1254 ἀρχιθύτης·

409 1274 494 1327 vir
527 1274 903 1345 monachalis,
937 1277 1110 1330 rebus
1143 1277 1385 1347 agendis
1421 1293 1616 1348 sagax,

2151 1276 2326 1331 10370
2365 1273 2526 1343 Ἀνὴρ
2562 1271 2821 1345 μοναχὸς,
2855 1269 3114 1343 ἀγχίνους
3146 1265 3196 1320 ἐν
3221 1262 3530 1339 πρακτέοις,

411 1362 707 1417 communi
740 1363 973 1432 quidem
1006 1380 1209 1435 expers
1239 1366 1585 1433 eruditione,

2364 1357 2703 1422 ΙΙαιδεύσεως
2737 1358 2829 1430 μὶν
2860 1355 3028 1426 ἀδαὴς
3059 1353 3368 1430 ἐγκυκλίου,

2363 1451 2417 1460 ισ-
2488 1443 2538 1460 ,Ω
2579 1446 2596 1460 κ
2712 1444 2754 1460 ha
2867 1445 2880 1460 ι
3049 1448 3074 1457 ιο
3264 1440 3284 1460 Ἃ
3424 1438 3444 1460 J

411 1451 510 1505 sed
545 1452 801 1520 prudens
835 1469 1026 1507 rerum
1060 1459 1117 1507 et
1147 1453 1392 1508 afﬂuens
1425 1455 1679 1524 ingenio,

2363 1443 2676 1518 Ἐπήϐολος
2708 1444 2764 1501 δὲ
2793 1445 2882 1500 καὶ
2913 1448 3118 1522 φρενῶν
3149 1440 3559 1513 πεπλησμένας,

411 1538 672 1593 Berrhoze
703 1545 878 1594 natus
906 1541 1162 1595 occiduis
1195 1542 1252 1595 in
1287 1542 1641 1613 regionibus,

2364 1536 2622 1611 Βέρῥοιαν
2654 1535 2839 1609 αὐχῶν
2870 1536 2970 1602 τήν
3002 1530 3224 1601 δυτικήν
3253 1527 3507 1603 πατρίδα,

407 1625 584 1680 laurre
620 1627 964 1698 prapositus
993 1628 1052 1681 in
1084 1629 1311 1684 Athone
1343 1633 1559 1696 monte,

2364 1628 2576 1701 Λαύρας
2605 1623 2837 1697 ὑπάρξας
2862 1622 3169 1696 προστάτης
3200 1626 3299 1688 τῆς
3326 1620 3442 1673 κατ’
3467 1619 3635 1681 Ἀθω·

411 1715 777 1786 metr0polita
810 1720 1008 1786 postea
1040 1717 1226 1770 factus
1258 1718 1466 1788 Cyzici,

2151 1719 2325 1772 10375
2365 1715 2494 1770 Εἶτα
2514 1715 2744 1783 κατέστη
2776 1712 3161 1783 ποιμενάρχης
3189 1707 3425 1775 Κυζίκου

407 1803 658 1873 denique
692 1804 879 1858 tenuit
913 1805 1168 1873 pontifex
1195 1805 1776 1876 Constantinopolim.

2073 1817 2119 1881 Β
2363 1805 2462 1860 Καὶ
2495 1802 2841 1877 πατριάρχης
2868 1797 3034 1869 τῆσδε
3065 1797 3489 1852 Κωνσταντίνου.

407 1894 623 1946 Verum
655 1897 712 1946 et
740 1891 834 1946 hic
863 1892 1057 1947 libello
1091 1893 1364 1948 honorem
1398 1895 1650 1950 abdicat.

2359 1890 2522 1948 T050"
2554 1891 2792 1967 ἐγγραφῇ
2823 1888 2880 1944 δὲ
2909 1892 3085 1943 θῶκον
3117 1887 3509 1958 ἀπειπαμένου,

404 1981 662 2036 Joannes
694 1984 885 2035 autem
921 1986 1300 2051 cognomento
1340 1981 1514 2054 Glyca

2363 1980 2611 2049 Ἰωάννης
2637 2000 2719 2040 τις
2753 1980 2780 2033 ὁ
2811 1977 3018 2038 Γλυκὺς
3050 1975 3106 2030 δὲ
3133 1974 3433 2044 τούπίκλην

406 2069 495 2122 vir
523 2069 870 2134 senatorius,
903 2074 960 2123 et
987 2085 1197 2124 cursus
1230 2069 1548 2140 logotheta,

2365 2067 2737 2143 Συγκλητικός
2765 2087 2822 2122 τε
2852 2065 2941 2120 καὶ
2974 2065 3266 2139 λογοθέτης
3297 2061 3526 2137 δρόμου,

405 2157 773 2228 optimatium
806 2157 876 2212 de
907 2173 1149 2212 numero
1180 2162 1237 2212 et
1265 2159 1669 2225 doctissimus,

2152 2161 2325 2216 10380
2364 2160 2459 2218 Εἷς
2492 2157 2564 2210 ὣν
2591 2155 2824 2230 ἀρίστων
2856 2155 2944 2208 καὶ
2979 2156 3164 2229 σοφῶν
3199 2150 3379 2224 Λόγων
3413 2147 3579 2222 ἴδρις,

405 2244 603 2316 populi
635 2261 866 2300 sacrum
901 2245 1276 2316 prasidatum
1314 2247 1476 2302 adiit.

2363 2245 2662 2320 Χειρίζεται
2694 2241 2759 2312 δὴ
2791 2244 2889 2310 τὴν
2923 2240 3033 2296 λεὼ
3063 2239 3388 2315 προστασίαν

407 2335 530 2399 Quo
561 2333 902 2403 dignitetem
935 2334 1154 2404 pariter
1183 2335 1515 2401 abdicante,

2365 2335 2463 2389 Καὶ
2492 2330 2641 2388 τοῦδ’
2671 2331 2877 2404 ὁμοίως
2911 2334 3086 2393 θῶκον
3119 2326 3516 2399 ἀπειπαμένου,

408 2421 749 2476 Gerasimus
775 2421 860 2475 vir
891 2422 1254 2477 monasticus
1285 2440 1351 2478 ac.
1383 2425 1702 2497 presbyter,

2365 2423 2662 2498 Γεράσιμός
2694 2443 2774 2482 τις
2804 2419 2893 2475 καὶ
2921 2419 3164 2492 μοναχὸς
3192 2416 3282 2472 καὶ
3315 2416 3501 2486 θύτης,

406 2509 506 2580 qui
540 2508 905 2580 Philadelphi
938 2509 995 2563 in
1029 2511 1173 2565 urbe
1202 2516 1376 2567 natus
1408 2511 1612 2580 fuerat,

2366 2512 2532 2567 Πόλιν
2566 2508 2967 2584 Φιλαδέλφειαν
3001 2507 3188 2581 αὐχῶν
3211 2503 3465 2580 πατρίδα,

408 2600 464 2652 et
492 2598 920 2652 Sosandrorum
951 2603 1178 2654 rexerat
1207 2601 1654 2672 monasterium,

2155 2606 2329 2661 10385
2367 2607 2549 2669 Μονῆς
2578 2600 2854 2674 προεστὼς
2880 2595 3228 2672 χρηματίσας
3260 2591 3625 2668 Σωσάνδρων,

409 2686 814 2757 pontificatum
853 2686 1039 2740 tenuit
1069 2687 1341 2758 Byzantii.

2366 2688 2659 2766 Προεδρίαν
2690 2687 2884 2765 εἴληφε
2913 2695 3011 2754 τῆς
3042 2684 3473 2742 Κωνσταντίνου.

409 2776 671 2846 Cumque
702 2775 794 2830 hic
825 2775 883 2830 in
917 2777 1052 2832 sede
1083 2781 1352 2833 mortuus
1385 2778 1610 2849 fuisset,

2363 2779 2576 2838 Τούτου
2604 2779 2666 2833 τὸ
2701 2779 2852 2853 βιοῦν
2880 2778 2930 2831 έν
2965 2777 3140 2851 θρόνῳ
3170 2773 3524 2841 λελοιπότος,

410 2863 736 2919 monachus
768 2865 953 2920 Isaias
988 2866 1197 2935 pietate
1228 2867 1480 2939 insignis

2365 2870 2530 2942 Ἀνήρ
2568 2868 2809 2940 μοναχὸς
2839 2860 3077 2932 εὐλαϐὴς
3112 2863 3333 2924 Ἡσαΐας

409 2952 726 3023 benignus,
757 2955 1142 3021 venerandus,
1179 2957 1483 3013 modestus
1511 2975 1704 3026 senex,

2368 2966 2565 3034 Πρᾶος,
2593 2958 2820 3034 γεραρὸς
2848 2957 2939 3011 καὶ
2965 2955 3339 3032 ταπεινόφρων
3370 2955 3567 3029 γέρων,

408 3040 662 3095 natalem
696 3041 919 3097 habens
949 3045 1161 3098 terram
1195 3044 1434 3115 Epirum
1466 3051 1744 3116 veterem,

2156 3052 2327 3108 10390
2367 3048 2539 3110 Κλέος
2575 3049 2855 3120 μοναστῶν
2878 3050 2984 3100 τῶν
3023 3043 3284 3119 βιούντων
3311 3044 3426 3098 κατ’
3457 3044 3629 3116 Ἀθω,

405 3127 630 3183 Athone
662 3128 721 3182 in
753 3135 953 3185 monte
981 3132 1402 3186 monachorum
1434 3135 1640 3204 gloria,

2075 3176 2117 3244 Ο
2368 3141 2628 3212 Ἤπειρον
2658 3135 2842 3210 αὐχῶν
2875 3131 3107 3209 πατρίδα
3138 3132 3483 3206 παλαιτέραν,

2367 3225 2430 3244 σε,
2498 3225 2552 3244 HI
2670 3226 2685 3241 ν
2742 3227 2755 3244 Ι
2847 3243 2850 3244 ,
2955 3243 3008 3244 κίε
3075 3219 3348 3244 ,__“_--I_._

410 3216 840 3287 patriarchatus
871 3217 1064 3289 attigit
1093 3234 1396 3275 summum
1430 3221 1675 3293 apicem.

2366 3225 2464 3288 Εἷς
2496 3225 2629 3298 ὕψος
2660 3226 2917 3295 ἀνήνεκτο
2948 3219 3370 3295 ποιμεναρχίας.

476 3395 1150 3486 tYl-Hoyft‘bosversu's
1175 3401 1246 3455 dc
1275 3401 1451 3474 Glyca
1481 3403 1730 3460 Allatius
1778 3405 1838 3461 in
1889 3407 2030 3464 diss.
2066 3409 2136 3464 de
2168 3407 2431 3480 Georgiis
2461 3423 2517 3478 p.
2548 3406 2654 3460 638
2685 3405 2797 3476 (ed.
2832 3403 3083 3472 Fabric.)
3114 3402 3216 3458 ubi
3264 3399 3657 3474 Ephramium
3693 3415 3800 3486 no-

405 3470 593 3521 strum
625 3465 880 3538 appellat
906 3471 1257 3527 monachum.

407 3643 3796 3696 Ἠ

1773 3844 1930 3889 ANNO
1971 3844 2180 3890 DOMINI
2222 3845 2425 3890 MCCXX

1223 4028 2993 4234 THEOLEPTUS

616 4370 2256 4505 PHILADELPHIENSIS
2375 4385 3572 4508 METROPOLITA

1863 4779 1929 4862 Ν
1942 4777 2323 4864 ΟΤΙΤΙΑ

1182 4943 1518 5017 (Φιλοκαλία
1546 4954 1652 5005 τῶν
1686 4951 1846 5024 ἰερῶν
1874 4956 2172 5022 νηπτικῶν.
2205 4955 2448 5012 Venetis
2480 4955 2617 5010 1782
2649 4955 2745 5011 fol.
2779 4971 2834 5028 p.
2868 4956 3018 5027 855.)

469 5283 825 5356 Theoleptus
858 5283 956 5338 ille
978 5300 1228 5356 magnus
1253 5291 1308 5342 et
1337 5288 1930 5361 Philadelphiensium
1967 5292 2046 5348 lu-
2079 5307 2109 5369 [

2226 5294 2542 5364 Θεόληπτος
2597 5296 2624 5349 ὁ
2679 5296 2840 5370 μέγας
2892 5290 3059 5355 ὅντως
3105 5300 3204 5362 τῆς
3236 5291 3637 5372 Φιλαδελφείας
3689 5320 3805 5375 φω-

405 5389 559 5440 men,
593 5379 872 5445 regnante
902 5375 1232 5432 Andronico
1270 5377 1723 5451 Palaeologorum
1763 5385 2039 5451 secundo,

2160 5385 2286 5457 πῆρ
2324 5427 2335 5448 ’
2397 5382 2611 5456 ἤκμασε
2673 5383 2765 5456 μὶν
2824 5382 2909 5438 ἐπὶ
2983 5379 3330 5448 Ἀνδρονίκου
3388 5387 3487 5436 τοῦ
3548 5382 3800 5460 δευτέρου

399 5462 553 5516 circa
572 5479 788 5518 annum
810 5465 1126 5519 millesimu
1141 5483 1191 5518 m
1211 5470 1681 5524 trecentesimum
1699 5471 2038 5528 vicesimum

2157 5477 2254 5527 τῶν
2291 5471 2705 5547 Παλαιολόγων,
2739 5473 2860 5546 περί
2890 5493 2993 5526 που
3026 5473 3084 5526 τὸ
3143 5471 3425 5546 χιλιοστὸν
3484 5495 3797 5548 τριακόσιο-

404 5550 675 5619 quintum
708 5553 924 5606 ﬂoruit.
954 5554 1430 5610 Anachoreticam
1464 5557 1653 5626 primo
1677 5560 1848 5614 vitam
1878 5561 2042 5616 duxit

2151 5563 2273 5616 στὸν
2305 5562 2543 5616 εἷ’κοστὸν
2577 5563 2824 5633 πέμπτον
2853 5559 2987 5622 ἔτος.
3050 5562 3134 5615 Ἐν
3177 5557 3232 5614 δὲ
3262 5565 3341 5632 τῷ
3367 5564 3467 5626 τῆς
3498 5561 3791 5635 ἁγιότητος

402 5637 460 5693 in
483 5638 674 5696 Monte
705 5643 945 5711 Sancto;
969 5641 1177 5698 deinde
1206 5642 1807 5718 Philadelphiensium
1839 5650 2036 5708 cathe-

2150 5646 2261 5726 ὄρει
2289 5651 2380 5705 τὸν
2416 5650 2830 5725 ἀναχωρητικὸν
2863 5653 3080 5724 πρῶτον
3127 5649 3363 5720 ἀσκήσας
3413 5649 3552 5725 βίον,
3601 5651 3789 5706 κάκεῖ-
