4154 6286
294 373 391 428 381

1224 385 1321 436 ΒΕ
1359 382 1804 437 ABSCONDITA
1840 382 2304 439 ΟΡΕΒΑΤΙΟΝΕ
2340 385 2415 437 IN
2450 382 2761 438 CHRISTO

3577 373 3685 429 382

294 496 376 550 θεν
430 491 619 550 ἔπειτα
672 498 770 564 τὴν
833 505 933 567 τῆς
992 498 1388 577 Φιλαδελφείας
1453 499 1738 576 προεδρίαν
1808 504 1928 557 ἀνα-

2046 505 2210 559 dram
2240 503 2502 575 suscepit
2531 507 2588 557 et
2632 501 3211 574 praeclarissimarum
3258 498 3679 575 doctrinarum,

296 580 606 656 δεξάμενος,
658 588 985 659 καθηγεμὼν
1032 588 1121 643 καὶ
1178 591 1535 664 μυσταγωγὸς
1584 595 1687 644 τῶν
1737 590 1931 647 καλλί-

295 693 430 726 στων
464 672 802 745 μαθημάτων
833 679 930 728 τοῦ
978 676 1130 751 ἁγίου
1178 680 1484 753 Γρηγορίου
1527 683 1621 733 τοῦ
1670 686 1938 733 Θεσσαλο-

291 760 448 830 νίκης
497 760 831 824 καθίσταται.
882 765 994 831 Τὴν
1042 768 1226 841 τεγᾶρ
1276 767 1421 841 ἱερὰν
1469 771 1653 841 νῆψιν,
1700 770 1785 822 καὶ
1837 770 1934 837 τήν

290 851 479 923 νοεράν
553 849 759 904 ἐκεῖνον
828 850 1251 928 ἐμυσταγώγησε
1320 858 1633 931 προσευχὴν
1668 853 1811 927 ,ἔτι
1884 856 1934 911 ἐν

292 943 407 998 τοῖς
438 944 732 1009 κοσμικοῖς
776 942 1125 1015 τεταγμένον,
1157 944 1231 1005 ὡς
1279 944 1328 997 ἐν
1378 948 1458 1016 τῷ
1508 940 1612 1015 ϐίῳ
1650 950 1747 999 τοῦ
1776 945 1937 999 αὐτοῦ

300 1026 609 1101 Γρηγορίου
648 1030 726 1099 τῷ
757 1028 860 1082 ὐπὸ
892 1027 1163 1094 Φιλοθὲου
1194 1033 1537 1109 πατριάρχου
1587 1034 1937 1111 συγγραφὲντι

302 1114 607 1190 ἒμφέρεται.

386 1206 445 1260 Ὀ
477 1200 534 1258 δὲ
563 1204 747 1279 παρὼν
783 1204 1171 1281 φιλοπονηθεὶς
1201 1209 1349 1281 αὐτῷ
1371 1209 1561 1284 λόγος,
1592 1209 1938 1272 ὑποτύπωσις

304 1288 380 1346 ὤν
407 1292 616 1365 ἀρίστη,
668 1292 761 1347 καὶ
812 1294 989 1348 κανών
1052 1292 1284 1370 ἀκριϐὴς
1336 1301 1436 1366 τῆς
1483 1298 1537 1352 ἐν
1586 1301 1806 1373 Χριστῷ
1852 1319 1939 1352 κε-

296 1380 613 1454 κρυμμένης
673 1379 930 1454 μελέτης,
987 1384 1120 1456 μετά
1174 1389 1283 1440 τῶν
1344 1387 1723 1458 συνεπομένων
1794 1387 1943 1458 αὐτῷ

298 1468 606 1545 κεφαλαίων
645 1514 661 1538 ,
719 1472 956 1543 νοήμασι
1031 1472 1197 1535 θείοις
1254 1476 1345 1529 καὶ
1402 1476 1729 1548 καθαρότητι
1807 1472 1941 1549 φρά-

304 1577 433 1617 σεως
487 1557 564 1621 εἰς
620 1559 682 1612 τὸ
743 1556 957 1633 ἄριστον
1010 1563 1448 1635 συντεθειμένων,
1486 1561 1592 1617 ὦδε
1652 1564 1783 1637 μετὰ
1836 1569 1941 1619 τῶν

305 1644 509 1700 λοιπῶν
544 1648 1017 1719 συνηρμόσθησαν,
1061 1652 1327 1725 Χρήσιμα
1363 1652 1483 1725 γὰρ,
1519 1651 1665 1726 εἶ’περ
1696 1674 1746 1705 τι
1780 1651 1943 1720 ἄλλο,

294 1734 384 1789 καὶ
439 1735 700 1812 ἀξιόλογα
746 1742 864 1799 τοῖς
920 1738 971 1792 ἐν
1026 1741 1225 1815 βραχεῖ
1276 1740 1530 1812 συλλέξαι
1590 1741 1943 1798 ἐσπουδακόσι

292 1830 397 1893 τῆς
426 1832 799 1897 πνευματικῆς
832 1828 1159 1905 φιλοσοφίας
1185 1830 1246 1884 τὸ
1279 1829 1535 1907 θεόσοφον
1573 1831 1821 1905 μάθημα.

2047 608 2194 662 quas
2225 596 2463 646 sanctus
2520 591 2833 662 Gregorius
2892 587 3433 644 Thessalonicensis
3488 594 3687 658 postea

2040 679 2299 745 tradidit,
2336 679 2615 748 magister
2673 679 2783 733 fuit
2833 683 3009 748 atque
3068 677 3389 732 institutor.
3442 680 3685 732 Sacrum

2042 771 2195 823 enim
2223 769 2514 839 jejunium
2547 775 2603 821 et
2635 766 2994 838 spiritualem
3023 767 3342 821 orationem
3375 765 3684 835 docuitju-

2042 874 2243 912 venem
2278 858 2468 912 adhuc
2500 857 2556 910 in
2592 856 2803 911 saeculo
2836 858 3162 927 degentem,
3196 855 3279 909 uti
3311 854 3368 909 in
3417 855 3679 925 ejusdem

2044 944 2301 1014 Gregorii
2319 944 2443 998 Vita
2485 942 3043 1012 describitur,quam
3071 940 3411 996 Philotheus
3431 940 3679 1012 patriar-

2042 1032 2154 1088 cha
2180 1033 2451 1088 exaravit.

2119 1213 2376 1268 Praesens
2408 1216 2599 1267 autem
2634 1210 2705 1265 ab
2736 1211 2860 1282 ipso
2910 1210 3207 1265 confectus
3236 1212 3325 1264 est
3371 1211 3676 1264 tractatus.

2047 1302 2375 1372 Peroptime
2407 1299 2807 1357 absconditam
2836 1299 2893 1352 in
2926 1299 3157 1353 Christo
3188 1298 3366 1352 vitam
3402 1296 3683 1351 describit
3734 1368 3747 1378 .

2048 1396 2105 1445 et
2134 1390 2367 1461 regulas
2400 1389 2575 1444 tradit
2621 1388 2977 1458 exquisitas:
3010 1388 3454 1457 subsequuntur
3497 1385 3688 1455 capita

2049 1478 2311 1547 quaedam
2346 1494 2471 1548 quas
2504 1475 2722 1532 sanctis
2757 1474 3058 1545 praeceptis
3097 1478 3154 1528 et
3184 1473 3473 1528 sermonis
3505 1470 3690 1527 ascesi

2049 1568 2269 1638 optime
2298 1583 2429 1620 cum
2460 1565 2702 1635 reliquis
2733 1565 3073 1635 procedunt.
3107 1567 3239 1615 Haec
3271 1563 3523 1631 maxime
3554 1563 3693 1613 sunt

2050 1656 2219 1709 utilia
2249 1659 2304 1709 et
2335 1654 2587 1725 pretiosa
2621 1652 2981 1721 hominibus,
3016 1651 3115 1721 qui
3149 1648 3476 1721 spiritualis
3500 1646 3689 1719 philo-

2052 1744 2269 1815 sophiae
2300 1743 2701 1797 institutiones
2735 1741 2899 1812 quasi
2932 1740 2989 1792 in
3022 1738 3365 1809 compendio
3420 1735 3689 1792 collectas

2051 1832 2379 1903 inquirunt.

1273 2180 2736 2354 ΘΕΟΛΗΠΤΟΥ

977 2477 1981 2576 ΜΗΤΡΟΠΟΛΙΤΟΥ
2079 2477 3008 2574 ΦΙΛΑΔΕΛΦΕΙΑΣ

1873 2653 2102 2709 ΛΟΓΟΣ

292 2775 424 2827 TIIN
461 2775 557 2834 EN
599 2778 859 2833 ΧΡΙΣΤΩ
919 2779 1243 2835 ΚΡΥΠΤΗΝ
1297 2780 1637 2834 ΕΥΓΑΣΙΑΝ
1696 2780 2073 2848 ΔΙΑΣΑΦΩΝ,
2115 2779 2232 2834 ΚΑΙ
2275 2776 2606 2832 ΔΕΙΚΝΥΩΝ
2646 2781 2733 2829 ΕΝ
2773 2776 3031 2831 ΒΡΑΧΕΙ
3088 2775 3219 2831 ΤΟΥ
3276 2772 3686 2830 ΜΟΝΑΔΙΚΟΥ

1463 2868 1556 2923 ΕΙΙ
1575 2870 2029 2924 ᾹΓΥΕΛΜΑΤΟΣ
2084 2867 2229 2923 TUM
2282 2865 2522 2922 KOUON

1323 3208 2672 3374 THEOLEPTI

788 3463 2165 3560 PHILADELPHIENSIUM
2233 3464 3193 3575 METROPOLITAE

1775 3630 2191 3686 TRACTATUS

290 3756 390 3816 DE
445 3758 948 3819 ABSCONDITA
1007 3759 1519 3821 OPEBATIONE
1573 3759 1661 3821 IN
1721 3761 2055 3822 CHRISTO
2129 3760 2228 3820 ET
2312 3760 2729 3821 PROFECTU
2801 3760 2876 3821 IN

2956 3760 3141 3822 VITA
3218 3759 3679 3821 MONASTICA.

353 4069 429 4123 Τὸ
486 4064 779 4139 μοναδικὸν
830 4066 1153 4144 ἐπάγγελμα
1201 4066 1419 4145 δένδρον
1471 4069 1610 4123 ἐστὶν
1658 4068 1923 4144 ὑψίκομόν

2105 4072 2424 4128 Monastica
2454 4073 2767 4139 institutio,
2804 4072 2973 4144 quasi
3033 4072 3207 4128 arbor
3264 4072 3557 4127 altissima
3604 4091 3666 4130 es

277 4175 335 4212 τι
361 4156 450 4211 καὶ
497 4157 897 4230 γονιμώτατον,
931 4159 1028 4211 οὗκ
1076 4156 1195 4235 ῥίζα
1227 4159 1344 4231 μὶν,
1377 4160 1410 4227 ἡ
1443 4162 1549 4213 τῶν
1598 4164 1919 4231 σωματικῶν

283 4245 490 4299 πάντων
542 4242 926 4318 ἀλλοτρίωσις,
977 4244 1170 4302 κλάδοι
1227 4245 1302 4316 δὲ,
1336 4249 1370 4317 ἡ
1412 4246 1778 4323 ἀπροσπάθεια
1822 4256 1924 4318 τῆς

276 4337 489 4408 ψυχῆς,
534 4334 627 4386 καὶ
675 4335 737 4387 τὸ
801 4332 1068 4407 μηδεμίαν
1122 4335 1306 4411 σχὲσιν
1363 4337 1499 4412 πρὸς
1559 4336 1626 4390 τὰ
1680 4339 1925 4411 πράγμα-

271 4442 359 4490 τα,
393 4424 467 4476 ὧν
514 4423 613 4491 τὴν
665 4424 835 4497 φυγὴν
878 4423 1194 4495 ἐποιήσατο,
1243 4422 1410 4499 ἔχειν·
1460 4426 1665 4501 καρπὸς
1712 4423 1769 4480 δὲ
1814 4431 1920 4481 τῶν

272 4510 482 4584 ἀρετῶν
532 4513 568 4580 ἡ
616 4518 830 4579 κτῆσις,
890 4512 977 4565 καὶ
1023 4514 1058 4581 ἠ
1110 4514 1359 4575 θεοποιὸς
1411 4515 1617 4589 ἀγάπη,
1662 4515 1750 4568 καὶ
1798 4517 1832 4583 ἡ
1867 4513 1925 4568 ἐκ

270 4599 484 4653 τοῦτων
532 4601 607 4671 μὴ
643 4597 1043 4673 διακοπτομὲνη
1086 4600 1407 4676 εὐφροσύνη.
1444 4604 1506 4660 Ὁ
1545 4605 1752 4678 καρπὸς
1799 4605 1921 4677 γὰρ,

275 4688 456 4765 φησὶ,
512 4691 611 4740 τοῦ
667 4688 978 4760 Πνεύματός
1028 4688 1169 4744 ἐστιν
1222 4689 1424 4765 ἀγάπη,
1485 4691 1648 4765 χαρὰ,
1709 4690 1923 4761 εἰρήνη,

271 4777 367 4830 καὶ
397 4776 467 4830 τὰ
496 4777 637 4848 ἑξῆς.
670 4777 733 4831 Ἡ
779 4781 876 4831 τοῦ
921 4779 1131 4850 κόσμου
1181 4780 1320 4855 φυγὴ
1369 4781 1468 4847 τὴν
1513 4779 1648 4852 πρὸς
1697 4780 1922 4852 Χριστὸν

272 4867 596 4941 καταφυγὴν
657 4865 956 4939 χαρίζεται.
1020 4866 1230 4939 Κόσμον
1276 4865 1332 4921 δὲ
1387 4868 1531 4941 λέγω
1587 4868 1685 4935 τὴν
1737 4865 1921 4943 φιλίαν

268 4959 381 5008 τῶν
432 4954 705 5022 αἰσθητῶν
749 4954 1083 5028 πραγμάτων
1134 4955 1226 5009 καὶ
1275 4953 1489 5026 σαρκός.
1522 4956 1578 5007 Ὀ
1617 4954 1676 5009 ἐκ
1715 4954 1923 5010 τούτων

268 5041 745 5118 ἀλλοτριούμενος
796 5042 849 5097 ἐν
897 5042 1170 5118 ἐπιγνόσει
1220 5050 1318 5113 τῆς
1370 5044 1648 5113 ἀληθείας,
1691 5045 1921 5099 οἰκειοῦ-

263 5152 357 5185 ται
406 5134 488 5202 τῷ
534 5134 773 5204 Χριστῷ,
820 5132 1094 5204 κτώμενος
1129 5133 1228 5201 τήν
1264 5132 1479 5206 ἀγάπην
1531 5131 1714 5199 αὐτοῦ,
1748 5131 1817 5187 δι’
1855 5133 1920 5203 ἢν

260 5222 480 5274 ἅπαντα
510 5219 579 5273 τά
606 5223 704 5273 τοῦ
749 5217 961 5292 κόσμου
1010 5219 1508 5293 ἀποποιησάμενος,
1560 5220 1651 5275 τὸν
1693 5220 1921 5276 πολύτι-

263 5330 369 5379 μον
426 5308 778 5383 μαργαρίτην
807 5352 821 5376 ,
868 5309 1132 5381 Χριστὸν,
1177 5310 1511 5381 ἐξωνησατο.
1559 5310 1789 5383 Χριστὸν
1840 5310 1919 5365 ἐν·

2034 4166 2209 4233 atque
2241 4160 2637 4227 fertilissima;
2670 4161 2865 4215 radice
2906 4178 3012 4216 sua
3042 4161 3257 4215 recedit
3290 4178 3323 4216 a
3352 4161 3680 4231 corporali-

2031 4250 2163 4315 bus,
2180 4250 2359 4304 ramis
2378 4254 2570 4305 autem
2592 4250 2662 4304 ab
2679 4249 2980 4305 affectibus
3001 4247 3481 4315 animae,etnullo
3509 4251 3684 4306 modo

2032 4340 2208 4394 rebus
2238 4338 2494 4393 adhaeret
2525 4338 2741 4409 quibus
2800 4354 2863 4392 se
2908 4336 3215 4392 subtraxit.
3252 4336 3498 4392 Fructus
3541 4355 3679 4394 vero

2034 4426 2260 4481 arboris
2284 4427 2565 4481 virtutum
2592 4426 2919 4495 acquisitio,
2944 4426 3148 4480 divinae
3180 4424 3451 4481 videlicet
3474 4426 3677 4481 chari-

2033 4516 2167 4570 tatis
2198 4520 2254 4569 et
2285 4513 2495 4569 laetitiae
2526 4530 2830 4585 nunquam
2863 4514 3207 4568 deﬁcientis.
3230 4513 3459 4569 Dicitur
3479 4514 3632 4567 enim
3663 4531 3675 4569 :

2032 4606 2283 4676 Spiritus
2317 4605 2513 4677 fruges
2544 4609 2682 4658 sunt
2713 4604 2985 4671 Charitas,
3003 4603 3306 4674 gaudium,
3326 4619 3453 4673 pax,
3477 4608 3531 4657 et
3546 4602 3683 4657 reli-

2034 4711 2166 4764 qua.
2202 4692 2308 4757 Qui
2339 4694 2487 4764 fugit
2516 4710 2546 4746 a
2578 4690 2788 4747 saeculo
2821 4692 2890 4746 ad
2915 4690 3213 4746 Christum
3237 4690 3539 4763 confugit;
3566 4708 3676 4747 sa-

2036 4782 2233 4837 culum
2265 4782 2391 4836 dico
2423 4780 2891 4851 conjunctionem
2921 4796 3052 4834 cum
3084 4780 3259 4835 rebus
3289 4778 3673 4835 sensibilibus

2035 4874 2091 4925 et
2115 4870 2307 4924 carnis
2341 4884 2619 4925 amorem.
2655 4868 2714 4922 Si
2748 4867 2880 4938 quis
2928 4867 3186 4923 veritatis
3242 4866 3570 4939 cognitione
3601 4869 3671 4924 ab

2033 4956 2124 5012 his
2156 4955 2381 5010 alienus
2413 4958 2521 5020 est,
2550 4954 2852 5010 habitatin
2874 4954 3127 5020 Christo,
3154 4956 3281 5025 ejus
3312 4971 3566 5011 amorem
3591 4956 3671 5010 si-

2030 5045 2088 5100 bi
2117 5044 2489 5116 comparavit,
2516 5060 2630 5115 quo
2660 5044 2854 5099 omnia
2884 5044 3089 5098 mundi
3124 5044 3333 5114 abjecit
3363 5048 3419 5099 et
3448 5045 3667 5115 pretio-

2032 5151 2155 5190 sam
2178 5134 2319 5190 emit
2342 5133 2745 5205 margaritam,
2767 5132 3063 5188 Christum
3090 5132 3418 5188 Dominum.
3443 5136 3551 5187 Per
3574 5150 3666 5187 sa-

2032 5222 2280 5277 lutarem
2313 5222 2674 5294 baptismum
2708 5220 3003 5276 Christum
3038 5221 3281 5277 induisti
3332 5226 3388 5275 et
3431 5237 3692 5276 omnem'

2031 5310 2465 5366 immunditiam
2491 5310 2753 5380 abjecisti
2777 5309 2969 5365 divina
2991 5309 3362 5376 lustratione;
3387 5308 3663 5379 spiritua-

259 5396 479 5453 δέδυσαι
540 5394 630 5451 διὰ
688 5400 786 5449 τοῦ
844 5398 1113 5471 σωτηρίου
1171 5398 1577 5473 βαπτίσματος,
1638 5394 1914 5454 ἀπεϐάλου

2040 5401 2104 5455 lis
2124 5399 2319 5471 gratia:
2350 5399 2720 5469 Splendorem
2754 5398 3062 5469 reportasti
3091 5402 3146 5451 et
3169 5396 3475 5451 creationis
3507 5398 3667 5453 uobi-

257 5487 351 5542 τὸν
402 5486 573 5563 ῥυπον
609 5483 700 5541 διὰ
753 5488 849 5539 τοῦ
897 5486 1040 5541 θειου
1092 5486 1346 5560 λουτροῦ·
1394 5488 1492 5555 τῆς
1551 5489 1913 5559 πνευματικῆς

260 5577 490 5651 χάριτος
546 5576 651 5645 τὴν
711 5572 1076 5649 λαμπρότητα
1122 5573 1364 5648 ἐκομίσω
1399 5619 1412 5644 ,
1459 5574 1547 5629 καὶ
1612 5577 1709 5644 τήν
1759 5576 1910 5651 εὐγέ-

2024 5487 2272 5543 litatem.
2306 5491 2405 5542 Ast
2434 5487 2572 5558 quid
2596 5487 2835 5543 evenit?
2866 5503 2964 5541 seu
3002 5486 3194 5558 potius
3228 5485 3367 5556 quid
3401 5484 3576 5540 homo
3598 5502 3667 5541 ex

2023 5576 2516 5632 inconsiderantia
2546 5593 2653 5631 sua
2684 5592 2895 5646 passus
2946 5574 3081 5628 est?
3110 5577 3352 5643 Propter
3397 5590 3657 5629 amorem

261 5684 400 5721 νιιαν
450 5671 552 5738 τῆς
600 5660 882 5725 πλάσεως·
932 5660 1076 5718 ἀλλά
1119 5662 1172 5718 τί
1216 5663 1436 5740 γέγονι;
1486 5661 1699 5736 μᾶλλον
1754 5663 1810 5719 δὲ
1856 5664 1909 5720 τί

2040 5681 2191 5721 mum
2224 5664 2294 5720 ad
2326 5662 2620 5718 mundana
2648 5662 3059 5718 immutavitin
3090 5678 3152 5717 se
3180 5661 3535 5719 lineamenta
3564 5663 3656 5719 di-
