4136 6292
461 369 568 425 383

1600 367 2001 424 THEOLEPTI
2040 372 2734 427 PHILADELPHIBNSIS

3752 364 3866 418 384

460 494 593 550 vina
613 498 669 549 et
699 496 934 565 propter
956 492 1223 548 affectum
1249 491 1541 547 carnalem
1563 491 1877 561 imaginem
1897 494 2104 565 deper-

2222 494 2487 557 τιὲπονθεν
2532 495 2559 547 6
2610 490 2891 568 ἅνθρωπος
2931 488 2980 561 ἐξ
3013 483 3310 555 ἀϐουλίας;
3345 487 3442 541 Διὰ
3466 488 3564 555 τῆς
3604 488 3741 561 πρὸς
3768 489 3865 543 τὸν

464 583 650 638 didit:
701 583 1037 653 passionum
1090 581 1319 636 turbine
1370 582 1716 636 obscuratus
1764 585 1852 636 est
1901 582 2107 637 animae

456 670 682 737 ocUlus,
710 687 883 741 quem
902 670 1189 739 Christus,
1208 669 1290 722 sol
1309 670 1631 740 sapientia,
1652 670 2103 727 illuminaverat.

456 762 544 814 'l‘u
581 764 776 814 autem
808 757 1003 813 divino
1038 761 1287 811 tremore
1322 773 1659 827 percussam
1712 757 1969 812 animam
2005 759 2106 812 ha-

453 851 594 903 bes:
623 848 798 916 hujus
830 845 983 900 enim
1013 846 1216 899 mundi
1242 846 1678 900 vicissitudines
1701 847 2105 903 considerasti.

459 942 516 991 et
547 936 762 990 mentis
794 933 1207 989 distractioncs
1256 932 1594 988 intellexisti
1643 934 1928 989 versantia
1959 936 2110 989 inter

464 1024 975 1096 perturbationes;
1010 1040 1124 1093 quo
1158 1022 1474 1078 vanissimo
1512 1023 1688 1092 hujus
1736 1024 1866 1078 vitm
1913 1025 2106 1080 studio

466 1115 937 1184 circumagantur
962 1112 1229 1165 homines
1287 1111 1526 1182 propius
1583 1112 1862 1167 intuendo
1901 1114 2105 1169 vulne-

462 1208 621 1257 ratos
653 1218 720 1256 ex
744 1200 943 1271 jaculo
973 1204 1029 1254 et
1062 1199 1130 1253 ad
1153 1198 1644 1270 tranquillitatem
1668 1205 1722 1255 te
1746 1201 2102 1257 convertisti.

465 1291 678 1345 Mentis
710 1294 765 1344 et
795 1289 1217 1360 cogitationum
1273 1289 1528 1359 quietem
1582 1288 1947 1356 desiderasti,
1980 1306 2104 1345 ver-

462 1380 602 1434 bum
630 1379 785 1434 enim
810 1377 1076 1433 audieras
1103 1395 1114 1432 :
1142 1400 1169 1427 «
1195 1378 1428 1447 Inquire
1457 1392 1656 1447 pacem
1683 1381 1738 1431 et
1760 1394 2104 1448 persequere

463 1484 591 1522 eam
625 1471 664 1519 ¹.
696 1489 723 1515 ››
758 1466 1146 1537 Refrigerium
1176 1466 1281 1519 tibi
1315 1466 1465 1519 inter
1496 1469 1625 1519 vota
1684 1466 1815 1531 fuit,
1848 1481 1980 1520 cum
2033 1466 2105 1520 le-

466 1556 654 1627 gisses
713 1572 724 1607 :
777 1577 804 1604 «
862 1556 1216 1621 Convertere,
1277 1553 1475 1607 anima
1533 1568 1682 1619 mea,
1734 1553 1793 1607 in
1848 1554 2100 1623 requiem

465 1650 625 1698 tuam
658 1644 697 1697 ².
734 1664 761 1691 ››
794 1642 974 1704 Quam
1008 1643 1189 1713 igitur
1222 1642 1279 1694 in
1314 1640 1667 1711 baptismate
1698 1642 1967 1711 recepisti
2002 1659 2101 1695 no-

463 1731 752 1786 bilitatem
790 1730 1088 1800 intelligis,
1123 1734 1377 1783 mentem
1413 1747 1444 1783 a
1475 1728 1851 1783 saecularibus
1883 1731 2101 1785 deside-

464 1818 567 1873 riis
600 1835 835 1872 revocas
866 1823 922 1872 et
951 1817 1349 1871 indesinenter
1371 1818 1439 1870 ad
1477 1823 1706 1871 sanctas
1742 1820 1919 1871 refers
1943 1818 2099 1889 cogi-

461 1908 733 1961 tationes.
770 1907 845 1960 Ad
882 1906 1092 1960 mentis
1125 1922 1272 1975 opus
1306 1905 1727 1975 perﬁciendum
1781 1905 1975 1959 aulam
2010 1907 2097 1959 in-

460 1995 674 2064 troisti,
709 1992 995 2065 pretiosas
1027 1993 1267 2047 induisti
1302 1993 1652 2062 pcenitentiaa
1686 1998 1891 2061 vestes,
1926 1998 1983 2048 et
2014 2011 2101 2063 ge-

463 2099 666 2137 nerose
693 2082 907 2151 jurasti
937 2083 1004 2135 ad
1040 2087 1285 2135 mortem
1333 2098 1518 2152 usque
1549 2083 1607 2134 in
1660 2083 2013 2136 monasterio
2047 2091 2100 2135 te

467 2174 974 2242 perseveraturum
1035 2185 1187 2225 esse.
1248 2169 1579 2224 Secundum
1640 2171 1763 2240 jam
1832 2171 2101 2241 adjiciam

460 2258 928 2324 incitamentum,
965 2258 1118 2326 quod
1152 2258 1217 2312 ad
1251 2257 1423 2310 ﬁnem
1458 2257 1636 2326 hujus
1676 2258 1801 2311 vitae
1858 2258 2098 2326 tendat;

465 2346 719 2416 primum
754 2347 905 2399 cnim
940 2350 1281 2415 praesentem
1315 2344 1489 2397 vitam
1548 2352 1897 2415 respexerat.
1935 2346 2100 2400 Initio

464 2440 701 2505 propter
733 2433 1004 2504 pietatem
1040 2433 1335 2488 accessisti
1370 2434 1439 2487 ad
1473 2434 1968 2500 Cbristum,nunc
1999 2451 2102 2489 au—

463 2528 579 2576 tem
618 2539 718 2593 per
747 2538 1026 2576 sensuum
1059 2522 1496 2575 conversionem
1553 2524 1922 2592 conjungeris
1969 2540 2101 2577 cum

461 2610 721 2676 Christo;
748 2610 825 2663 ibi
847 2609 1092 2679 gratiam
1118 2610 1412 2674 invenisti,
1430 2610 1521 2663 hic
1535 2610 1948 2679 obligationem
1973 2628 2104 2666 con-

461 2698 726 2763 traxisti;
759 2703 895 2750 tunc
931 2697 1130 2765 junior
1151 2712 1277 2749 eras
1309 2702 1364 2749 et
1394 2702 1727 2767 susceptam
1760 2699 2099 2769 dignitatem

408 2843 412 2846 ,
467 2785 771 2857 ignorasti,
806 2785 914 2839 etsi
964 2789 1164 2855 postea
1221 2786 1407 2855 major
1458 2786 1710 2840 evaseris
1762 2792 1818 2841 et
1875 2788 2101 2843 noveris

463 2873 594 2929 doni
625 2873 873 2944 pretium
909 2878 1082 2943 atque
1122 2874 1205 2927 ori
1238 2873 1464 2928 frenum
1528 2874 1912 2945 imposueris;
1948 2893 2103 2931 nunc

470 2966 662 3016 autem
691 2961 748 3014 in
782 2961 1032 3030 perfecta
1063 2967 1184 3015 stas
1216 2962 1680 3017 consideratione
1710 2968 1765 3016 et
1794 2963 1908 3017 vim
1941 2963 2104 3017 insti-

464 3049 710 3103 tutionis
744 3052 1100 3119 perspectam
1134 3048 1331 3103 habes.
1367 3049 1515 3103 Vide
1574 3066 1644 3104 ne
1698 3054 1914 3105 statum
1946 3051 2103 3105 hunc

463 3137 663 3200 laedas,
696 3142 751 3190 et
784 3136 1280 3207 quemadmodum
1315 3153 1413 3189 vas
1446 3137 1684 3190 omnino
1724 3138 2099 3207 perfractum,

466 3223 794 3296 projiciaris
829 3224 884 3277 in
917 3223 1184 3277 tenebras
1206 3222 1537 3288 exteriores,
1562 3224 1659 3278 ubi
1696 3229 1784 3279 est
1830 3226 2020 3281 luctus
2049 3232 2103 3281 et

470 3313 689 3367 stridor
718 3308 1258 3375 dentium;etenim
1304 3315 1463 3365 extra
1519 3313 1871 3383 poenitentiae
1927 3314 2101 3381 viam,

469 3400 631 3455 nulla
663 3400 836 3454 datur
856 3398 1088 3469 semita,
1113 3415 1238 3469 quae
1263 3400 1331 3453 ad
1358 3400 1600 3454 salutem
1626 3402 1933 3456 conducat.
1961 3404 2100 3457 Audi

466 3488 648 3543 David
703 3488 1026 3542 dicentem:
1064 3510 1088 3536 α
1135 3488 1196 3541 In
1252 3487 1552 3543 Altissimo
1610 3505 1758 3559 pone
1814 3491 2103 3562 refugium

462 3580 633 3630 tuum
654 3575 708 3629 ³1
736 3597 763 3623 ››
797 3576 1004 3630 deinde
1035 3575 1085 3631 si
1112 3577 1516 3631 contristatam
1549 3577 1605 3631 in
1637 3578 1868 3634 Christo
1925 3580 2105 3635 vitam

468 3665 885 3733 assumpseris.
917 3666 985 3717 ad
1015 3670 1068 3717 te
1120 3680 1421 3734 nunquam
1470 3668 1746 3721 accedent
1778 3668 1950 3736 mala,
1983 3686 2105 3737 quae

465 3768 533 3806 ex
565 3750 823 3805 saeculari
884 3750 1318 3807 conversatione
1373 3758 1698 3825 emergunt.
1732 3756 1871 3809 Cum
1923 3755 2108 3826 pceni-

465 3838 659 3894 tentias
682 3839 837 3893 viam
861 3841 1254 3911 persequaris,
1276 3858 1387 3895 non
1413 3846 1467 3896 te
1493 3843 1863 3898 insectabunt
1911 3859 2040 3898 reru
2059 3860 2105 3897 1;

468 3928 702 3998 cupido,
736 3944 839 3981 nec
870 3927 1109 3997 deliciae,
1141 3945 1245 3982 nec
1268 3929 1537 3995 honores,
1563 3947 1665 3985 nec
1689 3931 1886 3985 formae
1916 3931 2108 3986 cultus

470 4031 659 4085 neque
690 4030 969 4070 sensuum
1004 4016 1424 4072 incontinenlia
1451 4036 1465 4085 ;
1494 4018 1591 4071 tibi
1623 4019 1849 4073 obviam
1880 4037 1993 4074 non
2017 4021 2109 4073 de-

472 4103 706 4157 venient
738 4103 953 4174 iniquae
977 4105 1216 4175 spiritus
1239 4106 1761 4169 elationes,mentis
1780 4108 2106 4179 captivitas,

468 4208 749 4246 vanarum
792 4194 1206 4264 cogitationum
1271 4195 1592 4261 conflictus,
1628 4214 1731 4251 nec
1790 4197 1898 4252 alia
1956 4216 2107 4269 quaa-

474 4295 703 4350 cunque
736 4279 1060 4334 voluntaria
1093 4280 1333 4334 rationis
1366 4282 1655 4351 perversio
1678 4284 1792 4339 sive
1824 4286 2107 4356 confusio;

470 4373 527 4423 te
585 4375 913 4440 parentum,
950 4371 1216 4439 fratrum,
1268 4372 1735 4439 conjunctorum,
1788 4378 2106 4434 amicorum

472 4462 530 4512 et
561 4463 985 4513 coaetaneorum
1028 4459 1294 4513 amicitiae
1346 4477 1459 4515 non
1513 4464 1892 4532 perturbant;
1926 4484 2112 4539 neque

2214 578 2417 655 κόσμον
2452 580 2638 656 φιλίας
2661 579 2943 651 ἠλλοίωσε
2971 576 3097 639 τοὺς
3149 577 3322 640 θείους
3368 578 3742 651 χαρακτῆρας,
3775 576 3869 633 διὰ

2212 677 2315 738 τῆς
2357 670 2491 744 πρὸς
2539 672 2635 738 τὴν
2690 668 2857 743 σάρκα
2906 664 3236 738 συμπαθείας
3284 662 3559 739 ἡχρείωσε
3588 666 3686 732 τὴν
3719 666 3867 720 εἰκό-

2213 779 2297 813 να.
2352 761 2386 825 ἠ
2434 756 2609 832 ἀχλὺς
2655 762 2761 812 τῶν
2816 756 3070 828 έμπαθῶν
3124 751 3412 826 λογισμῶν
3458 751 3755 825 ἠμαύρωσε
3801 757 3864 809 τὸ

2212 853 2309 914 τῆς
2356 849 2539 919 ψυχῆς
2592 844 2877 917 ἔσοπτρον,
2920 841 2990 897 δι’
3040 842 3100 895 οὗ
3132 841 3365 915 Χριστὸς
3398 842 3425 894 6
3456 841 3649 909 νοητὸς
3699 842 3861 909 ἥλιος

2212 934 2576 1011 ἐμφανίζεται.
2605 932 2680 986 Σὺ
2697 937 2776 1003 τῷ
2798 934 2892 985 τοῦ
2923 934 3056 984 Θεοῦ
3079 924 3233 1006 φόϐῳ
3262 930 3361 996 τήν
3391 930 3576 1001 ψυχὴν
3604 929 3857 1001 παθήλω.

2213 1044 2330 1092 σας,
2362 1022 2597 1097 ἐπέγνως
2625 1021 2717 1075 τὸν
2751 1019 3054 1091 σκοτασμὸν
3093 1024 3193 1086 τῆς
3235 1024 3507 1089 κοσμικῆς
3544 1017 3854 1091 ἀνωμαλίας

2210 1118 2445 1180 συνῆκας
2493 1110 2584 1164 ¹ιὸν
2638 1108 2697 1163 ἐκ
2741 1114 2848 1162 τῶν
2894 1102 3140 1181 θορύϐων
3209 1105 3571 1180 συναγόμενον
3634 1111 3701 1180 τῇ
3749 1105 3856 1162 δια-

2209 1198 2328 1269 νοίᾳ
2371 1197 2730 1273 σκορπισμόν·
2785 1198 3027 1271 ἑώρακας
3074 1194 3163 1248 τὸν
3218 1192 3277 1248 ἐκ
3317 1197 3414 1249 τοῦ
3463 1193 3859 1271 πολυταράχου

2214 1290 2334 1364 βίου
2398 1292 2736 1343 συναντῶντα
2776 1292 2892 1348 τοῖς
2940 1285 3251 1361 ἀνθρώποις
3314 1282 3538 1357 μάταιον
3597 1304 3857 1358 περισπα-

2212 1378 2370 1450 σμόν·
2406 1377 2647 1451 ὀτρώθης
2678 1380 2758 1447 τῷ
2793 1372 2940 1450 βέλει
2986 1370 3082 1428 τοῦ
3120 1372 3256 1427 κατὰ
3301 1372 3399 1439 τὴν
3432 1372 3665 1445 ἡσυχίαν
3713 1372 3853 1446 ἔρω-

2208 1484 2322 1526 τος·
2384 1465 2650 1534 ἐζήτησας
2686 1464 2785 1531 τήν
2848 1462 3071 1537 εἰρήνην
3126 1465 3231 1515 τῶν
3294 1459 3603 1534 λογισμῶν·
3662 1458 3857 1532 ἔμαθες

2209 1554 2333 1628 γάρ’
2392 1578 2411 1603 α
2449 1555 2692 1622 Εήτησον
2749 1551 3001 1624 εἰρήνην,
3050 1550 3139 1603 καὶ
3189 1546 3378 1618 δίωξον
3431 1548 3619 1617 αὐτήν.
3654 1571 3681 1598 ››
3729 1548 3855 1602 E116—
3936 1566 3941 1571 ‘

2211 1652 2377 1711 θησας
2431 1642 2530 1708 τὴν
2611 1640 2804 1693 ἐκεῖθεν
2882 1637 3177 1692 ἀνάπαυσιν
3214 1680 3228 1705 ,
3299 1632 3483 1704 ἐπειδή
3570 1634 3849 1705 ἤκουσας·

2210 1753 2238 1780 ‹‹
2274 1716 2653 1802 Ἐπίστριψον,
2699 1729 2849 1800 ψυχή
2906 1747 3034 1797 μου,
3083 1724 3159 1788 εἷς
3194 1731 3294 1793 τῆν
3343 1724 3633 1778 ἀνάπαυσίν
3677 1746 3792 1781 σου,
3823 1747 3853 1779 υ

2209 1819 2306 1871 Διὰ
2334 1821 2464 1891 γοῦν
2513 1821 2682 1870 ταῦτα
2725 1822 2813 1869 καί
2875 1814 3140 1884 διενοήσω
3188 1815 3287 1882 τήν
3330 1811 3617 1888 εὐγένειαν,
3649 1813 3717 1882 ἦν
3750 1815 3853 1868 ἀπ-

2205 1903 2395 1966 έλαϐες
2445 1904 2495 1957 ἐν
2546 1909 2625 1976 τῷ
2672 1904 3003 1978 βαπτίσματι
3054 1904 3186 1956 κατὰ
3235 1903 3419 1977 χάριν,
3472 1896 3748 1956 ἀπεϐάλου
3800 1900 3855 1956 δὲ

2206 1994 2341 2048 κατά
2379 2014 2604 2067 γνωμην
2658 1991 2744 2046 διὰ
2786 1996 2891 2047 τῶν
2944 1992 3133 2045 παθῶν
3175 1989 3225 2044 έν
3267 1994 3346 2062 τῷ
3393 1991 3606 2062 κόσμῳ,
3653 1990 3852 2045 ἀνακα-

2208 2080 2459 2144 λέσασθαι
2492 2078 2685 2153 ἀμέλει
2735 2078 2822 2134 διὰ
2868 2080 2965 2147 τὴν
3015 2081 3215 2153 ἀγαθὴν
3265 2078 3518 2153 γνώμην*
3568 2078 3643 2139 εἷς
3692 2076 3850 2152 ἔργον

2206 2166 2453 2241 ἐξέϐαλες
2496 2174 2575 2240 τῷ
2620 2170 2750 2243 ἱερῷ
2799 2167 3199 2243 φροντιστηρίῳ
3246 2161 3602 2239 παραϐαλὼν,
3650 2167 3742 2220 καὶ
3788 2166 3853 2220 τὰ

2205 2264 2343 2331 τίμα
2378 2266 2476 2327 τῆς
2528 2258 2811 2330 μετανοίας
2853 2255 3029 2333 ἄμφια
3074 2250 3567 2327 περιϐαλλόμενος,
3609 2257 3696 2310 καὶ
3748 2256 3845 2321 τήν

2211 2349 2375 2421 μέχρι
2410 2349 2637 2400 θανάτου
2683 2346 2995 2418 καταμονήν
3047 2345 3097 2397 έν
3151 2348 3228 2414 τῷ
3276 2342 3626 2415 μοναστηρίῳ
3673 2342 3842 2415 ἐμψύ-

2208 2456 2322 2510 χως
2375 2434 2489 2508 [ἴς.
2548 2433 2839 2508 εὐψύχως]
2895 2430 3371 2507 έπαγγειλάμενος·
3441 2429 3686 2505 δευτέραν
3740 2430 3848 2502 ἤδη

2206 2526 2478 2593 συνθήκην
2530 2524 2665 2595 πρὸς
2715 2523 2842 2576 Θεὸν
2888 2521 3169 2590 ἐποιήσω,
3216 2522 3313 2588 τὴν
3365 2521 3588 2593 πρώτην
3639 2519 3715 2580 εἷς
3757 2520 3850 2573 τὸν

2207 2614 2448 2688 παρόντα
2509 2613 2623 2687 βίον
2672 2611 3096 2686 εἰσερχόμενος,
3153 2610 3251 2677 τὴν
3313 2605 3559 2681 δευτέραν
3609 2608 3743 2682 πρὸς
3793 2609 3854 2662 τὸ

2205 2700 2362 2763 τέλος
2406 2706 2502 2755 τοῦ
2552 2701 2820 2774 παρόντος
2876 2699 2995 2771 βίου
3046 2698 3413 2773 ἐπειγόμενος.
3447 2697 3581 2754 Τότε
3629 2695 3719 2751 διὰ
3755 2701 3856 2761 τῆς

2208 2784 2479 2850 εὐσεϐείας
2533 2794 2611 2860 τῷ
2672 2793 2889 2863 Χριστῷ
2964 2786 3348 2863 προσελήφθης
3384 2828 3397 2854 ,
3456 2790 3541 2839 νῦν
3613 2783 3701 2839 διὰ
3765 2806 3855 2857 με-

2205 2880 2421 2939 τανοίας
2446 2879 2524 2950 τῷ
2578 2882 2792 2952 Χριστῷ
2835 2875 3282 2952 πφεσηρμόσθης·
3318 2874 3429 2928 ἐκεῖ
3474 2875 3635 2947 χάριν
3684 2872 3855 2947 εὗρες,

2209 2965 2314 3021 ὧδε
2364 2967 2543 3041 χρέως
2601 2965 2841 3027 συνέθου·
2920 2964 3042 3017 τότε
3099 2962 3415 3033 νηπιάζων,
3464 2966 3557 3016 τοῦ
3609 2959 3855 3023 δοθέντος

2209 3078 2294 3111 σοι
2342 3056 2647 3128 ἀξιώματος
2697 3053 2795 3107 ούκ
2850 3055 3142 3124 ὴσθάνθης,
3191 3052 3239 3106 εἴ
3286 3052 3373 3106 καὶ
3423 3051 3639 3125 ὕστερον
3687 3051 3844 3123 αὐξη-

2211 3147 2318 3206 θεὶς
2354 3146 2415 3198 τὸ
2454 3145 2676 3219 μέγεθος
2706 3140 2875 3218 ἔγνως
2920 3149 3018 3210 τῆς
3054 3139 3284 3216 δωρεᾶς,
3335 3142 3419 3196 καὶ
3480 3140 3706 3213 χαλινὸν
3762 3138 3846 3193 ἐπὶ

2212 3233 2479 3306 στόματος
2536 3233 2733 3309 φέρεις’
2793 3236 2907 3298 νῦν,
2967 3229 3017 3284 ἐν
3072 3228 3267 3302 τελείῳ
3321 3232 3629 3303 φρονήματι
3679 3227 3853 3283 διατε-

2211 3321 2347 3391 λῶν,
2394 3324 2494 3390 την
2545 3318 2770 3393 δύναμιν
2819 3323 2915 3387 τῆς
2962 3323 3229 3393 συνταγῆς
3277 3318 3674 3393 ἐπιγινώσκεις.
3716 3320 3856 3388 Ὅρα

2216 3412 2290 3482 μὴ
2350 3409 2438 3464 καὶ
2495 3410 2694 3477 ταύτην
2763 3407 3024 3477 ἀθετήσας
3084 3408 3179 3475 τὴν
3240 3406 3556 3480 ὑπόσχεσιν,
3612 3404 3849 3479 καθάπερ

2212 3520 2261 3553 τι
2320 3503 2512 3559 σκεῦος
2572 3493 2847 3571 συντριϐὲν
2900 3495 3247 3570 ὁλοκλήρως,
3306 3496 3615 3572 ἀπορῥιφῆς
3663 3500 3738 3556 εἷς
3792 3495 3855 3549 τὸ

2214 3587 2402 3647 σκότος
2458 3588 2518 3640 τὸ
2551 3585 2830 3659 ἐξώτερον,
2884 3584 3007 3640 ἔνθα
3036 3588 3063 3639 6
3092 3585 3371 3656 κλαυθμὸς
3418 3586 3505 3640 καὶ
3549 3587 3575 3638 6
3613 3584 3858 3658 βρυγμὸς

2212 3680 2319 3730 τῶν
2348 3673 2604 3729 ὀδόντων·
2642 3672 2770 3749 δίχα
2796 3676 2898 3748 γὰρ
2937 3681 3037 3743 τῆς
3082 3676 3215 3729 κατὰ
3261 3674 3358 3740 τήν
3413 3672 3697 3744 μετάνοιαν
3727 3670 3859 3725 ὁδοῦ

2215 3762 2360 3834 ἄλλη
2392 3759 2581 3839 τρίϐος
2614 3762 2951 3838 ἂπανάγουσα
2999 3764 3135 3838 πρὸς
3181 3762 3448 3835 σωτηρίαν
3496 3761 3557 3815 όύ
3606 3760 3861 3837 πέφυκεν.

2215 3854 2480 3906 ’Ἄκουσον
2513 3852 2564 3906 τί
2606 3873 2689 3905 σοι
2724 3847 2889 3906 Δαϐὶδ
2939 3849 3352 3927 ἐπαγγέλλεται’
3389 3876 3415 3901 ‹‹
3450 3848 3553 3905 Τὸν
3603 3851 3857 3921 Ὕψιστον

2217 3938 2339 3993 ἔθου
2370 3943 2718 4017 κατασφυγήν
2746 3962 2861 4012 σου,
2888 3963 2915 3991 ››
2946 3941 3033 3994 καὶ
3069 3940 3113 3993 εἰ
3137 3942 3235 4007 τὴν
3265 3938 3399 3993 κατὰ
3423 3938 3652 4012 Χριστὸν
3682 3936 3863 4009 προεί-

2220 4028 2319 4083 λου
2349 4027 2717 4101 τεΟλιμμένην
2755 4031 2917 4097 ζωὴν,
2949 4028 3009 4083 ού
3033 4025 3446 4103 προσελεύσεται
3476 4026 3615 4099 πρὸς
3645 4026 3703 4080 σὶ
3722 4024 3860 4080 κακὰ

2216 4118 2282 4171 τα
2312 4116 2369 4171 ἐκ
2395 4125 2494 4185 τῆς
2524 4125 2792 4189 κοσμικῆς
2824 4118 3162 4193 ἀναστροφῆς
3201 4114 3564 4191 προσδοθέντα
3594 4135 3698 4171 σοι.
3733 4114 3856 4189 Οὐχ

2217 4202 2401 4278 ἕψεταί
2462 4226 2544 4259 σοι
2609 4209 2885 4278 μετανοεῖν
2959 4204 3267 4280 αἱρουμένῳ
3328 4203 3460 4276 ἔρως
3530 4206 3861 4279 χρημάτων,

2218 4295 2417 4369 τρυφὴ,
2471 4294 2629 4365 τιμὴ,
2690 4291 3106 4365 καλλωπισμὸς,
3142 4293 3368 4369 ἀκρασία
3418 4293 3741 4363 αἰσθήσεων·
3794 4293 3860 4348 ού

2222 4378 2539 4453 διαμενοῦσι
2596 4380 2903 4455 παράνομοι
2973 4382 3248 4437 κατέναντί
3320 4404 3414 4437 σου
3493 4381 3863 4455 μετεωρισμοὶ

2222 4468 2480 4536 διανοίας,
2513 4467 2872 4544 αἶ’χμαλωσία
2903 4472 3048 4540 νοὸς,
3101 4472 3374 4546 χαύνωσις
3412 4468 3861 4546 ἀλλεπαλλήλων

473 4546 796 4618 defatigant
827 4552 879 4600 te
913 4547 1258 4618 intempesta
1290 4554 1346 4603 et
1402 4550 1624 4605 inutilis
1673 4557 2005 4623 conjunctio
2055 4564 2104 4612 et

2220 4557 2516 4634 λογισμφν,
2549 4558 2637 4611 καὶ
2697 4556 2841 4628 ἄλλη
2903 4565 3046 4614 πᾶσα
3103 4543 3346 4621 έκούσιος
3400 4561 3724 4635 παρατροπὴ
3772 4543 3860 4613 καὶ

474 4635 894 4690 confabulatio.
928 4635 1111 4698 Quam
1144 4636 1191 4691 si
1225 4638 1507 4693 amoveris
1539 4642 1796 4710 corporis
1829 4648 1883 4698 et
1904 4645 2111 4700 animae

473 4724 925 4793 separationem,
961 4742 1147 4795 neque
1178 4724 1393 4781 doloris
1451 4732 1821 4798 compunctio
1880 4735 2113 4789 accedet

474 4811 543 4866 ad
579 4811 834 4866 animam
870 4817 1055 4879 tuam,
1082 4827 1273 4884 neque
1295 4815 1814 4886 tristitiaajaculu’m
1835 4827 2110 4879 cortuum

476 4899 789 4968 confodiet,
824 4915 1011 4969 neque
1037 4901 1283 4969 dejectio
1309 4903 1675 4961 obnubilabit
1702 4908 1901 4963 faciem
1928 4915 2109 4967 tuam.

476 4987 584 5050 Qui
621 5003 681 5041 se
716 5004 747 5040 a
780 4988 1062 5056 jucundis
1121 4989 1423 5044 retrahunt
1479 4998 1999 5054 consuetudinibus
2056 5007 2113 5056 et

478 5090 704 5129 omnem
733 5077 994 5129 affectum
1019 5076 1086 5129 ad
1110 5078 1382 5145 prazdicta
1405 5079 1724 5150 deponunt,
1743 5083 1958 5140 doloris
1981 5104 2113 5142 acu-

478 5162 635 5217 mina
679 5164 1054 5229 obtundunt;
1089 5164 1355 5221 Christus
1400 5169 1758 5224 certantibus
1804 5173 2112 5231 animabus

476 5252 690 5317 adstat,
726 5251 1124 5322 gaudiumque
1183 5254 1473 5309 ineffabile
1514 5265 1559 5308 et
1617 5259 1915 5325 spiritualc
1956 5265 2111 5318 cordi

477 5355 674 5393 eorum
711 5340 985 5407 infundit,
1008 5342 1162 5394 itaut
1184 5358 1287 5396 nec
1310 5360 1340 5396 a
1366 5344 1539 5397 rebus
1561 5345 1737 5414 hujus
1760 5351 1961 5403 mundi
1987 5370 2111 5421 pcr-

476 5430 657 5498 gratis
678 5444 865 5498 neque
890 5429 1289 5500 afﬂigentibus
1312 5432 1589 5487 devinciri
1630 5436 2112 5505 possint.’Sancta

545 5641 562 5674 ¹
600 5639 622 5693 I
656 5638 800 5695 Petr.
837 5657 876 5711 ι,
906 5641 961 5697 2.
1040 5642 1060 5677 ³
1087 5642 1237 5699 Psal.
1273 5660 1422 5716 cxlv,
1453 5646 1508 5703 7.
1587 5648 1606 5683 ³
1638 5647 1768 5706 Psal
1794 5666 1881 5722 xc,
1913 5652 1965 5707 9.

2222 4646 2502 4720 σύγχυσις·
2558 4643 2680 4700 οὐδὲ
2739 4647 2893 4723 φιλία
2947 4648 3306 4724 γεννητόρων,
3362 4645 3631 4725 ἀδελφῶν,
3678 4668 3859 4723 συγγε-

2220 4740 2347 4805 νῶν,
2377 4733 2573 4811 ιρίλων,
2606 4737 2693 4790 καὶ
2721 4739 2964 4807 συνήθων
3012 4739 3311 4792 συναντέσει
3346 4756 3449 4791 σοι·
3504 4734 3630 4791 οὐδὲ
3661 4740 3696 4805 ἡ
3727 4734 3857 4811 πρός

2220 4824 2445 4887 τούτους
2477 4822 2699 4898 ἄκαιρος
2736 4827 2825 4881 καὶ
2877 4826 3171 4896 ἀσυντελης
3225 4825 3485 4901 συντυχία
3532 4826 3620 4881 καὶ
3669 4824 3864 4899 ὁμιλία

2220 4916 2542 4986 παροικήσει
2603 4914 2652 4967 ἐν
2700 4914 2801 4969 σοί.
2852 4915 2912 4969 Εἰ
2940 4916 3116 4987 τούτῳ
3161 4917 3258 4984 τὴν
3318 4916 3593 4988 ἀποταγὴν
3652 4914 3863 4988 ἀγαπή-

2223 5022 2330 5062 σεις
2384 5003 2593 5073 σώματι
2643 5003 2729 5057 καὶ
2762 5003 2940 5078 ψυχῇ,
3000 5004 3187 5076 μάστιξ
3241 5001 3440 5074 ὀδύνης
3469 5003 3565 5058 οὐκ
3610 5003 3783 5078 ἐγγιεῖ
3812 5002 3861 5057 ἐν

2220 5095 2287 5163 τῇ
2335 5094 2486 5166 ψυχῇ
2536 5113 2655 5159 σου,
2692 5092 2777 5146 καὶ
2826 5092 3006 5158 λύπης
3055 5093 3214 5169 βέλος
3263 5093 3324 5147 οὐ
3369 5092 3561 5168 τρώσέι
3612 5094 3710 5159 τήν
3762 5094 3858 5160 σήν

2224 5176 2464 5253 καρδίαν,
2491 5177 2617 5234 οὐδὲ
2646 5182 2707 5234 τὸ
2735 5181 2823 5235 σὸν
2873 5182 3244 5255 σκυθρωπάσει
3278 5183 3591 5257 πρόσωπον.
3644 5182 3707 5234 O't
3758 5182 3859 5254 γὰρ

2224 5264 2481 5334 ἐνηδόνου
2514 5268 2791 5337 συνηθείας
2830 5266 3295 5341 ἀποδιιστάμενοι,
3347 5269 3435 5322 καὶ
3479 5272 3577 5338 τὴν
3620 5270 3756 5343 πρὸς
3798 5269 3864 5323 τὰ

2221 5353 2479 5426 εἰρημένα
2524 5358 2694 5409 πάντα
2749 5356 3111 5429 προσπάθειαν
3170 5357 3540 5429 ἀπωσάμενοι,
3597 5357 3690 5419 τὰς
3748 5356 3864 5410 ἀκί-

2223 5439 2313 5502 δας
2338 5450 2438 5510 τῆς
2480 5442 2661 5513 λύπης
2709 5440 3107 5516 ἀμϐλύὴουσινο
3145 5446 3171 5498 6
3202 5445 3429 5519 Χριστὸς
3470 5446 3572 5519 γὰρ
3619 5448 3686 5519 τῇ
3726 5444 3863 5519 ἀγω-
