4136 6292
336 330 439 384 385

1264 334 1360 386 DE
1396 329 1850 386 ABSCONDITA
1886 319 2348 380 OPRRATIONE
2388 327 2463 381 IN
2498 327 2807 383 CHRISTO

3620 331 3725 386 386

328 453 589 525 νιζομὲνῃ
637 454 793 525 ψυχῇ
844 450 1206 527 ἐμφανίζεται,
1236 454 1326 508 καὶ
1386 453 1557 528 χαρὰν
1593 448 1963 519 ἀνεκλάλητον

2081 449 2235 502 enim
2277 450 2569 517 exercitia,
2594 450 2875 507 salutares
2916 452 3370 517 recordationes;
3413 454 3593 510 divini
3625 472 3720 512 co-

328 540 559 615 παρέχει
592 544 661 612 τῇ
694 537 908 613 καρδίᾳ,
941 540 1028 595 καὶ
1059 543 1154 609 τῆν
1182 543 1547 615 πνευματικὴν
1600 541 1769 615 χαρὰν
1817 535 1970 592 οὐδὲν

327 634 436 681 τῶν
488 628 549 682 ἐκ
594 632 693 682 τοῦ
738 628 951 700 κόσμου
1000 633 1333 703 τερπνῶν,
1380 628 1587 699 δεινῶν,
1618 628 1785 702 αἶ’ρειν
1842 627 1975 680 ποτε

333 713 561 769 δύναται
597 735 607 745 ·
648 714 868 787 μελέται
900 717 1003 790 γὰρ
1035 717 1246 790 ἀγαθαὶ,
1280 718 1369 771 καὶ
1421 714 1784 789 σωτηριώδεις
1836 720 1973 786 μνῆ-

337 825 458 875 μαι,
489 804 580 857 καὶ
630 808 748 865 θεῖα
809 800 1167 875 διανοήματα,
1198 804 1286 858 καὶ
1347 804 1505 878 λόγοι
1563 804 1748 876 σοφίας
1795 800 1974 856 διακο-

330 896 552 953 νοῦντες
601 896 681 962 τῷ
731 892 1031 963 ἀγωνιστῇ,
1067 889 1515 967 διαφυλάττουσιν
1566 892 1721 945 αὐτὸν
1771 891 1819 944 ἐν
1874 890 1973 943 πά-

333 1000 452 1040 σαις
507 985 627 1040 ταῖς
680 976 827 1039 ὁδοῖς
874 983 980 1032 τῶν
1026 980 1160 1034 κατᾶ
1207 982 1334 1034 Θεὸν
1390 976 1560 1053 ἔργων
1607 981 1786 1034 αὐτοῦ.
1817 981 1973 1040 ’Ὀθεν

333 1072 426 1120 καί
479 1063 746 1120 ἐπιϐαίνει
796 1066 881 1121 ἐπί
936 1074 1105 1121 πᾶσαν
1159 1067 1359 1142 ἄλογον
1416 1067 1837 1140 ἐπιθυμῖαν,καὶ
1888 1070 1976 1121 θυ-

347 1157 448 1228 μὸν
500 1162 769 1229 προπετῆ,
820 1157 1059 1228 καθάπερ
1112 1157 1198 1211 ἐπὶ
1250 1156 1447 1211 ἀσπίδα
1495 1159 1580 1210 καὶ
1643 1155 1972 1231 βασιλίσκον,

338 1245 426 1297 καί
464 1247 762 1297 καταπατεῖ
789 1244 861 1305 ὡς
896 1243 1083 1299 λέοντα
1132 1247 1229 1313 τήν
1282 1246 1465 1318 ὀργῆν,
1493 1246 1578 1298 καὶ
1629 1247 1727 1313 τῆν
1770 1242 1974 1312 ἡδονὴν

336 1331 411 1390 ὡς
443 1328 727 1403 δράκοντα.
760 1332 819 1386 Ἠ
854 1329 909 1383 δὲ
939 1332 1105 1401 αἰτία,
1140 1331 1219 1385 ὅτι
1274 1338 1444 1385 πᾶσαν
1494 1332 1592 1398 τῆν
1637 1329 1832 1385 ἐλπίδα
1876 1332 1977 1385 αὖ·

336 1422 452 1486 τοῦ,
486 1417 591 1471 ἀπὸ
648 1422 754 1471 τῶν
813 1419 1114 1491 ἀνθρώπων
1170 1418 1257 1472 καὶ
1318 1424 1423 1472 τῶν
1471 1418 1771 1492 εἰρημένων
1805 1439 1974 1493 πραγ-

341 1505 521 1577 μάτων
571 1507 899 1575 ἀποστήσας,
948 1512 1027 1577 τῷ
1084 1512 1196 1578 Θεῷ
1267 1506 1591 1581 προσέδησε,
1640 1508 1729 1560 καὶ
1778 1511 1972 1580 γνῶσιν

331 1591 462 1647 Θεοῦ
493 1593 741 1661 πλουτεῖ,
774 1595 861 1647 καὶ
898 1596 1025 1648 Θεὸν
1070 1594 1151 1649 ἀεὶ
1195 1600 1395 1669 νοερῶς
1447 1597 1581 1669 πρὸς
1627 1596 1726 1663 τήν
1783 1596 1974 1648 ἑαυτοῦ

330 1682 590 1755 βοήθειαν
625 1681 950 1737 ἐκκαλεῖται.
992 1708 1012 1732 ι
1061 1685 1183 1738 ’Ότι
1230 1682 1311 1736 ἐπ’
1350 1682 1468 1755 ἐμὲ,
1501 1684 1683 1760 φησὶν,
1717 1683 1971 1750 ἤλπισεν,

327 1771 417 1824 καὶ
451 1770 688 1844 ῥύσομαι
720 1770 876 1824 αὐτόν
908 1789 921 1801 ⁶
951 1770 1197 1825 σκεπάσω
1228 1772 1413 1843 αὐτὸν,
1445 1772 1525 1826 ὅτι
1572 1770 1707 1845 ἔγνω
1752 1774 1812 1825 τὸ
1862 1768 1975 1824 ὄνο-
2006 1800 2051 1863 Β

1956 1859 1971 1879 \

333 1862 408 1930 μα
441 1880 547 1931 μου
581 1878 593 1891 ’
629 1860 936 1931 κεκράξεται
996 1860 1131 1935 πρός
1192 1881 1277 1931 με,
1307 1860 1397 1915 καὶ
1456 1860 1851 1932 ἐπακούσομαι,
1883 1860 1973 1914 καὶ

331 1947 393 2000 οὐ
430 1947 589 2019 μόνον
621 1952 726 2000 τῶν
762 1942 1062 2011 θλιϐόντων
1096 1948 1415 2021 ἀπαλλάξω,
1446 1948 1593 2003 ἀλλὰ
1621 1947 1712 2002 καί
1768 1946 1974 2017 δοξάσω

332 2035 514 2089 αὐτόν.
553 2059 580 2086 ››

400 2124 561 2197 Ὁρᾷς
610 2128 716 2177 τῶν
776 2125 909 2178 κατᾶ
960 2126 1088 2179 Θεὸν
1145 2126 1491 2197 ἀσκουμένων
1560 2124 1686 2185 τοὺς
1744 2126 1971 2199 ἀγῶνας,

321 2211 415 2265 καὶ
474 2213 542 2266 τὰ
600 2212 837 2275 ἐντεῦθεν
900 2208 1162 2287 βραϐεῖα;
1224 2211 1525 2267 σπούδασον
1609 2212 1803 2268 λοιπὸν
1871 2216 1972 2281 τὴν

320 2299 526 2368 κλῆσιν
585 2302 772 2373 πρᾶξιν
832 2305 1207 2370 ποιήσασθαι·
1269 2302 1357 2354 καὶ
1416 2302 1488 2361 ὡς
1556 2301 1839 2373 ἐμονώθης
1897 2307 1974 2373 τῷ

326 2389 571 2459 σώματι,
604 2385 1065 2462 ἀποϐαλλόμενος
1096 2391 1183 2443 καὶ
1230 2390 1297 2443 τὰ
1344 2392 1593 2461 νοήματα
1642 2395 1746 2444 τῶν
1803 2410 1972 2464 πραγ-

331 2477 545 2548 μάτων,
583 2478 945 2553 μετημφιάσω
1006 2479 1068 2531 τὸ
1124 2484 1337 2552 σχῆμα,
1379 2480 1611 2547 ποίησον
1656 2479 1743 2532 καὶ
1802 2476 1969 2549 ξένον,

326 2565 535 2618 ἀπόθου
566 2565 655 2618 καὶ
694 2565 820 2627 τοὺς
855 2564 1074 2639 λόγους,
1108 2566 1197 2619 καὶ
1241 2565 1367 2627 τοὺς
1416 2569 1792 2640 προσήκοντας
1837 2566 1971 2619 κατὰ

324 2654 505 2727 γένος.
541 2653 605 2709 Εἰ
641 2655 716 2724 μή
748 2655 846 2729 γὰρ
880 2654 1225 2727 καταπαύσῃς
1285 2654 1389 2708 ἀπὸ
1437 2658 1535 2718 τῆς
1578 2659 1685 2708 τῶν
1728 2653 1827 2723 ἔξω
1875 2676 1966 2708 πε-

332 2741 732 2816 ριπλανήσεως,
784 2742 845 2796 οὐ
897 2740 1225 2815 διαναστήσῃ
1276 2743 1412 2816 πρὸς
1466 2742 1589 2803 τοὺς
1648 2741 1841 2796 ἔσωθεν
1893 2744 1969 2797 ἓν·

337 2827 663 2902 εδρεύοντας.
702 2830 764 2886 Εἰ
829 2832 904 2903 μή
964 2833 1193 2904 νικήσῃς
1242 2831 1368 2893 τοὺς
1425 2829 1516 2885 διὰ
1570 2835 1677 2885 τῶν
1728 2836 1969 2907 φανερῶν

330 2923 728 2989 πολεμοῦντας,
764 2919 827 2972 οὗ
857 2923 1150 2992 τροποῦσαι
1182 2924 1306 2982 τοῦς
1344 2920 1561 2995 ἀφανεῖς
1610 2914 1958 2980 ἐπιϐούλους.

403 3008 565 3062 ’Ὁταν
598 3004 655 3060 δὲ
701 3006 827 3068 τοὺς
882 3006 981 3079 ἔξω
1030 3007 1436 3081 περισπασμοὺς
1488 3008 1847 3081 καταργήσῃς,
1879 3007 1967 3060 καὶ

327 3095 457 3155 τοὺς
506 3090 610 3148 ἔσω
686 3094 988 3170 λογισμοὺς
1043 3093 1393 3167 καταλείψῃς,
1446 3095 1706 3168 ἐγείρεται
1762 3094 1884 3149 τότε
1940 3096 1967 3148 6

333 3188 459 3244 νοῦς
494 3184 545 3237 ἐν
575 3189 691 3244 τοῖς
719 3180 896 3258 ἔργοις
928 3184 1015 3237 καὶ
1046 3190 1161 3245 τοῖς
1222 3182 1408 3259 λόγοις
1462 3189 1558 3237 τοῦ
1614 3184 1916 3254 πνεύματος
1951 3202 1963 3214 ·

328 3273 420 3325 καὶ
455 3272 571 3325 ἀντὶ
618 3279 718 3341 τῆς
769 3274 1053 3341 συνηθείας
1080 3277 1186 3325 τῶν
1236 3277 1502 3347 συγγενῶν
1551 3273 1640 3326 καὶ
1700 3276 1965 3342 συνήθων,

329 3360 458 3421 τοὺς
492 3361 728 3433 τρόπους
758 3365 864 3414 τῶν
898 3361 1099 3434 ἀρετῶν
1134 3360 1371 3421 ἐκτελεῖς
1407 3382 1418 3394 ’
1453 3361 1541 3415 καὶ
1572 3360 1687 3414 ἀντὶ
1716 3366 1823 3414 τῶν
1873 3383 1969 3433 μα-

328 3449 496 3504 ταίων
525 3446 705 3523 λόγων
736 3453 841 3503 τῶν
867 3448 925 3502 ἐκ
950 3452 1050 3513 τῆς
1078 3456 1345 3521 κοσμικῆς
1378 3448 1596 3521 ὁμιλίας
1616 3452 1966 3520 τικτομένων,

326 3541 362 3607 ἡ
406 3535 631 3609 μελέτη,
664 3536 752 3590 καὶ
784 3539 818 3605 ἡ
856 3534 1097 3606 δήλωσις
1124 3541 1229 3591 τῶν
1264 3538 1419 3599 θείων
1452 3537 1634 3611 λόγων
1682 3542 1786 3591 τῶν
1835 3538 1969 3590 κατά

332 3627 433 3693 τήν
522 3622 761 3679 διάνοιαν
848 3625 1205 3697 κινουμένων,
1265 3625 1483 3701 φωτίζει
1564 3626 1647 3678 καὶ
1710 3625 1965 3693 συνετίζει

326 3716 429 3782 τῆν
464 3715 671 3786 ψυχήν.
705 3715 765 3769 Ἥ
799 3710 953 3774 λύσις
1012 3718 1114 3767 τῶν
1159 3713 1453 3783 αἰσθήσεων
1516 3712 1711 3785 δεσμὸς
1766 3713 1966 3787 γίνεται

325 3809 429 3871 τῆς
460 3805 667 3875 ψυχῆς,
702 3801 789 3854 καὶ
822 3802 849 3853 ὁ
895 3798 1091 3873 δεσμὸς
1151 3806 1257 3855 τῶν
1314 3801 1609 3869 αἰσθήσεων
1662 3798 1965 3874 ἐλευθερίαν

325 3885 579 3964 βραϐεύει
628 3892 696 3961 τῇ
744 3892 896 3963 ψυχῇ
935 3908 945 3919 ·
974 3889 1146 3957 ἡλίου
1192 3886 1340 3949 δύσις
1380 3890 1547 3942 νύκτα
1595 3893 1741 3941 ποιεῖ
1774 3908 1785 3919 ·
1819 3888 1905 3941 καὶ
1939 3888 1966 3939 6

321 3978 561 4053 Χριστὸς
607 3978 891 4051 ὑποχωρεῖ
938 3976 995 4031 ἐκ
1043 3984 1141 4045 τῆς
1192 3979 1398 4050 ψυχῆς,
1426 3977 1515 4030 καὶ
1564 3981 1669 4029 τῶν
1721 3977 1903 4038 παθῶν
1939 3978 1965 4029 ὁ

317 4066 628 4137 σκοτασμὸς
664 4065 829 4133 αύτὴν
862 4061 1291 4137 καταλαμϐάνει,
1326 4064 1414 4119 καὶ
1466 4065 1519 4118 οἱ
1570 4064 1755 4131 νοτ,τοῖ
1805 4071 1964 4135 θῆρες

316 4156 491 4222 αὐτὴν
554 4151 1029 4227 διασπαράττουσι.
1063 4152 1365 4209 Ἀνέτειλεν
1423 4152 1450 4207 ό
1496 4152 1753 4221 αἶ’σθητὸς
1780 4151 1963 4219 ⁹ἥλιος,

316 4242 409 4297 καὶ
445 4245 606 4315 θῆρες
645 4242 735 4301 μὲν
772 4242 1091 4315 συνάγονται
1126 4241 1200 4302 είς
1246 4243 1341 4303 τας
1392 4239 1702 4302 καταδύσεις
1742 4241 1912 4294 αὐτῶν
1950 4258 1962 4271 ⁸

322 4328 611 4384 ἀνατέλλει
642 4331 727 4383 καὶ
765 4331 791 4383 6
824 4330 1060 4402 Χριστὸς
1095 4327 1145 4381 ἔν
1206 4335 1285 4400 τῷ
1347 4329 1679 4403 στερεώματι
1731 4336 1830 4397 τῆς
1886 4327 1966 4383 εύ-

322 4412 573 4493 χομένης
634 4414 896 4484 διανοιας,
928 4417 1017 4471 καὶ
1068 4423 1209 4471 πᾶσα
1241 4420 1396 4485 ἡτοῦ
1452 4420 1660 4489 κόσμου
1710 4420 1965 4485 συνήθεια

2082 539 2301 606 gitatus
2350 544 2407 592 et
2451 540 2746 611 sapientiae
2778 541 2949 594 verba
2982 541 3322 595 colluctanti
3346 542 3715 613 inserviunt;

2083 625 2392 696 ipsumque
2416 628 2471 681 in
2505 628 2777 683 omnibus
2807 630 2918 683 viis
2948 631 3290 685 custodiunt
3314 636 3375 685 ut
3403 648 3579 702 Opera
3617 634 3715 688 Dei

2084 714 2361 782 perﬁciat.
2399 716 2531 769 Ideo
2551 734 2723 786 super
2746 734 2916 771 omne
2939 718 3335 772 irrationabile
3359 720 3713 776 desiderium

2084 805 2139 853 et
2171 801 2416 856 velocem
2455 809 2668 857 motum
2717 803 2950 867 incedit,
3001 807 3495 876 quemadmodum
3542 826 3721 880 super

2086 890 2345 958 aspidem
2390 896 2445 944 et
2486 891 2853 956 basiliscum,
2906 895 3048 947 iram
3099 895 3264 965 quasi
3319 895 3540 951 leonem
3576 914 3715 953 con-

2085 977 2273 1030 culcat
2303 984 2359 1031 et
2390 978 2746 1049 voluptatem
2780 983 2929 1034 sicut
2962 982 3292 1036 draconem.
3320 984 3567 1039 Causam
3607 1005 3715 1042 au-

2084 1066 2219 1118 disti
2261 1082 2365 1121 cur
2395 1083 2556 1137 spem
2588 1071 2656 1121 ab
2694 1068 3029 1123 hominibus
3063 1073 3363 1125 retraxerit
3392 1078 3449 1126 et
3480 1090 3510 1127 a
3538 1087 3712 1129 rebus

2084 1154 2374 1222 prmdictis
2397 1161 2569 1224 atque
2601 1158 2981 1225 reportaverit
3012 1159 3078 1211 ad
3110 1164 3315 1225 Deum;
3346 1161 3469 1228 jam
3510 1162 3709 1218 divina

2084 1242 2415 1312 cognitione
2456 1244 2682 1298 ditescit
2713 1249 2769 1298 et
2793 1244 2974 1299 Deum
3009 1263 3237 1316 semper
3264 1247 3319 1302 in
3357 1249 3712 1319 adjutorium

2084 1345 2256 1382 suum
2320 1330 2586 1385 invocat.
2636 1356 2654 1378 -
2713 1333 2858 1395 Quia
2914 1335 3167 1404 speravit
3200 1336 3255 1389 in
3290 1352 3401 1403 me,
3451 1336 3711 1395 liberabo

2084 1431 2256 1484 eum;
2322 1425 2619 1489 protegam
2675 1437 2807 1474 eum
2886 1423 3041 1491 quod
3103 1426 3436 1494 cognoverit
3491 1444 3703 1483 nomen

2087 1522 2278 1559 meum
2307 1526 2319 1572 ;
2350 1506 2625 1562 clamabit
2669 1509 2738 1561 ad
2774 1525 2864 1562 me
2896 1516 2951 1563 et
2979 1526 3083 1579 ego
3114 1514 3422 1567 exaudiam
3448 1532 3469 1575 ;
3500 1521 3557 1570 et
3590 1533 3703 1571 non

2084 1610 2113 1646 a
2146 1593 2284 1648 solis
2314 1596 2796 1650 tribulationibus
2849 1597 3104 1653 liberabo
3147 1616 3301 1671 eum,
3352 1602 3451 1656 sed
3504 1608 3559 1658 et
3590 1604 3709 1675 glo-

2084 1682 2318 1737 riﬁcabo
2350 1683 2514 1739 illum
2549 1688 2588 1741 ‘.
2628 1708 2648 1732 ιι

2152 2125 2353 2179 Nonne
2384 2123 2821 2178 colluctantium
2858 2125 2914 2178 in
2948 2129 3056 2180 Deo
3088 2128 3410 2181 certamina
3429 2130 3709 2200 perspicis

2080 2216 2137 2266 et
2159 2228 2285 2283 quae
2316 2212 2458 2283 ipsis
2491 2214 2788 2284 proposita
2818 2214 2937 2267 sint
2969 2216 3248 2285 praemia?
3277 2216 3405 2270 Jam
3442 2234 3705 2288 propera,

2080 2300 2177 2369 qui
2222 2305 2459 2354 vocatus
2505 2317 2587 2367 es,
2642 2307 2703 2355 ut
2751 2318 2925 2372 opera
2971 2304 3267 2374 perﬁcias!
3317 2309 3569 2376 Corpore
3610 2312 3707 2361 tuo

2081 2395 2381 2458 separatus
2413 2405 2474 2442 es
2506 2407 2534 2442 a
2571 2390 2763 2455 rebus,
2798 2396 2889 2443 ast
2915 2408 3105 2445 rerum
3128 2409 3361 2462 quoque
3382 2393 3623 2448 affectus
3642 2412 3706 2448 ex

2080 2477 2277 2530 anima
2326 2477 2635 2547 projicias;
2684 2482 2871 2533 totum
2913 2480 3190 2535 immutes
3224 2480 3485 2535 habitum
3518 2488 3573 2536 et
3602 2484 3706 2538 tias

2080 2565 2327 2635 hospes;
2356 2583 2655 2620 sermones
2687 2567 2943 2637 deponas
2976 2569 3197 2638 patrios
3228 2574 3283 2623 et
3322 2570 3605 2639 quidquid
3641 2587 3709 2625 ex

2079 2669 2287 2723 genere
2334 2653 2627 2708 habueris.
2663 2655 2728 2708 Ni
2764 2656 2914 2710 enim
2950 2658 3021 2710 ab
3055 2658 3441 2711 exterioribus
3470 2658 3708 2713 redieris

2080 2742 2578 2811 divagationibus,
2636 2744 2705 2796 ad
2765 2744 2995 2798 interna
3052 2762 3356 2814 nunquam
3416 2748 3704 2802 devenies.

2077 2830 2144 2884 Ni
2179 2830 2339 2900 prius
2371 2844 2469 2883 eos
2499 2831 2903 2902 deviceris,qui
2940 2838 2991 2885 te
3016 2833 3322 2887 visibiliter
3343 2843 3704 2905 oppugnant,

2079 2918 2370 2988 quomodo
2404 2919 2649 2974 insidzas
2679 2919 2931 2973 hostium
2966 2920 3347 2975 invisibilium
3373 2924 3706 2993 superabis?

2146 3008 2287 3061 Cum
2321 3013 2513 3062 autem
2548 3013 2814 3062 externas
2846 3009 3255 3063 distractiones
3287 3012 3563 3065 averteris
3611 3013 3702 3065 in-

2076 3099 2389 3165 ternasque
2438 3097 2837 3167 composueris
2891 3097 3296 3168 cogitationes,
3324 3104 3461 3152 tunc
3497 3115 3703 3170 aggre-

2078 3183 2269 3236 dietur
2300 3185 2540 3253 spiritus
2573 3191 2709 3240 tuus
2740 3200 2912 3255 opera
2944 3190 2999 3240 et
3021 3188 3193 3240 verba
3214 3187 3489 3257 spiritus:
3512 3204 3704 3242 neces-

2078 3270 2367 3325 sariorum
2419 3277 2474 3325 et
2520 3274 2965 3342 conjunetorum
3016 3291 3185 3329 usum
3246 3274 3590 3329 familiarem
3643 3276 3699 3329 in

2075 3360 2354 3414 virtutum
2404 3360 2851 3431 acquisitionem
2901 3362 3201 3428 immutes;
3255 3380 3357 3433 pro
3397 3363 3587 3428 vanis,
3637 3382 3705 3418 ex

2076 3448 2415 3517 quotidiana
2434 3449 3473 3519 mundanaconversationemriundis
3488 3453 3701 3520 verbis,

2076 3541 2277 3590 sancta
2308 3535 2489 3589 habes
2521 3537 2813 3599 exercitia,
2836 3535 3161 3591 divinorum
3186 3553 3521 3592 sermonum
3542 3554 3701 3593 com-

2076 3625 2560 3691 munirationem,
2593 3625 2807 3692 quibus
2839 3640 3003 3678 mens
3037 3630 3323 3691 movetur,
3348 3626 3542 3680 anima
3573 3643 3703 3681 vero

2076 3711 2450 3765 illuminatur
2471 3716 2525 3764 et
2556 3711 2895 3765 aediﬁcatur.
2948 3712 3236 3766 Sensuum
3290 3713 3501 3767 solutio
3536 3715 3601 3768 fit
3643 3714 3700 3769 in

2075 3802 2281 3854 animm
2313 3800 2627 3865 vinculum;
2662 3798 2994 3852 constrictio
3010 3806 3200 3853 autem
3218 3816 3495 3855 sensuum
3511 3803 3705 3855 evadit

2075 3888 2129 3941 in
2164 3889 2369 3942 anima:
2405 3887 2824 3941 liberationem:
2856 3886 2991 3939 solis
3014 3903 3254 3941 occasus
3276 3893 3499 3943 noctem
3527 3890 3699 3943 indu-

2074 3976 2443 4042 cit,Christus
2474 3992 2606 4029 vero
2640 3974 2854 4028 recedit
2884 3974 2952 4028 ab
2968 3974 3599 4045 anima,etpassionum
3618 3981 3701 4031 te-

2076 4065 2265 4117 nebras
2297 4064 2571 4117 incedunt
2586 4061 2988 4131 etspirituales
3004 4061 3195 4116 bestiae
3210 4063 3529 4118 dilacerant
3552 4080 3704 4118 men-

2075 4158 2212 4206 tem.
2247 4157 2387 4204 Cum
2422 4151 2505 4205 sol
2540 4150 2635 4205 ille
2666 4149 2914 4203 visibilis
2946 4150 3129 4203 oritur
3160 4151 3227 4203 ad
3264 4150 3516 4205 latebras
3565 4168 3702 4205 suas

2074 4241 2421 4309 confugiunt
2450 4240 2599 4293 ferae:
2635 4242 2690 4293 et
2714 4238 2763 4292 si
2794 4237 3082 4291 Christius
3106 4240 3364 4309 assurgit
3394 4240 3461 4291 ad
3492 4241 3702 4293 confir-

2076 4328 2350 4381 mandam
2384 4330 2636 4381 mentem
2670 4325 2729 4379 in
2761 4324 3246 4389 oratione,statim
3275 4325 3490 4379 difﬂuit
3513 4328 3702 4380 omnis

2076 4416 2375 4469 mundana
2422 4414 2669 4479 all‘ectio,
2722 4413 3000 4467 dilatitur
3054 4412 3305 4467 carnalis
3339 4412 3615 4479 amicitia,
3649 4420 3706 4467 et

327 4524 559 4578 οιχεται,
593 4505 683 4557 καὶ
733 4506 767 4572 ἡ
819 4502 977 4580 φιλία
1024 4510 1123 4572 τῆς
1172 4505 1366 4577 σαρκὸς
1417 4506 1772 4579 παρέρχεται,
1808 4505 1895 4557 καὶ
1938 4505 1964 4557 ὁ

2080 4502 2319 4571 spiritus
2351 4504 2465 4557 exit
2497 4504 2563 4557 ad
2601 4518 2748 4572 opus
2781 4515 2973 4567 suum;
3010 4505 3258 4554 attamen
3280 4500 3499 4555 laboris
3520 4500 3702 4554 divini

326 4592 451 4652 νοῦς
508 4590 884 4665 διαπορεύεται
967 4591 1052 4645 ἰπὶ
1110 4593 1171 4645 τὸ
1224 4587 1381 4666 ἔργον
1435 4593 1619 4662 αὐτοῦ,
1679 4590 1804 4659 ἤτοι
1853 4597 1957 4645 τῶν

324 4679 481 4743 θείων
537 4682 637 4748 τὴν
703 4681 961 4752 μελέτην,
993 4676 1096 4741 ἔως
1156 4680 1496 4755 ἑσπέρας,οὐ
1556 4685 1787 4755 καιρικῷ
1849 4678 1961 4734 δια-

320 4770 556 4841 στήματι
614 4768 938 4843 περιορίζων
1014 4772 1109 4821 τοῦ
1181 4772 1547 4839 πνευματικοῦ
1618 4769 1791 4839 νόμου
1859 4770 1957 4835 τῆν

318 4856 596 4931 ἐργασίαν,
655 4858 744 4910 καὶ
795 4856 845 4909 ὲν
911 4858 1091 4931 μέτρῳ
1144 4858 1343 4925 ταύτην
1404 4856 1756 4927 ποιούμενος,
1817 4854 1959 4911 ἀλλὰ

314 4946 411 5001 καὶ
448 4947 645 5019 μέχρις
678 4943 737 4999 ἃν
770 4946 830 4999 τὸ
862 4945 1025 5020 πέρας
1058 4947 1155 5013 τήν
1205 4943 1481 5017 παροῦσαν
1536 4946 1679 5012 ζωῆν
1724 4942 1958 4999 καταλα-

315 5031 415 5090 6ὸν
447 5036 546 5104 τὴν
582 5034 641 5089 ἐκ
668 5040 764 5089 τοῦ
796 5036 1051 5108 σώματος
1110 5030 1288 5105 ἔξοδον
1348 5042 1448 5103 τῆς
1494 5038 1676 5109 ψυχῆς
1726 5035 1957 5108 ἀπεργά-

314 5145 489 5180 σεται.
520 5126 588 5179 ⁸0
645 5121 711 5192 δὴ
770 5124 858 5177 καὶ
914 5123 1098 5192 δηλῶν
1160 5126 1186 5177 ὁ
1246 5125 1532 5200 προφήτης
1581 5121 1727 5196 λέγει
1766 5142 1776 5153 ·
1814 5149 1839 5171 ‹‹
1872 5125 1959 5183 Ὡς

313 5212 579 5288 ἠγάπησα
632 5215 721 5268 τὸν
783 5214 950 5285 νόμον
1012 5235 1128 5281 σου,
1189 5214 1385 5286 Κύριεί
1421 5212 1557 5281 ὅλην
1608 5214 1703 5285 τὴν
1751 5212 1959 5286 ἡμέραν

318 5302 530 5377 μελὸτη
568 5302 672 5375 μού
704 5302 842 5356 ἔστιν
878 5321 889 5332 ·
930 5327 955 5353 ››
988 5304 1196 5377 ἡμέραν
1243 5301 1424 5356 καλῶν
1476 5300 1604 5356 ὅλον
1664 5303 1753 5355 τὸν
1816 5300 1961 5354 δίαυ-

316 5391 421 5447 λον
451 5398 553 5461 τῆς
602 5391 885 5465 παρούσης
938 5396 1082 5459 ζωῆς
1133 5392 1376 5447 ἑκάστου.
1412 5396 1621 5459 Στῆσον
1672 5392 1962 5464 τοιγαροῦν

390 5608 412 5641 ³
442 5604 600 5663 Psal.
640 5621 735 5675 xc,
767 5604 853 5673 14,
888 5604 974 5661 15.
1050 5605 1070 5639 ⁵
1095 5604 1247 5662 Psal.
1280 5620 1476 5677 cxvm,
1506 5605 1594 5659 97.

2071 4592 2270 4657 ﬁnem,
2333 4592 2432 4661 qui
2492 4606 2762 4659 vesperae
2806 4588 3065 4658 respicit,
3100 4605 3211 4641 non
3247 4590 3315 4642 ad
3360 4588 3697 4643 diuturnam

2069 4680 2347 4749 temporis
2406 4694 2743 4731 mensuram
2804 4676 2999 4741 refert,
3062 4676 3185 4744 sed,
3244 4676 3457 4747 spiritu
3514 4676 3702 4747 legem

2071 4768 2440 4839 perliciendo,
2477 4768 2542 4820 ad
2576 4766 2702 4819 vita:
2736 4763 3053 4818 terminum
3088 4780 3254 4818 suam
3307 4764 3699 4835 operationem

2070 4855 2345 4919 extendit,
2378 4856 2557 4908 donec
2591 4852 2785 4906 anima
2815 4868 2882 4906 ex
2913 4868 3153 4922 corpore
3175 4852 3696 4923 egrediatur.Quod

2068 4950 2125 4999 et
2176 4943 2462 5014 Propheta
2515 4942 2603 4996 bis
2639 4942 2827 4995 verbis
2886 4942 3295 4996 demonstrat:
3352 4963 3379 4990 «
3415 4942 3697 5007 Quoniam

2067 5032 2236 5085 dilexi
2299 5031 2481 5101 legem
2546 5035 2728 5094 tuam,
2794 5029 3055 5094 Domine,
3114 5033 3236 5083 tota
3266 5029 3359 5081 die
3402 5029 3699 5083 meditatio

2070 5138 2195 5175 mea
2222 5125 2305 5175 est
2338 5121 2376 5175 ⁵.
2418 5140 2444 5171 ι»
2487 5120 2649 5173 Diem
2678 5134 2815 5173 vero
2847 5118 3317 5188 uniuscujusque
3349 5118 3702 5171 dilabentem

2067 5211 2241 5263 vitam
2280 5210 2557 5263 nominat.
2592 5210 2867 5260 Externas
2900 5204 3075 5273 igitur
3106 5205 3373 5259 cohibere
3405 5203 3549 5258 velis
3570 5220 3705 5257 con-

2068 5298 2421 5353 versationes
2439 5304 2495 5351 et
2512 5301 2565 5350 te
2580 5296 2647 5349 ad
2666 5296 2927 5349 internas
2946 5293 3446 5349 confabulationes
3464 5308 3704 5347 conver-

2070 5392 2181 5456 tas,
2215 5387 2355 5441 dum
2388 5385 2577 5441 locum
2608 5400 2768 5455 purm
2792 5382 3073 5438 orationis
3104 5380 3368 5435 invenias
3393 5384 3449 5435 et
3470 5381 3702 5435 domum
