4154 6286
435 400 543 456 387

1570 394 1974 449 THEOLEPTI
2010 393 2701 448 PHILADELPHIBNBIS

3727 387 3837 442 388

440 526 500 581 in
534 542 651 597 qua
680 522 947 578 Christus
980 521 1226 576 habitatf
1262 519 1389 590 ipse
1420 518 1781 573 illuminabit
1798 523 1853 573 te
1875 516 2062 571 laetitia

2187 515 2282 576 τὰς
2316 513 2542 587 ὁμιλίας
2572 520 2679 568 τῶν
2712 511 2833 584 ἔξω,
2864 513 2954 567 καὶ
2994 513 3292 567 πύκτευσον
3342 512 3480 588 πρὸς
3533 510 3663 573 τοὺς
3722 510 3831 567 ἔσω

436 632 549 685 que
608 612 918 685 perfundet
981 609 1216 665 notione
1246 615 1303 664 et
1333 608 1666 663 visitatione
1700 624 1829 672 sua,
1864 606 2075 660 efﬁciet

440 719 673 775 quoque
706 706 768 755 ut
802 698 1210 754 tribulationes
1242 697 1300 751 in
1326 714 1583 751 amorem
1615 697 1739 763 ejus
1772 699 2077 764 susceptas

438 807 541 848 ceu
562 790 841 861 gaudium
864 786 1175 841 habiturus
1195 786 1277 841 sis
1321 789 1375 840 et
1419 802 1451 839 a
1490 785 1807 838 mundanis
1849 781 2076 836 deliciis

439 896 542 934 ceu
600 880 670 933 ab
722 875 1017 932 absinthio
1066 875 1147 929 sis
1198 890 1558 928 recessurus.
1607 871 1862 942 Spiritus
1895 869 2074 924 maris

439 968 731 1023 suscitant
762 965 994 1028 ﬁuclus,
1029 967 1085 1018 et
1118 963 1173 1015 ni
1204 962 1523 1017 ceciderint
1552 960 1728 1025 venti,
1763 976 1873 1014 non
1921 957 2077 1011 desi-

438 1061 589 1111 nunt
618 1055 829 1109 ﬂuctus
863 1069 967 1107 nec
994 1053 1065 1106 ad
1099 1067 1369 1106 serenum
1401 1050 1645 1103 redeunt
1672 1048 1876 1114 maria;
1906 1046 2076 1117 spiri-

435 1152 531 1200 tus
564 1151 756 1199 autem
792 1142 1024 1196 malitiae
1058 1142 1113 1194 in
1152 1140 1350 1195 anima
1382 1140 1613 1192 incauta
1644 1137 1898 1191 excitant
1930 1137 2073 1190 ima-

435 1235 604 1305 gines
657 1244 990 1305 parentum,
1024 1231 1290 1298 fratrum,
1323 1229 1792 1297 conjunctorum,
1827 1241 2073 1279 consue-

439 1333 671 1392 torum,
730 1321 1169 1386 conviviorum,
1222 1320 1540 1382 festorum,
1599 1316 1953 1370 theatrorum
2016 1317 2074 1367 et

440 1412 707 1467 omnium
758 1409 1120 1479 voluptatum
1179 1406 1641 1476 phantasmata;
1713 1401 2071 1457 desiderium

437 1501 725 1554 inducunt
756 1498 873 1551 haec
905 1496 1102 1551 omnia
1126 1501 1181 1549 et
1208 1494 1413 1560 oculis,
1438 1497 1493 1547 et
1523 1492 1808 1562 lingua,et
1837 1505 2073 1560 corpore

438 1589 551 1643 sibi
613 1586 1013 1657 comparandi,
1068 1600 1132 1639 eo
1192 1584 1304 1636 ﬁne
1356 1587 1420 1636 ut
1473 1585 1807 1652 praesentem
1868 1579 2070 1633 horam

436 1676 721 1747 deperdas
769 1675 828 1728 in
876 1674 1050 1728 rebus
1098 1671 1393 1736 inanibus,
1428 1675 1484 1724 et
1514 1670 1902 1738 subsequens,
1936 1681 2069 1719 cum

436 1764 598 1820 solus
631 1763 688 1817 in
722 1761 932 1816 cellula
961 1760 1237 1825 fueris,in
1277 1758 1675 1812 recordatione
1697 1755 1987 1809 dictorum
2015 1756 2071 1806 et

429 1853 688 1907 visorum
722 1852 1067 1913 evanescat;
1114 1847 1191 1900 ita
1240 1844 1511 1900 monachi
1555 1845 1671 1897 vita
1717 1842 2069 1896 terminatur

432 1942 655 2010 absque
688 1937 959 1992 utilitate:
997 1936 1309 1989 mundanae
1338 1935 1705 2003 operationes
1726 1948 1825 2002 pcr
1846 1946 2065 1984 memo-

432 2028 575 2082 riam
597 2022 1195 2081 transeuntetindicia
1211 2039 1313 2075 sua
1330 2020 1734 2090 relinquuntin
1754 2016 2067 2088 intelligen-

428 2115 699 2181 tia,sicut
728 2118 785 2167 et
810 2113 982 2184 pedes
998 2109 1253 2165 hominis
1269 2126 1370 2179 per
1392 2111 1578 2162 nivem
1602 2104 2062 2170 incedentis,ibi-

431 2205 563 2258 dem
577 2201 819 2273 ves'igia
835 2217 939 2254 sua
954 2198 1029 2252 im
1042 2201 1381 2269 presserunt
1407 2197 1460 2249 Si
1478 2196 1613 2250 feris
1626 2196 1841 2248 victum
1856 2193 2065 2264 praebe-

427 2288 888 2359 mus,numquid
915 2286 1045 2341 illas
1078 2284 1474 2340 destruimus?
1500 2284 1557 2338 Si
1582 2282 1772 2337 verbis
1805 2286 1859 2335 et
1892 2279 2063 2361 factis

428 2379 807 2448 indulgemus
842 2374 1081 2430 insulsis
1113 2372 1392 2428 amicitiis
1429 2376 1485 2426 et
1511 2370 2057 2434 consuetudinibus,

428 2466 754 2537 nunmquid
790 2463 980 2519 carnis
1004 2462 1328 2534 appetitum
1353 2460 1798 2515 mortiﬁcamus?
1820 2458 2061 2522 Quando

427 2561 621 2610 autem
674 2552 1008 2623 inquisituri
1058 2568 1266 2607 sumus
1316 2553 1493 2604 vitam
1529 2564 1706 2618 quam
1738 2548 2059 2601 secundum

424 2643 719 2699 Christum
752 2657 962 2695 sumus
997 2638 1272 2710 professi?
1302 2640 1433 2702 Quae
1464 2654 1531 2689 ex
1564 2636 1809 2706 pedibus
1841 2635 1897 2687 in
1933 2634 2061 2686 nive

425 2735 745 2801 supersunt
802 2728 1068 2799 vestigia,
1121 2726 1209 2781 vel
1262 2726 1400 2779 solis
1447 2725 1626 2778 radiis
1659 2723 1746 2777 vel
1780 2722 2059 2775 imbrium

425 2820 595 2889 aquis
645 2819 1039 2880 destruantur,
1092 2832 1218 2885 qua
1247 2830 1383 2868 vero
1416 2812 1707 2867 memoriae
1758 2811 2061 2881 impressae

427 2911 567 2961 sunt
610 2906 895 2974 imagines
944 2921 1012 2958 ex
1046 2905 1311 2974 jucundo
1344 2903 1647 2956 verborum
1682 2903 1738 2953 et
1770 2899 2055 2953 factorum

428 2995 625 3049 habitu
659 2996 727 3048 ad
762 2994 1010 3047 nihilum
1046 2990 1456 3062 redigentur,si
1477 2990 1742 3045 Christus
1775 2988 1832 3041 in
1866 2991 2059 3040 mente

432 3100 534 3154 per
592 3082 917 3137 orationem
971 3080 1232 3150 assurgit
1288 3083 1341 3133 et
1392 3079 1441 3132 si
1479 3094 1546 3131 ex
1589 3076 1760 3131 corde
1806 3074 2053 3130 contrito

429 3169 879 3225 deﬂuuntrivuli
896 3168 1308 3238 lacrymarum.

494 3469 552 3524 Si
569 3468 890 3525 monachus
906 3483 966 3521 se
985 3482 1094 3520 non
1111 3464 1377 3521 rationali
1395 3466 1566 3519 modo
1592 3463 2055 3536 gerit,numquid

424 3557 632 3613 insitas
662 3562 719 3610 et
747 3556 1061 3625 impressas
1091 3554 1393 3625 opiniones
1425 3553 1629 3608 evellet
1650 3570 1716 3608 ex
1749 3552 1972 3608 animo?
1996 3553 2056 3606 In

424 3662 663 3717 corpore
695 3650 794 3699 tuo
828 3643 1091 3714 perﬁcies
1117 3643 1361 3697 virtutes
1392 3641 1441 3696 si
1474 3642 1749 3697 saeculare
1781 3657 2056 3695 commer-

425 3735 581 3788 cium
631 3733 993 3803 deposueris.
1039 3732 1206 3784 Bonaa
1236 3731 1562 3785 formantur
1593 3730 1973 3801 cogitationes
2003 3738 2059 3783 et

424 3823 605 3877 divini
652 3824 709 3876 in
761 3829 951 3876 mente
995 3819 1262 3874 habitant
1308 3835 1630 3886 sermones,
1675 3820 1721 3873 si
1764 3816 2057 3871 continuis

423 3912 695 3983 precibus
727 3909 930 3964 effusis
962 3912 1018 3963 et
1047 3909 1219 3963 corde
1250 3908 1492 3963 conlrito
1528 3905 1866 3961 memoriam
1903 3905 2059 3974 prio-

420 4018 544 4056 rum
578 4000 875 4054 actionum
910 3997 1384 4051 deleveris.Fidei
1420 3995 1774 4050 illuminatio
1799 4010 1924 4064 quae
1958 4010 2060 4064 per

420 4088 881 4144 recordationem
916 4086 1015 4141 Dei
1042 4090 1315 4156 operatur
1346 4090 1403 4140 et
1431 4084 1699 4140 contritio
1731 4083 2058 4149 cordis,no-

423 4176 639 4231 vaculae
665 4176 731 4229 ad
770 4176 973 4243 instar,
1008 4175 1193 4229 malas
1226 4174 1605 4245 cogitationes
1635 4174 1926 4227 excidunt.
1972 4171 2057 4225 Ad

421 4265 620 4335 apium
675 4262 971 4333 exemplar
1014 4262 1215 4317 facias.
1250 4262 1391 4317 Cum
1425 4278 1729 4333 vesparum
1764 4261 2054 4332 pullitiem

423 4353 1018 4407 circumvolitantium
1053 4351 1337 4418 sentiunt,
1368 4353 1669 4404 remanent
1698 4350 1756 4403 in
1789 4349 2058 4405 alveariis

423 4445 480 4495 et
523 4440 768 4495 insidias
820 4441 1097 4493 devitant.
1145 4438 1461 4494 Saeculares
1510 4443 1827 4494 canventus
1850 4455 2055 4509 vespa-

425 4546 554 4583 rum
587 4528 711 4582 loco
736 4528 1058 4593 considera;
1098 4528 1202 4581 hos
1235 4530 1283 4583 si
1331 4544 1541 4598 magno
1574 4527 1789 4596 fugeris
1839 4528 2054 4593 studio,

421 4617 492 4670 ad
529 4615 862 4670 interiorem
895 4620 948 4669 te
971 4616 1214 4685 recipies
1240 4614 1576 4670 monasterii
1600 4620 1851 4685 portum,
1878 4615 2056 4669 cellu-

423 4701 539 4756 lam
590 4702 877 4770 videlicet,
931 4704 1125 4775 ibique
1174 4703 1423 4759 tentabis
1474 4709 1536 4756 ut
1581 4702 1844 4756 intimam
1898 4710 2055 4757 tuam

423 4790 690 4845 aditurus
742 4792 825 4845 sis
867 4795 1147 4859 animam,
1182 4794 1240 4847 in
1273 4810 1386 4863 qua
1419 4792 1642 4847 habitat
1672 4791 1959 4858 Christus,
2003 4795 2058 4846 et

422 4895 556 4933 cum
617 4879 749 4949 ipso
808 4882 972 4936 adest
1034 4898 1162 4952 pax,
1222 4882 1503 4952 gaudium
1556 4886 1613 4935 et
1660 4880 2057 4950 tranquillitas

434 4969 623 5021 ﬁrma.
674 4973 806 5023 Haec
861 4972 1012 5025 dona
1067 4974 1206 5024 sunt
1252 4969 1487 5038 Christi,
1518 4969 1659 5024 solis
1690 4969 2055 5040 spiritualis;

432 5056 795 5112 sicutradios
829 5057 927 5112 illa
958 5060 1171 5113 emittit
1211 5065 1263 5113 ct
1297 5058 1353 5111 in
1369 5058 1688 5112 mercedem
1707 5058 2060 5112 animaacon-

433 5148 604 5217 cepit,
640 5165 765 5218 quae
796 5154 984 5219 ipsum
1020 5166 1150 5203 cum
1182 5151 1290 5204 fide
1320 5160 1371 5204 et
1403 5165 1598 5204 amore
1627 5149 1891 5219 suscipit.
1916 5154 2058 5204 Cum

432 5236 489 5289 in
532 5235 865 5293 habitaculo
916 5246 1013 5291 tuo
1044 5238 1241 5304 fueris,
1275 5240 1344 5293 de
1375 5239 1487 5292 Deo
1520 5237 1757 5308 cogites,
1794 5238 2058 5293 animum

430 5324 501 5378 ab
559 5328 831 5380 omnibus
892 5327 1200 5381 abstrahas
1258 5333 1312 5380 et
1370 5326 1491 5379 sine
1550 5341 1686 5380 voce
1733 5326 1945 5380 referas
1987 5329 2055 5381 ad

427 5413 643 5481 Deum;
678 5432 883 5470 omnes
915 5415 1103 5471 cordis
1137 5415 1212 5469 tui
1245 5414 1653 5484 dispositiones
1689 5414 1799 5485 ipsi
1831 5416 2059 5485 aperias

428 5507 485 5555 et
508 5502 807 5558 adhaereas
834 5523 936 5575 per
957 5520 1235 5558 amorem.
1270 5504 1397 5557 Haec
1428 5504 1584 5557 enim
1608 5503 1709 5558 Dei
1738 5504 2059 5559 robordatio

425 5590 594 5659 quasi
642 5591 875 5648 intuitio
931 5601 1051 5647 est:
1104 5593 1309 5647 animas
1342 5607 1548 5647 sensus
1580 5596 1635 5646 et
1665 5592 1863 5647 oculos
1895 5593 1964 5647 ad
1998 5611 2059 5650 se

418 5677 598 5734 trahit
628 5684 801 5749 Deus,
822 5681 923 5753 qui
955 5680 1177 5737 lumine
1208 5698 1315 5738 suo
1347 5684 1605 5738 mentem
1629 5682 2059 5739 considerantis

2096 1893 2143 1957 B

2184 602 2513 676 Λογισμοὺς,
2549 602 2746 677 μέχρις
2780 600 2839 656 ἂν
2871 602 3031 676 εὕρῃς
3075 603 3166 657 τὸν
3213 603 3378 655 τόπον
3435 607 3536 669 τῆς
3589 602 3829 675 καθαρᾶς

2179 698 2514 765 προσευχῆς,
2574 691 2663 743 καὶ
2718 692 2808 743 τὸν
2872 691 3039 756 οἶκον,
3092 690 3143 743 ἐν
3192 689 3236 761 ᾧ
3288 690 3516 764 Χριστὸς
3560 693 3822 756 κατοικεῖ,

2182 779 2430 854 φωτίζων
2487 778 2578 831 καὶ
2633 777 2942 850 γλυκαίνων
2999 798 3056 830 σε
3110 780 3178 849 τῇ
3238 776 3548 850 ἐπιγνώσει,
3607 776 3692 829 καὶ
3750 779 3819 849 τῇ

2181 865 2453 938 ἐπισκέψει
2512 865 2696 934 αὐτοῦ,
2750 866 2839 920 καὶ
2893 864 3309 941 παρασκευάζων
3373 865 3466 926 τὰς
3531 865 3624 936 μὲν
3686 864 3819 936 ὑπὲρ

2180 955 2342 1009 αὐτοῦ
2404 953 2614 1029 θλίψεις
2668 956 2913 1027 ἡγεῖσθαι
2996 956 3190 1028 χαρὰν,
3242 954 3338 1015 τὰς
3423 951 3480 1008 δὲ
3549 953 3820 1026 κοσμικὰς

2178 1042 2380 1112 ἡδονὰς
2454 1045 2691 1117 καθάπερ
2772 1065 2822 1097 τι
2886 1042 3131 1115 ἀψίνθιον
3213 1044 3288 1115 μὴ
3361 1040 3691 1115 προσίεσθαι.
3746 1043 3823 1094 Τὰ

2177 1132 2453 1204 πνεύματα
2534 1139 2633 1201 τῆς
2720 1132 3000 1200 θαλάσσης
3072 1130 3263 1207 ἐγείρει
3319 1132 3385 1185 τὰ
3440 1129 3673 1203 κύματα,
3728 1129 3823 1184 καὶ

2179 1220 2225 1274 εἴ
2260 1222 2333 1293 μὴ
2367 1219 2665 1275 παύσονται
2726 1221 2777 1273 οἱ
2832 1217 3046 1292 ἄνεμοι,
3074 1220 3137 1273 οὐ
3177 1220 3402 1288 κοπάζει
3460 1220 3527 1273 τὰ
3580 1217 3820 1290 κύματα,

2176 1309 2264 1362 καὶ
2299 1309 2409 1383 οὐχ
2435 1311 2737 1383 ἡμεροῦται
2768 1311 2801 1377 ἡ
2837 1306 3080 1371 θάλασσα
3115 1327 3126 1339 ·
3161 1308 3251 1361 καὶ
3280 1308 3349 1361 τὰ
3385 1307 3664 1379 πνεύματα
3718 1313 3820 1375 τῆς

2180 1398 2443 1469 πονηρίας
2504 1398 2843 1451 ἀνακινοῦσιν
2903 1395 2954 1450 ἐν
3031 1400 3099 1469 τῇ
3174 1399 3326 1470 ψυχῇ
3396 1399 3493 1450 τοῦ
3579 1393 3820 1467 ἀμελοῦς

2183 1488 2400 1557 μνήμην
2491 1487 2696 1558 γονέων
2731 1527 2744 1551 ,
2805 1482 3051 1560 ἀδελφῶν
3089 1528 3102 1552 ,
3161 1488 3475 1558 συγγενῶν,
3535 1486 3819 1553 συνήθων,

2179 1573 2518 1645 συμποσίων,
2571 1572 2949 1648 πανηγύρεων,
3010 1572 3266 1647 Θεάτρων,
3325 1572 3414 1625 καὶ
3472 1576 3577 1625 τῶν
3628 1568 3819 1625 ἄλλων

2178 1662 2391 1715 πάντων
2443 1666 2543 1726 τῇς
2603 1659 2807 1730 ἡδονῆς
2858 1661 3267 1738 φαντασμάτων,
3301 1660 3390 1714 καὶ
3445 1658 3822 1733 ὑπαγορεύου-

2178 1772 2259 1802 σιν
2317 1746 2459 1822 ὄψει,
2520 1750 2609 1803 καὶ
2666 1750 2904 1823 γλώττῃ,
2965 1749 3053 1803 καὶ
3112 1750 3325 1821 σώματι
3399 1755 3498 1817 τήν
3561 1747 3817 1822 ἐντυχίαν

2176 1836 2584 1905 ποιεῖσθαι,⁹ίνα
2611 1838 2698 1891 καὶ
2745 1840 2772 1906 ἡ
2829 1837 3092 1891 ἐνεστῶσα
3141 1836 3254 1912 ὥρα
3313 1836 3657 1891 ἀναλίσκεται
3710 1857 3820 1908 μα-

2170 1926 2355 1991 ταίως,
2388 1926 2476 1979 καὶ
2508 1928 2542 1993 ἡ
2585 1924 2829 1992 ἐπιοῦσα,
2861 1924 3024 1993 ἡνίκα
3074 1924 3237 1996 μόνος
3299 1926 3460 1998 μένῃς
3519 1922 3667 1978 ἔνδον
3717 1926 3819 1977 τοῦ

2166 2013 2413 2081 κελλίου,
2448 2012 2743 2067 δαπανᾶται
2775 2012 2828 2067 ἐν
2876 2019 2994 2075 ταῖς
3052 2016 3295 2086 μνήμαις
3348 2018 3456 2067 τῶν
3517 2012 3816 2076 θεαθέντων

2166 2103 2255 2156 καὶ
2316 2102 2663 2171 λαληθέντων
2702 2124 2713 2136 ·
2749 2103 2835 2156 καὶ
2894 2101 3035 2156 οὕτω
3093 2102 3393 2168 ἀσυντεΛὴς
3453 2103 3479 2169 ἦ
3548 2102 3660 2169 ζωὴ
3714 2104 3816 2154 τοῦ

2169 2195 2415 2263 μοναχοῦ
2464 2188 2759 2259 διανύεται,
2792 2191 2867 2251 είς
2917 2190 3184 2261 κοσμικὰς
3235 2187 3484 2263 ἐργασίας
3531 2188 3625 2250 τὰς
3682 2190 3812 2242 ἐαυ-

2163 2284 2271 2331 τῶν
2332 2281 2546 2350 μνήμας
2598 2277 2900 2354 γλύφουσιν
2956 2277 3006 2331 ἐν
3067 2282 3133 2349 τῇ
3187 2276 3417 2347 διανοίᾳ,
3449 2276 3685 2351 καθάπερ
3718 2276 3813 2330 πό-

2165 2365 2251 2429 δες
2307 2368 2591 2440 ἀνθρώπου
2638 2367 2704 2420 τὰ
2752 2365 2863 2421 ἷ¹δια
2909 2364 3040 2441 ἴχνη
3093 2367 3143 2420 ἐν
3197 2367 3346 2440 χιό-ιι
3384 2364 3711 2441 βαδίζοντες.
3745 2364 3810 2418 Εἰ

2168 2456 2365 2529 βρῶμα
2418 2460 2537 2515 τοῖς
2602 2454 2813 2527 θηρίοις
2869 2458 3213 2529 παρέχομεν,¹
3238 2454 3371 2508 πότε
3425 2454 3809 2525 θανατώσομεν

2161 2543 2332 2610 autat;
2365 2544 2451 2597 καὶ
2500 2544 2545 2597 εἷ
2607 2542 2657 2596 ἐν
2718 2539 2897 2617 ἔργοις
2948 2543 3037 2597 καὶ
3096 2541 3391 2617 λογισμοῖς
3441 2549 3539 2611 τῆς
3600 2539 3812 2615 ἀλόγου

2164 2628 2347 2705 φιλίας
2379 2630 2468 2684 καὶ
2527 2632 2809 2701 συνηθείας
2867 2628 3303 2706 ἀδολεσχοῦμεν,
3335 2630 3468 2685 πότε
3522 2633 3620 2697 τῆς
3678 2650 3810 2704 σαρ-

2160 2718 2254 2778 κὸς
2304 2719 2640 2792 νεκρώσομεν
2683 2720 2744 2773 τὸ
2802 2718 3108 2796 φρόνημα;
3168 2718 3301 2772 πότε
3355 2720 3415 2785 ἣν
3476 2714 3814 2790 ἐπηγγειλά-

2165 2817 2300 2876 μεθα
2329 2807 2463 2859 κατὰ
2494 2807 2723 2880 Χριστὸν
2786 2809 2930 2874 ζωὴν
2992 2808 3270 2878 ζήσομεν;
3303 2807 3365 2863 Ὀ
3424 2805 3474 2859 ἐν
3510 2806 3658 2879 χιόνι
3713 2804 3815 2859 τύ-

2160 2914 2260 2947 πος
2318 2898 2425 2947 τῶν
2484 2892 2692 2966 ποδῶν,
2725 2893 2760 2962 ἢ
2793 2892 3111 2966 λάμψαντος
3168 2892 3333 2963 ἡλίου
3394 2891 3602 2962 λύεται,
3634 2892 3670 2961 ἢ
3704 2914 3807 2947 κα-

2158 2981 2509 3057 ταρῥαγέντος
2571 2980 2761 3043 ὕδατος
2819 2981 3030 3056 ο⁹ίχεται
3088 3003 3098 3014 ·
3160 2983 3249 3036 καὶ
3302 2984 3357 3036 αἱ
3424 2981 3800 3045 κοιλανθεῖσαι

2164 3076 2375 3141 μνῆμαι
2407 3069 2456 3124 ἐν
2482 3074 2548 3143 τῇ
2581 3068 2792 3141 διανοίᾳ
2822 3069 2882 3124 ἐκ
2917 3067 3219 3147 φιληδόνου
3252 3068 3541 3134 διαθέσεως
3575 3070 3665 3123 καὶ
3698 3074 3799 3122 τῶν

2158 3158 2423 3229 πράξεων,
2462 3160 2564 3213 ὑπὸ
2595 3161 2831 3232 Χριστοῦ
2858 3164 2955 3213 τοῦ
2985 3158 3383 3220 ἀνατέλλοντος
3409 3158 3461 3214 ἐ)
3492 3162 3559 3232 τῇ
3608 3156 3804 3233 καρδίᾳ

2169 3244 2257 3300 διὰ
2312 3255 2650 3321 προσευχῆς,
2682 3249 2770 3302 καὶ
2822 3253 2919 3316 τῆς
2974 3246 3365 3302 εὖκατανύκτου
3427 3248 3640 3322 βροχῆς
3698 3251 3809 3300 τῶν

2165 3333 2409 3411 δακρύων
2441 3335 2859 3413 ἐξαφανίζονται.

2232 3461 2293 3517 Ὁ
2350 3463 2480 3535 γοῦν
2543 3461 2617 3532 μή
2676 3461 2811 3514 κατᾶ
2861 3458 3024 3535 λόγον
3078 3458 3326 3535 πράττων
3366 3461 3631 3534 μοναχὸς,
3665 3459 3801 3515 πότε

2161 3548 2254 3609 τὰς
2310 3548 2359 3602 ἐν
2418 3553 2485 3620 τῇ
2545 3546 2754 3618 διανοίᾳ
2808 3548 3114 3622 προλήψεις
3168 3548 3490 3622 ἀπαλείψεις
3542 3548 3798 3605 Τελεῖται

2161 3639 2350 3711 πρᾶξις
2406 3638 2608 3710 ἀρετῶν
2659 3636 2708 3691 ἐν
2764 3642 2842 3708 τῷ
2902 3638 3136 3708 σώματι,
3170 3638 3258 3692 ἐὰν
3304 3635 3640 3712 καταλείψῃς
3696 3639 3796 3705 τήν

2160 3729 2255 3779 τοῦ
2311 3725 2521 3795 κόσμου
2577 3727 2882 3794 συνήθειαν.
2939 3730 3241 3783 Τυποῦνται
3304 3733 3512 3799 μνῆμαι
3580 3727 3801 3801 ἀγαθαὶ,

2161 3815 2247 3868 καὶ
2282 3816 2421 3866 Οεῖοι
2449 3812 2603 3887 λόγοι
2636 3812 3041 3890 φιλοχωροῦσιν
3094 3813 3147 3868 ἐν
3194 3818 3262 3887 τῇ
3321 3818 3497 3889 ψυχῇ,
3529 3813 3615 3869 ἐὰν
3677 3837 3802 3869 συν-

2164 3904 2343 3977 εχέσιν
2375 3901 2581 3976 εὐχαῖς,
2614 3903 2745 3973 μετᾶ
2805 3904 3011 3977 θερμῆς
3067 3902 3396 3975 κατανύξεως
3456 3904 3802 3977 ἆνυομέναις,

2163 3990 2214 4045 ἐν
2273 3994 2340 4062 τῇ
2402 3987 2608 4060 διανοίᾳ
2662 3991 2757 4051 τὰς
2819 3992 3037 4062 μνήμας
3083 3994 3188 4044 τῶν
3221 3989 3498 4066 προτέρων
3553 3992 3802 4065 πράξεων

2163 4077 2470 4151 ἐξαλείψῃς.
2524 4078 2584 4133 Ὀ
2626 4078 2903 4151 φωτισμὸς
2958 4078 3060 4153 γὰρ
3117 4080 3214 4146 τῆς
3272 4079 3502 4140 πίστεως
3558 4086 3656 4149 τῆς
3707 4085 3806 4134 τοῦ

2164 4164 2295 4221 Θεοῦ
2347 4168 2594 4239 μνήμης,
2630 4164 2719 4219 καὶ
2776 4169 2809 4234 ἡ
2871 4161 3126 4235 συντριϐῇ
3185 4174 3284 4235 τῆς
3338 4165 3587 4241 καρδίας,
3648 4165 3807 4237 δίκην

2165 4256 2346 4329 ξυρίου
2401 4255 2498 4316 τὰς
2557 4254 2800 4328 πονηρὰς
2864 4254 3150 4326 ἀποξὲουσι
3213 4257 3455 4328 μνήμας.
3507 4258 3804 4328 Μιμήθητι

2162 4349 2268 4398 τῶν
2332 4341 2603 4416 μελισσῶν
2658 4344 2757 4411 τήν
2816 4342 3032 4419 σοφίαν.
3092 4344 3322 4399 Ἐκεῖ-θαι
3395 4345 3496 4420 γὰρ
3564 4342 3805 4399 εἶδοῦσαι

2162 4434 2223 4487 τὸ
2254 4437 2461 4505 σμῆνος
2493 4437 2599 4486 τῶν
2629 4436 2849 4509 σφηκῶν
2879 4430 3001 4505 περὶ
3033 4432 3197 4493 αὐτὰς
3229 4435 3326 4500 τὴν
3373 4440 3567 4501 πτῆσιν
3617 4454 3808 4488 ποιουο

2171 4523 2363 4595 μένων,
2396 4517 2544 4575 ἔνδον
2576 4525 2669 4574 τοῦ
2720 4515 2957 4591 σίμϐλου
3014 4519 3409 4593 παραμένουσι,
3443 4523 3527 4576 καὶ
3587 4523 3685 4590 τὴν
3747 4520 3810 4577 ἐκ

2165 4615 2271 4665 τῶν
2323 4605 2629 4664 ἐπιϐούλων
2713 4603 2923 4684 βλάϐην
3003 4606 3488 4683 διαδιδράσκουσιν.
3556 4612 3807 4685 Σφηκίας

2165 4699 2276 4753 νόει
2305 4698 2400 4759 τὰς
2430 4698 2695 4770 κοσμικὰς
2746 4697 3059 4771 συντυχίας.
3092 4697 3293 4759 Ταύτας
3346 4697 3555 4771 σπουδῇ
3614 4698 3806 4772 πολλῇ

2168 4789 2400 4866 φεύγων,
2449 4787 2723 4861 παράμενε
2801 4785 2851 4838 ἐν
2937 4790 3015 4856 τῷ
3098 4784 3304 4859 ταμείῳ
3368 4791 3465 4841 τοῦ
3527 4788 3806 4859 σεμνείου,

2166 4877 2443 4933 κάντεῦθεν
2485 4880 2654 4948 πειρῶ
2692 4873 2856 4929 πάλιν
2911 4874 3247 4949 εἰσέρχεσθαι
3306 4876 3356 4929 ἐν
3405 4881 3483 4947 τῷ
3539 4874 3808 4950 ἐνδοτέρῳ

2166 4969 2262 5037 τῆς
2295 4969 2479 5039 ψυχῆς
2509 4963 2771 5041 φρουρίῳ,
2806 4964 2935 5036 ὅπερ
2988 4964 3132 5025 οἶκος
3188 4964 3421 5038 Χριστοῦ
3480 4963 3639 5035 ἐστιν,
3673 4962 3725 5018 ἐν
3760 4963 3807 5037 ᾦ

2170 5054 2382 5123 εἰρήνη,
2435 5050 2521 5105 καὶ
2582 5050 2745 5122 χαρὰ,
2806 5050 2893 5103 καὶ
2977 5048 3188 5123 γαλήνη
3280 5045 3509 5123 βεϐαίως
3592 5052 3804 5127 ὁρᾶται.

2168 5145 2279 5198 Τοῦ
2330 5142 2529 5208 νοητοῦ
2587 5136 2754 5206 ἡλίου
2800 5141 3035 5213 Χριστοῦ
3091 5140 3157 5191 τὰ
3202 5136 3351 5211 δῶρα
3404 5144 3591 5209 ταῦτα,
3636 5139 3807 5193 καθά-

2169 5250 2266 5303 περ
2324 5230 2469 5288 τινας
2527 5228 2741 5287 ἀκτῖνας
2809 5228 2933 5299 παρ’
2992 5226 3182 5280 ἑαυτοῦ
3258 5225 3651 5300 ἐκπέμποντος,
3713 5228 3807 5282 καὶ

2169 5320 2347 5392 ὥσπερ
2404 5316 2523 5370 τινὰ
2584 5315 2771 5388 μισθὸν
2850 5317 3231 5389 παρεχομένου
3289 5319 3356 5388 τῇ
3420 5314 3803 5390 ὑποδεχομένη

2167 5407 2326 5462 αὐτὸν
2384 5407 2535 5478 ψυχῇ
2599 5404 2731 5475 μετᾶ
2781 5402 3013 5466 πίστεως
3042 5403 3127 5457 καὶ
3173 5402 3804 5479 φιλοκαλίας.Καοήμε-

2166 5518 2256 5557 νος
2285 5499 2410 5571 γοῦν
2468 5492 2518 5546 ἐν
2565 5496 2645 5563 τῷ
2696 5488 2853 5563 οῗκῳ,
2889 5491 3192 5563 μνημόνευε
3239 5496 3390 5563 Θεοῦ,
3424 5491 3656 5567 ἐπαίρων
3714 5494 3806 5546 τὸν

2166 5591 2289 5642 νοῦν
2351 5584 2454 5637 ἀπὸ
2508 5581 2744 5648 πάντων,
2800 5580 2890 5634 καὶ
2966 5582 3102 5653 πρὸς
3176 5581 3266 5636 τὸν
3334 5582 3459 5635 Θεὸν
3519 5581 3804 5655 ἀφθόγγως

2168 5672 2521 5750 ἐπιρῥίπτων,
2552 5668 2641 5725 καὶ
2671 5672 2840 5724 πᾶσαν
2888 5675 2987 5738 τῆς
3024 5666 3248 5744 καρδίας
3298 5666 3529 5724 διάθεσιν
3590 5668 3799 5744 ἇκχέων
