4154 6286
250 369 352 426 389

245 582 520 655 λώμενος.
585 579 795 650 Μνήμη
854 577 957 653 γὰρ
1018 581 1150 631 Θεοῦ
1229 578 1427 650 θεωρία
1509 583 1642 633 Θεοῦ
1726 578 1893 650 ἐστιν,

243 670 502 730 ἕλκοντος
551 669 651 734 τήν
700 669 883 741 ὅρασιν
940 666 1030 719 καὶ
1085 668 1183 733 τὴν
1235 663 1412 742 ἔφεσιν
1457 672 1553 722 τοῦ
1611 673 1702 722 νοῦ
1754 669 1890 743 πρὸς

247 758 458 828 ἑαυτόν,
489 755 686 825 καὶτῷ
726 755 850 828 παρ’
879 755 1049 823 ἑαυτῷ
1087 755 1223 829 φωτὶ
1275 757 1735 828 περιαυγαζοντος
1794 757 1891 810 αύ-

246 847 359 902 τόν.
393 842 764 919 Ἐπιστρέφων
818 841 918 915 γαρ
953 843 978 895 ὁ
1009 846 1132 903 νοῦς
1192 842 1329 917 πρὸς
1371 844 1462 897 τὸν
1521 843 1675 913 Θεὸν,
1709 843 1758 898 ἐν
1812 848 1890 915 τῷ

249 934 574 991 καταπαύειν
607 938 779 994 πασας
806 933 901 992 τὰς
934 929 1241 994 εἶ’δοποιοὺς
1271 936 1377 986 τῶν
1438 928 1605 988 ὄντων
1662 934 1888 1004 ἑννοίας,

252 1022 499 1084 ἀνειδεῶς
560 1023 660 1095 ὁρᾷ
693 1041 704 1053 ·
738 1021 823 1075 καὶ
884 1023 951 1092 τῇ
1004 1021 1122 1074 καθ’
1177 1021 1452 1094 ὑπεροχὴν
1511 1022 1746 1096 ἀγνωσία
1803 1020 1892 1076 διὰ

256 1115 316 1167 τὸ
361 1114 457 1180 τῆς
519 1108 680 1179 δόξης
739 1109 1053 1181 ἀπρόσιτον,
1086 1109 1183 1176 τήν
1239 1109 1430 1163 ἑαυτοῦ
1491 1109 1682 1183 βλέψιν
1743 1109 1890 1181 λαμ-

259 1199 442 1274 πρύνει
475 1217 488 1230 ·
519 1197 610 1252 καὶ
663 1197 740 1268 μὴ
785 1197 1066 1270 γινώσκων
1122 1193 1209 1248 διὰ
1255 1196 1354 1262 τὴν
1387 1195 1764 1268 ἀκαταληψίαν
1794 1201 1890 1250 τοῦ

259 1288 555 1362 ὁρωμένου,
583 1283 837 1359 γινώσκει
887 1281 974 1337 διὰ
1029 1285 1128 1351 τήν
1184 1283 1442 1352 ἀλήθειαν
1499 1289 1596 1338 τοῦ
1653 1285 1856 1359 κυρίως
1914 1281 2088 1353 ὄντος,
2138 1285 2226 1339 καὶ
2287 1285 2455 1357 μόνου
2510 1288 2572 1340 τὸ
2633 1287 2903 1362 ὑπερεῖναι
2960 1286 3186 1364 ἔχοντος
3228 1310 3240 1322 '

1187 369 1284 422 DE
1321 367 1772 423 ABSCONDITA
1804 368 2273 424 OPERATIONE
2310 371 2386 425 IN
2421 370 2731 426 CHRISTO

244 495 474 548 ἐνώπιον
507 491 698 561 αὐτοῦ,
727 490 818 544 καὶ
868 487 957 544 διὰ
1002 495 1102 558 τῆς
1143 489 1354 563 ἀγάπης
1412 492 1561 555 αύτῷ
1617 487 1890 565 προσκολ-

2017 493 2336 550 illuminat.
2366 496 2474 560 Qui
2505 495 2781 568 spiritum
2813 513 2987 552 suum
3029 498 3094 552 ad
3137 503 3317 553 Deum
3347 501 3636 556 convertit

3551 374 3658 430 390

2018 544 2336 550 --_______--
2373 544 2474 560 η--
2505 544 2781 568 -,.-------
2813 544 2987 552 -___
3029 544 3094 552 __
3137 544 3317 553 ..ν-.-
3348 544 3661 570 “me...”

2011 582 2299 637 retrahita
2319 600 2512 638 rerum
2529 584 2848 639 visibilium
2875 586 3231 656 imaginibus
3256 593 3310 642 et
3329 589 3552 658 absque
3580 590 3646 643 ﬁ-

2001 687 2149 741 gura
2165 672 2596 743 contemplatur
2613 691 2625 738 ;
2642 679 2920 739 attamen,
2941 675 3651 745 propterinaccessibilem

2000 759 2268 829 gloriam,
2296 761 2479 814 Deum
2513 761 2570 814 in
2607 778 2666 814 se
2691 778 3036 830 cognoscere
3070 764 3270 832 nequit
3292 771 3348 818 et
3376 764 3532 818 solos
3553 782 3639 820 re-

2003 847 2146 918 cipit
2169 847 2390 915 radios;
2410 848 2547 902 dum
2573 849 2726 902 videt
2749 850 3422 920 incomprehensibilem,
3441 869 3655 923 cogno-

1999 936 2110 989 scit
2148 937 2687 1006 supereminentein
2713 937 3079 992 exislentiam
3122 939 3302 1010 illius,
3329 941 3425 1012 qui
3459 942 3654 997 omnia

2000 1028 2275 1094 superat;
2311 1040 2379 1078 ex
2425 1025 2654 1078 inﬁnita
2705 1029 2900 1080 autem
2948 1026 3209 1082 bonitate
3247 1029 3347 1083 Dei
3392 1045 3651 1084 amorem

2001 1127 2173 1166 suum
2220 1113 2424 1176 nutrit,
2467 1129 2697 1167 omnem
2740 1130 2907 1168 suam
2936 1115 3217 1186 adimplet
3247 1117 3652 1188 capacitatem,

2002 1200 2257 1269 quietem
2295 1200 2467 1254 habet
2499 1200 2924 1256 indcﬁcientem
2957 1207 3014 1256 et
3043 1203 3294 1259 beatam.

3303 1290 3391 1346 καὶ
3443 1289 3532 1347 διὰ
3584 1293 3650 1348 τὸ

252 1375 514 1433 πλούσιον
541 1380 640 1442 τῆς
673 1372 870 1428 ἐκεῖθεν
925 1367 1293 1441 ἐκϐλυζούσης
1318 1371 1652 1446 ἀγαθότητος
1677 1371 1884 1448 τρέφων
1914 1375 2006 1427 τὸν
2039 1374 2228 1427 ἑαυτοῦ
2258 1369 2452 1447 ἔρωτα,
2485 1374 2572 1429 καί
2598 1377 2696 1443 τὴν
2730 1373 2866 1430 ἰδίαν
2900 1375 3206 1453 ἐντρέχειαν
3250 1379 3650 1457 πληροφορῶν,

249 1463 599 1524 ἀναπαύσεως
631 1460 875 1530 ἀλήκτου
907 1461 995 1514 καὶ
1031 1459 1298 1534 μακαρίας
1326 1460 1690 1530 καταξιοῦται.

319 1557 500 1611 Ταῦτα
534 1552 629 1623 μὲν
659 1551 726 1604 τὰ
765 1553 865 1614 τῆς
924 1544 1179 1623 ἀκριϐοῦς
1245 1551 1468 1620 μνήμης
1521 1549 1890 1624 γνωρίσματα.

255 1642 541 1717 Προσευχὴ
603 1637 659 1693 δέ
707 1639 814 1692 ἐστι
874 1634 1108 1711 διαλογὴ
1165 1635 1406 1698 διανοίας
1479 1638 1614 1712 πρὸς
1674 1638 1896 1712 Κύριον,

255 1731 470 1806 ῥήματα
502 1726 738 1796 δεήσεως
781 1724 1066 1779 διανύουσα
1120 1725 1254 1797 μετὰ
1302 1732 1402 1793 τῆς
1459 1730 1555 1780 τοῦ
1606 1730 1700 1779 νοῦ
1757 1725 1892 1797 πρὸς

260 1818 383 1873 Θεὸν
442 1813 640 1884 ὁλικῆς
697 1814 1000 1874 ἀτενίσεως.
1032 1818 1144 1881 Τῆς
1206 1811 1448 1876 διανοίας
1493 1814 1594 1889 γὰρ
1648 1817 1890 1887 συνεχῶς

262 1904 700 1978 ὑπαγορευούσης
755 1903 819 1956 τὸ
876 1905 972 1955 τοῦ
1030 1900 1228 1976 Κυρίου
1287 1896 1481 1972 ὄνομα,
1514 1902 1600 1956 καὶ
1656 1905 1754 1956 τοῦ
1801 1906 1893 1956 νοῦ

260 1994 494 2067 ἐναργῶς
543 1995 610 2064 τῇ
663 1989 949 2059 ἐπικλήσει
1004 1993 1100 2042 τσῦ
1157 1988 1302 2043 θείου
1377 1989 1647 2062 ὀνόματος
1722 2009 1892 2062 προσ-

2074 1553 2252 1623 Signa
2297 1559 2492 1608 autem
2547 1559 2606 1609 et
2652 1554 3016 1611 characleres
3072 1559 3335 1628 perfectis
3383 1560 3647 1615 recorda-

2003 1640 2180 1696 tionis
2203 1642 2294 1696 Dei
2324 1646 2463 1697 sunt
2486 1644 2808 1713 sequentia.
2826 1644 3019 1698 Oratio
3049 1648 3304 1717 primum
3324 1652 3414 1702 est
3436 1649 3648 1703 mentis

2005 1728 2361 1799 colloquium
2395 1748 2527 1785 cum
2562 1731 2676 1786 Deo
2702 1750 2714 1794 ;
2737 1732 2908 1786 verba
2940 1735 3314 1803 proferuntur
3344 1736 3646 1802 orationis,

2005 1817 2143 1870 dum
2164 1817 2398 1872 animus
2414 1823 2570 1874 totus
2587 1819 2652 1872 ad
2680 1819 2864 1874 Deum
2889 1821 3158 1876 intendit.
3178 1823 3342 1879 Mens
3364 1825 3646 1896 suggerit,

2005 1904 2176 1958 modo
2197 1904 2586 1970 indesinente,
2611 1922 2819 1961 nomen
2853 1909 3100 1974 Domini,
3127 1913 3181 1964 et
3204 1911 3436 1966 animus
3461 1912 3648 1966 conti-

2004 1993 2395 2048 nuoinvocato
2411 1994 2644 2048 nomine
2659 1994 2851 2049 divino
2866 1997 3351 2064 attendit;exinde
3373 2001 3433 2053 lit
3449 2000 3645 2055 utani-

263 2083 504 2156 ἔχοντος,
531 2083 627 2148 τῆς
659 2084 756 2133 τοῦ
778 2083 910 2133 Θεοῦ
939 2079 1191 2154 γνώσεως
1227 2079 1289 2133 τὸ
1337 2082 1452 2155 φῶς
1494 2081 1734 2152 καθάπερ
1783 2102 1890 2153 φω-

2002 2097 2094 2136 ma
2133 2084 2255 2136 tota
2296 2081 2464 2152 quasi
2504 2081 2660 2136 nube
2698 2082 2895 2137 lucida
2934 2083 3332 2140 obumbratur.
3366 2086 3638 2142 Sedulam

254 2174 434 2241 τεινήν
491 2171 721 2248 νεφέλην
775 2176 946 2224 πᾶσαν
1011 2169 1307 2238 ἐπισκιάζει
1353 2171 1453 2238 τὴν
1493 2172 1701 2245 ψυχήν.
1735 2171 1892 2225 ’Ἐπε-

246 2283 333 2316 ται
369 2259 426 2315 δὲ
571 2261 666 2332 μὲν
707 2253 921 2331 ἀκριϐεῖ
979 2260 1170 2332 μνήμῃ
1223 2263 1319 2312 τοῦ
1377 2263 1508 2313 Θεοῦ
1561 2259 1739 2334 ἀγάπη
1801 2260 1890 2314 καὶ

247 2350 397 2424 χαρᾶ
430 2368 443 2381 ⁸
481 2372 509 2399 ‹‹
543 2349 851 2419 Ἐμνήσθην
901 2347 1025 2421 γὰρ,
1069 2345 1224 2419 φησῖ,
1278 2350 1373 2400 τοῦ
1431 2351 1586 2417 Θεοῦ,
1640 2348 1728 2401 καὶ
1788 2348 1891 2416 ηὐ-

244 2436 515 2515 φράνθην.
577 2459 604 2485 ››
654 2437 730 2506 Τῇ
797 2431 852 2488 δὲ
908 2438 1116 2507 καθαρᾷ
1187 2438 1492 2508 προσευχῇ,
1545 2439 1745 2508 γνῶσις
1797 2436 1887 2490 καὶ

244 2526 536 2596 κατανυξις
569 2541 584 2555 ⁶
619 2546 647 2573 ‹‹
689 2523 772 2578 Ἐν
923 2522 984 2575 ἃν
1042 2523 1225 2596 ἡμέρᾳ
1280 2522 1403 2598 γὰρ,
1459 2524 1643 2600 φησὶν,
1705 2523 1893 2579 ἐπικα-

247 2615 486 2685 λέσομαί
542 2631 623 2680 σε,
655 2608 772 2665 ἰδοὺ
813 2609 983 2685 ἔγνων
1042 2610 1124 2665 ὅτι
1182 2610 1310 2672 Θεός
1370 2631 1476 2684 μου
1522 2612 1568 2665 εἶ
1608 2613 1691 2667 σύ.
1731 2613 1891 2670 »Καὶ

249 2701 440 2757 πάλιν·
481 2726 501 2750 ι
538 2699 707 2754 Θυσία
761 2703 841 2770 τῷ
899 2703 1038 2771 Θεῷ,
1086 2704 1300 2772 πνεῦμα
1349 2703 1827 2773 συντετριμμένον.
1863 2723 1888 2755 ν

251 2791 395 2851 Νοὸς
450 2789 553 2864 γαρ
606 2789 696 2842 καὶ
753 2785 997 2849 διανοίας
1056 2789 1465 2863 παρισταμένων
1512 2789 1589 2860 τῷ
1647 2794 1763 2860 Θεῷ
1822 2789 1895 2844 δι’

259 2877 500 2952 ἐνεργοῦς
557 2874 841 2937 ἀτενίσεως
892 2876 983 2930 καὶ
1057 2878 1260 2950 θερμῆς
1332 2875 1586 2947 δεήσεως,
1635 2879 1726 2931 καὶ
1793 2886 1892 2947 τῆς

264 2968 443 3039 ψυχῆς
467 2968 503 3034 ἡ
531 2965 817 3036 κατάνυξις
852 2961 1158 3020 ἀκολουθεῖ.
1191 2970 1305 3020 Νοῦ
1347 2963 1423 3034 δὲ,
1457 2964 1545 3019 καὶ
1579 2964 1770 3039 Λόγου,
1801 2967 1890 3020 καὶ

258 3053 556 3126 πνεύματος
613 3053 1067 3127 προσπιπτόντων
1125 3058 1204 3125 τῷ
1278 3058 1390 3124 Θεῷ
1463 3058 1560 3107 τοῦ
1639 3055 1752 3126 μὲν,
1803 3052 1893 3108 δια

250 3149 558 3217 προσοχῆς,
585 3145 682 3196 τοῦ
733 3138 811 3208 δὲ,
845 3140 914 3194 δι’
946 3139 1306 3210 ἐπικλήσεως,
1349 3147 1445 3196 τοῦ
1494 3141 1571 3209 δὲ,
1605 3141 1694 3197 διὰ
1729 3164 1888 3197 κατα-

251 3231 449 3301 νύξεως
480 3231 565 3284 καὶ
598 3230 835 3303 ἀγάπης,
867 3229 996 3290 ὅλος
1047 3230 1075 3282 ὁ
1116 3228 1266 3284 ἔνδον
1314 3230 1597 3300 ἄνθρωπος
1644 3231 1889 3305 λειτουρ-

250 3325 338 3394 γεῖ
402 3323 482 3390 τῷ
541 3319 748 3391 Κυρίῳ.
811 3339 832 3369 ι
883 3319 1213 3392 Ἀγαπήσεις
1285 3320 1414 3393 γὰρ,
1480 3320 1634 3396 φησί,
1694 3319 1888 3393 Κύριον

1999 2169 2460 2224 recordationem
2504 2169 2760 2224 divinam
2807 2174 3256 2243 subsequuntur
3298 2174 3556 2230 cbaritas
3585 2181 3642 2230 et

1995 2255 2296 2326 gaudium.
2313 2257 2602 2329 Scriptum
2617 2263 2702 2312 est
2719 2276 2731 2313 :
2750 2279 2777 2306 ‹‹
2799 2260 2892 2313 Dei
2909 2261 3248 2315 recordatus
3263 2278 3416 2331 sum,
3436 2268 3490 2317 et
3507 2279 3637 2318 sum

1997 2345 2232 2415 gavisus
2252 2347 2292 2400 ⁸.
2333 2368 2362 2394 ››
2404 2347 2462 2400 Si
2497 2364 2642 2417 pura
2692 2347 2865 2402 fuerit
2911 2349 3118 2414 oratio,
3165 2350 3486 2406 adstabunt
3535 2367 3633 2406 co-

1996 2433 2180 2504 gnitio
2210 2439 2265 2487 et
2296 2434 2567 2489 contritio
2600 2435 2810 2489 cordis.
2844 2457 2871 2484 «
2901 2436 2962 2489 In
3008 2453 3125 2507 qua
3154 2438 3247 2492 die
3296 2439 3636 2495 invocavero

1997 2526 2073 2586 te,
2107 2538 2236 2577 ecce
2265 2523 2504 2594 cognovi
2547 2523 2686 2594 quia
2716 2527 2866 2579 Deus
2909 2540 3074 2579 meus
3106 2540 3166 2580 es
3199 2530 3260 2580 tu
3293 2527 3333 2582 ⁷.
3369 2548 3397 2575 ››
3431 2528 3497 2581 Et
3526 2527 3639 2581 ite-

1999 2625 2126 2663 rum
2159 2627 2172 2663 :
2207 2631 2235 2659 «
2257 2611 2618 2665 Sacriﬁcium
2655 2617 2765 2666 Deo
2796 2612 3041 2682 spiritus
3083 2614 3514 2670 cuntribulatus
3535 2616 3575 2669 ⁸.
3609 2638 3636 2664 ››

1998 2697 2142 2752 Cum
2191 2698 2435 2769 spiritus
2482 2703 2538 2755 et
2587 2716 2753 2754 mens
2793 2716 2894 2770 per
2942 2700 3184 2756 activam
3234 2702 3292 2756 in
3343 2703 3526 2758 Deum
3576 2721 3638 2760 se

1999 2787 2194 2840 ferunt
2223 2787 2599 2842 attentionem
2634 2794 2807 2858 atque
2826 2789 3105 2844 fervidam
3141 2791 3484 2858 orationem,
3509 2793 3650 2847 sub-

1998 2875 2259 2944 sequitur
2305 2876 2510 2930 animaa
2560 2877 2852 2930 contritio.
2890 2877 3244 2948 intellectus,
3298 2880 3535 2934 verbum
3587 2887 3643 2936 et

1998 2964 2242 3034 spiritus
2289 2969 2406 3018 Deo
2454 2981 2516 3019 se
2569 2968 2963 3036 praesentant:
3014 2965 3345 3022 intellectus
3406 2968 3641 3038 quidem

1998 3041 2268 3119 attendit,
2315 3053 2556 3107 verbum
2615 3052 2752 3108 facit
2801 3053 3144 3119 orationem,
3202 3055 3446 3125 spiritus
3506 3073 3640 3111 vero

1995 3139 2223 3211 perﬁcit
2249 3157 2505 3196 amorem
2535 3145 2592 3196 et
2636 3139 3053 3196 contritionem
3086 3184 3097 3208 ,
3141 3141 3224 3198 ita
3274 3147 3435 3198 totus
3465 3143 3639 3198 homo

1995 3226 2260 3282 internus
2290 3233 2406 3282 Deo
2437 3228 2776 3284 famulatur.
2802 3251 2829 3279 ‹‹
2857 3228 3074 3301 Diliges
3110 3230 3427 3286 Dominum
3459 3236 3640 3287 Deum

1997 3319 2166 3371 tuum
2197 3333 2263 3372 ex
2291 3320 2410 3372 toto
2433 3310 2604 3373 corde
2627 3321 2725 3374 tuo
2745 3317 2766 3352 °
2787 3318 2869 3386 (in
2900 3319 3032 3374 aliis
3061 3318 3176 3374 cod.
3195 3363 3210 3390 ,
3233 3335 3302 3375 ex
3323 3324 3442 3376 tota
3475 3337 3644 3377 men-

248 3409 346 3462 τὸν
403 3406 533 3461 Θεόν
590 3426 685 3460 σου
737 3404 788 3476 ἐξ
845 3403 984 3476 ὅλης
1038 3412 1138 3475 τῆς
1201 3405 1424 3480 καρδίας
1482 3428 1578 3462 σου
1629 3406 1701 3480 [ἐν
1755 3407 1885 3466 ἀλλ.
1922 3430 1964 3498 C
2002 3408 2060 3458 ιθ
2088 3405 2232 3476 tua).
2268 3425 2297 3453 υ

261 3495 497 3557 διανοίας
529 3498 648 3568 σου]
661 3538 672 3549 .
708 3519 730 3546 ι

337 3583 485 3650 Πλὴν
536 3581 737 3638 εἰδέναι
817 3603 875 3636 σε
952 3584 1044 3637 καὶ
1105 3588 1267 3638 τοῦτο
1344 3583 1637 3659 βούλομαι,
1701 3588 1898 3658 μήπως

259 3671 656 3749 προσεύχεσθαι
707 3670 1083 3743 λογιζόμενος,
1145 3673 1352 3747 μακρὰν
1407 3676 1505 3742 τῆς
1585 3682 1899 3749 προσευχῆς

259 3759 488 3836 βαδίζῃς
517 3759 607 3814 καί
658 3757 896 3834 ἀκερδῶς
951 3759 1186 3833 κάμνῃς,
1217 3762 1304 3814 καὶ
1359 3759 1608 3831 διακενῆς
1646 3764 1848 3838 τρέχῃς
1879 3781 1892 3794 ⁸

251 3852 387 3925 ὅπερ
444 3849 498 3904 ἐν
559 3852 627 3921 τῇ
682 3852 778 3902 τοῦ
834 3848 1102 3921 στόματος
1162 3848 1462 3922 ψαλμῳδίᾳ
1489 3850 1746 3921 τελεῖται,
1782 3853 1809 3906 ὁ
1841 3849 1898 3906 δὲ

244 3944 378 4003 νοῦς
434 3936 689 4011 ἀλλαχοῦ
745 3936 1092 4013 φέρεται,είς
1147 3939 1293 4006 πάθη
1351 3939 1442 3992 καὶ
1473 3940 1763 4014 πράγματα
1807 3961 1898 4012 με-

245 4027 564 4102 ριζόμενος,
598 4026 673 4086 ὡς
701 4026 939 4080 ἐντεῦθεν
987 4027 1077 4080 καὶ
1133 4027 1232 4093 τήν
1290 4025 1491 4079 σύνεσιν
1551 4034 1650 4095 τῆς
1708 4026 1894 4100 ψαλμ-

247 4112 422 4187 ῳδίας
455 4112 816 4185 λυμαίνεσθαι
850 4133 862 4145 ·
892 4118 1052 4169 τοῦτο
1082 4115 1288 4190 γίνεται
1317 4114 1406 4169 καὶ
1438 4113 1489 4168 ἐν
1533 4119 1602 4187 τῇ
1663 4113 1889 4188 διανοίᾳ.

244 4201 532 4264 Πολλάκις
586 4201 685 4275 γὰρ
743 4202 910 4271 αὐτῆς
987 4200 1351 4278 διερχομένης
1405 4203 1472 4258 τὰ
1533 4202 1749 4278 ῥήματα
1795 4211 1894 4274 τῆς

243 4292 444 4366 εὐχῆς,
479 4292 662 4351 ὁνοῦς
687 4290 746 4344 ού
806 4289 1098 4359 συνοδεύει,
1124 4291 1224 4346 οὐκ
1279 4290 1564 4360 ἐνατενίζει
1620 4297 1699 4364 τῷ
1754 4297 1891 4364 Θεῷ,

239 4381 382 4454 πρὸς
411 4381 470 4433 ’ὸν
511 4380 600 4433 καὶ
631 4382 665 4447 ἡ
695 4379 832 4434 κατὰ
857 4381 955 4446 τήν
988 4381 1302 4454 προσευχὴν
1355 4379 1584 4454 διαλογή
1645 4380 1848 4453 γίνεςαι
1874 4400 1887 4414 ⁸

240 4467 553 4543 ἐκτρέπεται
588 4464 646 4521 δὲ
675 4469 776 4521 ὑπό
834 4489 995 4522 τινων
1058 4467 1274 4522 ἐννοιῶν
1337 4469 1674 4538 λεληθότως.
1712 4470 1811 4525 Καὶ
1854 4472 1888 4538 ἡ

252 4555 345 4625 μὲν
379 4553 593 4609 διάνοια
623 4555 767 4628 λέγει
802 4558 1046 4625 συνήθως
1073 4556 1140 4611 τὰ
1168 4555 1387 4631 ῥήματα
1418 4576 1430 4589 °
1469 4558 1496 4610 ὁ
1531 4554 1586 4611 δὲ
1633 4561 1761 4617 νοῦς
1792 4560 1892 4622 τῆς

247 4646 346 4695 τοῦ
394 4649 522 4698 Θεοῦ
576 4645 833 4718 γνώσεως
892 4643 1260 4708 διολισθαίνει.
1312 4647 1467 4702 ’Όθεν
1526 4645 1614 4700 καί
1671 4645 1795 4700 τότε

247 4731 398 4805 ψυγή
455 4732 829 4801 ἀκατανόήτος
879 4733 970 4787 καὶ
1029 4732 1311 4797 ἆδιάθετος
1361 4734 1624 4810 φαίνεται,
1659 4735 1733 4794 ὡς
1791 4737 1888 4788 τοῦ

237 4821 336 4871 νοῦ
395 4821 826 4895 σκορπιζομένου
878 4819 953 4882 εἷ’ς
1006 4842 1158 4883 τινας
1219 4820 1670 4898 φαντασίας,οκαὶ
1735 4841 1885 4891 μετε-

238 4908 608 4980 ωριζομένου,
639 4909 674 4978 ἢ
705 4909 842 4984 πρὸς
875 4908 906 4962 ἃ
934 4910 1222 4964 κλέπτεται
1255 4911 1289 4978 ἤ
1327 4907 1604 4984 βνύλεται.
1625 4909 1888 4978 Εὐκτικῆς

230 4997 340 5070 γαρ
371 4997 625 5070 γνώσεως
679 4998 753 5069 μὴ
787 4998 1066 5070 παρούσης
1101 4996 1240 5070 μηδέ
1287 5002 1384 5052 τοῦ
1435 4995 1693 5069 δεομένου
1748 5017 1885 5071 παρ-

235 5085 529 5156 ισταμένου
573 5090 650 5157 τῷ
708 5083 954 5159 δεομένῳ
1013 5086 1517 5159 παρακαλεῖν,πῶς
1572 5084 1883 5161 γλυκανθή-

233 5193 387 5226 σεται
494 5175 529 5241 ἡ
638 5177 852 5249 ψυχή;
945 5181 1061 5238 πῶς
1174 5176 1588 5249 εὐφρανθήσεται
1691 5171 1885 5248 καρδία

230 5261 684 5334 προσποιουμένη
739 5260 1016 5337 εὔχεσθαι,
1059 5262 1185 5318 ἀλλ’
1241 5264 1344 5317 οὐκ
1399 5261 1664 5332 ἀληθινὴν
1713 5282 1880 5335 προσ-

227 5351 403 5424 ευχὴν
515 5350 952 5424 περιποιουμένη
999 5371 1019 5414 ,·
1123 5349 1562 5428 Εὐφρανθήσεται
1688 5347 1883 5424 κσρδία

229 5439 547 5508 ζητούντων
591 5442 688 5496 τὸν
739 5438 959 5514 Κύριον.
991 5443 1154 5510 Ζητεῖ
1184 5438 1242 5495 δὲ
1271 5439 1362 5494 τὸν
1417 5439 1616 5515 Κύριον
1677 5440 1704 5492 ὁ
1763 5436 1878 5493 δια-

2073 3583 2176 3637 Ast
2206 3585 2262 3636 et
2293 3598 2472 3636 unum
2505 3585 2559 3638 te
2584 3583 2871 3639 monitum
2905 3582 3050 3648 volo,
3077 3600 3146 3639 ne
3175 3585 3372 3642 forsan
3394 3588 3449 3641 te
3466 3603 3637 3642 oran-

2003 3673 2119 3724 tem
2179 3675 2368 3740 putes,
2420 3670 2559 3723 dum
2610 3671 2670 3725 in
2737 3671 2997 3726 oratione
3053 3674 3354 3744 procedas,
3406 3674 3638 3731 labores

2001 3757 2290 3813 inutiliter
2319 3761 2374 3812 et
2403 3756 2463 3811 in
2487 3774 2699 3812 vanum
2731 3775 2952 3814 curras.
2989 3759 3078 3814 Fit
3107 3762 3457 3831 quandoque
3485 3769 3549 3818 ut
3578 3765 3636 3818 in

2001 3847 2144 3901 orali
2172 3846 2498 3918 psalmodia
2523 3844 2855 3902 intellectus
2885 3848 3210 3919 divagetur,
3233 3850 3641 3921 dividaturque

2001 3934 2152 3990 inter
2175 3935 2476 4006 passiones
2498 3938 2554 3989 et
2578 3935 2807 4005 negotia
2826 3934 3050 4003 szcculi;
3078 3935 3184 3990 hoc
3209 3938 3376 3991 modo
3400 3955 3638 3994 sensum

2000 4023 2336 4094 psalmodiis
2367 4022 2649 4092 deperdit.
2685 4021 2832 4076 Illud
2866 4039 3097 4093 quoque
3132 4023 3191 4078 in
3233 4025 3473 4080 mentali
3505 4043 3640 4081 ora-

2000 4112 2157 4165 tione
2188 4110 2392 4166 evenil.
2429 4110 2720 4165 Orationis
2751 4110 2907 4165 enim
2939 4111 3114 4166 verba
3145 4114 3485 4183 procedunt,
3509 4131 3637 4185 quas

1999 4198 2385 4270 intelligentia
2423 4214 2535 4253 non
2577 4199 2910 4265 comitatur,
2943 4215 3048 4253 nec
3092 4200 3266 4255 refert
3313 4201 3384 4256 ad
3428 4206 3632 4269 Deum,

1999 4293 2055 4342 et
2085 4288 2133 4342 si
2185 4304 2284 4358 per
2327 4288 2651 4342 orationem
2697 4304 2826 4342 cum
2875 4289 3000 4358 ipso
3049 4287 3404 4359 colloquium
3456 4290 3631 4344 insti-

1998 4380 2232 4442 tuatur;
2265 4379 2421 4446 patet
2455 4375 2712 4430 animam
2753 4376 2959 4431 diverti
3001 4375 3208 4432 alienis
3258 4377 3633 4447 cogitationi-

1996 4464 2128 4520 bus.
2163 4469 2431 4518 Attamen
2464 4468 2742 4519 consueta
2771 4466 2945 4519 verba
2985 4465 3253 4535 producit
3282 4465 3638 4533 intellectus,

1995 4553 2234 4621 spiritus
2287 4556 2482 4606 autem
2531 4553 2591 4606 in
2635 4553 2964 4623 cognitione
3020 4553 3120 4609 Dei
3176 4570 3290 4608 non
3346 4554 3640 4609 consistit.

1994 4641 2142 4695 Tum
2175 4640 2398 4695 videtur
2428 4640 2626 4694 anima
2649 4656 2776 4696 esse
2800 4642 3021 4711 absque
3053 4641 3439 4712 intelligentia
3463 4647 3639 4713 atque

1996 4728 2400 4794 ordinatione;
2452 4743 2615 4782 mens
2662 4729 3018 4798 quibusdam
3069 4728 3340 4800 indulget
3388 4729 3639 4801 phanta-

1919 4786 1967 4848 Β
1997 4817 2283 4872 smatibus
2307 4831 2320 4869 :
2346 4815 2922 4871 circumferturinter
2949 4817 3180 4888 negotia
3213 4822 3272 4872 et
3303 4819 3640 4873 mundanas

1997 4902 2322 4957 varietates.
2357 4901 2705 4956 Praesentem
2738 4902 3020 4958 orationis
3051 4904 3348 4959 notionem
3383 4922 3498 4960 non
3532 4905 3634 4959 ba-

1995 4991 2112 5057 bet,
2146 5006 2250 5044 nec
2282 4989 2578 5060 petitionis
2612 4991 3020 5046 necessitatem
3054 4997 3110 5047 et
3141 4993 3388 5048 materia
3420 4994 3636 5048 sentit:

1995 5095 2110 5150 quo
2142 5079 2320 5149 igitur
2349 5078 2518 5132 modo
2537 5077 2810 5133 delectari
2843 5085 3037 5149 posset
3066 5080 3311 5135 anima?
3344 5082 3638 5152 quomodo

1994 5167 2272 5240 gauderet
2317 5182 2415 5221 cor
2463 5166 2534 5221 de
2581 5167 2860 5232 oratione,
2904 5183 3038 5222 cum
3076 5185 3266 5224 veram
3319 5169 3637 5223 orationem

1992 5273 2105 5311 non
2148 5255 2473 5326 producat?
2513 5254 2824 5310 Laetabitur
2864 5272 2965 5311 cor
3007 5255 3395 5327 quaerentium
3439 5245 3645 5311 Domi-l

1991 5362 2156 5400 num.
2185 5348 2362 5399 Deum
2397 5343 2659 5413 inquirit,
2693 5343 2792 5414 qui
2825 5349 3020 5400 mente
3051 5349 3172 5399 tota
3202 5349 3258 5398 et
3287 5344 3509 5399 fervida
3527 5344 3642 5400 dis-

1989 5434 2274 5508 positione
2306 5435 2441 5488 ante
2482 5431 2667 5487 Deum
2710 5433 3062 5503 procumbit,
3097 5432 3295 5488 omnia
3333 5431 3637 5489 saecularia

302 5654 322 5689 ⁸
349 5653 508 5712 Psal.
546 5669 744 5722 una,
775 5653 824 5708 4.
857 5652 878 5687 ⁷
907 5651 1056 5710 Psal.
1092 5669 1179 5723 Lv,
1212 5652 1301 5708 10.
1332 5653 1352 5688 ⁸
1379 5652 1532 5710 Psal.
1563 5667 1615 5723 L,
1651 5652 1738 5708 19.
1765 5652 1787 5688 θ
1820 5651 1890 5708 De

2016 5665 2093 5715 iv,
2121 5647 2176 5700 5.
