4136 6292
396 378 495 433 391
1523 381 1927 437 THEOLEPTI
1965 381 2661 439 PHILADELPHIENSIS
3676 383 3785 440 392

397 502 653 573 cogitata
675 502 901 574 repellit
923 519 1023 574 per
1056 503 1151 558 Dei
1182 504 1479 558 notionem
1512 508 1568 559 et
1598 520 1876 571 amorem,
1911 521 2012 575 qua

2149 503 2270 573 νοίᾳ
2298 502 2399 575 ὅλῃ
2428 501 2514 558 καί
2547 500 2777 565 διαθέσει
2808 505 2980 578 θερμῇ
3030 501 3382 577 προσπίπτων
3409 507 3488 574 τῷ
3527 508 3660 575 Θεῷ,
3691 506 3784 559 xui

401 607 470 646 ex
500 591 781 647 continua
810 596 865 647 et
896 610 1043 664 pura
1074 592 1333 648 oratione
1365 592 1648 649 defluunt.

468 877 540 932 Ut
579 877 977 931 demonstrem
1027 873 1217 943 qualis
1258 875 1333 929 sit
1373 874 1567 930 divina
1607 874 1927 931 recordatio
1974 874 2031 928 in

393 964 634 1036 spiritus
685 964 903 1019 visione
950 967 1005 1016 et
1054 962 1244 1032 qualis
1294 980 1439 1033 pura
1486 968 1670 1019 oratio
1721 964 1777 1018 in
1821 964 2034 1017 mentis

391 1052 691 1124 petitione,
727 1053 905 1122 hujus
932 1052 1191 1122 corporis
1224 1052 1458 1106 oculum
1491 1058 1545 1107 et
1568 1053 1828 1122 linguam
1862 1052 2033 1105 modo

391 1142 755 1196 adducturus
776 1157 907 1194 sum
932 1140 1001 1193 ad
1026 1139 1339 1209 exemplar.
1365 1142 1526 1204 Quod
1552 1139 1773 1210 pupilla
1793 1138 1959 1194 oculo
1978 1145 2034 1193 et

389 1228 808 1283 verbielocutio
832 1228 1066 1297 linguae,
1084 1227 1228 1281 illud
1247 1232 1335 1281 est
1356 1230 1738 1281 estmemoria
1761 1227 1937 1281 relate
1960 1226 2032 1280 ad

390 1316 757 1372 intellectum
792 1322 848 1371 et
888 1317 1072 1370 oratio
1115 1316 1294 1370 relate
1346 1317 1415 1370 ad
1461 1321 1736 1371 mentem.
1776 1314 2031 1369 Visionis

387 1422 563 1460 sensu
598 1405 913 1476 imaginem
949 1404 1196 1475 percipit
1229 1404 1435 1458 oculus
1467 1404 1536 1457 de
1573 1405 1795 1473 ohjecto
1823 1418 2029 1472 propo-

386 1493 519 1556 sito,
566 1494 807 1547 verbum
861 1492 996 1547 facit
1048 1492 1299 1557 nullum,
1351 1499 1605 1546 attamen
1658 1491 1896 1546 visionis
1935 1506 2030 1545 ex-

388 1579 671 1650 perientia
710 1580 877 1634 habel
926 1580 1219 1634 notionem
1256 1581 1325 1635 de
1367 1581 1589 1649 objecto
1622 1580 1919 1649 inspecto;
1951 1578 2031 1631 ita

386 1668 717 1723 intellectus
734 1684 834 1738 per
850 1670 1191 1722 memoriam
1216 1668 1473 1722 ell‘ective
1495 1668 1799 1721 acceditad
1824 1672 2026 1733 Deum,

385 1771 490 1825 per
519 1755 936 1825 experientiam
988 1755 1291 1826 repetitam
1342 1755 1599 1810 adhaeret
1629 1756 1740 1826 ipsi
1781 1760 1837 1810 et
1863 1756 1920 1808 in
1949 1754 2031 1808 si-

2141 600 2243 648 πᾶν
2300 595 2478 665 νόημα
2527 598 2627 648 τοῦ
2684 595 2893 665 κόσμου
2943 591 3388 667 διακρουόμενος,
3418 590 3509 647 διὰ
3554 596 3655 663 τήν
3685 599 3784 649 τοῦ

2138 686 2271 737 Θεοῦ
2314 687 2534 757 γνῶσιν,
2562 682 2649 736 καὶ
2698 681 2931 757 ἀγάπην,
2984 682 3077 744 τὰς
3124 679 3514 754 ἀναδιδομένας
3563 682 3621 737 ἐκ
3676 686 3778 751 τῆς

2142 776 2397 845 συνεχοῦς
2428 772 2515 825 καὶ
2547 772 2780 845 καθαρᾶς
2810 777 3143 844 προσευχῆς,

2209 861 2354 933 Ἐγὼ
2430 858 2486 913 δὲ
2560 859 2851 932 σαφηνείας
2930 856 3082 913 ἕνεκα
3141 863 3239 913 τοῦ
3292 859 3430 913 κατά
3478 860 3577 927 τὴν
3635 859 3778 916 θείαν

2144 952 2367 1022 μνήμην
2429 948 2476 1003 ἐν
2535 954 2613 1020 τῷ
2661 954 2734 1020 νῷ
2792 950 3170 1024 (θεωρήματος,
3202 948 3291 1003 καὶ
3337 947 3433 1003 τοῦ
3488 950 3625 1004 κατὰ
3678 953 3775 1020 τὴν

2138 1038 2372 1112 καθαρὰν
2428 1039 2741 1111 προσευχὴν
2794 1037 3100 1110 ἀξιώματος
3162 1037 3214 1092 ἐν
3270 1042 3337 1110 τῇ
3398 1038 3629 1109 διανοίᾳ,
3687 1041 3771 1094 τὸν

2141 1126 2447 1198 σωματικὸν
2499 1125 2781 1201 ὀφθαλμὸν
2836 1126 2923 1179 καὶ
2976 1127 3075 1194 τήν
3133 1124 3383 1201 γλῶσσαν
3435 1126 3512 1188 εἰς
3571 1126 3779 1189 εἰκόνας

2137 1213 2464 1287 προτίθημι.
2526 1220 2590 1269 ’Ὁ
2646 1215 2749 1287 γάρ
2805 1212 2915 1267 ἐστι
2991 1214 3127 1287 κόρη
3190 1218 3271 1285 τῷ
3340 1213 3635 1291 ὀφθαλμῷ,
3685 1215 3776 1270 καὶ

2138 1304 2389 1376 προφορὰ
2449 1301 2621 1376 λόγου
2678 1300 2922 1375 γλώσσῃ,
2969 1306 3129 1356 τοῦτο
3186 1304 3375 1375 μνήμη
3425 1308 3503 1375 τῷ
3559 1308 3654 1376 νῷ,
3688 1304 3778 1358 καὶ

2137 1392 2419 1464 προσευχή
2476 1394 2544 1463 τῇ
2599 1388 2828 1461 διανοίᾳ.
2879 1392 2968 1452 Ὠς
3025 1390 3128 1465 γὰρ
3190 1389 3471 1468 ὀφθαλμὸς
3527 1396 3591 1465 τῇ
3644 1391 3770 1466 βλε-

2135 1484 2304 1553 πτικῇ
2346 1480 2588 1547 αίσθήσει
2642 1484 2739 1533 τοῦ
2793 1480 3146 1551 προκειμένον
3206 1480 3404 1553 ὁρατοῦ
3457 1475 3770 1547 ἀπολαϐὼν,

2137 1564 2400 1638 οὐδεμίαν
2433 1568 2618 1642 φωνὴν
2664 1572 2921 1631 ποιεῖται,
2954 1570 3022 1639 τῇ
3054 1565 3215 1639 πείρᾳ
3269 1564 3326 1621 δὲ
3381 1574 3480 1635 τῆς
3538 1568 3776 1642 ὁράσεως

2134 1656 2235 1723 τήν
2264 1659 2460 1729 γνῶσιν
2486 1660 2586 1709 τοῦ
2615 1654 2898 1730 ὁρωμένου
2932 1652 3147 1729 δέχεται
3184 1676 3195 1686 ’
3232 1654 3373 1709 οὕτω
3423 1655 3512 1709 καὶ
3564 1657 3591 1710 ὁ
3628 1660 3773 1727 νοῦς,

2137 1739 2225 1796 διὰ
2253 1747 2349 1808 τῆς
2394 1745 2620 1815 μνήμης
2677 1742 2948 1815 ἐρωτικῶς
3003 1748 3081 1814 τῷ
3139 1748 3254 1814 Θεῷ
3310 1748 3650 1818 προσχωρῶν
3702 1747 3771 1816 τῇ

384 1842 564 1898 lentio
614 1842 1056 1913 simplicissima
1100 1842 1199 1897 Dei
1259 1843 1491 1898 notione
1546 1843 1821 1909 reﬁcitur,
1873 1843 2012 1912 quoc‘

2136 1830 2540 1903 προσκολλήσει
2572 1837 2669 1899 τῆς
2703 1828 2981 1905 διαπείρου
3032 1828 3321 1893 διαθέσεως
3378 1831 3467 1885 xui
3523 1835 3591 1903 τῇ
3646 1835 3771 1905 σικῇ

388 1930 761 1985 illuminetur
806 1930 1115 2001 Splendore
1161 1931 1358 1985 divino
1390 1936 1447 1985 et
1495 1933 1700 1985 futurae
1751 1931 2028 1985 claritatis

389 2018 603 2090 pignus
637 2023 907 2089 reportet.
941 2019 1163 2089 Lingua
1187 2019 1453 2089 producit
1480 2020 1653 2074 verba
1682 2018 2027 2073 elocutionis

385 2114 443 2160 et
473 2106 737 2161 audienti
772 2106 1124 2161 invisibilem
1159 2107 1401 2178 spiritus
1445 2107 1802 2162 voluntatem
1837 2107 2024 2160 mani-

396 2195 607 2249 festat:
640 2194 721 2249 ita
746 2211 910 2249 mens
952 2196 1087 2249 facit
1129 2196 1359 2250 brevius
1417 2196 1698 2250 orationis
1747 2195 2023 2266 syllabas,

388 2299 537 2353 quas
561 2282 895 2353 frequenter
923 2283 1140 2337 emittit
1162 2289 1217 2337 et
1249 2284 1462 2338 fervide
1488 2303 1501 2350 ;
1524 2283 1733 2337 animas
1765 2281 2023 2353 postula-

382 2370 603 2426 tionem
658 2376 855 2425 notam
895 2371 993 2425 dat
1036 2372 1145 2426 Deo
1176 2372 1370 2425 omnia
1406 2371 1633 2440 scienti,
1675 2370 1891 2425 assidet
1922 2386 2024 2441 per

379 2465 514 2513 vota
543 2462 599 2512 et
630 2465 1093 2528 perseverantem
1126 2458 1533 2514 contritionem
1565 2459 1778 2525 cordis,
1802 2460 2023 2512 viscera

382 2546 791 2602 misericordiae
830 2546 1037 2601 divinae
1084 2552 1407 2602 commovet
1452 2552 1508 2601 et
1552 2547 1761 2602 salutis
1802 2547 2020 2616 gratias

379 2636 585 2705 recipit
630 2637 1133 2706 superel'ﬂuentes.
1172 2660 1190 2684 α
1238 2638 1343 2691 Cor
1384 2638 1695 2689 contritum
1742 2645 1798 2689 et
1831 2636 2017 2688 humi-

374 2724 577 2778 liatum
608 2724 760 2778 Deus
796 2742 907 2778 non
940 2725 1223 2795 despiciet
1256 2726 1313 2777 ¹⁰.
1352 2747 1378 2773 ››
1412 2725 1571 2787 Quod
1606 2730 1801 2778 autem
1836 2724 1926 2778 his
1960 2725 2016 2779 in

370 2813 547 2867 terris
579 2814 754 2867 relate
800 2815 870 2867 ad
927 2829 1091 2883 reges
1142 2815 1458 2884 perficitur,
1509 2814 1793 2868 conducat
1841 2820 1896 2867 te
1950 2815 2014 2868 ad

376 2917 579 2970 puram
620 2904 962 2957 orationem.
998 2908 1138 2955 Cum
1172 2905 1241 2956 ad
1294 2919 1486 2973 regem
1539 2902 1890 2971 perveneris,
1922 2919 2014 2955 ac-

371 2990 529 3043 cedis
556 3005 814 3058 corpore,
840 2990 1041 3061 lingua
1075 2990 1429 3060 adprecaris,
1454 2989 1621 3044 oculo
1654 2990 2010 3055 consideras,

374 3082 438 3131 ut
486 3077 737 3147 regalem
798 3078 901 3131 tibi
960 3078 1375 3132 ronciliaturus
1439 3079 1519 3131 sis
1572 3079 1845 3131 favorem.
1896 3078 2012 3132 Hoc

375 3182 604 3235 quoque
635 3166 924 3236 perﬁcias,
953 3166 1070 3219 sive
1103 3165 1158 3218 in
1192 3168 1476 3218 conventu
1524 3164 1703 3217 fueris
1733 3164 2008 3232 ecclesiae,

385 3254 504 3308 sive
544 3252 704 3307 solus
748 3252 805 3305 in
856 3257 957 3306 tua
1005 3252 1330 3306 mansione.
1363 3251 1421 3305 Si
1470 3268 1600 3306 cum
1647 3252 1923 3306 fratribus
1954 3252 2011 3307 in

373 3342 612 3397 Domino
644 3345 1034 3412 congregatus
1084 3341 1284 3410 fueris,
1318 3358 1421 3413 per
1469 3341 1724 3411 corporis
1774 3342 2012 3411 positio-

366 3446 496 3485 nem
518 3434 574 3483 et
595 3428 806 3501 linguae
834 3428 1218 3499 psalmodiam
1240 3430 1490 3499 teipsum
1512 3429 1732 3499 profers
1747 3428 1861 3483 Deo
1888 3448 1900 3496 ;
1925 3430 2007 3484 sic

366 3532 599 3587 quoque
644 3516 833 3569 verbis
866 3516 1131 3569 attendas
1163 3521 1353 3568 mente
1384 3519 1483 3567 tua
1503 3519 1559 3568 et
1581 3514 1730 3568 scias
1762 3519 1815 3569 te
1836 3516 2007 3570 verba

360 3606 431 3660 ad
493 3605 668 3658 Deum
722 3604 908 3658 facere
974 3608 1148 3673 atque
1210 3603 1552 3657 orationem.
1603 3603 1734 3665 Quae
1786 3608 2005 3659 attente

360 3696 535 3761 atque
565 3692 766 3745 devote
805 3690 1053 3745 orationi
1091 3696 1275 3758 vacat,
1322 3690 1421 3745 illa
1461 3708 1625 3745 mens
1665 3690 1878 3762 gaudio
1912 3708 2004 3746 re-

358 3780 551 3833 ficitur
581 3779 938 3851 sempiterno
970 3783 1025 3833 et
1052 3796 1192 3851 pace
1225 3779 1521 3834 ineffabili.
1547 3779 1604 3834 Si
1638 3780 1694 3833 in
1728 3780 1871 3834 cella
1904 3784 2003 3834 tua

351 3868 730 3923 absconditus
753 3868 929 3922 fueris
960 3873 1017 3921 et
1040 3868 1351 3923 mentalem
1384 3868 1658 3922 habueris
1680 3868 1996 3923 orationem

353 3973 483 4011 cum
520 3960 711 4011 mente
757 3956 951 4010 sobria
992 3960 1048 4009 et
1094 3956 1300 4026 spiritu
1347 3955 1618 4023 contrito,
1652 3960 1752 4009 tua
1797 3972 2000 4027 prece-

352 4046 449 4099 dct
480 4043 868 4098 consideratio
903 4049 1138 4114 propter
1162 4045 1559 4109 sobrietatem,
1593 4043 1999 4114 inhabitatque

351 4132 606 4203 cognitio
639 4137 877 4203 prOpter
908 4134 1357 4198 contritionem;
1395 4133 1732 4187 destruetur
1762 4133 1995 4187 irratio-

351 4220 566 4273 nabilis
598 4220 869 4290 voluptas
900 4225 955 4273 et
979 4220 1210 4273 divinus
1242 4236 1405 4273 amor
1432 4220 1488 4272 in
1522 4226 1575 4273 te
1607 4219 1869 4275 intrabit.

2133 1925 2232 1986 τῆς
2265 1916 2641 1988 ἀπλουστάτης
2668 1920 2927 1989 νοήσεως,
2963 1919 3063 1973 ὑπὸ
3094 1921 3192 1987 τῆς
3243 1919 3384 1982 θείας
3443 1918 3775 1992 ἐλλάμψεως

2135 2008 2549 2081 καταυγάζεται,
2582 2001 2870 2082 ἀρραϐῶνα
2917 2014 3017 2075 τῆς
3074 2004 3388 2079 μελλούσης
3446 2005 3771 2082 λαμπρότη-

2130 2117 2225 2157 τος
2275 2095 2659 2167 κομιζόμενος.
2693 2094 2793 2150 Καὶ
2849 2094 3030 2169 ὥσπερ
3088 2093 3253 2147 πάλιν
3314 2097 3347 2163 ἡ
3406 2094 3633 2169 γλῶσσα
3674 2095 3772 2171 ῥή-

2138 2204 2278 2256 ματα
2310 2182 2474 2257 λόγου
2502 2184 2869 2259 προφέρουσα,
2900 2184 2999 2250 τήν
3034 2181 3238 2251 ἄδηλον
3269 2181 3492 2251 θέλησιν
3532 2187 3632 2237 τοῦ
3684 2188 3773 2238 νοῦ

2132 2272 2409 2348 ἐμφανίζει
2460 2276 2537 2326 τῶ
2592 2272 2841 2325 ἀκούοντι
2874 2289 2886 2303 ⁸
2924 2271 3066 2325 οὕτω
3114 2270 3204 2325 καὶ
3266 2268 3475 2325 διάνοια
3527 2272 3593 2325 τὰ
3646 2273 3772 2346 βρα-

2132 2353 2458 2432 χυσύλλαϐα
2542 2357 2760 2433 ῥήματα
2843 2364 2942 2426 τῆς
3024 2364 3344 2433 προσευχῆς
3416 2363 3635 2421 πυκνῶς
3680 2357 3764 2412 καί

2132 2452 2347 2520 θερμῶς
2431 2444 2867 2521 ἀναγγέλλουσα,
2924 2447 3022 2514 τήν
3099 2453 3200 2515 τῆς
3284 2449 3470 2520 ψυχῆς
3556 2445 3768 2516 αἶ’τησιν

2128 2534 2488 2588 ἀνακαλύπτει
2544 2539 2622 2605 τῷ
2680 2535 2851 2588 πάντα
2907 2532 3075 2589 εἰδότι
3136 2539 3274 2605 Θεῷ,
3306 2533 3393 2588 καί
3442 2538 3510 2607 τῇ
3545 2533 3766 2607 εὐκτικῇ

2128 2620 2426 2695 προσεδρίᾳ
2482 2621 2571 2675 καὶ
2627 2620 2872 2693 ἐπιμόνῳ
2942 2617 3196 2696 συντριϐῇ
3277 2620 3523 2695 καρδίας,
3578 2620 3665 2675 καὶ
3726 2625 3761 2691 ἡ

2126 2705 2383 2784 συντριϐἠ
2416 2710 2617 2784 ἀνοίγει
2646 2710 2712 2763 τὰ
2742 2707 3098 2785 φιλάνθρωπα
3129 2708 3415 2784 σπλάγχνα
3470 2714 3565 2763 τοῦ
3620 2731 3762 2781 συμε⁵

2127 2800 2346 2863 παθοῦς,
2399 2799 2487 2851 καὶ
2573 2796 2831 2852 πλουσίαν
2910 2799 3010 2866 τὴν
3088 2798 3355 2870 σωτηρίαν
3433 2795 3759 2871 εἰσδέχεται.

2126 2884 2417 2960 «Καρδίαν
2470 2885 2591 2960 γὰρ,
2643 2885 2795 2961 φησὶ,
2850 2886 3309 2959 συντετριμμένην
3365 2887 3455 2939 καὶ
3512 2906 3759 2941 τεταπει-

2122 2974 2367 3044 νωμένην
2420 2974 2447 3026 ὁ
2505 2973 2631 3031 Θεὸς
2691 2972 2789 3026 οὐκ
2846 2970 3209 3041 ἐξουδενώσει.
3272 2998 3291 3023 ι
3353 2974 3755 3048 Χειραγωγήσει

2123 3082 2180 3115 σε
2233 3060 2306 3122 εἶς
2358 3060 2592 3135 καθαρὰν
2652 3062 2989 3135 προσευχὴν,
3031 3061 3117 3115 xui
3174 3062 3236 3115 τὸ
3287 3059 3623 3134 τελούμενον
3683 3062 3754 3123 εἷς

2124 3148 2213 3202 τὸν
2248 3148 2334 3202 ἐπὶ
2367 3156 2470 3221 γῆς
2508 3146 2749 3222 βασιλέα.
2781 3150 2943 3204 Ὅταν
2998 3148 3097 3224 γὰρ
3154 3148 3462 3223 προσέλθῃς
3523 3150 3749 3225 βασιλεῖ,

2126 3236 2214 3291 καὶ
2271 3237 2481 3309 σώματι
2541 3237 2883 3309 παρίστασαι,
2938 3237 3027 3291 καὶ
3085 3237 3310 3311 γλώσσῃ
3370 3238 3755 3307 καθικετεύεις,

2122 3327 2211 3381 καὶ
2244 3326 2512 3403 ὀφθαλμῷ
2557 3327 2692 3401 πρὸς
2732 3326 2889 3381 αὐτὸν
2940 3327 3277 3397 ἐνατενίζεις,
3309 3329 3395 3382 καὶ
3455 3328 3603 3381 οὕτω
3656 3330 3754 3397 τήν

2120 3413 2409 3491 βασιλικὴν
2469 3414 2743 3486 εὐμένειαν
2801 3416 2937 3488 πρὸς
2979 3416 3161 3469 ἑαυτὸν
3212 3414 3405 3475 ἕλκεις.
3450 3420 3619 3470 Τοῦτο
3664 3417 3755 3471 καί

2117 3503 2178 3557 σὺ
2236 3502 2436 3558 ἐκτέλει
2495 3503 2590 3556 κάν
2635 3502 2703 3576 τῇ
2755 3506 2959 3575 συνάξει
3015 3511 3115 3572 τῆς
3174 3502 3484 3575 ἐκκλησίας,
3532 3505 3627 3558 κάν
3684 3508 3752 3577 τῇ

2117 3592 2351 3663 μονώσει
2408 3597 2507 3658 τῆς
2567 3591 2758 3651 οἰκίας.
2817 3594 3193 3665 Συναγόμενος
3271 3592 3377 3664 γὰρ
3450 3590 3502 3645 ἐν
3569 3594 3751 3666 Κυρίῳ

2116 3680 2250 3752 μετὰ
2293 3683 2402 3733 τῶν
2456 3676 2725 3755 ἀδελφῶν,
2760 3679 2941 3754 ὥσπερ
2995 3681 3092 3747 τήν
3145 3677 3233 3733 διὰ
3273 3680 3523 3752 σώματος
3580 3680 3749 3753 παρά-

2111 3790 2290 3822 στασιν
2321 3773 2515 3836 ποιεῖς,
2548 3770 2636 3822 καὶ
2666 3769 2765 3835 τήν
2799 3766 2888 3822 διὰ
2916 3766 3165 3843 γλώττης
3205 3766 3533 3841 ψαλμῳδίαν
3578 3790 3751 3844 προσ-

2111 3857 2287 3933 φέρεις
2344 3856 2515 3927 αὐτῷ,
2566 3856 2737 3917 οὕτως
2793 3852 2887 3931 ἔχε
2942 3857 3031 3910 καὶ
3088 3857 3178 3909 τὸν
3231 3860 3354 3909 νοῦν
3405 3857 3748 3929 προσέχοντα

2106 3952 2223 4007 τοῖς
2255 3946 2443 4020 λόγοις
2476 3944 2565 3998 καὶ
2594 3949 2671 4015 τῷ
2722 3948 2859 4015 Θεῷ,
2890 3943 2980 3998 καὶ
3040 3941 3221 3997 εἰδότα
3277 3944 3383 3997 τίνι
3441 3941 3746 4019 διαλέγεται

2106 4036 2193 4091 xui
2243 4034 2568 4109 ἐντυγχάνει.
2604 4034 2852 4094 Εὐτόνως
2900 4034 3001 4106 γὰρ
3050 4035 3137 4087 καὶ
3190 4037 3436 4106 καθαρῶς
3480 4040 3581 4102 τῆς
3629 4032 3743 4087 δια-

2104 4128 2253 4188 νοίας
2283 4130 2351 4198 τῇ
2394 4127 2675 4199 προσευχῇ
2727 4121 3128 4197 σχολαζούσης,
3160 4128 3332 4197 χαρᾶς
3389 4123 3744 4199 ἀναφαιρέτου

2103 4218 2191 4271 καὶ
2225 4216 2446 4289 εἶ’ρήνης
2480 4211 2851 4282 ἁνεκλαλήτου
2910 4216 3254 4285 καταξιοῦται
3285 4216 3317 4281 ἡ
3350 4210 3561 4287 καρδία.
3598 4214 3745 4267 Κατὰ

354 4299 520 4375 μόνας
584 4303 640 4357 δὲ
699 4306 851 4367 αὖθις
906 4304 957 4357 ἐν
1007 4309 1085 4375 τῷ
1144 4302 1279 4374 οἷ’κῳ
1335 4302 1855 4377 προσεδρεύων,τῆς
1907 4306 2042 4359 κατὰ
2095 4302 2331 4358 διάνοιαν
2390 4306 2702 4376 προσευχῆς
2750 4298 2937 4375 ἐξέχου
2972 4320 2985 4333 ο
3016 4303 3244 4378 νήφοντι
3273 4304 3352 4372 τῷ
3383 4305 3460 4371 νῷ
3488 4299 3576 4354 καὶ
3609 4321 3741 4354 συν-

349 4392 701 4468 τετριμμένῳ
757 4391 1044 4463 πνεύματι,
1073 4393 1161 4446 καὶ
1214 4393 1413 4465 Οεωρία
1469 4390 1762 4447 ἐπιπιᾶσει
1823 4415 1905 4446 σοι
1961 4391 2049 4447 διὰ
2102 4394 2341 4464 νήψεως,
2385 4390 2472 4444 καὶ
2533 4393 2731 4463 γνῶσις
2783 4391 3188 4460 κατασκηνώσει
3247 4388 3299 4443 ἐν
3358 4388 3443 4442 σοὶ
3500 4385 3590 4443 διὰ
3642 4395 3741 4457 τῆς

349 4481 708 4552 κατανύξεως,
742 4482 838 4549 τήν
873 4480 1068 4555 ἄλογον
1102 4479 1301 4550 ἡδονὴν
1338 4480 1669 4555 ἐξορίζουσα,
1699 4482 1786 4535 καὶ
1817 4484 1914 4551 τὴν
1944 4482 2086 4545 θείαν
2122 4481 2334 4555 ἀγάπην
2370 4480 2749 4547 είσοικίζουσα.

422 4572 659 4626 Conﬁde
695 4570 838 4625 mihi
872 4587 1068 4625 verum
1106 4572 1350 4627 dicenti:
1384 4572 1429 4625 si
1462 4572 1520 4625 in
1555 4572 1826 4626 omnibus
1861 4590 1993 4643 ope-
2026 4589 2071 4652 D

353 4660 518 4715 ribus
548 4659 665 4714 tuis
698 4660 971 4714 comitem
998 4660 1390 4731 assumpseris
1412 4661 1694 4714 bonorum
1722 4665 1987 4725 matrem,

347 4749 668 4803 orationem
702 4747 990 4816 videlicet,
1021 4767 1134 4804 non
1168 4748 1511 4804 dormiveris
1533 4750 1672 4803 dum
1706 4766 1987 4819 sponsum

346 4836 833 4891 demonstraverit
879 4836 1006 4901 tibi,
1055 4842 1109 4890 te
1150 4837 1531 4891 introduxerit
1572 4830 1988 4909 repleveritque

347 4940 447 4979 cor
500 4928 668 4977 tuum
724 4923 906 4993 gloria
957 4923 1237 4977 indicibili
1306 4929 1362 4978 et
1430 4924 1649 4980 laetitia.
1702 4925 1987 4980 Omnibus

345 5012 499 5067 enim
553 5012 989 5081 impedimentis
1054 5013 1361 5084 ademptis,
1427 5015 1694 5068 semitam
1750 5015 1986 5069 virtutis

348 5101 583 5172 planam
614 5099 825 5167 reddit,
858 5106 914 5153 et
946 5101 1222 5170 quaerenti
1259 5100 1483 5155 facilem
1519 5107 1770 5171 prestat.

421 5190 651 5243 Modum
712 5205 944 5258 quoque
1001 5189 1278 5243 orationis
1331 5189 1600 5244 mentalis
1659 5190 1983 5245 considera.

350 5278 622 5331 Instituta
688 5276 1046 5331 conversatio
1114 5276 1262 5331 tollit
1320 5278 1607 5348 passionis
1661 5279 1986 5333 difﬂuentia

347 5365 560 5433 verba;
596 5365 805 5419 mentis
838 5366 905 5418 ad
941 5371 1121 5419 Deum
1151 5367 1448 5421 conversio
1481 5366 1625 5433 fugit
1663 5366 1857 5421 smculi
1890 5384 1984 5421 co-

347 5453 699 5526 gitationes;
731 5454 938 5510 animas
969 5453 1241 5510 contritio
1282 5454 1491 5510 refellit
1534 5455 1818 5511 amicitias
1858 5472 1983 5512 car-

422 5650 468 5685 ¹⁰
496 5648 649 5706 Psal.
683 5666 735 5722 ιι,
769 5651 855 5707 19.

2176 4568 2465 4626 ΙΙίστευσόν
2504 4588 2597 4639 μοι
2636 4568 2734 4634 τὴν
2786 4568 3043 4637 ἀλήθειαν
3096 4568 3315 4644 λέγοντι
3352 4589 3364 4603 ·
3401 4569 3447 4624 εί
3497 4570 3547 4625 ἐν
3600 4569 3737 4644 πάσῃ

2100 4680 2194 4712 σου
2249 4662 2317 4729 τῇ
2367 4656 2591 4731 ἐργασίᾳ
2646 4656 2955 4729 ἀχώριστον
3013 4653 3148 4727 ’έξεις
3205 4660 3305 4727 τήν
3370 4660 3579 4734 μητέρα
3628 4663 3734 4714 τῶν

2097 4748 2303 4815 καΑῶν,
2344 4747 2439 4814 τὴν
2500 4746 2836 4820 προσευχὴν,
2898 4745 2957 4799 οὐ
2999 4745 3263 4817 νυστάξει,
3319 4745 3425 4809 ἕως
3484 4746 3729 4819 ὑποδείξῃ

2098 4858 2184 4891 σοι
2211 4838 2301 4891 τὸν
2328 4839 2619 4912 Δνυμφῶνα,
2653 4836 2741 4888 καὶ
2774 4831 2920 4888 ἔνδον
2956 4837 3131 4909 ἀγάγῃ
3180 4857 3258 4905 σε,
3291 4837 3379 4891 καὶ
3429 4834 3589 4907 δόξης
3649 4835 3735 4912 ἆῤ·

2098 4925 2266 5001 ῥήτου
2323 4924 2411 4977 καὶ
2469 4922 2799 4999 εὐφροσύνης
2856 4922 3125 4998 πληρώσῃ
3185 4945 3262 4991 σε,
3322 4923 3532 4993 ἐπειδὴ,
3565 4924 3736 4980 πάντα

2094 5016 2159 5068 τὰ
2213 5010 2513 5083 κωλύματα
2569 5010 2940 5087 περιαίρουσα,
2997 5014 3097 5081 τήν
3150 5008 3337 5087 τρίϐον
3386 5021 3486 5083 τῆς
3542 5013 3737 5088 ἀρετῆς

2096 5101 2369 5174 ὁμαλίζει,
2402 5100 2490 5154 xui
2522 5100 2723 5174 εὐχερῆ
2752 5103 2830 5169 τῷ
2865 5104 3113 5169 ζητοῦντι
3144 5100 3449 5171 καθίστησι.

2166 5190 2269 5245 Καὶ
2303 5184 2401 5260 ὅρα
2432 5189 2521 5241 τὸν
2552 5188 2755 5263 τρόπον
2785 5194 2883 5250 τῆς
2923 5188 3058 5242 κατᾶ
3107 5188 3345 5244 διάνοιαν
3394 5196 3730 5265 προσευχῆς.

2093 5281 2154 5333 Ἡ
2188 5275 2419 5351 διαλογὴ
2454 5276 2662 5349 ἀναιρεῖ
2702 5276 2827 5337 τοὺς
2885 5275 3146 5349 ἐμπαθεῖς
3197 5275 3497 5352 λογισμούς
3528 5298 3540 5310 ·
3572 5280 3606 5346 ἡ
3637 5280 3732 5332 τοῦ

2092 5372 2187 5423 νοῦ
2218 5367 2351 5439 πρὸς
2385 5366 2473 5419 τὸν
2504 5364 2630 5419 Θεὸν
2681 5366 2969 5433 ἀποσκοπή
3030 5363 3317 5442 φυγαδεύει
3373 5367 3467 5428 τὰς
3529 5364 3731 5426 ἐννοίας

2090 5460 2186 5510 τοῦ
2215 5454 2425 5527 κόσμου
2459 5472 2471 5486 ·
2507 5455 2541 5522 ἡ
2570 5449 2851 5523 κατάνυξις
2884 5460 2982 5523 τῆς
3016 5457 3199 5529 ψυχῆς
3230 5456 3329 5523 τὴν
3389 5454 3573 5533 φιλίαν
3630 5460 3729 5522 τῆς

4103 2866 4121 3043 i

4106 3051 4120 3241 ἴ
