4154 6286
331 367 437 422 393

1258 365 1354 418 DE
1394 361 1842 418 ABSCONDITA
1879 359 2334 415 OPERATIONE
2373 361 2449 414 IN
2487 358 2818 416 CHRISTO.

3626 359 3735 416 394

333 489 534 564 σαρκὸς
592 481 878 541 ἀποσοϐεῖ*
945 485 1032 539 καὶ
1090 486 1276 558 ὁρᾶται
1333 487 1368 552 ἡ
1426 482 1708 558 προσευχή
1784 479 1844 534 ἐκ
1887 483 1984 534 τοῦ

2098 481 2224 550 nis;
2257 480 2440 536 oratio
2470 482 2871 540 indesinenter
2899 484 3120 555 profert
3147 501 3358 542 nomen
3396 485 3520 555 Dei,
3551 490 3608 541 et
3636 500 3736 540 ex-

338 575 689 652 ὑπαγορεύειν
749 575 1021 648 ἀσιγήτως
1096 574 1155 626 τὸ
1215 577 1356 636 θεῖον
1438 570 1651 643 ὄνομα,
1701 567 1982 645 συμφωνίο

331 666 420 720 καὶ
449 662 646 724 ἓνωσις
676 669 793 730 νοῦ,
826 662 917 716 καὶ
950 661 1142 734 λόγου,
1190 660 1279 714 καὶ
1329 663 1542 733 ψυχῆς.
1586 681 1614 709 ιι
1643 659 1821 713 ’Όπου
1856 656 1982 730 γὰρ,

335 752 522 831 φησὶν,
585 750 689 805 εἰσὶ
746 748 857 803 δύω
897 747 935 818 ἤ
981 754 1128 822 τρεῖς
1184 747 1234 801 ἐν
1287 752 1366 818 τῷ
1417 744 1641 819 ὀνόματί
1699 767 1823 818 μου,
1877 744 1986 798 ἰκεῖ

336 843 450 916 εἶμι
483 841 536 895 ἐν
579 840 727 912 μέσῳ
773 837 973 908 αὐτῶν,
1018 861 1047 888 ››
1098 836 1284 897 Οὕτως
1330 835 1418 889 οὗν
1469 837 1504 903 ἡ
1553 834 1834 908 προσευχή
1884 835 1985 896 τὰς

335 938 438 1000 τῆς
477 933 661 1002 ψυχῆς
713 925 964 998 δυνάμεις
1021 925 1126 979 ἀπὸ
1171 928 1266 978 τοῦ
1315 921 1677 997 διαμερισμοῦ
1725 926 1830 975 τῶν
1881 941 1982 974 πα-

338 1023 440 1074 Θῶν
476 1014 916 1088 ἀνακαλουμένη,
964 1013 1054 1068 καὶ
1097 1013 1234 1087 πρὸς
1279 1011 1552 1082 ἀλλήλας,
1601 1010 1690 1064 καὶ
1719 1010 1856 1084 πρὸς
1888 1008 1982 1062 αὖ·

339 1110 434 1176 τήν
465 1105 754 1162 συνδεουσα
782 1106 878 1172 τὴν
919 1110 1151 1178 τριμερῆ
1202 1103 1411 1175 ψυχὴν,
1441 1106 1518 1172 τῷ
1549 1101 1600 1154 ἐν
1639 1100 1813 1174 τρισὶν
1851 1099 1978 1152 ὑπο-

341 1196 580 1251 στάσεσιν
631 1194 706 1248 ἑνὶ
761 1196 876 1263 Θεῷ
926 1191 1140 1245 οἰκεισῖ·
1192 1194 1408 1265 πρῶτον
1452 1189 1552 1263 γὰρ
1603 1185 1690 1241 διὰ
1737 1192 1843 1241 τῶν
1884 1189 1981 1255 τῆς

344 1287 535 1360 ἀρετῆς
558 1282 798 1357 τρόπων,
829 1280 891 1334 τὸ
943 1282 1039 1347 τῆς
1089 1277 1356 1353 ἁμαρτίας
1405 1276 1597 1351 αἶσχος
1644 1275 1702 1330 ἐκ
1747 1277 1843 1345 τῆς
1875 1277 1980 1346 ψυ-

344 1381 450 1448 χῆς
478 1371 796 1441 ἀποξέσασα,
845 1369 957 1422 εἶτα
982 1369 1045 1422 τὸ
1087 1366 1292 1427 κάλλος
1339 1371 1447 1420 τῶν
1498 1365 1653 1428 θείων
1701 1364 1979 1438 χαρακτή-

340 1484 448 1538 ρων
498 1459 588 1514 διὰ
631 1465 732 1527 τῆς
778 1458 895 1520 καθ’
927 1456 1119 1524 ἑαυτὴν
1169 1454 1317 1530 ἁγίας
1363 1453 1613 1528 γοώσεως
1662 1452 1978 1525 ἀναζωγρα-

338 1554 574 1628 φήσασα,
627 1545 920 1621 παρίστησι
975 1546 1074 1612 τὴν
1133 1545 1318 1617 ψυχὴν
1366 1547 1445 1614 τῷ
1503 1547 1639 1613 Θεῷ.
1684 1543 1746 1595 Ἦ
1787 1538 1844 1594 δὲ
1887 1540 1979 1593 a6-

334 1639 458 1693 τίκα
485 1637 741 1713 γινώσκει
763 1635 855 1689 τὸν
901 1634 1098 1701 ἑαυτῆς
1143 1633 1416 1701 Ηοιητήν.
1477 1651 1498 1680 ε
1531 1632 1617 1686 Ἐν
1709 1630 1836 1704 γὰρ,
1871 1650 1974 1704 φη-

335 1728 438 1795 σίν,
488 1724 672 1798 ἡμέρᾳ
726 1720 1119 1794 ἒπικαλεσομαί
1177 1740 1253 1788 σε,
1312 1717 1428 1773 ἴδοὺ
1488 1717 1653 1793 ἔγνων
1714 1719 1797 1772 ὅτι
1845 1718 1974 1777 Θεὸς

338 1836 443 1888 μου
478 1816 526 1869 εῖ
579 1813 718 1869 σύ.»
778 1811 881 1867 Καὶ
938 1811 1261 1884 γινώσκεται
1313 1809 1399 1862 ὑπ’
1459 1808 1642 1862 αὑτοῦ.
1708 1830 1735 1858 ‹‹
1789 1809 1972 1880 Ἐγνω

336 1905 462 1978 γιῖιρ²
494 1901 683 1980 φησὶν,
715 1901 744 1954 ὁ
775 1900 975 1972 Κύριος
1021 1897 1149 1961 τοὺς
1205 1893 1362 1959 ὄντας
1417 1897 1599 1950 αὐτοῦ.
1637 1919 1665 1945 ››
1722 1895 1982 1948 Γινώσκει

341 1977 430 2045 διὰ
467 1977 550 2057 τὸ,
601 1988 834 2059 καθαρὸν
885 1994 986 2056 τῆς
1044 1984 1273 2053 εἰκόνοζ·
1333 1990 1479 2038 πᾶσα
1530 1985 1632 2058 γὰρ
1676 1983 1831 2037 εἰκὼν
1892 1977 1978 2035 ἐπὶ

337 2080 402 2134 τὸ
442 2077 798 2152 πρωτύτυπον
857 2073 971 2129 ἔχει
1021 2075 1120 2142 τὴν
1175 2073 1462 2150 ἀναφοράν·
1521 2072 1843 2146 γινώσκεται
1895 2067 1984 2124 διὰ

339 2169 438 2235 τήν
485 2166 625 2220 κατᾶ
679 2164 774 2226 τὰς
832 2163 1019 2238 ἀρετάς
1079 2161 1367 2234 ὁμοίωσιν,
1419 2158 1486 2214 δι’
1543 2161 1616 2214 ὧν
1649 2159 1738 2214 καὶ
1788 2163 1983 2233 γνῶσιν

329 2252 453 2330 ἔχει
512 2257 672 2324 Οεοῦ,
725 2251 817 2306 καὶ
874 2253 976 2306 ὑπὸ
1032 2254 1166 2304 Θεοῦ
1221 2250 1562 2323 γινώσκεται.
1615 2249 1675 2304 Ὁ
1725 2244 1979 2319 δεόμενος

323 2348 519 2418 τυχεῖν
572 2341 866 2416 βασιλιχῆς
921 2338 1233 2411 εὐμενείας,
1281 2336 1548 2413 τριπλοῦν
1602 2334 1979 2410 μεταχειρίζε-

323 2454 421 2487 ται
463 2429 754 2507 τρόπον’ἢ
814 2434 1019 2506 φωναῖς
1065 2425 1337 2494 ἱκετεύων,
1396 2427 1432 2494 ἢ
1491 2430 1656 2498 σιγῶν
1712 2423 1976 2500 παρίστα-

319 2543 468 2588 ται,
526 2520 563 2588 ἢ
621 2519 726 2591 πρὸ
783 2515 962 2572 ποδῶν
1015 2520 1111 2570 τοῦ
1160 2513 1456 2586 δυναμένου
1517 2515 1734 2588 βοηθεῖν
1793 2512 1975 2568 ἑαυτὸν

320 2607 662 2685 ἐπιῤῥίπτει.
708 2606 809 2663 Καὶ
857 2609 892 2675 ἡ
936 2605 1144 2678 καθαρά
1191 2604 1509 2676 προσευχὴ,
1559 2600 1819 2670 νοῦν,καὶ
1876 2598 1976 2654 λό-

325 2720 451 2775 γον,
501 2697 592 2752 καὶ
641 2700 850 2768 πνεῦμα
904 2695 1040 2770 πρὸς
1084 2693 1277 2760 ἑαυτὴν
1326 2692 1686 2746 συνάπτουσα.
1737 2687 1826 2743 διὰ
1881 2689 1973 2760 μὶν

323 2792 427 2844 τοῦ
475 2786 666 2861 λόγου,
719 2785 781 2838 τὸ
829 2783 1021 2855 δνομα,
1075 2781 1162 2836 διὰ
1211 2779 1268 2835 δὲ
1295 2785 1395 2834 τοῦ
1443 2784 1558 2846 νοῦ,
1604 2783 1684 2850 τῷ
1733 2799 1976 2853 παρακαο

329 2875 586 2948 λουμὲνῳ
635 2873 751 2944 Θεῴ
799 2871 1017 2939 ἀτενίζει
1065 2865 1441 2944 ἀρεμϐάστως,
1477 2865 1565 2921 διὰ
1606 2864 1662 2922 δὲ
1690 2871 1786 2921 τοῦ
1816 2865 1974 2920 πνεύ-

339 2986 504 3038 ματος
575 2964 675 3031 τὴν
736 2959 1056 3031 κατάνυξιν,
1123 2960 1222 3026 τὴν
1280 2957 1602 3010 ταπείνωσιν
1639 2998 1654 3024 ,
1712 2956 1800 3010 καὶ
1875 2955 1973 3022 τήν

330 3055 544 3129 ἀγάπην
613 3049 933 3129 ἐμφανίζει,
980 3048 1070 3102 καὶ
1119 3045 1260 3100 οὕτω
1308 3044 1544 3100 δυσωπεῖ
1590 3046 1689 3113 τήν
1739 3042 1975 3118 ἄναρχον

329 3141 562 3220 Τριαδα,
616 3141 711 3196 τὸν
766 3139 1007 3210 Πατέρα,
1063 3136 1152 3191 καὶ
1207 3137 1299 3191 τὸν
1356 3136 1503 3205 Υἱὸν,
1562 3134 1653 3189 καὶ
1709 3135 1772 3188 τὸ
1821 3135 1970 3208 ἅγιον

327 3209 571 3305 Πνεῦμα,
602 3231 692 3285 τὸν
723 3226 817 3284 ἕνα
847 3209 994 3283 Θεῗόν.
2001 3209 2042 3273 C

402 3324 603 3392 ’Ὠσπερ
645 3321 680 3389 ἠ
737 3314 987 3372 ποικιλία
1036 3319 1141 3368 τῶν
1201 3311 1510 3384 ἐδεσμάτων
1573 3309 1820 3387 διεγείρει
1869 3313 1968 3380 τήν

330 3410 505 3486 δρεξιν
538 3409 612 3470 είς
647 3404 950 3479 μετάληψιν
1000 3403 1198 3468 αὐτῶν,
1243 3402 1419 3464 οὕτως
1462 3402 1516 3454 αἱ
1567 3397 1815 3477 διάφοροι
1861 3405 1968 3454 τῶν

333 3501 538 3574 ἀρετῶν
571 3491 707 3551 ἰδέαι
736 3496 834 3564 τὴν
880 3491 1183 3568 ἐντρὲχειαν
1231 3495 1327 3545 τοῦ
1365 3493 1460 3544 νοῦ
1489 3488 1843 3560 ἐξυπνίζουσι.
1876 3489 1973 3542 Διά

329 3593 494 3644 τοῦτο
523 3587 624 3654 τὴν
672 3582 796 3639 ὁδὸν
841 3590 943 3652 τῆς
986 3579 1222 3641 διανοίας
1267 3576 1489 3648 ὁδεόων,
1517 3579 1584 3633 τὰ
1631 3578 1847 3654 ῥήματα
1875 3583 1974 3645 τῆς

331 3677 507 3745 εὐχῆς
552 3672 835 3747 ἀναλέγου·
895 3670 985 3724 καὶ
1043 3666 1296 3745 διαλέγου
1334 3672 1412 3739 τῷ
1455 3666 1634 3742 Κυρίῳ
1674 3665 1752 3720 ἀεὶ
1806 3667 1972 3740 βοῶν,

331 3766 424 3821 καὶ
461 3765 536 3837 μή
573 3763 834 3817 ἐκκακῶν·
884 3758 1059 3813 πυκνά
1107 3755 1380 3830 δεόμενος,
1429 3755 1516 3809 καὶ
1562 3757 1661 3824 τὴν
1712 3752 1978 3809 ἀναίδειαν

337 3852 684 3928 μιμούμενος
709 3856 810 3919 τῆς
839 3847 930 3902 τὸν
978 3843 1290 3918 ἀμείλικτον
1340 3845 1532 3918 κριτὴν
1579 3841 1976 3913 δυσωπησάσης

338 3946 522 4018 χήρας
555 3984 567 3997 .
625 3939 761 3996 Τότε
816 3937 1080 4009 πνεύματι
1131 3939 1442 4009 περιπατεῖς
1477 3975 1492 4001 ,
1549 3933 1638 3987 καὶ
1698 3938 1976 4006 σαρκικαῖς

337 4030 654 4103 ἐπιθυμίαις
714 4027 774 4083 ού
828 4028 1155 4102 προσέχεις,
1211 4023 1300 4076 καὶ
1359 4022 1646 4096 λογισμοῖς
1697 4027 1982 4094 κοσμικοῖς

339 4119 404 4175 ού
466 4117 768 4191 διατέμνεις
819 4123 918 4184 τῆς
976 4115 1149 4188 εὐχῆς
1200 4113 1300 4179 τὴν
1360 4107 1661 4185 συνέχειαν.
1720 4111 1867 4172 Ναὸς
1925 4108 1983 4164 δὲ

339 4213 479 4265 Θεοῦ
554 4204 916 4283 χρηματίζεις
949 4246 964 4272 ,
1034 4199 1446 4275 ἀπερισπάστως
1526 4201 1615 4254 τὸν
1703 4200 1831 4253 Θεὸν
1900 4197 1984 4270 ἐξ-

335 4301 549 4370 υμνῶν.
583 4294 741 4352 Οῧκω
779 4301 916 4347 κατα
965 4290 1202 4352 διάνοιαν
1245 4289 1564 4363 εὐχόμενος,
1616 4289 1851 4357 ἀξιοῦσαι
1896 4287 1985 4342 καὶ

334 4387 414 4448 είς
452 4386 673 4458 μνήμην
708 4386 841 4437 Θεοῦ
886 4375 1206 4449 διαϐαίνειν,
1237 4378 1325 4432 καὶ
1374 4376 1428 4432 ἐν
1457 4382 1574 4438 τοῖς
1623 4374 1838 4438 ἀδύτοις
1888 4380 1984 4431 τοῦ

333 4479 433 4530 νοῦ
482 4469 699 4528 εἰσιέναι
735 4515 750 4540 ,
813 4469 904 4524 καὶ
967 4472 1250 4541 μυστικαῖς
1307 4467 1556 4541 θεωρίαις
1609 4466 1700 4521 τὸν
1753 4465 1983 4540 ἀύρατον

338 4561 716 4632 κατοπτεύειν,
772 4559 862 4614 καὶ
901 4560 1224 4633 γνωςτικαῖς
1280 4553 1544 4628 ἐνιαίως,1
1562 4553 1651 4608 καὶ
1711 4555 1987 4627 ἀγαπητι-
2019 4558 2067 4620 D

340 4658 466 4713 καῖς
513 4649 786 4725 ἐπιχύσεσι,
834 4647 995 4721 μόνος
1032 4649 1112 4717 τῷ
1157 4648 1272 4712 Θεῷ
1309 4642 1459 4717 μόνῳ
1505 4642 1812 4716 καταμόνας
1864 4640 1983 4696 λει-

339 4744 614 4814 τουργῶν.

416 4830 580 4886 Ὀταν
625 4823 719 4880 οῦν
756 4822 872 4898 ἴδῃς
917 4820 1133 4878 σεαυτὸν
1178 4820 1563 4896 χαυνοώμενον
1616 4819 1666 4874 ἐν
1716 4822 1783 4892 τῇ
1825 4818 1988 4893 εὐχῇ,

348 4914 566 4994 βιϐλίον
625 4914 1030 4989 μεταχειρίζου,
1067 4912 1155 4966 καὶ
1212 4915 1282 4983 τῇ
1334 4909 1629 4983 ἀναγνώσει
1675 4926 1987 4994 προσεχων,

341 4993 444 5072 τὴν
494 5006 691 5076 γνῶσιν
735 4997 1006 5074 εἷσδέχου,
1057 4997 1131 5070 μὴ
1165 4993 1570 5072 παροδευτικῶς
1618 4993 1745 5056 τοὺς
1789 4994 1988 5070 λόγους

348 5090 732 5166 διερχόμενος,
767 5086 1127 5157 διανοητικῶς
1161 5081 1218 5139 δὲ
1257 5084 1484 5145 τούτους
1525 5080 1991 5155 διασκοπούμενος

348 5180 439 5237 καὶ
486 5180 576 5234 τὸν
628 5183 750 5234 νοῦν
807 5177 1166 5252 θησαυρίζων.
1218 5174 1348 5228 Εἶτα
1382 5171 1615 5246 μελὲτην
1669 5177 1829 5227 ποιοῦ
1884 5176 1991 5225 τῶν

351 5268 806 5344 ἀναγνωσθέντων
854 5265 946 5321 ’ίνα
1008 5263 1368 5340 γλυκαίνηταί
1423 5282 1518 5316 σου
1574 5264 1610 5331 ἡ
1669 5259 1882 5316 διάνοια
1939 5261 1996 5314 ἐκ

347 5365 452 5427 τῆς
535 5357 958 5426 κατανοήσεως,
1043 5353 1134 5408 καὶ
1215 5349 1552 5420 ἀνεπίληστα
1627 5347 1853 5424 διαμένῃ
1930 5350 1998 5404 τὰ

353 5445 750 5521 ἀναγνώσματα
783 5487 798 5512 ,
877 5443 1156 5506 κάντεῦθεν
1253 5438 1695 5516 προσανάπτηταί
1782 5460 1878 5493 σου
1959 5442 1994 5508 ἡ

424 5643 466 5680 ¹¹
497 5639 704 5698 Matth.
737 5654 899 5710 xvm,
929 5638 1018 5693 20.
1087 5637 1144 5706 _“
1175 5635 1327 5691 Psal.
1361 5651 1450 5706 LV,
1485 5634 1572 5690 10.

642 5757 914 5816 Panos.
963 5754 1069 5813 Ga.
1117 5750 1381 5813 CXLIII.

2090 569 2227 626 inde
2260 572 2529 642 quaedam
2559 573 2626 627 fit
2648 571 2786 628 unio
2818 578 2993 642 atque
3013 574 3366 630 concertatio
3395 575 3551 630 inter
3569 591 3734 631 men-

2090 663 2229 730 tem,
2263 661 2623 716 intellectum
2655 667 2713 717 et
2743 664 3058 734 spiritum:
3092 686 3120 714 ‹‹
3151 665 3255 722 Ubi
3304 665 3481 733 enim,
3513 664 3732 736 inquit,

2092 749 2206 802 duo
2246 748 2334 803 vel
2367 753 2484 804 tres
2533 752 2867 822 congregati
2899 756 3041 808 sunt
3069 753 3129 807 in
3179 754 3416 809 nomine
3465 770 3614 823 meo,
3647 753 3730 808 ibi

2091 851 2223 890 sum
2254 835 2313 890 in
2346 837 2536 892 medio
2558 854 2761 894 eorum
2791 842 2856 893 11.
2878 861 2907 888 ››
2937 841 3023 895 Ita
3042 857 3108 897 ex
3129 841 3469 912 passionum
3491 841 3728 914 divaga-

2089 925 2245 979 tione
2277 924 2584 981 facultates
2617 928 2826 982 animas
2850 934 3077 984 revocat
3109 932 3315 998 oratio,
3341 930 3549 986 deinde
3574 947 3735 987 coor-

2090 1013 2254 1066 dinat
2300 1011 2451 1078 illas,
2489 1014 2957 1088 lripartitamque
2990 1017 3250 1072 animam
3299 1019 3624 1074 coordunat
3656 1020 3726 1075 ad

2089 1100 2275 1154 instar
2293 1101 2470 1156 trium
2494 1119 2874 1173 personarum
2900 1104 2959 1159 in
2985 1122 3098 1160 uno
3117 1110 3230 1161 Deo
3253 1106 3728 1162 subsistentium.

2089 1189 2314 1243 Etenim
2349 1207 2449 1261 per
2478 1191 2708 1247 virtutis
2740 1195 2945 1249 modos
2975 1211 3043 1248 ex
3071 1194 3269 1249 anima
3312 1195 3465 1250 radit
3511 1199 3734 1266 peccati

2086 1277 2542 1344 deformitatem,
2565 1279 2854 1351 imprimit
2875 1286 3069 1337 autem
3095 1283 3320 1337 divinos
3341 1283 3729 1353 characteres;

2087 1370 2322 1436 propter
2367 1372 2633 1422 sanctam
2670 1370 3082 1441 cogitationem
3115 1371 3409 1427 internam
3441 1377 3498 1428 et
3544 1374 3728 1428 refor-

2086 1458 2303 1508 matam
2333 1455 2589 1510 animam
2631 1462 2943 1527 praesentat
2972 1459 3109 1514 Deo.
3156 1461 3363 1516 Anima
3391 1476 3525 1516 vero
3556 1477 3732 1517 suum

2084 1543 2280 1597 statim
2313 1546 2581 1614 agnoscit
2605 1547 2926 1617 Factorem,
2957 1547 3127 1604 sicuti
3150 1550 3435 1620 scriptum
3458 1554 3582 1605 est:
3623 1571 3650 1603 α
3670 1551 3730 1606 In

2083 1645 2200 1700 qua
2230 1630 2323 1686 die
2344 1631 2680 1688 invocaveru
2703 1639 2779 1704 te,
2803 1651 2936 1692 ecce
2959 1637 3203 1708 cognovi
3227 1636 3366 1708 quia
3385 1643 3541 1694 Deus
3563 1655 3734 1700 meus

2083 1734 2144 1773 es
2175 1723 2237 1773 tu
2271 1721 2334 1774 ι’.
2371 1742 2397 1770 ››
2428 1721 2581 1778 Deus
2613 1740 2845 1794 quoque
2877 1725 3136 1780 animam
3181 1726 3450 1798 agnoscit
3478 1745 3491 1783 :
3527 1747 3549 1776 ι
3581 1729 3731 1784 Suos

2086 1807 2242 1862 enim
2268 1810 2458 1865 noscit
2486 1811 2809 1880 Dominus;
2856 1835 2876 1862 υ
2914 1813 3174 1886 agnoscit
3203 1815 3440 1885 quidem
3496 1820 3732 1888 propter

2095 1895 2370 1968 imaginis
2401 1899 2736 1970 puritatem,
2769 1903 2906 1972 quia
2935 1902 3124 1959 omnis
3153 1903 3348 1975 imago
3378 1904 3734 1961 lineamenta

2096 1986 2268 2040 refert
2299 2003 2328 2039 e
2355 1993 2658 2059 prototypo
2686 2007 2699 2056 ;
2732 1992 2998 2060 agnoscit
3026 2008 3258 2061 quoque
3289 1997 3529 2064 propter
3553 1994 3733 2049 virtu-

2097 2077 2219 2127 tum
2251 2074 2717 2144 similitudinem,
2752 2093 2856 2148 per
2885 2094 3032 2148 quas
3058 2081 3116 2133 et
3146 2083 3324 2134 Deum
3355 2079 3546 2135 noscit
3575 2086 3631 2136 et
3660 2081 3732 2136 ab

2093 2161 2220 2230 ipso
2254 2163 2536 2218 noscitur.
2569 2163 2678 2226 Qui
2710 2164 2863 2236 regis
2894 2167 3146 2222 favorem
3180 2167 3292 2223 sibi
3314 2169 3626 2224 conciliare
3649 2170 3736 2223 in-

2091 2250 2296 2317 tendit,
2325 2253 2396 2305 ad
2429 2257 2546 2306 tres
2576 2253 2781 2308 modos
2813 2256 3126 2326 confugere
3152 2261 3354 2326 potes:
3388 2257 3506 2312 sive
3535 2258 3730 2314 verbis

2090 2345 2457 2408 apprecatur,
2490 2341 2609 2395 sive
2639 2341 2820 2398 silens
2838 2349 3010 2414 astat,
3035 2343 3154 2400 sive
3186 2345 3256 2400 ad
3281 2346 3457 2416 pedes
3484 2346 3644 2402 illius
3666 2364 3731 2403 se

2088 2427 2319 2497 projicit
2348 2429 2449 2498 qui
2472 2430 2718 2499 juvandi
2743 2431 3079 2487 facultatem
3115 2433 3397 2504 possidet.
3429 2435 3578 2490 Pura
3599 2452 3731 2492 ora-

2087 2517 2166 2570 tio
2216 2522 2491 2583 mentem,
2550 2520 2790 2574 verbum
2832 2525 2889 2576 et
2936 2521 3204 2592 spiritum
3245 2522 3506 2594 colligit:
3555 2527 3727 2580 verbo

2085 2603 2304 2673 profert
2332 2621 2566 2673 nomen,
2593 2613 2785 2663 mente
2808 2609 3058 2665 attendit
3075 2610 3336 2666 invocato
3359 2611 3497 2676 Deo,
3522 2617 3579 2667 et
3609 2613 3727 2684 spi-

2087 2691 2199 2745 ritu
2233 2691 2392 2747 elicit
2424 2699 2589 2749 actus
2620 2696 3012 2766 contritionis,
3059 2697 3410 2754 bumilitalis
3441 2706 3500 2755 et
3533 2700 3722 2756 chari-

2083 2781 2259 2834 tatis:
2311 2781 2698 2853 contritionis,
2746 2784 3094 2841 humilitatis
3125 2791 3182 2842 et
3229 2787 3573 2856 charitatis;
3609 2789 3719 2846 hoc

2084 2867 2256 2922 modo
2304 2869 2648 2925 Trinitatem
2681 2877 2988 2928 veneratur
3035 2880 3340 2942 aeternam,
3371 2881 3624 2942 Patrem,
3671 2884 3728 2934 et

2081 2954 2294 3011 Filium
2321 2958 2672 3029 etSpiritum
2698 2967 2991 3034 sanctum,
3016 2980 3202 3020 unum
3225 2963 3497 3022 videlicet
3517 2970 3725 3023 Deum.

2147 3308 2419 3364 Ciborum
2452 3311 2699 3366 varietas
2731 3313 2802 3366 ad
2836 3314 3234 3384 sumptionem
3275 3315 3522 3383 inducit,
3557 3317 3640 3373 sic
3669 3321 3729 3373 et

2077 3396 2317 3451 diversae
2340 3397 2862 3470 virtutumspeoies
2884 3402 3099 3458 mentis
3120 3402 3419 3460 solertiam
3443 3405 3718 3462 excitant.

2079 3487 2435 3555 Itaquedum
2460 3487 2771 3543 mentalem
2797 3488 2944 3544 viam
2960 3492 3212 3563 perﬁcis,
3237 3494 3518 3551 orationis
3539 3497 3717 3551 verba

2080 3574 2359 3643 revolvas,
2391 3576 2460 3630 ad
2490 3575 2800 3632 Dominum
2833 3578 3048 3634 clames
3076 3596 3309 3653 semper
3337 3591 3392 3638 et
3421 3601 3538 3640 non
3571 3585 3716 3640 deﬁ-

2083 3663 2224 3731 cias,
2276 3662 2654 3733 postulationi
2702 3666 2885 3722 instes
2916 3672 2972 3722 et
3009 3667 3446 3740 improbitatem
3498 3673 3715 3729 referas

2081 3751 2272 3805 viduae
2294 3767 2421 3821 quae
2443 3751 2658 3806 durum
2691 3755 2916 3810 adierat
2940 3757 3221 3825 judicem.
3256 3759 3419 3816 Tunc
3451 3762 3721 3818 ambulas

2084 3839 2144 3894 in
2198 3839 2426 3910 spiritu,
2460 3839 2793 3897 carnalibus
2860 3843 3164 3902 desideriis
3210 3864 3324 3903 non
3370 3849 3617 3906 inservis
3666 3856 3724 3907 et

2089 3927 2468 3999 proﬂuentem
2499 3928 2819 3984 orationem
2853 3947 2967 3986 non
2991 3932 3248 3989 dissecas
3271 3937 3725 4007 cogitationibus

2089 4016 2326 4084 saeculi;
2360 4017 2648 4088 templum
2685 4019 2871 4073 factus
2902 4037 2965 4074 es
2995 4020 3094 4075 Dei
3128 4027 3186 4076 et
3217 4023 3398 4079 Deum
3429 4041 3565 4081 voce
3596 4027 3727 4082 lau-

2090 4105 2196 4160 das
2216 4104 2573 4160 incessabili.
2606 4105 2661 4158 Si
2689 4122 2756 4160 eo
2791 4108 2963 4162 modo
2987 4125 3119 4164 oras
3138 4110 3194 4164 in
3221 4118 3434 4180 mente,
3461 4115 3730 4171 adveniet

2093 4199 2156 4248 ut
2188 4194 2258 4248 ad
2291 4193 2391 4248 Dei
2425 4195 2761 4249 memoriam
2795 4197 3163 4263 conducaris,
3195 4198 3253 4253 in
3303 4201 3545 4272 spiritus
3578 4203 3732 4259 inte-

2093 4282 2250 4337 riora
2305 4287 2595 4354 penetres,
2657 4284 2726 4339 ad
2772 4285 3050 4356 mysticae
3106 4287 3380 4359 visiones,
3425 4292 3496 4346 ad
3543 4292 3729 4349 Deum

2095 4371 2598 4440 inaccessibilem;
2632 4373 2692 4428 in
2724 4374 3212 4433 considerationis
3245 4383 3301 4432 et
3331 4381 3546 4436 amoris
3593 4383 3734 4438 etfu-

2096 4460 2362 4517 sionibus
2392 4467 2457 4517 tu
2488 4461 2651 4518 solus
2681 4479 2814 4519 cum
2844 4463 2967 4520 solo
2997 4464 3114 4521 Deo
3146 4467 3545 4540 conjungaris.

2167 4817 2311 4872 Cum
2344 4819 2400 4870 te
2445 4815 2505 4870 in
2536 4815 2796 4871 oratione
2837 4817 3208 4889 divagantem
3255 4822 3732 4894 deprehenderis,

2099 4910 2404 4975 assumpto
2452 4903 2672 4975 libello,
2712 4905 2945 4961 lectioni
2976 4910 3266 4978 attendas,
3299 4912 3498 4967 sensui
3537 4913 3734 4969 adhae-

2101 5011 2249 5061 reas,
2294 4998 2352 5048 et
2382 5010 2496 5049 non
2545 4995 2902 5051 transeundo
2954 5013 3261 5068 percurras
3317 5001 3644 5070 materiam,
3679 5008 3740 5060 at

2101 5081 2264 5136 illam
2298 5087 2490 5138 mente
2520 5083 2853 5139 consideres
2883 5088 2939 5139 et
2967 5085 3414 5159 intelligentiam
3458 5096 3620 5146 tuam
3650 5091 3738 5147 lo-

2103 5170 2486 5242 cupletiorem
2539 5171 2784 5228 efﬁcias.
2836 5171 3042 5228 Postea
3091 5176 3524 5233 meditationem
3571 5179 3740 5235 insti-

2105 5265 2238 5316 tuas
2259 5260 2411 5315 circa
2431 5277 2522 5315 res
2545 5259 2851 5331 perlectas,
2874 5261 2957 5318 ita
2973 5266 3031 5317 et
3052 5263 3122 5318 de
3146 5265 3411 5320 materiis
3429 5281 3592 5322 mens
3610 5267 3742 5322 dul-

2106 5353 2299 5404 cescat
2323 5353 2379 5405 et
2406 5349 2694 5405 memoria
2723 5351 2954 5418 easdem
2982 5366 3215 5423 semper
3235 5352 3504 5411 retineat.
3529 5355 3744 5412 Exinde

2105 5441 2244 5492 tuus
2293 5438 2629 5494 exardescet
2677 5437 2868 5494 fervor
2894 5437 2954 5494 in
3004 5439 3218 5497 divinis
3266 5441 3744 5517 cogitationibus,

3394 5751 3469 5809 13
