4154 6286
434 345 542 400 395

1557 349 1959 406 THEOLEPTI
1995 347 2707 403 PHILADELPHIENSIS.

3721 351 3829 408 396

431 470 586 525 sicut
632 468 915 540 scriptum
967 472 1095 525 est:
1130 492 1157 520 «
1192 470 1255 525 In
1312 471 1631 527 meditione
1680 487 1807 526 mea
1854 484 2057 526 accen-

2180 464 2352 539 θὲρμη
2402 465 2453 521 ἐν
2504 471 2623 528 τοῖς
2672 465 2834 530 θείοις
2887 465 3237 541 διανοήμασι.
3287 492 3315 521 ‹‹
3365 470 3454 526 ’Ev
3503 473 3571 544 τῇ
3625 470 3825 548 μελέτῃ

429 559 599 612 detur
625 557 781 629 ignis
813 559 875 611 ιδ.
910 580 937 608 ››
970 558 1075 624 Qui
1108 558 1383 615 dentibus
1412 564 1687 615 tenuatur
1711 559 1899 627 cibus,
1927 574 2064 628 gus-

428 651 553 702 tum
586 648 853 714 delectat,
881 648 1113 719 eloquia
1132 666 1264 705 vero
1288 650 1503 717 divina,
1528 668 1653 721 quis
1678 650 1749 705 ab
1773 650 1968 703 anima
1989 652 2068 701 te-

430 742 662 804 runtur,
689 738 962 808 saginant
991 738 1248 794 animam
1281 744 1338 794 et
1368 739 1571 794 laetitia
1601 738 1961 810 perfundunt
1993 753 2006 791 :
2034 757 2062 785 «

433 826 616 889 Quam
651 825 842 880 dulcia
872 830 1013 881 sunt
1040 827 1306 881 faucibus
1340 830 1486 883 meis
1516 827 1747 897 eloquia
1786 830 1887 880 tua
1918 827 1963 859 “
1991 823 2002 877 l
2037 844 2065 873 ››

431 913 774 984 Evangelica
793 915 966 969 verba
994 920 1051 969 et
1070 920 1406 971 sanctorum
1433 917 1668 971 Patrum
1708 912 2065 985 apophtheg-

434 1007 589 1057 mata
623 1003 692 1056 ad
725 1019 824 1058 cor
854 1008 1020 1057 tuum
1053 1021 1337 1075 apponas,
1361 1004 1623 1074 ipsorum
1648 1018 1881 1075 quoque
1906 1000 2069 1054 Vitas

432 1090 835 1160 perscruteris,
872 1095 937 1145 ut
982 1091 1039 1144 in
1076 1091 1347 1147 noctibus
1392 1092 1510 1146 tuis
1542 1091 1705 1146 illam
1752 1085 2069 1145 meditandi

432 1178 736 1234 materiam
769 1178 1059 1235 insumas.

498 1355 915 1411 Remissiorem
948 1360 1202 1411 mentem
1231 1358 1289 1411 in
1323 1357 1587 1413 oratione
1613 1355 1802 1412 reficis
1823 1353 2072 1410 lectione

425 1448 483 1497 et
515 1444 895 1498 meditatione
926 1443 1256 1499 divinorum
1292 1445 1692 1515 Eloquiorum,
1725 1444 1843 1498 imo
1884 1442 2068 1512 aptio-

425 1545 545 1584 rem
582 1545 888 1599 comparas
919 1530 989 1584 ad
1016 1532 1377 1602 precandum
1397 1531 1445 1585 si
1468 1532 1537 1585 ad
1563 1530 1777 1586 oralem
1815 1528 2068 1600 psalmo-

424 1618 580 1673 diam
636 1634 948 1686 recurras;
1006 1624 1265 1674 attamen
1316 1618 1635 1689 tranquilla
1666 1626 1863 1673 cantes
1915 1632 2070 1687 voce,

425 1708 678 1761 cantatis
711 1708 976 1763 attendas
1005 1709 1217 1773 verbis,
1253 1711 1311 1762 et
1343 1708 1489 1763 nihil
1517 1707 1923 1779 praetermittas
1957 1704 2071 1760 nisi

426 1793 807 1850 intellexeris.
840 1796 897 1848 Si
952 1797 1187 1867 quando
1238 1795 1594 1851 aberraverit
1645 1795 1911 1860 attentio,
1943 1809 2072 1848 ver-
2106 1825 2150 1888 Β

424 1898 555 1937 sum
587 1883 760 1938 toties
792 1900 1059 1939 resumes
1088 1883 1318 1956 quoties
1353 1884 1528 1939 fuerit
1570 1883 1970 1938 necessarium
2007 1884 2072 1935 ut

423 1971 666 2041 spiritus
715 1988 955 2027 sensum
1001 1972 1309 2027 verborum
1367 1972 1784 2041 subsequatur.
1846 1969 2065 2041 Spiritu

422 2058 579 2115 enim
613 2064 669 2114 et
699 2076 796 2114 ore
827 2064 990 2130 pates
1022 2059 1272 2131 psallere
1304 2065 1361 2115 et
1391 2060 1571 2115 simul
1602 2060 1701 2115 Dei
1734 2058 2023 2114 recordari
2052 2076 2065 2125 ;

421 2148 575 2218 quod
607 2152 664 2202 et
692 2148 1049 2219 experientia
1080 2148 1424 2220 quotidiana
1454 2149 1673 2203 edocet.
1708 2149 1765 2202 Si
1788 2163 1959 2218 quem
1994 2148 2065 2202 ad

417 2235 917 2291 confabulandum
973 2237 1171 2306 adeas,
1231 2252 1364 2291 cum
1416 2235 1515 2290 illo
1573 2236 1833 2306 loqueris
1880 2240 1938 2290 et
1995 2235 2066 2289 ad

419 2323 588 2378 illum
621 2324 912 2380 convertis
953 2323 1191 2379 oculos:
1228 2325 1308 2379 ita
1339 2328 1396 2379 et
1425 2323 1600 2379 labiis
1649 2327 1883 2379 cantare
1911 2327 2067 2378 vales

419 2416 477 2468 et
509 2412 791 2469 memoria
820 2417 874 2468 te
908 2414 982 2469 ad
1011 2418 1193 2469 Deum
1227 2417 1576 2469 convertere.

493 2676 762 2732 Genuum
793 2676 1071 2732 ﬂexiones
1101 2676 1221 2732 noli
1252 2676 1717 2748 praetermittere.
1752 2674 1981 2730 Etenim
2014 2673 2064 2728 si

422 2781 575 2837 genu
608 2765 853 2832 ﬂexeris,
888 2765 1204 2837 imaginem
1239 2766 1461 2836 profers
1492 2765 1712 2836 peccati
1743 2763 2065 2819 decidentis

424 2857 482 2908 et
511 2852 860 2909 allusionem
888 2854 1274 2910 confessionis
1306 2854 1525 2920 habes;
1559 2870 1692 2908 eum
1737 2857 1931 2907 autem
1966 2868 2064 2906 as-

426 2957 658 3012 surgas,
690 2942 905 2997 mentis
954 2943 1391 2998 conversionem
1425 2941 1649 2997 indicas
1680 2948 1737 2996 et
1766 2941 1938 2995 vitam
1984 2940 2062 2994 si-

423 3027 689 3098 gniﬁcas,
721 3044 849 3099 quae
881 3029 949 3082 ad
983 3029 1253 3083 virtutem
1288 3029 1504 3083 redeat.
1538 3027 1686 3082 Dum
1719 3024 2063 3095 genuﬂexio-

423 3130 551 3169 nem
579 3115 829 3186 perficis,
850 3117 1024 3171 corde
1045 3121 1144 3170 tuo
1168 3116 1369 3170 invoca
1387 3114 1677 3169 Chrislum
1702 3114 2015 3168 Dominum
2042 3130 2054 3181 ;

2180 574 2285 625 μου
2339 556 2462 629 γὰρ,
2513 556 2693 628 φησὶν,
2746 554 3136 626 ἐκκαυθήσεται
3193 561 3319 615 πῦρ.
3386 582 3411 609 η
3468 560 3556 620 Ὡς
3612 560 3715 635 γὰρ
3767 562 3830 616 τὸ

2180 643 2376 716 βρῶμα
2434 640 2619 711 ἡδύνει
2671 644 2770 711 τὴν
2802 648 2980 718 γεῦσιν
3033 644 3137 698 ὑπὸ
3182 649 3288 699 τῶν
3339 643 3573 701 ὀδόντων
3627 646 3829 703 λεπτυ-

2176 730 2443 802 νόμενον,
2531 730 2673 785 οὕτω
2728 731 2794 785 τὰ
2854 736 2969 795 θεῖα
3040 730 3204 806 λόγια
3259 734 3592 808 στρεφόμενα
3651 734 3705 789 ἐν
3758 740 3826 808 τῇ

2176 821 2352 892 ψυχῇ,
2404 818 2604 873 πιαίνει
2660 820 2759 889 τήν
2819 817 3058 873 διάνοιαν
3104 822 3192 874 καὶ
3245 823 3643 899 κατευφραίνει.
3677 848 3705 875 ‹‹
3738 826 3826 887 Ὠς

2177 906 2381 980 γλυκέα
2406 907 2531 982 γὰρ,
2567 907 2722 985 φησὶ,
2759 912 2838 979 τῷ
2870 906 3101 983 λάρυγγί
3152 929 3255 981 μου
3302 912 3368 963 τὰ
3412 908 3578 985 λόγιά
3621 932 3716 966 σου
3751 914 3763 969 l
3801 936 3827 962 »

2178 996 2541 1064 Ἀποστήθιζε
2587 994 2676 1049 καὶ
2724 993 2921 1070 λόγους
2966 994 3372 1071 εὐαγγελικοὺς,
3422 999 3508 1053 καὶ
3559 1004 3665 1053 τῶν
3723 1021 3829 1072 μα·
3880 1066 3891 1073 η

2178 1082 2378 1156 καρίων
2434 1083 2686 1158 Ιιατέρων
2734 1083 3168 1160 ἀποφθεγματα,
3229 1084 3319 1139 καὶ
3361 1084 3487 1147 τοὺς
3536 1086 3687 1160 βίους
3733 1088 3831 1142 αὗ-

2176 1174 2284 1224 τῶν
2335 1170 2605 1245 ἀνίχνευε,
2648 1168 2740 1224 ’ἱνα
2787 1165 2917 1241 ἔχῃς
2965 1176 3131 1226 ταῦτα
3182 1169 3466 1246 μελέτημα
3494 1172 3545 1228 ἐν
3581 1180 3701 1237 ταῖς
3739 1197 3829 1230 νυ·-

2179 1258 2278 1328 ξίν.

2249 1348 2434 1409 Ὅπως
2459 1347 2560 1416 τὴν
2593 1344 2832 1401 διάνοιαν
2878 1346 2935 1401 ἐκ
2973 1354 3072 1417 τῆς
3126 1347 3294 1418 εὐχῆς
3345 1347 3710 1420 ἁκηδιάσασαν
3760 1356 3826 1425 τῇ

2178 1436 2473 1508 ἀναγνώσει
2519 1437 2607 1489 καὶ
2645 1439 2713 1508 τῇ
2770 1435 2967 1509 μελέτῃ
3004 1441 3109 1490 τῶν
3162 1437 3316 1491 Θείων
3376 1436 3558 1513 λόγων
3609 1441 3829 1493 ἀνακαι-

2177 1523 2346 1597 νίζῃς,
2405 1524 2494 1577 καὶ
2554 1523 2968 1599 ἐννρεχεστὲραν
3022 1525 3431 1599 παρασκευάζῇς
3489 1527 3568 1588 εἴς
3599 1548 3827 1602 προσευ-

2180 1613 2311 1685 χὴν,
2367 1612 2467 1680 τὴν
2530 1609 2617 1665 διὰ
2675 1607 2942 1684 στόματος
2998 1610 3326 1686 ψαλμῳδίαν
3385 1613 3612 1670 ἐκτέλει*
3675 1614 3822 1685 πλὴν

2177 1698 2365 1773 ἡσύχφ
2396 1700 2535 1753 πάνυ
2566 1704 2745 1777 φωνῇ,
2784 1701 2870 1754 καὶ
2909 1700 3043 1773 μετᾶ
3090 1698 3402 1764 ἐπιστασίας
3448 1707 3546 1757 τοῦ
3586 1708 3699 1773 νοῦ,
3750 1727 3824 1776 μη

2177 1787 2506 1861 ἀνεχόμενος
2564 1785 2884 1858 ἀδιανοητόν
2958 1809 3007 1842 τι
3062 1792 3169 1842 τῶν
3234 1787 3547 1863 λεγομὲνων
3599 1792 3823 1846 καταλι-

2176 1880 2318 1929 πεῖν.
2351 1874 2504 1929 Ἀλλ’
2547 1873 2599 1928 εἷ’
2625 1876 2755 1929 ποτε
2784 1897 2834 1929 τι
2883 1874 3156 1949 ὃιαὸράσει
3203 1876 3294 1931 τὸν
3346 1882 3489 1948 νοῦν,
3524 1876 3829 1934 ἐπανάλαϐε

2175 1961 2263 2014 τὸν
2299 1962 2511 2036 στίχον,
2556 1962 2738 2024 ὁσάκις
2787 1964 2878 2017 καὶ
2926 1965 3154 2037 γίνεται,
3209 1966 3405 2039 μέχρις
3450 1964 3510 2019 ἂν
3557 1966 3647 2021 τὸν
3696 1968 3821 2020 νοῦν

2176 2046 2646 2111 ἐπακολουθοῦντα
2699 2046 2817 2123 ἓξῃς
2855 2057 2972 2112 τοῖς
3002 2050 3342 2125 λεγομένοις,
3395 2054 3593 2128 Ἰσχόει
3645 2054 3751 2129 γὰρ
3798 2055 3825 2108 6

2175 2140 2305 2198 νοῦς
2335 2137 2425 2190 καὶ
2456 2135 2685 2210 ψάλλειν
2723 2143 2800 2209 τῷ
2848 2138 3095 2211 στόματι,
3143 2142 3230 2194 καὶ
3284 2145 3417 2195 Θεοῦ
3465 2163 3823 2214 μνημονευειν

2176 2225 2273 2277 Καὶ
2294 2229 2453 2279 τοῦτο
2484 2224 2856 2299 καταμάνθανε
2914 2227 2973 2281 ἐκ
3026 2235 3125 2296 τῆς
3182 2236 3411 2305 φυσικῆς
3464 2230 3674 2304 πείρας.
3734 2232 3823 2292 Ὠς

2173 2313 2274 2386 γὰρ
2335 2313 2362 2366 6
2422 2316 2798 2389 συντυγχάνων
2856 2315 2985 2382 τινὶ,
3031 2315 3120 2369 καὶ
3178 2313 3586 2391 διαλεγόμενος,
3646 2317 3825 2391 τούτῳ

2174 2400 2261 2454 καὶ
2318 2402 2578 2475 προσέχει
2635 2406 2750 2463 τοῖς
2817 2401 3147 2479 ὀφθαλμοῖς,
3201 2402 3344 2458 οὕτω
3401 2406 3490 2459 καὶ
3546 2407 3573 2459 6
3627 2405 3819 2479 ψάλων

2172 2487 2408 2560 χείλεσι,
2440 2489 2528 2543 καὶ
2559 2494 2673 2562 Θεῷ
2715 2488 3028 2560 ἐνατενίζειν
3089 2488 3179 2545 διὰ
3223 2499 3323 2562 τῆς
3386 2495 3615 2567 μνήμης
3662 2492 3821 2549 δύνα-

2175 2597 2283 2631 ται.

2245 2663 2468 2728 Κλίσεις
2523 2665 2761 2740 γονάτων
2824 2667 2901 2737 μὴ
2957 2672 3244 2742 παραιτοῦ.
3305 2670 3398 2723 Ἐκ
3450 2670 3667 2745 μὲνγὰρ
3725 2676 3823 2726 τοῦ

2172 2753 2299 2825 γόνυ
2370 2751 2574 2808 κλίνειν
2634 2756 2668 2823 ἡ
2719 2758 2922 2816 πτῶσις
2977 2762 3077 2825 τῆς
3135 2758 3401 2831 ἁμαρτίας
3476 2757 3821 2833 εἰκονίζεται,

2170 2836 2398 2917 ἔμφασιν
2459 2841 2852 2918 ἐξαγορεύσεως
2902 2847 3290 2919 παρεχομένη’
3355 2846 3414 2902 ἐκ
3461 2844 3517 2902 δὶ
3572 2853 3669 2903 τοῦ
3728 2849 3816 2904 ἆν-

2174 2930 2456 2998 ίστασθαι,
2529 2933 2563 2999 ἡ
2625 2933 2881 3002 μετάνοια
2940 2933 3419 3005 ὑποσημαίνεται,
3489 2936 3813 3012 ἐπαγγελίαν

2174 3020 2293 3093 βίου
2323 3023 2417 3073 τοῦ
2448 3021 2562 3073 κατ’
2619 3018 2813 3095 ἀρετὴν
2873 3020 3243 3094 αἰνιττομένη.
3298 3022 3528 3093 Ἑκάστη
3564 3022 3620 3079 δὲ
3649 3047 3816 3100 γονυ-

2169 3106 2352 3161 κλισία
2395 3106 2655 3162 τελείσθω
2699 3108 2830 3181 μετὰ
2876 3116 2977 3179 τῆς
3025 3115 3213 3185 νοερᾶς
3262 3116 3360 3166 τοῦ
3409 3113 3644 3187 Χριστοῦ
3693 3115 3814 3168 ἐπι-

423 3219 539 3273 quo
582 3204 737 3259 enim
772 3205 943 3259 modo
994 3205 1191 3259 anima
1233 3206 1291 3257 et
1335 3219 1575 3274 corpore
1629 3202 1876 3274 procidit
1924 3207 2057 3258 ante

2174 3198 2433 3265 κλήσεως,
2463 3194 2547 3250 ’ίνα
2597 3200 2749 3271 ψυχῇ
2800 3198 2887 3251 καὶ
2938 3195 3150 3270 σώματι
3200 3178 3557 3274 προσπίπτων
3608 3207 3683 3273 τῷ
3706 3207 3818 3259 Κυ-

420 3296 630 3359 Deum,
662 3291 747 3346 ita
787 3291 1118 3346 animarum
1173 3306 1601 3362 corporumque
1634 3291 1910 3346 factorem
1962 3290 2069 3344 tibi

425 3394 731 3449 comparas
762 3380 1082 3451 benignum
1106 3383 1280 3450 atque
1302 3378 1667 3449 placabilem.
1691 3380 1744 3433 Si
1776 3379 2068 3448 quodnam

427 3466 699 3523 manuale
721 3484 868 3539 opus
890 3468 1112 3539 absque
1134 3470 1360 3541 fragore
1380 3468 1923 3539 conjunxerasjcum
1937 3484 2067 3523 ora-

427 3555 609 3623 tione,
640 3556 721 3611 ita
752 3560 818 3611 ut
845 3574 1117 3612 somnum
1150 3557 1317 3628 fuges
1349 3555 1774 3625 remissionem,
1799 3557 1976 3611 robur
1996 3556 2065 3611 ad

428 3644 742 3700 asceticam
793 3662 1048 3717 pugnam
1081 3646 1352 3701 assumis.
1387 3648 1597 3699 Omnes
1628 3646 1784 3699 enim
1816 3649 2063 3700 externae

429 3733 944 3804 operationes,quae
966 3750 1097 3788 cum
1117 3733 1377 3789 oratione
1399 3738 1926 3805 pergunt,mentem
1944 3748 2066 3787 ace-

428 3825 579 3887 rant,
627 3821 935 3877 sublevant
981 3822 1402 3893 fatigationem,
1453 3821 1712 3876 animam
1762 3825 2059 3886 renovant,

425 3909 703 3980 spiritum
734 3915 1077 3983 comparant
1101 3913 1459 3983 sagaciorem
1494 3914 1551 3964 et
1581 3910 1974 3974 fervidiorem,
2007 3913 2063 3965 et

424 3999 625 4055 omnia
653 4000 725 4055 ad
758 3999 1073 4056 mentalem
1105 4000 1497 4072 operationem
1529 3999 1869 4070 disponunt.

492 4176 671 4248 Ligno
702 4176 937 4249 signum
970 4176 1360 4248 perfragante,
1395 4175 1542 4232 cella
1572 4180 1672 4231 tua
1701 4192 1892 4247 exeas,
1923 4193 2057 4232 ocu-

417 4265 492 4320 lis
519 4265 779 4337 corporis
807 4270 1021 4321 terram
1057 4264 1331 4336 aspicias,
1383 4268 1576 4318 mente
1603 4269 1798 4319 autem
1842 4270 1899 4319 et
1928 4282 2052 4320 me-

417 4353 603 4411 moria
633 4354 914 4410 ascendas
936 4354 1003 4407 ad
1030 4354 1234 4408 Deum.
1260 4351 1400 4405 Cum
1426 4351 1712 4422 templum
1747 4352 2052 4424 ingressus

415 4441 683 4500 fueriset
713 4442 1044 4514 perveneris
1076 4441 1147 4495 ad
1180 4440 1447 4509 chorum,
1481 4440 1599 4494 noli
1629 4456 1761 4495 cum
1786 4443 2052 4496 adstante

2179 3283 2299 3355 ρίῳ,
2330 3286 2422 3338 τὸν
2452 3289 2559 3339 τῶν
2591 3288 2781 3359 ψυχῶν
2812 3286 2901 3339 καὶ
2933 3286 3198 3358 σωμάτων
3241 3289 3368 3342 Θεὸν
3419 3286 3813 3345 εὐδιάλλακτον

2175 3371 2463 3446 ἀπεργάσῃ.
2514 3372 2577 3427 Εἰ
2632 3370 2688 3427 δὲ
2718 3373 2808 3427 καὶ
2840 3370 2992 3449 ἔργον
3052 3371 3314 3449 ἀθόρυϐον
3346 3382 3463 3441 ταῖς
3492 3378 3648 3452 χερσὶ
3680 3401 3816 3454 παρ-

2173 3458 2305 3531 έξεις
2367 3461 2498 3532 μετὰ
2548 3468 2647 3529 τῆς
2706 3463 2840 3516 κατὰ
2914 3460 3151 3517 διάνοιαν
3206 3472 3556 3539 προσευχῆς,
3619 3465 3697 3529 εἷς
3752 3468 3815 3522 τό

2173 3548 2569 3622 ἀποκρούεσθαι
2626 3549 2786 3603 ὕπνον
2844 3550 2933 3604 καὶ
2995 3551 3253 3625 ῥᾳθυμίαν
3287 3597 3300 3621 ,
3360 3554 3449 3607 καὶ
3504 3558 3662 3608 τοῦτο
3718 3558 3812 3611 τὸν

2173 3637 2457 3706 ἀσκητικὸν
2519 3638 2701 3713 ἀγῶνα
2756 3646 3069 3714 συγκροτεῖ.
3126 3643 3298 3697 Πᾶσαι
3352 3641 3453 3717 γὰρ
3511 3644 3565 3696 αἱ
3621 3641 3812 3712 δηλω-

2171 3725 2342 3778 θεῖσαι
2392 3725 2635 3801 ἐργασίαι
2698 3729 2811 3800 μετ’
2867 3729 3037 3803 εὺχῆς
3091 3730 3379 3802 ἆνυόμεναι
3434 3732 3683 3786 άκονοῦσι
3714 3733 3807 3788 τὸν

2167 3816 2315 3884 νοῦν,
2373 3812 2596 3885 ἀκηδίαν
2656 3815 3023 3887 ἰξορίζουσιν,
3077 3820 3409 3894 νεαρωτὲραν
3462 3821 3558 3889 τήν
3618 3824 3805 3897 ψυχὴν

2166 3905 2667 3976 παρασκευάζουσι,
2728 3906 2814 3959 καὶ
2891 3905 3135 3981 ὀξύτερον
3191 3908 3279 3961 καὶ
3336 3909 3660 3984 θερμότερον
3709 3912 3802 3965 τὸν

2164 3994 2287 4044 νοῦν
2346 3990 2421 4053 εἷς
2470 3994 2568 4061 τήν
2627 3994 2761 4049 κατὰ
2813 3992 3050 4049 διάνοιαν
3109 3994 3356 4072 ἐργασίαν
3412 3996 3803 4073 ἆασχολεῖσθαι

2162 4098 2404 4137 ποιουσι.

2233 4166 2575 4242 Κρούσαντος
2605 4173 2699 4225 τοῦ
2732 4168 2915 4241 ξύλου,
2948 4171 3226 4248 προέρχου
3279 4180 3379 4240 τῆς
3424 4173 3651 4245 κέλλης,
3682 4182 3801 4239 τοῖς

2163 4254 2257 4326 μὲν
2287 4254 2592 4331 ὀφθαλμοῖς
2622 4262 2716 4313 τοῦ
2747 4257 2997 4332 σώματος
3026 4264 3093 4335 τῇ
3126 4265 3195 4336 γῇ
3240 4263 3548 4337 προσέχων.
3600 4266 3698 4333 τήν
3744 4262 3803 4320 δὲ

2160 4339 2395 4398 διάνοιαν
2426 4348 2492 4410 τῇ
2522 4350 2618 4399 τοῦ
2649 4351 2781 4401 Θεοῦ
2832 4350 3024 4422 μνήμῃ
3078 4348 3464 4425 προσερείδων.
3528 4350 3800 4408 Εἰσελθὼν

2158 4429 2208 4484 ἐν
2268 4435 2346 4503 τῷ
2399 4438 2533 4505 ναῷ,
2589 4435 2679 4489 καὶ
2735 4435 2826 4489 τὸν
2886 4438 3053 4510 χορὸν
3114 4444 3482 4513 συμπληρῶν,
3539 4443 3678 4513 μήτε
3732 4445 3805 4514 τῇ

415 4529 704 4585 monacho
766 4530 990 4601 ineptas
1050 4528 1262 4600 linguae
1310 4527 1698 4583 fabulationes
1743 4530 2046 4601 attingere,

2174 4518 2371 4593 (λώσσῃ
2400 4520 2691 4597 ἀργολόγει
2745 4524 2877 4596 μετὰ
2931 4529 3026 4579 τοῦ
3076 4524 3477 4595 πλησιάζοντος
3531 4534 3801 4603 μοναχοῦ,

414 4634 601 4689 neque
632 4616 839 4688 spiritu
874 4617 1177 4671 decurrere
1208 4617 1279 4671 ad
1310 4633 1492 4671 vanas
1524 4616 1953 4688 divagationes;
1989 4624 2049 4673 at

412 4705 674 4777 linguam
701 4706 870 4760 unice
884 4706 952 4760 ad
969 4705 1350 4776 psalmodiam
1376 4710 1679 4760 convertas
1697 4709 1752 4759 et
1774 4704 2044 4775 spiritum

410 4795 479 4849 ad
511 4795 850 4849 orationem.
883 4798 1029 4850 Cum
1062 4794 1243 4848 missa
1271 4794 1421 4849 facta
1453 4793 1643 4860 fuerit,
1679 4794 1748 4847 ad
1785 4794 2044 4848 mansio-

408 4898 541 4939 nem
572 4890 730 4938 luam
763 4883 964 4938 redeas
997 4886 1053 4938 et
1077 4898 1245 4937 vaces
1278 4883 1452 4937 rebus
1474 4882 1677 4954 regula
1709 4883 1965 4938 statutis.

473 5062 617 5117 Cum
648 5062 719 5115 ad
751 5075 1012 5115 mensam
1070 5059 1408 5119 accesseris.
1444 5059 1685 5113 fratrum
1739 5063 2038 5131 portiones

405 5152 523 5206 noli
571 5148 1018 5221 circumspicere
1050 5147 1258 5218 neque
1288 5146 1543 5201 animam
1584 5152 1738 5203 tuam
1781 5148 2038 5206 dividere

402 5242 554 5295 inter
576 5240 772 5294 minus
794 5238 1072 5292 honestas
1095 5235 1459 5306 suspiciones
1489 5253 1502 5303 ;
1528 5240 1617 5290 ast
1638 5253 1764 5307 quae
1780 5237 1881 5291 tibi
1907 5255 2037 5307 pro-

403 5328 590 5401 posita
621 5332 759 5382 sunt
788 5325 1058 5397 aspicias,
1102 5329 1158 5378 et
1188 5329 1394 5394 tangas
1432 5324 1596 5378 Tunc
1611 5324 1695 5377 ori
1718 5329 1818 5379 tuo
1840 5325 2032 5380 cibum

399 5417 702 5484 concedas,
745 5415 984 5469 auribus
1033 5417 1226 5466 autem
1276 5411 1542 5467 lectionis
1571 5412 1926 5469 auditionem
1980 5421 2036 5471 et

467 5616 512 5650 1³
539 5611 687 5667 Psal.
721 5626 958 5675 xxxvm,
992 5610 1042 5663 4.
1123 5611 1167 5645 ¹⁸
1199 5608 1349 5665 Psal.
1383 5626 1575 5679 cxvm,
1610 5611 1732 5664 103.

2159 4609 2296 4678 μήτε
2324 4613 2401 4662 τῶ
2458 4613 2535 4680 νῷ
2590 4612 2923 4684 μετεωρίζου
2983 4611 3057 4674 εἷς
3112 4613 3493 4684 ματαιότητας’
3556 4612 3701 4669 ἀλλὰ
3728 4620 3797 4688 τῇ

2157 4695 2249 4766 μὲν
2308 4695 2531 4771 γλώσσῃ
2580 4702 2647 4771 τῇ
2705 4698 3006 4773 ψαλμῳδίᾳ
3064 4701 3221 4775 μόνῃ,
3281 4708 3381 4769 τήν
3438 4700 3494 4777 δὲ
3551 4700 3793 4758 διάνοιαν

2152 4783 2445 4859 ἀσφαλίξου
2502 4789 2569 4859 τῇ
2627 4792 2928 4862 προσευχῇ.
2989 4788 3340 4853 Ἀπολύσεως
3408 4788 3793 4865 δεγενημένης,

2148 4871 2393 4947 ἀπέρχου
2425 4874 2557 4948 πρὸς
2611 4877 2699 4929 τὸν
2734 4875 2825 4929 σὺν
2874 4878 3046 4946 οἷκον,
3079 4878 3168 4931 καὶ
3197 4877 3291 4931 τοὺ
3342 4878 3673 4943 τυοωθέντος
3708 4903 3795 4936 σοι

2148 4959 2371 5022 κανόνος
2402 4962 2653 5036 ἐξάρχου,

2219 5048 2312 5112 Εἷς
2339 5050 2437 5117 τήν
2485 5052 2749 5126 τράπεζαν
2807 5053 2999 5122 ἀπιὼν,
3037 5056 3113 5126 μή
3172 5055 3488 5129 περισκόπει
3543 5056 3637 5117 τὰς
3690 5080 3791 5129 με-

2150 5133 2297 5209 ρίδας
2352 5142 2458 5191 τῶν
2509 5136 2777 5213 ἀδεκφῶν,
2835 5139 2974 5213 μηδὲ
3044 5142 3229 5218 μέριζε
3284 5145 3381 5212 τὴν
3452 5147 3639 5218 ψυχήν
3694 5167 3791 5200 σου

2152 5226 2432 5292 ὑπονοίαις
2481 5228 2541 5281 οὐ
2597 5229 2813 5291 καλαῖς.
2872 5231 2947 5285 Τὰ
3004 5235 3379 5307 παρακείμενα
3436 5232 3501 5288 δα
3556 5233 3787 5290 ἐνώπιόν

2146 5336 2243 5368 σου
2305 5313 2557 5390 βλέποων
2614 5319 2701 5371 καὶ
2757 5320 3081 5392 ἁπτόμενος,
3121 5326 3199 5393 τῷ
3261 5324 3354 5394 μὲι
3412 5322 3636 5395 στόματι
3690 5324 3788 5392 τήν

2143 5405 2375 5481 τροφήν,
2406 5410 2473 5479 τῇ
2509 5407 2644 5479 ἀκοῇ
2708 5404 2761 5461 δὲ
2815 5410 2911 5477 τὴν
2965 5409 3215 5485 ἀκρόασιν
3260 5415 3364 5464 τῶν
3424 5411 3787 5484 ἀναγινωσκο-
