4136 6292
294 352 398 411 397

1211 338 1307 392 DE
1341 335 1793 392 ABBCONDITA
1827 333 2285 389 OPBRATIONB
2324 336 2398 391 IN
2440 340 2766 394 CHRISTO.

3589 335 3694 391 398

303 475 508 551 μένων,
538 459 608 545 τῇ
666 467 724 523 δὲ
778 468 933 540 ψυχῇ
990 464 1101 551 τὴν.
1141 460 1452 551 προσευχὴν
1478 455 1661 551 δίδου,
1682 454 1779 551 ἵνα
1833 454 1939 551 σιξ)-

2056 457 2261 513 animm
2292 463 2614 518 orationem
2639 482 2653 533 ;
2686 464 2767 519 ita
2796 479 3035 535 corpore
3065 466 3122 519 et
3150 462 3359 535 spiritu
3389 460 3686 531 reficieris,

298 544 427 638 ματι
486 544 591 616 mi
623 555 893 628 πνεύματι
936 546 1289 628 τρεφόμενος,
1337 548 1663 638 ὁλοκλήρως
1688 544 1941 638 ⁸ἐξυμνῇς

294 633 389 709 τὸν
441 646 807 723 έμπιπλῶντα
885 641 938 695 έν
1019 639 1246 714 ἀγαθοῖς
1300 638 1399 705 τὴν
1478 633 1787 723 ἐπιθυμίᾳν,
1819 653 1935 686 σου,

294 722 535 800 Ἐκεῖθεν
564 733 816 799 ἀναστὰς,
852 729 987 802 μετὰ
1015 726 1346 799 σεμνότητος
1374 723 1464 777 καὶ
1503 728 1658 796 σιγῆς
1690 722 1939 797 εἷσέρχου

302 830 379 891 εἷς
406 829 470 883 τὸ
495 822 721 880 κελλίον
753 839 876 886 σου,
894 816 984 870 καὶ
1008 816 1080 876 ὡς
1105 812 1366 888 φιλεργὸς
1402 810 1628 885 μέλισσα
1658 809 1939 887 φιλοπόνει

301 919 401 979 τάς
430 913 644 991 ἀρετάς.

378 1041 546 1096 ’Ὀταν
606 1033 771 1106 ἀνύῃς
828 1024 1100 1084 διακονίαν
1182 1025 1315 1097 μετά
1380 1026 1487 1077 τῶν
1564 1019 1833 1097 ἀδελφῶν,
1890 1022 1944 1073 αἱ

309 1132 494 1205 χεῖρες
541 1120 963 1197 έργαζέσθωσαν,
994 1113 1268 1205 σ-ιωπάτω-
1295 1112 1361 1165 τὰ
1403 1108 1778 1205 χείληηιαὶ-ιὸ
1820 1112 1942 1205 νρῦς

312 1194 704 1291 μνημονευέτω
734 1210 870 1263 Θεοῦ
905 1224 918 1237 ο
950 1202 1038 1258 καὶ
1070 1200 1274 1291 εἷ’ᾉποτέ
1301 1220 1384 1260 τις
1406 1197 1674 1291 amnesin
1707 1194 1939 1291 ἀργολρ-

306 1286 445 1380 γεῖν,
494 1299 570 1361 εἷς
623 1295 888 1362 διακοπήν
941 1299 1041 1360 τῆς
1110 1287 1349 1380 ἀταξίας,
1400 1286 1743 1380 ἐγειρόμενος
1794 1286 1939 1380 ποί-ει

314 1375 615 1466 μετάνοιαν.
666 1380 978 1458 Λογισμοῦς
1028 1377 1356 1466 ἀποτρέπου,
1399 1377 1488 1430 καὶ
1672 1375 1942 1466 παραχώ-

303 1463 383 1555 ρει
412 1476 645 1537 τούτους
678 1472 981 1547 διατρέχειν
1006 1469 1106 1536 τὴν
1139 1463 1507 1555 καρδίαν,ῗκαὶ
1552 1463 1898 1555 ἐγχρονίζεινΔ
1923 1481 1937 1496 ·

302 1552 331 1624 ὃ
389 1564 691 1643 χρονισμὸς
745 1562 847 1636 γάρ
914 1562 1021 1613 τῶν
1081 1556 1337 1629 έμπαθῶν
1394 1554 1671 1629 λογισμῶν
1727 1552 1944 1643 τάρμὶν

298 1637 445 1723 πᾶὀῇ
481 1654 762 1722 ζωογονεῖ,
790 1650 882 1702 τὸν
913 1644 972 1701 δὲ
996 1650 1121 1701 νοῦν
1172 1649 1390 1709 θανατοῖ
1421 1663 1435 1677 ’
1467 1644 1612 1698 ἀλλά
1657 1637 1959 1717 προσϐάλ-’

303 1757 499 1799 Αοντας
559 1733 756 1795 αὐτοὺς
811 1730 1001 1786 αὐτίκα
1058 1728 1117 1784 ix
1170 1728 1505 1804 πρωτονοίας
1578 1726 1797 1802 ἐπείγου
1866 1728 1945 1796 τῷ

2047 554 2223 620 atque
2241 567 2309 604 ex
2340 552 2480 607 totis
2498 552 2726 607 viribus
2748 552 2868 607 tuis
2895 553 2979 606 illi
3000 551 3220 623 gratias
3252 550 3556 622 rependes,
3580 550 3685 621 qui

2046 638 2402 693 desiderium
2432 644 2597 694 tuum
2630 640 3048 711 adimpleverit.
3079 640 3137 694 Si
3172 655 3375 694 mensa
3416 639 3685 694 decesse-

2046 726 2147 792 ris,
2182 743 2311 781 cum
2344 728 2625 782 modestia
2672 733 2728 782 et
2757 727 2988 783 silentio
3019 728 3088 781 ad
3130 727 3337 783 cellam
3387 728 3591 782 redeas
3623 729 3683 781 et

2047 816 2118 868 ad
2142 815 2508 885 Operantium
2534 816 2729 887 apium
2754 815 3067 887 exemplar,
3093 832 3225 870 cum
3251 832 3476 871 amores
3496 816 3682 871 instes

2046 904 2382 960 virtutibus.

2118 1027 2261 1081 Cum
2314 1027 2707 1082 ministerium
2753 1027 2858 1081 tibi
2908 1045 3023 1082 una
3072 1044 3204 1083 cum
3257 1028 3531 1083 fratribus
3582 1030 3682 1082 ad-

2048 1114 2410 1185 implendum
2468 1119 2575 1181 est,
2636 1116 2777 1169 dum
2845 1132 3052 1170 manus
3111 1120 3447 1187 operantur,
3509 1115 3684 1170 sileas

2048 1202 2219 1258 labiis
2249 1210 2307 1257 et
2336 1204 2508 1258 corde
2538 1204 2745 1259 tendas
2775 1205 2846 1258 ad
2879 1204 3061 1259 Deum
3088 1223 3102 1271 ;
3137 1205 3184 1258 si
3217 1204 3349 1275 quis
3380 1204 3450 1257 ad
3482 1205 3683 1259 confa-

2046 1291 2404 1345 bulationem
2429 1296 2749 1347 moveatur.
2777 1290 2937 1346 illam
2962 1291 3131 1349 tollas
3172 1291 3684 1358 inordinationem,

2049 1396 2115 1434 eo
2163 1380 2313 1449 quod
2362 1395 2640 1449 assurgas
2692 1383 2750 1432 et
2798 1380 2975 1434 facias
3024 1380 3440 1450 paenitentiam.
3499 1380 3684 1435 Vanas

2049 1468 2262 1522 mentis
2281 1467 2721 1537 disquisitiones
2736 1472 2963 1523 avertas
2976 1473 3031 1522 et
3047 1468 3387 1539 neutiquam
3403 1470 3685 1524 concedas

2048 1560 2111 1610 ut
2140 1572 2239 1610 cor
2268 1560 2435 1610 tuum
2481 1555 2786 1609 incurrant
2811 1560 2867 1610 et
2896 1558 2954 1610 in
2981 1572 3047 1611 eo
3100 1560 3478 1621 remaneant;
3509 1556 3558 1612 si
3608 1558 3681 1611 ad

2014 1642 2281 1714 ‘tempus
2312 1643 2659 1697 diuturnum
2690 1644 3137 1715 permanserint,
3158 1649 3437 1715 generant
3468 1645 3685 1716 passio-

2051 1749 2152 1788 nes
2182 1736 2240 1787 et
2268 1732 2541 1786 occidunt
2571 1731 2848 1786 animam.
2883 1734 3087 1802 Itaque
3132 1748 3267 1787 cum
3300 1732 3683 1805 appulsantes

303 1826 454 1904 βέλει
527 1831 629 1893 τῆς
704 1826 1016 1894 προσευχῆς
1078 1818 1362 1904 ἀναιρεῖν.-
1399 1816 1459 1904 Ei
1520 1813 1577 1870 δὲ
1632 1815 1938 1904 έπιμένοιεν

2056 1819 2323 1885 senseris,
2358 1820 2553 1873 statim
2587 1819 2867 1873 orationis
2912 1821 3123 1888 sagitta
3168 1820 3489 1876 confodias.
3522 1822 3580 1877 Si
3612 1823 3684 1878 de

300 1898 609 1987 κρούοντες,
663 1906 755 1960 καὶ
813 1904 1135 1981 συγχέοντες
1187 1904 1285 1970 τὴν
1341 1899 1607 1966 διάνοιαν,
1663 1901 1749 1953 καὶ
1812 1898 1943 1951 ποτὶ

310 1985 405 2074 μέν
436 2000 883 2072 ὑποχωροῦντες,
911 1994 1045 2047 ποτὶ
1076 1989 1133 2045 δὶ
1162 1992 1549 2065 ἐπερχόμενοι,
1572 1987 1685 2053 ’ίσθι
1746 1987 1827 2043 ὅτι
1884 1985 1944 2041 ἐκ

305 2080 678 2161 προλαϐόντος
710 2078 1019 2149 θελήματός
1045 2078 1177 2131 εἰσιν
1218 2074 1606 2151 ὠχυρωμένοι.
1642 2074 1738 2127 Διά
1781 2076 1941 2128 τοῦτο

306 2177 489 2233 δίκαια
533 2173 753 2249 ἔχοντες
813 2171 887 2231 εἰς
944 2169 1043 2237 τὴν
1101 2169 1285 2242 ψυχὴν
1338 2165 1427 2221 διὰ
1469 2169 1568 2235 τὴν
1624 2168 1785 2233 ἧτταν
1842 2172 1941 2233 τῆς

304 2265 698 2339 προαιρέσεως,
727 2258 1047 2333 ταράττουσι
1086 2256 1178 2309 καὶ
1227 2253 1538 2328 ἐνοχλοῦσι.
1573 2260 1663 2309 Δεῖ
1705 2252 1795 2308 οὖν
1848 2254 1944 2307 αύ-

303 2336 432 2416 τοῦς
478 2336 811 2420 στηλιτεύειν
858 2344 947 2400 διὰ
988 2351 1090 2413 τῆς
1141 2343 1539 2417 έξαγορεύσεως
1571 2362 1584 2375 ·
1619 2336 1943 2415 θριαμϐευό-

308 2462 462 2515 μενοι
522 2439 625 2513 γὰρ
680 2438 732 2491 oi
780 2433 1011 2509 πονηροὶ
1076 2430 1358 2507 λογισμοὶ,
1417 2428 1822 2507 φυγαδεύονται.
1856 2430 1943 2489 Ὠς

300 2531 404 2605 γὰρ
438 2527 620 2605 φωτὸς
647 2525 933 2601 φαίνοντος
962 2520 1025 2575 τὸ
1076 2519 1266 2579 σκότος
1329 2520 1629 2593 ὑποχωρεῖ,
1658 2516 1799 2572 οὕτω
1856 2514 1946 2571 καὶ

303 2618 370 2673 τὸ
404 2620 518 2694 φῶς
542 2621 641 2684 τῆς
671 2610 943 2688 έξαγορίας
998 2607 1235 2676 ἀφανίζει
1290 2606 1418 2668 τοὺς
1479 2605 1781 2680 Λογισμοὺς
1837 2610 1946 2694 τῶν

306 2688 517 2759 παθῶν.
550 2698 743 2759 σκότος
798 2696 887 2751 καὶ
968 2694 1163 2754 αὐτοὺς
1240 2690 1701 2769 χρηματίζοντας,
1760 2688 1947 2759 έπειδή

304 2794 341 2861 ἡ
372 2787 680 2858 κενοδοξία,
707 2786 797 2841 καὶ
854 2785 890 2854 ἡ
948 2783 1145 2850 ἄνεσις,
1176 2781 1237 2843 ’ἀς
1296 2780 1446 2855 εἶχον
1492 2780 1658 2834 τόπον
1711 2779 1762 2833 οἱ
1794 2779 1947 2853 λογι-

306 2882 464 2954 σμοὶ,
503 2875 914 2952 κατετράφησαν
975 2871 1065 2928 διά
1118 2879 1217 2942 τῆς
1273 2873 1408 2926 κατά
1460 2873 1558 2939 τὴν
1617 2869 1946 2945 ἐξαγόρευσιν

303 2969 605 3045 αῗσχύνης,
662 2965 753 3020 καὶ
837 2967 935 3028 τῆς
997 2961 1133 3017 κατά
1186 2962 1277 3016 τὸν
1320 2961 1519 3015 κανόνα
1573 2959 1949 3023 κακοπαθείας.

303 3064 464 3125 Ὅθεν
508 3058 598 3113 καὶ
662 3057 761 3125 τὴν
822 3052 1062 3108 διάνοιαν
1122 3052 1455 3126 εὑρίσκοντες
1501 3050 1780 3123 ἐλευθέραν
1839 3048 1948 3120 ἤδη

2048 1911 2285 1965 incursu
2310 1908 2611 1963 deﬂectere
2650 1908 2945 1964 noluerint
2965 1914 3021 1963 et
3047 1910 3380 1964 obsederint
3400 1911 3681 1979 animam,

2048 2004 2169 2053 tum
2202 1996 2335 2051 illos
2366 2014 2434 2051 ex
2462 1996 2781 2049 voluntatis
2822 1996 3197 2052 inclinatione
3228 1999 3687 2055 corroborandos

2049 2104 2177 2141 esse
2206 2085 2527 2141 resciveris.
2560 2084 2819 2147 Quadam
2876 2084 3013 2139 toni
3042 2086 3252 2155 {specie
3300 2086 3567 2158 allegata,
3595 2088 3686 2142 in-

2048 2176 2270 2229 vadunt
2326 2173 2577 2228 animam
2657 2188 2786 2242 quae
2841 2173 2911 2226 ab
2987 2172 3217 2244 incepto
3284 2174 3685 2242 declinaverit,

2049 2280 2295 2333 eamque
2330 2262 2668 2333 perturbant
2703 2270 2759 2315 et
2804 2261 3127 2332 implicant.
3160 2263 3549 2319 Confessionis
3581 2266 3685 2319 sti-

2051 2356 2249 2421 gmata
2271 2350 2693 2404 offuscantibus
2716 2350 2915 2403 inuras
2940 2351 3419 2420 cogitationibus,
3445 2356 3501 2406 et
3526 2354 3685 2408 malae

2050 2439 2205 2494 illico
2235 2438 2549 2507 autugiunt
2572 2436 2787 2491 bestia}.
2826 2443 2971 2492 Luce
3018 2438 3260 2504 oriente,
3291 2440 3569 2494 recedunt
3599 2446 3687 2496 te-

2054 2531 2241 2586 nebras
2268 2554 2281 2596 ;
2313 2529 2395 2583 ita
2424 2527 2808 2582 confessionis
2838 2526 3032 2583 lumen
3066 2529 3318 2601 dissipat
3348 2530 3685 2600 passionum

2053 2620 2333 2691 caligines
2364 2622 2418 2672 et
2448 2616 2855 2672 obnubilantes
2903 2618 3161 2673 umbras.
3195 2619 3363 2673 Vana
3408 2619 3602 2691 gloria
3633 2624 3691 2675 et

2053 2708 2413 2779 fatigationis
2443 2706 2690 2777 speciem
2724 2705 2939 2759 habent
2960 2705 3123 2759 male
3155 2708 3573 2777 cogitationes;
3598 2714 3691 2765 ast

2053 2794 2438 2852 confessionis
2459 2793 2791 2847 humilitate
2809 2796 2865 2847 et
2881 2794 3065 2863 pomis
3082 2793 3292 2864 regulae
3310 2795 3691 2867 diti'ugantur.

2055 2886 2441 2948 Etenim,cum
2463 2883 2533 2935 ad
2560 2885 2814 2936 mentem
2839 2897 2967 2952 quae
2991 2883 3362 2953 passionibus
3381 2884 3564 2941 libera
3583 2890 3692 2943 est.

2056 2974 2341 3030 accedunt
2373 2970 2538 3026 malae
2562 2970 2783 3037 bestiae,
2803 2970 2999 3024 statim
3024 2975 3189 3041 terga
3210 2977 3442 3026 vertunt
3466 2980 3698 3045 propter

2057 3065 2395 3120 continuam
2416 3058 2696 3115 orationis
2714 3059 3139 3115 defensionem.
3159 3061 3267 3123 Qui
3290 3066 3453 3132 pertu
3465 3063 3698 3117 rbantes

304 3154 416 3205 τῶν
476 3150 661 3211 παθῶν
714 3143 1083 3220 γεγενημένην
1142 3144 1210 3214 τῇ
1287 3145 1503 3215 συνεχεῖ
1569 3140 1657 3192 καὶ
1723 3139 1948 3194 εὐκατα-

2064 3151 2445 3223 cogitationes
2476 3148 2739 3203 excidere
2772 3149 3019 3220 cupierit
3050 3153 3355 3220 pugnator,
3384 3150 3455 3203 ad
3488 3150 3697 3205 oratio-

301 3237 483 3308 νύκτῳ
567 3234 887 3307 προσευχῇ,
974 3228 1089 3301 μετ’
1159 3226 1421 3303 αἰσχύνης
1508 3223 1942 3300 δραπετεύουσιν,

302 3326 435 3381 Ὅτε
461 3323 563 3396 γὰρ
594 3324 843 3392 πειρᾶται
875 3318 903 3371 ὁ
937 3318 1236 3392 ἀγωνιστὴς
1284 3317 1496 3390 τέμνειν
1544 3321 1611 3388 τῇ
1660 3320 1943 3391 προσευχῇ

298 3416 431 3479 τοὺς
456 3416 817 3489 ταράττοντας
862 3408 1021 3463 αὐτὸν
1074 3406 1395 3483 λογισμούς,
1424 3410 1609 3480 τέμνει
1671 3409 1763 3479 μὶν
1811 3408 1947 3480 πρὸς

307 3500 489 3577 βραχὺ
518 3500 609 3556 καὶ
640 3497 802 3573 ε’ίργει
833 3500 930 3566 τὴν
981 3495 1276 3552 πολύνοιαν
1339 3496 1535 3564 αὐτῶν,
1566 3496 1638 3557 ὡς
1697 3493 1946 3549 παλαίων

301 3590 397 3644 καὶ
428 3586 845 3660 ἁμιλλώμενος,
879 3584 939 3639 ού
996 3584 1286 3659 λυτροῦται
1345 3580 1402 3638 δὲ
1432 3584 1508 3644 εἲς
1539 3585 1677 3637 ἅπαν
1710 3604 1720 3615 ·
1758 3578 1943 3650 ἐπειδὴ

305 3679 405 3739 τὰς
454 3675 626 3739 αῗτίας
672 3679 779 3729 τῶν
831 3672 1207 3749 ἐνοχλούντων
1252 3671 1532 3746 λογισμῶν
1583 3673 1813 3744 στέργει,
1844 3671 1946 3738 τήν

305 3765 605 3821 ἀνάπαυσιν
636 3766 735 3833 τῆς
766 3763 981 3837 σαρκὸς,
1014 3763 1100 3817 καὶ
1147 3764 1245 3831 τήν
1294 3762 1564 3832 κοσμικὴν
1605 3759 1947 3837 φιλοτιμίαν,

306 3855 381 3909 δι’
440 3853 504 3917 ἃς
557 3853 645 3907 καὶ
729 3854 867 3925 πρὸς
951 3851 1291 3924 έξαγόρευσιν
1352 3850 1530 3918 ὁρμὴν
1578 3848 1640 3903 ού
1691 3854 1949 3923 ποιεῖται⁹

303 3945 468 4001 Ὅθεν
499 3941 588 3995 καὶ
620 3939 843 4016 εἴρήνην
889 3939 988 3993 οὐκ
1033 3936 1169 4014 ἄγει,
1204 3935 1345 3991 διότι
1390 3938 1457 3991 τά
1502 3941 1608 3990 τῶν
1667 3935 1947 4009 πολεμίων

298 4032 527 4104 κατέχει
585 4026 785 4084 δίκαια.
843 4026 941 4090 Τίς
996 4025 1053 4081 δὲ
1102 4027 1349 4100 κατέχων
1412 4023 1679 4099 ἀλλότρια
1762 4025 1950 4095 σκεύη,

306 4121 416 4177 οὐκ
468 4120 770 4173 ἀπαιτεῖται
821 4121 986 4173 ταῦτα
1042 4116 1189 4191 παρᾶ
1240 4119 1348 4169 τῶν
1404 4114 1683 4190 ἐχόντων;
1738 4114 1837 4177 Τίς
1896 4113 1951 4170 δέ

309 4207 731 4279 ἀπαιτούμενος,
789 4207 876 4261 καὶ
941 4206 1017 4277 μή
1068 4202 1324 4259 ἀπολύων
1380 4202 1413 4258 ἃ
1465 4203 1684 4278 κατέχει
1750 4208 1949 4272 κακῶς,

312 4299 612 4373 λυτροῦται
641 4296 746 4350 ἀπὸ
773 4299 880 4349 νῶν
912 4290 1194 4349 ἀντιδίκων
1228 4292 1428 4361 αύτοῦ;
1460 4295 1587 4349 "Ore
1634 4290 1691 4347 δὲ
1738 4294 1765 4347 ὁ
1811 4294 1951 4368 ἀγω-

306 4388 599 4458 νιζόμενος
656 4387 725 4457 τῇ
770 4386 867 4438 τοῦ
915 4386 1048 4438 Θεοῦ
1082 4383 1273 4455 μνήμῃ
1304 4378 1545 4447 δυνηθεὶς
1593 4382 1692 4449 τήν
1744 4379 1954 4451 ἐξουδέ-

305 4494 477 4529 νωσιν
565 4472 835 4547 ἀγαπήσει
918 4470 1009 4524 καὶ
1092 4470 1192 4537 τήν
1272 4470 1506 4523 κάκωσιν
1579 4472 1676 4537 τῆς
1733 4470 1952 4543 σαρκὸς,
1984 4517 2028 4580 D

383 4562 397 4576 ι
528 4562 543 4579 1
672 4558 719 4580 ’ν
810 4561 823 4580 1
875 4579 880 4580 ,
1083 4561 1141 4580 ἡκ
1251 4556 1533 4580 Ἷκγηγγαγ
1603 4557 1616 4575 Ἷ
1663 4557 1885 4580 -,,,.,-.’

304 4562 402 4617 καὶ
485 4562 585 4629 τὴν
669 4558 1007 4634 έξαγόρευσιν
1076 4561 1184 4612 τῶν
1251 4556 1534 4632 λογισμῶν
1593 4557 1952 4632 ἀνεπαισχύν-

309 4671 425 4713 τως
508 4650 751 4719 ποιήσει,
808 4645 999 4702 αὐτίκα
1085 4647 1137 4700 οἱ
1219 4647 1312 4718 μέν
1396 4642 1659 4717 πολέμιοι
1737 4646 1951 4719 ἀναχω-

316 4741 524 4812 ροῦσιν,
584 4740 620 4807 ἡ
692 4735 749 4790 δέ
824 4733 1033 4791 διάνοια
1110 4733 1366 4809 ἐλευθέρα
1444 4735 1806 4808 τυγχάνουσα,
1853 4735 1950 4801 τήν

316 4827 600 4901 συνέχειαν
680 4827 779 4889 τῆς
863 4829 1199 4899 προσευχῆς,
1257 4821 1346 4876 καὶ
1429 4822 1527 4887 τὴν
1603 4824 1710 4874 τῶν
1796 4820 1951 4884 θείων

314 4914 552 4988 μελέτην
586 4911 880 4968 ἀδιάκοπον
919 4912 1057 4988 ἔχει.
1095 4913 1272 4968 ΙΙᾶσαν
1328 4908 1581 4963 ὑπόνοιαν
1630 4910 1953 4982 κινουμένην

309 5004 367 5058 έν
418 5006 487 5076 τῇ
544 5001 740 5076 καρδίᾳ
805 5000 939 5055 κατά
992 5020 1136 5063 τινος
1200 5002 1465 5073 παραιτοῦ
1521 4998 1823 5066 παντελῶς,
1881 4998 1957 5060 ὡς

306 5091 691 5147 καταΑύουσαν
726 5090 939 5164 ἀγάπην
998 5092 1083 5143 καὶ
1137 5088 1383 5162 εἰρήνην.
1413 5089 1587 5139 Πᾶσαν
1640 5084 1695 5140 δὲ
1748 5108 1958 5164 συμφο-

310 5180 412 5253 ράν
476 5176 668 5248 ἔξωθεν
730 5177 1104 5251 ἐπερχομένην
1181 5173 1435 5249 γενναίως
1504 5171 1828 5249 καταδέχου,
1886 5176 1959 5238 ὡς

306 5270 411 5337 τήν
444 5269 718 5340 σωτήριον
765 5268 1047 5337 ὑπομονὴν
1094 5266 1450 5340 προξενοῦσαν
1477 5282 1489 5294 ·
1527 5264 1827 5334 ὑπομονὴν,
1858 5268 1955 5333 τήν

317 5358 491 5429 μονὴν
525 5356 617 5410 καὶ
648 5354 942 5409 ἀνάπαυσιν
993 5352 1359 5429 χαριζομένην
1419 5351 1471 5405 έν
1518 5357 1635 5413 τοῖς
1689 5352 1957 5428 οὐρανοῖς.

314 5444 476 5501 Οὕτω
506 5446 604 5505 τὰς
637 5444 812 5515 ἤμέρς
842 5441 1040 5506 ἀνύων,
1071 5440 1124 5495 ἐν
1160 5442 1253 5511 μὶν
1283 5444 1350 5513 τῇ
1395 5440 1639 5513 παρούσῃ
1693 5447 1803 5510 ζωῆ
1848 5445 1962 5515 μετ’

307 5531 571 5605 εὐθυμίας
606 5533 635 5607 β
668 5533 826 5599 ’›σεις,
856 5535 973 5589 ταῖς
1028 5526 1314 5603 μακαρίαις
1377 5526 1609 5582 ἐλπίσιν
1670 5530 1959 5607 εὐφραινό-

308 5641 467 5694 μενος
498 5620 604 5677 ’,ἐν
667 5616 725 5673 δέ
795 5622 862 5692 τῇ
913 5613 1078 5690 ἐξόδῳ
1132 5618 1263 5689 μετὰ
1302 5616 1603 5694 παρρησίας
1654 5625 1961 5695 μεταστήση

2053 3256 2185 3296 nem
2219 3237 2504 3307 confugit,
2537 3240 2592 3290 et
2623 3252 2797 3305 quam
2844 3237 3129 3291 citissime
3182 3236 3328 3291 lalas
3358 3238 3612 3292 concidit
3640 3243 3699 3295 et

2051 3327 2302 3383 maxime
2331 3327 2634 3389 versutas;
2672 3328 2924 3378 atlamen
2949 3326 3005 3378 in
3032 3341 3215 3393 agone
3248 3341 3353 3380 nec
3384 3326 3532 3381 ferro
3563 3344 3694 3397 par-

2051 3421 2143 3474 cat
2158 3432 2261 3469 nec
2273 3412 2605 3468 remissioni
2623 3411 2943 3483 indulgeat;
2959 3414 3172 3467 etenim
3188 3414 3235 3468 si
3255 3414 3687 3485 insurgentium

2053 3502 2468 3575 cogitationum
2494 3504 2687 3571 partes
2705 3500 3519 3570 susceperit,videlicetcarnis
3542 3504 3687 3557 ami-

2054 3592 2248 3647 citiam
2282 3594 2339 3643 et
2368 3589 2573 3642 mundi
2603 3590 2971 3653 amorem,ad
3000 3589 3247 3644 nihilum
3274 3592 3551 3661 proficiet.
3579 3592 3693 3647 Nec

2054 3680 2351 3735 victoriam
2384 3693 2569 3747 neque
2602 3694 2801 3747 pacem
2841 3678 3180 3748 reportabit,
3214 3682 3369 3748 quod
3420 3681 3695 3736 defendat

2056 3769 2312 3824 hostium
2356 3782 2584 3821 causas.
2611 3765 2666 3818 Si
2695 3764 2827 3835 quis
2860 3765 3048 3819 aliena
3084 3767 3363 3836 possidet,
3396 3784 3588 3824 nonne
3619 3771 3689 3825 ad

2056 3856 2484 3912 restitutionem
2516 3854 2782 3907 tenetur?
2802 3858 2877 3907 At
2909 3854 2957 3908 si
2990 3871 3097 3909 sua
3128 3856 3402 3910 reclamet
3422 3858 3694 3913 dominus

2058 3950 2114 3999 et
2143 3963 2175 3999 a
2206 3948 2503 3999 detentore
2536 3942 2755 4012 injusto
2776 3958 2888 3995 non
2914 3942 3190 4007 obtineat,
3220 3944 3501 4014 numquid
3528 3944 3693 4000 illum

2061 4033 2131 4087 ab
2149 4032 2503 4103 obligatione
2526 4028 2843 4084 liberabit?
2864 4030 2967 4092 Qui
2995 4047 3221 4101 pugnas
3239 4032 3464 4086 divinas
3490 4033 3695 4107 adierit

2060 4120 2118 4174 in
2152 4123 2344 4173 mente
2396 4134 2521 4186 sua,
2565 4121 2724 4171 amat
2771 4116 3001 4187 nesciri,
3035 4134 3136 4187 pro
3186 4118 3368 4172 nihilo
3416 4122 3693 4187 reputari,

2061 4223 2295 4262 carnem
2330 4206 2678 4261 mortificare
2709 4210 2767 4260 et
2796 4222 2972 4259 vanas
3021 4207 3400 4273 cogitationes
3431 4208 3694 4263 conﬁteri

2061 4297 2281 4366 absque
2328 4295 2709 4354 verecundia:
2744 4295 2827 4349 sic
2878 4295 3156 4349 recedunt
3201 4294 3447 4359 inimici,
3497 4297 3695 4351 anima

2062 4384 2341 4438 liberatur
2371 4387 2427 4437 et
2456 4383 2579 4453 ipse
2610 4384 2944 4437 continuam
2971 4383 3342 4452 prosequitur
3372 4382 3694 4438 orationem

2061 4476 2235 4543 atque
2274 4488 2466 4526 rerum
2513 4471 2843 4525 divinarum
2900 4469 3335 4525 meditationem
3371 4471 3695 4526 assiduam.

2060 4562 2300 4616 Omnem
2321 4560 2379 4614 in
2394 4561 2565 4614 corde
2579 4563 2911 4628 surgentem
2927 4558 3380 4627 suspicationem
3396 4576 3571 4630 quam
3588 4562 3699 4632 pri-

2060 4665 2221 4703 mum
2246 4648 2535 4718 expellas;
2571 4646 2885 4717 perfrangit
2914 4645 3068 4699 enim
3118 4661 3377 4701 amorem
3410 4653 3467 4702 et
3497 4665 3697 4720 pacem

2060 4752 2192 4790 cum
2227 4736 2496 4806 priximo.
2518 4738 2703 4789 Omne
2733 4733 2949 4787 malum
2985 4734 3055 4787 ab
3078 4734 3489 4791 extraillatum
3518 4737 3701 4791 virili-

2061 4828 2147 4878 ter
2180 4823 2469 4893 suscipias
2502 4838 2515 4875 :
2561 4821 2875 4876 salutarem
2918 4822 3025 4876 tibi
3078 4822 3303 4877 inducit
3335 4824 3699 4895 patientiam,

2062 4928 2159 4982 per
2192 4911 2526 4982 patientiam
2554 4926 2686 4964 vero
2718 4910 2819 4965 tibi
2854 4910 2910 4963 in
2952 4908 3110 4964 caelis
3142 4910 3347 4965 tribuit
3392 4912 3700 4968 habitacu'

2062 5001 2186 5054 lum
2217 5003 2274 5053 et
2315 4988 2797 5054 sublevationem.
2830 4998 2923 5053 Sic
2970 4998 3234 5069 perficias
3282 5000 3407 5055 dies
3455 5006 3605 5069 tuos,
3639 5003 3700 5057 in

2064 5088 2179 5141 vita
2194 5088 2461 5157 praesenti
2488 5104 2767 5159 magnum
2791 5087 3003 5141 habeas
3022 5087 3286 5142 animum
3311 5093 3368 5143 et
3386 5090 3456 5142 de
3488 5090 3702 5145 futuris

2066 5177 2454 5246 congaudeas.
2512 5182 2652 5230 Cum
2713 5181 2908 5230 autem
2966 5191 3033 5230 ex
3083 5176 3548 5248 peregrinatione
3602 5184 3705 5233 tua

2066 5267 2329 5330 redieris,
2375 5268 2736 5321 confidenter
2784 5267 3050 5321 aditurus
3082 5267 3163 5321 sis
3216 5265 3343 5321 loca
3390 5267 3703 5339 refrigerii,

2070 5372 2195 5425 quae
2224 5355 2331 5409 tibi
2363 5354 2691 5410 advenienti
2725 5356 2950 5425 paravit
2981 5354 3264 5408 Dominus
3308 5358 3365 5408 et
3394 5355 3451 5408 in
3490 5372 3708 5411 merce-

2071 5447 2201 5502 dem
2232 5446 2497 5501 laborum
2530 5447 2621 5501 his
2652 5452 3055 5517 susceptorum
3081 5444 3378 5499 retribuet.
3414 5446 3705 5519 Regnahis

2070 5552 2202 5590 cum
2235 5534 2357 5603 illo,
2388 5536 2481 5591 cui
2510 5535 2703 5591 omnis
2724 5533 2991 5590 convenit
3009 5531 3214 5604 gloria,
3240 5533 3427 5589 honos
3481 5539 3536 5591 et
3564 5536 3706 5592 ado-

2075 5623 2242 5691 ratio,
2277 5640 2405 5678 una
2427 5640 2560 5680 cum
2590 5629 2759 5680 Patre
2782 5623 2908 5679 sine
2926 5621 3232 5693 principio,
3264 5639 3396 5679 cum
3429 5628 3627 5682 sancto
3648 5629 3706 5681 et
