4182 6286
447 367 553 421 399
1567 368 1965 421 TBEOLEPTI
2005 366 2718 421 PHILADELPHIENSIS.
3729 372 3837 427 400

447 493 776 549 vivificante
816 492 1060 565 Spiritu,
1110 509 1267 548 nunc
1312 496 1369 549 et
1414 507 1648 564 semper
1676 494 1733 546 et
1775 490 1834 543 in
1878 489 2087 545 saecula

2207 491 2303 542 τῶν
2333 485 2459 555 ὧδε,
2490 487 2581 542 καὶ
2637 488 2712 552 εἷς
2768 488 2895 555 τοὺς
2951 490 3156 555 τόπους
3209 498 3309 563 τῆς
3345 492 3715 565 ἀναπαύσεως,
3744 497 3838 559 οῦς

448 581 820 637 saeculorum.
857 586 1060 636 Amen.

2207 576 2528 649 ἡτοιμάσατό
2579 598 2662 630 σοι
2709 578 2912 654 Κύριος
2970 580 3266 656 ἀπελεύσῃ,
3301 583 3527 655 μισθοὺς
3584 589 3691 639 τῶν
3752 585 3833 639 έν-

440 680 611 731 ταυθα
641 668 818 721 πόνων
854 665 1161 729 ἀντιδιδούς
1191 688 1296 735 σοι,
1331 664 1710 739 συμασιλεύειν
1745 664 1889 735 αύτῷ
1922 684 1933 695 ·
1969 662 2013 735 ᾧ
2046 664 2240 738 πρέπει
2270 664 2413 718 πάσα
2462 662 2609 734 δόξα,
2640 669 2776 738 τιμή
2809 667 2897 721 καὶ
2930 670 3321 742 προσκύνησις,
3354 670 3467 743 ἅμα
3504 676 3584 743 τῷ
3612 672 3835 748 ἆνάρχῳ

452 756 616 811 αύτοῦ
650 756 840 829 Πατρὶ,
868 757 954 809 καὶ
986 760 1064 827 τῷ
1088 756 1358 831 παναγίῳ,
1391 755 1480 808 καὶ
1512 756 1718 828 ἀγαθῷ,
1747 754 1835 806 καὶ
1871 755 2127 823 ζωοποιῷ
2158 751 2319 806 αὐτοῦ
2350 752 2623 825 ΙΙνεύματι
2657 773 2670 786 '
2702 758 2813 826 νῦν,
2844 756 2932 811 καὶ
2964 757 3067 825 ἀεὶ,
3095 757 3185 812 καὶ
3217 758 3292 822 εἷς
3318 758 3446 823 τοὺς
3474 760 3675 825 αἰῶνας
3727 767 3832 818 τῶν

453 844 687 900 αἰώνων.
718 846 781 900 ’Δ
792 845 921 915 μήν.

990 1143 1218 1271 ΤΟ
1250 1147 1336 1269 Υ
1450 1141 2027 1270 ΑΥΤΟΥ
2157 1143 3296 1276 ΘΕΟΛΗΠΤΟΥ.

1446 1487 2022 1582 EJUSDEM
2087 1488 2836 1587 THEOLEPTI.

531 1813 577 1864 t.
619 1808 893 1880 Spiritus,
927 1809 1026 1881 qui
1075 1808 1362 1866 exteriora
1408 1807 1558 1880 fugit
1604 1811 1661 1862 et
1690 1807 1760 1862 ad
1815 1806 2096 1862 interiora

2274 1808 2339 1865 α’.
2371 1808 2431 1865 Ὀ
2478 1812 2600 1875 νοῦς
2658 1808 2865 1885 φεύγων
2915 1811 2981 1864 τὰ
3031 1806 3152 1881 ἔξω,
3185 1810 3275 1865 καὶ
3336 1809 3714 1887 συναγόμενος
3759 1811 3825 1868 ἐπ

454 1914 517 1954 se
547 1899 846 1965 convertit,
872 1899 941 1953 ad
968 1898 1225 1969 seipsum
1249 1897 1438 1953 reddit
1461 1914 1474 1964 ;
1500 1896 1709 1950 deinde
1732 1896 1800 1950 ad
1828 1896 2094 1963 verbum,

455 1988 610 2058 quod
663 1986 1061 2058 intelligentiae
1114 1986 1489 2057 congenitum
1534 1989 1645 2050 est,
1697 1984 1958 2051 accedit;
1992 2000 2095 2054 per

453 2077 697 2132 verbum
728 2080 923 2130 autem
960 2075 1070 2130 hoc
1106 2076 1351 2130 insitum
1401 2075 1630 2128 devenit
1661 2073 1731 2127 ad
1778 2072 2095 2126 orationem

459 2169 518 2220 et
547 2181 649 2235 per
694 2164 1015 2219 orationem
1066 2164 1135 2218 ad
1168 2164 1270 2218 Dei
1324 2162 1615 2217 notionem
1670 2160 1935 2215 ascendit
1964 2176 2096 2214 cum

460 2258 584 2309 tota
608 2270 714 2308 sua
735 2258 1017 2324 potestate
1050 2251 1314 2307 aﬂ‘ectiva
1339 2256 1512 2321 atque
1530 2247 1926 2303 inclinatione.
1949 2248 2097 2302 Tum

459 2342 651 2398 carnis
698 2341 1056 2396 desiderium
1110 2340 1345 2406 recedit,
1388 2338 1585 2393 deﬁcit
1630 2336 1945 2408 voluptatis
1984 2340 2136 2404 ter-p

459 2447 611 2486 renes
660 2445 894 2495 sensus,
923 2434 981 2484 et
1027 2428 1292 2499 speciosa
1344 2428 1525 2497 hujus
1575 2427 1703 2480 vitae
1733 2426 1955 2495 absque
2000 2424 2099 2478 de-

454 2518 763 2574 lectatione
793 2520 1096 2590 apparent.
1149 2517 1516 2586 Quaecunque
1567 2514 1723 2569 enim
1768 2514 1839 2567 ad
1890 2528 2101 2582 corpus

454 2608 726 2675 attinent,
771 2605 1016 2678 projecit
1056 2604 1252 2659 anima
1296 2607 1531 2674 propter
1583 2600 2105 2670 Christijucundia

456 2700 670 2763 tatem;
704 2694 899 2765 ipsum
933 2692 1265 2763 insequitur
1314 2708 1449 2746 cum
1496 2690 1793 2745 modestim
1825 2687 2100 2760 operibus

404 2812 407 2815 ν
456 2784 672 2839 mentis
720 2781 990 2837 castitate
1037 2785 1207 2850 atque
1262 2778 1502 2850 psallit:
1534 2800 1563 2828 (ς
1613 2778 1938 2833 Otrerentur
1978 2777 2099 2847 regi

457 2871 715 2942 virgines
745 2876 804 2924 et
824 2874 1254 2941 prosequentur
1276 2868 1354 2935 “5;
1388 2890 1415 2917 ››
1438 2866 1730 2921 Christum
1757 2866 1867 2921 sibi
1900 2882 2079 2935 reprae

458 2964 664 3028 senlat,
699 2958 973 3028 praevidet
1003 2962 1058 3012 et
1090 2957 1268 3011 dicit:
1303 2978 1331 3005 ‹‹
1368 2954 1637 3025 Prospexi
1675 2954 1977 3008 Dominum
2007 2971 2099 3008 co-

457 3065 581 3104 ram
615 3063 701 3102 me
732 3046 893 3101 omni
923 3051 1205 3115 tempore,
1240 3043 1378 3114 quia
1399 3060 1432 3097 a
1464 3043 1679 3096 dextris
1705 3047 1792 3096 est
1824 3041 1967 3095 mihi
2002 3044 2102 3096 1°.»

2198 1894 2265 1948 τὰ
2311 1893 2481 1967 ἔνδον,
2509 1898 2642 1971 πρὸς
2693 1898 2876 1952 ἑαυτὸν
2912 1897 3228 1974 ἐπανάγεται
3265 1918 3277 1930 ·
3313 1898 3485 1955 εἷ’τουν
3543 1906 3621 1973 τῶ
3681 1923 3841 1976 φυσι-

2200 1987 2308 2044 κῶς
2357 1985 2491 2039 κατᾶ
2537 1983 2775 2040 διάνοιαν
2817 1986 3007 2041 ἑαυτοῦ
3049 1986 3200 2062 λόγῳ
3230 1986 3530 2063 συγγίνεται
3565 2008 3578 2020 ⁸
3611 1988 3699 2042 καὶ
3757 1986 3845 2043 διὰ

2199 2075 2297 2124 τοῦ
2356 2072 2607 2135 συνόντος
2663 2073 2806 2146 αὐτῷ
2857 2073 3137 2137 οὖσιωδῶς
3171 2075 3364 2150 λόγου,
3397 2073 3717 2130 συνάπτεται
3771 2082 3837 2151 τῇ

2204 2158 2343 2233 εὖχῇ
2376 2179 2386 2190 ⁸
2420 2161 2508 2214 καὶ
2540 2159 2627 2216 διὰ
2655 2168 2753 2230 τῆς
2784 2162 2974 2237 εὖχῆς,
3008 2162 3083 2223 εἰς
3126 2168 3323 2238 γνῶσιν
3372 2168 3468 2217 τοῦ
3526 2168 3659 2218 Θεοῦ
3712 2164 3842 2218 ἀνα-

2204 2242 2373 2301 ϐαίνει
2436 2250 2549 2321 μεθ’
2582 2248 2718 2319 ὅλης
2774 2258 2875 2319 τῆς
2932 2251 3273 2325 ἀγαπητικῆς
3334 2248 3612 2323 δυνάμεώς
3642 2272 3701 2306 τε
3754 2253 3843 2307 καὶ

2206 2333 2514 2399 διαθέσεως.
2542 2338 2679 2393 Τότε
2718 2341 2913 2414 σαρκὸς
2972 2341 3065 2411 μὶν
3126 2338 3387 2411 ἐπιθυμία
3434 2338 3666 2414 οἷ’χεται,
3698 2347 3842 2396 πᾶσα

2207 2421 2327 2492 δεὴ
2360 2423 2660 2494 καθήδονος
2716 2426 2873 2501 ἀργεῖ
2918 2424 3184 2495 αἶ’σθησις,
3244 2427 3331 2481 καὶ
3388 2428 3455 2481 τὰ
3512 2428 3685 2501 ὡραῖα
3738 2436 3837 2497 τῆς

2206 2518 2311 2586 γῆς
2340 2510 2481 2582 ἀηδῆ
2513 2514 2912 2590 καταφαίνεται.
2946 2514 3155 2571 Ὀπίσω
3211 2514 3314 2590 γὰρ
3356 2515 3549 2584 ἑαυτῆς
3600 2518 3635 2584 ἡ
3686 2518 3838 2591 ψυχὴ

2206 2601 2375 2653 πάντα
2404 2602 2470 2654 τὰ
2489 2606 2583 2654 τοῦ
2615 2604 2869 2674 σώματος
2897 2602 2984 2656 καὶ
3017 2601 3083 2656 τὰ
3114 2603 3235 2678 περὶ
3286 2603 3350 2657 τὸ
3407 2607 3565 2675 σῶμα
3621 2606 3845 2677 θεμένη,

2210 2686 2385 2741 ὀπίσω
2439 2696 2538 2757 τῆς
2597 2691 2933 2764 ὡραιότητος
2993 2695 3089 2745 τοῦ
3148 2695 3379 2765 Χριστοῦ
3434 2690 3655 2765 γίνεται,
3705 2693 3851 2765 αὐτῷ

2206 2774 2681 2832 κατακολουθοῦσα
2736 2778 2867 2851 μετᾶ
2923 2783 3028 2831 τῶν
3100 2776 3270 2852 ἔργων
3345 2786 3446 2848 τῆς
3520 2781 3853 2852 σεμνότητος

2207 2864 2296 2917 καὶ
2364 2871 2464 2933 τῆς
2537 2866 2673 2919 κατᾶ
2751 2863 2990 2919 διᾶνοιαν
3074 2868 3310 2941 ἁγνείας,
3368 2868 3456 2921 καὶ
3514 2867 3851 2941 ψάλλουσα⁹

2212 2976 2238 3003 (ι
2273 2954 2763 3028 Ἀπενεχθήσονται
2810 2958 2889 3025 τῷ
2951 2955 3168 3029 βασιλεῖ
3212 2956 3466 3031 παρθένοι
3528 2955 3701 3011 ὀπίσω
3759 2958 3853 3011 αύ-

2206 3060 2302 3093 του
2328 3059 2340 3071 υ
2377 3063 2403 3091 ››
2434 3041 2664 3114 Χριστὸν
2700 3041 3099 3117 φανταζομένη,
3130 3044 3221 3097 καὶ
3265 3049 3582 3119 προορῶσα,
3613 3045 3705 3099 καὶ
3756 3046 3850 3100 λέ-

457 3138 686 3193 Christo
745 3134 1125 3206 conjungitur
1176 3150 1277 3203 per
1334 3132 1675 3186 charitatem
1730 3136 1786 3185 et
1843 3130 2097 3187 clamat:

2213 3146 2379 3199 γουσα
2412 3146 2423 3158 ·
2462 3150 2489 3177 ‹‹
2520 3126 2882 3201 Ηροωρώμην
2911 3128 3002 3184 τὸν
3063 3129 3259 3205 Κύριον
3321 3128 3548 3184 ἐνώπιόν
3604 3139 3708 3203 μου
3767 3130 3854 3186 διὰ

465 3246 488 3275 α
522 3225 790 3291 Domine,
822 3237 995 3278 omne
1025 3219 1381 3277 desiderium
1418 3236 1614 3275 meum
1640 3224 1729 3275 est
1751 3224 1884 3275 ante
1915 3225 1971 3275 te
2001 3222 2096 3275 ".n

459 3314 758 3371 Christum
800 3327 1032 3382 semper
1075 3307 1326 3364 intendit
1374 3307 1660 3364 dicendo:
1694 3329 1721 3358 «
1771 3307 1935 3362 Oculi
1990 3308 2104 3363 mei

459 3418 691 3473 semper
720 3401 790 3455 ad
839 3400 1155 3455 Dominum
1185 3398 1249 3452 1⁸.
1283 3419 1310 3448 ››
1364 3398 1471 3452 Per
1524 3412 1730 3468 puram
1781 3396 2101 3452 orationem

459 3506 592 3547 cum
641 3487 873 3544 Christo
930 3486 1209 3557 loquitur,
1268 3484 1588 3540 delectatur
1645 3487 1701 3539 et
1756 3483 2102 3541 laetificando

456 3579 648 3635 canit:
679 3597 701 3627 ι
727 3576 1260 3646 Quamjucundum
1279 3573 1386 3644 ipsi
1407 3572 1703 3644 eloquium
1728 3589 1924 3628 meum
1948 3573 1975 3628 ‘I
1997 3590 2101 3645 ego

454 3671 650 3724 autem
690 3666 951 3738 gaudebo
1001 3664 1060 3717 in
1094 3662 1338 3718 Domino
1362 3662 1421 3716 ‘9.
1458 3682 1485 3711 ››
1522 3663 1625 3727 Qui
1676 3661 1955 3717 orationis
1986 3662 2069 3717 col

457 3755 722 3827 loquium
756 3752 965 3824 recipit
990 3757 1159 3807 Deus.
1196 3756 1444 3817 amatur,
1479 3749 1783 3806 invocatur
1821 3754 1875 3804 et
1907 3749 1961 3803 in
1997 3751 2100 3804 ad-

448 3844 735 3915 jutorium
765 3841 1085 3914 requiritur
1111 3860 1123 3899 :
1148 3840 1484 3911 deprecanti
1510 3840 1720 3894 anima;
1748 3837 2098 3894 ineffabilem

456 3933 705 4005 gratiam
737 3930 1024 3987 concedit.
1059 3930 1164 3984 Per
1193 3929 1471 3984 orationis
1504 3926 1858 3997 colloquium
1886 3926 1980 3981 Dei
2013 3944 2100 3983 ro-

461 4024 736 4079 cordatur
766 4020 961 4076 anima
992 4022 1049 4074 et
1098 4018 1483 4074 delectionem
1539 4016 1713 4071 habet
1760 4015 2097 4085 aDomino;

376 4123 385 4130 ·
463 4132 487 4163 ιι
520 4110 622 4167 Dei
652 4109 990 4166 recordatus
1019 4124 1154 4164 sum
1184 4111 1242 4162 et
1269 4106 1483 4179 gaudio
1534 4121 1665 4162 sum
1699 4104 1973 4177 perfusus
1994 4106 2097 4160 ³ο.»

526 4548 581 4602 2.
612 4545 760 4602 Cave
789 4562 823 4601 a
854 4544 1128 4600 sensibus
1158 4545 1216 4597 et
1262 4557 1452 4597 rerum
1502 4540 2095 4611 sensibiliumjucun-

455 4634 695 4691 ditatem
728 4635 1036 4689 innocuam
1063 4631 1496 4704 posuisti.Cave
1527 4647 1559 4684 a
1580 4630 1862 4700 jucundis
1882 4630 2097 4685 intelli-

456 4722 661 4792 gentiae
721 4720 1067 4791 phantasiis,
1101 4724 1158 4775 et
1207 4719 1521 4772 innocuam
1565 4717 1803 4772 effecisti
1835 4718 2096 4773 idearum

455 4808 887 4865 advenientium
907 4807 1381 4863 obstinationem.
1406 4805 1513 4869 Qui
1533 4811 1664 4876 post
1687 4806 2099 4878 phantasmata

456 4915 573 4953 non
605 4897 748 4952 abiit
779 4912 885 4951 nec
916 4896 1013 4951 illa
1040 4901 1233 4965 captat
1264 4895 1497 4964 spiritu,
1532 4911 1644 4950 non
1686 4894 1850 4950 vanis
1881 4896 2096 4966 cogita-

456 4988 685 5042 tionum
719 4985 1023 5040 desideriis
1055 4984 1410 5038 informatur
1439 4984 1537 5037 sed
1579 4984 1637 5038 in
1671 4985 1827 5040 omni
1869 4985 2097 5057 simpli-

458 5076 631 5131 citate
688 5091 750 5130 se
807 5073 1000 5145 signat
1031 5079 1088 5128 et
1152 5072 1367 5139 munit,
1425 5088 1602 5142 super
1646 5089 1738 5127 res
1789 5073 2095 5129 sensibiles

456 5163 674 5219 incedit
704 5167 879 5233 atque
910 5160 1194 5223 ﬁctiones.
1228 5161 1298 5215 ad
1349 5160 1529 5214 Deum
1576 5161 1811 5216 escendi
1858 5179 1959 5232 per
2006 5164 2093 5220 in-

455 5251 857 5323 telligentiam,
893 5265 1000 5305 nec
1030 5250 1170 5321 quid
1205 5248 1362 5303 aliud
1398 5249 1615 5319 profert
1655 5265 1827 5319 quam
1861 5250 1960 5304 Dei
1992 5268 2097 5306 no—

455 5339 766 5406 men,sicut
792 5338 1117 5395 infantulus
1142 5342 1364 5410 patrem
1388 5353 1560 5391 suum
1587 5338 1847 5408 repetitis
1869 5339 2098 5395 invocat

450 5428 716 5485 vicibus:
757 5447 779 5476 ε
815 5426 1113 5483 Invocabis
1154 5440 1245 5481 me
1279 5425 1515 5481 nomine
1548 5441 1696 5497 meo,
1731 5432 1787 5482 et
1812 5427 2095 5484 Dominus

522 5582 565 5619 ιδ
596 5580 747 5637 Psal.
806 5598 953 5645 χειν,
1037 5582 1104 5636 15
1160 5582 1205 5617 ³⁸
1280 5580 1433 5637 Psal.
1493 5598 1585 5647 xv,
1662 5582 1719 5637 8.
1754 5584 1795 5619 ¹⁷

446 5653 469 5688 °
507 5653 655 5709 Psal.
690 5669 875 5721 LXXXI,
906 5653 998 5707 20.

2214 3215 2433 3283 παντὸς,
2465 3216 2548 3268 ὅτι
2599 3214 2657 3269 ἐκ
2706 3213 2892 3285 δεξιῶν
2945 3216 3049 3288 μού
3100 3216 3238 3271 ἐστιν
3276 3237 3287 3251 ·
3324 3242 3352 3270 ››
3403 3223 3629 3294 Χριστῷ
3680 3240 3852 3293 προσ-

2210 3301 2539 3375 κολλωμένη
2577 3301 2668 3357 διὰ
2695 3310 2793 3372 τῆς
2853 3303 3084 3378 ἀγάπης,
3117 3305 3208 3359 καί
3250 3305 3519 3381 κράζουσα
3554 3328 3568 3340 ⁸
3602 3332 3631 3359 ‹‹
3664 3308 3853 3379 Κύριε,

2211 3389 2443 3445 ἐναντίον
2500 3412 2595 3445 σου
2643 3397 2784 3445 πᾶσα
2832 3395 2867 3462 ἡ
2920 3391 3178 3465 ἐπιθυμία
3233 3415 3339 3467 μου
3373 3413 3386 3425 ·
3427 3400 3706 3469 »Χριστῷ
3765 3392 3855 3449 διὰ

2211 3480 2410 3540 παντὸς
2442 3478 2836 3551 ένατενίζουσα,
2867 3481 2955 3535 καὶ
2991 3482 3173 3556 βοῶσα
3203 3502 3214 3515 '
3247 3506 3275 3534 «
3308 3483 3375 3540 Oi.
3420 3482 3699 3559 ὀφθαλμοί
3749 3504 3854 3557 μου

2213 3565 2302 3621 διὰ
2326 3568 2523 3629 παντὸς
2575 3569 2710 3643 πρὸς
2759 3570 2849 3623 τὸν
2896 3570 3101 3645 Κύριον
3138 3587 3151 3601 ⁸
3189 3590 3203 3626 :
3237 3571 3456 3643 Χριστῷ
3489 3569 3848 3644 διαλεγομένη

2211 3654 2300 3711 διὰ
2342 3664 2441 3727 τῆς
2491 3659 2724 3732 καθαρᾶς
2782 3667 3117 3735 προσευχῆς,
3165 3661 3254 3714 καὶ
3310 3658 3581 3730 ἡδύνουσα
3630 3662 3851 3737 εὐφραι-

2208 3747 2413 3816 νομένη
2452 3764 2462 3776 ⁸
2490 3770 2517 3797 ι(
2546 3746 2828 3815 Ἠουνθείη
2881 3746 3026 3819 αὐτῷ
3077 3750 3110 3817 ἠ
3146 3745 3378 3823 διαλογή
3441 3770 3564 3821 μου.
3602 3749 3735 3822 Ἐγὼ
3796 3748 3854 3803 δὲ

2209 3834 2650 3908 εύφρανθήσομαι
2682 3832 2768 3888 ἐπὶ
2798 3840 2876 3906 τῷ
2906 3835 3107 3911 Κυρίῳ.
3141 3859 3168 3887 ››
3203 3834 3648 3912 Ἀποδεχόμενος
3687 3838 3791 3912 γὰρ
3825 3839 3853 3893 ὁ

2208 3923 2337 3985 Θεὸς
2378 3924 2476 3991 τὴν
2528 3923 2587 3977 ἐκ
2631 3930 2730 3993 τῆς
2762 3925 2936 3999 εὐχῆς
2970 3922 3252 4000 διαλογὴν,
3284 3927 3373 3980 καὶ
3420 3926 3493 3988 ὡς
3553 3926 3850 4001 ἀγαπώμε-

2205 4032 2320 4079 νος,
2350 4011 2438 4065 καὶ
2471 4010 2544 4073 ὠς
2578 4011 3001 4085 ὀνομαζόμενος,
3030 4012 3119 4067 καὶ
3170 4014 3245 4075 ὡς
3297 4013 3725 4086 ἐπιζητούμενος
3773 4014 3850 4076 εἰς

2210 4100 2488 4175 βοήθειαν,
2517 4100 2616 4167 τὴν
2650 4099 2882 4175 ἅρῥητον
2913 4104 2982 4174 τῇ
3017 4096 3247 4175 δεομένῃ
3280 4101 3433 4176 ψυχῇ
3463 4101 3634 4176 χαρὰν
3684 4103 3851 4177 χαρί,

2212 4192 2377 4256 ζεται.
2435 4186 2867 4261 Μνημονιύουσα
2916 4188 3017 4265 γὰρ
3066 4192 3199 4243 Θεοῦ
3256 4187 3346 4244 διὰ
3400 4197 3499 4259 τῆς
3555 4191 3693 4245 κατᾶ
3746 4192 3846 4261 τὴν

2204 4276 2516 4353 προσευχὴν
2583 4272 2869 4352 διαλογῆς,
2928 4277 3373 4353 κατευφραίνεται
3427 4278 3529 4333 ὑπὸ
3587 4278 3789 4353 Κυρίου
3835 4299 3849 4313 ν

2206 4389 2237 4419 ‹‹
2285 4365 2593 4437 Ἐμνήσθην
2660 4365 2785 4441 γὰρ,
2846 4365 3001 4444 φησὶ,
3057 4370 3154 4421 τοῦ
3235 4370 3390 4436 Θεοῦ,
3448 4366 3537 4422 καὶ
3624 4367 3854 4446 εὐφράν-

2130 4496 2175 4561 D
2208 4465 2329 4524 θην.
2359 4476 2388 4506 ››

2282 4544 2345 4617 β’.
2376 4548 2548 4620 Φεῦγε
2592 4545 2688 4606 τὰς
2748 4544 3046 4615 αἰσθήσεις,
3104 4545 3192 4599 καὶ
3245 4542 3492 4620 ἤργησας
3563 4542 3662 4616 τήν
3741 4551 3846 4602 τῶν

2207 4633 2477 4705 αἰσθητῶν
2511 4632 2736 4706 ἡδονήν.
2771 4639 2942 4709 Φεῦγε
2971 4656 3059 4690 και
3099 4635 3195 4697 τὰς
3242 4638 3376 4691 κατᾶ
3420 4634 3658 4692 διᾶνοιαν
3718 4660 3848 4713 φαν-

2204 4721 2390 4784 τασίας
2420 4726 2526 4776 τῶν
2558 4719 2757 4792 ἡδέων,
2788 4721 2875 4775 καὶ
2904 4718 3152 4796 ἤργησας
3198 4723 3295 4790 τήν
3352 4720 3682 4792 ἡδυπάθειαν
3740 4730 3843 4780 τῶν

2208 4808 2516 4882 λογισμῶν,
2545 4808 2903 4886 Ἀφάνταστος
2935 4806 2990 4862 δέ
3027 4810 3196 4882 μένων
3231 4809 3258 4862 ὁ
3297 4813 3446 4877 νοῦς,
3480 4809 3553 4871 ὡς
3617 4812 3692 4883 μὴ
3756 4833 3849 4866 κα-

2203 4896 2592 4973 ταδεχόμενος,
2630 4900 2768 4969 μήτε
2800 4898 2902 4951 ὑπὸ
2928 4902 3034 4952 τῶν
3067 4895 3408 4967 καθ’-ἡδονὴν
3434 4899 3674 4973 τρόπων,
3710 4904 3853 4974 μήτε

2212 4987 2313 5041 ὑπὸ
2342 4992 2449 5041 τῶν
2477 4987 2593 5040 κατ’
2624 4985 2908 5057 ἐπιθυμίαν
2962 4982 3247 5059 λογισμῶν
3296 4987 3591 5041 τυποῦσθαί
3645 5009 3704 5043 τε
3760 4989 3850 5043 καὶ

2209 5075 2587 5152 σφραγίζεσθαι
2646 5072 2699 5128 ἐν
2760 5072 3027 5143 ἁπλότητι
3082 5074 3377 5148 εὑρίσκεται
3412 5074 3545 5129 ’καὶ
3603 5077 3851 5151 ὑπεράνω

2206 5165 2415 5218 πάντων
2446 5168 2552 5217 τῶν
2585 5163 2857 5232 αἰσθητῶν
2889 5161 2978 5215 καὶ
3008 5166 3114 5216 τῶν
3163 5167 3375 5231 νοητῶν
3426 5163 3738 5237 γενόμενος,
3773 5167 3851 5227 εἰς

2205 5255 2332 5309 Θεὸν
2372 5255 2470 5322 τήν
2531 5249 2737 5307 ἔννοιαν
2794 5248 3130 5322 ἀναϐιϐάζει,
3180 5251 3347 5325 μηδὲν
3398 5251 3713 5331 ἓτερον,δτι
3769 5260 3847 5330 μή

2202 5343 2262 5397 τὸ
2320 5337 2495 5414 ὄνομα
2552 5341 2754 5415 Κυρίου
2814 5336 2903 5394 διὰ
2932 5348 3029 5409 τῆς
3061 5345 3322 5415 συνεχοῦς
3357 5344 3581 5415 μνήμης
3642 5344 3849 5418 βαθέως

2209 5433 2537 5506 ὑποφωνῶν,
2570 5429 2643 5492 ὠς
2706 5428 2900 5506 βρέφος
2941 5430 3031 5484 τὸν
3085 5428 3291 5501 πατέρα
3339 5429 3522 5490 αὐτοῦ.
3556 5456 3583 5484 ‹‹
3616 5430 3846 5489 Καλέσω

1875 5583 2028 5641 Psal.
2082 5601 2097 5640 ι

2207 5601 2294 5653 v11,
2358 5585 2440 5639 10.
2534 5585 2580 5621 ¹⁸
2648 5586 2798 5642 Psal.
2867 5602 3020 5654 xxxv,
3095 5586 3182 5642 45.
3244 5588 3288 5623 η
3366 5586 3515 5645 Psal.
3572 5604 3705 5661 cur,
3744 5589 3839 5645 54.
