4154 6286
369 331 468 386 401

1290 336 1386 388 DE
1423 334 1870 389 ABSCONDITA
1905 331 2363 387 OPERATIONE
2402 331 2477 385 IN
2513 329 2837 384 CHRISTO.

3651 323 3757 378 402

364 453 491 528 γὰρ,
525 451 684 530 φησὶ,
715 457 793 525 τῷ
840 452 1069 527 ὀνόματί
1131 474 1258 528 μου,
1290 456 1487 531 Κύριον
1539 454 1769 510 ἐναντίον
1816 476 1932 511 σου.
1976 476 1999 505 )1

2122 459 2253 510 ante
2296 459 2355 509 te
2399 453 2466 508 ³1.
2499 477 2521 507 ι
2561 452 3062 519 Quemadmodum
3117 452 3396 519 Adamus,
3446 465 3621 505 manu
3652 447 3755 503 Dei

362 544 465 596 Καὶ
496 542 681 616 ὥσπερ
724 543 752 595 6
785 539 965 614 Ἀδάμ
1019 542 1166 617 χειρί
1222 550 1354 599 Θεοῦ
1402 544 1662 608 πλασθεὶς
1723 544 1827 598 ἀπὸ
1877 545 2013 618 χοὸς

364 630 582 706 γέγονεν
647 630 723 692 εἷς
791 631 974 703 ψυχὴν
1034 635 1205 700 ζῶσαν
1245 632 1297 687 ἐν
1356 634 1630 708 φυσήματι
1691 631 1838 704 θείῳ,
1871 629 2012 686 οὕτω

364 718 453 773 καὶ
486 720 515 772 6
548 721 676 780 νοῦς
722 723 843 781 ταῖς
904 718 1117 792 ἀρεταῖς
1173 717 1543 791 διαπλασθεὶς,
1574 723 1750 794 πυκνῇ
1782 719 2012 790 ἐπικλή-

366 830 443 864 σει
475 807 674 883 Κύριον
718 808 778 863 ἐκ
832 815 1068 885 καθαρᾶς
1130 808 1389 880 διανοίας,
1419 810 1509 865 καὶ
1568 812 1776 886 θερμῆς
1835 808 2012 864 διαθέ-

367 919 501 960 σεως
562 894 908 971 ὑπᾳδομένη,
947 899 1047 967 τὴν
1105 896 1247 953 θείαν
1308 898 1607 955 ἀλλοίωσιν
1666 897 2010 959 ἀλλοιοῦται,

371 985 815 1061 ζωογονούμενος
841 987 931 1041 καὶ
965 987 1388 1061 θεοποιούμενος
1422 987 1483 1043 ἐκ
1510 993 1606 1044 τοῦ
1635 988 1891 1063 γνώσκειν
1922 986 2011 1042 καὶ

372 1077 575 1151 ἀγαπᾷν
600 1076 693 1129 τὸν
727 1074 879 1132 Θεόν.

436 1170 481 1238 γ’
562 1164 688 1219 Ἐάν
752 1163 943 1237 ἐκστῇς
999 1170 1100 1233 τῆς
1157 1168 1266 1219 τῶν
1319 1162 1526 1240 γηΐνων
1597 1164 1887 1238 ἐπιθυμίας
1941 1167 2009 1237 τῇ

372 1256 582 1327 συνεχεῖ
603 1252 694 1306 καὶ
728 1249 1015 1327 εῗλικρινεῖ
1038 1257 1348 1328 προσευχῇ,
1377 1254 1467 1307 καὶ
1527 1253 1644 1308 ἀντὶ
1702 1252 1873 1307 ὕπνου
1921 1274 2012 1307 κα-

366 1342 643 1415 ταπαύσῃς
702 1342 809 1396 ἀπὸ
866 1343 1046 1412 πάσης
1106 1342 1312 1405 ἐννοίας
1365 1350 1466 1412 τῆς
1528 1342 1661 1415 μετά
1711 1343 1863 1409 Θεὸν,
1919 1342 2009 1396 καὶ

367 1433 671 1506 στηριχθῇς
704 1428 909 1492 ὀλικῶς
971 1431 1048 1493 εἷς
1109 1432 1282 1505 μόνην
1312 1434 1412 1501 τὴν
1443 1433 1539 1485 τοῦ
1570 1436 1703 1486 Θεοῦ
1761 1434 2006 1504 μνήμην,

365 1516 932 1591 ἀνοικοδομηθήσεται
964 1518 1016 1574 ἐν
1069 1520 1152 1573 σοὶ
1208 1521 1443 1595 καθάπερ
1504 1519 1648 1589 ἄλλη
1713 1519 1914 1595 βοηθὸς
1972 1520 2007 1587 ἡ

363 1614 458 1664 τοῦ
518 1613 654 1665 Θεοῦ
698 1608 907 1683 ἀγάπη.
939 1610 1003 1666 Ἡ
1060 1610 1165 1684 γὰρ
1224 1609 1283 1664 ἐκ
1327 1617 1641 1686 προσευχῆς
1671 1611 1806 1665 κατὰ
1838 1607 2011 1664 διάθε-

361 1720 441 1753 σιν
509 1699 614 1773 βοὴ
672 1700 773 1767 τὴν
832 1698 975 1762 θείαν
1031 1697 1242 1774 ἀγάπην
1303 1697 1613 1767 ἀναδίδωςι,
1663 1698 1754 1754 καὶ
1810 1702 1845 1769 ἢ
1897 1699 2009 1753 θεία

2124 547 2374 611 creatus,
2423 546 2479 598 et
2527 559 2560 596 a
2605 547 2759 597 terra
2800 540 3034 596 transiit
3072 540 3129 594 in
3181 541 3438 595 animam
3467 539 3754 593 viventem

2125 632 2234 685 sub
2266 631 2469 685 afﬂatu
2502 630 2715 696 divino,
2763 628 2848 684 sic
2895 633 2954 683 et
2994 628 3260 699 spiritus,
3305 627 3404 699 qui
3438 626 3755 682 virtutibus

2122 719 2833 788 informatur,frequenter
2867 719 3046 772 Deum
3078 716 3309 771 invocat
3366 732 3512 787 pura
3562 718 3757 769 mente

2122 814 2178 864 et
2207 810 2427 864 fervore
2456 823 2690 878 magno,
2724 823 2828 877 per
2847 806 3102 861 divinam
3126 805 3520 876 operationem
3544 804 3755 858 immu-

2122 901 2299 964 tatur,
2330 896 2657 952 viviﬁcatur
2682 898 2739 949 et
2763 894 3091 963 deiﬁcatur,
3125 893 3278 965 quod
3319 892 3501 949 Deum
3536 893 3757 961 noscat

2121 990 2178 1041 et
2210 989 2384 1041 amet.

2189 1164 2242 1220 3.
2292 1162 2350 1217 Si
2398 1161 2684 1217 continuae
2728 1166 2785 1217 et
2835 1177 2993 1233 purae
3041 1159 3287 1217 orationi
3334 1158 3644 1223 institeris,
3696 1162 3753 1215 et

2119 1251 2444 1322 appetitum
2476 1266 2673 1306 rerum
2705 1254 3068 1305 terrenarum
3099 1247 3378 1321 abjeceris
3394 1252 3450 1303 et
3470 1265 3572 1319 per
3593 1263 3751 1304 som-

2119 1356 2262 1395 num
2292 1341 2488 1412 ipsum
2529 1356 2734 1395 omnes
2766 1339 3151 1411 cogitationes
3200 1344 3334 1393 tuas
3377 1337 3627 1393 erexeris
3677 1336 3750 1391 ad

2118 1428 2323 1492 Deum,
2362 1428 2411 1482 si
2441 1431 2602 1483 totus
2633 1427 2692 1482 in
2725 1427 2848 1482 sola
2896 1426 2995 1481 Dei
3039 1426 3435 1482 recordatione
3482 1426 3752 1479 firmatus

2119 1517 2320 1584 fueris,
2354 1533 2518 1572 amor
2543 1517 2639 1571 Dei
2671 1532 2771 1571 ceu
2804 1532 2989 1571 novus
3021 1515 3331 1571 auxiliator
3359 1514 3418 1569 in
3479 1518 3535 1569 te
3584 1512 3753 1568 babi-

2116 1604 2279 1660 tabit.
2317 1606 2479 1672 Quod
2514 1621 2617 1676 per
2644 1604 2910 1659 habitum
2942 1604 3225 1659 orationis
3256 1602 3362 1657 tibi
3395 1603 3547 1657 inest
3578 1601 3751 1671 adju-

2115 1692 2354 1760 torium,
2385 1692 2639 1747 divinam
2667 1693 2937 1764 producit
2965 1692 3334 1758 charitatem,
3354 1690 3609 1746 cbaritas
3648 1706 3750 1744 au-

362 1783 545 1860 ἀγάπη
615 1783 879 1855 διῦπνίζει
935 1786 1028 1840 τὸν
1089 1790 1236 1852 νοῦν,
1286 1787 1425 1862 πρὸς
1508 1786 1806 1865 φανέρωσιν
1896 1791 1999 1841 τῶν

2115 1782 2230 1834 tem
2278 1778 2515 1850 evigilat
2561 1784 2619 1833 et
2684 1778 2897 1833 excitat
2951 1779 3225 1850 spiritum
3284 1781 3350 1833 ut
3407 1776 3750 1833 abscondita

363 1874 713 1950 ἀποκρύφων.
747 1873 884 1931 Τότε
942 1874 970 1927 6
1020 1878 1166 1941 νοῦς,
1226 1878 1294 1947 τῇ
1351 1872 1532 1950 ἀγάπῃ
1593 1876 2003 1948 συναρμοσθεὶς,

358 1964 457 2031 τὴν
507 1961 695 2039 σοφίαν
739 1965 1063 2035 καρποῦται,
1094 1963 1182 2017 καὶ
1235 1959 1323 2016 διὰ
1354 1966 1453 2027 τῆς
1485 1962 1676 2038 σοφίας
1721 1965 1788 2018 τά
1846 1962 2010 2039 ἀπόρ-

363 2051 500 2126 ῥητα
528 2049 915 2125 καταγγέλλει.
945 2052 1003 2106 '0
1033 2050 1134 2125 γὰρ
1192 2050 1321 2111 Θεὸς
1365 2049 1562 2125 Λόγος,
1598 2048 1685 2105 διὰ
1724 2058 1823 2119 τῆς
1874 2050 2009 2106 κατά

356 2141 455 2209 τήν
514 2139 830 2213 προσευχὴν
885 2139 1018 2213 βοῆς
1075 2140 1212 2193 κατὰ
1270 2136 1503 2194 διάθεσιν
1572 2139 2005 2212 ὀνομαζόμενος,

359 2222 629 2301 λαμϐάνει
656 2227 754 2295 τήν
803 2229 902 2281 τοῦ
948 2230 1042 2280 νοῦ
1072 2228 1279 2296 νοήσιν,
1311 2229 1549 2302 καθάπερ
1608 2225 1847 2303 πλευρὰν
1903 2229 2003 2296 τήν

357 2320 557 2393 γνῶσιν
620 2316 924 2389 χαρίζεται,
976 2314 1065 2369 καὶ
1122 2315 1233 2368 ἀντ’
1294 2314 1459 2383 αὐτῆς
1518 2314 1849 2387 ἀναπληρῶν
1906 2316 2006 2385 τήν

355 2404 565 2479 ἀγαθὴν
596 2401 853 2468 διάθεσιν,
885 2400 1139 2477 δωρεῖται
1168 2404 1270 2471 τὴν
1320 2403 1539 2476 ἀρετὴν,
1574 2401 1859 2475 οἰκοδομεῖ
1903 2404 2000 2471 τὴν

357 2490 670 2570 φωτοποιὸν
728 2490 939 2565 ἀγάπην
993 2491 1083 2545 καὶ
1146 2492 1259 2566 ἄγει
1319 2490 1464 2564 παρά
1536 2491 1627 2545 τὸν
1684 2490 2005 2561 ἐξεστηκότα

356 2584 506 2649 νοῦν,
560 2579 650 2634 καὶ
709 2579 994 2647 ὑπνοῦντα,
1051 2578 1142 2633 καὶ
1201 2578 1611 2651 ἀναπαυόμενον
1663 2578 1768 2633 ἀπὸ
1824 2580 2001 2650 πάσης

356 2667 556 2745 γηΐνης
614 2666 1011 2740 ἐπιθυμίας.Ἡ
1069 2664 1125 2721 δὲ
1180 2666 1358 2741 ἀγάπη
1417 2665 1562 2737 ἄλλη
1618 2667 1816 2742 βοηθὸς
1866 2667 2005 2743 εὑρί-

358 2778 539 2812 σκεται
564 2760 662 2810 τοῦ
691 2756 1133 2817 καταπαύσαντος
1175 2758 1293 2827 νοῦ,
1325 2756 1431 2809 ἀπὸ
1480 2758 1580 2820 τῆς
1639 2754 1839 2830 ἀλόγου
1894 2759 2001 2810 τῶν

361 2846 628 2915 αἰσθητῶν
664 2843 1051 2920 προσπαθείας.
1079 2846 1239 2907 ’Ὁθεν
1291 2844 1378 2897 καὶ
1433 2840 1692 2911 διϋπνίζει
1739 2843 1831 2897 τὸν
1879 2847 2002 2897 νοῦν

364 2935 436 2996 ὡς
489 2933 723 3005 καθαρὸν
784 2932 861 2996 εἷς
919 2932 988 2986 τὰ
1032 2934 1132 3000 τῆς
1192 2932 1383 3009 σοφίας
1417 2931 1656 3008 ῥήματα.
1688 2931 1820 2985 Τότε
1868 2932 2004 3007 πρὸς

362 3022 524 3091 αὐτὴν
585 3022 725 3097 ὁρῶν
753 3022 786 3080 ,ὁ
817 3025 962 3089 νοῦς,
994 3019 1085 3075 καὶ
1130 3018 1591 3092 καθηδυνόμενος,
1625 3020 1721 3083 τὰς
1766 3021 2007 3095 κρυπτὰς

2113 1868 2468 1924 manifestat.
2500 1867 2608 1930 Qui
2639 1866 2909 1921 charitati
2938 1867 3317 1937 conjungitur
3358 1866 3621 1937 spiritus,
3644 1865 3750 1920 ob-

2110 1956 2257 2011 tinet
2311 1955 2661 2026 sapientiam
2716 1959 2776 2009 et
2841 1971 2943 2026 per
3016 1954 3360 2026 sapientiam
3433 1952 3750 2009 inetfabilia

2110 2048 2365 2099 enarrat.
2396 2044 2548 2098 Deus
2577 2046 2667 2097 est
2698 2043 2967 2109 Verbum,
3002 2060 3103 2115 per
3131 2043 3414 2099 orationis
3462 2041 3746 2097 auxilium

2107 2141 2163 2187 et
2192 2130 2457 2186 habitum
2477 2130 2787 2187 invocatur
2811 2157 2826 2193 ς
2848 2131 3103 2201 Spiritus
3126 2130 3482 2203 postulantis
3503 2146 3745 2186 sensum

2106 2220 2391 2291 comperit
2419 2225 2477 2275 et
2523 2219 2939 2291 cogitationem
2991 2221 3253 2275 concedit
3300 2220 3743 2281 abundantem;

2102 2310 2272 2379 juxta
2302 2310 2514 2364 bonam
2531 2309 2734 2363 animae
2747 2307 3193 2379 dispositionem
3210 2307 3461 2380 largitur
3480 2308 3745 2378 virtutes,

2109 2396 2537 2452 illuminantem
2558 2398 2639 2452 ibi
2663 2397 2904 2453 collocat
2930 2398 3272 2454 charitatem
3291 2417 3304 2465 ;
3324 2398 3592 2468 spiritum
3616 2414 3748 2453 vero

2108 2486 2913 2553 aberrantem,dormitantem
2927 2485 3377 2557 etdei‘atigatum
3394 2486 3747 2541 abomnibus

2108 2573 2306 2629 saeculi
2336 2574 2642 2628 desideriis
2674 2573 2901 2629 liberat.
2935 2574 3042 2638 Qui
3074 2575 3145 2629 ab
3178 2574 3336 2630 omni
3361 2574 3747 2629 irrationabili

2106 2666 2163 2717 et
2192 2662 2458 2717 sensibili
2501 2664 2763 2734 appetitu
2813 2662 2963 2717 liber
3004 2668 3093 2718 est
3140 2663 3406 2735 spiritus,
3460 2680 3743 2735 magnum

2108 2752 2378 2807 charitati
2408 2756 2647 2823 praestat
2676 2751 3033 2822 adjutorium
3062 2769 3076 2805 :
3102 2770 3282 2824 purus
3304 2752 3458 2808 enim
3483 2771 3516 2808 a
3536 2769 3743 2808 somno

2109 2840 2346 2895 ducitur
2373 2852 2431 2895 et
2479 2840 2838 2896 convertitur
2895 2842 2966 2896 ad
3010 2842 3185 2896 verba
3227 2842 3549 2913 sapientiae.
3592 2846 3740 2896 Dum

2111 2928 2452 2984 charitatem
2488 2929 2715 3001 aspicit,
2744 2946 3021 3001 magnam
3054 2929 3297 3002 percipit
3341 2932 3697 3002 voluptatem
3726 2947 3739 2998 ;

2111 3015 2240 3072 aliis
2290 3016 2664 3072 facultatibus
2712 3017 2984 3090 explanat
3030 3019 3403 3075 absconditae
3459 3021 3741 3075 virtutum

354 3115 460 3165 τῶν
514 3110 714 3185 ἀρετῶν
775 3106 1058 3178 διαθέσεις,
1116 3107 1205 3161 καὶ
1257 3108 1351 3171 τὰς
1408 3106 1661 3171 ἀθεάτους
1736 3106 1999 3182 ἐνεργείας

391 3206 419 3217 η
586 3198 599 3219 1
844 3204 886 3219 γε·
978 3194 1127 3219 Ἁῆκ,
1227 3193 1533 3219 §.,,__-I_
1590 3194 1674 3219 9.1
1736 3203 1827 3219 ,,~,
1926 3201 1953 3212 ’ν

2115 3106 2330 3162 formas
2355 3114 2409 3162 et
2437 3107 2741 3163 invisibles
2771 3108 3124 3180 cognitionis
3152 3109 3517 3181 operationes
3546 3109 3745 3185 verbo-

2115 3209 2237 3219 ...ι-...ι
2273 3193 2696 3219 -:.._:n-_.:-_-
2732 3195 3119 3219 --_...--_:--A

352 3206 451 3268 τῆς
496 3198 768 3273 γνώσεως,
798 3204 917 3260 τοῖς
969 3194 1165 3261 ἄλλοις
1223 3193 1678 3270 δημοσιεύει,διά
1730 3203 1830 3267 τῆς
1886 3201 1994 3252 τῶν

354 3285 536 3363 λόγων
572 3286 835 3349 ἐκτάσεως
848 3329 860 3342 .

423 3373 487 3432 δ’.
519 3376 777 3445 ’Έκστηθι
837 3373 1051 3429 πάντων
1107 3392 1215 3427 των
1267 3373 1384 3427 κατ’
1438 3369 1704 3443 α’ίσθησιν,
1749 3372 1839 3426 καὶ
1894 3393 1995 3427 κα-

350 3463 548 3520 τάλιπε
597 3463 688 3518 τὸν
743 3469 841 3532 τῆς
896 3462 1093 3537 σαρκὸς
1149 3460 1319 3534 νόμον
1354 3480 1367 3492 ⁶
1405 3462 1494 3515 καὶ
1552 3461 1579 3515 6
1630 3463 1994 3534 πνευματικὸς

352 3551 525 3625 νόμος
553 3552 886 3629 γραφήσεται
929 3553 999 3624 τῇ
1059 3552 1128 3623 σῇ
1189 3546 1416 3619 διανοίᾳ.
1449 3549 1508 3602 Ὠ
1592 3550 1693 3623 γὰρ
1750 3550 1778 3604 6
1835 3550 1996 3604 πνεύ-

359 3661 485 3714 ματι
540 3643 875 3714 περιπατῶ),
930 3637 1219 3710 ἐπιθυμίαν
1278 3638 1473 3713 σαρκὸς
1526 3637 1587 3692 οὖ
1642 3636 1811 3707 τελεῖ,
1861 3638 1996 3693 κατὰ

348 3731 442 3784 τὸν
474 3728 837 3801 Ἀπόστολον,
871 3726 1012 3781 οὕτω
1059 3728 1147 3781 καὶ
1209 3728 1237 3781 6
1293 3726 1633 3799 ἐξιστάμενος
1692 3726 1993 3798 αἰσθήσεων

345 3818 437 3872 καὶ
496 3819 796 3888 αἲσθητῶν,
854 3816 1051 3892 σαρκὸς
1108 3811 1322 3883 δηλαδὴ
1382 3815 1471 3868 καὶ
1529 3816 1760 3888 κόσμου,
1801 3815 1874 3877 εἰς
1930 3818 1992 3871 τὸ

345 3911 562 3977 πνεῦμα
606 3909 946 3980 περιπατεῖν,
990 3902 1079 3957 καὶ
1135 3902 1203 3957 τὰ
1258 3906 1354 3956 τοῦ
1411 3902 1720 3974 πνεύματος
1776 3909 1988 3978 φρονεῖν

347 3994 592 4071 ἔρχεται.
626 3995 727 4051 Καὶ
758 3998 916 4049 τοῦτε
946 3990 1260 4067 διδάχθητι,
1292 3990 1343 4061 ἐξ
1374 3992 1446 4045 ὧν
1502 3993 1530 4045 ὁ
1586 3993 1713 4054 Θεὸς
1770 3992 1846 4055 είς
1898 3993 1988 4047 τὸν

344 4082 531 4157 Ἀδάμ
559 4083 665 4156 πρὸ
693 4090 795 4152 τῆς
825 4084 1107 4157 παρακοῆς
1138 4080 1548 4154 κατειργάσατο.

417 4178 475 4228 ε’.
510 4172 618 4228 Τὸν
651 4170 774 4246 περὶ
812 4170 911 4239 τήν
937 4168 1183 4244 φυλακὴν
1232 4172 1339 4223 τῶν
1391 4166 1623 4222 ἐντολῶν
1671 4166 1988 4243 διαγωνιζό-

350 4281 535 4334 μενον,
566 4258 655 4313 καὶ
688 4258 738 4312 ἐν
763 4262 844 4329 τῷ
883 4253 1195 4332 παραδείσῳ
1249 4263 1349 4325 τῆς
1402 4264 1715 4332 προσευχῆς
1766 4254 1986 4332 διακαρ-

338 4352 621 4424 τεροῦντα,
654 4347 857 4419 καὶτῷ
888 4349 1003 4417 Θεῷ
1050 4342 1485 4419 προσεδρεύοντα
1544 4343 1631 4399 διὰ
1686 4352 1784 4415 τῆς
1842 4367 1988 4401 συνε-

339 4442 477 4512 χοῦς
510 4438 759 4510 μνήμης,
796 4436 823 4489 6
854 4434 983 4496 Θεὸς
1016 4432 1193 4504 ἐξιστᾷ
1221 4434 1325 4488 ἀπὸ
1354 4439 1460 4489 τῶν
1500 4440 1599 4503 τῆς
1655 4435 1850 4508 σαρκὸς
1897 4456 1984 4511 φι-

2109 3209 2240 3249 rum
2273 3193 2699 3265 signiﬁcatione
2729 3195 3143 3252 communicat.

2177 3371 2231 3427 4.
2274 3369 2359 3425 Ab
2412 3370 2688 3427 omnibus
2732 3371 2961 3427 abstine
3018 3371 3398 3429 sensibilibus
3447 3376 3506 3428 et
3552 3372 3741 3446 legem

2107 3456 2300 3512 carnis
2331 3457 2709 3530 derelinque:
2758 3461 2900 3513 tunc
2948 3458 3042 3513 lex
3085 3459 3339 3532 Spiritus
3386 3459 3742 3515 inscribetur

2108 3544 2267 3600 cordi
2297 3549 2418 3600 tuo.
2453 3549 2575 3611 Quo
2625 3546 2887 3602 ambulat
2933 3546 3166 3618 spiritu,
3220 3547 3509 3604 desideria
3546 3548 3741 3604 carnis

2108 3650 2223 3688 non
2255 3633 2500 3704 perﬁcit,
2533 3635 2617 3689 uti
2637 3634 2953 3705 Apostolus
2973 3634 3153 3703 dicit;
3179 3635 3278 3707 qui
3299 3652 3511 3692 sensus
3532 3642 3587 3692 et
3607 3653 3738 3693 sen-

2107 3722 2323 3787 sibilia,
2342 3738 2575 3777 carnem
2599 3724 2869 3778 videlicet
2888 3727 2944 3779 et
2963 3725 3249 3779 mundum
3266 3725 3415 3795 fugit
3442 3725 3500 3779 in
3526 3726 3737 3797 spiritu

2107 3810 2407 3864 ambulare
2443 3808 2651 3879 incipit
2696 3812 2753 3863 et
2796 3812 3140 3877 secundum,
3191 3810 3465 3880 spiritum
3512 3828 3735 3883 sapere.

2106 3899 2267 3962 Quod
2297 3901 2355 3952 et
2383 3896 2502 3952 illis
2531 3896 2639 3951 tibi
2688 3904 3051 3969 compertum
3101 3897 3176 3953 sit
3224 3915 3348 3970 qua
3392 3899 3547 3959 Deus
3604 3906 3738 3955 ante

2102 3984 2312 4043 Adami
2343 3984 2618 4040 delictum
2652 3986 2895 4056 peregit.

2171 4164 2225 4217 5.
2259 4162 2362 4217 Hic
2392 4163 2464 4217 de
2493 4162 2817 4219 divinorum
2844 4163 3251 4219 mandatorum
3274 4165 3538 4221 custodia
3559 4169 3741 4221 certat

2102 4250 2161 4306 in
2193 4250 2489 4321 paradiso,
2521 4249 2702 4306 instat
2744 4250 2994 4307 orationi
3040 4255 3096 4307 et
3135 4252 3380 4309 Domino
3428 4258 3582 4308 astat
3638 4270 3740 4324 per

2100 4337 2418 4394 orationem
2434 4338 2768 4407 assiduam;
2798 4356 2831 4394 a
2847 4339 2963 4394 Deo
2984 4339 3265 4395 liberatur
3284 4342 3355 4395 de
3369 4342 3739 4411 jucunditate

2099 4428 2504 4497 operationum
2538 4428 2750 4494 carnis,
2789 4428 2859 4482 de
2890 4427 3143 4483 motibus
3166 4445 3468 4499 sensuum,
3488 4431 3558 4485 de
3582 4447 3737 4485 men-

345 4523 594 4596 ληδόνων
649 4522 1061 4599 ἐνεργημάτων,
1114 4521 1203 4577 καὶ
1261 4521 1366 4576 ἀπὸ
1422 4523 1636 4577 πάντων
1712 4528 1819 4578 τῶν
1872 4523 1989 4578 κατ’

2115 4518 2173 4573 ;is
2205 4517 2759 4589 pbantasmatibus;
2799 4522 3069 4574 mortuus
3127 4531 3217 4574 est.
3257 4519 3632 4590 passionibus
3680 4525 3737 4575 et

344 4612 591 4685 α’ίσθησιν
647 4612 987 4686 κινημάτων,
1019 4611 1108 4666 καὶ
1150 4609 1256 4665 ἀπὸ
1313 4610 1527 4666 πάντων
1574 4615 1681 4666 τῶν
1707 4611 1843 4666 κατὰ
1872 4609 1986 4666 διά-

341 4724 491 4757 νοιαν
549 4702 877 4777 σχημάτων,
935 4700 1023 4755 καὶ
1084 4699 1273 4774 νεκρὸν
1328 4704 1447 4763 τοῖς
1518 4700 1708 4753 πάθεσι
1778 4699 1867 4754 καὶ
1919 4705 1987 4774 τῇ

349 4790 587 4868 ἁμαρτίᾳ
615 4790 1058 4860 παρασκευάζων,
1087 4794 1188 4858 τῆς
1222 4787 1366 4852 θείας
1408 4792 1553 4856 ζωῆς
1610 4786 1842 4863 μέτοχον
1894 4809 1989 4843 κα-

348 4881 618 4951 θίστησιν,
651 4880 739 4943 Ὦς
785 4879 885 4953 γὰρ
930 4879 958 4932 6
995 4877 1312 4946 ὑπνώττων,
1343 4875 1434 4929 καὶ
1486 4875 1675 4949 νεκρὸς
1729 4875 1989 4946 παρεικά-

351 4978 521 5041 ζεται,
551 4970 640 5025 καὶ
696 4974 770 5039 ζῶ
830 4968 1063 5043 ὑπάρχει
1097 4984 1114 4999 ⁶
1171 4966 1235 5020 τὸ
1284 4965 1401 5038 μὲν,
1461 4967 1529 5037 τῇ
1608 4964 1844 5040 ἐνεργείᾳ
1895 4970 1992 5021 τοῦ

350 5062 628 5127 σώματος,
656 5058 719 5113 τὸ
769 5055 846 5127 δέ,
871 5059 940 5130 τῇ
1001 5053 1276 5130 συνεργείᾳ
1304 5056 1405 5118 τῆς
1452 5055 1636 5129 ψυχῆς
1670 5071 1683 5086 ⁸
1718 5053 1860 5108 οὕτω
1902 5055 1992 5109 καὶ

351 5147 379 5201 6
437 5146 706 5219 πνεύματι
764 5145 1114 5218 παραμένων,
1146 5140 1302 5218 σαρκὶ
1364 5141 1456 5213 μὲν
1515 5141 1604 5196 καὶ
1659 5142 1851 5215 κόσμῳ
1905 5164 1992 5198 νε-

348 5239 595 5310 κροῦται,
632 5238 697 5307 ζῇ
730 5231 783 5289 δὲ
813 5237 893 5306 τῷ
919 5236 1016 5288 τοῦ
1047 5230 1354 5304 πνεύματος
1383 5231 1710 5307 φρονήματι.

422 5324 486 5386 ς’.
518 5322 583 5378 Et
635 5322 899 5397 γνώσκεις
957 5320 990 5375 ἃ
1036 5318 1291 5393 ψάλλεις,
1336 5313 1634 5391 λαμϐάνεις
1689 5318 1992 5395 ἐπίγνωσιν.

346 5412 444 5468 Ἐκ
498 5418 599 5481 τῆς
652 5409 997 5493 ἐπιγνώσεως
1046 5411 1238 5463 κτᾶσαι
1283 5404 1513 5464 σύνεσιν.
1543 5409 1637 5465 Ἐκ
1691 5409 1792 5477 τῆς
1845 5409 1995 5464 συνέ-

420 5612 466 5647 ¹¹
502 5608 660 5667 Psal.
690 5624 808 5678 XLI,
836 5607 893 5662 5.

2097 4604 2392 4661 illecebris
2421 4606 2664 4675 peccati,
2695 4604 2813 4660 imo
2844 4605 2971 4660 vitae
3008 4607 3215 4662 divinae
3245 4609 3433 4664 factus
3480 4612 3570 4664 est
3599 4626 3737 4680 par-

2096 4694 2300 4764 ticeps.
2331 4693 2415 4747 Ita
2452 4698 2511 4747 et
2544 4693 2864 4759 dormiens,
2896 4696 2954 4747 et
2984 4692 3034 4747 si
3076 4693 3247 4763 vivat,
3279 4700 3509 4751 mortuo
3537 4700 3735 4752 tamen

2102 4786 2294 4853 potest
2326 4780 2678 4836 assimilari:
2712 4781 2931 4836 cecedit
2960 4780 3115 4837 enim
3148 4784 3407 4855 corporis
3455 4786 3736 4857 operatio,

2101 4868 2345 4940 Spiritus
2378 4872 2574 4923 autem
2600 4868 2867 4940 potentiae
2898 4869 3256 4927 subsistunt:
3292 4873 3375 4928 sic
3398 4873 3495 4946 qui
3528 4875 3739 4946 spiritu

2102 4958 2452 5027 conjunctae
2486 4964 2751 5013 remanet
2782 4958 2841 5013 in
2864 4974 3057 5027 carne,
3080 4959 3218 5018 huic
3239 4961 3449 5018 saeculo
3473 4968 3741 5019 mortuus

2102 5049 2214 5114 est,
2247 5046 2386 5101 vivit
2415 5051 2612 5102 autem
2644 5063 2821 5103 sensu
2854 5048 3118 5120 spiritus.

2173 5316 2227 5370 6.
2263 5314 2322 5371 Si
2356 5313 2586 5371 noveris
2618 5331 2744 5386 quae
2775 5318 2997 5385 cantas,
3031 5317 3326 5375 notionem
3354 5318 3610 5390 acquiris
3635 5345 3649 5389 ;
3674 5336 3744 5376 ex

2108 5412 2442 5485 cognitione
2475 5412 2742 5484 procedis
2772 5414 2845 5470 ad
2877 5429 3154 5485 sensum;
3187 5432 3256 5471 ex
3285 5431 3496 5473 sensus
3524 5417 3740 5474 intelli-
