4182 6286
399 279 506 335 403

1522 289 1921 342 THEOLBPTI
1955 288 2659 342 PHILADELPHIENSIS.

3679 277 3783 331 404

403 404 604 476 gentia
630 407 700 461 ad
733 406 1080 478 cognitionis
1107 409 1385 475 tructum,
1434 409 1493 464 id
1542 416 1649 477 est,
1698 411 1769 464 ad
1828 425 2034 481 opera-
2063 412 2095 478 Α

2165 429 2283 470 rem:
2338 412 2372 478 ἡ
2429 409 2621 484 πρΞξις
2655 412 2762 463 τῶν
2817 407 3166 482 ἐγνωσμένων
3203 403 3634 482 βλαστάνεί.’8κ
3684 407 3785 469 τῆς

403 496 620 551 tionem
654 497 912 552 devenis.
946 498 1049 552 Per
1080 499 1475 568 operationem
1505 516 1638 553 vero
1683 498 2042 553 habitualem

407 584 657 655 percipis
688 586 1104 655 cognitionem,
1136 603 1253 656 qua
1283 587 1333 642 si
1363 604 1506 642 usus
1538 587 1717 642 fueris
1748 588 1817 641 ad
1848 603 2042 641 veram

407 672 934 728 considerationem
969 675 1267 745 assurgis;
1303 675 1531 740 exinde,
1566 692 1667 745 per
1707 674 2044 729 illuminan-

388 761 492 815 .tia
520 762 722 831 gratiae
754 763 926 816 verba
956 762 1142 816 oritur
1170 763 1478 833 sapientia,
1514 781 1637 833 quae
1669 763 1892 818 lumine
1940 779 2046 817 suo

412 854 670 904 mentem
698 848 982 920 adimplet
1013 854 1069 904 et
1093 850 1480 906 exterioribus
1512 850 1759 922 explicat
1789 867 1881 906 res
1910 852 2047 905 abs‘

413 938 701 995 conditas.
1755 992 1765 1002 .

484 1027 538 1081 7.
572 1026 833 1082 Primum
886 1027 1133 1099 spiritus
1181 1030 1392 1100 quzerit
1437 1035 1495 1085 et
1540 1029 1765 1086 invenit
1797 1049 1811 1098 ;
1840 1028 2048 1084 deinde

415 1114 616 1169 unitur
645 1132 777 1170 cum
834 1117 1057 1185 objecto
1108 1118 1364 1173 invento.
1411 1119 1787 1189 Investigatio
1835 1119 1901 1173 ﬁt
1949 1133 2052 1187 per

409 1204 673 1273 verbum,
722 1204 1018 1260 uniﬁcatio
1068 1211 1262 1261 autem
1312 1223 1412 1277 per
1455 1206 1818 1263 charitatem.
1876 1204 2048 1261 Verbi

411 1293 778 1365 investigatio
808 1295 1091 1350 fundatur
1118 1296 1178 1351 in
1210 1298 1471 1366 veritate,
1509 1297 1817 1353 cbaritatis
1851 1301 2047 1352 autem

416 1383 717 1437 unificatio
748 1384 811 1437 ﬁt
844 1389 1082 1455 propter
1113 1386 1357 1440 bonum.

482 1471 535 1525 8.
569 1470 674 1534 Qui
706 1486 881 1541 super
938 1472 1379 1529 ﬂuctuationem
1426 1491 1621 1529 rerum
1677 1475 2050 1546 praesentium

2146 498 2392 569 πράξεως
2420 500 2518 565 τήν
2571 498 2690 560 καθ’
2718 493 2823 565 ἕξιν
2882 499 3080 568 γνῶσιν
3138 495 3459 565 καρποῦσαι.
3492 490 3554 544 'H
3616 486 3673 542 δὲ
3732 488 3784 541 ἐν

2146 586 2306 659 πείρᾳ
2359 590 2554 661 γνῶσις
2601 587 2700 653 τὴν
2753 583 2935 653 ἀληθῆ
3012 580 3235 657 θεωρίαν
3296 575 3641 633 ἀναδίδωσιν.
3695 578 3787 630 Ἐκ

2145 676 2345 745 ταύτης
2375 678 2408 744 ἡ
2433 674 2596 749 σοφία
2626 672 2907 730 ἀνατέλλει
2951 671 3039 727 διὰ
3066 677 3169 727 τῶν
3231 664 3567 746 φωτοὸόλων
3603 666 3783 741 λόγων

2145 773 2245 833 τῆς
2300 766 2550 841 χάριτος,
2581 767 2672 820 τὸν
2732 765 2861 839 ἀὲρα
2912 767 3009 832 τῆς
3069 760 3310 823 διανοίας
3348 760 3663 834 πληροῦσα,
3696 756 3787 810 καὶ

2146 861 2267 918 τοῖς
2297 852 2398 926 ἕξω
2430 854 2762 933 διασαφοῦσα
2788 856 2857 910 τὰ
2884 854 3255 927 κεκρυμμένα.

2225 1036 2285 1103 ζ’.
2317 1038 2539 1107 Πρῶτον
2569 1035 2597 1089 ὁ
2626 1055 2751 1097 νους
2782 1039 2929 1102 ζητει
2959 1032 3049 1086 καὶ
3099 1030 3332 1105 εὑρίσκει
3366 1046 3378 1060 ’
3414 1026 3526 1080 εἶτα
3582 1024 3790 1079 ἑνουται

2150 1128 2230 1194 τῷ
2258 1123 2548 1196 εὑρεθέντι,
2571 1124 2660 1177 καὶ
2689 1123 2788 1190 τὴν
2843 1122 2936 1193 μὶν
2989 1122 3213 1190 ζήτησιν
3266 1120 3503 1171 ποιεῖται
3552 1110 3661 1167 διὰ·
3692 1115 3792 1165 τοῦ

2153 1209 2343 1286 λόγου,
2370 1212 2469 1279 τὴν
2504 1208 2561 1265 δὲ
2584 1208 2773 1265 ἕνωσιν
2806 1207 2895 1263 διὰ
2922 1215 3022 1277 τῆς
3051 1205 3283 1281 ἀγάπης.
3317 1203 3419 1261 Καὶ
3464 1204 3500 1272 ἡ
3554 1200 3647 1274 μὶν
3705 1196 3795 1252 διὰ

2151 1304 2248 1354 τοῦ
2278 1299 2448 1373 λόγου
2481 1301 2705 1369 ζήτησις
2731 1298 2936 1372 γίνεται
2967 1294 3055 1350 διὰ
3081 1297 3179 1365 τὴν
3205 1292 3494 1362 ἀλήθειαν,
3516 1292 3551 1359 ἡ
3602 1286 3659 1343 δὶ
3692 1294 3789 1357 τῆς

2156 1387 2370 1462 ἀγάπης
2397 1385 2586 1449 ἓνωσις
2617 1384 2706 1441 διὰ
2732 1387 2793 1441 τὸ
2823 1385 3044 1460 ἀγαθόν.

2228 1482 2295 1545 η’.
2332 1478 2391 1533 '0
2446 1477 2543 1544 τήν
2599 1472 2780 1550 ῥοώδη
2840 1479 2946 1528 τῶν
2996 1470 3281 1546 παρόντων
3326 1469 3482 1547 φύσιν
3535 1460 3796 1539 ὒπερϐαί-

415 1559 698 1625 ascendit,
733 1575 838 1615 nec
866 1561 936 1615 ad
971 1564 1385 1631 praetereuntia
1416 1563 1594 1619 habet
1624 1565 1916 1631 affectum,
1961 1562 2053 1615 hic

2165 1585 2287 1634 νων,
2336 1565 2424 1618 καί
2479 1565 2579 1632 τὴν
2640 1561 2928 1634 ἰπιθυμίαν
2982 1565 3090 1615 τῶν
3138 1559 3567 1635 παρερχομένων
3625 1574 3796 1628 παρα-

415 1664 530 1703 non
561 1648 806 1717 despicit
836 1651 906 1703 ad
959 1648 1161 1705 inﬁma
1211 1668 1400 1722 neque
1450 1652 1713 1722 speciosa
1758 1652 2056 1707 desiderat

2165 1652 2393 1727 τρέχων,
2425 1650 2486 1705 οὐ
2544 1650 2731 1725 βλέπει
2790 1648 2878 1704 ἐπὶ
2934 1650 3000 1704 τὰ
3053 1649 3223 1715 κάτω,
3286 1644 3385 1700 οὐκ
3439 1643 3689 1704 ἐπιποθεῖ
3732 1639 3798 1694 τὰ

418 1736 598 1806 hujus
629 1737 855 1791 mundi.
889 1742 994 1791 Ast
1020 1738 1218 1794 oculos
1267 1757 1505 1795 sursum
1554 1742 1730 1809 tollit,
1776 1741 2052 1796 caelorum
2085 1754 2095 1818 ]

2165 1740 2336 1813 ὡραῖα
2391 1744 2491 1807 τῆς
2543 1744 2674 1811 γῆς·
2716 1733 2860 1791 ἀλλά
2912 1734 3006 1796 τὰς
3058 1731 3164 1788 ἅνω
3196 1732 3406 1805 ὁράσεις
3440 1726 3797 1818 ἀνοιγομένας

419 1824 919 1895 pulchritudinem
944 1826 1171 1895 aspicit,
1188 1827 1588 1883 etl'elicitatem
1605 1829 1856 1885 intuitur
1877 1827 2055 1882 nullis
2085 1812 2095 1818 ’

2165 1812 2302 1900 ἔχει,
2350 1826 2439 1879 καὶ
2512 1826 2579 1879 τά
2652 1824 2705 1879 ἐν
2771 1824 3044 1898 οὐρανοῖς,
3083 1819 3398 1876 κατοπτεύει
3455 1814 3661 1885 κάλλη,
3711 1812 3801 1868 καὶ

422 1911 931 1967 vicissitudinibus
960 1913 1295 1970 obnoxiam.
1326 1914 1431 1977 Qui
1466 1916 1712 1971 terrenis
1760 1916 1949 1971 inhiat
2002 1918 2061 1968 et

2165 1916 2264 1983 τήν
2313 1919 2421 1968 τῶν
2477 1913 2765 1985 ἀκηράτων
2820 1911 3208 1967 κατασκοπεόει
3270 1905 3663 1981 μακαριότητα.
3712 1902 3799 1962 Ὠς

422 1998 951 2069 carnisvoluptates
974 1999 1325 2071 insequitur,
1349 2004 1580 2058 clausos
1604 2004 1777 2059 habet
1796 2003 1990 2073 caelos,
2006 2005 2063 2056 et

2165 2004 2283 2076 γὰρ
2322 2007 2402 2073 τῷ
2458 2003 2813 2076 ὲπιχάσκοντι
2867 2006 2987 2062 ταῖς
3045 1998 3201 2060 ὕλαις
3239 2004 3340 2067 τῆς
3366 2002 3488 2070 γῆς,
3517 1992 3609 2048 καὶ
3666 1992 3803 2067 πρὸς

420 2086 664 2157 spiritus
693 2085 894 2141 oculos
924 2087 1337 2158 obnubilatos;
1374 2090 1475 2161 qui
1506 2095 1701 2147 autem
1758 2090 2063 2147 terrestria

2165 2092 2258 2153 τὰς
2288 2089 2489 2160 ἡδονὰς
2519 2094 2619 2155 τῆς
2659 2091 2855 2165 σαρκὸς
2905 2088 3241 2163 ὲγκύπτοντι,
3272 2083 3617 2155 κεκλειμένοι
3674 2078 3806 2137 εἰσὶν

420 2175 743 2230 contemnit
772 2178 829 2230 et
861 2176 1113 2247 projicit,
1148 2183 1403 2233 mentem
1435 2179 1622 2234 elevat
1652 2180 1722 2234 ad
1773 2196 2050 2249 superna,

417 2265 756 2321 aeternitatis
785 2266 1029 2335 gloriam
1062 2267 1292 2338 aspicit,
1326 2274 1383 2323 et
1432 2273 1787 2325 reservatam
1836 2269 2056 2324 sanctis

417 2352 738 2409 claritatem
770 2354 1079 2425 intelligit;
1101 2356 1551 2413 descendentem
1576 2358 1780 2427 recipit
1801 2358 2057 2413 cbarita-

419 2447 537 2497 tem
599 2444 720 2513 Dei,
777 2442 840 2497 ﬁt
897 2444 1183 2515 templum
1242 2446 1496 2517 Spiritus
1554 2446 1762 2511 sancti,
1822 2446 2068 2517 requirit

429 2533 706 2587 mandata
760 2532 976 2602 divina,
1035 2532 1253 2603 Spiritu
1311 2535 1410 2589 Dei
1470 2535 1836 2604 conducitur,
1895 2541 1949 2589 et
2004 2534 2066 2588 in

426 2619 681 2674 ﬁliorum
733 2620 1106 2690 adoptionem
1161 2622 1411 2693 transit;
1470 2621 1793 2694 complacet
1841 2628 1953 2678 Deo
2012 2627 2069 2677 et

428 2707 613 2763 Deum
671 2707 846 2762 habet
903 2707 1386 2779 complacentem,
1446 2710 1531 2765 uti
1589 2710 1874 2781 scriptum
1933 2715 2066 2767 est:

427 2805 459 2845 ‘«
509 2797 806 2868 Quotquot
852 2797 1073 2867 Spiritu
1125 2798 1222 2854 Dei
1272 2804 1550 2871 aguntur,
1611 2799 1725 2871 ipsi
1781 2804 1921 2856 sunt
1965 2798 2070 2853 ﬁlii

360 2901 368 2907 '
408 2883 537 2939 .Dei
568 2884 637 2940 ²².
673 2908 702 2936 ››

501 3153 814 3224 Nunquam
850 3156 906 3207 et
937 3170 1006 3207 ne
1040 3168 1223 3207 unum
1250 3152 1487 3223 quidem
1516 3151 1694 3223 diem,
1718 3154 1855 3209 dum
1889 3156 2069 3213 ducas

432 3241 709 3311 spiritum
722 3240 1101 3307 ,infirmitatis
1115 3257 1291 3296 causa
1304 3243 1713 3312 praetermittas
1724 3244 2069 3315 orationem;

431 3329 718 3384 dicentem
739 3329 977 3384 audias:
1005 3353 1032 3379 «
1050 3328 1192 3383 Cum
1210 3329 1633 3395 inﬁrmor,tunc
1649 3336 1855 3400 potens
1870 3350 2025 3388 sum.
2040 3355 2068 3384 »

434 3417 594 3482 Quod
618 3416 666 3470 si
692 3416 920 3486 feceris,
945 3434 1215 3488 magnam
1240 3418 1526 3488 percipies
1540 3418 2072 3489 utilitatem;oratio

436 3504 595 3560 enim
626 3504 783 3559 brevi
818 3508 873 3559 te
905 3505 1255 3571 sublevabit,
1299 3505 1498 3561 divina
1545 3517 1888 3578 cooperante
1943 3526 2074 3582 gra-

2170 2181 2223 2234 οἱ
2274 2180 2514 2252 οὐρανοὶ,
2547 2181 2619 2239 ὡς
2663 2178 2789 2241 τοὺς
2841 2177 3063 2252 νοεροῦς
3109 2173 3432 2250 ὀφθαλμοὺς
3492 2170 3804 2243 ἑσκοτισμὲ-

2168 2290 2295 2330 νους
2322 2266 2509 2343 ἔχοντι
2542 2287 2554 2299 ·
2589 2268 2761 2329 οὕτως
2794 2268 2823 2322 ὁ
2852 2270 3191 2344 περιφρονῶν
3222 2264 3289 2318 τὰ
3332 2263 3481 2318 κάτω
3536 2259 3627 2315 καὶ
3676 2258 3809 2315 ἀπο·

2172 2356 2561 2434 στρεφόμενος,
2597 2356 2883 2431 μετάρσιον
2935 2350 3050 2429 ἔχει
3098 2354 3189 2408 τὸν
3230 2356 3376 2418 νοῦν,
3417 2350 3506 2405 καὶ
3556 2349 3657 2417 τὴν
3705 2347 3813 2401 τῶν

2175 2442 2366 2499 ἀϊδίων
2395 2446 2494 2520 ὁρᾷ
2547 2444 2725 2514 δόξαν,
2754 2442 2842 2498 καὶ
2894 2444 2993 2511 τὴν
3043 2440 3411 2513 ἀποκειμένην
3465 2443 3585 2494 τοῖς
3639 2436 3815 2511 ἁγίοις

2172 2538 2424 2587 κατανοεῖ
2454 2531 2837 2605 λαμπρότητα.
2868 2528 3043 2591 Οὗτος
3089 2528 3179 2583 καὶ
3208 2528 3306 2596 τὴν
3353 2525 3450 2582 τοῦ
3498 2528 3633 2580 Θεοῦ
3680 2522 3814 2597 ἀγά-

2143 2640 2281 2689 νπην
2337 2618 2531 2682 ἄνωθεν
2588 2622 2877 2674 κατιοῦσαν
2938 2616 3021 2672 ἐπ’
3077 2616 3237 2672 αὐτὸν
3276 2612 3515 2690 δέχεται,
3545 2614 3638 2667 καὶ
3688 2610 3811 2671 ναὸς

2173 2711 2270 2763 τοῦ
2311 2706 2462 2781 ἀγίου
2492 2707 2803 2779 Πνεῦματος
2840 2706 3066 2781 γίνεται,
3096 2704 3187 2759 καὶ
3240 2704 3309 2758 τὰ
3363 2704 3479 2757 θεῖα
3528 2700 3814 2771 θελήματα

2177 2796 2445 2863 ἐπιποθεῖ,
2476 2796 2567 2851 καὶ
2626 2795 2891 2869 πνεύματι
2949 2798 3081 2849 Θεοῦ
3137 2792 3342 2867 ἄγεται,
3394 2791 3483 2845 καὶ
3542 2788 3811 2852 υἱοθεσίας

2176 2885 2541 2954 καταξιοῦται,
2573 2884 2783 2939 καὶτὸν
2814 2884 2942 2939 Θεὸν
2992 2881 3110 2958 ἔχει
3166 2879 3487 2937 εὖδοκοῦντα
3538 2878 3632 2933 καὶ
3688 2878 3815 2951 ἀρε-

2180 2975 2441 3048 σκόμενον
2476 2976 2644 3047 αὐτῷ.
2676 2997 2705 3027 ι(
2731 2976 2891 3032 τὈσοι
2918 2974 3019 3048 γὰρ
3059 2976 3191 3028 Θεοῦ
3242 2968 3513 3043 πνεύματι
3568 2965 3813 3043 ἄγονται,

2182 3064 2332 3121 οὗτοί
2353 3064 2483 3119 εἰσιν
2516 3064 2624 3120 υἱοὶ
2655 3069 2809 3121 Θεοῦ.
2842 3089 2866 3119 ε

2251 3154 2416 3227 Χάριν
2447 3154 2716 3216 ἀσθενείας
2751 3154 2826 3225 μὴ
2861 3153 3016 3226 ἐάσῃς
3059 3152 3161 3220 τήν
3196 3149 3363 3225 εὐχὴν
3402 3148 3523 3219 μίαν
3574 3144 3664 3201 καὶ
3716 3144 3817 3218 μό-

2178 3264 2277 3311 νην
2317 3243 2525 3318 ἡμέραν
2583 3239 2688 3304 ἕως
2745 3240 2997 3315 ἐμπνὲῃς,
3057 3238 3269 3295 ἀκούων
3330 3241 3428 3293 τοῦ
3512 3235 3813 3309 λέγοντος*

2179 3335 2343 3389 Ὅταν
2376 3330 2604 3399 ἀσθενῶ,
2635 3329 2755 3385 τότε
2787 3327 3009 3391 δυνατός
3056 3328 3169 3402 εἶμι
3202 3346 3216 3361 ⁶
3257 3331 3419 3384 τοῦτο
3472 3325 3572 3402 γάρ
3622 3327 3817 3395 ποιῶν,

2186 3419 2449 3493 μειζόνως
2481 3418 2835 3497 ὠφεληθήσᾳ,
2864 3417 2955 3473 καὶ
2999 3416 3133 3487 αὕτη
3186 3415 3237 3471 ἐν
3287 3414 3541 3487 συντόμῳ
3588 3433 3645 3467 σε
3691 3412 3818 3466 ἀνα-

2183 3509 2388 3577 στήσει,
2421 3507 2782 3582 συνεργούσης
2826 3514 2926 3577 τῆς
2982 3506 3209 3581 χάριτος
3240 3524 3253 3538 ⁸
3300 3504 3438 3559 ὅπου
3490 3503 3593 3578 γὰρ
3649 3499 3819 3568 παρά-

436 3591 559 3661 tia;
592 3591 692 3647 ubi
724 3592 1043 3648 consolatio
1095 3592 1367 3664 Spiritus,
1416 3592 1498 3648 ibi
1546 3611 1664 3651 non
1713 3598 2079 3667 permanebit

2181 3595 2381 3667 κλησις
2433 3597 2762 3671 πνεύματος,
2820 3595 3060 3661 ἀσθένεια
3112 3595 3147 3665 ἢ
3207 3590 3408 3664 ἀκηδία
3476 3590 3576 3646 οὐκ
3631 3589 3820 3663 ἆπιμέ-

437 3678 754 3735 inﬁrmitas
787 3695 893 3736 nec
922 3681 1182 3739 taedium.

511 3847 558 3883 ⁸³
587 3847 759 3905 Joan.
792 3865 833 3917 ι,
861 3848 946 3904 12.

2185 3704 2284 3743 νει.

1579 4250 2711 4417 THEOLEPTI

989 4531 2229 4632 PHILADELPHIENSIS
2318 4538 3289 4635 METROPOLIT/E.

1350 4736 1479 4825 CA
1495 4737 1938 4828 NTICUM
1997 4736 2931 4829 COMPUNCTIONIS

1619 4919 1711 4979 Ex
1744 4919 2147 4982 meditatione
2179 4919 2396 4981 aeterni
2420 4918 2661 4999 judicii.

1605 5076 1776 5148 (Bibl.
1816 5080 1917 5136 PP.
1954 5080 2049 5137 ed.
2081 5080 2264 5152 Lugd.
2296 5084 2441 5137 tom.
2471 5079 2680 5151 XXII.)

1157 5390 1295 5447 ODE
1334 5388 1378 5447 Ι.

528 5481 821 5553 Agedum,
852 5479 1050 5536 anima
1070 5477 1420 5548 miserrima,
1450 5478 1695 5537 seclusis
1725 5481 1903 5552 hujus
1957 5481 2088 5537 vitaa

462 5571 643 5642 curis,
669 5576 724 5626 et
751 5567 1025 5625 vitiorum
1058 5568 1531 5640 cogitationibus,
1563 5572 1874 5643 carnisque
1918 5569 2087 5627 volu-

2112 5398 2165 5463 D’
2195 5398 2479 5468 ptatibus,
2511 5355 2692 5455 futuri
2722 5401 2912 5455 status
2939 5396 3249 5455 hominum
3280 5393 3591 5453 horribilia
3638 5391 3835 5452 consi-

2200 5486 2357 5541 dera.

2267 5575 2685 5649 Angoringens
2707 5578 2763 5632 et
2781 5575 2962 5632 timor
2980 5573 3293 5648 plurimus,
3314 5573 3575 5632 animam
3595 5585 3827 5630 omnem
