4182 6286
363 397 469 451 405

1556 400 1925 455 ΟΔΝΤῘΟΠΜ
1963 398 2558 456 ΟΟΜΡῙΙΝΟΤΙΟΝΙΒ.

3648 395 3753 460 ιοβ

359 525 636 592 incesset,
667 522 900 592 quando
950 520 1286 578 mortalium
1334 539 1469 579 ossa
1508 524 1704 579 omnia
1753 539 2006 579 concur-
2035 524 2088 590 Α
2187 521 2387 575 Divina
2416 521 2543 576 luce
2575 525 2698 590 tua,
2732 539 2763 576 a
2795 522 2964 590 bona,
2993 521 3245 578 animam
3277 536 3464 577 meam
3493 521 3748 578 affectio-

361 610 574 678 santia,
607 627 745 665 suas
789 626 1035 680 quaeque
1084 611 1634 681 coagmentationes,
1668 616 1724 668 et
1765 613 2002 682 junctu-

359 715 452 753 ras
478 698 795 769 diligenter
825 698 1145 767 requirent.

434 787 718 841 Universa
749 794 920 851 terra,
951 788 1107 841 velut
1137 786 1350 843 mulier
1381 804 1708 859 praegnans,
1743 805 1870 843 cum
1896 792 2005 843 tre-

366 891 526 929 more
560 880 822 930 mortuos
853 891 991 929 suos
1019 877 1085 930 ad
1131 892 1350 930 annum
1381 877 1528 930 edet.
1583 878 1744 931 Tuba
1791 877 2003 948 quippe

361 963 724 1018 horrendum
763 963 1096 1029 insonante,
1133 964 1286 1020 illico
1339 965 1748 1036 unusquisque
1779 967 1847 1020 de
1879 965 2001 1020 loco

371 1052 666 1107 redivivus
699 1053 974 1123 prodibit.

441 1140 524 1193 Ad
561 1156 728 1210 opem
759 1144 945 1205 tuam,
978 1157 1078 1195 ceu
1107 1142 1176 1195 ad
1209 1145 1430 1211 petram
1457 1145 1761 1212 tutamque
1792 1142 2003 1197 ancho-

373 1244 523 1293 ram,
557 1227 936 1282 immaculata
970 1228 1141 1299 Virgo
1194 1229 1480 1299 confugio.
1515 1229 1595 1284 Ne
1643 1246 1734 1285 me
1774 1230 2001 1300 repelle,

366 1316 470 1370 sed
504 1315 677 1370 toties
700 1315 757 1370 in
789 1321 1022 1386 peccata
1053 1317 1281 1388 lapsum
1313 1319 1488 1389 erige.

1063 1423 1200 1477 ODE
1236 1426 1305 1478 ΙΙ.

432 1506 626 1562 Flebis
679 1509 922 1574 affatim,
975 1515 1031 1564 et
1088 1512 1340 1580 gemitus
1391 1513 1558 1568 dabis
1590 1512 1759 1578 altos,
1806 1513 2005 1568 anima

363 1611 488 1649 mea
522 1597 757 1664 quando
789 1597 1057 1651 omnium
1092 1597 1444 1654 saeculorum
1491 1600 1768 1654 mortales
1815 1603 2003 1653 nudos

359 1699 683 1754 resurgere,
711 1689 767 1739 et
800 1690 934 1740 ante
985 1686 1270 1758 judicem,
1329 1689 1430 1758 qui
1492 1689 1836 1744 muneribus
1886 1705 2000 1743 non

360 1772 788 1842 Corrumpitur,
817 1778 973 1829 stare
1001 1775 1246 1830 videbis.

2110 627 2248 664 num
2280 610 2568 664 malorum
2600 611 2853 665 tenebris
2887 611 3130 664 offusam
3157 609 3424 664 illulnina
3447 626 3460 664 :
3486 626 3601 681 quo
3624 614 3749 664 tan-

2110 715 2282 767 quam
2315 698 2469 753 filius
2516 698 2665 752 lucis
2712 716 2887 769 opera
2939 698 3084 753 lucis
3131 699 3371 766 faciens,
3413 717 3446 752 a
3494 698 3749 753 tenebris

2111 787 2492 841 exterioribus
2526 787 2758 842 liberer.

2806 884 2942 939 ODE
2989 889 3053 939 V.

2181 972 2344 1026 Mens
2371 977 2424 1026 et
2457 989 2622 1028 renes
2658 973 3134 1042 contremiscent,
3171 973 3268 1028 ubi
3310 973 3628 1029 terribilem
3679 973 3747 1028 il-

2110 1060 2224 1114 lius
2238 1062 2388 1114 tubis
2404 1060 2735 1132 clangorem
2752 1063 3188 1134 clamoremque
3210 1062 3526 1126 audierint,
3541 1063 3748 1134 Abyssi

2111 1149 2513 1219 ingemiscent,
2533 1155 2590 1204 et
2618 1150 2862 1204 virtutes
2891 1149 3167 1204 cmlorum
3201 1151 3748 1206 commovebuntur.

2181 1238 2479 1293 Invenient
2511 1255 2624 1308 quo
2658 1238 2968 1305 divertant,
2993 1238 3094 1310 qui
3122 1239 3347 1309 lugent,
3373 1238 3588 1310 quippe
3611 1256 3752 1310 pau-

2112 1343 2274 1397 peres
2308 1335 2444 1382 sunt
2474 1328 2796 1382 secundum
2832 1327 3040 1394 Deum,
3070 1332 3126 1382 et
3153 1328 3483 1383 castitatem
3527 1327 3746 1396 colunt,

2111 1421 2166 1470 et
2189 1416 2287 1485 qui
2321 1433 2419 1486 per
2449 1417 2599 1470 viam
2635 1421 2948 1487 augustam
3003 1416 3327 1481 ambulant,
3377 1421 3551 1488 atque
3591 1418 3747 1472 Eden

2111 1503 2507 1558 hereditatem
2542 1504 2776 1573 habent,
2811 1504 2870 1558 in
2921 1503 3332 1559 mansionibus
3383 1504 3748 1560 intemeratis

2111 1597 2539 1663 permanentes.

2181 1680 2395 1734 Divites
2425 1681 2713 1734 ardebunt
2746 1681 2878 1752 igne
2909 1681 3315 1748 humanitatis,
3358 1685 3414 1736 et
3464 1697 3750 1752 pauperes

2109 1767 2167 1821 in
2203 1768 2618 1833 tabernaculis,
2650 1779 2822 1839 alque
2853 1771 2910 1823 in
2944 1769 3077 1824 sinu
3107 1770 3350 1824 Abrahae
3383 1770 3751 1840 conspicien-

432 1861 493 1914 In
528 1860 852 1915 novissimo
885 1867 940 1916 et
988 1863 1239 1918 terrifico
1297 1863 1398 1918 illo
1455 1865 1570 1932 die,
1627 1865 1835 1920 fratres
1867 1865 2000 1929 mei,
2034 1885 2081 1949 Β
2112 1862 2218 1925 tes,
2253 1864 2670 1949 guttamgaquaa
2721 1860 3029 1929 rogabunt,
3065 1876 3167 1914 nec
3212 1861 3321 1915 erit
3368 1861 3468 1933 qui
3499 1860 3614 1916 illis
3648 1861 3745 1914 tri-

361 1963 565 2002 omnes
598 1947 717 2003 illic
748 1949 1049 2018 sistemur,
1082 1951 1140 2004 in
1198 1953 1317 2006 ictu
1375 1953 1547 2007 oculi.
1581 1953 1728 2007 Nam
1761 1958 1817 2008 et
1871 1955 2003 2007 ferae

360 2035 583 2104 bestiae,
634 2041 692 2091 et
743 2037 1027 2104 volucres,
1079 2043 1135 2093 et
1183 2038 1375 2110 pisces
1434 2041 1838 2096 devoraverint
1882 2041 2006 2095 red-

363 2125 522 2179 dent.

435 2213 694 2284 Rapidus
725 2215 878 2286 ignis
936 2216 1170 2283 ﬂuvius,
1229 2217 1428 2285 colles,
1489 2223 1719 2275 montes
1745 2223 1800 2274 et
1830 2236 2006 2290 opera

362 2303 670 2358 hominum
705 2321 807 2375 per
846 2309 1030 2360 terras
1079 2307 1339 2362 furenter
1389 2308 1685 2364 absumet.
1727 2309 2006 2364 Flamma:

359 2391 639 2445 universa
666 2392 1032 2462 depascentis
1065 2392 1350 2464 impetum
1398 2399 1454 2448 et
1510 2394 1699 2449 minas
1732 2395 1863 2466 quis
1890 2411 2004 2449 non

366 2479 788 2549 pehorrescet?

434 2568 559 2622 Non
592 2573 680 2623 est
709 2569 979 2624 ﬁdelibus
1000 2573 1202 2640 portus
1233 2569 1587 2643 alius,Virgo
1612 2572 2004 2639 sanctissima,

361 2661 574 2726 praeter
601 2661 656 2712 te
680 2674 806 2728 quae
856 2658 1176 2723 Christum,
1209 2659 1670 2728 tanquillitatem
1723 2661 2007 2714 securita-

363 2749 602 2814 temque
632 2749 917 2813 nostram,
951 2744 1226 2815 genuisti.
1263 2746 1398 2808 Quae
1451 2763 1653 2800 omnes
1688 2745 2007 2800 vexationi-

364 2831 497 2900 bus,
530 2837 589 2886 et
631 2833 866 2903 injuriis
901 2833 1125 2887 inimici
1170 2834 1452 2888 damonis
1506 2851 1609 2889 ceu
1665 2839 2008 2904 tempestate

366 2920 640 2988 jactatos,
673 2921 858 2992 quieti
885 2938 950 2976 ac
982 2921 1158 2976 saluti
1191 2923 1472 2977 restituis.

440 3009 574 3064 Tria
615 3011 728 3066 ista
778 3010 978 3079 timeo,
1011 3029 1042 3065 ο
1076 3011 1270 3065 anima
1306 3027 1318 3065 :
1351 3027 1652 3081 egressum
1685 3026 1714 3065 e
1747 3027 2006 3080 corpore.

368 3094 426 3148 in
456 3094 598 3149 hora
632 3097 833 3151 mortis
865 3113 1174 3151 occursum
1230 3097 1498 3151 veniente
1549 3098 1847 3151 communi
1881 3114 2006 3152 om—

361 3181 525 3237 nium
555 3184 755 3254 judice
789 3202 801 3239 :
835 3191 891 3240 et
915 3202 1093 3256 quam
1145 3186 1300 3240 idem
1352 3185 2005 3256 pronuntiabitjustam

375 3271 772 3345 incorruptam
801 3274 1178 3329 sententiam.

1043 3371 1181 3426 ODE
1230 3371 1331 3426 ΙΙΙ.

436 3459 616 3513 Terra
647 3459 1295 3529 inﬂammabitur,mare
1319 3462 1581 3515 subsidet
1603 3479 1668 3517 ac
1690 3462 2006 3528 decrescet;

366 3563 464 3601 aer
494 3549 876 3616 concutietur,
911 3554 966 3603 et
997 3554 1188 3604 totum
1221 3548 1431 3604 caelum
1457 3549 1799 3617 involvetur,
1833 3549 2009 3604 lumi-

366 3653 442 3690 na
472 3641 529 3690 et
559 3641 715 3691 astra
743 3637 872 3706 ejus
904 3638 1191 3693 decident.
1246 3640 1544 3704 Quomodo
1595 3639 1733 3704 haec,
1789 3638 2006 3705 anima,

365 3725 738 3780 sustinebis?

437 3813 875 3869 Lamentaberis
908 3815 1296 3883 vehementer,
1316 3817 1515 3870 anima
1541 3832 1688 3882 mea,
1715 3832 1846 3869 cum
1873 3815 2007 3869 mis-

361 3915 462 3954 sos
503 3900 772 3956 festinato
805 3903 1063 3973 angelos,
1090 3919 1122 3957 a
1152 3908 1404 3974 quatuor
1452 3907 1740 3957 terrarum
1790 3903 2008 3957 finibus

363 3989 514 4044 Deos
546 3988 789 4060 placitos
821 4007 1174 4061 congregare
1218 4006 1438 4045 cernes.

435 4077 536 4146 En,
571 4081 760 4132 totum
792 4095 979 4149 genus
1015 4080 1342 4133 humanum
1378 4078 1693 4133 attonitum
1727 4078 2004 4149 stupebit,

364 4182 498 4220 cum
523 4167 782 4235 judicem
815 4167 983 4222 illum
1016 4168 1460 4222 formidandum
1507 4166 1564 4220 in
1617 4168 1762 4221 duas
1813 4171 2007 4237 partes

362 4254 649 4324 quidquid
681 4260 769 4310 est
799 4256 1105 4311 hominum
1159 4261 1583 4325 secernentem,
1620 4259 1676 4309 et
1706 4255 2003 4310 actionum

362 4343 616 4397 truitinae
645 4345 1058 4413 subjicientem
1091 4344 1435 4400 intuebitur.

436 4431 570 4486 Dies
601 4432 1002 4487 retributionis
1035 4435 1227 4487 veniet
1260 4434 1412 4488 sicut
1445 4433 1538 4486 fur
1565 4432 1625 4487 in
1660 4437 1847 4501 nocte,
1873 4449 2003 4503 pec-

364 4523 586 4574 catores
619 4537 822 4575 omnes
852 4526 1169 4576 exterrens.
1204 4523 1350 4576 Tum
1380 4528 1440 4576 tu
1475 4529 1635 4577 casta
1665 4526 1867 4588 Mater,
1894 4521 2000 4573 mi-

360 4612 518 4663 serta
552 4609 693 4679 mei,
721 4627 754 4664 a
785 4609 1076 4680 supplicio
1110 4626 1201 4665 me
1233 4611 1486 4665 vindica.

1045 4719 1184 4774 ODE
1226 4719 1320 4774 ιν.

433 4806 625 4860 Pudor
645 4811 702 4861 et
731 4807 997 4861 confusio
1028 4807 1251 4876 operiet
1280 4807 1455 4861 facies
1505 4823 1704 4861 eorum
1755 4807 1854 4876 qui
1889 4806 2002 4861 sibi

361 4894 535 4948 verbo
567 4900 625 4949 et
656 4910 827 4965 Opere
859 4895 1311 4950 commissorum
1345 4894 1564 4949 conscii
1608 4895 1840 4948 fuerint.
1875 4899 2001 4948 Ete-

363 4982 487 5036 nim
519 4982 778 5037 actiones
805 4999 944 5038 suas
976 4999 1182 5037 omnes
1211 4982 1372 5036 vultu
1417 4982 1544 5052 ipso
1593 4981 2004 5051 inseparabili-

361 5074 452 5125 ter
475 5086 588 5141 prae
620 5087 681 5126 se
705 5087 903 5125 rerens
931 5070 1341 5142 unusquisque
1373 5076 1657 5140 resurget.

436 5165 484 5213 A
515 5175 614 5212 rea
642 5163 700 5213 et
716 5158 1044 5230 ﬂagellante
1065 5158 1421 5214 conscientia
1442 5157 1629 5226 liberi,
1655 5157 1870 5213 fiducia
1888 5158 2004 5229 ple-

363 5246 424 5300 ni
484 5250 542 5301 et
598 5246 814 5302 hilares
873 5248 1241 5318 apparebunt
1291 5245 1442 5316 justi
1495 5261 1718 5302 omnes.
1751 5247 2002 5302 Suorum

362 5335 582 5406 quippe
630 5335 897 5390 laborum
947 5335 1387 5406 multorumque
1441 5335 1827 5390 certaminum
1877 5353 2003 5408 quae

362 5423 676 5478 subierunt
708 5424 1034 5478 mercedem
1066 5425 1506 5493 exspectabunt.

428 5511 770 5568 Clarisonus
799 5517 925 5565 tum
959 5511 1177 5566 clamor
1211 5511 1363 5566 dicet
1411 5527 1422 5566 :
1455 5512 1596 5565 Ecce
1619 5513 1801 5582 judex
1821 5513 1999 5579 venit,

359 5605 423 5656 ut
454 5601 701 5672 populos
733 5616 936 5656 omnes
984 5599 1225 5668 judicet,
1260 5605 1317 5654 et
1350 5617 1450 5670 pro
1502 5600 1784 5671 dignitate
1824 5601 2001 5672 quili-

362 5691 458 5745 bet
482 5705 729 5746 suorum
762 5688 1028 5742 laborum
1062 5688 1301 5757 praemia
1322 5689 1484 5758 juste
1513 5688 1776 5759 accipiat.

2114 1949 2272 2002 buat.
2309 1947 2712 2002 Formidemus
2743 1964 2968 2004 omnes.

2179 2035 2262 2090 Da
2295 2035 2460 2100 mihi,
2493 2035 2686 2105 Virgo,
2715 2037 2949 2107 pedicas
2997 2040 3055 2091 et
3108 2035 3344 2106 laqueos
3398 2037 3522 2092 vitea
3571 2037 3749 2107 hujus

2109 2141 2292 2189 vanae,
2324 2140 2387 2177 ac
2420 2125 2687 2193 periturae
2720 2124 2994 2195 effugere,
3016 2128 3072 2178 et
3103 2124 3253 2179 vires
3284 2127 3510 2194 suffice,
3533 2125 3750 2196 quibus

2111 2214 2181 2268 ad
2212 2214 2391 2267 vitam
2427 2213 2683 2268 futuram
2713 2229 2968 2278 curram,
3010 2217 3066 2267 et
3113 2231 3145 2266 a
3195 2213 3441 2269 stridore
3484 2214 3751 2269 dentium

2115 2318 2206 2356 me
2234 2300 2435 2355 libera.

2795 2390 2936 2445 ODE
2977 2391 3072 2446 VI.

2181 2477 2367 2531 Judex
2389 2481 2478 2531 est
2510 2477 3208 2549 incorruptus,judicium
3244 2478 3531 2546 imprimis
3560 2479 3754 2533 formi-

2113 2565 2324 2631 dabile,
2364 2564 2450 2619 ira
2485 2565 2890 2634 intolerabilis,
2927 2577 2982 2621 et
3035 2567 3291 2622 tribunal
3321 2567 3427 2623 hoc
3461 2566 3620 2623 nulla
3652 2584 3753 2637 po-

2114 2659 2227 2708 test
2243 2653 2559 2708 calliditate
2576 2655 2945 2724 versutiaque
2963 2655 3604 2726 circumveniri.Angeli
3627 2671 3757 2710 cum

2113 2743 2322 2795 timore
2351 2747 2407 2795 et
2438 2746 2688 2796 tremore
2722 2743 3080 2810 ministrant;
3115 2743 3246 2798 libri
3279 2743 3508 2798 occulta
3544 2749 3757 2799 morta-

2113 2829 2258 2883 lium
2289 2831 2564 2900 produnt.
2588 2830 2666 2883 De
2702 2835 2906 2883 caetero
2940 2838 3165 2900 depone
3198 2847 3388 2886 mores
3438 2831 3760 2903 improbos,

2112 2918 2328 2986 anima,
2362 2921 2418 2972 et
2448 2935 2686 2972 amaras
2721 2919 2898 2973 funde
2930 2919 3236 2990 lacrymas.

2187 3007 2330 3060 Cum
2366 3006 2500 3060 hinc
2541 3006 2924 3076 emigravero,
2977 3024 3068 3076 ne,
3123 3009 3317 3078 Tirgo,
3355 3026 3445 3064 me
3496 3010 3754 3066 deseras.

2114 3095 2277 3148 Tunc
2305 3095 2458 3148 enim
2494 3111 2744 3164 nequam
2776 3096 3022 3165 spiritus
3056 3097 3311 3150 animam
3343 3113 3532 3151 meam
3566 3103 3760 3168 capta-

2120 3183 2284 3235 bunt.
2324 3185 2437 3235 lleu
2475 3182 2591 3236 mei
2627 3201 2739 3254 qua
2773 3185 2994 3238 ratione
3019 3185 3291 3255 etfugiam
3318 3185 3470 3249 illos,
3493 3187 3755 3256 autquid

2119 3270 2365 3325 faciam?
2422 3275 2544 3324 Heu
2589 3271 2708 3325 mel
2762 3274 3047 3342 quomodo
3099 3274 3404 3330 horribiles
3435 3275 3591 3330 locos
3623 3291 3756 3345 per-

2116 3359 2419 3413 transibo?
2444 3360 2527 3413 Tu
2561 3375 2694 3428 spes
2727 3376 2874 3424 mea,
2910 3367 2968 3415 tu
3002 3367 3202 3432 portus
3235 3379 3417 3429 meus,
3450 3369 3505 3418 et
3537 3368 3671 3418 ante
3702 3367 3759 3418 te

2118 3464 2222 3517 ego
2256 3447 2513 3502 famulus
2545 3455 2681 3503 tuus
2717 3465 2806 3503 me
2838 3455 3166 3519 prosterno.

2779 3555 2917 3609 ODE
2973 3554 3095 3610 VII.

2185 3640 2324 3703 Quis
2357 3639 2466 3694 erit
2497 3656 2704 3695 sensus
2737 3642 2966 3707 animis,
2990 3660 3124 3698 cum
3150 3645 3318 3715 positi
3347 3646 3559 3700 fuerint
3591 3646 3755 3702 thro-

2115 3730 2194 3794 ni,
2223 3733 2279 3782 et
2303 3729 2372 3781 ad
2399 3729 2784 3796 judicandum
2829 3733 3011 3798 judex
3041 3731 3138 3786 ille
3185 3733 3599 3804 integerrimus
3621 3751 3755 3790 con-

2114 3817 2348 3883 sederit,
2381 3823 2435 3869 el
2464 3815 2597 3870 libri
2629 3816 2987 3872 exhibebunt
3017 3819 3317 3875 hominum
3358 3823 3636 3888 actiones,
3665 3839 3754 3878 co-

2114 3906 2428 3977 gitationes
2459 3910 2514 3960 et
2543 3903 2823 3959 consilia?
2857 3905 2943 3960 Vaa
2995 3907 3096 3961 tibi
3131 3913 3275 3977 tum,
3310 3926 3341 3963 o
3390 3909 3521 3966 vilis
3553 3912 3750 3966 anima

2120 3998 2177 4049 et
2211 3993 2575 4049 miserrima!

2185 4082 2493 4136 Oratorum
2548 4083 2616 4134 ad
2666 4083 3105 4151 persuasionem
3152 4087 3538 4142 accomodataa
3588 4104 3752 4159 argu-

2113 4172 2519 4239 mentationes,
2579 4177 2634 4225 et
2709 4174 2987 4228 orationis
3064 4181 3430 4242 ornamenta,
3487 4179 3751 4246 artificia,

2113 4261 2421 4315 verborum
2455 4261 2708 4332 strophae
2739 4279 2804 4316 ac
2838 4262 3072 4317 fallaciae
3100 4264 3406 4334 desinent;
3449 4268 3738 4337 sapientes

2111 4366 2312 4404 omnes
2345 4350 2913 4417 obmutescent,libri
2948 4369 3186 4423 operum
3219 4353 3547 4425 loquentur,
3571 4355 3754 4410 homi-

2113 4439 2286 4492 nibus
2318 4440 2657 4509 angelisque
2689 4441 2865 4494 simul
2898 4442 3292 4497 audientibus.

2183 4526 2702 4580 Innumerabilium
2737 4529 3075 4598 angelorum
3108 4529 3394 4584 exercitus
3442 4531 3654 4587 astabit
3686 4549 3750 4586 ac

2111 4614 2388 4668 thronum
2440 4614 2845 4668 circumdabit.
2907 4615 3184 4670 Homines
3243 4622 3437 4672 autem
3491 4618 3745 4673 universi

2113 4702 2348 4756 stabunt
2371 4701 2590 4769 tristes,
2640 4702 3048 4755 necessitatem
3083 4703 3426 4758 horriferam
3459 4705 3740 4774 videntes,

2110 4795 2166 4846 et
2197 4788 2546 4844 sententiam
2570 4789 2968 4857 justissimam
3005 4797 3349 4847 metuentes.

2183 4877 2531 4947 Aspersione
2566 4876 2711 4930 roris
2743 4877 2848 4945 tui,
2883 4876 3098 4934 intacta
3125 4879 3324 4952 Virgo,
3373 4883 3637 4937 ardorem
3673 4884 3748 4938 li-

2116 4967 2334 5020 bidinis
2370 4982 2506 5019 meae
2535 4966 2848 5036 restingue.
2884 4967 3024 5022 Nam
3057 4969 3112 5022 in
3146 4974 3200 5024 te
3230 4969 3482 5025 Verbum
3517 4972 3617 5026 Dei
3669 4974 3748 5028 si-

2116 5060 2213 5110 cut
2245 5053 2438 5126 pluvia
2470 5055 2526 5108 in
2563 5055 2742 5111 vellus
2771 5056 3094 5127 descendit,
3137 5058 3430 5128 fidelibus,
3473 5061 3750 5132 gehennae

2116 5163 2322 5217 rogum
2357 5146 2756 5218 exstinguens.

2759 5246 2897 5301 ODE
2935 5247 3082 5303 VIII.

2183 5334 2344 5388 Tunc
2373 5334 2598 5389 ordines
2629 5333 2889 5389 fidelium
2921 5336 3436 5402 examinabuntur,
3490 5337 3749 5409 episcopi

2114 5439 2366 5495 quoque,
2400 5425 2750 5491 sacerdotes,
2777 5423 2985 5492 levitas,
3022 5425 3291 5479 monachi
3326 5441 3338 5478 :
3373 5442 3507 5479 nam
3545 5427 3604 5481 in
3653 5445 3749 5481 or-

2115 5513 2248 5565 dine
2302 5527 2407 5564 suo
2458 5511 2706 5581 quisque
2756 5516 3041 5584 resurget,
3095 5518 3157 5567 ut
3204 5513 3449 5583 quisque
3487 5519 3746 5570 actorum

2115 5615 2358 5656 suorum
2393 5600 2675 5654 rationem
2708 5602 2933 5656 reddat.

2189 5689 2593 5760 Trepidabunt
2622 5707 2825 5745 omnes
2855 5691 3168 5761 principes,
3193 5691 3474 5761 opulenti,
3499 5709 3662 5765 reges
3693 5698 3750 5749 et
