4154 6286
439 408 545 463 407
1686 406 2052 464 GEORGIUS
2087 410 2089 457 ἶ

2205 404 2595 461 :HYmsnas.
3730 396 3832 449 408

446 532 725 604 dynastm,
747 530 1019 586 consules
1049 545 1115 585 ac
1146 530 1445 601 praesides.
1480 532 1564 585 Ab
1587 530 2086 588 omniCbristiano
2118 533 2170 598 Α
2273 529 2357 585 Ibi
2389 529 2595 584 animae
2641 527 3125 584 lamentabuntur
3172 529 3228 579 et
3277 522 3650 590 frendebunt,
3679 538 3711 575 a
3741 537 3835 575 co-

448 625 740 693 quaeretur
794 620 1085 691 quomodo
1135 624 1303 691 pacta
1350 624 1629 676 conventa
1686 621 1743 675 in
1796 620 2082 691 baptismo
2200 618 2392 686 gnatis
2416 624 2472 672 et
2502 618 2707 672 amicis
2758 615 3183 676 senarationem
3231 612 3639 685 perpetientes.
3698 613 3833 664 Fra-

447 710 591 765 inita
622 710 953 765 servaverit.
2015 753 2024 764 .
2200 711 2319 760 tres
2350 707 2505 761 enim
2557 706 2940 771 devellentur,
2999 709 3159 774 pater
3213 719 3246 757 a
3300 701 3439 767 tilio,
3482 700 3706 753 amicus
3764 696 3836 751 ab

521 798 829 853 Patefactis
858 801 915 851 et
948 796 1275 852 manifestis
1306 798 1582 854 omnibus
1614 796 1877 853 omnium
1911 796 2085 850 actio-
2201 795 2411 863 amico,
2464 795 2740 865 conjuges
2785 812 2817 849 a
2858 795 3207 864 conjugibus
3239 792 3381 846 locis
3414 794 3838 845 tormentorum

449 888 644 955 nibus,
694 888 1056 943 tremendam
1084 887 1264 957 judex
1313 888 1567 957 proferet
1612 886 1984 949 sententiam,
2032 889 2089 939 et
2204 882 2429 937 saeviter
2460 882 2872 937 discernentur
2900 899 2964 936 ac
2994 882 3428 952 disjungentur.

441 979 641 1049 justos
693 993 726 1031 a
764 976 983 1031 dextris
1035 976 1373 1043 constituet,
1408 980 1742 1046 peccatores
1775 976 1833 1029 in
1861 973 2088 1045 suppli-

449 1067 604 1121 cium
627 1064 905 1119 dimittet.

523 1156 566 1208 A
598 1153 837 1208 ﬂamma
868 1152 1167 1223 gehennae,
1200 1169 1232 1207 a
1259 1153 1516 1208 tenebris
1548 1157 1605 1207 et
1634 1168 1847 1218 verme,
1891 1168 1923 1206 a
1953 1150 2089 1205 stri-

453 1243 591 1298 dore
622 1242 887 1299 dentium
942 1245 999 1297 et
1027 1245 1270 1307 tartaro,
1326 1259 1358 1296 a
1405 1241 1536 1296 lacu
1570 1242 1724 1313 ignis
1745 1245 1801 1295 et
1830 1240 2089 1310 omnige-

456 1348 597 1387 num
633 1346 937 1402 pcnnarum
962 1329 1167 1397 libera,
1192 1329 1393 1401 Virgo,
1422 1334 1477 1384 te
1509 1330 1566 1383 in
1598 1331 1709 1384 fide
1754 1328 2092 1383 collaudan-

456 1424 567 1477 tes.

2274 1015 2460 1085 Itegcs
2491 1014 2677 1069 instar
2725 1013 3033 1069 infantium
3086 1012 3327 1077 ﬂebunt,
3361 1014 3417 1065 et
3463 1007 3826 1081 expellentur

2204 1104 2498 1174 principes
2555 1104 2627 1158 ab
2685 1104 2865 1170 Eden,
2900 1103 3395 1174 projicienturque
3446 1098 3502 1152 in
3564 1097 3842 1168 gehennae

2204 1193 2438 1263 ignem:
2472 1193 2609 1247 hinc
2640 1192 2798 1247 illinc
2830 1193 3087 1247 videntes
3119 1190 3375 1261 angelos,
3425 1204 3457 1242 a
3507 1186 3723 1257 quibus
3777 1201 3844 1239 eo

2207 1280 2651 1350 compellentur,
2699 1279 2933 1350 illisque
3007 1277 3434 1351 supplicantes,
3466 1290 3668 1330 verum
3702 1273 3848 1327 nihil

2206 1370 2594 1439 proficientes.

1137 1507 1279 1561 ODE
1310 1508 1409 1561 IX.
2277 1504 2361 1557 En
2396 1502 2591 1571 amici,
2616 1502 2728 1557 diei
2763 1500 3061 1557 horribilis
3095 1498 3501 1554 necessitatem
3538 1495 3845 1552 audivistis

529 1594 788 1651 Mortalis
820 1595 1011 1650 omnis
1038 1594 1212 1649 rebus
1244 1594 1479 1649 caducis
1529 1594 1783 1662 deditus,
1815 1598 1957 1648 tunc
2007 1610 2099 1649 vo-
2207 1608 2432 1646 omnes.
2468 1596 2947 1661 Prmoccupemus
2996 1589 3215 1644 Christi
3248 1588 3454 1642 faciem
3487 1586 3545 1640 in
3578 1585 3847 1657 psalmis,

457 1685 715 1755 luptatos
747 1682 999 1737 irridens
1031 1686 1208 1753 atque
1229 1686 1635 1745 contemnens,
1662 1686 1718 1736 et
1746 1682 1949 1735 acerbe
1976 1681 2099 1752 plo-
2209 1684 2266 1733 et
2297 1680 2586 1750 precibus.
2641 1680 2753 1734 Ora
2810 1696 2912 1749 pro
2968 1676 3155 1743 nobis,
3188 1675 3403 1746 Virgo;
3436 1680 3603 1730 orent
3633 1671 3849 1743 angeli,

460 1787 596 1825 rens
626 1770 825 1823 dicet:
863 1768 966 1822 Ubi
1003 1773 1186 1839 pater,
1220 1768 1320 1823 ubi
1373 1774 1576 1836 mater,
1630 1768 1727 1822 ubi
1777 1767 1965 1835 liberi,
2000 1768 2098 1821 ubi
2209 1768 2561 1836 Przecursor,
2590 1771 2926 1822 sanctorum
2975 1763 3372 1835 apostolorum
3427 1762 3851 1825 duodenarius,

462 1858 608 1923 noti,
643 1856 739 1912 ubi
775 1855 967 1919 amici,
997 1857 1093 1910 ubi
1129 1856 1377 1927 cognati,
1412 1856 1509 1911 ubi
1544 1856 1781 1911 honoris
1811 1855 2097 1927 imagina-
2132 1886 2179 1951 B
2213 1873 2418 1912 omnes
2449 1857 2683 1911 demum
2718 1855 2927 1910 sancti.
2959 1856 3165 1909 Amen.

462 1945 579 2000 tio?
611 1945 819 2000 Omnia
848 1950 1229 2001 evanuerunt.

465 2062 3852 2109 Μ

1783 2179 1943 2223 ANNO
1988 2182 2202 2226 DOMINI
2246 2180 2525 2224 MCCCXXX

1071 2303 1873 2554 GllthlllS
1979 2301 3217 2559 PACHYMERES

1823 2643 2515 2853 NoﬁTIA

1084 2900 1197 2980 (Ex
1228 2902 1433 2961 Leone
1460 2899 1690 2960 Allatio
1723 2898 1809 2958 De
1841 2895 2136 2977 Georgiis,
2172 2915 2269 2975 ap.
2319 2895 2564 2958 Fabric.
2598 2892 2759 2953 Bibl.
2797 2895 2901 2954 Gr.
2936 2900 3087 2954 tom.
3123 2893 3229 2971 X.)

534 3140 813 3210 Georgius
842 3141 1243 3213 Pachymeres,
1276 3142 1781 3213 Constantinopoli
1810 3143 2115 3209 oriundus,
2149 3143 2249 3197 sed
2281 3142 2481 3197 Nicaeae
2514 3144 2675 3196 ortus
2708 3144 2876 3211 atque
2909 3141 3211 3208 educatus,
3245 3140 3306 3195 in
3339 3140 3707 3195 sacerdotum
3741 3155 3854 3193 nu-

464 3242 689 3281 merum
721 3233 1048 3298 cooptatus,
1084 3229 1602 3295 hieromnemonis,
1637 3231 1951 3301 protecdici
1985 3231 2062 3299 (a)
2093 3234 2144 3285 et
2176 3228 2621 3300 dicaeophylacis
2651 3233 2868 3284 honore
2901 3233 3106 3284 auctus
3138 3232 3226 3284 est
3258 3228 3584 3299 claruitque
3605 3227 3714 3282 sub
3745 3227 3853 3280 Mi-

463 3314 659 3370 chaele
691 3321 747 3369 et
780 3317 1126 3371 Andronicis
1174 3316 1511 3389 Palseologis
1542 3319 1638 3389 (ὁ).
1706 3319 1831 3387 Ipse
1864 3320 1935 3373 de
1992 3336 2052 3373 se

2219 3318 2503 3389 principio
2558 3318 2837 3371 Historiae.
2900 3314 3163 3389 Γεώργιος
3213 3310 3855 3381 Κωνσταντινουπολίτης

468 3403 563 3474 μὲν
619 3402 681 3455 τὸ
734 3402 1007 3473 ἀνέκαθεν,
1042 3403 1092 3457 ἐν
1127 3404 1323 3475 Νικαῖᾳ
1372 3403 1428 3459 δὲ
1484 3406 1569 3458 καὶ
1622 3406 1921 3479 γεννηθεὶς,
1971 3406 2056 3459 καὶ
2109 3405 2353 3480 τραφεὶς,
2385 3404 2435 3457 ἐν
2480 3403 2886 3459 Κωντταντῖνου
2936 3401 2994 3457 δὲ
3041 3404 3305 3464 nutus-1&4
3358 3402 3535 3469 αὖθις,
3587 3402 3675 3456 ὅτε
3722 3405 3855 3456 Θεοῦ

464 3489 687 3561 νεύματι
723 3490 823 3544 ὑπὸ
870 3491 1157 3563 Ῥωμαίων
1214 3491 1444 3566 ἐγένετο,
1505 3491 1702 3546 εἴκοσιν
1758 3494 1871 3553 ἐνὸς
1919 3490 2128 3555 δέοντος
2183 3489 2458 3562 τηνικάδε,
2519 3492 2607 3546 καὶ
2664 3491 2857 3566 κλήρῳ
2917 3490 3089 3553 δοθεὶς
3150 3492 3299 3563 θείῳ,
3331 3491 3418 3545 καὶ
3471 3492 3769 3563 ἀξιώμασιν
3803 3489 3853 3543 ἐν

466 3578 935 3647 ὲκκλησιαστικοῖς
992 3578 1309 3654 διαπρέψας,
1361 3581 1449 3634 καὶ
1503 3579 1556 3642 ἐς
1587 3579 1957 3655 πρωτεκδίκου
2017 3580 2219 3658 φθάσας
2268 3583 2459 3653 τιμὴν,
2493 3576 2569 3634 ἔτι
2616 3578 2670 3635 δὲ
2701 3581 2790 3634 xxi
2844 3579 2895 3634 ἔν
2941 3580 3262 3653 ἀνακτόροις
3313 3580 3388 3642 εἰς
3462 3578 3857 3656 δικαιοφύλακα

465 3667 739 3738 τιμηθεὶς,
771 3666 898 3722 τάδε
928 3669 1271 3744 ξυνέγραψεν.
1310 3671 1568 3741 Georgius
1594 3672 2073 3743 Constantinopoli

2205 3672 2384 3737 indas,
2419 3671 2615 3728 Niczrae
2647 3680 2831 3725 tamen
2863 3682 3014 3726 ortus
3043 3680 3095 3727 et
3123 3673 3373 3725 enutrius
3404 3670 3855 3740 Constantinopo-

468 3758 673 3828 limque
702 3774 894 3812 rursus
921 3759 1218 3829 restitutus,
1248 3776 1371 3813 cum
1400 3759 1502 3813 Dei
1524 3765 1667 3814 nutu
1691 3762 1749 3814 in
1780 3769 2107 3831 potestatem
2138 3759 2305 3815 rediit
2338 3763 2722 3828 Romanorum,
2755 3760 2933 3815 decem
2964 3765 3017 3815 et
3044 3775 3237 3815 novem
3298 3768 3427 3814 tunc
3481 3774 3658 3813 annos
3696 3766 3856 3812 natus

469 3854 522 3901 et
540 3847 679 3900 clero
710 3846 894 3902 divino
927 3849 1219 3918 ascriptus,
1251 3855 1302 3903 et
1331 3847 1697 3918 dignitatibus
1723 3847 2112 3903 ecclesiasticis
2140 3847 2547 3917 condecoratus,
2581 3856 2629 3903 et
2659 3848 2733 3903 ad
2760 3848 3095 3917 dignitatem
3125 3863 3291 3920 usque
3316 3846 3599 3918 protectici
3636 3863 3855 3918 promo-

466 3937 576 3999 tus,
632 3935 782 3991 dimo
800 3941 853 3989 et
882 3937 940 3990 in
971 3938 1103 3992 aula
1129 3936 1547 4007 dicaeophylacis
1575 3936 1753 4007 ofﬁcio
1784 3938 2084 4007 insignitus
2140 3936 2252 3991 haec
2305 3938 2644 4007 conscripsit.
2678 3937 3014 3991 Protecditus
3071 3936 3221 3990 male
3278 3940 3334 3991 et
3379 3936 3626 4007 epitome
3656 3934 3860 3989 Gesne-

471 4023 636 4080 riana
657 4024 714 4079 in
744 4026 1106 4096 protecdium,
1140 4031 1197 4081 et
1224 4025 1280 4080 in
1317 4025 1728 4097 supplemento
1760 4026 2047 4097 epitomes
2075 4025 2313 4081 Antonii
2343 4025 2600 4080 Verderii
2632 4024 2978 4090 protectitum
3021 4029 3279 4080 mutatus
3312 4029 3439 4093 est;
3483 4024 3639 4097 quod
3690 4022 3855 4077 nihili

469 4116 577 4168 est.

541 4202 591 4255 1.
623 4201 869 4272 Scripsit
900 4203 959 4256 in
982 4201 1312 4256 universam
1346 4201 1462 4255 fere
1492 4201 1811 4256 Aristotelis
1852 4195 2272 4273 philosophiam
2307 4202 2593 4272 epitomem
2644 4200 2712 4272 (c)
2746 4218 2870 4272 qua:
2902 4217 2935 4255 a
2973 4200 3242 4272 Philippo
3274 4201 3478 4257 Bechio
3510 4200 3855 4272 philosopho

469 4305 534 4344 ac
566 4289 788 4344 medico
821 4290 879 4344 in
914 4290 1188 4344 Latinum
1220 4304 1549 4343 sermonem
1595 4306 1872 4345 conversa
1900 4292 2056 4346 edita
2088 4290 2325 4345 Basileae
2360 4290 2516 4356 1569,
2568 4290 2723 4359 apud
2782 4290 3131 4344 Frobenium
3182 4289 3241 4344 in
3302 4289 3400 4345 fol.
3454 4306 3583 4344 cum
3630 4288 3852 4360 Synesii

468 4379 851 4433 orationibus.
882 4382 1000 4432 Hoc
1031 4378 1249 4449 quippe
1282 4378 1627 4448 compendio
1660 4379 2047 4451 Pachymeres
2105 4379 2442 4434 obscuriora
2497 4376 2823 4433 Aristotelis
2881 4376 3008 4432 loca
3063 4394 3177 4432 non
3232 4382 3460 4432 tantum
3492 4379 3564 4432 de
3592 4394 3722 4445 suo,
3755 4377 3853 4431 sed

468 4467 716 4522 aliorum
750 4467 926 4522 etiam
958 4466 1261 4522 sententiis
1293 4471 1465 4538 atque
1500 4470 1961 4538 expositionibus
1989 4467 2250 4540 prolatis,
2286 4484 2389 4523 nec
2431 4467 2785 4537 ineleganter
2814 4466 3121 4538 explanat;
3156 4467 3237 4521 ita
3267 4468 3341 4521 ab
3378 4466 3508 4538 ipsa
3555 4465 3852 4537 Porphyrii

470 4557 712 4626 Isagoge
757 4573 905 4626 opus
936 4572 1197 4621 exorsus,
1238 4560 1293 4609 et
1324 4572 1424 4626 per
1454 4573 1658 4612 omnes
1686 4574 1823 4614 suas
1858 4564 2051 4628 partes
2083 4557 2514 4629 philosophiam
2540 4573 2906 4628 percurrens,
2940 4556 2997 4609 in
3031 4556 3218 4627 ipsius
3251 4555 3658 4627 metapbysicaa
3690 4571 3847 4610 com-

470 4645 750 4714 pendiosa
771 4646 1021 4717 epitome
1052 4645 1227 4699 ﬁnem
1257 4644 1410 4699 facit.
1444 4646 1691 4700 Bechius
1742 4646 1945 4701 scribit
1986 4647 2095 4702 hoc
2150 4664 2297 4718 opus
2348 4646 2642 4717 accepisse
2672 4662 2735 4701 se
2772 4662 2838 4700 ex
2873 4644 3167 4699 Basiliensi
3202 4645 3518 4699 admodum
3551 4644 3851 4711 lacunoso,

472 4734 775 4800 mendoso,
807 4738 864 4789 et
895 4733 1063 4804 quasi
1090 4733 1463 4801 indistincto;
1498 4734 1678 4790 altero
1712 4736 2052 4807 Fuggerano
2086 4736 2290 4791 multis
2331 4736 2391 4789 in
2434 4734 2577 4791 locis
2609 4738 2903 4805 corrupto,
2957 4734 3253 4804 fuisseque
3292 4733 3558 4803 adjutum
3600 4733 3659 4788 in
3713 4733 3855 4788 locis

470 4822 813 4877 difficimilis
845 4839 878 4877 a
906 4822 1130 4877 Joanne
1183 4822 1541 4893 Hospiniano
1569 4829 1622 4879 et
1654 4823 1937 4880 Gulielmo
1985 4823 2307 4898 Xylandro;
2369 4828 2433 4879 ut
2488 4824 2724 4879 omnino
2756 4824 2814 4877 in
2847 4839 3008 4893 spem
3040 4823 3255 4878 bonam
3286 4823 3523 4889 venerit,
3560 4826 3854 4877 auctorem

468 4909 623 4965 hunc
651 4928 766 4966 non
800 4908 1053 4981 pessime
1084 4925 1117 4963 a
1150 4925 1210 4963 se
1244 4926 1477 4965 rursum
1510 4912 1567 4966 in
1596 4912 1788 4967 lucem
1824 4914 2072 4984 prodire.
2108 4915 2170 4968 In
2202 4913 2450 4983 reliquis,
2484 4913 2581 4967 ubi
2608 4911 2993 4981 Pachymeres,
3045 4912 3123 4965 ait
3153 4911 3426 4977 Bechius,
3457 4913 3544 4967 vel
3572 4927 3722 4978 suas,
3774 4911 3856 4965 vel

468 5001 710 5054 aliorum
741 4998 1113 5053 meditationes
1142 4997 1325 5067 aﬂert,
1372 4999 1574 5069 majori
1602 5002 1767 5056 etiam
1814 5001 2114 5071 diﬁcultate
2137 5011 2364 5072 propter
2388 5002 2773 5057 obscuritatem
2802 5017 2925 5055 sum
2953 5006 3226 5055 versatus.
3272 5001 3407 5055 Nam
3454 5000 3633 5055 verbis
3678 5000 3853 5054 inter-

464 5086 595 5143 dum
618 5089 800 5143 utitur
826 5104 935 5142 non
964 5086 1096 5141 adeo
1127 5086 1305 5140 tristis
1329 5101 1393 5140 ac
1422 5087 1668 5157 usitatis,
1721 5090 2007 5144 interdum
2048 5089 2355 5145 sententias
2403 5089 2644 5156 inchoat,
2676 5092 2727 5143 et
2756 5090 2851 5143 vix
2897 5088 3113 5143 tandem
3161 5088 3464 5154 interiectis
3514 5088 3647 5142 bene
3686 5088 3858 5157 longis

462 5176 904 5247 parenthesibus,
933 5175 1177 5230 absolvit.
1213 5173 1403 5228 Unum
1432 5180 1488 5230 et
1520 5176 1815 5247 integrum
1843 5195 1989 5248 opus
2020 5178 2092 5233 ob
2122 5179 2214 5233 sui
2249 5178 2459 5233 molem
2494 5195 2622 5233 raro
2655 5194 2771 5232 uno
2801 5176 3096 5231 volumine
3147 5176 3464 5246 clauditur,
3507 5177 3756 5247 ideoque
3796 5176 3856 5230 in

465 5268 657 5332 partes
688 5263 939 5319 scissum
972 5262 1081 5317 sub
1108 5260 1358 5315 diversis
1394 5261 1602 5327 titulis,
1633 5266 1914 5333 tanquam
1943 5264 2153 5319 diversi
2186 5268 2468 5319 tractatus
2498 5267 2927 5334 proponuntur.
2960 5261 3100 5331 Ejus
3133 5267 3327 5333 partes
3358 5263 3546 5316 editas
3571 5266 3628 5316 et
3654 5278 3859 5316 manu.

462 5352 733 5424 scriptas,
764 5357 828 5407 ut
856 5351 1025 5406 varice
1056 5348 1169 5403 alio
1201 5352 1375 5418 atque
1406 5348 1519 5404 alio
1550 5351 1826 5422 dispersae
1854 5351 1912 5406 in
1939 5352 2312 5409 bibliothecis
2340 5352 2741 5415 inveniuntur,
2775 5350 2872 5405 hic
2906 5350 3170 5405 referam.
3208 5351 3285 5404 Ex
3331 5351 3436 5405 hoc
3468 5350 3664 5422 itaque
3694 5367 3861 5405 coms

536 5480 613 5550 (a)
663 5471 1567 5551 'l’ﬂoyvnpa‘t‘nt'fpa'tfaocdﬁcitur:
1606 5477 1991 5551 Pachymeres
2050 5480 2089 5534 ir

2292 5480 2360 5549 (c)
2389 5480 2578 5534 Graece
2610 5481 2879 5548 superest
2902 5493 3018 5551 ms.
3054 5476 3110 5551 in
3146 5478 3319 5533 variis
3347 5474 3740 5551 bibliothecis,
3793 5455 3859 5529 ιιι

468 5547 767 5619 ωεζαρυίί
804 5547 1359 5621 Lambecium'YIII,
1393 5565 1448 5618 p.
1482 5549 1608 5621 38f».
1656 5618 1691 5621 __
1767 5547 1781 5551 ⁷
1906 5620 1909 5621 ν
2212 5551 2272 5605 in
2300 5547 2606 5613 C'oislinia,
2666 5547 2843 5621 testes
2902 5547 3335 5621 Montfaucono,
3372 5567 3429 5621 p.
3479 5548 3603 5601 2‘22.
3637 5547 3854 5621 Versus

540 5621 617 5703 (b)
648 5617 1013 5704 Andronicus
1044 5617 1404 5691 Palaeologus
1433 5618 1696 5675 Michaeli
1717 5621 1868 5692 patri
1899 5620 1959 5675 in
1991 5621 2103 5676 im-
2213 5638 2362 5702 quos
2394 5622 2777 5746 Pachlymeres
2797 5618 2923 5688 ipse
2954 5620 3218 5691 epitomae
3248 5617 3391 5676 huic
3418 5636 3537 5675 sum
3585 5617 3851 5690 praeﬁxit,

544 5708 627 5746 rio
658 5696 938 5746 successit
967 5697 1035 5746 Λ.
1069 5691 1127 5746 C.
1164 5692 1321 5746 1282.
2213 5694 2446 5746 exhibet
2474 5692 2537 5746 Al
2569 5697 2726 5746 atius
2755 5691 2929 5746 Infra.

470 5691 627 5766 perio
658 5693 938 5750 successit
967 5697 1035 5746 Λ.
1069 5691 1127 5747 G.
1164 5692 1321 5747 1282.
1719 5691 1734 5692 ί
2213 5691 2446 5749 exhibet
2474 5691 2726 5747 All'atius
2755 5691 2929 5747 infra.
