4154 6286
380 308 486 362 409
1919 305 2020 359 ΝΟ

2132 308 2229 359 .IA.
3086 272 3087 275 ‘
3668 296 3772 350 410

380 429 595 501 pendio
628 427 783 482 edita
813 423 1273 498 δυοῒ,ῐ“εωργίου
1323 421 1596 493 διακόνου,
1656 423 1745 477 καὶ
1794 421 2246 498 δικαιῡφύλακος,
2294 428 2392 477 τοῦ
2447 422 2800 497 Παχυμὲρου,
2857 421 2982 497 περὶ
3037 425 3144 476 τῶν
3189 418 3242 490 ἓξ
3289 426 3389 489 τῆς
3442 418 3774 495 φιλοσρφίας

380 518 652 588 ὁρισμῶν,
702 513 792 568 καὶ
843 517 951 567 τῶν
1007 514 1165 567 πέντε
1222 518 1414 589 φωνῶν
1471 512 1561 566 καὶ
1616 517 1722 566 τῶν
1775 510 1899 567 δέκα
1946 534 2020 567 κα·

2133 517 2313 587 οριῶν.
2348 514 2561 583 Georgii
2590 512 2816 567 diaconi
2844 520 2894 568 et
2922 512 3361 583 dicreophylacis,
3392 509 3773 579 Pachymerw,

378 610 445 662 de
475 622 571 661 sex
599 603 965 677 philosophia
996 603 1428 673 deﬁnitionibus,
1460 612 1513 658 et
1544 603 1610 658 de
1638 604 1877 674 quinque
1906 606 2123 659 vocibus
2153 607 2204 659 et
2249 605 2317 658 de
2363 603 2541 657 decem
2586 603 3045 673 praedicamentis.
3096 607 3144 654 A
3185 601 3401 656 Jacobo
3454 600 3775 654 Foscareno

379 694 740 750 translatum
792 693 997 748 Graecas
1048 698 1104 748 et
1152 693 1350 748 Latine
1378 692 1637 747 Venetiis
1668 709 1766 763 per
1794 693 2177 764 Stephanum,
2211 698 2267 748 et
2298 693 2502 747 fratres
2534 694 2604 747 de
2632 692 2985 757 Sabi01532,
3018 707 3151 746 cum
3186 689 3352 745 Pselii
3387 694 3442 743 et
3466 685 3773 757 Nicephori

386 784 725 839 Blemmidae
759 782 1119 854 compendiis
1144 782 1200 836 in
1237 783 1501 853 Logicam
1530 781 1893 849 Aristotelis;
1927 787 1982 837 et
2014 787 2216 854 postea
2244 781 2505 848 Parisiis,
2555 798 2706 836 anno
2758 782 2915 847 1548,
2964 782 3018 833 8.
3071 780 3264 834 Greece
3312 777 3574 833 auctiora
3621 772 3774 844 apud

384 873 799 939 Vascosanum,
851 878 907 927 et
955 889 1072 927 una
1129 888 1262 927 cum
1322 871 1442 927 illis
1501 873 1914 943 compendium
1971 871 2032 925 in
2086 870 2343 941 reliquos
2403 872 2615 943 Organi
2664 870 3021 925 Aristotelici
3073 869 3274 935 libros,
3321 870 3392 923 De
3435 866 3775 935 interpreta-

381 963 528 1016 tione
594 976 827 1031 nempe,
897 962 1143 1027 Priores,
1203 963 1252 1014 et
1317 960 1649 1015 Posteriores
1713 961 2050 1031 Analyticos,
2116 960 2350 1030 Topicos,
2410 976 2475 1015 ac
2530 960 2859 1031 Sophisticos
2927 958 3186 1014 Elenchos
3243 956 3367 1029 (d);
3424 972 3553 1026 quae
3601 957 3776 1008 antea

387 1048 588 1104 Latine
626 1065 695 1102 ex
738 1048 1215 1120 interpretatione
1262 1049 1504 1104 Joannis
1562 1050 1831 1120 Baptistae
1889 1049 2113 1103 Rasarii
2162 1049 2425 1103 ediderat
2472 1050 2647 1120 idem]
2697 1050 3067 1104 Vascosanus
3117 1047 3352 1112 ibidem,
3400 1060 3553 1099 anno
3606 1041 3768 1105 1557,

384 1137 438 1191 8.
474 1139 549 1192 De
579 1137 687 1191 hoc
714 1153 886 1208 opere
928 1137 1172 1192 Michael
1220 1136 1589 1192 Vascosanus
1641 1154 1653 1192 :
1707 1138 2014 1192 Aristotelis
2062 1136 2321 1192 universa
2370 1152 2536 1208 opera
2584 1136 2843 1205 Georgius
2888 1136 3272 1206 Paehgmeres,
3328 1133 3529 1188 Graecae
3573 1132 3771 1201 facun-

384 1225 496 1281 diae
545 1230 734 1280 auctor
787 1227 1147 1296 gravissimus
1203 1241 1267 1280 ac
1320 1226 1607 1293 magister,
1663 1227 1730 1281 ob
1783 1226 2023 1279 nimi-um
2079 1227 2197 1293 eius
2250 1229 2623 1296 protestatem,
2680 1242 2746 1280 ac
2802 1224 3101 1279 disserendi
3147 1222 3506 1277 subtilitatem
3554 1218 3620 1272 ab
3669 1232 3773 1270 usu

381 1322 668 1384 remotam,
720 1314 782 1366 in
834 1315 1123 1383 epitomem
1170 1316 1465 1381 contraxit,
1517 1316 1595 1369 ita
1647 1323 1831 1371 tamen
1883 1313 2133 1383 singulas
2181 1315 2300 1385 ejus
2354 1318 2540 1384 partes
2597 1314 2978 1383 complectens,
3028 1315 3089 1367 ut
3145 1326 3272 1382 quae
3326 1310 3396 1364 ad
3441 1309 3776 1378 optimarum

378 1418 565 1456 rerum
594 1403 982 1471 cognitionem,
1013 1410 1182 1473 atque
1212 1404 1271 1457 in
1302 1402 1375 1457 iis
1405 1405 1856 1458 exercitationem
1887 1402 2251 1473 pertinerent,
2283 1402 2429 1457 nihil
2460 1418 2653 1457 eorum
2683 1401 2959 1467 omiserit,
2982 1415 3108 1472 quae
3139 1415 3228 1455 res
3258 1399 3535 1454 divinitus
3563 1394 3638 1449 ad
3668 1409 3769 1447 nos

376 1489 613 1560 delapsa
640 1490 857 1545 videtur
882 1490 979 1545 hoc
1003 1492 1251 1545 maxime
1285 1499 1543 1561 tempore,
1575 1507 1675 1562 quo
1705 1506 1891 1546 omnes
1916 1491 1984 1545 de
2012 1491 2333 1562 prolixitate
2360 1492 2676 1545 studiorum
2714 1493 2779 1545 in
2826 1489 3179 1561 philosophia
3214 1492 3655 1559 conquerantur.
3707 1485 3777 1536 Et

376 1578 659 1634 Basarius
691 1579 896 1633 scribit
925 1579 1145 1634 codicis
1174 1578 1335 1633 illius
1362 1579 1591 1649 copiam
1623 1580 1736 1635 sibi
1769 1580 1979 1634 factam
2015 1578 2195 1635 fuisse
2226 1597 2259 1635 a
2286 1581 2511 1635 Joanne
2542 1579 2804 1651 Baptista
2830 1580 3147 1649 Speciano;
3180 1578 3234 1632 in
3270 1594 3383 1649 quo
3412 1576 3549 1630 licet
3578 1570 3773 1628 omnia

375 1666 711 1723 Aristotelis
742 1683 915 1738 opera
946 1667 1102 1722 brevi
1136 1668 1387 1739 quadam
1417 1667 1506 1723 via
1537 1673 1857 1738 contracta,
1890 1672 1947 1723 et
1976 1668 2034 1723 in
2067 1673 2384 1739 augustum
2435 1671 2670 1725 redacta
2714 1669 3169 1736 continerentur,
3224 1667 3348 1738 ipse
3397 1670 3611 1729 tamen,
3664 1659 3764 1730 qui

379 1756 547 1827 prius
579 1772 781 1811 omnes
811 1755 1141 1811 Aristotelis
1172 1756 1373 1821 libros,
1400 1756 1501 1827 qui
1532 1758 1603 1812 ad
1635 1758 1965 1813 disserendi
1998 1757 2282 1813 rationem
2316 1756 3144 1829 pertinent,perlegerat,illam
3167 1756 3478 1826 epitomem
3508 1749 3768 1823 perlegit,

380 1848 440 1899 et
470 1844 631 1899 illam
665 1848 909 1916 partem,
945 1861 1070 1915 quae
1104 1849 1288 1900 artem
1320 1844 1631 1917 eloquendi
1666 1847 2042 1916 petractabat,
2076 1847 2380 1917 convertit,
2437 1851 2493 1902 et
2541 1846 2745 1901 edidit.
2793 1847 3096 1914 Praterea,
3147 1847 3223 1899 De
3269 1860 3369 1898 sex
3407 1837 3767 1913 philosophiae

381 1931 819 2002 deﬁnitionibus,
853 1933 917 1988 de
946 1935 1222 1989 divisione
1251 1934 1635 2005 philosOphise,
1665 1935 1732 1989 de
1761 1937 2000 2006 quinque
2027 1936 2267 2004 vocibus,
2290 1936 2354 1991 de
2382 1938 2566 1991 decem
2590 1937 3060 2007 praedicamentis,
3089 1932 3284 1989 Latine
3315 1932 3604 2002 impressa
3634 1930 3772 1982 sunt

382 2019 621 2076 Basileaa
655 2038 758 2092 per
786 2021 1071 2077 Joannem
1102 2022 1444 2093 Oporinum,
1480 2040 1612 2077 cum
1645 2024 1947 2096 Porphyrii
1978 2024 2233 2094 quinque
2263 2026 2524 2089 vocibus,
2557 2029 2613 2079 et
2644 2024 2963 2079 Aristotelis
3013 2020 3505 2092 praedicamentis,
3554 2021 3690 2081 etc.,
3737 2032 3770 2069 a

373 2108 685 2165 Joachimo
732 2109 992 2163 Perionio
1041 2110 1245 2164 versis.
1293 2111 1557 2181 Epitome
1607 2112 1951 2167 Generiana.
2000 2114 2062 2166 Et
2110 2112 2176 2167 de
2219 2128 2319 2168 sex
2363 2113 2773 2182 deﬁnitionibus
2807 2116 2857 2168 et
2886 2112 3156 2167 divisione
3182 2108 3548 2181 philosophiae
3577 2107 3771 2160 Graece

376 2214 516 2255 cum
542 2199 808 2270 Archyttn
840 2199 1175 2269 Categoriis.
1209 2199 1415 2270 Lipsiae
1448 2201 1505 2255 in
1537 2201 1596 2253 8°
1625 2202 1717 2271 (e).
1748 2203 2039 2257 Antonius
2069 2203 2380 2257 Verderius
2410 2203 2468 2257 in
2503 2199 3102 2275 supplemento,nulla
3126 2205 3322 2256 tamen
3354 2213 3485 2253 cum
3519 2212 3579 2250 re
3608 2192 3774 2249 dubi-

370 2287 546 2357 tavit,
580 2303 651 2342 an
686 2290 887 2342 auctor
916 2286 1095 2357 hujus
1127 2288 1411 2358 epitomes
1437 2288 1588 2343 idem
1623 2289 1698 2343 sit
1723 2305 1854 2343 cum
1880 2289 2123 2360 Georgio
2152 2289 2526 2361 Pachymere.
2578 2291 2841 2361 Georgius
2859 2289 3122 2345 diaconus
3168 2286 3503 2359 protecdicus
3549 2282 3774 2353 scripsit

380 2376 565 2433 Gra'ce
588 2376 875 2447 epitomem
904 2377 1123 2447 Logiccs
1152 2376 1480 2443 Aristotelis,
1514 2378 1770 2433 Parisiis.
1805 2379 1864 2432 in
1896 2379 1978 2445 8°,
2036 2378 2183 2448 apud
2218 2381 2590 2434 Vascosanum
2620 2381 2775 2433 1346.
2811 2380 2998 2435 Nescio
3036 2396 3108 2433 an
3151 2376 3199 2432 is
3245 2382 3437 2431 auctor
3486 2376 3557 2429 sit
3601 2372 3767 2439 idem,

377 2465 480 2535 qui
504 2467 557 2517 et
584 2463 854 2533 Georgius
882 2465 1265 2534 Pachymeres,
1297 2466 1451 2535 cujus
1479 2481 1646 2536 opera
1678 2464 1864 2522 Graeca
1910 2467 1971 2520 in
2018 2466 2247 2537 epitome
2294 2467 2553 2521 Biblioth.
2615 2467 2829 2523 Gesner.
2874 2468 3247 2522 continentur.
3302 2465 3456 2518 Idem
3507 2460 3658 2517 enim
3713 2464 3769 2513 et

378 2567 541 2606 unus
570 2555 660 2606 est
686 2552 993 2625 Georgius,
1027 2553 1313 2623 epitomes
1347 2553 1580 2623 Logices
1611 2558 1833 2621 auctor,
1867 2558 1924 2609 et
1952 2554 2200 2610 aliorum
2233 2570 2475 2626 operum
2506 2572 2632 2627 quae
2672 2555 3049 2627 Pachymerio
3097 2571 3131 2610 a
3179 2550 3522 2609 Generianis
3576 2549 3761 2620 epito-

368 2640 706 2695 matoribus
736 2640 1100 2696 tribuuntur.

437 2728 494 2782 2.
531 2729 836 2799 Ejusdem,
873 2734 953 2785 De
982 2729 1149 2785 lineis
1180 2730 1587 2801 insecabilibus,
1618 2732 1999 2804 Paraphrasis
2028 2732 2181 2787 inter
2206 2731 2535 2788 Aristotelis
2565 2749 2740 2803 opera
2791 2733 2901 2787 sub
2948 2730 3279 2787 Aristotelis
3330 2729 3566 2784 nomine
3611 2726 3769 2782 edita

372 2820 463 2871 est
489 2814 726 2871 Basileaa
760 2816 917 2884 1531,
950 2817 1011 2872 in
1038 2817 1162 2887 lof.,
1194 2824 1251 2873 et
1281 2818 1419 2875 alibi
1451 2821 1826 2889 postmodum
1854 2836 1921 2876 ex
1949 2820 2425 2892 interpretatione
2474 2821 2676 2875 Jacobi
2724 2819 3011 2875 Schenchi
3060 2818 3152 2889 (Γ).
3203 2817 3446 2889 Georgio
3496 2814 3767 2871 restituta

383 2903 571 2960 Grece
621 2908 677 2959 et
728 2904 925 2960 Latine
973 2906 1031 2960 in
1081 2906 1332 2963 editione
1379 2908 1846 2978 Casauboniana,
1882 2925 2033 2965 anno
2067 2910 2224 2974 1597,
2253 2910 2312 2964 in
2340 2911 2418 2977 8°,
2448 2914 2505 2965 et
2538 2910 2695 2977 1946,
2728 2909 2787 2963 in
2820 2908 2919 2963 fol.
2952 2908 3201 2963 Colonias
3232 2907 3634 2977 Allobrogum,
3666 2902 3767 2957 ubi

381 2992 618 3047 additur
646 3009 713 3048 ex
737 2994 1154 3050 nonnullorum
1189 2997 1463 3067 opinione
1492 2998 1901 3069 Paraphrasim
1936 2999 2095 3053 illam
2128 3000 2372 3070 Georgio
2404 2999 2582 3053 tribui
2618 3015 2631 3053 :
2665 3000 3074 3069 cujuscunque
3104 3001 3298 3052 tamen
3330 2995 3430 3050 illa
3459 2997 3568 3059 est,
3594 2992 3769 3061 digna

382 3085 474 3137 est
501 3085 556 3136 et
586 3083 846 3153 Georgio,
882 3087 936 3138 et
967 3100 1092 3154 quas
1126 3085 1278 3139 inter
1304 3086 1633 3141 Aristotelis
1664 3103 1833 3157 opera
1862 3092 2191 3157 conseatur,
2225 3088 2467 3158 indigna
2498 3092 2717 3155 tamen,
2751 3105 2877 3159 quas
2908 3086 3198 3142 Aristoteli
3245 3084 3556 3139 tribuatur.
3609 3079 3769 3134 Vidit

376 3169 437 3224 id
472 3169 752 3226 Henricus
782 3171 1112 3243 Stephanus
1145 3172 1389 3243 epistola
1419 3175 1487 3228 ad
1522 3175 1755 3229 Petrum
1783 3175 2123 3246 Victoriam,
2154 3193 2327 3246 quam
2362 3177 2694 3233 Aristotelis
2725 3182 2782 3231 et
2813 3175 3200 3248 TheOphrasti
3233 3172 3466 3243 scriptis
3516 3170 3765 3241 quibus-

380 3258 515 3313 dam
548 3259 788 3330 praefixit
812 3260 1057 3332 (g),plus
1087 3266 1283 3316 tamen
1316 3263 1496 3317 nimio
1530 3264 1829 3335 scriptioni
1862 3264 2405 3320 detrahenswirum
2434 3274 2512 3320 est
2539 3282 2659 3322 vero
2680 3267 2954 3320 exstitisse
2974 3263 3120 3319 ultos
3142 3264 3388 3318 homines
3411 3265 3525 3314 tam
3543 3259 3764 3329 παχεῖς,

377 3352 437 3402 ut
466 3362 590 3402 cum
620 3346 977 3421 Ηαχυμερίου
1005 3350 1394 3420 paraphrasim
1425 3352 1481 3405 in
1515 3351 1723 3406 librum
1752 3351 2017 3406 Aristoteli

2123 3352 2207 3425 ‘epl
2238 3350 2457 3424 ἀτόμων
2489 3356 2761 3426 γραμμῶν
2795 3354 3079 3419 haberent,
3126 3351 3309 3419 ipsum
3354 3365 3409 3403 se
3450 3344 3763 3402 Aristotelis

374 3435 585 3490 librum
643 3434 843 3491 habere
898 3436 1004 3493 sibi
1054 3440 1470 3508 persuaderent.
1531 3441 1706 3508 Quam
1760 3441 1937 3495 multa
2006 3441 2154 3495 enim
2210 3442 2293 3495 vel
2351 3441 2412 3494 in
2466 3441 2581 3512 ipso
2645 3440 2837 3496 limine
2892 3442 3269 3511 reperiuntur,
3328 3453 3398 3491 ex
3456 3434 3653 3506 quibus
3707 3431 3766 3486 id

378 3542 411 3579 a
443 3524 639 3580 lectore
666 3526 839 3580 etiam
866 3525 1200 3582 dormitante
1228 3527 1554 3597 deprehendi
1605 3528 1776 3600 facile
1827 3529 2087 3600 poterat?
2142 3543 2267 3600 quae
2321 3538 2465 3583 certe
2519 3532 2664 3600 apud
2722 3530 2971 3585 homines
3026 3530 3173 3584 adeo
3228 3528 3451 3599 παχεῖς,
3507 3524 3591 3578 uti
3642 3521 3766 3575 dixi

372 3610 731 3684 λεπομερῶς
754 3614 1030 3683 explicare
1057 3630 1146 3671 me
1170 3616 1389 3685 pudeat.

442 3701 500 3754 3.
532 3701 905 3773 Paraphrasis
941 3719 1112 3774 porro
1169 3705 1228 3757 in
1286 3708 1607 3760 universam
1662 3705 1968 3759 Aristotelis
2024 3703 2449 3776 Philosophiam
2509 3707 2583 3773 (h)
2639 3706 2833 3761 Greece
2886 3705 3293 3776 manuscripts.
3350 3702 3646 3758 visebatur
3701 3699 3758 3753 in

370 3786 725 3843 bibliotheca
780 3790 1012 3845 Antonii
1076 3792 1382 3862 Augustini
1442 3793 1572 3847 cod.
1637 3793 1763 3847 206.
1824 3793 2040 3860 Georgii
2097 3798 2455 3864 Pachymeree
2513 3793 2652 3847 libri
2705 3795 2771 3847 X1
2828 3794 2894 3848 de
2953 3793 3328 3865 PhilosOphia.
3390 3790 3615 3845 Primus
3673 3804 3762 3842 re-

368 3875 594 3948 spondet
672 3877 890 3946 Organo
964 3878 1295 3947 Aristotelis,
1366 3880 1631 3936 secundus
1700 3876 1858 3935 libris
1932 3882 2310 3952 Physicorum,
2367 3884 2562 3937 tertius
2633 3881 2796 3935 libris
2850 3883 2915 3936 de
2967 3882 3117 3951 caelo,
3176 3885 3403 3953 quartus
3478 3879 3639 3932 libris
3693 3876 3759 3931 de

367 3968 494 4020 ortu
549 3969 600 4020 et
653 3964 912 4034 interitu,
971 3966 1199 4039 quintus
1251 3971 1526 4035 Meleoris,
1584 3978 1771 4024 sextus
1831 3968 1998 4024 libros
2047 3969 2112 4023 de
2171 3969 2424 4037 partibus
2482 3971 2836 4037 animalium,
2888 3970 3151 4041 septimus
3209 3968 3368 4024 libris
3420 3967 3483 4021 de
3529 3977 3680 4020 metu
3708 3953 3769 4019 et

370 4054 586 4109 incessu
626 4053 983 4121 animalium,
1033 4059 1259 4112 octavus
1318 4057 1465 4112 libro
1522 4058 1590 4113 de
1643 4074 1806 4113 sensu
1858 4066 1914 4112 et
1968 4058 2180 4125 sensili,
2240 4074 2418 4113 nonus
2474 4059 2640 4114 libris
2697 4059 2762 4115 de
2819 4058 3183 4113 Generatione
3237 4054 3591 4121 animalium,
3652 4053 3755 4108 de-

368 4143 548 4196 cimus
605 4141 766 4197 libris
831 4144 1352 4215 Metaphysicorum,
1413 4145 1727 4200 undecimus
1796 4145 2003 4201 Ethicis
2054 4149 2133 4200 ad
2189 4147 2595 4202 Nicomachum.
2653 4149 2717 4202 In
2779 4146 3133 4201 bibliotheca
3205 4144 3357 4214 regis
3425 4140 3750 4204 Gallorum,

369 4230 591 4298 Georgii
649 4230 1007 4301 Pachymerae
1069 4234 1311 4303 Synopis
1375 4232 1743 4305 philosophias
1806 4234 2146 4289 Aristotelis.
2216 4234 2621 4304 PhilosOphica,
2688 4235 2792 4290 lib.
2868 4235 2965 4289 12.
3038 4236 3106 4288 De
3170 4247 3357 4288 somno
3420 4238 3472 4285 et
3538 4227 3756 4298 vigilia,

365 4317 431 4373 de
487 4319 769 4384 alimento,
826 4318 893 4374 de
950 4321 1266 4389 insomniis,
1325 4322 1388 4377 de
1446 4321 1785 4377 divinatione
1837 4337 1937 4392 per
2006 4321 2304 4385 insomnia,
2362 4321 2426 4376 de
2480 4326 2633 4377 motu
2664 4321 3017 4387 animalium,
3071 4320 3135 4375 de
3178 4320 3475 4389 juventute
3521 4322 3573 4371 et
3601 4331 3760 4371 sene-

369 4410 537 4474 etate,
589 4407 659 4462 de
713 4408 1101 4475 respiratione.
1164 4410 1226 4464 In
1286 4410 1638 4466 bibliotheca
1695 4410 1964 4465 Bavarica
2021 4411 2163 4464 cod.
2226 4411 2362 4477 170,
2421 4414 2479 4465 et
2526 4412 2668 4465 cod.
2730 4412 2863 4473 171,
2924 4408 3150 4477 Georgii
3206 4406 3577 4477 Pachymerse,
3636 4405 3758 4474 epi-

370 4498 515 4551 tome
574 4495 635 4550 in
703 4497 1127 4567 metaphisicam
1189 4500 1518 4555 Aristotelis.
1586 4498 1746 4554 Liber
1810 4498 2223 4569 philosophicas
2277 4500 2337 4553 D.
2396 4498 2612 4569 Georgii
2683 4501 3051 4569 Pachymerae,
3111 4495 3209 4568 qui
3263 4499 3341 4551 est
3398 4495 3643 4564 Epitome
3697 4493 3759 4547 in

367 4582 712 4653 Hetaphisic.
747 4585 1073 4652 Aristotelis,
1105 4602 1223 4657 cap.
1254 4587 1342 4641 43.
1374 4590 1435 4642 In
1466 4586 1731 4657 catalogo
1761 4586 2042 4641 exhibitio
2075 4604 2109 4641 a
2149 4588 2541 4643 Grammatico
2590 4592 2741 4658 apud
2793 4587 3154 4652 Verderium,
3203 4584 3260 4637 in
3311 4582 3717 4654 supplemento
3745 4598 3758 4648 ;

369 4672 468 4740 qui
502 4675 559 4726 et
588 4672 741 4743 apud
769 4672 1051 4729 Joannem
1082 4676 1547 4742 Suzium,eodem
1577 4677 1883 4741 relerente,
1903 4675 2319 4746 reperiebatur.
2340 4676 2763 4745 Epitomatores
2792 4671 3379 4739 GesnerianizGeorgii
3408 4673 3666 4727 Protectii
3695 4670 3761 4740 (il

368 4758 431 4814 in
462 4762 784 4815 universum
812 4762 1120 4818 Aristotelis
1149 4767 1440 4833 Organum
1489 4765 1889 4820 Commentarii
1937 4779 2064 4817 cum
2108 4765 2441 4818 schmatibus
2485 4769 2536 4818 et
2580 4762 2795 4833 figuris,
2842 4762 2901 4818 in
2950 4763 3008 4815 4ο
3057 4778 3166 4816 ms.
3217 4758 3494 4814 Biblioth.
3545 4759 3758 4829 Imper.

367 4846 606 4903 Viennae
640 4864 654 4905 :
688 4853 766 4919 et,
800 4849 1059 4921 Georgius
1087 4852 1506 4922 Pachymerius,
1537 4854 1632 4924 qui
1660 4851 2081 4907 Hieromnemon
2109 4854 2548 4922 cognominatur,
2576 4851 2793 4923 scripsit
2814 4849 3191 4922 philosophia
3214 4846 3595 4919 compendium
3615 4847 3759 4918 quod

443 4973 519 5049 (d)
569 4975 998 5049 Compendium
1047 4977 1155 5035 hoc
1206 4978 1421 5049 Organi
1469 4978 1766 5034 Aristoteli
1816 4978 2007 5035 Graece
2114 4980 2265 5034 idem
2290 4979 3755 5049 divisiointheoreticampracticamqueetquatuor

369 5049 429 5128 et
463 5046 659 5128 Latine
692 5046 887 5128 recudi
920 5050 1145 5106 curavit
1173 5046 1483 5105 Edu'ardus
1513 5049 1842 5105 Bernardus
1878 5050 2008 5104 Oxi-
2116 5050 2376 5128 methodi
2406 5051 2721 5128 dialecticae
2755 5068 2857 5121 per
2903 5046 3273 5128 divisionem,
3324 5046 3745 5128 definitionem,

368 5118 484 5190 Πίεβ
515 5118 674 5190 1666,
705 5119 758 5173 8-
835 5189 839 5190 ,
2115 5121 2531 5178 resolutionem
2566 5127 2621 5176 et
2653 5118 3211 5177 demonstrationem
3241 5119 3618 5190 explicantur.

440 5188 510 5269 (ρ)
541 5189 675 5274 §ine
708 5189 1033 5274 ann‘i'nota,
1067 5193 1275 5274 edente
1302 5190 1609 5274 Joachimo
1653 5190 2004 5274 camerario,
2187 5194 2257 5273 (ﬂ
2284 5192 3094 5274 Scheghii.Co.nfer_si‘placet
3125 5187 3357 5274 quae-de.
3382 5190 3504 5271 haec
3534 5187 3752 5259 Pachy-

364 5259 469 5335 qui
502 5259 767 5335 adjunin
814 5262 1120 5335 Nicephori
1173 5263 1451 5335 lilemidaa
1497 5262 1781 5335 scriptum
1809 5259 2007 5335 breve
2117 5259 2293 5319 meris
2329 5259 2753 5335 paraphrasiet
2782 5265 2852 5317 de
2882 5259 3031 5335 libro
3064 5259 3393 5335 Aristotelis
3419 5261 3752 5335 ipso,quer_n

365 5327 733 5407 de1quinque
764 5327 1190 5407 vocibusquod
1222 5333 1424 5407 incipii
1460 5350 1472 5388 :
1506 5327 1822 5407 '_H_<§c_ovii"r}
1856 5327 2007 5407 ἕναρτ
2119 5336 2183 5391 ΙΙ.
2219 5327 2553 5406 Stephanus
2582 5327 2812 5406 primus
2845 5334 3124 5400 restituit,
3157 5331 3295 5400 dixi,
3324 5331 3425 5385 lib.
3445 5327 3542 5397 in,
3592 5327 3642 5385 ὀ.
3693 5331 3748 5396 6,

367 5396 660 5476 09.55%an
792 5396 1072 5476 ἄναρθρνςῖ
1124 5402 1193 5458 Et
1225 5396 1525 5476 Anonymi
1579 5396 2006 5476 Sidlnijuv‘nepi

618 5396 660 5453 ιν
792 5396 1072 5476 ἄναρθρνςῖ
1124 5402 1193 5458 Et
1225 5396 1525 5476 ΔΑῐῖιὸηδηξὶί
1579 5396 2006 5476 δὶᾴληψινᾳπέρὶ
2116 5407 2258 5475 §28.

364 5468 842 5547 Ἑῆςκᾳλουμὲνης
895 5468 1130 5547 ’λόγικῆς
1182 5472 1233 5525 τί
1285 5493 1343 5527 τε
1398 5468 1489 5527 iui
1533 5472 1690 5547 ποῖόν
1731 5468 1790 5525 1:1
1840 5468 2006 5547 ἐςτίν.
2117 5468 2141 5475 ν
2188 5478 2265 5545 (g)
2296 5477 2359 5529 A.
2392 5476 2552 5543 4557,
2581 5476 2634 5531 8.

373 5541 583 5617 incipit
633 5558 647 5597 :
704 5548 806 5617 τῆς
857 5541 1191 5617 φιλόσοφίας
1232 5547 1313 5614 τῷ
1345 5551 1464 5617 Δτῆς
1511 5545 1772 5617 *γνώσεῳς
1838 5542 2004 5617 γένει.

2188 5541 2427 5617 (ᾘΗεεο
2452 5541 2826 5617 Paraphrasis
2849 5546 2919 5601 ab
2942 5543 3209 5617 Epitome.
3230 5541 3608 5617 philosophia;
3628 5541 3751 5598 Ari-

368 5610 642 5699 ch'non
691 5610 979 5687 Anonymi
1033 5610 1257 5699 ρέροᾷον
1288 5610 1568 5699 signati:
1620 5610 1862 5699 τρρτξουξ
1901 5622 2007 5699 Ξῆς

1840 5610 1862 5675 ξ
1901 5622 2007 5699 ξῆς
2117 5610 2366 5699 stotelis,
2395 5617 2469 5699 de
2499 5610 2617 5699 qua
2645 5634 2843 5689 supra,
2872 5610 3210 5685 neutiquam
3233 5610 3480 5671 diversa:

417 5680 729 5761 ιλοσοφίαε,
756 5680 879 5761 qua
902 5704 1001 5742 sex
1031 5680 1396 5761 definitiones
1426 5680 1807 5761 philosophia
1838 5702 1871 5741 a
1901 5680 2013 5761 py-

974 5705 1001 5742 ι
1031 5680 1396 5761 definitiones
1426 5680 1807 5761 philosophia
1838 5702 1871 5741 ε.
1901 5680 2013 5761 Py-
2187 5687 2249 5759 (ὑ
2279 5680 2614 5743 Protecdici.

442 5753 640 5828 agora,
670 5753 912 5812 Platone
940 5761 997 5813 et
1020 5754 1333 5812 Aristotele
1358 5753 1608 5826 traditae,
1629 5753 2008 5829 philosophiae
