2077 3143
159 177 213 205 413
943 179 979 205 Ν(

1040 179 1098 205 HA.
1809 169 1860 197 414

163 239 306 267 Vaticana
321 238 412 267 tradit
427 240 573 266 Gesnerus
585 251 593 272 ;
604 240 633 266 et
648 238 783 266 Medicam
798 238 975 269 Possevinus
991 239 1020 265 in
1038 238 1137 266 Indice
1154 246 1161 266 :
1178 240 1206 266 et
1220 236 1456 271 Gallica,indices
1471 232 1674 269 manuscripti.
1690 230 1862 259 Vincentius

165 283 343 311 Marinerius
357 283 532 311 Valentinus
547 282 631 318 epist.
648 283 683 310 ad
699 282 886 309 Franciscum
900 284 1003 310 Dazam
1014 290 1090 310 anno
1103 283 1170 309 1536
1181 282 1270 315 edita,
1282 281 1384 309 scribit
1396 288 1426 308 se
1436 277 1667 308 Commentarios
1679 275 1861 310 Pachymeraa

165 327 195 355 in
211 326 385 363 Dionysium
403 326 605 362 Areopagitam
622 326 651 353 in
666 326 798 362 linguam
815 326 945 354 Latinam
961 326 1090 354 vertisse.

205 371 235 400 5.
250 370 376 407 Scripsit
390 373 494 406 praeter
504 371 566 405 jam
583 370 664 397 dicta
678 363 837 398 Historiam
853 371 900 398 sui
916 371 1066 406 temporis,
1084 378 1171 406 quam
1189 370 1303 397 orditur
1321 379 1337 397 a
1351 368 1531 405 temporibus
1546 365 1695 395 Michaelis
1710 362 1865 398 Palteologi

166 416 222 444 sub
239 424 298 451 quo
313 415 393 442 vixit.
411 414 474 450 Illa,
491 416 542 442 sed
558 415 666 442 mutila
680 417 846 443 asservatur
860 415 888 441 in
906 414 1082 442 bibliotheca
1096 416 1268 450 Augustana
1281 415 1344 441 cod.
1362 414 1404 446 19,
1422 412 1511 448 plutei
1537 412 1564 444 5,
1590 414 1624 438 ex
1653 409 1738 444 cujus
1763 408 1863 435 codice

163 459 240 488 carie
269 459 400 487 confecto
429 467 462 487 ac
490 459 595 487 mutilo
611 460 747 494 excerpta
775 459 909 494 quaedam
936 459 1069 487 exhibuit
1093 459 1219 486 Wolﬁus
1243 461 1309 494 post
1332 457 1527 493 Nicephorum
1552 456 1722 490 Gregoram.
1746 453 1861 479 Partem

162 503 294 537 illorum,
310 511 374 539 qua
391 503 421 531 in
447 504 617 539 Augustano
634 503 733 531 codice
747 503 947 538 manuscripto
963 504 1063 531 deesse
1077 503 1202 530 Wolfius
1219 503 1410 530 admonuerat
1424 501 1454 528 in
1470 499 1588 536 synopsi
1599 498 1666 526 libri
1681 496 1861 533 quinti,cum

166 547 320 583 Nicephori
337 547 509 583 patriarchae
531 547 784 582 Constantinopoli
806 547 941 575 Breviaro
965 547 1104 575 historico
1129 547 1165 575 ab
1192 547 1273 574 obitu
1296 546 1424 574 Mauritii
1445 552 1538 580 usque
1567 544 1603 571 ad
1633 540 1860 571 Constantinum

168 592 393 627 Copronymum,
423 592 519 619 Graece
546 600 638 626 nuper
667 591 758 619 edidit
785 591 939 627 Dionysius
974 591 1118 619 Petavius.
1148 591 1269 619 Parisiis
1299 591 1379 624 1616,
1405 590 1433 617 in
1459 590 1486 616 8.
1509 589 1624 623 Integra
1644 589 1743 614 tamen
1770 592 1804 612 ea
1825 592 1861 611 ex

172 636 297 663 Lolliana
321 635 499 662 bibliotheca
531 635 560 662 in
588 635 759 663 Vaticanam
788 637 953 663 transvecta
976 638 1030 668 est,
1055 644 1118 671 qua:
1146 636 1396 670 emendatior,[et
1425 633 1590 661 charactere
1619 631 1661 658 uti
1691 628 1863 665 antiquiori,

142 706 144 708 .
166 679 207 707 ita
222 682 250 706 et
261 679 430 714 elegantiori
446 679 474 706 in
491 679 649 706 Barberina
664 681 861 714 conservatur,
885 683 962 707 suntt

1039 678 1147 715 στορίας
1167 682 1351 718 συγγραφικῆς
1380 677 1459 715 λόγοι
1491 679 1531 713 ιγ’·
1556 676 1626 705 Cod.
1657 675 1707 702 t4
1737 676 1766 702 et
1793 673 1856 718 16:4.

167 724 247 751 Inter
263 723 435 750 Vaticanum
451 726 479 750 et
505 723 693 750 Barberinum
708 724 832 757 codices,
850 732 885 751 ne
900 724 929 751 id
944 732 1059 759 quoque
1075 724 1191 751 nescius
1216 716 1279 758 sis,
1296 723 1397 756 lector,
1428 721 1588 749 maximum
1618 728 1676 747 non
1701 719 1816 746 tantum
1832 716 1862 743 in

164 768 271 795 verbis.
288 776 321 795 ac
337 768 423 794 modo
439 768 565 800 dicendi,
586 768 634 794 sed
653 776 749 795 rerum
763 770 945 795 narratarum
961 768 1048 795 etiam
1065 769 1241 803 quandoque
1264 768 1367 795 ordine
1391 767 1487 794 inesse
1511 765 1686 796 descrimen,
1715 762 1779 798 ipse
1804 768 1862 788 non

165 813 284 848 singula
299 821 483 848 percurrens,
515 821 608 847 neque
623 813 700 839 enim
729 812 822 845 licuit,
852 813 1027 840 adnotabnm
1046 821 1052 840 :
1070 813 1141 840 adeo
1157 815 1190 840 ut
1218 813 1291 840 mihi
1308 812 1391 840 facile
1404 810 1608 847 persuaserim,
1627 806 1861 844 Pachymerium,

162 857 413 892 quemadmodum
430 865 519 891 supra
547 856 674 883 diximus
689 857 724 883 de
740 856 914 892 Acropolita,
931 861 959 884 et
973 857 1049 884 infra
1065 865 1182 892 quoque
1197 857 1232 884 de
1249 857 1392 884 Phrantza
1406 856 1547 887 dicemus,
1564 855 1637 881 duas
1653 861 1711 880 suae
1727 850 1861 879 Historia

166 900 312 927 editiones
327 901 450 935 tempori
467 909 499 927 ac
515 900 599 935 genio
612 900 815 928 inservientem
832 900 1055 936 conscripsisse,
1068 901 1187 936 ideoque
1203 910 1236 929 ex
1251 902 1385 936 utrisque
1400 899 1494 927 multa
1509 896 1728 933 erratacorrigi,
1738 895 1863 923 obscura

166 944 321 978 illustrari,
337 945 443 972 mutila
468 944 609 980 suppleri,
626 953 658 971 ac
675 945 791 972 demum
809 944 933 972 historiae
944 953 1050 980 corpus
1066 953 1157 972 unum
1174 946 1346 981 perfectum,
1363 945 1392 972 in
1410 945 1556 980 integrum
1569 941 1678 970 absolvi
1697 948 1784 976 posse
1799 939 1860 967 exi-

168 989 264 1016 stimo.
280 989 377 1024 Stylus
393 993 436 1016 est
451 993 614 1022 accuratus,
633 989 666 1015 ad
685 989 837 1022 antiquum
853 997 974 1017 succum
990 997 1022 1016 ac
1035 990 1209 1024 sanguinem
1224 989 1406 1023 ell‘ormatus,
1423 992 1451 1016 et
1467 990 1571 1023 printer
1589 985 1715 1014 historias
1744 985 1862 1019 captum

169 1033 319 1067 tumidior,
336 1035 364 1059 et
376 1032 509 1067 perplexa
522 1032 673 1059 nominum
688 1033 865 1061 connexione
881 1033 1038 1069 ambiguus
1049 1036 1078 1061 et
1092 1033 1254 1068 obscurus;
1271 1042 1322 1069 pro
1337 1033 1387 1061 illo
1403 1035 1500 1060 tamen
1515 1040 1584 1066 aevo,
1611 1038 1667 1066 quo
1690 1025 1864 1056 debaccbnri

166 1083 271 1111 capere
280 1078 353 1108 erat,
366 1076 462 1103 mollis
478 1084 511 1103 ac
528 1077 664 1111 prudens.
682 1078 791 1104 Auctor
806 1078 876 1104 dum
892 1077 1021 1105 veritatis
1037 1079 1164 1105 sectator
1178 1077 1268 1105 videri
1284 1077 1373 1113 cupit,
1390 1078 1419 1104 in
1435 1075 1658 1108 ecclesiasticos,
1678 1075 1707 1101 et
1719 1071 1862 1109 praecipua

166 1120 262 1148 Latini
279 1121 407 1148 nominis
422 1121 561 1154 fautores,
577 1121 683 1148 Grzecis
699 1121 762 1148 suis
777 1120 866 1148 nimis
879 1122 1063 1157 propensior,
1074 1122 1205 1158 linguam
1221 1122 1307 1149 acuit.
1324 1123 1534 1157 lmperatorum
1548 1120 1636 1147 etiam
1647 1126 1681 1145 ac
1696 1116 1862 1152 principum

168 1172 216 1192 res
233 1167 332 1200 gestas
347 1165 486 1192 assiduus
502 1165 530 1191 in
545 1165 671 1200 pejorem
688 1167 797 1200 partem
815 1166 902 1201 rapit.
918 1166 1018 1193 Fidem
1034 1169 1131 1194 tamen
1150 1166 1190 1193 ita
1200 1175 1259 1193 sua:
1274 1166 1409 1194 Historiae
1421 1165 1527 1193 astruit
1543 1173 1549 1192 :
1565 1162 1605 1190 Τὰ
1617 1161 1645 1189 δὲ
1656 1160 1816 1198 συνέγραψεν
1832 1158 1863 1185 οὗ

166 1206 269 1244 λόγους
296 1206 387 1234 Λαϐὼν
417 1207 516 1234 ἄνωθεν
546 1208 738 1244 ἀμαρτύρους,
764 1207 821 1246 οὗγ’
849 1208 917 1245 ἀκοῇ
946 1208 1079 1236 πιστεύων
1109 1209 1204 1245 μόνον,
1232 1210 1263 1243 ἣν
1292 1219 1333 1239 τις
1363 1208 1435 1246 λέγει
1465 1207 1598 1245 ὲωρακὼ,
1627 1206 1644 1241 ἢ
1673 1204 1718 1232 καὶ
1745 1202 1863 1233 ἀκούσας

154 1252 249 1287 αὐτὸς,
276 1252 390 1282 πιστοὺς
419 1251 442 1279 δ’
467 1252 554 1288 ἀξιοίη
585 1252 649 1283 τοὺς
673 1251 783 1290 λόγους,
800 1244 822 1280 ἐι
841 1244 923 1288 μόνον
940 1254 1023 1290 Λέγει,
1047 1244 1213 1291 λογίζεσθαι,
1239 1253 1276 1284 ὡς
1296 1244 1432 1287 αὐτόπτης
1456 1252 1490 1279 τὰ
1505 1244 1640 1285 γπλεῖστα,
1663 1248 1734 1276 οὕτω
1758 1244 1862 1283 ξυμϐὰν

158 1297 289 1333 γεγονὼς,
322 1296 344 1323 εἰ
376 1297 420 1323 καὶ
447 1297 537 1332 μαθὼν
569 1294 699 1332 ἀκριϐῶς,
727 1297 790 1333 παρ’
814 1297 850 1323 ὧν
879 1297 911 1324 τὸ
934 1299 1042 1334 πρῶτον
1066 1297 1158 1333 ὡράθη
1183 1298 1348 1334 πραχθέντα,
1377 1296 1450 1331 πλὴν
1479 1295 1502 1323 δ’
1533 1295 1582 1322 οὐκ
1609 1294 1761 1331 ἀμάρτυρα,
1788 1290 1862 1318 ἀλλὰ

160 1341 205 1368 καὶ
235 1338 354 1370 πολλοῖς
383 1340 479 1371 ἄλλοις
503 1340 735 1378 συνηγαρούμενα,
760 1341 798 1371 ὡς
821 1339 851 1367 ἂν
877 1341 914 1377 μή
939 1341 953 1368 ὁ
975 1341 1081 1377 ξύμπας
1105 1342 1218 1378 χρόνος,
1243 1341 1321 1379 φύσιν
1337 1340 1409 1378 ἔχων
1433 1341 1467 1368 τὰ
1482 1339 1575 1368 πολλά
1597 1338 1724 1376 κρύπτειν
1748 1336 1860 1379 συχναῖς

161 1383 305 1414 κυκλικαῖς
328 1383 478 1420 περιόδοις,
505 1385 549 1410 καὶ
572 1383 630 1410 τάδ’
657 1384 772 1422 ἀφανίσῃ
796 1385 864 1411 κατὰ
888 1384 985 1421 μικρὸν
1011 1377 1168 1421 ἐξίτηλα-τῇ
1183 1377 1356 1422 παραδρομῇ
1366 1377 1513 1421 γενόμενα·
1540 1382 1584 1410 διὰ
1606 1382 1637 1409 τὸ
1660 1381 1775 1420 φανέντα
1798 1377 1861 1415 κρύ-

167 1434 280 1459 nucem
309 1428 394 1455 πάντα
420 1427 536 1465 ἀνάγκην
562 1429 638 1462 εἶναι,
670 1428 706 1458 ὥς
729 1427 782 1454 πού
811 1438 852 1458 τις
879 1430 933 1455 τῶν
960 1430 1050 1466 σοφῶν
1084 1427 1148 1467 ἔφη,
1172 1428 1216 1455 χαὶ
1242 1428 1354 1463 ἀληθῶς
1377 1427 1591 1465 ἐγνωμάτευσεν.
1617 1427 1679 1454 Ηεϊι)
1707 1424 1860 1460 composuit

171 1481 224 1501 non
242 1481 364 1501 rumores
379 1473 445 1500 olim
464 1481 579 1508 sparsos.
607 1474 709 1508 absque
737 1473 889 1501 testimonio
914 1481 1072 1509 congerens,
1098 1482 1147 1501 nec
1170 1478 1278 1501 tantum
1304 1472 1414 1501 auditui
1441 1473 1535 1507 ﬁdem,
1558 1471 1584 1499 si
1611 1471 1672 1506 quis
1695 1478 1723 1498 se
1745 1469 1859 1503 vidisse,

172 1523 219 1545 aut
230 1519 339 1545 audisse
354 1517 435 1545 dicat.
460 1518 510 1544 Eos
532 1526 614 1553 porro
630 1525 765 1545 sermones
779 1518 832 1552 ﬁde
846 1517 945 1553 dignos
959 1526 1015 1546 esse
1026 1518 1119 1551 sentit,
1131 1526 1245 1553 quorum
1261 1518 1330 1553 ipse,
1345 1519 1377 1545 ut
1389 1517 1551 1553 plurimum,
1568 1517 1595 1543 si
1604 1516 1646 1543 ita
1660 1514 1722 1550 ﬁeri
1736 1513 1858 1547 contigit,

171 1563 294 1590 oculatus
309 1566 448 1597 spectator
461 1561 526 1596 fuit,
544 1563 593 1589 aut
610 1562 643 1588 ab
659 1561 720 1589 illis
748 1562 872 1589 accurate
882 1562 990 1597 didicit,
1005 1559 1054 1597 qui
1067 1570 1110 1595 ea,
1126 1570 1189 1590 cum
1202 1561 1323 1598 primum
1338 1564 1416 1598 gesta
1430 1565 1504 1597 sunt,
1529 1567 1693 1596 conspexere
1706 1567 1713 1586 :
1729 1565 1817 1593 neque
1828 1564 1861 1584 ea

165 1609 270 1635 temere
284 1607 434 1641 proferam,
463 1606 510 1633 sed
534 1606 682 1633 multorum
702 1606 821 1633 aliorum
836 1607 922 1633 etiam
951 1606 1106 1634 testimonio
1121 1606 1315 1642 comprobata;
1336 1614 1372 1633 ne
1396 1608 1499 1641 tempus
1523 1607 1650 1640 futurum
1677 1607 1781 1631 natura
1809 1608 1860 1628 sua

163 1651 296 1685 Pleraque
311 1650 464 1683 occultans,
493 1650 630 1685 frequcuti
644 1657 694 1677 suo
713 1649 847 1683 circuitu,
862 1650 919 1677 hac
931 1657 1035 1686 quoque
1043 1650 1180 1685 paulatim
1200 1652 1364 1678 transcursu
1388 1651 1516 1678 continuo
1543 1647 1734 1677 evanescentia
1759 1646 1858 1674 deleat.

164 1694 346 1730 Quodcunque
374 1694 449 1721 enim
463 1694 546 1721 semei
575 1694 713 1728 apparuit,
729 1694 840 1729 contegi
853 1698 933 1729 atque
947 1695 1016 1721 abdi
1029 1702 1137 1722 necesse
1151 1696 1199 1728 est,
1211 1694 1443 1730 quemadmodum
1464 1694 1556 1722 nescio
1570 1694 1618 1729 qui
1639 1701 1655 1721 e
1682 1690 1860 1728 sapientibus

163 1738 247 1772 dixit,
263 1747 378 1774 vereque
393 1739 557 1766 enuntiavit.
578 1739 639 1765 llaec
656 1738 755 1766 eadem
771 1738 898 1766 Historia
910 1738 1093 1774 Pachymeras
1108 1739 1177 1766 licet
1190 1739 1247 1767 ﬁne
1263 1739 1366 1767 mutila
1381 1739 1507 1766 habetur
1521 1738 1551 1766 in
1563 1737 1737 1766 bibliotheca.
1749 1737 1860 1763 Veneta

163 1783 193 1810 S.
210 1783 310 1817 Marci,
327 1784 452 1810 Scamno
468 1783 512 1816 2i,
530 1791 612 1810 num.
628 1783 702 1816 12,et
716 1782 840 1810 Scoriaci
855 1782 885 1810 in
901 1782 1035 1810 biblioth.
1049 1783 1135 1818 Regis
1150 1783 1299 1816 Catholici,
1317 1783 1494 1811 Possevinus
1509 1783 1540 1810 in
1560 1782 1657 1810 Indice
1677 1780 1859 1809 bibliotheca:

161 1827 256 1854 Patmi
270 1826 374 1854 insulse
392 1835 398 1854 :
417 1827 543 1853 Historia
558 1828 711 1861 conscripta
732 1835 749 1853 a
777 1826 914 1861 Gregorio
937 1826 1055 1862 quodam
1077 1835 1174 1861 genere
1199 1826 1507 1863 Constantinopolitano,
1533 1829 1559 1854 et
1586 1826 1690 1854 Nicaea
1716 1823 1858 1852 enutrito:

163 1872 322 1907 conscripta
337 1875 402 1899 sunt
415 1875 507 1898 autem
520 1872 579 1898 acta
596 1870 817 1907 Palmatogorum
830 1871 929 1906 regum
952 1879 1037 1906 usque
1050 1871 1087 1899 ad
1100 1872 1230 1899 Joannem
1243 1871 1441 1906 Palaeologum.
1457 1872 1596 1900 Mendum
1621 1873 1665 1898 est
1688 1871 1717 1897 in
1741 1869 1861 1896 nomine

163 1916 302 1950 auctoris,
319 1917 364 1943 est
380 1915 458 1942 enim
487 1914 628 1950 Georgius
653 1914 853 1950 Pachymeres.
875 1914 908 1942 In
936 1914 1112 1942 biblﬂitheca
1140 1914 1228 1943 etiam
1251 1914 1328 1950 regis
1352 1914 1511 1950 Gallorum,
1540 1915 1656 1950 Georgii
1684 1913 1861 1948 Pachymerze

165 1959 293 1987 Historiae
309 1959 619 1994 Coustantinopotitang
634 1959 684 1985 tib.
698 1959 768 1986 XIII.
780 1959 826 1986 Est
836 1960 864 1987 et
871 1959 948 1994 apud
964 1967 1010 1986 me
1024 1959 1147 1995 integra,
1163 1961 1191 1987 et
1204 1958 1319 1995 optimae
1332 1961 1417 1987 note.

193 2013 221 2039 6.
238 2012 376 2048 Ejusdem
393 2011 538 2048 Epistolas
553 2014 667 2040 Graecas
683 2010 791 2039 alicubi
807 2011 837 2039 in
854 2011 944 2039 Italia:
959 2011 1147 2040 bibliothecis
1161 2014 1284 2046 exstare,
1301 2012 1390 2040 tradit
1405 2012 1562 2045 Gesuerus,
1579 2019 1652 2047 quas
1672 2010 1739 2039 licet
1756 2011 1861 2038 anxius

161 2057 370 2093 perquisierim
387 2057 423 2084 ad
440 2056 517 2084 hunc
534 2056 622 2089 diem,
640 2055 736 2083 nullas
751 2055 860 2083 inveni.
876 2056 930 2083 Eas
945 2057 1044 2083 tamen
1060 2055 1296 2092 elegantissimas
1310 2056 1466 2089 futuras,et
1476 2055 1722 2091 dicendiantiquo
1731 2056 1860 2088 nectare,

163 2103 361 2137 praeterquam
374 2101 450 2136 quod
467 2108 500 2128 eo
516 2109 574 2128 aevo
589 2100 748 2135 scriptores
760 2101 926 2134 sueverant,
940 2099 1042 2135 plenas
1056 2099 1205 2135 suspicor;
1216 2108 1283 2128 cum
1299 2100 1398 2128 minus
1411 2100 1475 2129 aliis
1487 2100 1517 2128 in
1527 2099 1689 2136 eloquendo
1705 2098 1861 2134 Pachyme—

163 2146 239 2179 rius,
257 2145 333 2180 quod
349 2153 383 2173 ex
398 2145 527 2173 Historia
541 2147 569 2172 et
585 2145 649 2172 aliis
665 2144 795 2180 ejusdem
811 2144 1006 2172 tractionibus
1022 2144 1119 2180 colligi
1135 2146 1238 2180 potest,
1254 2145 1384 2181 ineptiat.

199 2190 226 2217 7.
245 2189 331 2217 Plura
343 2189 426 2216 etiam
442 2189 471 2216 in
488 2189 650 2217 Rhetoricis
666 2188 776 2224 ingenii
791 2187 990 2224 experimenta
1003 2196 1061 2216 non
1077 2188 1215 2217 omnibus
1229 2189 1314 2216 obvia
1327 2189 1429 2223 edidit,
1442 2189 1532 2226 digna
1547 2190 1723 2224 tamen,qute
1738 2188 1788 2215 diu
1800 2196 1857 2216 non

158 2233 283 2266 lateant,
299 2233 349 2260 sed
365 2233 441 2260 bono
457 2232 584 2268 publico,
595 2234 623 2259 et
638 2232 867 2260 adolescentium
874 2232 1062 2268 potissimum
1072 2232 1107 2260 ad
1119 2231 1316 2268 eloquentiam
1328 2232 1404 2261 viam
1413 2233 1468 2261 sibi
1479 2233 1646 2269 parentium
1657 2231 1858 2268 publicentur:

158 2284 263 2305 eorum
280 2276 457 2309 Iudicem,ut
467 2277 503 2303 ab
521 2276 755 2310 bumanissimis.
770 2278 798 2304 et
812 2275 889 2304 bono
904 2276 1070 2304 litterarum
1086 2276 1163 2304 natis
1178 2276 1316 2305 Puteanis
1341 2277 1439 2312 accepi
1467 2285 1502 2304 ex
1526 2277 1580 2305 cod
1605 2276 1658 2304 883
1680 2276 1861 2305 Bibliotheca

158 2321 258 2357 Regia
270 2320 421 2357 Gallorum
437 2320 484 2348 hic
498 2321 693 2356 interponam.

194 2366 222 2393 7.
252 2363 386 2401 Γεωργίου
414 2362 627 2402 διχαιοφύλακος
651 2365 696 2391 καὶ
723 2363 911 2401 πρωτεκδίκου
938 2366 986 2391 τοῦ
1010 2365 1191 2401 Παχυμέροος
1218 2363 1329 2400 μελέται
1353 2365 1391 2396 εἰς
1409 2365 1444 2391 τὰ
1467 2364 1700 2402 προ-γυμνάσματα
1715 2386 1723 2400 ,
1747 2364 1792 2392 καὶ
1821 2365 1859 2397 εἰς

156 2408 207 2439 τὰς
223 2408 340 2439 στάσεις.
356 2410 383 2443 α)
401 2409 504 2440 Μῦθος.
523 2409 636 2443 Georgii
650 2409 873 2445 Dicaeophylacis.
886 2412 910 2437 el
922 2409 976 2436 Pro

1036 2409 1083 2437 tici
1096 2410 1279 2444 Pachymerae
1293 2409 1323 2436 in
1337 2411 1600 2445 Progymnasmata,
1615 2411 1641 2437 et
1663 2412 1751 2438 status
1778 2417 1856 2438 exer-

160 2454 330 2483 citamenta.
348 2452 466 2481 Fabula.
484 2452 515 2483 P.
525 2452 639 2489 Ἀράτου
654 2452 749 2489 καιρὸς
763 2451 856 2487 ἧν,καὶ
871 2451 998 2489 γεωργοί.

199 2497 228 2534 β)
242 2497 374 2534 Διήγημα
388 2496 419 2523 τὸ
433 2497 553 2531 κατᾶτὴν
567 2496 710 2525 Ὀδυσσέα.
726 2498 858 2525 Narratio
872 2497 905 2525 d6
921 2498 1019 2533 Ulysse.

773 2498 858 2525 rratio
872 2497 905 2525 d6
921 2498 1022 2533 Ulysse.
1037 2497 1068 2525 P.
1085 2493 1182 2531 υσνὲϐη
1199 2496 1266 2523 ποτὶ
1278 2496 1324 2523 καὶ
1339 2497 1356 2531 ἡ
1373 2496 1418 2524 ἰπὶ
1432 2497 1481 2531 τήν
1497 2497 1593 2525 Ἴλιον.

197 2543 225 2578 γ)
239 2541 369 2578 Διήγημα
382 2541 414 2568 τὸ
428 2541 495 2568 κατᾶ
507 2541 556 2575 τήν
572 2540 740 2577 χεχαυμένην
755 2540 854 2576 ζώνην,
873 2541 1003 2570 Narratio

1037 2541 1057 2569 ie
1084 2549 1154 2569 zona
1182 2541 1299 2570 torrida.
1325 2543 1357 2569 P.
1386 2541 1415 2568 '0
1441 2544 1492 2576 τῆς
1524 2540 1650 2578 οὐρανόθι
1679 2542 1767 2577 ζώνης
1795 2543 1857 2578 περὶ

161 2584 263 2618 θέλων.

197 2627 224 2664 8)
238 2628 323 2665 Χρεία
336 2627 449 2667 λογική.
465 2630 552 2658 Chria
567 2638 625 2666 qua:
639 2631 746 2659 tantum
756 2630 894 2657 sententia
902 2631 1016 2658 constat.

1045 2629 1078 2658 P.
1102 2629 1253 2667 Χαιρήμων
1276 2626 1339 2667 ἔφη’
1368 2628 1459 2657 Πάντα
1485 2628 1518 2656 τὰ
1546 2628 1632 2666 ἀγαθᾶ
1659 2628 1684 2657 ἂν
1716 2627 1792 2666 μόνῳ
1818 2631 1857 2666 τῷ

162 2675 274 2710 φρο-ιιῖν
291 2671 375 2701 ἔστιν.

144 2710 147 2712 i
194 2718 218 2753 ε)
235 2716 338 2753 Γνώμη
355 2717 557 2753 Δημοσθένους.
574 2720 620 2745 Διῖ
634 2715 667 2752 δὴ
684 2718 848 2754 χρημάτων,
862 2717 907 2744 καὶ
931 2716 992 2744 ἄνευ
1020 2716 1124 2745 τούτων
1153 2716 1228 2744 οὐδὲν
1258 2714 1313 2744 ἔστι
1342 2716 1460 2753 γενέσθθι
1488 2719 1542 2745 τῶν
1568 2715 1691 2745 δεόντων.
1717 2718 1858 2746 Sententia

156 2761 357 2790 Demosthenis.
372 2763 447 2797 Opus
457 2766 497 2790 est
507 2763 646 2798 pecuniis,
661 2766 687 2790 et
700 2761 761 2790 sine
776 2762 818 2790 his
827 2762 902 2790 nihil
917 2762 989 2798 quod
1003 2770 1070 2798 opus
1083 2762 1159 2797 factu
1173 2762 1219 2795 sit,
1234 2761 1297 2796 ﬁeri
1316 2763 1420 2797 nequit.
1448 2762 1479 2790 P.
1503 2760 1597 2792 Οὕτως
1623 2760 1674 2798 ἄρα
1697 2763 1737 2797 τῷ
1761 2765 1856 2798 Δημο-

158 2804 246 2832 σθένει
262 2805 277 2832 ὁ
292 2804 364 2836 αῖνος
379 2806 412 2840 ἦν
428 2804 529 2836 ἲκανός.

196 2852 223 2881 ς)
239 2848 389 2883 Ἀνασχιυὴ
404 2849 456 2877 τοῦ
471 2848 533 2887 περὶ
546 2851 596 2877 τοῦ
611 2847 694 2888 ῥόδου
708 2848 890 2888 διηγήματος,
905 2852 1016 2879 Destruc

1035 2850 1065 2878 io.
1082 2850 1275 2878 Narrationem
1294 2849 1326 2886 de
1350 2857 1415 2878 rosa
1441 2849 1524 2877 nullo
1550 2850 1633 2878 modo
1660 2850 1855 2878 verosimilem-

158 2900 226 2922 esse.
244 2896 277 2924 P.
290 2891 373 2931 Εἴπερ
389 2892 519 2930 ἀληθείας
535 2892 614 2922 οὗδὶν
637 2892 848 2933 ἆσφαλάστιρον.
954 2893 962 2896 ⁷
