4182 6286
470 359 500 411 4
513 358 573 412 15
1744 360 2109 416 GEORGIUS

2213 360 2653 415 kCHYMERES.
3752 365 3864 420 416

542 484 589 553 ζ)
628 483 931 550 Κατασκευή
966 479 1026 536 ἐκ
1052 486 1148 537 τοῦ
1179 480 1422 537 ἐναντίου
1450 486 1546 537 τοῦ
1578 480 1917 558 διηγήματος
1943 486 2043 535 τοῦ
2072 483 2193 535 κατέ

2234 483 2296 535 τὸ
2318 480 2499 557 ῥόδον.
2545 485 2789 540 Αεδθνείο
2820 500 2834 539 :
2868 487 3257 542 Naarationem
3288 487 3448 542 illam
3495 487 3859 545 verisimilem

468 587 597 629 esse.
626 574 682 628 P.
716 573 929 646 Ἔγωγε
964 573 1057 645 μὲν
1088 572 1288 649 φιλεῖν.

541 683 600 746 η)
633 679 820 739 Κοινὸς
851 678 1019 740 τόπος
1046 678 1182 733 κατὰ
1212 675 1491 753 Λοιδόρου.
1531 681 1697 735 Locus
1725 680 2033 734 communis
2061 682 2192 733 cont;

2210 695 2253 732 ἀ
2287 678 2637 734 Maletltcum.
2698 680 2757 734 P.
2813 677 3041 753 ’Ἄνδρες
3098 676 3362 749 δικασταί,
3426 679 3606 755 λόγων
3658 679 3861 757 ὀλίγων

470 763 936 839 πεπαιδευμέιων.

545 873 596 937 θ)
628 872 930 947 Ἐγκώμιον
965 870 1188 935 Αἴαντος
1225 877 1321 927 τοῦ
1351 870 1727 945 Τελαμωνίου.
1751 872 2016 928 Laudatio
2041 872 2196 942 Aiaci

1850 872 2016 928 idatio
2041 872 2220 942 Aiacis
2252 874 2566 943 Telamonii,
2599 878 2661 941 P,
2686 873 2751 929 El
2784 874 2879 946 μὲν
2911 874 2975 941 ἦν
3007 875 3097 928 τὸν
3129 876 3333 929 ἅπαντα
3362 874 3501 949 βίον.

548 982 585 1052 ι)
618 979 801 1055 Ψόγος
830 985 923 1034 τοῦ
950 979 1185 1053 Πάριδος
1218 979 1596 1057 Ἀλεξάνδρου,
1628 981 1965 1053 Viluperatio
1995 982 2199 1036 Paradi

2008 982 2231 1036 Paradis
2259 983 2582 1038 Alexandri.
2616 983 2676 1038 P.
2719 978 2845 1039 Οἶδέ
2873 1003 2957 1044 τις
2984 981 3072 1036 καὶ
3096 979 3285 1058 κέρδος
3317 983 3422 1037 ἀπὸ
3449 980 3659 1043 κακίας.

544 1087 619 1158 ια)
654 1085 941 1162 Σύγκρισις
970 1087 1153 1149 ἐλαίας
1182 1087 1271 1141 καὶ
1305 1087 1579 1160 ἀμπέλου.
1617 1088 1905 1160 Compario
1934 1090 2121 1157 olivae,
2152 1104 2195 1144 et

1899 1106 1905 1134 ι
1934 1090 2121 1157 olivae,
2152 1098 2206 1144 et
2232 1089 2382 1145 vitis.
2406 1091 2467 1145 P.
2491 1087 2593 1145 Καὶ
2623 1088 2688 1142 τὰ
2719 1090 2857 1165 φυτὰ
2885 1089 3227 1163 παρεοικέναι
3258 1086 3550 1159 ἀλλήλοις.

540 1192 619 1267 ιβ)
648 1192 953 1255 ’Πθοποιία.
1004 1191 1167 1254 Τίνας
1198 1192 1393 1267 λόγους
1425 1192 1537 1247 εἶπε
1568 1190 1835 1270 φειδωλὸς
1866 1193 2299 1267 ἀναγκαζόμενος
2328 1194 2496 1262 ἐστιῷ
2551 1191 2767 1267 ἐτέρους
2821 1192 3150 1257 καλέσαντας
3199 1193 3484 1268 πρότερον.
3546 1196 3862 1267 Ethopazia.

476 1283 610 1350 Quae
642 1282 843 1338 dixerit
866 1301 1087 1349 avarus,
1115 1302 1237 1339 cum
1257 1290 1537 1355 cogeretur
1563 1299 1653 1338 eos
1682 1285 1739 1338 in
1763 1283 2074 1338 convivium
2102 1299 2309 1352 vocare,
2342 1286 2437 1354 qui
2465 1284 2709 1339 eumdem
2738 1285 2893 1354 prius
2920 1283 3175 1340 conuiuio
3198 1292 3549 1354 exceperant.
3599 1284 3661 1339 P.
3709 1286 3822 1336 Φεῦ
3849 1284 3862 1339 t

468 1370 543 1432 ὡς
574 1368 825 1446 λαμπρὸς
856 1371 1114 1445 ἑστιάτωρ
1148 1370 1273 1445 ἐγὼ,
1305 1372 1393 1425 καὶ
1425 1372 1561 1445 πρὸς
1592 1369 1657 1424 τὰ
1686 1368 1894 1425 δεῖπνα.

546 1478 621 1549 ιγ)
654 1477 946 1554 Ἐκφρασις
979 1480 1077 1530 τοῦ
1107 1475 1512 1552 Αὐγουτεῶνος.
1545 1478 1842 1549 Descriptio
1874 1478 2197 1549 Augusteoni

2208 1494 2250 1532 ε.
2292 1478 2367 1549 (0)
2401 1478 2456 1534 P.
2491 1477 2565 1534 Τὸ
2594 1480 2689 1531 τοῦ
2718 1480 2851 1531 Θεοῦ
2880 1474 3110 1550 τέμόνος
3156 1478 3191 1545 ἡ
3242 1475 3401 1554 σοφίη
3451 1474 3690 1538 πολλαῖς
3739 1476 3859 1548 μὶν,

468 1563 559 1617 καὶ
590 1562 978 1627 παντοδαπαῖς.

546 1668 617 1742 ιδ)
650 1670 825 1745 Θέσις,
858 1672 904 1726 εἰ
935 1670 1254 1727 πλευστέον.
1276 1675 1645 1745 Propositum,
1678 1690 1757 1730 an
1786 1672 2180 1744 navigandum.

2212 1676 2275 1727 P.
2309 1670 2467 1727 Καλὰ
2501 1671 2595 1745 μὶν
2624 1671 2711 1726 καὶ
2740 1670 2807 1726 τὰ
2838 1671 3087 1747 αὐθιγενῆ
3119 1668 3267 1744 δῶρα
3311 1675 3419 1726 τῶν
3467 1669 3682 1726 πόλεων
3739 1675 3859 1733 τοῖς

465 1758 732 1821 ἐποίκοις.

542 1868 606 1938 ιε)
660 1867 972 1942 Κατηγορία
1037 1866 1206 1939 νόμου
1278 1869 1375 1920 τοῦ
1442 1863 1764 1927 κελεύοντος
1839 1863 1968 1928 τοὺς
2045 1865 2150 1919 ἀπὸ
2220 1864 2476 1941 ναυαγίου
2540 1864 2886 1939 καταίροντάς
2955 1886 3061 1920 που
3139 1863 3485 1920 σκυλεύεσθαι
3542 1863 3689 1939 παρὰ
3745 1868 3855 1918 τῶν

473 1952 602 2009 ἐκεῖ.
637 1958 915 2012 Accusatto
942 1958 1076 2027 legis
1106 1958 1503 2028 praecipientis,
1535 1956 1895 2027 nau/ragium
1923 1972 2130 2027 passos,
2162 1965 2213 2011 et
2242 1957 2573 2026 appellentes
2602 1956 2661 2010 in
2690 1956 2928 2027 aliquem
2959 1957 3153 2025 locum,
3194 1956 3267 2012 ab
3296 1958 3389 2025 iis,
3420 1972 3517 2027 qui
3556 1956 3698 2011 inibi
3724 1961 3861 2010 sunt

465 2045 778 2115 spoliandas
820 2061 953 2100 esse.
987 2045 1049 2100 P.
1076 2042 1217 2118 Ἐγὼ
1246 2040 1303 2096 δὶ
1335 2040 1479 2097 ἀλλὰ
1506 2043 1594 2097 καὶ
1627 2043 1800 2115 νόμον
1829 2041 2116 2097 σανιστόίντ‹

1161 2042 1217 2096 νὼ
1246 2040 1303 2096 δὶ
1335 2040 1479 2097 ἀλλὰ
1506 2043 1594 2097 καὶ
1627 2043 1800 2115 νόμον
1829 2041 2145 2097 σανιστόίντα
2174 2039 2455 2097 πολιτείαν
2481 2042 2812 2115 ἀσπάζομαι.

540 2150 612 2220 ις)
667 2147 756 2210 Εἰς
784 2150 847 2203 τὸ
878 2148 1137 2221 ἐναντίον,
1170 2149 1291 2223 περὶ
1325 2152 1421 2202 τοῦ
1445 2147 1699 2203 τοιούτου
1727 2147 1924 2220 νόμου,
1950 2148 2040 2202 καὶ
2069 2154 2168 2217 τῆς

2205 2148 2451 2219 τοιαύτης
2480 2149 2790 2212 συνθέσεως.
2820 2149 3143 2221 Oppositum
3175 2150 3240 2205 de
3273 2149 3460 2205 eadem
3490 2149 3603 2219 lege
3632 2156 3683 2204 et
3713 2164 3856 2203 com-

461 2237 753 2309 positione.

541 2344 610 2414 ιζ)
644 2344 902 2411 Σκηπτοῦ
931 2341 1348 2415 κατενεχθέντος
1377 2337 1625 2414 εὕρηνται
1679 2338 1859 2415 χιλιαι
1916 2339 2215 2396 πανοπλίαι
2248 2341 2301 2396 έν
2357 2346 2426 2415 τῇ
2478 2346 2574 2395 τοῦ
2630 2341 2958 2416 Περικλέους
3018 2341 3185 2412 οἲκίᾳ,
3234 2340 3324 2396 καὶ
3373 2340 3607 2415 κρίνεται
3661 2360 3861 2415 τυραν-

460 2426 609 2492 νίδος
639 2428 948 2491 ἐπιθέσεως.
1008 2427 1339 2501 Μελετῶμεν
1397 2431 1488 2483 τὸν
1543 2428 1828 2506 φεύγοντα,
1870 2429 1929 2489 ὃς
1978 2429 2065 2482 καὶ
2124 2430 2198 2491 ὡς
2255 2430 2557 2505 στρατηγὸς
2601 2429 2767 2504 λέγει,
2813 2429 2901 2484 καὶ
2952 2430 3025 2491 ὡς
3075 2429 3257 2504 ῥήτωρ
3308 2427 3726 2505 διισχυρίζεται.
3784 2430 3847 2481 Ἦ

469 2517 652 2576 στάσις
686 2517 1143 2592 στοχασμόςλοια
1166 2518 1424 2589 fulminis
1453 2521 1512 2573 in
1534 2518 1765 2573 Periclis
1794 2517 1951 2573 domo
1977 2519 2120 2573 milli

2209 2523 2474 2575 rmaturaz
2520 2519 2833 2575 adinventw
2877 2528 3023 2588 sunt,
3061 2524 3113 2573 et
3158 2520 3218 2573 in
3274 2519 3487 2588 judium
3534 2526 3759 2573 vocatur
3789 2519 3860 2573 de

461 2609 672 2663 tentata
693 2608 1008 2677 tyrannide.
1045 2608 1319 2662 Declamat
1347 2623 1496 2676 reus,
1528 2606 1626 2675 qui
1654 2610 1715 2659 ut
1736 2606 2077 2659 exercituum
2108 2605 2223 2660 dua:
2261 2622 2567 2661 sermonem
2587 2608 2840 2676 concipit,
2874 2610 2922 2661 et
2959 2614 3019 2661 ut
3066 2615 3253 2663 orator
3296 2607 3695 2662 contentionem
3719 2606 3849 2662 init-

463 2696 650 2753 Slatus
675 2706 756 2752 est
783 2698 1194 2769 conjecturalis.
1224 2698 1288 2755 P.
1320 2692 1488 2752 Οὖδὶν
1523 2696 1599 2759 ὡς
1628 2692 1799 2750 ἔοικεν
1826 2692 1965 2770 ἐστὶν
1998 2690 2114 2766 ἅνδε

1248 2699 1288 2755 ).
1320 2692 1488 2752 Ούδὶν
1523 2696 1599 2759 ὡς
1628 2692 1799 2750 ἔοικεν
1826 2692 1965 2770 ἐστὶν
1998 2690 2190 2766 ἅνδρὸς
2220 2695 2556 2768 συκοφάντου
2590 2693 2899 2769 βαρύτερον.

435 2843 439 2847 η
534 2804 614 2876 ιη)
646 2802 959 2881 Φιλόσοφος
1014 2800 1193 2858 ἔπεισε
1237 2802 1496 2879 τύραννον
1528 2802 1847 2865 καταθέσθαι
1880 2802 1978 2871 τήν
2026 2798 2333 2876 τυραννίδα,
2382 2802 2471 2855 καὶ
2526 2801 2665 2855 αἰτεῖ
2708 2801 2770 2855 τὸ
2810 2801 2969 2875 γέρας
3021 2804 3128 2855 τῶν
3172 2800 3628 2876 τυραννοκτόνων.
3678 2801 3855 2855 Ἀντι-

469 2888 688 2964 λέγεται
722 2888 779 2945 δὲ
808 2893 953 2966 παρά
980 2914 1165 2950 τινων.
1200 2894 1301 2949 Καὶ
1337 2892 1649 2965 μελετῶμεν
1674 2891 1765 2945 τὸν
1799 2890 2120 2968 φιλόσοφον.

2202 2892 2514 2963 hilosophus
2550 2893 2724 2946 suasit
2763 2894 3004 2962 tyranno
3062 2890 3411 2961 tyrannidem
3454 2893 3739 2962 deponere.
3790 2891 3853 2944 Et

458 2982 751 3053 praemium
774 2981 1021 3051 postulat
1042 2982 1523 3052 tyrannicidarum
1548 2996 1561 3034 :
1596 2980 1901 3049 denegatur
1930 2979 2025 3033 illi
2054 2979 2124 3034 ab
2154 2978 2456 3050 aliquibus.
2488 2978 2773 3034 Declamat
2792 2978 3169 3049 philosophus.

530 3088 601 3156 ιθ)
632 3085 921 3162 Ζωγράφος
976 3084 1204 3159 ναυάγια
1259 3088 1465 3160 γράψας
1523 3084 1613 3138 καὶ
1670 3085 1793 3159 περὶ
1841 3088 1958 3145 τοῖς
2009 3082 2193 3157 λιμέσι
2227 3086 2447 3155 στήσας,
2504 3084 2579 3157 μή
2609 3083 2974 3160 καταιρόντων
3019 3088 3225 3138 ναυτῶν
3271 3082 3506 3157 κρίνεται
3558 3080 3841 3156 δημοσίων

462 3173 838 3249 ἀδικημάτων.
892 3176 1079 3232 Pictor
1097 3176 1388 3245 naufragii
1427 3191 1546 3230 ase
1587 3176 1837 3245 depictas
1875 3175 2093 3230 tabulas
2125 3177 2183 3230 in
2231 3175 2479 3246 portibus
2534 3177 2881 3246 appinxerat,
2938 3192 3059 3231 cum
3113 3184 3294 3230 nautae
3341 3190 3449 3230 non
3507 3174 3849 3246 appellerent

464 3266 810 3336 publicorum
838 3262 1136 3317 criminum
1158 3279 1284 3318 reus
1308 3262 1393 3334 ﬁt.
1427 3268 1489 3319 P.
1521 3258 1670 3316 Ἔδει
1699 3262 1830 3315 ποτὲ
1858 3260 1947 3315 καὶ
1982 3266 2115 3336 ζωγε

1901 3260 1947 3315 αἲ
1982 3260 2264 3339 ζωγράφον
2295 3259 2573 3334 δημοσίων
2606 3260 2998 3337 ἐγκεκλημένον
3032 3258 3319 3336 παρελθεῖν
3350 3258 3552 3325 ἐνθάδε.

531 3372 586 3439 κ)
619 3365 932 3441 Στρατηγὸς
961 3364 1321 3441 πυρπολήσας
1370 3365 1463 3427 τὰς
1512 3370 1665 3437 ναῦς,
1718 3365 1792 3426 ὡς
1840 3363 1941 3435 ἔξω
1986 3365 2174 3440 χρείας
2226 3363 2472 3436 δοξάσας,
2520 3366 2608 3420 καὶ
2657 3364 2747 3420 διὰ
2792 3371 2957 3422 ταῦτα
2984 3369 3228 3437 νικήσῃς,
3277 3365 3515 3440 κρίνεται
3564 3364 3847 3441 δημοσίων

454 3451 808 3526 ἀδικημάτων
844 3452 1171 3526 Μελετῶμεν
1203 3454 1296 3508 τὸν
1330 3453 1613 3530 φεύγοντα.
1645 3455 1770 3509 Dux
1796 3458 2073 3511 exercitus
2102 3488 2105 3507 ι

2193 3458 2465 3513 rcrematis
2493 3456 2729 3513 navibus
2758 3467 2873 3512 tum
2902 3458 3215 3525 inutilibus,
3239 3465 3290 3511 et
3316 3457 3559 3512 hostibus
3605 3466 3844 3525 postmo-

451 3545 583 3600 dum
612 3543 915 3610 debellatis,
932 3544 1281 3615 pnblicorum
1307 3542 1614 3600 criminum
1639 3560 1765 3601 reus
1782 3546 1864 3615 ﬁt.
1896 3545 2102 3601 Declam

2188 3562 2336 3602 reus.
2372 3547 2429 3602 Ρ.
2454 3544 2592 3619 Ἐγὼ
2626 3543 2721 3617 μὲν
2742 3542 2831 3599 καὶ
2870 3542 3033 3620 γέρας
3069 3537 3477 3618 ὑπελάμϐανον,
3509 3540 3721 3620 ἄνδρες,
3752 3541 3839 3596 ἐπὶ

454 3636 571 3692 τοῖς
601 3630 1005 3707 πεπραγμένοις
1032 3632 1375 3703 κομίζεσθαι.

523 3740 610 3807 κα)
643 3737 729 3790 Ἐν
768 3735 940 3811 τρισὶν
990 3736 1222 3812 ἡμέραίς
1262 3756 1428 3809 νομος
1470 3735 1684 3792 ἐκέλευε
1729 3739 1855 3812 περὶ
1900 3736 2154 3809 πολέμου
2205 3736 2577 3813 βουλεύεσθαι.
2625 3737 2901 3794 Ἐλάτειαν
2933 3738 3302 3812 κατασχόντος
3353 3735 3659 3805 Φιλίππου,
3716 3756 3844 3791 συν-

457 3820 714 3879 εϐούλευε
745 3824 1096 3898 Δημοσθένης
1127 3824 1436 3898 αὐθημερὸν
1465 3825 1679 3901 έξιὲγαι,
1712 3827 1801 3881 καὶ
1836 3826 2102 3901 μάχεσθαι

2195 3827 2423 3890 ,ύστασις
2453 3829 2825 3903 πραγματική.
2865 3829 3055 3885 Tribus
3083 3828 3277 3884 diebus
3303 3845 3374 3883 ex
3417 3836 3679 3899 praecepto
3711 3828 3846 3897 legis

460 3914 527 3969 de
558 3914 693 3971 bello
714 3915 967 3985 faciendo
1015 3916 1403 3971 consulendum
1434 3926 1572 3972 erat.
1610 3918 1746 3972 Cum
1793 3916 2087 3989 Philippus
2128 3917 2379 3973 Etatium
2418 3926 2750 3989 occupasset,
2799 3916 3173 3973 Demosthenes
3227 3916 3490 3972 hortatur
3526 3916 3712 3971 eodem
3759 3915 3846 3970 die

458 4003 595 4058 urbe
625 4003 802 4073 exire,
835 4008 885 4060 et
910 4020 1161 4075 pugnam
1190 4007 1463 4077 experiri.
1497 4005 1685 4061 Status
1713 4006 2031 4075 negotialis.
2064 4007 2103 4062 P

2190 4006 2281 4081 ξερὶ
2308 4003 2534 4061 πολλῶν
2568 4005 2652 4076 ἃν,
2684 4003 2727 4059 ὦ
2758 4002 2946 4080 ἄνδρες
2978 4005 3276 4076 Ἀθηναῖοι,
3308 4002 3521 4077 νομίζω
3549 4003 3841 4077 προσήκειν

461 4089 591 4161 ὑμῖν
624 4094 721 4144 τοῦ
748 4089 884 4165 πρὸς
917 4089 1198 4146 Φίλιππον
1233 4091 1605 4167 ἀγωνίζεσθαι.

528 4198 622 4272 κβ)
676 4198 1017 4273 Ἀριστεύσας
1066 4220 1150 4262 τις
1206 4194 1405 4271 ᾔτησεν
1461 4200 1537 4261 εἷς
1588 4202 1651 4254 τὸ
1724 4202 1885 4277 γέρας
1944 4200 2173 4257 πολίτου
2231 4202 2413 4279 φόνον.
2484 4200 2719 4257 Δέδωκεν
2780 4203 2816 4271 ἡ
2871 4200 3053 4265 πόλις.
3122 4199 3362 4276 Εὕρηται
3427 4198 3848 4276 προαπεκτονὼς

460 4284 647 4357 αὐτὸν,
679 4285 769 4339 καὶ
796 4286 1033 4361 κρίνεται
1064 4288 1250 4364 φόνου.
1285 4287 1616 4358 Μελετῶμεν
1646 4288 1739 4343 τὸν
1795 4292 2101 4364 κατήγορον

2195 4294 2312 4348 Cum
2370 4292 2431 4347 in
2497 4293 2635 4347 bello
2690 4290 2966 4362 quispiam
3015 4291 3216 4362 optime
3270 4306 3327 4345 se
3371 4290 3641 4360 gessisset,
3696 4305 3846 4361 prae-

466 4375 641 4428 mium
666 4375 777 4429 sibi
805 4375 935 4430 dari
962 4374 1279 4445 postulavit,
1331 4376 1465 4430 civis
1495 4382 1679 4446 caput.
1716 4379 1847 4434 Urbs
1892 4380 2170 4435 concessit.
2201 4380 2338 4434 Cum
2383 4384 2510 4436 ante
2558 4382 2911 4451 impetratum
2958 4381 3251 4450 praemium
3291 4378 3592 4444 occidisset,
3639 4377 3706 4433 de
3746 4379 3846 4434 ho—

456 4462 682 4517 micidio
708 4463 1040 4533 postulatur.
1075 4464 1345 4519 Declamet
1395 4473 1700 4520 accusator.
1754 4470 1815 4521 P.
1876 4473 1989 4534 Τῆς
2052 4467 2107 4539 μὲ

2201 4466 2493 4540 ἀριστείας,
2551 4468 2597 4521 ὦ
2648 4467 2911 4535 νεανίσκε,
2951 4464 3166 4523 πολλοῦ
3224 4463 3308 4521 δεῖ
3358 4465 3450 4521 καὶ
3495 4470 3593 4521 τοῦ
3648 4466 3846 4527 παντὸς

455 4549 738 4625 έμφεσθαιε

521 4655 609 4728 κγ)
667 4652 923 4727 Πολέμου
980 4651 1154 4727 ὄντος,
1210 4657 1301 4711 καὶ
1357 4656 1682 4732 πολιορκίας
1732 4658 1966 4714 ἀνελθών
2019 4682 2101 4723 τις
2156 4663 2304 4734 ξένος
2361 4661 2447 4716 ἐπὶ
2496 4662 2560 4717 τὸ
2611 4668 2796 4737 τεῖχος
2844 4662 3153 4734 ἠρίστευσεν
3184 4660 3359 4735 νόμου
3405 4658 3730 4723 κελεύοντος
3765 4661 3840 4734 μὴ

459 4741 659 4796 ἀνιέναι
715 4742 862 4811 ξένον
923 4742 972 4798 ἐν
1030 4746 1265 4817 τοιούτῳ
1301 4750 1497 4820 καιρῷ,
1548 4746 1638 4801 καὶ
1697 4748 1956 4823 ὑπάγεται
2012 4755 2092 4823 τῷ

2193 4752 2313 4824 ἱμῳ.
2372 4756 2662 4809 Premente
2709 4752 2855 4809 bello
2906 4758 3065 4825 atque
3106 4754 3407 4820 obsidione,
3457 4752 3666 4807 advena
3721 4753 3844 4823 qui-

459 4831 593 4886 dam
638 4848 860 4888 ascenso
916 4849 1078 4889 muro
1131 4837 1313 4905 prima
1359 4853 1596 4906 pra’mza
1651 4842 1908 4894 meretur.
1965 4844 2349 4896 Verumtamen
2385 4858 2508 4897 cum
2548 4843 2639 4898 lea:
2688 4842 3018 4914 prohiberet,
3049 4860 3119 4898 ne
3172 4842 3294 4915 quis
3340 4842 3549 4898 advena
3603 4846 3847 4911 tempore

464 4922 598 4977 belli
628 4939 851 4979 murum
883 4924 1221 4993 ascenderet,
1262 4925 1326 4982 de
1352 4927 1626 4985 volatione
1656 4928 1792 5000 legis
1816 4932 2115 5002 postulatu:

2196 4936 2259 4987 P.
2311 4931 2454 5006 Ἐγὼ
2515 4932 2634 5004 μὲν,
2683 4932 2728 4985 ὦ
2781 4929 2989 5008 ἄνδρες,
3028 4932 3121 4986 καὶ
3147 4930 3274 5006 πρὶν
3306 4930 3383 4994 είς
3413 4928 3717 5007 ἀπολογίαν
3743 4932 3838 4985 κα-

451 5015 737 5077 ταστῆσαι.

518 5109 619 5199 κδ),
662 5112 850 5184 Νόμος
880 5113 970 5168 τὸν
1017 5115 1393 5191 ἀποκήρυκτον
1445 5116 1520 5187 μὴ
1567 5117 1813 5193 μετέχειν
1841 5125 1947 5176 τῶν
1994 5123 2284 5197 πατρῴων,
2333 5123 2425 5178 καὶ
2468 5121 2633 5179 πάλιν
2685 5122 2878 5193 ἄλλος,
2928 5123 3019 5179 τὸν
3067 5123 3412 5189 ἐπιμείναντα
3456 5124 3833 5199 χειμαζομένῃ

449 5201 547 5270 νηῒ
604 5198 868 5289 δεσπότην
919 5203 1049 5256 εἶναι
1101 5210 1199 5273 τῆς
1252 5205 1406 5265 νεώς.
1457 5206 1861 5283 Ἀποκήρυκτος
1912 5210 2157 5284 ἐπέμεινε
2202 5209 2438 5285 πατρίδα
2491 5213 2587 5282 νηῒ
2636 5214 3039 5288 χειμαζομένῃ,
3097 5213 3186 5269 καὶ
3248 5198 3493 5289 εἷ’ργεται
3542 5212 3709 5281 αὐτῆς
3765 5212 3839 5273 ὥς

455 5289 731 5362 πατρῴας·
766 5288 1099 5362 Μελετῶμεν
1124 5291 1215 5344 τὸν
1244 5290 1647 5364 ἆποκήρυκτον.
1673 5297 1785 5352 Lex
1812 5302 1907 5365 est,
1940 5300 2106 5356 abdic:

2190 5318 2223 5356 :s
2271 5303 2333 5357 in
2360 5300 2608 5373 palemis
2652 5306 2869 5373 partem
2912 5318 3021 5359 non
3077 5288 3306 5358 habeat.
3353 5302 3415 5357 Et
3463 5301 3583 5356 alia
3642 5301 3741 5372 qui
3777 5302 3841 5356 in

453 5376 590 5431 navi
616 5381 932 5450 tempestate
950 5381 1163 5451 jactata
1183 5381 1506 5451 perstiterit,
1551 5383 1805 5441 dominus
1844 5387 2003 5443 navis
2057 5394 2160 5445 est.
2191 5389 2485 5446 Abdicatus
2540 5391 2601 5445 in
2641 5394 2882 5462 paterna
2927 5392 3071 5447 navi
3115 5389 3369 5463 procellis
3411 5391 3610 5446 obruta
3658 5403 3840 5461 perse-

521 5635 598 5706 (α)
633 5636 762 5719 Haec
792 5636 1142 5719 Ahugustaljg
1162 5638 1220 5693 in
1251 5636 1473 5719 templo
1504 5638 1729 5719 Βορζιὶφ
1787 5640 2093 5719 Cquitano
2202 5644 2284 5700 De
2308 5645 2682 5719 Augusteone
2709 5645 2839 5703 vide
2868 5648 3140 5717 Goarum,
3173 5646 3233 5703 in
3262 5646 3417 5703 notis
3447 5646 3521 5703 ad
3547 5645 3834 5704 Codinum

451 5706 1002 5786 descriptioﬁrjéce
1030 5710 1188 5786 edita
1217 5726 1257 5786 ιξ
1275 5706 1800 5786 μοίρὶυξεεηΒοῖνὶρο,
1837 5713 1908 5786 ad
1954 5717 2093 5786 Gre;
2205 5730 2264 5786 p.
2298 5706 2422 5772 13οἶ

474 5778 676 5848 geram
706 5795 764 5851 p.
788 5778 915 5847 764,
947 5794 978 5835 θ
1006 5780 1204 5838 codice
1227 5780 1368 5836 3119
1396 5778 1571 5852 Regis
1590 5780 2093 5842 Christianissimi.
