4182 6286
495 335 600 391 423
1739 334 2087 391 GEORGIUE

2183 337 2623 391 ACHYMERES
3775 346 3884 401 424

494 479 627 535 pag.
660 462 766 517 237
796 461 886 532 (c),
919 464 976 516 et
1004 464 1145 515 tom.
1180 459 1304 525 VII,
1332 475 1389 530 p.
1420 459 1481 513 71
1518 458 1615 530 (d),
1641 473 1892 529 eumque
1918 462 2156 515 secutus
2188 459 2454 516 Neselius
2486 461 2585 529 ait,
2621 478 2753 517 eum
2787 479 2940 518 anno
2971 465 3111 519 4340
3154 465 3411 536 obiisse).
3470 468 3670 541 Neque
3728 471 3886 527 enim

493 563 626 624 post
657 550 799 604 illud
832 550 1112 619 temporis
1144 549 1201 601 in
1236 548 1490 603 Historia
1519 546 1681 603 CPol.
1720 551 2094 613 memoratur,
2115 548 2502 604 etHistoriam
2523 567 2691 605 suam
2712 553 3113 608 continuasset
3135 555 3342 611 saltem
3366 558 3435 610 ad
3456 557 3879 628 ﬁnemimperi,

494 637 829 707 Andronici,
866 654 917 692 a.
954 638 1092 692 1332
1122 636 1340 700 denati,
1371 652 1559 705 neque
1591 635 1648 689 in
1673 652 1824 689 anno
1857 636 1984 704 ejus
2025 652 2182 706 xxvr,
2215 653 2266 691 a.
2316 638 2473 705 1308,
2533 638 2883 709 subtitisset,
2940 641 2988 695 si
3038 646 3155 695 tam
3215 644 3314 697 diu
3378 644 3531 698 nltra
3578 645 3707 713 ejus
3758 661 3875 700 non

496 729 667 785 modo
699 730 945 793 aetatem,
980 726 1080 779 sed
1104 723 1359 795 junioris
1392 739 1619 793 quoque
1636 722 1951 778 Andronici
1978 740 2197 779 annum
2223 725 2597 780 undecimum
2618 727 2846 798 imperii
2866 745 3049 784 annos
3068 746 3207 785 suos
3224 732 3524 802 proximus
3544 733 3877 788 centenario

495 815 888 891 produxisset.

566 907 811 962 Exstant
839 902 968 972 ejus
999 903 1250 956 Historia
1280 902 1599 972 Bysantina
1630 900 1762 955 libri
1792 902 1907 955 XIII
1930 900 2001 955 de
2032 900 2207 955 rebus
2242 917 2345 972 per
2372 918 2557 957 annos
2577 920 2707 957 xux
2737 906 2939 975 gestis,
2989 925 3022 962 a
3076 912 3339 979 tempore
3389 908 3510 964 nati
3576 909 3879 966 Michaelis

489 993 831 1062 Palaologo,
865 991 929 1043 A.
964 989 1022 1044 Ο.
1057 990 1215 1058 1258,
1248 989 1559 1043 Andronici
1592 988 1895 1058 Palaologi
1929 988 2221 1059 (senioris)
2254 1006 2441 1060 usque
2473 992 2541 1044 ad
2577 1008 2628 1045 a.
2663 993 2820 1057 1508,
2853 994 2954 1063 qui
2988 996 3097 1050 fuit
3125 1013 3313 1050 annus
3353 995 3538 1051 atatis
3583 998 3876 1067 ejusdem,

489 1080 803 1140 Andronici
848 1096 995 1144 xm,
1032 1077 1261 1149 imperii
1291 1095 1442 1132 xxvr.
1476 1078 1575 1131 Est
1606 1086 1798 1131 autem
1834 1093 1981 1147 opus
2014 1077 2353 1147 bipartitum
2381 1095 2394 1145 ;
2420 1093 2551 1132 nam
2589 1080 2807 1149 priores
2844 1098 2943 1136 sex
2968 1082 3097 1137 libri
3129 1101 3220 1139 res
3250 1084 3550 1140 Michaelis
3575 1084 3875 1156 Palaologi

491 1177 623 1227 ante
653 1168 961 1241 imperium
995 1172 1052 1221 et
1084 1166 1207 1237 ipso
1232 1168 1583 1237 imperatore
1612 1171 1806 1235 gestas
1837 1166 2343 1235 complectuntur;
2373 1169 2721 1236 posteriores
2744 1169 2873 1223 libri
2890 1176 3107 1241 septem
3131 1174 3372 1227 tradunt
3395 1190 3524 1244 qua
3545 1174 3874 1229 Andronico

487 1259 864 1333 imperitante
895 1254 1233 1310 acciderunt
1262 1270 1363 1325 per
1384 1269 1566 1308 annos
1598 1270 1694 1307 sex
1724 1259 1779 1308 et
1798 1253 2025 1323 viginti.
2046 1253 2415 1324 Pachymeris
2433 1260 2488 1310 et
2510 1256 2947 1327 imperatarum,
2976 1260 3273 1316 Michaelis
3297 1266 3471 1331 atque
3523 1261 3876 1316 Andronicis

491 1345 994 1423 quemadmodum
1027 1348 1083 1397 et
1110 1342 1395 1397 Theodori
1439 1342 1703 1396 Lascaris
1728 1341 1984 1411 junioris
2013 1342 2206 1411 (cujus
2237 1346 2292 1396 et
2323 1342 2507 1413 ipsius
2538 1360 2629 1398 res
2670 1344 2729 1398 in
2763 1347 2953 1416 priore
2982 1354 3142 1418 parte
3200 1349 3467 1404 Historia
3500 1350 3870 1420 Pachymere-

487 1436 744 1508 attingit)
776 1434 992 1499 icones,
1018 1448 1047 1485 e
1078 1447 1187 1486 ms.
1223 1430 1418 1485 codice
1446 1446 1770 1500 expressas,
1810 1430 2196 1499 Hieronymus
2236 1429 2481 1485 Wolfius
2540 1433 2854 1502 pramissit
2914 1437 2990 1504 (e)
3049 1453 3155 1491 suo
3208 1436 3527 1507 Nicephoro
3586 1437 3869 1508 Gregora.

480 1525 656 1583 Basil.
694 1523 833 1577 1502
865 1520 987 1589 fol.,
1019 1536 1224 1573 recuso
1256 1518 1434 1573 Paris.
1472 1519 1606 1573 1567
1639 1516 1762 1587 fol,,
1798 1516 2061 1571 Francol.
2090 1518 2225 1571 1568
2258 1517 2354 1572 fol.
2380 1518 2537 1573 Idem
2562 1521 2629 1574 ad
2663 1521 2977 1578 voluminis
3001 1523 3216 1579 calcem
3242 1529 3587 1595 argumenta
3609 1524 3865 1595 capitum

479 1614 748 1670 Historiae
780 1608 1258 1673 Pachimeriana,
1293 1623 1360 1661 ex
1391 1608 1592 1662 eodem
1626 1607 1822 1661 codice
1856 1624 1965 1660 ms.
2001 1606 2142 1659 bibl.
2178 1612 2527 1675 Augustana
2558 1625 2736 1663 versa
2786 1628 2819 1664 a
2857 1628 2918 1665 se
2968 1612 3165 1667 Latine
3208 1612 3458 1667 exhibet.
3521 1613 3869 1683 Fragmenta

480 1704 773 1776 quadam,
810 1714 940 1769 qua
972 1697 1031 1751 in
1064 1699 1399 1767 Augustano
1431 1696 1662 1749 codisse
1695 1711 1806 1751 ms.
1840 1696 2042 1749 deesse
2070 1694 2311 1750 Wolfius
2343 1697 2730 1751 admonuerat
2761 1698 2816 1751 in
2843 1699 3091 1770 Synopsi
3123 1699 3257 1755 libri
3289 1716 3326 1753 v
3357 1700 3551 1755 Grace
3606 1700 3869 1770 vulgavit

480 1790 792 1863 Dionysius
825 1785 1115 1853 Petavius,
1142 1787 1209 1839 ad
1244 1784 1457 1839 calcem
1492 1783 1767 1837 Breviarii
1800 1783 2065 1837 historici
2098 1783 2427 1851 Nicephori,
2461 1784 2817 1853 patriarcha,
2852 1788 3034 1841 Paris.
3084 1789 3241 1849 1616,
3298 1790 3351 1842 8.
3414 1787 3588 1843 Plura
3644 1788 3866 1858 Pachy-

476 1880 657 1937 meris
683 1873 969 1939 Historia,
1002 1881 1121 1927 tum
1148 1871 1340 1927 adhuc
1372 1872 1623 1937 inedita,
1651 1871 1777 1925 loca
1808 1871 1998 1925 Grace
2030 1870 2303 1941 produxit
2332 1870 2583 1926 Allatius
2615 1872 2673 1926 in
2705 1874 2828 1927 suis
2861 1875 3096 1946 scriptis
3129 1876 3415 1946 praecipue
3458 1875 3518 1929 in
3576 1876 3734 1930 notis
3793 1876 3863 1930 ad

466 1965 858 2037 Acropoﬁtam
894 1979 945 2016 a.
973 1960 1103 2014 1651
1133 1960 1367 2014 Lutetia
1397 1959 1645 2012 excusis.
1678 1958 1906 2012 Primus
1937 1961 2122 2011 totum
2156 1974 2303 2028 opus
2334 1974 2363 2012 e
2395 1957 2535 2012 bibl.
2570 1959 2887 2016 Barberina
2917 1963 3044 2016 cod.
3082 1964 3326 2030 163,164
3362 1963 3420 2017 in
3479 1962 3671 2018 lucem
3735 1980 3865 2032 pro-

475 2055 614 2111 tulit
646 2054 847 2107 Petrus
879 2048 1181 2117 Possinus,
1214 2048 1265 2100 S.
1300 2047 1377 2113 J.,
1410 2046 1697 2116 vertitque
1729 2046 1950 2112 Latine,
1984 2050 2037 2099 et
2068 2046 2477 2100 cumversione
2502 2063 2607 2101 sua
2629 2063 2694 2101 ac
2714 2048 2896 2103 tribus
2930 2050 3586 2105 observationumlibris
3608 2050 3866 2122 vulgavit

476 2144 640 2199 Hem.
678 2140 815 2195 1666
846 2142 902 2193 et
934 2137 1092 2205 1669,
1126 2136 1249 2203 fol.,
1282 2135 1511 2190 duobus
1543 2133 1968 2199 voluminibus,
1999 2150 2128 2203 qua
2158 2134 2370 2197 rarius,
2403 2150 2579 2205 quam
2630 2136 2825 2190 cateri
2879 2137 3197 2208 scriptores
3262 2138 3580 2209 Byzantini,
3624 2137 3864 2194 Parisiis

473 2229 692 2297 excusi,
726 2230 1059 2293 occurrunt,
1084 2228 1141 2279 et
1171 2227 1403 2278 centum
1437 2223 1691 2295 amplius
1723 2222 1935 2276 marcis
1970 2221 2405 2276 Lubecensibus
2436 2223 2787 2277 venduntur.
2848 2224 3041 2279 Priore
3099 2225 3395 2281 volumine
3451 2225 3585 2280 libri
3630 2241 3728 2280 sex
3788 2226 3859 2279 de

470 2316 748 2377 Michaele
776 2312 1117 2382 Palaologo,
1151 2312 1468 2381 posteriore
1500 2316 1721 2380 septem
1754 2310 1824 2364 de
1842 2310 2170 2364 Andronico
2189 2310 2583 2364 continentur.
2606 2315 2681 2365 Ex
2704 2312 3177 2367 Observationum
3205 2330 3337 2368 vero
3371 2312 3849 2367 Possinianarum

469 2407 638 2462 libris
660 2403 852 2458 tribus
882 2400 1103 2471 primus
1134 2399 1483 2470 glossarium
1517 2402 1824 2453 verborum
1858 2398 2263 2452 obscuriorum
2295 2398 2548 2466 exhibet,
2576 2401 2871 2455 secundus
2902 2405 3067 2455 notas
3100 2406 3157 2455 et
3183 2401 3618 2470 castigationes,
3648 2400 3859 2455 tertius

471 2490 933 2560 chronologiam,
966 2487 1055 2542 cui
1084 2488 1399 2557 jungenda
1431 2486 1729 2540 rarissime
1748 2484 1950 2539 itidem
1971 2485 2148 2539 obvia
2171 2485 2426 2540 Mauritii
2449 2486 3042 2557 Davidis,presbyteri
3073 2476 3456 2553 Divionensis,
3490 2487 3858 2541 animadver-

468 2584 658 2636 tiones
702 2575 1135 2645 Chronologica
1168 2575 1228 2628 in
1261 2573 1630 2644 Pachymeris
1659 2572 2000 2627 Michaelem
2034 2572 2443 2643 Palaologum,
2476 2591 2622 2643 quas
2657 2575 2714 2628 in
2749 2574 2969 2629 Bovinii
3006 2576 3158 2630 notis
3185 2576 3252 2630 ad
3287 2576 3598 2646 Gregoram
3632 2575 3859 2629 laudari

465 2670 604 2738 vidi,
638 2668 695 2721 in
729 2666 885 2737 ipsas
918 2663 1170 2717 necdum
1203 2662 1398 2716 incidi.
1434 2662 1590 2731 (Hec.
1621 2662 1876 2715 Venetiis
1906 2661 1962 2714 in
1997 2678 2155 2731 corp.
2189 2661 2422 2732 Byzant.
2456 2662 2653 2731 script.
2689 2661 2796 2717 vol.
2838 2664 2968 2717 XIII
2998 2667 3054 2717 et
3082 2663 3234 2731 XIV,
3263 2680 3319 2716 v.
3355 2680 3553 2733 supra,
3617 2679 3674 2732 p.
3729 2662 3857 2735 524)

429 2782 432 2786 η
468 2761 598 2812 dem
629 2754 905 2811 Boivinus
935 2769 991 2822 p.
1024 2751 1130 2804 760
1161 2755 1378 2819 monet,
1410 2766 1594 2820 operae
1629 2750 1879 2819 pretium
1913 2750 2053 2815 fore,
2081 2750 2125 2803 si
2162 2749 2294 2819 quis
2335 2749 2645 2803 editionem
2678 2753 3001 2805 Romonam
3035 2752 3408 2822 Pachymeris
3438 2752 3699 2806 conferat
3720 2768 3854 2805 cum

468 2836 663 2900 (z—odice
694 2858 805 2895 ms.
840 2839 995 2908 regio
1026 2838 1165 2892 2548
1195 2838 1409 2908 scripto
1443 2843 1507 2891 A.
1543 2840 1599 2890 C.
1631 2837 1767 2890 1448
1800 2839 1865 2906 (Γ)
1896 2853 2069 2907 quem
2104 2837 2398 2906 possimus
2425 2836 2581 2890 haud
2604 2837 2769 2903 vidit,
2798 2837 2880 2890 uti
2906 2854 3009 2892 nec
3032 2839 3303 2893 mutilum
3324 2843 3762 2909 Augustanum,
3786 2854 3853 2893 ex

471 2949 586 3004 quo
617 2929 849 2984 Hieron.
885 2925 1132 2980 Wolﬁus
1163 2928 1529 2994 argumenta,
1562 2924 1630 2978 de
1660 2924 1873 2993 quibus
1906 2940 2085 2994 supra
2106 2923 2266 2990 dixit,
2302 2924 2561 2993 protulit.
2587 2925 2813 2991 Nescio,
2848 2942 2919 2979 an
2954 2926 3023 2980 de
3055 2926 3162 2981 hoc
3196 2927 3544 2998 Pachymere
3568 2927 3848 2997 accipien-

468 3021 608 3075 dum
643 3017 739 3084 sit,
773 3013 923 3086 quod
961 3011 1224 3067 Latinius
1257 3015 1398 3066 tom.
1460 3011 1535 3080 ΙΙ,
1594 3010 1763 3080 epist.
1824 3027 1954 3081 pag.
1994 3011 2137 3065 102:
2200 3010 2456 3079 Sirletus,
2517 3012 2711 3081 inquit
2766 3013 3005 3069 allatum
3054 3030 3169 3069 esse
3221 3016 3388 3069 etiam
3437 3030 3625 3070 recens
3683 3013 3846 3069 Geor-

463 3110 617 3175 gium
646 3102 931 3174 quemdam
951 3098 1243 3154 variarum
1268 3114 1453 3153 rerum
1476 3099 1817 3167 scriptorem,
1841 3101 1957 3168 qui,
1995 3115 2116 3153 cum
2148 3101 2322 3153 multa
2368 3099 2431 3154 de
2484 3102 2679 3170 prima
2734 3105 2881 3157 nota?
2947 3102 3282 3173 philosophis
3335 3107 3599 3174 tanquam
3653 3118 3845 3158 censer

459 3191 860 3267 pronuntiavit,
881 3187 1137 3258 plurima
1183 3188 1351 3240 etiam
1382 3186 1689 3241 Aristotelis
1722 3187 1846 3241 loca
1878 3187 2104 3242 obscura
2128 3188 2447 3244 illustravit.
2481 3188 2958 3259 Quandoquidem
2993 3190 3214 3246 Latinis
3244 3190 3401 3246 haud
3435 3192 3605 3256 favet,
3639 3190 3842 3261 itaque

453 3298 651 3356 parum
685 3293 871 3348 aquas
901 3275 1195 3329 historicus
1252 3274 1583 3346 appellatur
1608 3274 1814 3329 Allatio
1845 3275 1945 3329 lib.
1979 3276 2058 3331 De
2088 3293 2378 3331 consensu
2414 3294 2544 3347 pag.
2577 3277 2703 3345 759,
2733 3276 2831 3347 qui
2862 3280 3057 3330 tamen
3103 3277 3237 3331 alibi
3271 3278 3347 3348 (g)
3378 3276 3593 3349 stylum
3624 3277 3837 3349 Pachy-

466 3386 637 3425 mera
669 3366 908 3432 laudat;
943 3368 1406 3430 caterumnotat,
1438 3364 1589 3416 inter
1618 3362 1942 3418 Lollianum
1976 3367 2235 3420 codicem
2267 3366 2328 3419 in
2372 3364 2509 3419 bibl.
2535 3364 2833 3434 Vaticana,
2853 3370 2908 3419 et
2930 3366 3333 3431 Barberinum,
3359 3382 3539 3437 quum
3575 3367 3841 3421 emenda-

475 2828 669 2841 ﬂ

460 3458 669 3514 tiorem
700 3459 757 3508 et
786 3452 1118 3507 charactere
1149 3451 1473 3521 antiquiore
1504 3459 1676 3522 atque
1706 3451 2054 3524 elegantiore
2085 3454 2438 3524 descriptum
2458 3458 2730 3519 testatur,
2764 3454 3085 3508 maximum
3120 3471 3234 3509 non
3257 3458 3486 3509 tantum
3530 3455 3590 3509 in
3647 3454 3841 3509 verbis

455 3562 521 3601 ac
560 3542 730 3598 modo
764 3541 1001 3607 dicenti,
1034 3540 1134 3595 sed
1168 3556 1362 3594 rerum
1395 3546 1764 3596 narratarum
1798 3543 1971 3597 etiam
2005 3544 2355 3613 quandoque
2387 3543 2589 3597 ordine
2639 3542 2829 3596 inesse
2887 3541 3222 3610 discrimen,
3256 3547 3320 3597 ut
3375 3541 3690 3597 verisimile
3741 3541 3840 3611 sit,

456 3630 897 3702 Pachymerium
931 3629 1080 3683 duas
1112 3644 1229 3683 sua
1256 3628 1519 3684 Historia
1577 3631 1862 3686 editiones
1919 3631 2165 3702 tempori
2226 3647 2290 3685 ac
2363 3631 2533 3701 genio
2566 3630 2971 3686 inservientem
3004 3630 3444 3702 conscripsisse,
3479 3630 3726 3701 ideoque
3752 3638 3843 3685 ‘ex

452 3721 717 3789 triusque
752 3718 933 3773 multa
969 3720 1160 3773 errata
1181 3718 1414 3790 corrigi,
1442 3720 1691 3775 obscura
1714 3719 2014 3788 illustrari,
2036 3719 2242 3774 mutila
2272 3719 2553 3789 suppleri,
2576 3736 2641 3773 ac
2664 3719 2899 3773 demum
2936 3717 3186 3773 historia
3210 3735 3420 3790 corpus
3442 3735 3625 3773 unum
3650 3718 3837 3789 perfe-

453 3812 615 3862 ctum
646 3823 711 3862 ac
733 3806 1028 3878 integrum
1061 3823 1233 3879 posse
1259 3806 1499 3863 absolvi.
1533 3809 1697 3876 Cum,
1732 3808 1881 3862 idem
1919 3824 2061 3863 mss.
2095 3808 2323 3863 codices
2355 3809 2481 3877 ejus
2513 3806 2625 3863 lem
2661 3806 2947 3873 Historia,
2987 3806 3253 3863 mutilum
3284 3807 3572 3862 Venatum
3604 3806 3663 3860 in
3690 3804 3841 3859 bibl.

450 3898 509 3951 S.
545 3896 738 3961 Marci,
774 3900 830 3950 et
866 3896 1318 3963 Scoriaeensem,
1352 3900 1409 3951 et
1440 3913 1508 3951 ex
1541 3896 1875 3951 Possevimo
1908 3896 2031 3966 (qui
2065 3896 2215 3951 male
2247 3895 2396 3950 male
2427 3894 2766 3963 Gregorium
2800 3912 2901 3965 pro
2959 3896 3199 3966 Georgio
3247 3894 3543 3966 appellat),
3601 3893 3840 3948 tertium

447 3984 799 4041 bibliotheca
828 3985 1015 4040 Patmi
1047 3985 1276 4051 insula,
1299 3990 1693 4055 quartumque
1724 3985 1877 4056 regis
1899 3984 2378 4040 Cbristianissimi
2414 3987 2951 4047 commemorasset,
3010 3984 3100 4037 Est
3152 3982 3215 4038 et
3251 3986 3398 4055 apud
3451 4000 3559 4049 me,
3620 3982 3838 4053 inquit,

449 4076 669 4145 integra
699 4081 750 4129 et
777 4075 1158 4145 Optimanota:
1188 4072 1434 4144 (Fann).
1468 4103 1536 4115 —
1568 4073 1632 4127 In
1664 4074 1790 4129 cod.
1826 4072 2214 4129 Escorialensi
2260 4074 2430 4144 (teste
2464 4072 2672 4125 Pluero
2704 4070 2763 4124 in
2794 4071 2926 4125 Itin.
2961 4088 3066 4141 per
3113 4071 3353 4143 Hispan.
3414 4088 3528 4144 pag
3588 4071 3732 4138 170),
3771 4070 3830 4125 in

2186 4225 2358 4280 index
2390 4242 2402 4279 :
2435 4228 2705 4280 exaratus
2744 4240 2880 4279 vero
2911 4224 3124 4279 dicitur
3169 4242 3219 4280 a.
3274 4226 3430 4291 1443,
3486 4222 3834 4278 Lambecius

452 4293 710 4353 continet
742 4298 1092 4352 Psalterium
1125 4293 1321 4349 totum,
1350 4311 1480 4367 cum
1505 4302 1709 4350 catena
1737 4314 1804 4351 ex
1822 4293 2095 4367 operih’us
2187 4313 2419 4367 quoque
2453 4297 2511 4350 in
2550 4300 2797 4361 Comm.,
2859 4295 3009 4350 VIII.
3066 4313 3121 4366 p.
3185 4297 3319 4349 1087
3380 4294 3614 4367 Kollarii
3674 4293 3834 4367 dolet

446 4369 742 4424 variorum
776 4369 885 4436 vel,
918 4368 1271 4437 scriptorum
1306 4365 1651 4435 ecclesiast.,
1684 4368 1744 4421 in
1768 4365 2094 4438 his'Pachy-
2188 4365 2427 4422 Poss’ino
2459 4369 2530 4421 de
2558 4368 2739 4421 fuisse
2762 4367 2890 4421 cod.
2925 4365 3122 4438 Caesar.
3172 4369 3242 4421 67
3290 4368 3490 4438 (quem
3544 4365 3744 4438 Lamb.
3797 4381 3835 4438 ἐξ

448 4435 953 4505 meris,contexta,
980 4435 1158 4508 quem
1184 4442 1445 4492 recenset
1469 4438 1739 4493 Lambec.
1761 4440 1820 4493 in
1838 4442 1949 4493 vol.
1970 4435 2093 4507 cit.,
2185 4455 2317 4563 Eag.
2350 4439 2488 4492 1066
2505 4440 2735 4508 copiose
2768 4437 3071 4509 recenset),
3100 4437 3159 4491 in
3210 4435 3350 4509 quo'
3384 4441 3524 4491 sunt
3570 4435 3834 4505 Gregorii

448 4530 500 4563 υ.
531 4512 603 4563 53
632 4527 761 4563 sua.
798 4510 1027 4563 (Hann)
2230 4510 2355 4563 vnri
2390 4509 2667 4563 epistola.
2701 4525 2767 4562 ex
2793 4508 3006 4563 auibus
3041 4508 3225 4563 multa
3257 4506 3584 4563 necessaria
3607 4505 3832 4563 notuis-

445 4530 500 4582 p.
531 4512 603 4564 53
632 4527 761 4580 sqq.
798 4505 1027 4582 (Hann)
1118 4579 1131 4582 _
1194 4578 1234 4582 __
1283 4578 1315 4582 __
1395 4578 1427 4582 __
1554 4579 1564 4582 _
2028 4579 2041 4582 Α
2079 4505 2086 4507 ⁷
2185 4505 2355 4582 Cypri
2390 4505 2667 4582 epistola,
2701 4525 2767 4582 ex
2793 4508 3006 4582 quibus
3032 4505 3584 4582 'multa;ne_cessari_a
3607 4505 3832 4582 potuis-

517 4584 592 4650 (d)
620 4578 737 4635 Seu
766 4598 896 4650 pag.
934 4580 1034 4635 153
1066 4579 1157 4632 ed.
1194 4578 1453 4644 Kollarii,
1475 4579 1644 4649 cujus
1676 4583 1872 4633 notam
1907 4579 2093 4635 confe-

446 4668 558 4707 res.
588 4652 670 4706 Ibi
704 4652 829 4705 cod.
857 4655 1191 4706 recensetur
1220 4650 1289 4703 33
1319 4651 1417 4719 qui
1454 4650 1895 4721 comprehendit
1923 4655 2092 4705 Geor-

441 4724 525 4790 gii
547 4724 910 4792 Pachymeris
930 4723 1320 4789 expositionem
1345 4724 1514 4777 totius
1537 4721 1744 4792 Organi
1764 4723 2090 4789 Aristotelis,

446 4812 492 4847 δ.
530 4793 793 4847 omnium
826 4795 953 4861 ejus
977 4793 1280 4864 librorum,
1304 4793 1483 4862 quiad
1504 4793 1751 4864 logicam
1778 4792 2091 4863 pertinent,

446 4864 793 4918 Lambecius
825 4865 1027 4918 itidem
1050 4863 1108 4916 in
1143 4867 1276 4917 nota
1305 4866 1362 4928 A,
1401 4881 1453 4933 p.
1491 4865 1594 4919 455
1626 4881 1673 4918 ε»
1703 4864 2088 4930 I‘rotecdicus,

443 4937 547 4999 ait,
582 4936 940 5005 suscipiebat
971 4935 1227 5004 captivos
1246 4935 1316 4987 de
1339 4934 1491 4989 clero
1516 4937 1572 4988 in
1598 4934 1791 4990 causis
1810 4935 2087 4990 crimena-

444 5005 623 5077 libus,
658 5011 715 5060 et
746 5007 815 5077 de
844 5005 915 5059 iis
935 5005 1265 5077 judicabat,
1288 5006 1747 5077 providebatque
1770 5022 1839 5061 ne
1861 5007 1996 5077 quis
2019 5007 2090 5062 iis

529 4227 579 4297 (c
610 4227 671 4281 In
703 4227 896 4281 indice
926 4227 991 4280 rd
1025 4225 1135 4280 vol.
1170 4224 1272 4289 III,
1306 4241 1362 4294 p.
1395 4226 1519 4290 611,
1554 4225 1624 4280 de
1652 4226 1847 4281 codice
1876 4228 1952 4292 X,
1995 4226 2096 4297 qui

2185 4576 2315 4635 sent
2344 4576 2592 4643 haurici,
2623 4576 2965 4651 etHistoria
2984 4576 3832 4651 Georg.Pachymeri,'operis

2183 4651 2461 4715 difﬁcilis,
2495 4650 2908 4704 obscuritatem
2946 4649 3471 4721 magis'illustrari.
3502 4653 3582 4703 Ex
3627 4650 3831 4703 eodem

2183 4724 2314 4802 c_ud.
2350 4721 2688 4802 publicavit,
2725 4738 2779 4790 p.
2816 4721 3069 4801 1689'sq.
3106 4722 3175 4775 ad
3210 4722 3599 4847 supplendam
3631 4721 3830 4775 Histo-

2183 4810 2329 4847 riam
2362 4797 2587 4847 Georgii
2626 4792 2917 4847 Pachvm..
2944 4792 3043 4846 lib.
3081 4794 3151 4847 ΙΙ.
3177 4809 3302 4847 can.
3365 4834 3378 4847 .
3412 4793 3728 4847 formulam
3745 4806 3830 4845 so-

2182 4795 2329 4847 riam
2362 4791 2587 4861 Georgii
2626 4792 2917 4863 Pachym.,
2944 4792 3043 4846 lib.
3081 4794 3151 4861 II,
3177 4791 3378 4863 cap.9,
3410 4793 3728 4862 formulam
3745 4806 3830 4863 so-

2182 4866 2434 4928 lemnem,
2459 4880 2570 4931 qua
2592 4861 2952 4932 patriarcha,
2984 4861 3263 4935 Gregorio
3279 4861 3463 4935 Cypro
3489 4861 3830 4935 adversarii,

2181 4936 2595 5006 promiserunt,
2632 4935 2823 5002 ipsum
2861 4933 3091 5003 publice
3112 4933 3480 4989 declaratum
3506 4934 3574 4988 iri
3635 4933 3831 5006 ortho-

2179 5002 2394 5061 doxum
2426 5010 2483 5059 et
2515 5020 2754 5071 prorsus
2784 5002 3035 5059 liberum
3069 5006 3141 5059 ab
3173 5006 3330 5059 omni
3356 5007 3485 5060 labe
3529 5010 3585 5059 et
3634 5002 3829 5074 suspi-

444 5076 723 5145 injuriam
758 5076 988 5131 faceret.
1015 5075 1243 5146 (Hann)

515 5148 584 5218 (ε)
630 5147 917 5218 Imagines
958 5147 1247 5218 Pachym.
1310 5162 1413 5200 nec
1472 5164 1586 5202 non
1646 5148 2087 5218 imperatorum,

515 5164 917 5218 (e)1maines
975 5164 1247 5216 racnym.
1310 5164 1413 5200 nec
1472 5164 1586 5202 non
1646 5164 2087 5218 imperatorum,

441 5164 1069 5300 Michaelis§3alaologi
1086 5234 1207 5272 seu.
1234 5221 1289 5271 et
1309 5218 1621 5300 Andronici
1646 5218 2089 5300 Palaolpgisen-

441 5289 539 5342 ari
566 5290 782 5344 incisas
815 5290 1047 5345 exhibet
1078 5305 1305 5358 quoque
1336 5289 1603 5346 Lambec.
1634 5292 1702 5345 ad
1726 5307 1780 5356 p.
1814 5290 1937 5345 155.
1972 5291 2085 5346 vol.

441 5376 652 5414 comm.
686 5360 806 5417 VII.
846 5364 920 5417 De
950 5361 1076 5416 cod.
1113 5359 1361 5430 Hugust.
1394 5359 1566 5416 Vind.
1599 5378 1652 5417 v.
1701 5361 1921 5417 Reiseri
1975 5362 2086 5430 cal,

440 5448 497 5501 p.
531 5432 617 5487 68.
656 5433 887 5499 (Hann)

533 5502 600 5571 (Γ)
659 5504 1104 5574 Montfauconus
1154 5501 1551 5573 Palaograph.
1610 5508 1825 5570 Graca,
1878 5522 1933 5574 p.
1993 5504 2085 5570 79,

437 5573 607 5627 Fabr.
650 5575 713 5628 In
744 5576 914 5630 catal.
948 5573 1114 5628 codd.
1148 5574 1360 5644 Paria,
1394 5574 1536 5628 bibl.
1572 5574 1729 5644 pubi.
1765 5575 1835 5637 II,
1872 5573 1927 5641 p.
1959 5575 2083 5642 393,

438 5649 786 5717 numeratur
813 5647 943 5702 cod.
977 5644 1134 5717 1724,
1157 5643 1397 5717 Georgii
1429 5643 1800 5717 Pach’ymeris
1823 5644 2085 5700 Historia

436 5714 769 5787 Byzantina
804 5714 1282 5775 libritredecim:
1337 5714 1609 5788 praﬁxus
1666 5733 1765 5773 sex
1823 5717 2084 5789 priorum

2178 5078 2341 5132 cione
2372 5092 2555 5147 prava
2584 5075 2882 5139 doctrina,
2906 5076 3040 5148 siis
3072 5076 3235 5148 prius
3265 5076 3478 5148 scripto
3518 5075 3826 5148 pollicere-

2178 5154 2291 5217 tur,
2312 5143 2393 5213 se,
2422 5148 2906 5217 positacceptum
2943 5143 3089 5201 iliud
3122 5143 3398 5201 innocem'
3424 5149 3486 5201 ia
3518 5143 3637 5201 sua
3672 5143 3832 5217 testi:

2178 5213 2440 5275 monium
2469 5213 2932 5287 publicum,sine
2955 5234 3117 5273 mora
3148 5218 3436 5285 dignitate
3458 5213 3829 5289 patriarcbali

2178 5286 2670 5370 se_abdicatur_um
2695 5305 2822 5370 esse
2853 5291 3024 5370 ——“ln\
3050 5290 3177 5370 cod.
3210 5290 3302 5356 39,
3331 5286 3612 5370 v‘olz'VlII,
3639 5306 3696 5370 p.
3716 5286 3828 5344 819

2177 5368 2265 5417 est
2287 5363 2695 5432 fragmentum
2721 5360 2946 5429 Georgii
2987 5360 3255 5432 Pachym.
3318 5359 3824 5432 philosophicum,

2175 5431 2300 5505 περὶ
2332 5426 2590 5505 ὕλνηςμκταί
2622 5426 2968 5505 εἰδουεῖηιῖξερΔ
2991 5430 3057 5502 β’,
3091 5426 3159 5484 inv
3186 5426 3357 5505 quin-8
3383 5426 3569 5505 initio-
3609 5426 3822 5503 Georg:

2175 5498 2386 5575 dicitur
2418 5500 2709 5575 edoceam;
2763 5498 3139 5575 xul‘aiiiovoc
3170 5498 3436 5575 xlnpmoc
3469 5501 3495 5554 ὑ
3519 5498 3818 5571 πομνημᾶ-

2172 5574 2441 5649 τογράφος
2498 5568 3027 5649 νεᾳζπεωτὲκδικᾳς-
3070 5590 3177 5649 της.
3223 5568 3526 5640 κοίυολικῆς
3582 5568 3825 5645 μεγάνης

2172 5641 2283 5701 ’ποῦ’
2307 5641 2548 5718 X'ptcrtoii
2573 5641 2941 5718 ’Eic2t7t_notaq._
2960 5644 3184 5718 (Hann)

2245 5718 2319 5789 (g)
2355 5713 2599 5773 Allatius
2622 5717 2693 5772 de
2716 5715 3001 5789 Georgiis.
3027 5732 3084 5787 p.
3108 5715 3235 5783 368,
3258 5714 3553 5788 369(supra
3571 5713 3827 5789 001413).
