4182 6286
437 304 545 360 435
1654 309 1861 361 PETRI
1903 306 2088 362 P0881

2217 310 2613 364 DEDICATIO.
3718 304 3827 358 436

437 429 862 499 Paclzymerius,
898 429 1034 500 quod
1063 445 1133 483 ea:
1150 429 1381 484 historia
1410 434 1462 484 et
1482 429 1611 484 aliis
1641 429 1881 500 ejusdem
1912 429 2331 485 tractationibus
2361 430 2558 501 epltigi
2581 434 2779 502 potest,
2811 432 3022 502 ineptat
3055 429 3130 501 (g)
3151 429 3345 484 Refert
3366 433 3559 483 autem
3592 435 3832 482 nactum

436 533 500 573 se
533 517 896 589 Pachymerae
924 517 1272 588 opusculum
1302 516 1430 588 Περὶ
1458 515 1873 576 κατασκευασίας
1902 515 1993 569 καὶ
2023 515 2087 587 ἐξε

2182 517 2330 578 ασίας
2361 521 2468 571 τῶν
2523 516 2997 592 ἐπιχειρημάτων,
3030 518 3105 572 De
3157 528 3429 587 apparatu
3471 520 3523 571 et
3578 524 3831 571 constru-

436 606 615 661 ctione
634 615 1117 675 argumentorum,
1137 606 1305 675 cujus
1335 605 1567 659 initium
1607 623 1618 660 :
1654 608 1762 657 Πᾶν
1796 604 2087 657 κατασκευά

2191 624 2243 657 αι
2276 601 2344 657 δι’
2373 601 2447 676 ἕξ.
2482 608 2569 661 Ait
2595 607 2791 673 etiam,
2821 607 3183 677 Pachymerae
3203 603 3467 659 libellum
3503 608 3583 658 De
3603 606 3837 674 quatuor

435 693 842 748 mathematicis
873 693 1130 747 scientiis
1178 699 1400 747 exstare
1428 710 1537 746 ms.
1573 694 1628 746 in
1663 694 1801 747 bibl.
1845 694 1999 763 regis
2046 692 2264 757 Galliae,
2309 696 2409 749 sed
2434 696 2685 762 dubitat,
2736 695 2967 750 idemne
3000 694 3096 759 sit,
3123 694 3220 766 qui
3255 695 3361 748 sub
3391 691 3564 747 Pselli
3595 692 3837 747 nomine

439 782 633 838 editus
667 786 773 850 est,
799 786 855 837 et
887 783 955 836 de
988 799 1103 853 quo
1133 781 1383 835 Allatius
1432 781 1576 835 libro
1611 782 1680 835 de
1707 782 1915 836 Psellis
1944 799 2071 853 cap.
2103 782 2190 835 37.
2226 783 2375 836 Sane
2397 783 2548 838 idem
2574 784 2859 854 scriptum
2876 784 3177 850 Arsenius,
3201 797 3333 836 cum
3358 781 3612 851 primum
3639 779 3836 835 Romze

439 871 644 941 edidit,
685 871 990 926 dubitavit.
1023 870 1479 941 Entbymiumne
1509 886 1582 923 an
1613 869 1846 924 Psellun
1880 869 2119 925 haberet
2150 876 2467 936 auctorem,
2501 870 2634 928 licet
2655 871 2840 927 Pselle
2864 889 2896 925 θ.
2921 872 3191 941 pluribus
3213 870 3542 925 tribuatur:
3571 869 3838 924 Labbeus

439 975 573 1015 vero
595 960 653 1013 in
679 958 1025 1013 Bibliotheca
1059 974 1203 1012 nova
1236 973 1371 1025 ms.,
1406 974 1537 1028 pag.
1572 959 1694 1025 H7,
1728 963 1987 1028 tanquan
2019 957 2246 1013 diversa
2291 964 2576 1013 memorat
2630 959 2857 1031 Georgii
2905 959 3270 1030 Pachymerae
3327 958 3399 1012 De
3441 965 3677 1027 quatuor
3708 972 3838 1010 ma-

441 1047 774 1109 thematicis,
797 1045 1165 1114 arithmetica,
1198 1045 1426 1106 musica.
1455 1047 1757 1114 geometria
1786 1055 1835 1099 et
1865 1048 2204 1101 astronomia
2235 1048 2373 1118 (quo
2405 1048 2530 1118 ipso
2552 1048 2753 1102 ordine
2778 1048 2952 1102 etiam
2976 1045 3299 1117 disciplina:
3324 1044 3433 1099 illae
3456 1046 3514 1098 in
3547 1042 3839 1099 Pselliano

441 1135 638 1192 libello
672 1136 1110 1206 pertratautur),
1146 1134 1201 1187 in
1226 1136 1416 1189 codice
1452 1136 1615 1207 regio
1643 1136 1765 1203 859,
1827 1124 1880 1188 et
1925 1134 1991 1189 de
2048 1134 2246 1190 iisdem
2303 1136 2592 1208 Euthymii
2640 1137 2815 1192 Pselti
2868 1134 3057 1191 codice
3101 1134 3227 1188 891.
3283 1135 3360 1189 De
3404 1133 3600 1189 iisdem
3636 1131 3847 1188 incerti

440 1224 620 1279 codice
649 1223 773 1277 481.
807 1223 1029 1293 (ΡΑΒΗ.)
1059 1252 1128 1261 -
1173 1222 1503 1276 Secundum
1563 1222 1729 1276 codd.
1762 1221 1930 1275 catal.
1992 1263 2004 1276 .
2062 1228 2091 1275 P

2195 1240 2239 1279 Β.
2296 1223 2404 1278 vol.
2467 1224 2541 1293 II,
2595 1223 2653 1279 in
2704 1225 2830 1279 cod.
2883 1223 3045 1287 2338,
3108 1221 3249 1275 2339
3300 1225 3357 1276 et
3395 1222 3555 1289 2340,
3611 1219 3846 1291 Georgii

444 1312 715 1384 Pacbym.
747 1309 835 1365 vel
869 1310 1041 1377 Mich,
1074 1309 1246 1364 Pselli
1277 1309 1686 1379 arithmeticae,
1717 1311 1975 1376 musicae,
2010 1311 2338 1381 geometriae
2381 1317 2438 1367 et
2486 1312 2856 1368 astronomiae
2888 1311 3287 1366 institutiones
3315 1331 3330 1377 ;
3380 1311 3438 1365 in
3498 1310 3625 1366 cod.
3678 1308 3840 1374 2341,

443 1399 673 1471 Georgii
695 1399 968 1470 Pachym.
1008 1396 1372 1452 arithmetica
1394 1397 1518 1464 (ubi
1553 1398 1807 1468 primum
1839 1403 2017 1468 caput
2050 1399 2458 1472 desideratur),
2517 1401 2837 1472 geometria
2887 1410 2940 1454 et
2997 1399 3413 1455 stereometria.
3476 1428 3545 1438 —
3598 1402 3663 1452 In
3709 1398 3835 1452 cod.

440 1489 584 1543 2438
613 1491 666 1554 (e
695 1488 820 1542 cod.
850 1486 1130 1541 Vaticano
1162 1504 1215 1540 a.
1252 1486 1387 1540 1591
1418 1485 1754 1556 descripto),
1788 1502 1875 1538 nr.
1908 1486 1961 1549 3,
1997 1486 2268 1558 Pachym.
2303 1487 2681 1543 arithmeticae
2715 1493 2921 1559 quater
2950 1487 3224 1542 inchoata
3253 1484 3565 1557 descriptio
3588 1485 3837 1539 duorum

445 1576 820 1631 librariorum
856 1591 1028 1629 manu
1062 1574 1289 1629 diversa
1322 1590 1336 1639 ;
1370 1591 1457 1627 nr.
1492 1575 1543 1635 4,
1574 1574 1839 1643 ejusdem
1865 1573 2493 1631 harmonicwinchoata
2525 1575 2841 1647 descriptio
2881 1607 2946 1615 -—-
2978 1575 3036 1629 in
3068 1575 3194 1629 cod.
3216 1574 3357 1629 2536
3386 1571 3734 1645 opusculum
3765 1571 3837 1626 de

448 1666 673 1720 Mucica.
706 1681 737 1719 e
766 1667 1024 1718 veterum
1056 1667 1111 1717 et
1134 1662 1521 1717 recentiorum
1557 1661 1793 1731 scriptis
1824 1678 1856 1713 a
1899 1660 2142 1731 Georgio
2202 1664 2554 1736 Pachymera
2612 1664 2671 1718 in
2720 1665 2954 1719 illorum
3004 1663 3273 1735 gratiam,
3335 1662 3436 1733 qui
3494 1662 3575 1716 rei
3608 1660 3843 1716 musicae

450 1768 687 1824 operam
729 1752 886 1817 dant,
920 1749 1219 1819 collectus,
1253 1765 1401 1819 opus
1423 1748 1733 1815 ineditum,
1769 1748 1922 1819 quod
1956 1749 2101 1819 inci;

2192 1746 2426 1824 Βευτὲραν
2458 1745 2574 1824 ἔχει
2606 1749 2774 1819 τάξιν.
2809 1782 2875 1791 ———
2908 1753 2970 1806 In
3004 1751 3129 1805 cod.
3150 1749 3415 1804 Naniano
3439 1749 3546 1803 255
3566 1746 3843 1815 Venetiis,

448 1832 870 1914 ἠτετράϐιϐλος
924 1834 1020 1890 τοῖ’)
1089 1835 1385 1911 Παχυμὲρη
1439 1866 1506 1877 --
1562 1841 1688 1890 tum
1740 1838 1836 1888 τοῦ
1888 1836 2204 1911 σοφωτάτου
2259 1842 2426 1912 κυροῢ
2484 1837 2753 1913 Γεωργίου
2809 1833 3179 1911 πρωτεκδίκου
3237 1868 3305 1877 -
3359 1839 3455 1889 τοῦ
3511 1830 3841 1909 Παχυμέρη,

449 1927 731 2002 σύνταγμα
782 1930 890 1980 τῶν
946 1926 1240 2000 τεσσάρων,
1302 1922 1660 1996 μαθημάτων,
1720 1923 2109 1997 ἀριθμητικῆς,
2172 1932 2458 1997 μουσικῆς,
2515 1924 2856 1999 γεωμετρίας
2911 1924 3000 1979 καὶ
3066 1922 3445 1999 ἀστρονομίας.
3505 1925 3846 1996 Sequuntur

448 2019 691 2089 triginta
719 2030 920 2071 versus
943 2013 1122 2068 iambi
1155 2013 1365 2069 senarii
1403 2031 1417 2068 :
1451 2017 1581 2084 post
1611 2013 1717 2068 hos
1750 2014 1956 2083 incipit
1985 2030 2155 2083 Opus.
2190 2014 2365 2070 Plura
2393 2032 2463 2070 ex
2490 2014 2591 2070 illo
2623 2015 2749 2070 cod.
2781 2015 2942 2069 dedit
2972 2019 3173 2069 auctor
3201 2017 3315 2069 cat.
3363 2014 3531 2069 codd.
3590 2011 3841 2067 Nanian.

455 2123 582 2178 pag,
615 2105 738 2159 1:58.
770 2133 839 2145 —
868 2102 1051 2158 Leidai
1082 2102 1234 2156 inter
1265 2102 1433 2157 codd.
1468 2101 1788 2157 Vossianos
1817 2100 2090 2173 ἁρμονική

2185 2103 2360 2170 ωσικὴ
2416 2101 2789 2177 Παχυμερίου.
2819 2102 2880 2158 ν.
2914 2108 3026 2158 cat.
3060 2101 3203 2158 bibl.
3241 2101 3397 2157 Leid.
3454 2101 3578 2155 394.
3614 2116 3702 2156 nr.
3743 2099 3836 2154 62.

449 2222 521 2234 —
575 2193 660 2247 An
718 2190 892 2247 etiam
949 2190 1363 2262 Pachymerem
1424 2188 1773 2260 pertineant,
1832 2203 1960 2258 quae
2020 2194 2160 2243 sunt
2212 2189 2271 2244 in
2331 2190 2458 2245 cod.
2510 2191 2851 2262 Augustano
2894 2188 3095 2245 Vindel
3154 2190 3380 2258 (Reiser.
3431 2193 3543 2244 cat.
3605 2205 3665 2261 p.
3719 2187 3838 2259 87).

450 2281 702 2351 epitome
733 2279 947 2351 logica,
978 2278 1146 2334 initio
1171 2275 1400 2343 mutila,
1435 2275 1675 2346 reliquis
1702 2275 1879 2329 etiam
1939 2277 2169 2348 paginis
2220 2294 2495 2348 magnam
2556 2284 2782 2349 partem
2841 2277 3028 2333 exesis
3063 2298 3075 2347 ;
3130 2278 3244 2332 alia
3273 2278 3523 2349 epitome
3562 2276 3844 2332 arithme-

449 2370 617 2438 tices,
648 2370 760 2432 etc,
792 2365 1024 2437 aliaque
1056 2365 1311 2436 epitome
1342 2364 1617 2430 musices,
1651 2366 2000 2435 geometriae,
2037 2365 2428 2435 astronomiae,
2470 2370 2603 2435 etc.,
2672 2365 2982 2422 collatione
3032 2382 3164 2421 cum
3224 2363 3356 2420 aliis
3411 2365 3578 2421 codd.
3626 2363 3849 2420 certius

453 2457 562 2513 erit
590 2455 1014 2511 deﬁniendum.
1038 2453 1270 2525 (Hann)

521 2543 598 2597 Τὰ
623 2542 741 2604 καθ’
771 2540 977 2609 ἑαυτὸν,
1006 2540 1270 2597 Carmina
1316 2539 1382 2595 de
1435 2540 1553 2595 vita
1607 2556 1709 2594 sua
1766 2544 2053 2595 memorat
2110 2540 2494 2613 Pacbymeres
2547 2545 2604 2597 et
2659 2558 2728 2597 ex
2759 2540 2877 2597 illis
2924 2556 3128 2597 versus
3164 2541 3452 2612 quosdam
3481 2540 3852 2597 hexametros

458 2633 697 2691 adducit
727 2630 828 2685 lib.
860 2648 896 2685 x
927 2629 1189 2684 Historiae
1220 2628 1374 2699 Byz.,
1401 2643 1527 2697 cap.
1561 2627 1628 2679 14
1658 2631 1716 2681 et
1744 2627 1830 2681 15.
1862 2628 2065 2697 (FABR)
2096 2628 2396 2685 Florentiae
2421 2629 2482 2684 in
2513 2629 2640 2684 cod.
2676 2633 2943 2685 Laurent.
2995 2629 3208 2685 Medic.
3274 2629 3344 2697 V,
3401 2628 3548 2700 plut.
3604 2628 3696 2697 8⁷,
3739 2629 3843 2700 qui

459 2719 722 2778 continet
750 2719 991 2772 Aristot.
1025 2715 1278 2788 physicae
1308 2714 1619 2769 ausculiat.
1652 2713 1831 2770 libros
1850 2731 1972 2781 vm,
2008 2732 2138 2770 cum
2173 2718 2533 2787 expositione
2564 2717 2874 2789 marginali
2906 2716 3135 2790 Georgii
3174 2716 3549 2789 Pachymeris
3580 2734 3594 2771 :
3628 2717 3688 2772 in
3738 2717 3842 2772 fini

441 2808 739 2878 .leguntur
765 2822 971 2861 versus
1002 2805 1241 2875 quidam
1272 2802 1489 2857 heroici
1521 2802 1581 2857 in
1616 2802 1848 2858 laudem
1878 2802 2035 2869 libri,
2070 2804 2321 2875 ascripto
2356 2805 2588 2861 nomine
2616 2809 2713 2859 τοῦ
2754 2805 3078 2879 Παχυμὲρη,
3112 2822 3259 2876 quos
3290 2802 3509 2877 publici
3530 2805 3683 2876 juris
3714 2806 3857 2862 fecit

458 2895 706 2950 Bandin.
733 2894 792 2948 in
827 2897 940 2948 cat.
974 2893 1070 2948 Gr.
1108 2893 1201 2958 IIl,
1231 2907 1287 2960 p.
1317 2891 1423 2944 385
1452 2906 1540 2960 sq.
1572 2921 1638 2931 ——
1666 2891 1726 2944 In
1761 2891 1888 2945 cod.
1942 2891 2158 2947 Veneth
2206 2891 2409 2963 Marc.,
2469 2893 2570 2964 qui
2628 2892 2887 2949 continet
2946 2893 3181 2948 Macarii
3236 2893 3689 2965 Chrysocephali
3736 2899 3849 2950 Po-

463 2978 706 3050 δωνιᾶν,,
739 2980 814 3036 fol
834 2981 935 3035 231
970 2981 1345 3035 adducuntur
1373 2982 1640 3048 excerpta
1671 2994 1740 3032 ex
1769 2978 2150 3046 carminibus,
2181 2995 2306 3051 quae
2334 2981 2617 3052 Georgius
2648 2980 3033 3052 Pachymeres
3059 2982 3130 3036 de
3159 2981 3277 3037 vita
3318 2998 3427 3037 sua
3471 2981 3847 3054 conscripsit,

466 3068 530 3124 ἐκ
567 3073 676 3125 τῶν
731 3066 989 3140 ἡρωϊκῶν
1038 3064 1180 3119 ἐπῶν
1235 3066 1333 3118 τοῦ
1388 3063 1689 3135 Ῑιαχυμέρη
1745 3067 1913 3130 κυροῦ
1961 3063 2258 3139 Γεωργίου,
2312 3063 2381 3120 δι’
2432 3065 2505 3121 ὧν
2573 3066 2640 3122 τὰ
2704 3067 2822 3132 καθ’
2885 3068 3069 3123 ἑαυτὸν
3142 3065 3409 3144 διηγεῖται
3458 3067 3512 3124 ἓν
3566 3070 3849 3142 τμήμασιν

471 3155 637 3224 ἒννὲα,
673 3161 730 3212 et
776 3154 874 3211 fol.
921 3155 1029 3207 2⁸13
1080 3158 1216 3208 rect.
1275 3153 1371 3203 τοῦ
1429 3148 1590 3202 αῖ)τού
1650 3151 2001 3225 (Παχυμὲρη)
2060 3153 2247 3228 στίχοι
2312 3154 2551 3231 ὑφαντοίο
2614 3151 2724 3211 ἔστι
2781 3153 2839 3210 δὲ
2888 3157 2917 3211 ὁ
2959 3157 3317 3235 ὑφαινόμενος
3376 3157 3590 3231 στίχος,
3646 3156 3850 3223 ἀνωθεν

460 3244 608 3300 κάτω
636 3243 726 3297 καὶ
755 3239 992 3296 κάτωθεν
1022 3239 1148 3292 ἄνω.
1182 3239 1249 3292 V.
1301 3238 1408 3294 cel.
1468 3238 1746 3295 Villoison
1802 3241 2098 3296 anecdoct.

2195 3260 2238 3297 r.
2297 3248 2439 3299 tom.
2500 3246 2569 3313 II,
2629 3264 2759 3318 pag.
2812 3246 2867 3314 7,
2924 3246 3222 3318 imprimis
3270 3264 3402 3320 pag.
3459 3248 3529 3302 76
3585 3263 3712 3319 sqq.
3746 3248 3846 3304 ubi

467 3331 681 3407 στίχος,
714 3332 860 3387 istos
890 3328 1155 3401 quamvis
1185 3328 1466 3384 barbaros
1496 3328 1865 3400 ineptosque.
1899 3333 2091 3384 Grmce
2112 3330 2388 3402 vulgavit.
2416 3334 2481 3389 In
2515 3336 2784 3391 versibus
2818 3339 3013 3391 autem
3045 3335 3298 3392 heroicis
3327 3335 3581 3391 laudatis
3630 3335 3857 3410 Pachy-

465 3437 652 3478 meres
700 3419 891 3473 indice
922 3416 1286 3481 Villosionio,
1318 3419 1539 3485 veteres
1573 3420 1796 3487 poetas,
1831 3416 2118 3490 praecipue
2170 3418 2480 3477 homerum
2512 3425 2573 3478 et
2627 3423 2969 3495 Gregorium
3028 3423 3477 3492 Nazianzenum,
3509 3440 3625 3479 non
3655 3423 3857 3480 infeli-

464 3511 608 3567 citer
635 3507 923 3564 imitando
944 3506 1251 3578 expressit.
1283 3504 1510 3577 (ΗΑιιι.)

536 3651 612 3724 (g)
644 3649 795 3705 Add.
829 3665 1031 3719 supra,
1054 3647 1169 3703 vol.
1197 3648 1242 3718 Ι,
1272 3663 1331 3719 p.
1351 3647 1479 3703 703.
1511 3647 1740 3719 (Hann)

468 3818 3855 3852 Μ

1071 3996 1862 4160 GEORGII
1993 3997 3238 4163 PACHYMEIUE

953 4406 1589 4571 lllCllAELll'
1640 4421 1778 4568 ET
1871 4421 2546 4572 ANDllONlGO
2642 4426 3410 4579 PAL/EOLOGIS

1763 4664 2172 4831 LIBRI
2263 4676 2574 4798 XIII.

1652 4994 1885 5055 PETRI
1931 4993 2242 5057 POSSIMI
2292 4994 2717 5059 DEDICATlO

1270 5272 1567 5330 SANGTIE
1607 5274 1959 5332 MEMORIAE
2000 5277 2269 5334 URBANI
2300 5278 2427 5335 Vlll
2456 5279 2688 5337 SUMMI
2710 5279 3099 5338 PONTIFICIS

792 5421 1150 5484 GEORGIUS
1189 5402 1692 5479 PACHYMERES.
1720 5421 1791 5476 EJ
1802 5420 1889 5477 US
1928 5421 2291 5481 BENEFICIO
2322 5425 2722 5497 REDIVIVUS,
2750 5429 3211 5487 IMMORTALES
3244 5430 3572 5511 GMTIAS.

575 5569 929 5652 Synagogae
958 5569 1183 5652 veteris
1240 5564 1652 5652 pontiﬁcibus
1706 5582 1896 5652 sacra:
1957 5567 2182 5652 litterae
2236 5579 2587 5630 memorant
2639 5573 2966 5649 singulari
3009 5578 3355 5649 privilegio
3422 5575 3751 5646 tributum,
3809 5581 3885 5633 ut

498 5643 701 5712 morvtc
728 5643 853 5709 sua
873 5645 1543 5731 panderentfeditum
1574 5645 1930 5731 exsulibus,
1953 5643 2113 5731 Plus
2145 5665 2339 5731 _posse
2384 5667 2552 5709 novae
2611 5643 2765 5728 legis
2812 5660 2895 5731 et,
2924 5643 3166 5712 Christi
3214 5643 3509 5713 Ecclesia
3550 5643 3883 5731 pontiﬁces

499 5734 775 5810 feliciter
803 5723 1101 5801 ew—perior
1127 5723 1315 5787 hodie
1340 5732 1491 5795 ate,
1529 5730 1713 5795 cujus
1760 5729 1975 5801 gratia
2026 5724 2273 5790 dudum
2326 5735 2562 5788 mortui
2603 5723 2989 5807 jampridem
3045 5741 3107 5792 et
3160 5737 3291 5810 ipse
3338 5723 3632 5794 mortuus
3687 5723 3882 5795 lucem
