4154 6286
393 325 497 378 443

1688 341 1984 399 GEORGII
2022 346 2480 400 PACHYMERE

3674 346 3777 399 444

394 455 3776 491 ——-—.__________________________

502 617 1657 794 ΓΕΩΡΓΙΟΥ
1773 628 2242 800 ΤΟΥ
2359 629 3667 800 ΠΑΧΥΜΕΡΗ

1049 893 1746 1025 ΜΙΧΑΗΛ
1848 900 3110 1032 ΠΑΛΑΙΟΛΟΓΟΣ

676 1260 1722 1454 GEORGII
1854 1141 3494 1465 PACHYMER/E

857 1558 1783 1711 MICHAEL
1887 1566 3288 1716 PALZEOLOGUS

2015 1798 2161 1843 SIVE

532 1895 897 1959 HISTORIA
946 1902 1224 1962 RERUM
1271 1907 1323 1962 A
1369 1905 1771 1965 MICHAELE
1817 1910 2294 1970 l’AL/EOLOGO
2338 1912 2552 1972 ANTE
2598 1910 2985 1971 IMPERIUM
3030 1913 3127 1971 ET
3174 1912 3247 1969 IN
3295 1908 3619 1969 IMPERIO

1843 2008 2303 2069 GESTARUM.

1520 2170 1851 2216 INTERPRE
1894 2172 2102 2219 PETRO
2146 2173 2414 2221 POSSINO
2459 2174 2513 2219 S.
2559 2175 2610 2219 J.

2016 2481 2125 2574 A.

374 2657 441 2711 α’.
476 2657 772 2732 Προοίμιον
804 2664 901 2713 τοῦ
932 2661 1304 2747 ξυίίγραφέως,
1333 2665 1423 2718 καὶ
1453 2667 1574 2740 περὶ
1602 2671 1703 2731 τῆς
1752 2667 2012 2738 ἀληθείας
2045 2672 2099 2737 Α
2127 2667 2217 2722 καὶ
2252 2671 2435 2741 μαθὼν
2480 2664 2714 2741 ἀκριϐῶς
2744 2671 2871 2746 παρ’
2901 2672 2972 2723 ὧν
3004 2671 3064 2723 τὸ
3107 2673 3321 2743 πρῶτον
3374 2665 3588 2740 ἑωράθη
3637 2686 3772 2741 πρα-

947 2732 1081 2786 τῶν’
1105 2732 1435 2808 λεγομένων.

443 2836 525 2905 [P.
558 2836 611 2906 4]
643 2837 908 2911 Γεώργιος
960 2841 1613 2914 Κωνσταντινουπολίτης
1663 2846 1756 2917 μὲν
1807 2846 1867 2899 τὸ
1918 2846 2011 2899 ἆν-

373 2918 575 2993 έκαθεν,
629 2921 678 2975 ἐν
729 2926 925 2995 Νικαίᾳ
982 2923 1038 2980 δὲ
1086 2928 1173 2981 καὶ
1223 2932 1494 3004 γεννηθεὶς
1548 2933 1636 2986 καὶ
1673 2933 1912 3008 τραφεὶς,
1963 2932 2012 2986 ἐν

372 3009 783 3064 Κωνσταντίνου
836 3008 892 3065 δὲ
948 3018 1210 3077 καταστὰς
1259 3016 1411 3081 αὖθις
1468 3017 1556 3073 ὅτε
1611 3024 1743 3074 Θεοῦ
1790 3020 2012 3092 νεύματι

376 3095 476 3149 ὑπὸ
524 3096 812 3170 Ῥωμαίων
865 3098 1140 3173 ἐγένετος,
1199 3098 1289 3173 ἔτη
1356 3105 1596 3179 γεγονὼς
1652 3104 1850 3160 εἷόιοσιν
1900 3109 2014 3169 ἑνὸς

373 3180 610 3254 δέοντος,
660 3184 914 3254 τηνικάδε
965 3189 1053 3241 καὶ
1100 3193 1296 3264 κλήρῳ
1345 3195 1537 3256 σωθεὶς
1583 3194 1709 3267 Οείῳ
1739 3194 1826 3249 καὶ
1860 3197 2009 3265 ἀξιώ·

374 3291 533 3341 μασιν
566 3270 1047 3348 έκκλησιασρικοῖς
1082 3274 1377 3352 διαπρέψας
1422 3281 1511 3336 καὶ
1539 3281 1590 3344 ἐς
1639 3282 2013 3358 πρωτεκδίκου

368 3359 571 3433 φθάσας
621 3361 811 3431 τιμὴν,
856 3360 932 3415 ἔτι
985 3361 1041 3417 δὲ
1087 3366 1175 3419 καὶ
1228 3366 1279 3421 ἐν
1326 3369 1635 3445 ἀνακτόρων
1692 3371 1765 3432 εἰς
1815 3369 2014 3426 δικαιο-

368 3443 584 3519 φύλακα
614 3448 892 3520 τιμηθεῖς,
941 3450 1065 3507 τάδε
1094 3454 1436 3530 ξυνέγραψεν,
1472 3443 1537 3511 ού
1582 3458 1782 3533 λόγους
1826 3455 2009 3515 λαϐὼν

367 3533 567 3597 ἄνωθεν
627 3536 1016 3612 ἀμαρτύρους,
1074 3539 1189 3596 οὐδ’
1257 3546 1392 3618 ἀκοῇ
1460 3546 1725 3607 πιστεύων
1794 3548 1956 3620 μόνον
1994 3591 2008 3616 ,

366 3620 546 3714 (ἕσπερ
598 3622 869 3714 πολλάκις
927 3623 1208 3699 συμϐαίνει
1266 3637 1345 3704 τῷ
1398 3633 1720 3708 βουλομένῳ
1765 3636 2009 3714 γράφειν,

366 3707 433 3777 ἤν
464 3730 547 3771 τις
599 3712 746 3787 λέγοι
780 3713 1033 3789 ἑωρακὼς
1078 3718 1112 3786 ἢ
1153 3720 1244 3773 καὶ
1294 3719 1524 3786 ἀκούσας
1570 3723 1752 3793 αὐτὸς,
1785 3723 2010 3786 πιστοὺς

370 3795 645 3887 ⁸ἀξιοίη
702 3800 832 3863 τοὺς
889 3803 1114 3878 λόγους,
1166 3808 1210 3861 εἰ
1259 3808 1426 3881 μόνον
1474 3810 1647 3887 λέγοι,
1678 3812 2006 3887 λογίζεσθαι,

371 3884 497 3940 ἀλλ’
527 3886 798 3960 αὐτόπτης
840 3890 907 3945 τὰ
951 3890 1181 3950 πλεῖστα
1230 3895 1371 3953 οὕτω
1426 3884 1630 3973 ξυμϐἀν
1659 3884 1920 3975 γεγονως,
1969 3900 2004 3969 ἢ

2130 2756 2340 2831 χθέντα,
2400 2756 2546 2827 πλὴν
2604 2756 2649 2812 δ’
2709 2757 2806 2813 οὐκ
2857 2757 3138 2832 ἀμάρτυρα
3194 2755 3338 2811 ἀλλά
3383 2756 3469 2809 καὶ
3528 2753 3767 2818 πολλοῖς

2124 2842 2323 2907 ἄλλοις
2364 2845 2831 2920 συνηγορούμενα,
2891 2848 2965 2908 ὡς
3013 2843 3071 2899 ἂν
3128 2846 3203 2918 μὴ
3262 2845 3290 2899 ὁ
3322 2843 3532 2915 ξύμπας
3568 2842 3769 2916 χρόνος

2126 2931 2281 3009 φύσιν
2344 2930 2485 3007 ἔχων
2545 2934 2609 2987 τὰ
2656 2932 2846 2989 πολλᾶ
2893 2934 3147 3009 κρύπτειν
3205 2937 3427 3006 συχναῖς
3478 2929 3767 2992 κυκλικαῖς

2122 3018 2397 3093 περιόδοις
2448 3023 2534 3076 καὶ
2580 3020 2696 3076 τάδ’
2728 3021 2957 3099 ἀφανίσῃ
3009 3022 3143 3077 κατᾶ
3192 3021 3382 3095 μικρὸν
3431 3017 3653 3091 ἐξίτηλα
3694 3021 3763 3091 τῇ

2121 3106 2449 3183 παραδρομῇ
2508 3109 2807 3185 γιγνόμενα
2856 3109 2942 3164 διὰ
3007 3110 3066 3164 τὸ
3142 3111 3368 3187 φανέντα
3437 3106 3763 3183 κρύπτεσθαι

2120 3198 2295 3251 πάντα
2354 3197 2591 3273 ἀνάγκην
2648 3198 2802 3267 εἶναι,
2863 3197 2935 3260 ὥς
2984 3200 3089 3253 πού
3139 3220 3223 3261 τις
3288 3201 3394 3251 τῶν
3430 3199 3607 3272 σοφῶν
3658 3193 3759 3271 ἔφη

2120 3283 2210 3339 καῖ
2270 3284 2491 3355 ἀληθῶς
2553 3286 2951 3360 ἐγνωμάτευσεν
2988 3331 3001 3343 .
3060 3288 3135 3341 Οὐ
3195 3286 3301 3359 μὴν
3364 3283 3502 3340 ὥστε
3549 3284 3638 3338 καὶ
3697 3284 3760 3337 τὸ

2120 3370 2322 3443 ἀληθὲς
2351 3375 2473 3450 περὶ
2524 3373 2821 3437 ἁλάττονος
2868 3380 2964 3431 τοῦ
2989 3372 3219 3449 ψεύδους
3264 3374 3591 3443 ποιήσασθαι
3640 3370 3765 3445 περὶ

2117 3462 2379 3516 τοιούτων
2433 3461 2679 3538 λέγοντα·
2727 3466 2966 3539 ἱστορίας
3005 3464 3104 3540 γὰρ
3144 3507 3157 3533 ,
3207 3463 3282 3525 ὡς
3336 3460 3396 3517 ἄν
3451 3481 3535 3522 τις
3590 3458 3762 3527 εἷ’ποι,

2118 3553 2270 3626 ψυχὴ
2324 3555 2358 3622 ἡ
2418 3551 2670 3625 ἀλήθεια,
2719 3555 2808 3609 καὶ
2860 3556 2921 3610 τὸ
2968 3562 3069 3624 τῆς
3116 3552 3374 3623 ἀληθείας
3407 3557 3603 3627 χρῆμα
3632 3550 3761 3605 έπά-

2117 3660 2311 3713 ναγκες
2346 3642 2510 3715 ἱερὸν,
2545 3644 2572 3696 ὁ
2605 3640 2662 3696 δὲ
2710 3644 2815 3716 πρὸ
2844 3642 3043 3713 ταύτης
3072 3643 3133 3697 τὸ
3174 3639 3369 3715 ψεῦδος
3416 3638 3563 3715 ἄγων
3612 3639 3761 3693 ἄντί-

2115 3747 2245 3801 κρυς
2303 3727 2606 3803 ἱερόσυλος.
2656 3729 2884 3795 ’Ἄλλως
2931 3752 2989 3786 τε
3048 3730 3136 3785 καὶ
3184 3732 3320 3803 ἡμῖν
3376 3725 3575 3798 ⁴ἥκιστα
3623 3727 3758 3804 πρό-

2116 3826 2260 3879 θεσις
2316 3823 2432 3880 τοῖς
2502 3824 2793 3894 πραχθεῖσι
2870 3820 3088 3894 μέγεθος
3154 3817 3410 3883 ἐντιθέναι
3456 3816 3751 3890 ὡσανείπερ

2112 3905 2455 3979 κινουμένοις
2486 3905 2546 3962 ἐκ
2596 3907 2783 3980 μίσους
2814 3908 2849 3976 ἢ
2903 3908 3009 3980 μὴν
3053 3904 3287 3975 εὐνοίας,
3343 3907 3418 3968 ὡς
3476 3904 3532 3960 ἂν
3583 3902 3751 3961 πλέον

366 4178 419 4233 4.
453 4182 810 4252 Proaemz'um,
832 4185 897 4240 de
926 4195 1148 4271 auctore
1173 4193 1336 4271 (zujus
1386 4196 1650 4264 historia,
1688 4206 1739 4253 et
1768 4215 1873 4269 qua
1905 4199 2005 4253 ﬁde
2034 4199 2081 4264 B
2113 4204 2287 4259 unius
2311 4206 2645 4262 testimonio
2672 4207 3110 4271 crediderit,sed
3145 4206 3468 4262 multorum
3492 4204 3752 4260 afﬁrma-

1007 4264 1055 4314 z's
1077 4264 1375 4333 scripserit.

439 4358 721 4425 Georgius
767 4360 1449 4438 Constantinopolitanus
1502 4389 1727 4441 genere,
1759 4382 1919 4432 ortus
1950 4383 2006 4433 et

367 4445 660 4499 enutritus
705 4447 922 4516 Nicaeae,
973 4456 1518 4529 Constantinipolim
1564 4479 1769 4519 rursus
1809 4470 2003 4522 trans-

370 4532 547 4598 latus,
580 4539 813 4605 quando
844 4557 931 4605 ea,
964 4545 1047 4598 sic
1078 4546 1192 4601 Deo
1224 4557 1535 4622 annuente,
1567 4557 1676 4610 sub
1710 4558 2004 4615 Romano-

372 4638 501 4674 rum
538 4624 865 4682 dominium
900 4633 1091 4699 rediit,
1143 4653 1327 4693 annos
1376 4646 1515 4695 tunc
1558 4650 1730 4699 natus
1764 4649 2003 4703 undevi-

370 4708 542 4807 ginti,
575 4709 727 4764 clero
755 4716 1047 4786 ascriptus
1079 4737 1144 4775 ac
1194 4724 1398 4792 primis
1442 4730 1710 4787 Ecclesiae
1748 4736 2004 4807 dignita-

364 4794 523 4886 tibus
555 4803 966 4867 ornatus,adeo
991 4810 1054 4861 ut
1085 4825 1270 4878 usque
1292 4816 1361 4869 ad
1388 4820 1699 4886 protecdici
1722 4794 2001 4880 honorem

369 4882 796 4985 eveheretur,in
820 4889 1093 4985 palatinis
1126 4912 1355 4969 quoque
1386 4882 1594 4962 ofﬁciis
1625 4910 2003 4985 diceeophyla-

367 4971 452 5022 cis
485 4971 827 5069 magistratu
853 4976 1196 5051 honoratus,
1221 4987 1341 5042 haec
1370 4989 1581 5049 litteris
1615 4971 1998 5069 tradidit,non

367 5073 633 5156 rumores
657 5059 824 5131 longe
848 5066 1056 5158 petitos
1074 5073 1349 5145 nulloque
1370 5081 1701 5140 testimonio
1725 5059 2002 5158 probatos

370 5146 684 5244 excipiens,
720 5156 1115 5244 nequesolum
1141 5161 1304 5217 famae
1336 5165 1613 5233 ﬁdens,ut
1633 5146 1785 5244 saepe
1815 5146 1999 5236 l-Ié

370 5232 648 5287 scribenti
676 5240 965 5307 usuvenit,
999 5244 1137 5299 dum
1160 5249 1334 5305 nimis
1366 5253 1534 5311 facile
1556 5232 1812 5317 creditur
1841 5269 2002 5322 omni

371 5324 468 5418 qui
502 5324 657 5425 dicat
684 5344 745 5382 se
774 5332 1013 5389 audisse
1042 5343 1141 5391 aut
1170 5340 1610 5409 vidisse,verum
1646 5354 1744 5422 qui
1779 5372 1881 5425 per
1909 5374 2000 5411 me

368 5410 500 5503 ipse
522 5412 797 5503 pleraque
844 5420 1087 5482 viderim
1134 5428 1218 5483 sic
1249 5433 1559 5503 contigisse
1607 5410 1676 5496 ut
1700 5410 1883 5500 refero

2116 4293 2260 4348 tioni
2294 4296 2586 4352 concordi.
2617 4295 2862 4367 Scripsit
2893 4300 3110 4362 autem,
3160 4311 3231 4350 ne
3279 4298 3516 4364 tempus
3547 4298 3753 4363 suapte

2116 4388 2323 4438 natura
2355 4384 2649 4440 involvens
2681 4402 2747 4439 ac
2778 4385 2976 4456 legens
3006 4383 3214 4451 multa,
3255 4382 3590 4451 crebrisque
3622 4381 3747 4435 suis

2116 4474 2558 4531 circuitionibus
2584 4473 2986 4542 obruens,haee
3008 4487 3242 4543 quoque
3263 4470 3450 4525 deleat
3472 4468 3755 4540 fugientia

2114 4566 2241 4635 ipso
2269 4565 2541 4619 decursu.
2583 4567 2829 4617 Necesse
2860 4561 3077 4633 quippe
3126 4564 3231 4625 est,
3260 4576 3386 4629 quae
3437 4557 3752 4627 aliquando

2112 4653 2237 4708 visa
2269 4657 2431 4717 sunt,
2457 4651 2681 4721 contegi
2714 4650 2970 4712 tandem,
2996 4652 3060 4701 ut
3091 4649 3296 4701 doctus
3320 4645 3559 4717 quidam
3593 4660 3753 4699 asse-

2115 4741 2232 4795 ruit
2254 4741 2324 4795 ab
2355 4756 2485 4794 vere
2511 4737 3046 4808 pronuntiavit.Sed
3083 4752 3270 4803 neque
3303 4750 3408 4805 par
3436 4736 3526 4787 est
3555 4733 3625 4786 de
3662 4731 3751 4786 his

2114 4830 2289 4884 rebus
2311 4829 2598 4883 dicentem
2621 4824 2925 4881 mendacio
2948 4823 3193 4879 minoris
3218 4823 3404 4877 facere
3423 4821 3746 4876 veritatem.

2112 4918 2380 4972 Historiae
2415 4930 2692 4985 namque.
2726 4913 2809 4968 uti
2841 4913 2971 4983 quis
3003 4911 3229 4975 dixerit,
3265 4910 3461 4965 anima
3492 4908 3703 4963 veritas
3730 4926 3745 4975 ;

2112 5012 2168 5061 et
2197 5006 2409 5060 veritas
2440 5005 2569 5075 ipsa
2607 5019 2805 5057 revera
2845 5016 2937 5056 res
2984 5016 3147 5055 sacra
3176 5003 3283 5053 est.
3331 5000 3385 5052 Is
3436 4997 3614 5068 igitur
3642 4996 3744 5067 qui

2110 5095 2297 5164 pluris
2332 5093 2466 5147 facit
2494 5091 2885 5156 mendacium,
2919 5092 3112 5160 aperte
3159 5086 3479 5155 sacrilegus
3529 5090 3637 5140 est.
3672 5087 3745 5139 At

2113 5198 2301 5252 neque
2334 5181 2691 5251 propositum
2723 5178 2887 5232 nobis
2919 5181 3007 5232 est
3036 5175 3216 5246 gestis
3237 5175 3487 5230 aliorum
3512 5174 3741 5244 pondus

2114 5266 2516 5339 addere,quasi
2545 5265 2631 5320 vel
2662 5265 2791 5320 odio
2822 5262 2910 5318 vel
2936 5262 3333 5318 benevolentia
3350 5277 3736 5326 moveremur,

2110 5363 2257 5412 utet
2288 5359 2440 5429 quod
2476 5357 2626 5412 male
2668 5355 2895 5420 accidit,
2928 5354 3060 5425 plus
3106 5369 3270 5423 aequo
3324 5352 3633 5417 laceretur,
3684 5356 3741 5405 et

2110 5447 2264 5517 quod
2295 5445 2444 5501 belle
2474 5445 2697 5512 cecidit,
2741 5443 3067 5515 impensius
3104 5440 3447 5508 celebretur,
3493 5440 3738 5495 historia

370 5497 420 5605 si
451 5501 523 5555 ab
555 5500 684 5603 aliis
716 5511 1056 5581 acceperim,
1093 5514 1401 5589 diligenter
1421 5529 1772 5586 excusserim
1807 5549 1838 5587 a
1870 5534 1996 5604 qni-
2030 5535 2071 5602 C
2109 5497 2437 5605 ljegentibus
2468 5535 2819 5605 imponente.
2854 5528 3338 5601 Quandoquidem
3385 5530 3538 5585 enim
3574 5544 3728 5601 quaa-

376 5586 488 5643 bus
516 5590 767 5660 primum
802 5614 867 5654 ea
898 5602 1017 5659 sint
1066 5605 1190 5661 visa
1220 5607 1359 5664 dum
1410 5611 1632 5685 fierent,
1667 5635 1732 5674 ac
1781 5586 1999 5678 neclsic
2032 5586 2071 5602 ν
2108 5586 2359 5695 euonque,
2393 5586 2581 5679 ubivis
2612 5627 2898 5679 terrarum
2937 5623 3101 5689 gesta
3147 5624 3302 5686 sunt,
3336 5618 3473 5675 licet
3498 5617 3732 5690 quidem
