4182 6286
371 339 476 392 445

1449 339 1541 391 ΒΕ
1586 338 1951 392 MICHAELE
1992 335 2429 390 PALBOLOGO
2468 337 2600 388 ΜΒ.
2644 336 2685 387 l.

3660 324 3764 380 446

372 459 408 528 ἢ
469 459 611 521 εἰκὸς
672 458 708 527 ἢ
761 458 822 512 τὸ
852 461 1031 521 κακῶς
1060 453 1263 530 ξυμϐἀν
1317 455 1592 530 διασυρείη
1624 459 1658 527 ἢ
1689 457 1752 511 τὸ
1779 455 1835 510 εὖ
1883 459 2015 528 ξυμ·
2047 462 2100 526 Α
2132 457 2409 530 ἄρξαντας,
2462 456 2735 509 κάντεῦθεν
2794 452 3052 528 ἄρχεσθαι
3108 455 3174 509 τά
3229 453 3437 508 ἐκείνων
3496 448 3762 512 ἐπιόντας,

372 549 534 602 πεσὸν
588 546 882 618 ὐμνηθείη,
933 550 1029 599 τοῦ
1087 546 1250 620 Λόγου
1301 547 1395 608 τὰς
1447 549 1609 609 ἀκοὰς
1633 547 2009 620 γοητεύοντος.

375 633 602 703 Ἔπειδή
633 634 735 709 γὰρ
793 634 860 688 τά
917 631 1236 704 ὁπουδήπου
1294 635 1602 709 πραχθέντα
1631 632 1738 688 ἔστι
1774 635 1868 704 μὲν
1928 632 2015 686 καὶ

379 721 657 794 διεξιάναι,
720 725 802 783 οἷς
857 719 924 788 δὴ
977 723 1064 775 καὶ
1119 721 1291 796 λέγειν
1329 721 1684 796 βουλομένοις
1714 721 1873 787 ἐστὶν,
1908 720 2016 774 ἔστι

380 809 438 864 δὲ
483 812 573 864 καὶ
609 809 694 879 tam
729 809 953 883 ἆρόητα,
1009 811 1082 880 μὴ
1116 809 1356 882 ἀνάγκης
1441 809 1704 878 ὑπούσης,
1760 814 1881 879 νικᾷ
1905 810 2019 862 κατ’

380 899 517 970 ἐμὴν
576 899 804 970 γνώμην
863 897 923 950 τὸ
983 902 1189 966 σιωπᾷν
1248 899 1282 966 ἢ
1339 900 1400 952 τὸ
1455 897 1626 972 λέγειν
1666 896 1848 958 ἄλλως
1946 898 2017 957 ὡς

382 987 756 1060 ἐπράχθησαν,
788 985 876 1038 καὶ
907 990 1152 1059 κρεῖττον
1207 983 1383 1055 δήπου
1414 993 1526 1047 τοῖς
1553 987 1803 1040 ἀκούουσι
1834 988 1894 1040 τὸ
1944 987 2017 1057 μὴ

391 1076 668 1148 μανθάνειν
723 1072 868 1136 ὅλως
895 1075 928 1140 ἢ
961 1075 1022 1127 τὸ
1077 1075 1361 1145 μανθάνειν
1397 1073 1580 1134 άλλως
1611 1074 1644 1142 ἢ
1687 1075 1760 1134 ὡς
1787 1077 1820 1141 ἦ
1854 1070 2021 1133 ὅντως

389 1162 602 1236 ἱστορία
654 1161 924 1235 βοέλεται,
985 1161 1060 1222 ὡς
1118 1163 1317 1216 ἐκεῖθεν
1379 1164 1471 1234 μὲν
1529 1165 1626 1230 τῆς
1674 1162 1850 1229 ἁπλῆς
1880 1161 2017 1216 εἶσα⁸

386 1252 622 1324 γομένης
674 1249 878 1318 ἐκείνης
926 1249 1166 1322 ἀγνοίας,
1219 1250 1268 1319 έξ
1316 1251 1381 1318 ἧς
1429 1249 1490 1303 οὐ
1544 1255 1736 1322 μῶμος
1767 1249 2019 1324 προστρί-

385 1333 558 1403 ϐεται,
618 1337 852 1400 ἐντεῦθεν
908 1333 964 1389 δὲ
1020 1344 1118 1403 τῆς
1179 1333 1398 1408 διπλῆς,
1459 1338 1533 1397 ὡς
1589 1339 1650 1390 τὸ
1702 1341 1776 1408 μὴ
1825 1335 2019 1390 εἷ’δέναι

379 1423 695 1496 συμϐαίνειν
751 1424 841 1477 τὸν
902 1421 1098 1476 εἰδέναι
1155 1423 1422 1495 οἱόμενον,
1482 1423 1542 1478 οὗ
1597 1422 1661 1492 δὴ
1693 1426 1777 1478 καὶ
1832 1430 2021 1499 χεῖρον

379 1510 558 1569 οὐδέν.
605 1513 684 1568 Οὐ
737 1513 844 1584 μὴν
893 1510 1019 1566 ἀλλ’
1067 1510 1180 1566 οὐδ’
1231 1513 1392 1574 αὐτὸς
1441 1511 1803 1588 ἐγκεχείρηκα
1837 1511 1897 1566 ἂν
1954 1515 2022 1584 τῇ

377 1604 588 1676 γραφῇ,
643 1597 712 1668 ἤν
749 1621 840 1672 μοι
873 1601 945 1671 μή
979 1599 1135 1671 ἐπῄει
1169 1600 1404 1669 ἐλπίζειν
1438 1602 1726 1674 προϊόντος
1758 1605 1853 1654 τοῦ
1884 1599 2022 1674 χρό-

377 1710 475 1742 νου
528 1691 609 1760 [Ρ.
642 1688 795 1759 5]τά
841 1687 1014 1761 χείρω
1062 1689 1153 1742 καὶ
1183 1684 1260 1742 ἔτι
1301 1684 1634 1761 ξυμϐαίνειν,
1684 1688 1742 1742 ἐκ
1787 1693 1892 1741 τῶν
1923 1709 2020 1741 πα-

382 1775 588 1848 ρόντων
638 1774 737 1868 καὶ
788 1775 855 1828 τά
892 1775 1106 1868 έσαῦθις
1155 1777 1560 1850 στοχαζομένῳ,
1699 1775 1909 1848 μᾶλλον
1965 1776 2099 1868 ἒκΒ

380 1867 488 1916 τῶν
519 1857 840 1932 συμϐάντων
892 1861 1237 1937 λογιζομένῳ
1266 1866 1330 1917 τὰ
1362 1860 1768 1936 συμϐησόμενα.
1817 1861 2026 1933 Πολλῷ

387 1951 491 2024 γὰρ
525 1947 702 2019 δήπου
746 1950 821 2011 εἷς
851 1950 1018 2019 ἀκοὴν
1069 1951 1232 2006 ὠτίου
1276 1954 1713 2027 θαυμασιώτερον
1756 1951 1815 2006 ἐκ
1840 1952 2028 2006 τοιαύ-

393 2059 514 2106 της,
569 2037 635 2106 ἦν
695 2036 762 2105 δὴ
820 2039 911 2093 καὶ
952 2039 1252 2114 γεγεῦμεθα
1284 2084 1298 2110 ,
1357 2042 1592 2115 ἡσυχίας
1636 2042 1726 2095 καὶ
1777 2039 2028 2095 καταστά-

398 2147 527 2187 σεως
572 2125 648 2188 εἷς
692 2123 817 2180 τάδε
867 2127 1140 2204 ξυμφορᾶς
1180 2129 1247 2183 τὰ
1291 2129 1580 2204 πράγματα
1631 2127 1942 2202 προελθεῖν,
1990 2130 2024 2199 ἢ

395 2219 614 2268 τοιαῦτα
664 2216 894 2287 φανέντα
938 2216 1028 2270 καὶ
1085 2215 1227 2270 οὕτω
1278 2224 1376 2285 τῆς
1433 2217 1698 2292 προτέρας
1753 2216 2028 2281 εὐθαλείας

393 2299 565 2357 δεινοῦ
620 2307 898 2378 χειμῶνος
961 2304 1417 2382 ἐπεισφρήσαντος
1475 2305 1901 2382 καταῤῥεύσαντα
1951 2306 2026 2366 εἷς

393 2389 454 2444 τό
511 2391 748 2463 ἀκμάζον
807 2399 1225 2461 καταυανθῆναι,
1284 2393 1420 2448 ὥστε
1473 2395 1548 2465 μὴ
1601 2394 1818 2469 ὀπώραν
1871 2394 2020 2448 εὐθα-

396 2475 530 2547 λεῖν,
583 2476 711 2532 ἀλλ’
742 2477 870 2533 οὐδὲ
903 2485 1137 2550 ζωτικῆς
1168 2483 1230 2535 τὸ
1257 2485 1470 2554 πνεῦμα
1499 2480 1747 2557 παράπαν
1781 2483 2028 2555 μετέχειν

394 2567 679 2636 κινήσεως.

397 2671 463 2745 β’.
501 2670 599 2725 Διά
624 2673 678 2726 τί
708 2671 774 2726 τὰ
820 2676 928 2728 τῶν
969 2674 1233 2750 πρότερον
1274 2675 1712 2750 ,βασιλευσάντων
1747 2673 1930 2739 ἐνθάδε
1969 2675 2030 2730 οὐ

1007 2749 1114 2818 μνη
1126 2749 1252 2820 μονε
1271 2749 1424 2803 Ζεται.

469 2828 548 2885 Τὸ
577 2833 706 2903 γοῦν
737 2830 1048 2908 ἀνατρέχειν
1081 2833 1167 2888 ἐπὶ
1197 2834 1324 2900 τοὺς
1351 2836 1612 2911 πρότερον
1646 2836 1680 2905 ἢ
1724 2837 1841 2889 καθ’
1885 2837 2031 2908 ἡμᾶς

404 3053 641 3091 narrare
671 3043 1016 3110 argumenta
1067 3041 1296 3097 dicendi
1345 3043 1760 3114 qnzrrentibus,
1793 3042 1926 3098 licet
1973 3048 2030 3099 et

2123 543 2274 604 ὅπως
2327 542 2582 620 ἀσφαλῶς
2615 543 2702 597 καὶ
2738 545 2852 614 μεθ’
2885 545 2965 597 ὅτι
3009 541 3272 612 πλείστης
3301 545 3399 609 τῆς
3452 532 3760 603 εὐϐουλίας,

2122 631 2188 698 ἧς
2222 629 2375 684 οὐδὲν
2411 630 2650 703 ἄμεινον,
2711 631 2939 702 διῴκουν
2996 634 3060 685 τά
3104 631 3420 705 πράγματα,
3451 628 3550 694 τήν
3582 626 3759 699 ἀρχὴν

2123 717 2360 781 ἐντεῦθεν
2419 725 2894 793 κατοχυροῦντες,
2951 720 3039 774 καὶ
3102 725 3266 772 ταῦτα
3337 713 3760 790 περιγοαρείσης

2124 807 2198 867 εἷς
2253 809 2443 880 μικρὸν
2475 807 2674 875 ταύτης
2725 808 2905 869 αὐτοῖς
2964 809 3050 862 ἐπὶ
3100 807 3242 881 τρισὶ
3301 806 3387 858 καὶ
3425 804 3612 876 μόναις
3646 801 3760 854 ἐπι-

2125 893 2488 964 πολαζόύσαις
2548 897 2784 970 ἀρχῆθεν
2844 902 2960 959 ταῖς
3007 896 3222 966 πόλεσι,
3275 893 3486 962 Νικαίᾳ,
3548 888 3761 963 Προύσῃ

2123 1004 2178 1036 τε
2229 983 2316 1036 καὶ
2365 985 2517 1057 τρίτῃ
2578 984 2963 1062 ψιλαδελρείᾳ,
2995 993 3092 1053 τῆς
3141 980 3400 1057 πατρίδος
3448 980 3759 1034 ἐκπεσοῦσιν

2126 1071 2176 1141 ἐξ
2225 1071 2296 1124 ὧν
2329 1071 2511 1125 αἰτιῶν
2548 1071 2698 1146 ἴδμεν
2749 1074 3028 1146 μαθόντες,
3061 1070 3121 1126 οὗ
3175 1093 3266 1144 μοι
3318 1067 3485 1140 δοκεῖ,
3519 1065 3614 1122 κᾶν
3665 1065 3759 1119 λέ-

2123 1181 2233 1234 γειν
2265 1158 2530 1232 θέλωμεν,
2586 1161 2783 1215 ἀνυστά
2828 1168 2908 1233 τῷ
2936 1183 2992 1216 τε
3019 1160 3204 1214 πολλά
3246 1160 3332 1212 καὶ
3372 1154 3582 1230 μεγάλα
3627 1154 3762 1224 ξυμ-

2125 1244 2283 1316 ϐῆναι
2338 1247 2530 1319 μεταξὺ
2580 1249 2916 1323 κρατούντων
2960 1248 3175 1303 ἐκείνων
3225 1247 3311 1300 καὶ
3343 1244 3562 1311 πολλῆς
3593 1242 3760 1296 εἰπεῖν

2129 1334 2363 1409 μάλιστά
2419 1332 2640 1408 δεόμενα
2698 1337 2980 1414 ἀσχολίας,
3040 1337 3129 1390 καί
3186 1341 3264 1407 τῷ
3327 1331 3455 1407 μηδ’
3511 1334 3660 1404 ἡμᾶς
3717 1329 3768 1390 ές

2125 1419 2376 1498 τάκριϐές
2429 1421 2622 1477 εἰδέναι
2678 1426 2728 1479 τί
2785 1426 2873 1479 καὶ
2933 1426 3013 1502 ἐφ’
3073 1423 3211 1485 οἵαις
3267 1427 3386 1483 ταῖς
3416 1420 3590 1481 αἰτίας
3623 1416 3767 1487 ξυνέ-

2128 1534 2282 1567 πεσεν
2314 1512 2528 1587 ἕκαστα,
2563 1515 2748 1576 ἄλλως
2779 1535 2834 1568 τε
2867 1509 2946 1568 ὅτι
2978 1513 3066 1568 καὶ
3098 1510 3290 1573 ἄλλοις
3345 1511 3513 1564 εἰπεῖν
3561 1506 3766 1575 ἐπῆλθε

2128 1601 2250 1676 περὶ
2309 1601 2545 1670 ἐκείνων,
2606 1604 2669 1658 οὐ
2730 1600 3204 1672 πεπλανημένους,
3249 1601 3424 1670 οἶμαι,
3482 1597 3569 1650 καὶ
3633 1595 3770 1649 ὥστε

2135 1690 2226 1760 μὶν
2312 1698 2444 1768 σφᾶς
2520 1693 2729 1754 ἑαυτοῖς
2811 1690 3065 1768 ἀσφαλῶς
3135 1686 3404 1744 πιστεύειν
3464 1685 3770 1757 ἐπεξιόντας

2130 1779 2246 1839 καθ’
2301 1775 2546 1843 ἕκαστον,
2605 1779 2730 1834 ἀλλ’
2789 1774 3026 1854 ἀκριϐῶς
3073 1778 3162 1833 καὶ
3223 1777 3297 1838 ὡς
3356 1772 3564 1834 εἰδότας
3614 1772 3665 1842 ἐξ
3697 1773 3769 1824 ὧν

2132 1862 2218 1917 ἐπὶ
2277 1870 2384 1919 τῶν
2416 1867 2746 1940 πραγμάτων
2780 1866 2914 1933 ἦσαν
2963 1867 3049 1920 καὶ
3103 1871 3362 1938 περιῆσαν
3399 1859 3474 1916 ἔτι
3507 1860 3582 1921 είς
3611 1857 3772 1921 τέλος

2132 1955 2483 2027 πραχθέντων
2539 1956 2624 2008 καὶ
2658 1955 2719 2009 τὸ
2749 1959 2843 2007 τοῦ
2891 1954 3094 2029 χρόνου
3144 1951 3454 2027 μηχάνημα
3498 1951 3766 2022 ἄπρακτον

2133 2040 2224 2109 ἦν,
2284 2043 2396 2115 ἅμα
2452 2043 2836 2117 πραττομένων
2897 2043 2986 2096 καὶ
3046 2041 3151 2096 ἅλα
3207 2044 3389 2117 γραφῇ
3443 2036 3771 2110 δεδομένων,

2135 2131 2580 2205 ἀντιμαχομένου
2635 2134 2723 2186 καὶ
2774 2133 3224 2192 ἀντισκοποῦντος
3254 2131 3368 2184 οἷον
3426 2132 3522 2182 τοῦ
3570 2128 3776 2201 Ἑρμοῦ

2133 2223 2200 2283 τῆ
2236 2225 2428 2289 Λητοῖ,
2461 2219 2495 2288 ἢ
2540 2221 2628 2274 καὶ
2663 2219 2874 2292 μᾶλλον
2904 2221 3000 2286 τὴν
3052 2217 3261 2285 ἐκείνη)
3293 2212 3528 2289 πρόοδον
3581 2211 3779 2268 ἀνακό-

2134 2326 2362 2368 πτοντος
2399 2353 2410 2364 .
2467 2313 2625 2363 Ταῦτ’
2684 2311 2783 2380 ἂρα
2840 2307 2928 2363 καί
2985 2307 3051 2362 τὰ
3096 2306 3210 2361 κατ’
3272 2305 3446 2360 ἐκεῖνο
3499 2297 3779 2375 συμϐάντα

2135 2397 2230 2446 τοῦ
2289 2393 2488 2468 χρόνου
2547 2393 2726 2450 έα2έον
2776 2397 2911 2468 ἡμῖν
2962 2397 3035 2457 ὡς
3087 2395 3187 2448 οὐκ
3233 2393 3427 2447 ἁνυστά
3472 2391 3562 2444 καὶ
3593 2386 3781 2451 ἄλλως

2135 2485 2232 2535 τοῦ
2288 2481 2646 2555 προκειμένου
2677 2487 2882 2538 σκοποῦ
2931 2481 3207 2558 ἐξαγώνια.
3256 2483 3350 2537 "Ev
3385 2478 3442 2535 δὲ
3471 2479 3561 2533 καὶ
3612 2477 3774 2550 μόνον

2137 2570 2271 2634 τέως
2325 2571 2542 2627 λεκτέον
2600 2571 2734 2643 ἐστὶ,
2783 2573 2872 2628 καὶ
2932 2573 3062 2635 ἴσως
3121 2574 3190 2628 οὐ
3242 2571 3518 2646 περιττὸν,
3573 2567 3654 2622 ὅτι
3686 2569 3774 2622 καὶ

2143 2661 2302 2731 μόνον
2367 2659 2538 2715 ἐκεῖνό
2615 2683 2751 2724 ¹ιινες
2822 2661 3100 2718 αἰτιῶνται
3178 2661 3266 2716 καὶ
3342 2667 3441 2729 τῆς
3488 2657 3612 2712 τότε
3665 2659 3775 2709 τῶν

2141 2747 2471 2822 πραγμάτων
2504 2748 2800 2826 ἀσφαλείας
2851 2751 2940 2804 καὶ
2981 2752 3354 2810 καταστάσεως
3401 2746 3489 2801 καὶ
3536 2749 3636 2809 τῆς
3685 2748 3777 2798 νῦν

2144 2835 2452 2912 ἀνατροπῆς
2497 2837 2586 2890 καὶ
2618 2838 2954 2914 συγχύσεως,
2990 2839 3072 2911 [Ρ.
3101 2839 3156 2911 6]
3187 2837 3332 2906 πλὴν
3383 2835 3444 2888 οὐ
3485 2834 3622 2888 κατά
3649 2832 3784 2887 ταῦ-

2139 3046 2561 3119 principatibus
2575 3045 2836 3117 actisque
2868 3043 3391 3116 repetendishujus
3405 3057 3576 3111 quam
3609 3038 3781 3094 modo

401 3124 1092 3223 omitterein-dietamulla
1123 3131 1469 3223 necessitate
1501 3133 2026 3204 scriberecogente,
2061 3158 2102 3223 α
2143 3133 2494 3189 meditemur
2519 3135 2748 3190 initium
2800 3132 3055 3188 historiae
3105 3127 3683 3199 ducere,exponendo
3719 3132 3782 3179 ut

401 3213 585 3268 satius
618 3215 872 3286 profecto
902 3218 1003 3288 sit,
1037 3222 1102 3272 ut
1131 3235 1236 3290 ego
1269 3218 1501 3288 quidem
1543 3220 1812 3288 arbitror,
1848 3219 2028 3274 silen~

400 3302 481 3357 tio
526 3304 816 3374 praeterire
857 3322 1033 3376 quam
1081 3323 1252 3362 secus
1293 3324 1357 3362 ac
1403 3313 1570 3381 gesta
1601 3312 1741 3363 sunt
1785 3308 2032 3362 tradere.

403 3394 642 3447 Praestat
669 3393 825 3447 enim
855 3394 1180 3464 legentibus
1212 3395 1358 3450 nihil
1407 3413 1605 3451 eorum
1660 3397 1807 3452 scire
1858 3412 2034 3468 quam

405 3483 605 3535 contra
625 3497 692 3535 ac
723 3497 854 3537 vere
885 3487 1015 3538 acta
1044 3487 1184 3539 sunt
1231 3483 1442 3539 doceri.
1493 3484 1660 3539 Illinc
1708 3483 1862 3539 enim
1914 3484 2036 3538 ins-

405 3567 612 3624 cientia
639 3569 929 3640 quaedam,
953 3575 1009 3627 et
1031 3571 1276 3642 simplex
1307 3572 1406 3628 illa
1428 3572 2036 3644 quidem,innascilur,

407 3655 633 3712 nullam
685 3659 924 3714 inurens
973 3660 1401 3732 turpitudinem
1450 3663 1590 3717 13:
1646 3661 1781 3717 hinc
1825 3658 2041 3732 duplex

407 3745 996 3819 oboriturignoratio,
1030 3748 1266 3805 homine
1297 3749 1447 3805 scire
1485 3766 1550 3805 ac
1599 3753 1840 3820 putante
1886 3747 2036 3820 quod

407 3833 642 3890 omnino
671 3835 893 3904 nescit;
919 3853 1034 3907 quo
1065 3854 1204 3894 sane
1249 3837 1394 3893 nihil
1422 3838 1610 3909 pejus.
1633 3835 2040 3892 Verumenim-

405 3939 542 3978 vero
565 3939 668 3978 nec
700 3923 825 3995 ipse
855 3925 1148 3981 scribendi
1180 3924 1538 3997 provinciam
1560 3923 2041 3998 aggrederet,nisi

408 4013 604 4069 futura
623 4029 692 4068 ex
721 4015 1024 4085 praeteritis
1053 4015 1376 4086 aestimans,
1409 4030 1759 4086 magnopere
1778 4013 2043 4071 timerem

410 4101 738 4158 difficiliora
791 4103 1203 4176 asperioraque
1261 4104 1568 4160 imminere
1617 4104 1677 4160 in
1730 4107 2044 4175 posterum.

408 4189 586 4245 Multo
619 4189 775 4246 enim
804 4191 1286 4248 videlicctauditu
1315 4192 1644 4248 mirabilius
1668 4197 1758 4248 est
1777 4208 1845 4246 ex
1861 4194 2046 4259 tanta,

412 4293 586 4349 quam
610 4279 1482 4353 degustavimus,tranquililate
1511 4281 1570 4337 in
1602 4279 2048 4352 hancIultimam

413 4367 800 4424 calamitatem
832 4369 1119 4425 decidisse
1137 4387 1227 4425 res
1261 4375 1515 4440 nostras,
1542 4387 1718 4442 quam
1752 4369 1870 4424 haec
1894 4384 2048 4422 nunc

413 4454 495 4510 ita
525 4457 849 4528 composita
879 4474 1001 4529 quae
1027 4459 1338 4527 cernimus,
1361 4459 1612 4532 procella
1633 4459 1887 4530 quadam
1904 4471 2050 4510 nova

419 4544 750 4617 ingruente,
774 4562 841 4601 ex
863 4545 971 4601 hac
996 4547 1382 4619 prosperitate
1413 4548 1705 4604 deturbari
1737 4547 1796 4601 in
1819 4548 2048 4618 pertur-

418 4633 709 4690 bationem
731 4635 873 4691 adeo
903 4635 1204 4703 miseram,
1232 4644 1296 4690 ut
1327 4653 1392 4692 ex
1426 4637 1615 4708 specie
1647 4652 1713 4690 ac
1735 4636 1872 4690 ﬂore
1886 4631 2045 4689 omni

420 4722 628 4793 prioris
656 4722 948 4779 felicitatis
977 4727 1296 4796 tempestas
1318 4729 1484 4780 atrox
1502 4724 1782 4795 ingruens
1805 4723 1898 4777 vix
1919 4726 2047 4776 tan-

421 4814 543 4867 tum
574 4811 719 4868 satis
759 4811 1031 4885 agrisque
1053 4813 1228 4869 modo
1260 4813 1579 4868 virentibus
1614 4811 1822 4883 reliqui
1853 4809 2046 4873 faciat,

420 4907 635 4972 quanto
665 4907 819 4960 esset
850 4920 1016 4975 opus,
1049 4921 1162 4959 non
1179 4904 1369 4960 dicam
1405 4903 1792 4975 perducendis
1823 4902 1894 4956 ad
1928 4915 2048 4954 ma-

417 4992 716 5048 turitatem
750 4992 1061 5064 fructibus,
1093 4995 1195 5048 sed
1229 4993 1317 5048 vel
1351 4993 1424 5048 ad
1455 4992 1636 5048 vitam
1669 4991 1829 5047 intus
1878 5004 2050 5060 vege-

416 5079 675 5147 tabilem,
706 5095 841 5136 eum
863 5096 965 5154 spe
995 5081 1430 5153 proditurorum
1459 5081 1666 5136 iterum
1695 5079 2050 5153 quandoque

417 5168 770 5240 germinum,
792 5185 940 5242 egre
970 5186 1036 5225 ac
1067 5169 1278 5226 misere
1310 5171 1578 5227 tundam.

619 5314 674 5367 2.
710 5313 820 5369 Cur
837 5312 1041 5368 omissa
1073 5313 1327 5383 priorum
1368 5313 1680 5385 principum
1708 5315 1850 5367 acta.

494 5439 777 5494 Ceterum
808 5451 922 5491 non
956 5435 1590 5508 facile,opinor,fuerit,
1617 5435 1703 5492 vel
1727 5435 1776 5492 si
1800 5433 2051 5489 maxime

426 5541 773 5598 caperemus
804 5539 1101 5580 recurrere
1133 5526 1203 5581 ad
1238 5527 1470 5598 propria
1492 5527 1836 5596 tempora,et
1867 5522 1940 5578 ab
1957 5537 2052 5577 eo-

429 5632 558 5671 rum
591 5613 851 5684 quiante
892 5617 1148 5669 nostram
1198 5619 1424 5672 aetatem
1475 5615 1649 5670 rebus
1697 5612 2054 5685 praefuerunt

2141 3236 2342 3275 secure
2395 3223 2970 3293 consultissimaque,
3017 3237 3136 3290 qua
3184 3217 3328 3273 nihil
3380 3213 3777 3288 praestantius,

2143 3310 2454 3378 prudentia
2475 3309 2897 3380 rempublicam
2939 3305 3414 3379 gubernaverint,
3461 3301 3773 3373 imperium

2143 3412 2208 3450 ea
2243 3396 2484 3452 maxime
2511 3414 2648 3452 cura.
2681 3396 3033 3466 munientes,
3067 3399 3365 3465 utcunque
3406 3391 3674 3462 angustis
3706 3388 3779 3443 il-

2143 3481 2240 3536 lud
2258 3484 2442 3552 ipsum
2459 3485 2898 3541 circumclusum
2919 3483 3340 3551 ﬁnibus,trium
3356 3480 3622 3536 videlicet
3637 3479 3784 3532 dun-

2145 3574 2304 3624 taxat
2317 3571 2712 3642 relinquarum
2731 3578 2854 3627 tum
2877 3571 3017 3643 ipsis
3031 3570 3326 3625 civitatum
3340 3569 3782 3637 ,Nicaaaa,Prusae

2149 3663 2204 3715 et
2234 3663 2414 3713 tertias
2448 3660 2885 3732 Philadelphia,
2926 3660 2984 3714 in
3017 3675 3160 3730 quas
3183 3657 3401 3713 exclusi
3461 3654 3667 3727 patria,
3716 3653 3786 3708 iis

2149 3765 2296 3819 quas
2327 3748 2645 3803 didicimus
2676 3750 2891 3819 causis,
2925 3751 3238 3816 confugere
3262 3747 3456 3816 ibique
3493 3761 3552 3798 se
3601 3742 3789 3798 conti-

2149 3853 2308 3893 mere
2337 3837 2784 3893 coactifuerant.
2817 3836 3048 3901 Mahna,
3081 3851 3222 3892 sane
3255 3851 3319 3890 ac
3345 3832 3660 3901 scriptione
3683 3845 3787 3885 nec

2149 3925 2307 3981 brevi
2341 3926 2517 3998 digna
2549 3923 2977 3996 imperantibus
3007 3923 3125 3979 illis
3156 3925 3510 3979 evenerunt:
3557 3933 3782 3986 verum,

2151 4016 2254 4070 14
2295 4020 2358 4069 ut
2387 4015 2545 4080 duxi,
2569 4012 2738 4068 nobis
2769 4010 3134 4084 perdifficilia
3176 4017 3433 4076 narratu,
3487 4012 3609 4062 tum
3644 4005 3786 4076 quia

2153 4119 2350 4159 rerum
2376 4101 2536 4156 illius
2564 4101 2845 4171 temporis
2877 4099 3337 4171 haudquaquam
3373 4099 3572 4151 exacta
3601 4095 3784 4148 certa-

2154 4207 2267 4262 que
2294 4191 2364 4244 ad
2389 4206 2494 4245 nos
2525 4193 2616 4244 est
2647 4189 2930 4244 memoria
2954 4187 3194 4260 perlata,
3229 4184 3607 4242 consiliorum
3641 4197 3784 4252 pras—

2156 4279 2358 4334 sertim
2380 4295 2444 4333 ac
2462 4293 2794 4344 causarum,
2829 4292 2896 4332 ex
2928 4275 3145 4347 quibus
3177 4274 3436 4347 quidque
3483 4276 3623 4325 tunc
3655 4284 3785 4340 ges-

2156 4373 2349 4423 torum
2383 4367 2624 4437 contigit
2653 4365 2873 4438 suscipi
2902 4384 2918 4435 ;
2944 4370 3070 4419 tum
3094 4365 3240 4434 quod
3271 4361 3431 4416 istud
3467 4373 3781 4430 argumen-

2155 4461 2280 4511 tum
2314 4459 2778 4527 prteoccupatum
2811 4455 2881 4508 ab
2914 4452 3044 4508 aliis
3068 4452 3193 4522 jam
3226 4456 3332 4516 est,
3368 4465 3482 4503 non
3516 4445 3690 4514 mala,
3723 4447 3788 4500 ut

2078 4523 2126 4587 D
2158 4523 2430 4615 equidem
2457 4523 2727 4608 arbitror,
2763 4542 2876 4596 ﬁde
2909 4541 2963 4594 in
2997 4557 3062 4595 eo
3096 4536 3362 4604 versutis,
3395 4537 3495 4590 sed
3539 4550 3607 4589 ex
3640 4549 3786 4605 prae-

2155 4633 2305 4690 senti
2339 4632 2545 4688 notitia
2565 4635 2805 4685 eventus
2832 4629 2890 4682 in
2924 4629 3187 4699 ipsorum
3212 4625 3399 4681 oculis
3431 4627 3556 4678 tum
3581 4622 3783 4677 viven-

2153 4724 2302 4778 tium
2335 4725 2596 4793 patratos
2619 4717 2774 4772 fideli
2823 4716 3145 4788 prosecutis
3190 4713 3452 4777 historia,
3493 4727 3619 4782 quae
3671 4725 3784 4774 res,

2156 4814 2330 4882 prout
2353 4808 2720 4880 gerebantur,
2747 4820 2814 4859 ex
2843 4804 2970 4859 visu
2993 4807 3050 4859 et.
3080 4801 3435 4874 experientia
3476 4798 3674 4854 statim
3725 4796 3785 4850 in

2155 4899 2378 4952 litteras
2402 4894 2678 4960 mitteret,
2705 4891 2787 4946 sic
2811 4891 3276 4947 machinationes
3293 4889 3538 4945 eludens
3561 4889 3671 4940 tem
3685 4901 3784 4955 po-

2159 4988 2259 5051 ris,
2292 4982 2558 5040 conantis
2590 4995 2820 5052 semper
2845 4981 3191 5036 obumbrare
3220 4978 3542 5043 veritatem,
3565 4978 3621 5029 et
3651 4987 3787 5027 suo-

2159 5089 2290 5130 rum
2315 5070 2556 5127 ﬂexibus
2588 5068 2860 5140 lapsuum
2896 5068 3238 5136 involutam,
3266 5065 3435 5140 quasi
3465 5079 3536 5118 ne
3585 5063 3784 5128 exstet,

2160 5163 2423 5231 obruere,
2482 5157 2781 5214 commisis
2830 5156 3079 5212 invicem
3141 5155 3406 5211 videlicet
3479 5167 3544 5206 ac
3587 5147 3787 5220 jacula

2159 5257 2361 5310 contra
2389 5250 2600 5305 infesta
2631 5246 3012 5314 minantibus,
3044 5251 3108 5301 ut
3137 5245 3315 5302 Graeci
3337 5243 3524 5308 aiunt,
3561 5239 3784 5293 Mercu-

2159 5345 2244 5399 rio
2305 5346 2362 5397 et
2392 5342 2624 5405 Latona,
2679 5341 2782 5392 aut
2826 5337 2926 5391 illo
2959 5336 3144 5406 potius
3179 5335 3354 5404 hujus
3387 5335 3539 5385 artes
3572 5343 3637 5383 ac
3666 5326 3781 5380 vim

2159 5432 2550 5504 praevertente,
2583 5443 2646 5480 ac
2678 5425 2842 5496 quasi
2881 5423 3210 5480 machinam
3244 5421 3568 5490 rumpente.
3597 5415 3784 5478 Quare

2160 5502 2287 5575 acta
2316 5521 2441 5588 ejus
2473 5513 3392 5584 temporisindictaintentataque
3415 5506 3580 5561 nobis
3609 5502 3783 5558 relin-

2163 5611 2437 5679 quantur,
2471 5605 2669 5673 utique
2699 5601 2768 5655 ad
2805 5617 2919 5654 rem
2952 5614 3126 5670 quam
3169 5595 3399 5668 agimus
3447 5611 3559 5650 non
3612 5594 3766 5662 perti
