4154 6286
393 348 499 402 447

1680 355 1982 413 GEORGII
2019 347 2482 410 PACHYMERE

3679 345 3788 401 448

391 470 483 523 τὸν
519 469 689 532 οὕτως
724 468 877 546 ἕχον,
910 470 1055 528 ἀλλά
1075 476 1244 546 παρὸν
1291 477 1384 548 μὲν
1416 477 1504 530 καὶ
1539 479 1610 538 ὡς
1642 476 1812 551 ἐχρην
1839 473 2029 529 τελού-
2060 478 2113 544 Α
2141 477 2592 545 κατακτήσασθαι,
2653 478 2729 545 τῷ
2779 471 2836 526 δὲ
2883 477 2982 542 τῆς
3015 471 3288 540 θαλάττης
3339 468 3486 543 μέρει
3531 469 3644 544 οὐχ
3675 471 3784 529 οἷοί

397 579 554 630 μενον
578 559 895 635 ἀσφαλείας,
930 561 1065 616 ἀπὸν
1097 561 1153 617 δὲ
1182 566 1273 618 καὶ
1327 567 1402 627 ὡς
1434 565 1531 619 οὐκ
1580 565 1749 640 ἐχρῆν
1779 562 2030 639 παρορώ-

398 667 555 719 μενον
583 654 682 716 τῆς
711 648 990 720 παρούσης
1019 652 1352 726 συγχύσεως.

533 790 598 860 γ’.
630 790 818 851 ’Όπως
848 791 898 843 οἱ
930 791 1158 846 παλαιοὶ
1191 793 1544 868 κατωχύρουν
1576 793 1670 855 τὰς
1704 791 1890 867 ἄκρας.

463 911 692 964 Ἐκεῖνοι
746 912 923 966 τοίνυν
987 912 1135 968 δυοῖν
1195 918 1356 988 μέσον
1417 916 1636 991 ἐχθροῖν
1700 915 2031 985 ἐναπειλημ-

395 997 568 1071 μένοι,
627 998 676 1072 ἐξ
729 999 803 1054 ἓω
865 1003 957 1072 μὲν
1015 1005 1260 1078 Περσῶν,
1311 1005 1368 1059 ἐκ
1400 1003 1598 1066 δύσεως
1639 1003 1683 1058 δ’
1715 1003 1918 1059 ιταλῶν
1971 1002 2030 1055 ού

394 1089 556 1158 μόνον
615 1089 677 1140 τὸ
736 1089 872 1164 πρὸς
927 1095 994 1163 τῇ
1057 1092 1297 1166 θαλάσσῃ
1358 1092 1502 1147 ἀλλά
1548 1094 1727 1147 καὶτὸ
1760 1093 2031 1146 ἀνώτατον

386 1175 807 1249 κατασχόντων,
865 1179 954 1232 καὶ
1012 1179 1087 1240 εἷς
1148 1182 1326 1235 στενὸν
1385 1179 1591 1253 κομιδῆ
1647 1181 2029 1253 ἀμφοτέρωθεν

387 1265 742 1325 καταστάντες
801 1267 874 1329 ὡς
948 1266 1075 1338 μηδ’
1134 1267 1431 1344 ἐλευθέρως
1496 1271 1747 1323 ἀναπνεῖν
1827 1268 2028 1338 ἐᾶσθαι,

385 1352 455 1422 τῇ
488 1354 580 1424 μὲν
633 1352 897 1409 Ἰταλικὸν
932 1351 1153 1429 ἔχοντες
1203 1357 1553 1431 συμμαχικὸν
1609 1357 1835 1430 ἐπῄεσαν
1896 1356 2033 1430 Πέρ-

389 1460 526 1508 σαις,
574 1444 642 1513 τῇ
675 1439 731 1494 δὲ
765 1445 1026 1505 Σκυθικὸν
1056 1441 1494 1519 προσλαϐόμενοι
1526 1443 1647 1519 ἄρτι
1702 1447 1825 1499 τότε
1872 1445 2028 1522 φανέν

388 1547 446 1580 τε
499 1527 585 1581 καὶ
643 1529 987 1607 προσληφθέν
1047 1533 1287 1596 ἀνώθουν
1341 1533 1466 1594 τοὺς
1521 1532 1782 1595 Ἰταλούς.
1820 1534 2031 1593 Σκοπὸς

392 1613 435 1668 δ’
493 1616 559 1683 ἦν
614 1615 837 1679 ἐκείνοις
884 1619 1144 1696 ἀσφαλέσι
1191 1623 1251 1676 τὸ
1315 1623 1473 1694 μέσον
1531 1627 1891 1696 κατοχυροῦν.
1932 1621 2030 1675 Καὶ

386 1703 450 1755 τὸ
508 1703 600 1774 μὲν
661 1705 798 1778 πρὸς
847 1703 1109 1760 Θάλασσαν
1144 1707 1242 1762 οὐκ
1271 1709 1418 1782 εἶχον
1456 1709 1777 1782 ὀχυρώματι
1809 1707 1964 1780 ἄλλῳ
1993 1707 2028 1775 ἢ

391 1786 633 1855 θαλάσση
683 1793 1172 1869 κατασφαλίζεσθαι
1194 1815 1205 1827 ·

389 1878 730 1950 κρατούντων
809 1884 915 1934 τῶν
996 1881 1220 1938 Ἰταλῶν
1278 1884 1366 1938 καὶ
1415 1883 1897 1958 προσκατεχόντων
1965 1885 2032 1938 τὰ

389 1965 599 2038 πρόσω,
659 1967 916 2042 ἀσφαλῶς
971 1971 1032 2023 τὸ
1092 1969 1285 2024 λοιπὸν
1347 1969 1565 2041 διάξειν·
1615 1974 1676 2027 τὸ
1709 1970 1765 2026 δὲ
1792 1974 1928 2046 πρὸς
1959 1969 2029 2026 ἱέω

394 2053 630 2128 ὀχυροῦν
678 2056 826 2130 εἶχον
880 2057 1135 2130 ἐρυμνοῖς
1188 2079 1245 2112 τε
1303 2061 1392 2113 καὶ
1443 2055 1728 2122 δυσϐάτοις
1760 2061 1952 2128 ὁρέων,
1987 2059 2034 2113 εἴ

388 2137 742 2215 προλάϐοιεν.
794 2145 897 2198 Καὶ
949 2143 1039 2199 διὰ
1078 2146 1243 2200 ταῦτα
1271 2145 1385 2201 ἐπεὶ
1419 2151 1517 2202 οὒκ
1546 2149 1693 2222 εἶχον
1735 2150 1848 2219 ἅμα
1895 2149 2028 2222 πρὸς

391 2227 612 2300 ἑκάτερα
646 2232 935 2306 μάχεσθαι,
967 2234 1058 2288 καὶ
1092 2233 1173 2288 ὅτι
1219 2236 1285 2288 τά
1319 2235 1411 2306 μὲν
1440 2237 1577 2310 πρὸς
1622 2233 1695 2289 ἕω
1727 2232 1826 2310 ὄρη
1865 2234 2029 2311 μέχρι

387 2315 605 2372 πολλοῦ
647 2319 913 2393 ἀνέχοντα
953 2322 1043 2375 καὶ
1090 2322 1152 2375 τὸ
1197 2321 1432 2399 ἀσφαλὲς
1477 2329 1851 2398 κατεγγυῶντα
1896 2325 2029 2380 Ῥω-

388 2405 593 2476 μαίοις,
646 2407 874 2482 Πέρσαις
921 2405 996 2476 δὲ,
1031 2409 1104 2469 ὡς
1138 2408 1327 2478 εἰπεῖν,
1377 2410 1746 2483 ἀμελούμενα,
1796 2409 2028 2486 προσδο-

380 2493 504 2547 κίαν
555 2500 814 2569 παρεῖχεν
849 2497 1036 2558 αὐτοῖς
1063 2503 1351 2573 κατασχεῖν
1397 2498 1678 2553 κάντεῦθεν
1738 2497 2031 2576 ἀσφάλειαν

383 2710 602 2765 nentia.
656 2709 846 2765 Unum
877 2727 946 2766 ex
988 2710 1090 2766 illa
1122 2715 1352 2768 tantum
1398 2713 1688 2784 praeterita
1738 2711 2019 2770 memoria

380 2798 800 2852 resumendum
823 2797 918 2852 hic
941 2799 1108 2854 nobis
1141 2817 1255 2855 non
1287 2800 1590 2868 inutiliter,
1626 2801 1684 2856 ni
1716 2800 2017 2870 fallor,est,

382 2888 685 2955 propterea
722 2886 873 2954 quod
907 2886 1005 2942 ille
1034 2886 1150 2942 tale
1192 2893 1300 2957 est,
1331 2888 1424 2942 cui
1458 2889 1566 2944 soli
1616 2889 1858 2959 quidam
1919 2888 2017 2942 ad-

382 2973 746 3028 scribendam
763 2978 972 3044 putant
986 2981 1040 3028 et
1053 2975 1423 3030 securitatem
1443 2977 2022 3047 tranquilitatemque

388 3076 512 3129 quae
539 3065 680 3115 tunc
712 3061 1054 3129 fuitrerum,
1080 3067 1137 3117 et
1165 3064 1599 3133 perversionem
1635 3081 1700 3118 ac
1731 3063 2026 3118 confusio-

383 3164 514 3205 nem
532 3166 656 3220 quae
672 3166 826 3204 nunc
840 3151 1241 3216 cernitur,una
1255 3168 1358 3205 cau
1371 3169 1434 3206 sa
1452 3152 1773 3207 contrarios
1787 3153 2024 3207 effectus

2141 563 2188 616 τ’
2238 563 2372 630 ἦσαν
2407 564 2714 638 χρήσασθαι
2748 561 3072 637 ὀχυρώματι
3103 561 3364 634 πρότερον
3395 558 3429 626 ἢ
3477 555 3605 619 τοὺς
3644 559 3783 612 Ἰτα-

2137 649 2268 712 λοὺς
2300 645 2570 720 ἐκϐαλεῖν,
2605 648 2693 703 διὰ
2722 652 2882 702 τοῦτο
2912 646 3080 702 πλέον
3122 647 3217 719 μὲν
3265 643 3585 699 ἐσπένδοντο
3643 647 3780 718 Πέρ-

2139 759 2254 799 σαις
2311 739 2402 791 καὶ
2459 738 2750 811 ἀνακωχήν
2821 733 3028 790 ἐδίδουν
3083 739 3163 806 τῷ
3218 732 3453 805 πολέμῳ
3511 737 3590 804 τῷ
3645 734 3782 808 πρὸς

2137 826 2396 898 ἐκείνους,
2447 827 2659 896 ἐτήσιον
2691 825 2850 886 τέλος
2896 824 3161 893 τάξαντες,
3221 824 3248 876 ὃ
3307 820 3372 889 δὴ
3421 822 3511 875 καὶ
3571 819 3781 875 ἐδίδουν

2138 915 2267 988 οὐχὶ
2323 915 2534 987 μικρὸν,
2592 919 2706 974 τοῖς
2765 911 2808 966 δ’
2852 914 3086 973 Ἰταλοῖς
3119 910 3273 972 ὅλαις
3304 910 3526 984 ἐπεῖχον
3557 911 3777 984 ὁρμαῖς.

2083 1029 2092 1037 ·
2139 1009 2374 1076 Συχνοῖς
2407 1000 2463 1056 δὲ
2509 1002 2695 1062 πόνοις
2720 1001 2809 1054 καὶ
2859 998 3316 1073 ἀκαταγωνίστοις
3347 995 3616 1071 πολέμοις
3669 997 3778 1051 ἐνι-

2139 1089 2383 1161 δροῦντες
2431 1091 2664 1149 ἐκείνους
2721 1091 2814 1162 μὶν
2867 1089 3107 1159 ἐξῶσαν,
3159 1087 3248 1141 καὶ
3305 1087 3487 1141 ναυσὶν
3551 1085 3778 1147 οἰκείαις

2137 1178 2465 1247 παραπλέειν
2498 1178 2905 1251 παρεσχηκότες
2949 1178 3046 1244 τὴν
3099 1175 3366 1238 θάλασσαν
3423 1175 3609 1242 ἱκανὴν
3662 1178 3780 1235 τοῖς

2136 1265 2308 1321 ἐκεῖσε
2364 1271 2471 1320 τῶν
2541 1263 2826 1337 Ῥωμαίων
2889 1263 3128 1318 οἴκοῦσιν
3189 1260 3400 1317 ἐδίδουν
3459 1260 3775 1337 ἀσφάλειαν,

2138 1355 2250 1408 εἶτα
2305 1358 2451 1408 νῶτα
2483 1355 2802 1426 στρέψαντες
2831 1352 3061 1406 ἑκόντων
3114 1349 3353 1404 ἀκόντων
3385 1351 3604 1424 Ηερσῶν
3658 1353 3775 1409 τοῖς

2139 1437 2316 1515 ὄρεσιν
2345 1436 2695 1511 ἐπεϐάλοντο,
2731 1445 2951 1514 συχνοῖς
2980 1438 3036 1493 δὲ
3071 1443 3190 1499 τοῖς
3239 1438 3582 1511 πανταχόθεν
3630 1435 3777 1490 ἐποί-

2136 1550 2252 1590 κοις
2280 1529 2368 1583 καὶ
2403 1529 2653 1603 ἴσχυροῖς
2682 1526 3218 1604 κατασφαλισάμενοι
3257 1523 3462 1600 ἐρυμνά
3489 1525 3650 1599 τείχη
3685 1522 3773 1576 καὶ

2141 1620 2252 1672 οἷον
2315 1615 2798 1692 δυσεπιχειρήτους
2863 1615 3116 1688 θριγκοὺς
3172 1617 3238 1686 τῇ
3282 1610 3552 1686 Ῥωμαΐδι
3608 1616 3774 1665 ταῦτα

2135 1707 2458 1775 κατέστησαν
2471 1751 2483 1762 .

1269 1794 1392 1901 οὗξὲ
1450 1799 1553 1871 γὰρ
1603 1798 1693 1865 ἦν,
1743 1795 2028 1902 ,θαλασσοῖ
2061 1837 2107 1900 Β
2138 1810 2200 1869 δ’,
2231 1813 2418 1872 Ὅπως
2448 1816 2552 1865 τῶν
2584 1810 2634 1863 ἐν
2663 1815 2780 1870 ταῖς
2809 1806 2996 1882 ἄκραις
3036 1806 3396 1879 ἐπεμελοῦντο
3429 1803 3636 1880 ἀνδρῶν
3684 1805 3774 1858 καί

2781 1899 3107 1954 πραγμάτων
3118 1921 3130 1934 .

2210 1972 2288 2041 οὐ
2324 1972 2430 2041 μὴν
2465 1968 2522 2023 δὲ
2569 1969 2658 2022 καὶ
2691 1970 2773 2041 [Ρ.
2806 1971 2863 2040 7]
2908 1964 3289 2038 ἀτημελήτους
3340 1965 3468 2028 τοὺς
3494 1964 3629 2038 πρὸς
3659 1968 3776 2023 τοῖς

2141 2056 2314 2132 ὄρεσιν
2377 2057 2657 2118 οἰκοῦντας
2711 2054 2858 2123 εἷ’ων,
2899 2056 2974 2117 ὡς
3023 2052 3274 2126 ἐτοίμους
3332 2050 3778 2125 μεταναστάντας,

2141 2143 2193 2200 εἶ’
2241 2167 2350 2198 που
2409 2143 2663 2217 ἀμηγέπη
2724 2143 2798 2204 ὡς
2856 2140 3088 2196 ἐναντίοι
3146 2135 3551 2214 προσϐάλοιεν,
3612 2135 3782 2209 μηδὲν

2140 2234 2368 2310 ἔχοντας
2423 2235 2486 2288 τὸ
2517 2235 2702 2287 πεῖθον
2763 2232 2936 2304 μένειν
2986 2230 3076 2285 καὶ
3128 2229 3274 2304 παρὰ
3323 2227 3570 2301 δύναμιν,
3604 2227 3656 2282 εἷ’
3679 2249 3778 2282 ποι

2138 2324 2412 2397 παρείκοι,
2468 2321 2601 2396 πρὸς
2657 2319 2835 2375 ἐκεῖνα
2890 2317 3262 2392 ἀνδρίζεσθαι·
3324 2315 3452 2372 ἀλλ’
3509 2314 3777 2377 ἀτελείαις

2143 2413 2237 2483 μὲν
2267 2411 2394 2472 τοὺς
2426 2409 2650 2477 πάντας,
2707 2409 2989 2480 προνοίαις
3041 2404 3085 2460 δ’
3119 2405 3176 2460 ἐκ
3199 2404 3405 2460 τούτων
3431 2403 3558 2466 τοὺς
3589 2401 3774 2458 ἐπιδο-

2140 2500 2410 2574 ξοτέρους,
2457 2497 2546 2552 καὶ
2597 2498 2680 2559 οἷς
2726 2495 2968 2568 τολμῆεν
3016 2495 3077 2549 τὸ
3126 2492 3403 2568 φρόνημα,
3452 2493 3770 2567 γράμμασιν

2129 2715 2314 2780 Quare
2337 2728 2466 2768 cum
2497 2727 2664 2782 pares
2696 2726 2810 2766 non
2842 2712 3039 2765 essent
3067 2707 3224 2762 binis
3253 2723 3282 2762 e
3314 2707 3540 2761 diversa
3580 2706 3769 2774 parte-

2131 2801 2493 2856 sustinendis
2520 2799 2810 2863 hostibus,
2845 2801 2910 2852 ut
2940 2796 3148 2852 saltem
3178 2794 3409 2850 interim
3433 2811 3545 2865 pax
3575 2809 3609 2848 a
3639 2797 3774 2846 Per-

2131 2888 2212 2944 sis
2243 2891 2416 2956 esset,
2448 2887 2680 2942 arcibus
2737 2901 2836 2941 eos
2895 2885 3030 2939 inde
3072 2882 3474 2955 praesidiisque
3523 2879 3768 2951 objectis

2133 2991 2500 3032 summovere
2549 2976 2950 3030 decreverunt.
3001 2973 3116 3028 Nec
3174 2971 3350 3027 nimis
3411 2967 3649 3025 difﬁcile
3706 2969 3762 3022 id

2134 3065 2264 3132 fuit,
2308 3064 2458 3134 quod
2515 3067 2570 3118 et
2616 3061 2828 3132 longus
2887 3059 2967 3114 ibi
2999 3062 3219 3114 tractus
3264 3063 3387 3114 erat
3431 3071 3770 3128 asperorum

2137 3153 2448 3218 montium,
2482 3155 2537 3205 et
2567 3151 2832 3205 custodia
2861 3147 3231 3218 vallium,per
3250 3162 3397 3218 quas
3413 3147 3770 3208 arctus,erat

382 3253 495 3290 non
520 3215 721 3292 eodem
755 3241 911 3291 statu
944 3253 1010 3291 ac
1034 3238 1205 3293 modo
1235 3239 1714 3308 producente,sed
1731 3239 2017 3312 tranquil-
2055 3215 2096 3280 ί)
2133 3215 2446 3307 transitus,
2480 3241 2658 3294 ferme
2679 3240 2747 3293 ab
2762 3215 3156 3294 Orientalibus
3176 3215 3289 3290 alio
3320 3235 3561 3291 intentis
3589 3232 3773 3304 negli-

376 3324 600 3379 litatem
635 3325 871 3394 quidem
892 3329 1171 3395 operante
1204 3328 1395 3396 quoad
1425 3333 1634 3398 praesto
1659 3329 1768 3383 fuit
1799 3333 1856 3382 et
1879 3345 2025 3399 pra:-

381 3431 517 3470 sens
546 3413 808 3468 adhibita
836 3418 942 3484 est,
1005 3420 1315 3485 postquam
1367 3433 1497 3472 vero
1545 3418 1722 3488 (quod
1784 3417 2026 3472 minime

384 3501 666 3573 oportuit)
696 3501 958 3573 neglecta
983 3503 1184 3558 eadem
1218 3503 1552 3576 omissaque
1584 3510 1692 3572 est,
1724 3506 2024 3576 perturba-

384 3591 603 3646 tionem
635 3589 949 3646 inducente
981 3609 1098 3663 qua
1129 3609 1285 3647 nunc
1317 3593 1634 3649 laboratur.

593 3731 647 3784 3.
684 3732 746 3786 Ut
777 3747 928 3786 arces
959 3749 993 3786 a
1016 3732 1294 3788 veteribus
1321 3735 1558 3791 munitae
1584 3737 1816 3805 fuerint.

455 3851 542 3906 Illi
562 3868 697 3923 ergo
730 3853 945 3925 duplici
972 3855 1246 3926 utrinque
1269 3858 1489 3915 obsessi
1512 3876 1721 3931 genere
1748 3858 2023 3925 hostium,

387 3941 583 3997 Persis
610 3941 845 4012 quidem
878 3943 949 3998 ab
972 3944 1222 4016 Oriente,
1282 3948 1354 4002 ab
1411 3948 1629 4004 Occasu
1681 3948 1860 4014 Italis,
1911 3965 2026 4002 non

387 4047 544 4086 oram
582 4031 749 4086 modo
773 4033 1148 4101 maritimam,
1177 4037 1276 4090 sed
1310 4045 1362 4092 el
1387 4037 1687 4108 superiora
1712 4037 1809 4092 15
1854 4053 2027 4091 occu-

384 4118 684 4187 pantibus,
708 4121 765 4172 et
791 4119 957 4174 valde
989 4120 1048 4175 in
1079 4128 1398 4193 angustum
1451 4128 1836 4196 undecunque
1891 4141 2025 4179 con-

383 4205 555 4272 trusi,
579 4205 669 4260 vix
705 4211 765 4260 ut
799 4207 975 4262 libere
1007 4211 1292 4280 respirare
1317 4213 1670 4283 sinerentur,
1711 4215 2028 4285 aliquando

386 4293 624 4364 quidem
659 4294 749 4348 usi
781 4295 1168 4353 auxiliaribus
1201 4299 1362 4355 Italis
1381 4304 1584 4354 Persas
1603 4301 2028 4371 :incursabant,

388 4381 1002 4452 aliquandoScythicis
1026 4386 1211 4456 adjuti
1245 4387 1445 4454 armis,
1479 4405 1603 4458 quas
1632 4406 1748 4444 non
1805 4390 1886 4446 ita
1912 4393 2028 4462 pri-

387 4470 520 4525 dem
553 4486 831 4540 apparere
864 4471 920 4526 in
986 4473 1077 4528 his
1121 4474 1386 4544 partibus
1430 4481 1486 4531 et
1532 4478 1811 4533 societate
1861 4479 2029 4534 nobis

2131 3330 2396 3402 gebatur.
2436 3328 2620 3383 Dilato
2650 3343 2784 3398 ergo
2807 3324 3047 3381 consilio
3073 3324 3376 3380 muniendi
3400 3321 3614 3393 oppida
3640 3336 3768 3374 ma-

2130 3417 2325 3472 ritima
2357 3417 2412 3470 in
2446 3416 2502 3469 id
2534 3413 2767 3484 tempus
2810 3430 2924 3485 quo
2955 3411 3128 3467 Italos
3187 3409 3508 3466 continenti
3556 3409 3771 3478 ejectos

2129 3505 2302 3576 longe
2333 3505 2786 3563 submovissent,
2817 3501 2875 3556 in
2901 3517 3011 3572 quo
3039 3508 3173 3555 tunc
3209 3497 3580 3570 potissimum
3604 3495 3769 3551 labo-

2131 3597 2388 3656 rabatur,
2421 3593 2675 3664 quietem
2705 3591 2926 3646 interea
2957 3591 3327 3645 redemerunt
3350 3606 3382 3642 a
3410 3586 3602 3642 Persis
3635 3600 3771 3657 pac-

2128 3682 2286 3737 tione
2316 3680 2519 3735 tributi
2552 3680 2755 3744 annui,
2791 3679 2942 3749 quod
2973 3677 3118 3748 ipsis
3149 3693 3264 3731 non
3299 3675 3592 3730 modicum
3626 3687 3770 3744 pen-

2131 3773 2382 3846 debant:
2445 3771 2647 3840 sicque
2698 3774 2816 3824 toto
2866 3763 3039 3824 Italos
3093 3768 3308 3836 impefu
3351 3767 3614 3833 ruerunt,
3642 3778 3771 3817 cre-

2132 3859 2370 3930 brisque
2398 3859 2699 3914 laboribus
2733 3873 2798 3911 ac
2829 3855 2996 3911 bellis
3037 3852 3769 3909 difﬁcillimisinsudantes

2132 3964 2230 4003 eos
2274 3948 2510 4002 tandem
2561 3945 2836 4018 expulsos
2887 3943 3138 4016 propriis
3186 3943 3287 3996 10
3336 3941 3584 3996 navibus
3611 3944 3772 3994 trans

2134 4052 2292 4091 mare
2326 4035 2944 4105 deportarunt,magna
2976 4031 3057 4085 sic
3080 4029 3342 4085 stabilita
3370 4026 3773 4098 tranquilitatc

2135 4123 2416 4179 Romanis
2445 4122 2564 4177 illic
2611 4121 2978 4192 degentibus.
3033 4120 3170 4174 Inde
3216 4137 3247 4173 a
3297 4117 3509 4183 Persis,
3559 4115 3776 4171 vellent

2135 4211 2358 4267 nollent
2392 4211 2747 4277 deﬁcientes,
2789 4208 3242 4264 muniendorum
3287 4205 3578 4261 montium
3633 4220 3772 4258 cura

2134 4304 2452 4370 resumpta,
2514 4297 2712 4354 multis
2743 4301 2799 4352 et
2844 4296 3102 4352 robustis
3131 4295 3390 4366 undique
3441 4291 3771 4348 convocatis

2137 4391 2394 4452 advenis,
2414 4389 2580 4444 sedes
2610 4388 2668 4442 in
2701 4387 2773 4442 iis
2807 4385 3045 4442 stabiles
3077 4386 3478 4456 assignarunt,
3529 4382 3768 4437 iisdem-

2139 4494 2250 4548 que
2280 4477 2692 4532 custodiendas
2721 4476 3145 4531 commiserunt
3166 4470 3772 4540 munitissima3,quas

372 4556 816 4628 jungicaapere,
854 4560 1210 4630 repellebant
1227 4563 1421 4619 Italos.
1448 4565 1564 4620 Hoc
1592 4571 1786 4620 autem
1817 4567 1876 4620 in
1900 4567 2028 4622 istis
2061 4551 2107 4616 D
2137 4569 2508 4623 extruxerunt
2556 4580 2727 4635 opere
2804 4562 3185 4630 solidissimo,
3235 4577 3300 4616 ac
3364 4559 3482 4614 fere
3518 4559 3764 4627 inexpu~

383 4643 835 4701 difﬁcultatibus
852 4648 1222 4717 potissimum
1237 4653 1599 4724 spectabant,
1629 4658 1693 4708 ut
1709 4655 1861 4726 quod
1886 4654 2021 4710 hinc

384 4736 562 4804 atque
591 4731 726 4788 inde
750 4735 1010 4792 medium
1042 4738 1192 4794 inter
1222 4740 1383 4811 ipsos
1428 4746 1485 4796 et
1527 4741 1725 4798 hostes
1757 4743 2019 4812 ipsorum

383 4825 528 4883 erat,
556 4819 798 4874 munitis
828 4826 884 4876 et
914 4823 1105 4879 valido
1137 4828 1422 4896 praesidio
1461 4829 1740 4886 insesssis
1790 4831 2022 4885 arcibus

384 4907 739 4962 ﬁrmaretur.
776 4913 858 4963 Ac
890 4912 1203 4968 maritimis
1227 4915 1464 4984 quidem
1507 4918 1649 4974 locis
1699 4935 1815 4973 non
1865 4919 2020 4974 aliud

381 4995 633 5063 adjicere
648 4995 1087 5054 munimentum
1103 5004 1422 5072 potuerunt
1439 5021 1616 5074 quam
1629 5006 1824 5078 ipsum
1843 5023 2021 5062 mare:

382 5097 497 5136 non
530 5081 686 5136 enim
720 5082 954 5151 licebat,
989 5087 1428 5146 dominantibus
1453 5093 1596 5146 mari
1629 5094 1786 5149 Italis
1819 5099 1875 5149 et
1893 5112 2024 5166 par-

382 5172 504 5224 tem
537 5170 893 5227 continentis
921 5176 1188 5243 przesidio
1220 5179 1576 5248 tenentibus,
1608 5181 1688 5236 ita
1715 5181 1884 5236 illum
1904 5199 2023 5236 mu.

385 5273 523 5312 nere
553 5257 829 5325 limitem,
863 5264 926 5314 ut
971 5261 1119 5317 nihil
1163 5263 1298 5321 inde
1336 5268 1658 5323 timeretur.
1694 5269 2024 5324 Conﬁnium

389 5345 774 5401 Orientalium
803 5347 920 5404 alia
949 5354 1158 5405 natura
1188 5357 1329 5408 erat.
1360 5354 1655 5411 Praeteritis
1678 5357 1834 5412 enim
1867 5359 1937 5412 ab
1961 5375 2027 5412 ea

386 5437 550 5502 parte
581 5432 714 5488 altis
739 5439 795 5490 et
816 5439 1125 5509 prteruptis
1158 5441 1475 5510 montibus,
1502 5460 1713 5515 magna
1743 5461 1874 5516 spes
1905 5450 2028 5501 erat

385 5519 779 5576 intercluendi
812 5523 1078 5583 hostibus
1107 5530 1413 5600 transitus,
1446 5531 1496 5588 si
1520 5534 1665 5604 juga
1685 5539 1741 5590 et
1765 5539 2026 5606 angustm

387 5607 588 5663 fauces
660 5610 1095 5682 subjacentium
1142 5616 1382 5675 vallium
1461 5627 2024 5695 praeoccuparentur.

2130 4653 2393 4725 gnabiles
2423 4670 2604 4709 arces.
2638 4655 2761 4718 Quo
2795 4652 2966 4707 modo
2996 4651 3393 4706 Romanorum
3427 4664 3518 4703 res
3546 4647 3769 4717 optimo

2131 4758 2272 4798 sane
2303 4742 2428 4797 loco
2462 4745 2806 4812 posuerunt.
3364 4739 3368 4742 ’

2291 4849 2342 4902 4.
2374 4849 2436 4904 Ut
2465 4848 2777 4902 curaverint
2792 4843 3189 4928 praesidiaria:
3223 4846 3436 4898 arcium
3468 4850 3518 4897 et
3541 4856 3625 4895 res

2367 4966 2370 4968 γ
2820 4931 3083 4988 ipsorum.

2203 5009 2487 5062 Caeterum
2520 5006 2664 5062 istos
2695 5005 2779 5060 sic
2809 5005 3065 5074 objectos
3090 5003 3357 5059 hostibus
3405 5004 3464 5056 et
3497 5000 3568 5056 ad
3619 5016 3767 5070 prm-

2133 5095 2534 5162 sens,siPersa3
2565 5093 2923 5165 lngruerent,
2980 5089 3318 5146 defeclionis
3361 5093 3418 5145 et
3457 5085 3765 5156 transfugii

2133 5181 2456 5253 periculum
2480 5183 2794 5253 expositos,
2823 5184 3022 5251 utpote
3035 5177 3178 5234 nihil
3208 5178 3489 5233 habentes
3521 5174 3676 5246 quod
3707 5175 3765 5228 in

2133 5271 2247 5325 ﬁde
2261 5287 2325 5325 ac
2341 5270 2590 5324 statione
2603 5269 2987 5325 oonstentiam
3011 5265 3765 5335 suaderet,haudquaquam

2134 5358 2515 5430 imperatores
2545 5355 2944 5413 necessariain
2975 5355 3078 5410 tali
3099 5353 3355 5425 periculo
3378 5351 3768 5408 destituerunt

2135 5445 2517 5516 providentia,
2551 5447 2653 5501 sed
2686 5445 2834 5501 tales
2855 5445 3171 5500 effecerunt
3200 5441 3419 5513 utipsis
3450 5438 3763 5511 expediret,

2135 5539 2192 5589 et
2241 5533 2479 5589 omnino
2521 5532 2754 5598 vellent,
2801 5533 2973 5590 etiam
3019 5547 3196 5602 supra
3244 5529 3394 5584 vires
3425 5528 3616 5584 Persis
3662 5525 3763 5580 ob-

2136 5622 2429 5677 sistere.ld
2451 5622 2956 5694 consequebantur
2985 5621 3157 5692 plena
3185 5617 3560 5674 immunitate
3577 5613 3764 5671 tribu-
