4154 6286
391 362 498 419 449

1468 360 1561 412 DE
1599 359 1971 414 MICHAELR
2011 360 2454 416 PALBOLOGO
2491 363 2623 415 LIB.
2664 363 2706 412 Ι.

3677 356 3782 410 450

395 485 702 559 ἐσωροῦντο
765 481 1093 544 Βασιλικοῖς.
1152 479 1252 536 Καὶ
1293 476 1358 547 δὴ
1389 483 1486 533 τοῦ
1517 478 1722 552 χρόνου
1746 479 2034 556 προϊόντος
2065 486 2119 551 Α
2144 481 2441 537 οἷ’κούντων
2501 483 2929 556 βρενθυομένων,
2961 481 3050 534 καὶ
3109 478 3259 535 οὐδὲν
3294 482 3374 534 ὅτι
3439 479 3514 552 μὴ
3541 477 3784 533 πλούτου

399 571 632 646 ηὔξανον
659 576 776 633 ταῖς
811 569 1167 643 περιουσίαις.
1207 569 1295 622 καιὶ
1347 566 1584 629 πλοῦτος
1635 567 1844 644 ἒπὲῤῥει
1897 570 2044 646 σφίσι

401 663 622 737 συχνός.
678 661 809 734 Παρ’
841 654 966 712 ὅσον
1001 656 1047 711 δ’
1079 655 1302 718 ἐκείνοις
1339 655 1728 724 ἐνευθηνεῖσθαι
1779 652 2050 729 ξυνέϐαινε

398 757 516 815 τοῖς
570 750 708 804 κατὰ
760 747 854 802 τὸν
916 745 1056 820 βίον,
1109 745 1254 820 παρά
1298 749 1556 798 τοσοῦτον
1611 745 1700 799 καὶ
1758 746 1890 819 πρὸς
1920 745 2047 806 τοὺς

402 838 672 896 ἐναντίους
729 834 1009 909 ἐθάρρουν,
1067 833 1157 886 καὶ
1214 831 1449 894 πολλοῖς
1493 838 1610 895 τοῖς
1665 833 1861 886 ἐκεῖθεν
1895 832 2048 907 ἐτρύ-

405 950 543 1004 φων,
570 922 1036 996 νυκτολοχοῦντες
1066 920 1155 974 καὶ
1189 922 1457 993 ὁσημέραι
1505 923 1604 990 τὴν
1643 926 1748 975 τῶν
1798 921 2046 975 ἐναντίων

405 1014 822 1089 περικόπτοντες
852 1007 938 1063 καί
965 1011 1032 1062 τὰ
1060 1007 1246 1063 πολλά
1278 1007 1621 1081 ληϊζόμενοι.
1677 1010 1760 1080 Ἐξ
1795 1011 1866 1062 ὧν
1897 1006 2051 1062 συνέ-

410 1098 588 1155 6αινεν
646 1097 829 1158 αὐτοῖς
893 1099 985 1168 μὲν
1047 1094 1215 1167 ὁμόσε
1260 1100 1374 1155 τοῖς
1432 1093 1745 1158 ἀντιπάλοις
1806 1101 2051 1168 χωροῦσι

413 1182 818 1262 προϐεϐλῆσθαι
857 1188 962 1237 τῶν
1014 1181 1328 1258 ἐνδοτέρων,
1376 1182 1504 1242 τοὺς
1557 1180 1600 1235 δ’
1651 1181 2054 1257 ἐξαρτωμένους

413 1276 507 1336 τὰς
538 1271 760 1335 ἐλπίδας
789 1270 1005 1326 ἐκείνων
1041 1270 1128 1324 ἐπὶ
1157 1277 1258 1338 τῆς
1289 1271 1492 1332 οἰκείας
1517 1265 1810 1343 διατρίϐειν
1860 1268 2049 1340 ἀνέδην

411 1364 500 1418 καὶ
551 1367 668 1422 ταῖς
700 1359 924 1420 οῗκείαις
982 1359 1343 1432 προσανέχειν
1398 1357 1666 1432 φροντίσι,
1706 1357 1832 1419 τοὺς
1871 1359 2050 1431 μέντοι

410 1451 498 1506 ἐπὶ
554 1453 659 1503 τῶν
717 1447 904 1523 ἀρχῶν
963 1452 1064 1514 τῆς
1123 1445 1453 1518 στρατηγίας
1482 1441 1659 1512 ὄντας,
1697 1449 1803 1499 τῶν
1834 1443 2049 1500 ὄπισθεν

407 1537 666 1615 ἀσφαλῶς
718 1535 790 1596 ὡς
858 1533 972 1588 οἷόν
1025 1554 1084 1587 τε
1141 1530 1395 1606 ἔχοντας,
1449 1533 1546 1600 τὴν
1611 1532 1795 1607 μάχην
1829 1533 2055 1607 ἑτέρωσε

404 1628 623 1700 τρέπειν
655 1624 746 1678 καὶ
783 1624 856 1695 μὴ
911 1619 1070 1676 οὖσαν
1097 1626 1218 1682 ταῖς
1276 1619 1571 1683 ἐπιθέσεσιν
1631 1619 1909 1694 ἐρεθίζειν,
1965 1631 2054 1682 καὶ

412 1715 629 1792 φθάνειν
659 1715 840 1772 κακῶς
883 1707 1213 1773 διατιθέντας
1265 1707 1477 1782 ἐτέρους
1531 1707 1791 1782 πρότερον
1843 1708 1878 1776 ἢ
1931 1710 2054 1763 ἀνα-

417 1803 595 1872 μένειν
651 1799 880 1871 πάσχειν
930 1795 1183 1867 ἑτέρωθεν
1210 1796 1276 1849 τὰ
1307 1793 1469 1850 δεινά.
1518 1795 1587 1848 Τὸ
1619 1793 1674 1848 δὲ
1717 1795 1930 1867 σύμπαν
1988 1798 2055 1864 ἦν

411 1886 851 1961 κατορθούμενον
904 1889 1012 1940 τῶν
1071 1885 1249 1959 ἀκρῶν
1307 1883 1492 1945 καλῶς
1523 1883 1770 1958 ἐχουσῶν
1802 1887 1890 1939 καὶ
1925 1883 2056 1956 μηδ’

415 1975 476 2032 ἂν
512 1974 632 2031 εἷ’τι
682 1975 770 2029 καὶ
831 1975 1044 2048 γένοιτο
1073 1977 1179 2026 τῶν
1227 1971 1338 2026 ἐκεῖ
1365 1971 1790 2041 καθυπειξόντων
1825 1971 2054 2046 ἀνδρῶν,

418 2065 470 2120 εἴ
520 2085 571 2118 τι
625 2062 714 2117 καὶ
772 2062 1084 2116 ἀντιτείνειν
1139 2059 1388 2132 τολμῷεν
1435 2061 1487 2113 οἱ
1539 2061 1922 2133 ἀντικείμενοι,
1969 2063 2057 2116 καὶ

415 2157 585 2206 ταῦτα
639 2151 728 2205 καὶ
782 2157 884 2218 τῆς
942 2150 1123 2223 ἀρχῆς
1173 2147 1386 2223 ἐγγύθεν
1449 2145 1614 2217 οὔσης
1648 2191 1661 2215 ,
1739 2149 2060 2220 ἀνθεξούσης

421 2240 647 2312 ἑτοίμου
699 2239 835 2311 πρὸς
892 2236 1026 2290 ἅπαν
1076 2237 1137 2289 τὸ
1196 2237 1670 2308 ἀντιστησόμενον.
1703 2237 1808 2291 Καὶ
1853 2238 1920 2291 τὰ
1966 2241 2057 2309 μὲν

419 2328 659 2401 πρότερα
687 2329 910 2379 τοιαῦτα
955 2323 1043 2376 καὶ
1069 2322 1238 2384 οὕτως
1286 2318 1504 2397 ἔχοντα,
1551 2324 1612 2377 οὐ
1662 2325 1824 2393 μόνον
1858 2329 1944 2386 αῖς
1975 2325 2059 2402 E53-

428 2415 551 2490 ῥέθη
611 2413 875 2474 ἀτελείαις
917 2433 976 2466 τε
1021 2412 1112 2466 καὶ
1141 2412 1424 2483 προνοίαις
1457 2411 1604 2466 ἀλλά
1654 2433 1714 2486 γε
1764 2415 1850 2467 καὶ
1894 2426 2062 2484 καθη-

432 2507 671 2576 μεριναῖς
755 2499 1101 2578 φιλοτησίαις
1180 2497 1486 2573 βασιλικαῖς
1554 2505 1658 2554 τῶν
1732 2501 1828 2563 τὰς
1902 2499 2067 2577 ἄκρας

423 2721 624 2772 torum
657 2730 722 2768 ac
767 2711 1132 2782 vectigalium
1175 2711 1425 2768 limitem
1471 2711 1628 2767 hunc
1676 2712 2068 2770 incolentibus

430 2801 813 2870 indulgenda,
847 2799 1060 2855 annuis
1099 2815 1334 2870 quoque
1388 2816 1456 2854 ex
1503 2800 1644 2855 ﬁsco
1692 2801 2070 2871 pensionibus

431 2890 782 2947 illustriores
813 2890 1076 2960 ipsorum
1125 2889 1484 2945 honorando.
1519 2889 1681 2944 Unde
1729 2893 2073 2960 procedente

431 2987 693 3048 tempore
724 2981 895 3033 aucta
921 2977 1018 3032 isti
1048 2977 1366 3048 plurimum
1401 2993 1461 3032 re
1501 2977 1796 3045 familiari,
1830 2996 2074 3051 magnas

436 3067 699 3139 plerique
731 3081 869 3136 opes
901 3069 1344 3135 congesserunt.
1379 3065 1551 3120 Porro
1608 3083 1722 3136 quo
1754 3067 1979 3122 meliori
2011 3087 2075 3124 ac

436 3151 815 3208 commodiori
840 3150 965 3204 loco
991 3167 1083 3204 res
1101 3151 1436 3205 domesticae
1460 3152 1718 3221 ipsorum
1739 3170 1804 3208 ac
1828 3155 2071 3209 fortuna:

435 3243 696 3296 eranteo
728 3238 936 3292 fortius
966 3236 1337 3308 alacriusque
1394 3238 1452 3292 in
1503 3237 1702 3294 hostes
1750 3240 2070 3308 irruebant,

437 3327 615 3382 illecti
648 3327 719 3381 ad
749 3325 857 3380 hoc
891 3325 1087 3396 ipsum
1121 3326 1616 3396 frequentandum
1679 3328 2075 3399 audaciusque

437 3415 787 3471 tentandum
818 3419 994 3484 gustu
1023 3415 1226 3484 praedae
1260 3430 1371 3468 non
1401 3413 1576 3468 semel
1611 3417 1910 3471 nocturnis
1941 3417 2079 3471 insi-

440 3503 555 3558 diis
577 3503 814 3568 abactaa,
837 3500 1207 3572 assiduisque
1231 3501 1362 3556 inde
1387 3502 1820 3557 incursionibus
1850 3503 2076 3558 hostem

435 3595 735 3657 vexantes,
760 3591 1002 3660 ejusque
1027 3589 1106 3643 sic
1132 3589 1513 3659 infringentes
1530 3589 2081 3661 impetum,vastan-

446 3686 534 3736 tes
569 3679 710 3751 quin
743 3679 914 3733 etiam
948 3695 1114 3748 agros
1146 3694 1212 3731 ac
1241 3682 1425 3732 terras
1458 3677 1684 3748 lateque
1710 3680 2076 3749 populantes,

440 3782 773 3836 manusque
801 3765 1002 3820 obvias
1033 3765 1341 3832 caedentes,
1373 3781 1439 3820 ac
1467 3765 1593 3836 ipsa
1624 3766 1899 3821 interiora
1942 3766 2078 3821 Per-

435 3854 584 3910 sidis
603 3852 922 3908 latrociniis
946 3857 1002 3907 et
1017 3853 1460 3907 excursionibus
1485 3853 1696 3907 infesta
1713 3852 2081 3924 sollicitaque

441 3942 779 4007 reddentes,
809 3942 1132 4010 eademque
1153 3957 1324 4010 opera
1348 3941 1628 3995 Romanis
1651 3943 1691 3995 1
1708 3944 1744 3995 7
1775 3941 1905 3996 laeta
1924 3942 2081 3996 domi

439 4038 496 4086 et
520 4028 797 4101 opulenta
825 4029 944 4084 otia
974 4029 1321 4099 praebentes,
1355 4044 1554 4084 secure
1584 4029 1855 4100 deinceps
1874 4046 1938 4082 ac
1957 4029 2082 4084 sine

442 4119 640 4175 hostili
675 4117 792 4173 ullo
834 4122 995 4173 metu
1054 4117 1366 4173 familiaria
1423 4117 1782 4173 curantibus.
1816 4119 2079 4173 Indidem

443 4207 696 4262 ducibus
729 4221 958 4277 quoque
991 4205 1262 4261 Romanae
1282 4204 1525 4273 militiae,
1551 4206 1763 4276 quippe
1785 4223 1932 4275 quos
1954 4207 2079 4276 jam

445 4293 593 4351 nihil
626 4299 781 4348 retro
813 4293 996 4348 vereri
1027 4310 1091 4348 ac
1124 4293 1408 4364 respicere
1458 4310 1679 4364 cogere,
1714 4293 1996 4349 securitas
2026 4298 2083 4348 et

443 4383 691 4438 facultas
721 4382 918 4436 aderat
965 4382 1081 4436 vim
1141 4381 1251 4435 alio
1307 4384 1585 4449 vertendi,
1623 4382 1914 4452 ultroque,
1949 4398 2080 4436 cum

442 4488 629 4543 operae
662 4470 916 4541 pretium
949 4474 1092 4538 erat,
1125 4468 1449 4523 lacessendi
1490 4469 1688 4524 hostes
1739 4471 1905 4537 alios,
1938 4487 2081 4540 pra:-

444 4557 829 4628 vertendique
859 4556 1014 4612 bella
1045 4556 1435 4622 imminentia,
1467 4556 1827 4628 consiliaque
1857 4574 2086 4627 suspec-
2113 4543 2159 4607 D

446 4653 643 4702 tarum
675 4645 937 4716 gentium
971 4651 1198 4700 mature
1228 4644 2082 4716 praaoccupandi,saluberrimo

443 4734 649 4790 auxilii
682 4749 912 4805 genere,
949 4749 1060 4787 non
1093 4738 1428 4802 expectante
1459 4733 1746 4788 malorum
1797 4739 2081 4800 exortum,

445 4829 502 4878 et
533 4837 856 4894 pracavere
887 4821 1100 4876 damno
1124 4819 1355 4891 publica
1393 4821 1577 4876 satius
1636 4820 1880 4875 habente
1906 4837 2082 4891 quam

447 4911 652 4968 ulcisci
683 4915 785 4966 aut
836 4927 982 4965 saeve
1013 4910 1342 4981 grassantia
1399 4909 1704 4980 depellere.
1737 4910 1803 4964 Hi
1862 4911 2083 4966 fructus

443 5005 615 5056 erant
645 4999 1005 5054 insessurum
1036 4997 1249 5054 validis
1282 4998 1622 5052 istiusmodi
1673 4999 1962 5065 praesidiis
1990 5016 2083 5054 ar—

445 5088 627 5142 cium.
662 5087 797 5150 Quse
826 5102 896 5139 ne
926 5102 1185 5157 unquam
1219 5087 1624 5140 desererentur
1670 5088 2082 5142 retrocedenti-

447 5176 560 5230 bus
591 5173 971 5246 praesidiariis
1019 5175 1090 5229 ob
1129 5174 1243 5229 vim
1277 5177 1556 5245 majorem
1620 5175 1952 5245 urgentium
1984 5193 2083 5230 eos

447 5263 747 5318 interdum
781 5261 972 5316 acrius
994 5262 1326 5326 Persarum,
1362 5262 1504 5317 satis
1531 5263 1942 5333 providebatur
1961 5264 2082 5318 col-

446 5350 650 5406 locatis
680 5354 1008 5420 opportune
1027 5367 1140 5405 non
1163 5350 1362 5421 procul
1384 5350 1454 5403 ab
1474 5349 1570 5404 illo
1593 5351 1778 5406 limite
1807 5351 2083 5406 Romanis

448 5439 678 5508 castris,
715 5438 870 5492 unde
902 5438 1247 5492 auxiliorum
1281 5443 1568 5508 quantum
1622 5446 1774 5494 esset
1823 5457 1989 5509 Opus,
2022 5439 2082 5494 in

441 5535 706 5602 tempore
737 5527 1004 5580 submitti
1038 5525 1445 5580 laborantibus
1486 5535 1701 5597 posset.
1738 5527 1840 5582 llic
1897 5535 2082 5583 status

435 5624 565 5677 tum
600 5616 729 5674 illic
762 5630 955 5670 rerum
1006 5614 1135 5683 fuit,
1169 5613 1640 5686 imperatoribus,
1675 5615 1774 5686 qui
1831 5633 1897 5671 ea
1936 5621 2082 5672 tem-

2152 2416 2580 2491 ¹(Παλαιολόγος
2637 2416 2663 2470 δ

2155 575 2382 642 σημεῖον
2436 569 2698 645 ἐχόντων,
2747 570 3025 632 κᾶντεῦθεν
3076 569 3165 623 καὶ
3226 567 3663 643 ἀρῥᾳθυμότερον
3699 567 3791 638 μὲν

2154 656 2581 734 φυλασσόντων,
2649 657 3085 733 Οαῤῥαλεώτερον
3150 654 3195 710 δ’
3251 651 3651 710 εἰσϐαλλόντων
3704 653 3791 708 καὶ

2153 746 2517 820 ἀντισχόντων
2577 752 2715 817 τοῖς,
2777 745 2829 798 εἷ’
2877 767 2952 815 πη
3009 745 3310 818 ἷσχύσειαν,
3342 747 3698 798 κακοποιοῦσι
3728 743 3794 797 τὰ

2153 833 2413 908 ἡμέτερα.

2157 952 2458 1021 εὀῘΌπενς
2516 950 2755 1017 ἀλουσης
2811 949 2978 1003 πάλαι
3027 955 3124 1016 τῆς
3174 948 3392 1021 πόλεως
3436 952 3562 1021 παρ’
3592 947 3793 1003 Ιταλῶν

2228 1019 2544 1096 ἐξησθένησε
2585 1027 2651 1074 τᾶ
2697 1021 2834 1075 κατὰ
2873 1022 2971 1088 τὴν
3027 1019 3354 1090 Ἀνατοληνο
3402 1022 3491 1074 καὶ
3516 1019 3663 1096 περὶ
3700 1024 3796 1075 τοῦ

2227 1091 2500 1162 Χαδηνοῦ.

2228 1192 2306 1261 [Ρ.
2339 1192 2393 1262 8]
2424 1191 2514 1260 Ἒξ
2547 1187 2671 1243 ὅτου
2706 1187 2749 1242 δ’
2781 1191 2816 1257 ἡ
2845 1187 3244 1242 Κωνσταντίνου
3303 1184 3466 1250 πόλις
3495 1188 3797 1259 Ῥωμαίοις

2155 1277 2321 1345 ἑάλω,
2369 1279 2457 1332 καὶ
2507 1277 2568 1344 ἦν
2615 1275 3059 1350 μεταναστρέφειν
3112 1276 3316 1350 ἀνάγκη
3366 1279 3434 1339 τῇ
3466 1273 3685 1350 πατρίδι
3734 1275 3800 1328 τὰ

2154 1367 2330 1433 τέκνα,
2390 1366 2477 1419 καὶ
2535 1367 2796 1439 πρότερον
2855 1369 2961 1417 τῶν
2993 1361 3177 1418 ἄλλων
3229 1366 3308 1424 οἷς
3337 1364 3403 1431 ἦν
3448 1363 3510 1416 τὸ
3559 1367 3797 1437 κρατεῖν,

2158 1449 2428 1524 ξυνέϐαινε
2480 1455 2574 1524 μὲν
2631 1450 2776 1516 ἔνθεν
2839 1453 3132 1522 ἐξασθενεῖν
3182 1451 3415 1512 ἐκείνους
3462 1454 3531 1524 τῇ
3579 1449 3799 1505 διαστά-

2158 1563 2234 1596 σει
2266 1546 2375 1596 τῶν
2430 1539 2720 1615 βασιλέων,
2773 1539 2878 1594 ἔδει
2911 1538 2958 1594 δ’
2998 1540 3225 1600 ἐκείνοις
3255 1540 3467 1600 πάντως
3516 1538 3799 1611 προνοίας,

2157 1629 2246 1684 καὶ
2282 1627 2492 1700 μᾶλλον
2521 1629 2600 1705 ἐφ’
2631 1630 2675 1698 ᾦ
2725 1630 2838 1682 καθ’
2872 1627 3090 1688 ἑαυτοὺς
3123 1625 3276 1681 οὑδὲν
3323 1627 3488 1694 ἧττον
3529 1625 3800 1702 θαῤῥοῖεν,

2162 1716 2207 1770 εἰ
2262 1714 2390 1787 μηδ’
2437 1713 2692 1782 ἅλΛοθεν,
2752 1715 2876 1769 ἀλλ’
2932 1713 3021 1768 οὖν
3061 1718 3223 1786 νεῦρα
3252 1713 3500 1786 πολέμου
3530 1715 3620 1768 τὸν
3655 1717 3801 1789 σφῶν

2162 1803 2400 1858 πλοῦτον
2447 1801 2686 1877 ἔχουσιν.
2723 1801 2900 1860 Ἀ).λά
2930 1801 3113 1876 χρόνῳ
3145 1801 3362 1878 ὕστερον
3390 1807 3488 1870 τῆς
3525 1801 3802 1875 βασιλείας

2169 1890 2573 1963 μεταπεσούσης
2622 1888 2865 1959 Χαδηνός
2912 1911 3018 1956 τις,
3069 1890 3114 1960 ᾧ
3263 1889 3350 1943 καὶ
3379 1890 3441 1943 τὸ
3489 1897 3587 1956 τῆς
3643 1889 3806 1961 ἐπαρ-

2166 1978 2290 2052 χίας
2325 1979 2537 2050 ἀξίωμα
2569 1976 2778 2042 ἐσαῦθις
2833 1977 3086 2047 ἐπέθηκεν
3135 1979 3162 2031 ὁ
3211 1982 3445 2052 κρατῶν,
3503 1979 3569 2032 τὰ
3624 1975 3810 2031 πολλὰ

2165 2068 2290 2138 παρ’
2323 2066 2507 2138 ἐκείνῳ
2538 2063 2832 2137 δυνάμενος
2867 2065 2916 2136 ἐξ
2963 2065 3150 2119 αἷτιῶν
3185 2067 3306 2119 ὅσον
3341 2066 3522 2120 οὐκέτι
3571 2065 3807 2135 ῥηθησο-

2172 2154 2342 2226 μένων
2395 2152 2618 2227 (ἐκεῖθεν
2652 2154 2754 2228 γὰρ
2807 2154 2895 2207 καὶ
2945 2155 2972 2207 ὁ
3003 2154 3187 2227 παρὼν
3235 2151 3402 2227 λόγος
3436 2154 3511 2215 είς
3541 2154 3808 2207 κατάπα-

2169 2263 2251 2295 σιν
2328 2243 2428 2310 τὴν
2501 2241 2808 2314 πρέπουσαν
2875 2241 3315 2315 ἀναχθήσεται),
3376 2240 3580 2302 ἐκεῖνος
3630 2239 3811 2294 τοίνυν

2174 2329 2448 2404 συμφέρον
2509 2328 2684 2383 δοκεῖν
2758 2329 2956 2392 ἐθέλων
3025 2324 3412 2401 συμϐουλεύειν
3467 2333 3547 2400 τῷ
3603 2327 3820 2404 βασιλεῖ

2640 2415 2681 2470 δ’
2740 2417 2896 2478 οὗτος
2954 2417 3022 2484 ἦν
3070 2416 3327 2490 Μιχαὴλ)
3377 2415 3582 2491 βουλὴν
3617 2415 3818 2489 εἰσάγει

2173 2501 2337 2574 τήνδε
2390 2505 2478 2558 καὶ
2538 2504 2660 2559 λίαν
2721 2503 3034 2582 ἐπισφαλῆ,
3095 2506 3169 2566 ὡς
3224 2505 3286 2558 τὸ
3343 2509 3568 2580 πρᾶγμα
3625 2501 3816 2574 ἔδειξεν

2178 2720 2398 2787 pestate
2429 2715 2755 2786 reipublicae
2778 2721 3079 2786 praeerant,
3115 2716 3486 2771 utilissimam
3520 2715 3692 2771 istam
3745 2714 3812 2768 li-

2179 2803 2566 2859 mitaneorum
2600 2804 2854 2858 militum
2879 2803 3240 2858 alacritatem
3270 2805 3328 2857 in
3361 2803 3560 2859 hostes
3619 2803 3816 2857 foven-

2179 2890 2338 2946 tibus
2362 2908 2476 2946 non
2495 2893 2665 2946 modo
2690 2891 3163 2946 immunitatibus
3187 2895 3244 2946 et
3260 2889 3642 2961 pensionibus
3671 2907 3819 2960 quas

2182 2979 2298 3033 dixi
2333 2979 2700 3049 praetendis,
2731 2980 2826 3033 sed
2861 2983 2918 3034 et
2949 2979 3305 3048 quotidianis
3336 2983 3498 3032 extra
3553 2977 3814 3033 ordinem

2181 3067 2594 3139 largitionibus
2625 3083 2857 3136 operam
2904 3066 3280 3137 insigniorem
3329 3070 3386 3121 et
3421 3066 3667 3140 clariora
3693 3082 3818 3136 quae

2186 3156 2259 3208 fet
2273 3160 2476 3209 rentur
2507 3149 2668 3209 arces
2718 3156 3106 3210 obtinentium
3155 3153 3411 3208 facinora
3441 3153 3596 3225 regie
3625 3169 3820 3207 remu-

2185 3243 2464 3297 nerando.
2492 3243 2651 3297 Unde
2674 3245 2891 3312 passim
2916 3242 3408 3314 praesidiariorum
3428 3242 3673 3297 istorum
3693 3246 3823 3295 tan-

2184 3335 2308 3385 tum
2345 3329 2522 3384 animi
2554 3337 2873 3395 creverant,
2909 3337 2972 3384 ut
3004 3331 3252 3385 minima
3308 3347 3412 3401 par
3443 3331 3588 3401 ipsis
3646 3329 3823 3383 ofﬁcii

2184 3418 2475 3472 videretur
2501 3419 2649 3472 tueri
2683 3418 3030 3473 commissas
3072 3435 3255 3487 arces,
3290 3419 3443 3488 quod
3501 3417 3822 3472 ludibunde

2187 3522 2251 3560 ac
2284 3505 2442 3560 nullo
2475 3507 2705 3576 negotio
2740 3508 3113 3578 praestabant,
3139 3506 3252 3559 nisi
3285 3505 3675 3560 audacissime
3706 3504 3825 3560 lon-

2187 3593 2542 3663 gissimeque
2575 3594 2948 3648 incursarent
2979 3593 3219 3648 hostiles
3242 3599 3446 3661 terras,
3476 3600 3825 3665 apparatus-

2189 3699 2301 3752 que
2330 3683 2660 3748 Persarum,
2696 3685 2746 3736 si
2779 3684 3154 3750 procederent
3182 3683 3251 3737 ad
3289 3682 3626 3752 perfectum,
3650 3684 3824 3738 rebus

2191 3768 2410 3824 nostris
2435 3767 2792 3838 perniciosos
2818 3770 3071 3836 futuros,
3097 3771 3156 3823 in
3178 3787 3386 3825 exorsu
3414 3770 3682 3841 protinus
3703 3770 3829 3842 ipso

2190 3857 2493 3929 primaque
2527 3855 2826 3910 molitione
2857 3858 3216 3926 disjicerent.

2190 3965 2243 4017 5.
2279 3964 2342 4018 Ut
2399 3964 2613 4029 recepta
2667 3961 2801 4013 olim
2859 3976 2928 4014 ex
2976 3961 3131 4014 Italis
3188 3962 3342 4028 urbe,
3388 3961 3686 4016 debilitatae
3744 3978 3831 4015 res

2481 4032 2787 4089 Orientales
2814 4031 3025 4099 fuerint
3051 4056 3063 4095 ;
3091 4035 3141 4085 et
3170 4031 3233 4086 de
3265 4033 3532 4098 Chadeno,

2262 4121 2342 4174 Ex
2373 4136 2488 4190 quo
2518 4124 2713 4174 autem
2746 4125 2974 4188 recepta
2996 4119 3530 4190 Constantinopolis
3561 4139 3591 4173 a
3620 4121 3825 4174 Roma-

2193 4209 2286 4264 nis
2337 4213 2446 4274 est,
2479 4212 2534 4260 et
2595 4208 2868 4261 reducere
2921 4222 3211 4276 quemque
3246 4205 3395 4260 ﬁlios
3454 4207 3512 4260 in
3574 4206 3822 4277 patriam

2192 4295 2466 4366 oportuit,
2501 4293 2796 4365 principes
2845 4294 3116 4357 maxime,
3149 4293 3392 4360 contigit
3447 4294 3717 4364 praesidia
3759 4295 3827 4348 li-

2193 4385 2354 4437 nium
2407 4383 2769 4438 Persicorum
2833 4382 3123 4436 debilitari
3183 4381 3255 4435 ob
3308 4381 3732 4452 imperatorum
3768 4383 3823 4435 in

2193 4472 2396 4525 urbem
2442 4486 2806 4524 reversorum
2842 4469 3226 4534 distantiam;
3259 4485 3326 4522 ex
3375 4485 3487 4537 qua
3543 4469 3719 4522 fiebat
3765 4473 3829 4523 ut

2192 4559 2500 4630 pensiones
2531 4559 2600 4612 ad
2633 4557 2785 4611 diem
2820 4557 2984 4627 prius
3019 4556 3179 4610 reddi
3217 4555 3398 4610 solitae
3457 4572 3828 4626 nequaquam

2196 4648 2294 4702 18
2319 4664 2384 4701 ea
2416 4647 2527 4700 tide
2559 4644 2942 4710 solverentur,
2977 4661 3094 4713 qua
3117 4651 3254 4698 tunc
3286 4660 3434 4714 opus
3459 4644 3545 4699 vel
3578 4646 3831 4700 maxime

2193 4737 2382 4790 fuerat
2411 4735 2482 4789 ad
2513 4734 2846 4788 excitandos
2895 4732 3177 4787 militares
3212 4733 3462 4802 animos,
3497 4739 3559 4788 ut
3617 4734 3831 4788 vellent

2193 4831 2368 4893 atque
2398 4823 2680 4876 auderent
2711 4827 2997 4890 quantum
3049 4819 3123 4873 iis
3181 4819 3325 4875 locis
3356 4824 3413 4874 et
3467 4823 3832 4892 temporibus

2194 4911 2437 4982 publicae
2470 4909 2848 4963 necessitates
2899 4909 3236 4978 poscebant.
3275 4909 3489 4964 Tamen
3548 4909 3829 4979 aliquate—

2194 5016 2306 5053 nus
2338 4997 2472 5052 huic
2503 4997 2874 5051 incommodo
2906 4996 3269 5062 medebatur,
3301 4997 3453 5064 quod
3501 4995 3616 5052 illis
3646 4998 3829 5051 abun-

2193 5087 2412 5140 dabant
2442 5101 2580 5156 opes
2613 5084 2878 5155 propriae,
2913 5099 3039 5153 qua:
3099 5082 3234 5136 belli
3280 5100 3484 5138 nervos
3542 5085 3832 5140 submini-

2193 5178 2463 5236 strarent,
2497 5177 2678 5227 donec
2713 5171 3018 5241 posteriori
3077 5175 3358 5241 tempore,
3392 5171 3451 5224 in
3484 5173 3830 5228 deteriorem

2193 5267 2409 5318 statum
2442 5261 2686 5331 imperio
2721 5259 3011 5330 prolapso,
3036 5258 3346 5313 Chadenus
3371 5259 3629 5329 quidam,
3652 5253 3744 5314 cui
3777 5266 3834 5314 et

2193 5351 2547 5422 praefecturae
2581 5347 2924 5418 dignitatem
2955 5347 3164 5400 deinde
3218 5347 3534 5415 imperator
3566 5348 3832 5415 contulit,

2194 5439 2449 5493 multum
2478 5437 2536 5490 in
2570 5436 2704 5489 aula
2735 5434 2960 5505 pollens
3004 5450 3072 5488 ex
3127 5433 3318 5487 causis
3350 5433 3522 5503 paulo
3551 5446 3679 5503 post
3709 5452 3830 5491 me-

2193 5525 2492 5581 morandis
2516 5525 2608 5592 (ab
2636 5525 2814 5593 hujus
2835 5524 2992 5578 enim
3023 5523 3318 5577 mentione
3341 5528 3541 5578 nostra
3565 5526 3622 5577 in
3655 5542 3830 5580 suum

2191 5614 2366 5670 ﬁnem
2395 5612 2638 5669 historia
2667 5613 2935 5684 procedet
2965 5609 3275 5667 consilium
3319 5612 3618 5684 suggessit
3645 5612 3828 5687 impe-
