4154 6286
440 383 541 438 451

1742 382 2039 438 GEORGII
2078 381 2535 436 ΡΔΟΗΥΜΕΒΕ

3727 385 3833 439 452

441 504 685 582 ὕστερον.
743 502 844 559 Καὶ
875 504 1086 579 δεχθεὶς
1144 505 1219 568 ὡς
1271 502 1429 574 δῆθεν
1462 504 1842 582 συμφερόντως
1874 500 2078 577 λέγων,
2109 502 2364 577 Αέχειν)
2420 501 2582 578 μόγις
2635 501 2854 557 ὑπεῖκον
2906 506 3322 575 προσοικοῦντες
3376 504 3625 580 ἀντέχειν
3658 550 3670 561 .
3729 508 3835 564 Καὶ

438 594 708 666 πέμπεται
765 592 1097 667 καταπρᾶξαι
1158 593 1191 648 ἃ
1242 594 1445 671 φθάσας
1519 591 1868 666 βεοούλευται
1905 632 1918 646 .
1984 589 2084 644 Καὶ

441 680 507 752 δὴ
567 681 785 745 ἐπιστὰς
832 683 1046 755 ταχέως
1086 686 1203 745 τοῖς
1255 681 1415 736 τόποι
1455 681 1539 750 (οὐ
1570 683 1672 755 γὰρ
1722 680 1790 748 ἦν
1838 679 1975 751 πρὸς
2018 680 2086 733 τὰ

436 763 808 839 ἐπεσταλμένα
861 764 1141 841 βραδύνειν
1216 766 1363 828 ὅλως
1431 766 1589 821 αὐτὸν
1638 766 2083 841 καταρξάμενον),

438 852 636 926 ἄνδρας
689 853 1101 928 βαθυπλούτους
1151 855 1320 931 εὑρὼν
1353 855 1443 909 καὶ
1489 857 1734 926 κτήμασι
1780 855 1868 908 καὶ
1918 853 2086 928 θρέμ-

440 965 567 1017 μασι
619 945 929 1017 βρίθοντας,
973 943 1245 1017 στρατεύει
1294 943 1521 1006 τούτους
1568 942 1626 997 ἐκ
1654 947 1762 996 τῶν
1813 940 2078 1017 σφετέρων

435 1030 651 1086 ἐκείνων
704 1032 792 1086 καὶ
850 1033 989 1094 οἷςὸ
1049 1032 1274 1086 ἑκάστου
1328 1031 1444 1107 βίος
1494 1030 1936 1106 συνεκεκρότητο,
1989 1037 2080 1091 καὶ

431 1119 506 1180 εἷς
568 1121 963 1196 τεσσαράκοντα
1019 1121 1339 1192 νομίσματα
1405 1124 1483 1192 τῷ
1554 1119 1631 1174 ένὶ
1690 1118 2078 1191 συμποσώσας,

429 1209 518 1263 καὶ
549 1208 757 1263 τούτων
782 1210 842 1263 τὸ
874 1207 1131 1263 πλεῖστον
1182 1208 1240 1263 ἐκ
1268 1213 1375 1262 τῶν
1425 1207 1608 1275 αὐτοῦ,
1639 1208 1702 1262 τὸ
1742 1206 1935 1263 λοιπὸν
1982 1210 2078 1260 τοῦ

428 1297 673 1359 τεθέντος
702 1294 918 1368 τέλους,
976 1297 1073 1350 οὐκ
1105 1294 1291 1371 ὀλίγον
1324 1296 1400 1364 ὃν,
1432 1300 1512 1367 τῶ
1546 1295 1812 1369 βασιλικῷ
1842 1295 2077 1367 ταμιείῳ

432 1385 833 1459 εἰσκομίζεσθαι
879 1382 1078 1457 ἔταξεν.
1140 1386 1209 1441 ’Ὀ
1258 1383 1347 1438 καὶ
1394 1385 1661 1459 πραχθὲν,
1710 1383 1943 1457 πρώτως
1974 1402 2078 1435 πα-

432 1473 633 1526 θόντων
664 1475 772 1525 τῶν
818 1468 1026 1546 ἀνδρῶν
1058 1469 1090 1524 ἃ
1121 1469 1220 1524 οὐκ
1265 1467 1503 1539 ἤλπισαν
1538 1470 1781 1537 πώποτε,
1816 1465 2077 1522 ἐπέκλασέ

429 1581 487 1614 τε
513 1561 612 1629 τήν
644 1559 953 1634 προθυμίαν
990 1558 1372 1634 βουλομένοις,
1429 1557 1518 1612 καὶ
1566 1556 1945 1634 καθυφείκεσαν
1976 1562 2075 1624 τῆς

430 1645 729 1721 δυνάμεως.

1259 1751 1524 1828 κατέσχον
1623 1752 1688 1807 ταὶ
1765 1751 1870 1805 Ῥω
1880 1747 2073 1824 μαΐδος

1189 1820 1315 1899 ὅρη.

503 1913 775 1970 Ἐντεῦθεν
833 1911 922 1966 καὶ
978 1916 1097 1974 τοῖς
1178 1916 1286 1966 τῶν
1361 1914 1579 1987 Περσῶν
1660 1910 1931 1984 μαχίμοις
1981 1909 2071 1963 καὶ

424 2005 510 2064 οἷς
570 2000 622 2056 ἐν
681 2000 929 2077 μαχαίρᾳ
982 2000 1045 2054 τὸ
1102 2004 1214 2074 ζῇν,
1265 2004 1372 2055 τῶν
1430 1997 1616 2054 ἄλλων
1670 1996 2066 2053 ὑποκλιθέντων

423 2095 544 2152 τοῖς
595 2088 870 2164 Τοχὰίροις
936 2090 1055 2163 ἄρτι
1110 2093 1441 2165 κατασχοῦσι
1497 2090 1595 2157 τὴν
1652 2091 1753 2152 τῆς
1807 2083 2070 2161 Περσίδος

427 2181 655 2255 ἀρχὴν,
748 2177 1017 2253 συμφέρον
1110 2174 1280 2232 ἐδόκει
1370 2177 1725 2255 ἀφηνιάζουσι
1802 2173 2071 2252 καταφεύ-

428 2288 538 2343 γειν
593 2266 729 2341 πρὸς
782 2265 851 2320 τὰ
903 2270 1011 2319 τῶν
1071 2266 1213 2341 ὁρῶν
1274 2264 1594 2342 ὀχυρώτερα
1649 2263 1738 2317 καὶ
1793 2262 1859 2317 τὰ
1913 2259 2068 2332 πλη-

428 2355 541 2410 σίον
596 2352 1023 2429 κατατρέχοντας
1080 2354 1237 2428 νόμῳ
1291 2355 1506 2428 λῃστῶν
1566 2352 1772 2425 ἆποζῇν
1831 2353 1928 2424 [Ρ.
1987 2351 2065 2424 91.

427 2446 499 2501 ’Ὀ
546 2445 633 2498 καὶ
667 2443 892 2518 γεγονὸς
917 2444 1238 2513 συνέστησαν
1284 2444 1401 2498 κατ’
1440 2439 1632 2503 αὐτοὺς
1676 2439 1947 2508 πλεῖστοι,
1977 2438 2068 2493 καὶ

430 2532 687 2607 συχνάκις
716 2530 940 2606 ῗσχυροῖ
984 2530 1286 2596 ἐπετίθεντο
1335 2531 1572 2585 ἀσθενέσι
1616 2529 1929 2604 γενομένοις
1952 2531 2070 2590 τοῖς

426 2621 741 2694 ἡμετέροις,
797 2618 887 2673 καὶ
944 2619 1220 2696 περιόντες
1271 2621 1388 2674 κατ’
1431 2618 1613 2693 ὀκίγον
1667 2614 2065 2671 ἀδυνατούντων

431 2708 665 2764 ὑπείκειν
717 2707 954 2765 ἐποίουν.
1000 2708 1105 2764 Καὶ
1157 2708 1300 2783 τάχα
1339 2707 1398 2763 ἂν
1450 2706 1818 2782 ἐσχωροῦντες
1864 2704 2068 2778 ὁσημέ-

427 2816 515 2871 ραι
538 2800 657 2858 τοῖς
702 2795 960 2858 ἐναντίοις
1004 2802 1110 2851 τῶν
1162 2800 1396 2873 θριγκῶν
1443 2795 1864 2870 παρεχώρησαν,
1893 2792 1938 2846 εἰ
1990 2793 2064 2865 μή

429 2904 490 2959 γε
514 2883 827 2960 ταχθείσαις
877 2884 1061 2961 ῥόγαις
1089 2886 1176 2959 (τὰ
1204 2886 1307 2960 γὰρ
1357 2884 1583 2962 σφέτερα
1630 2882 1729 2937 οὐκ
1758 2883 1905 2955 εἶχον
1938 2901 2065 2935 κατ-

431 1756 473 1819 ς’
545 1757 735 1818 ’Ὁπως
818 1755 869 1808 οἱ
967 1753 1165 1830 Πέρσαι

428 3105 606 3161 ratori
638 3104 770 3175 (fuit
798 3105 849 3160 is
883 3105 1127 3161 Michael
1160 3104 1537 3175 Palaaologus)
1569 3102 1731 3158 valde
1778 3101 2063 3173 pernicio-

2193 590 2442 664 ἀντεῖχον
2500 590 2655 656 τέως,
2712 592 2779 645 τὰ
2835 590 3065 645 πλεῖστα
3126 592 3218 663 μὲν
3277 593 3366 646 καὶ
3424 591 3475 663 ἐξ
3507 594 3731 660 ἑαυτῶν,
3762 597 3829 665 ἦν

2190 675 2236 732 δ’
2263 677 2326 732 αὖ
2373 679 2461 733 καὶ
2490 678 2715 733 πολλῶν
2760 678 3185 752 ἐπεισφρούντων
3232 684 3341 734 τῶν
3384 679 3633 736 ἐναντίων
3689 681 3835 753 δῆλα

2187 766 2417 829 τιθέντες
2451 771 2528 838 τῷ
2569 768 2823 841 ἡμετέρῳ
2872 768 3230 841 στρατεύματι
3261 770 3349 823 καὶ
3385 769 3656 845 ἄπρακτον
3687 771 3834 827 πολ-

2191 854 2347 917 λάκις
2375 857 2476 925 τήν
2510 855 2721 910 ἐκιίνων
2752 856 3091 911 ἐπισῦστασιν
3138 859 3517 919 καθιστῶντες.
3553 858 3655 914 Καὶ
3683 857 3831 915 ταῦτ’

2186 943 2321 1010 ἦσαν
2359 940 2465 1007 ἕως
2489 942 2728 998 ἐδίδοντο
2762 944 2917 1019 ῥόγαι
2962 951 3177 1021 καιροῖς
3218 945 3540 1018 ὡρισμένοις
3580 946 3717 1001 κατὰ
3765 949 3829 1002 τὸ

2187 1042 2432 1100 συνηθες.
2464 1030 2618 1098 Πλὴν
2654 1031 3012 1109 ιρυλάσσεσθκι
3059 1034 3222 1104 μόνον
3268 1034 3335 1100 ἦν
3367 1034 3427 1088 τὸ
3457 1035 3624 1089 κακὸν
3654 1035 3829 1106 ἐπιὸν,

2183 1120 2270 1173 καὶ
2330 1121 2404 1192 μὴ
2464 1126 2809 1196 προσχωρεῖν
2872 1126 3003 1197 σφᾶς
3059 1119 3135 1175 ἔτι
3193 1120 3333 1194 μηδὲ
3390 1131 3827 1198 περιγίγνεσθαι,

2189 1203 2315 1278 μηδ’
2366 1207 2562 1269 αὐτοὺς
2615 1214 2794 1278 ζητεῖν
2853 1213 3053 1263 κακοῦν
3111 1211 3209 1276 τὴν
3265 1209 3478 1264 ἐκείνων
3536 1212 3827 1285 καταστρέ-

2183 1297 2399 1367 ψαντας,
2448 1294 2574 1349 ἀλλ’
2623 1296 2842 1357 ἑαυτοὺς
2873 1303 3153 1371 συντηρεῖν
3205 1296 3290 1351 ἐπὶ
3336 1304 3437 1366 τῆς
3487 1298 3688 1360 οἰκείας
3733 1300 3830 1371 μέ-

2180 1402 2388 1449 νοντας,
2446 1384 2518 1444 ὡς
2578 1385 2942 1458 μαχουμένων
3004 1386 3120 1458 μὲν,
3174 1386 3261 1439 ὅτε
3311 1385 3506 1440 ἐκεῖνοι
3539 1386 3627 1440 ἐπὶ
3663 1386 3825 1459 μέσυυ

2179 1471 2275 1536 τῆς
2323 1471 2592 1545 ἡμετέρας
2639 1472 2729 1524 τὸν
2788 1471 3036 1545 πόλεμον
3089 1472 3431 1548 έξενέγκαιεν,
3482 1475 3558 1545 μὴ
3611 1493 3825 1548 μαχου-

2183 1558 2357 1628 μένων
2414 1555 2491 1625 δὲ,
2553 1557 2603 1613 εἷ’
2657 1560 2732 1631 μή
2786 1558 2979 1613 ἐκεῖνοι
3010 1560 3216 1614 θέλοιεν
3249 1558 3536 1632 πολεμεῖν.
3590 1562 3736 1616 Ἐπεὶ
3767 1558 3827 1615 δὲ

2177 1646 2264 1699 καὶ
2298 1645 2420 1720 περὶ
2451 1646 2643 1708 ταύτας
2676 1648 2727 1701 οἱ
2776 1649 3035 1723 ἄρχοντες
3080 1648 3530 1724 ἐγλισχρεύοντο,
3576 1649 3667 1703 καὶ
3728 1650 3823 1721 μό-

2177 1730 2266 1795 λις
2292 1734 2382 1788 καὶ
2417 1734 2760 1809 ὑπερήμερον
2799 1736 2888 1790 καὶ
2938 1738 3084 1808 παρὰ
3139 1737 3201 1790 τὸ
3255 1738 3487 1812 ἀρχαῖοε
3549 1743 3697 1810 μεῖον
3754 1740 3822 1806 ἦν

2102 1821 2239 1922 Βιὸ
2296 1820 2606 1896 διδόμενον,
2652 1823 2734 1901 ἐφ’
2788 1825 2936 1899 ᾧπερ
2996 1825 3085 1880 καὶ
3143 1826 3197 1880 οἱ
3250 1828 3387 1881 κατὰ
3440 1825 3664 1900 καιροὺς
3712 1830 3818 1880 τῶν

2180 1915 2593 1985 στρατευμάτων
2642 1913 2904 1987 ἡγεμόνες
2959 1913 3177 1987 μερίτας
3210 1912 3269 1968 ἐκ
3313 1912 3647 1986 κλεμμάτων
3697 1914 3823 1967 ἑαυ-

2175 1998 2303 2062 τοὺς
2330 1998 2568 2074 εἰσῆγον,
2619 1998 2872 2054 ἀπώλετο
2928 2001 3024 2072 μὲν
3070 2001 3104 2070 ἠ
3155 1999 3372 2070 πληθὺς
3420 2000 3659 2068 ἐκείνων,
3707 2004 3812 2054 τῶν

2181 2086 2276 2158 μὲν
2305 2084 2457 2162 ἔργον
2506 2087 2777 2162 μαχαίρας
2822 2089 3146 2162 γεγονότων,
3194 2092 3301 2143 τῶν
3336 2086 3392 2143 δὲ
3433 2089 3521 2143 καὶ
3551 2107 3821 2163 προσχω-

2178 2173 2454 2249 ρησάντων
2481 2180 2600 2237 τοῖς
2630 2175 2918 2243 ἐναντίοις,
2965 2174 3150 2230 ἄλλων
3185 2173 3242 2230 δὶ
3280 2177 3370 2231 καὶ
3401 2175 3657 2251 ἀλλαχοῦ
3685 2197 3815 2248 που,

2175 2261 2288 2316 ἐπεὶ
2339 2261 2438 2316 οὐκ
2492 2263 2558 2331 ἧν
2618 2261 2787 2317 ἐκεῖσε
2825 2264 3203 2341 ,προσμένουσι
3252 2265 3454 2341 φευκτὰ
3500 2264 3568 2318 τὰ
3624 2261 3815 2334 δεινὰ,

2181 2348 2616 2423 μετοικησάντων
2666 2350 2755 2405 καὶ
2806 2334 2878 2412 ώς
2912 2352 3065 2426 εἶχον
3115 2349 3477 2429 διαγαγόντων
3525 2353 3619 2406 τὸν
3672 2351 3816 2427 βίον,

2174 2439 2309 2493 κατᾶ
2336 2437 2553 2507 πολλὴν
2588 2436 2644 2494 δὲ
2671 2442 2766 2493 τοῦ
2794 2438 3139 2500 κωλύσοντος
3185 2439 3419 2515 ἐρημίαν
3465 2441 3728 2515 κατέσχον
3761 2441 3817 2494 οἱ

2176 2526 2404 2582 ἐναντίοι
2455 2527 2523 2581 τὰ
2579 2526 2934 2602 ὀχυρώματα,
2994 2527 3043 2597 ἐξ
3096 2529 3169 2582 ὧν
3200 2529 3289 2583 καί
3321 2526 3671 2603 κατατρέχειν
3707 2528 3817 2583 οἷοί

2172 2616 2220 2670 τ’
2275 2617 2429 2685 ἦσαν,
2489 2616 2675 2677 ὁσάκις
2722 2616 2789 2684 ἦν
2849 2615 3033 2679 αὐτοῖς
3082 2615 3461 2691 βουλομένυις,
3493 2618 3582 2671 καὶ
3636 2621 3819 2678 κακῶς

2174 2708 2350 2758 ποιεῖν
2383 2704 2490 2778 οὐχ
2546 2703 2696 2764 ὅπως
2750 2703 2877 2765 τοὺς
2906 2704 3271 2779 προσχώρους
3322 2709 3505 2777 (τοῦτο
3533 2705 3633 2781 γὰρ
3663 2707 3814 2779 εἶχον

2174 2792 2437 2863 αὐτόθεν),
2467 2790 2611 2847 ἀλλᾶ
2633 2791 2722 2846 καὶ
2754 2792 2826 2846 ὧν
2855 2791 2908 2853 ἐς
2934 2793 3140 2867 μακρὰν
3172 2793 3423 2866 ἀπεῖχον.
3456 2795 3589 2855 Τοῖς
3621 2790 3678 2847 δὲ
3706 2797 3816 2847 τῶν

2175 2878 2457 2952 Ῥωμαίων
2509 2879 2899 2953 στρατεύμασιν
2962 2879 3231 2954 ἀσχολίιον
3282 2886 3550 2957 παρεῖχον
3603 2881 3666 2935 οὐ
3718 2882 3819 2950 τὴν

2174 3100 2928 3171 quotidianisvalentiorum
2953 3099 3275 3157 insultibus
3292 3101 3454 3157 fracti
3477 3102 3817 3157 desererent

424 3209 557 3247 sum
587 3200 792 3247 eventu
817 3193 1274 3263 deprehensum,
1307 3208 1441 3246 cum
1470 3193 1594 3263 ipse
1623 3189 1762 3245 utile
1790 3193 2019 3261 putaret
2043 3205 2057 3256 ;
2090 3207 2132 3271 ρ
2173 3188 2558 3259 hostibusque
2589 3189 2886 3255 dederent,
2910 3189 3033 3243 sola
3055 3190 3353 3260 prohibuit
3382 3190 3809 3260 stipendiorum

422 3296 605 3351 eoque
636 3282 900 3351 probato,
929 3287 1235 3336 exsecutor
1264 3280 1389 3351 ipse
1420 3279 1638 3334 missus
1668 3285 1757 3333 est
1786 3277 1887 3348 qui
1925 3293 2060 3341 sua-

426 3371 599 3423 serat.
633 3369 819 3431 Quare
852 3369 903 3424 is
932 3367 1193 3423 celeriter
1224 3370 1280 3423 in
1336 3367 1468 3422 illas
1517 3365 1825 3421 Orientalis
1854 3363 2061 3418 limitis

420 3455 715 3524 profectus
772 3471 953 3523 arces,
985 3471 1115 3509 cum
1181 3455 1458 3525 degentes
1516 3453 1574 3506 in
1624 3452 1694 3506 iis
1750 3451 2061 3522 reperisset

428 3540 750 3612 praadivites
783 3542 1049 3597 homines
1073 3542 1399 3597 latifundiis
1452 3557 1747 3611 agrorum,
1780 3554 2055 3610 gregum-

422 3646 537 3699 que
567 3634 744 3699 atque
774 3637 1170 3685 armentorum
1194 3630 1528 3700 provenitus
1549 3627 1881 3699 opulentos,
1905 3624 2058 3680 mili-

417 3717 529 3773 tari
552 3732 731 3771 censu
765 3717 966 3772 babito
998 3718 1259 3788 initaque
1282 3716 1536 3788 pecuniis
1567 3717 1852 3786 cujusque
1894 3730 2055 3769 sum-

421 3822 539 3871 ma,
572 3805 935 3874 stipendium
969 3805 1221 3876 singulis
1243 3821 1618 3860 nummorum
1667 3802 2056 3875 quadraginta

419 3891 740 3957 constituit,
775 3895 926 3962 quod
960 3894 1252 3964 reliquum
1274 3900 1417 3959 erat,
1439 3892 1604 3963 pretii
1635 3908 1750 3945 non
1785 3889 1966 3960 parvi,
1987 3905 2055 3943 ex

422 3979 638 4034 annuis
668 3979 903 4036 illorum
936 3986 1226 4036 tractuum
1285 3979 1686 4050 vectigalibus,
1723 3979 1858 4032 fisco
1890 3977 2053 4031 dein-

413 4082 549 4135 ceps
581 4067 851 4139 praecepit
881 4070 1064 4125 reddi.
1099 4070 1246 4124 Hinc
1278 4069 1467 4124 evenit
1500 4068 1753 4139 primum
1785 4065 2053 4136 utprzssi-

418 4153 609 4224 diarii,
644 4173 770 4225 qua
798 4156 1038 4212 minime
1086 4159 1407 4211 timuerant
1441 4157 1617 4223 passi,
1646 4155 2052 4223 frangerentur

413 4242 609 4297 animo
640 4248 697 4298 et
727 4248 1026 4315 antiquam
1060 4245 1417 4300 alacritatem
1443 4243 1694 4298 bellandi
1722 4243 2048 4312 perderent,

410 4344 679 4401 moxque,
715 4333 892 4398 utﬁt,
925 4333 1169 4387 minutis
1218 4332 1399 4402 copiis
1454 4330 1639 4385 multo
1695 4329 2048 4385 inﬁrmiores

406 4418 806 4474 redderentur.

490 4559 546 4614 6.
573 4560 638 4616 Ut
664 4561 844 4616 Persae
872 4562 1192 4629 occuparint
1220 4560 1461 4618 Romani
1499 4558 1691 4614 limitis
1725 4566 1950 4614 montes.

487 4684 746 4739 Posthazc
767 4686 906 4741 viris
929 4686 1175 4741 fortibus
1198 4685 1349 4739 inter
1369 4684 1592 4750 Persas,
1612 4681 1827 4753 quibus
1848 4682 2041 4738 omnis

407 4776 632 4833 vivendi
666 4791 801 4845 spes
825 4781 883 4829 et
911 4774 1165 4829 conditio
1187 4776 1256 4827 in
1289 4772 1467 4828 armis
1518 4776 1660 4834 erat,
1692 4770 1915 4825 caeteris
1946 4771 2039 4824 in-

406 4864 638 4920 clinatis
670 4864 740 4919 ad
773 4862 1086 4925 Tocharos,
1118 4861 1219 4931 qui
1252 4877 1437 4931 nuper
1489 4858 1803 4930 imperium
1834 4858 2036 4914 Persa-

405 4969 535 5009 rum
562 4955 938 5021 occuparant,
962 4948 1404 5015 rebellantibus,
1426 4949 1620 5003 visum
1642 4954 2035 5017 opportunum

401 5046 489 5096 est
517 5041 780 5109 refugere
802 5039 901 5094 I9
944 5040 1014 5093 ad
1050 5038 1304 5093 claustra
1329 5036 1684 5106 castellaque
1721 5036 2031 5101 montium,

401 5135 459 5184 et
488 5129 624 5185 inde
653 5128 842 5183 vicina
872 5127 1226 5182 incursando
1257 5129 1426 5194 raptu
1460 5140 1526 5178 ac
1572 5123 1782 5193 praedis
1814 5123 2031 5179 victum

401 5232 680 5289 quaerere.
712 5218 770 5270 Id
804 5216 1110 5275 consilium
1141 5230 1251 5284 quo
1282 5209 1636 5267 exsecutioni
1668 5210 2031 5279 mandarent,

401 5310 798 5361 convenerunt
830 5302 1089 5374 plurimi,
1112 5301 1409 5371 vilidaque
1437 5297 1764 5368 Iidentidem
1788 5298 2033 5352 conflata

403 5410 580 5448 manu
612 5392 960 5448 infirmiores
988 5393 1107 5459 jam
1135 5395 1366 5445 nostros
1397 5392 1535 5441 sunt
1560 5384 1765 5451 adorti,
1799 5392 1853 5439 ct
1884 5402 2030 5456 pau-

407 5482 571 5537 latim
625 5478 1131 5536 circumveniendo
1190 5481 1396 5530 tenues
1455 5473 1663 5545 opibus
1719 5484 1774 5527 et
1823 5474 2029 5544 prioris

397 5574 561 5642 parte
589 5569 743 5623 haud
771 5568 995 5622 modica
1015 5563 1283 5637 potentias
1304 5563 1613 5618 destitutos
1646 5559 1809 5616 facile
1829 5578 2027 5634 coege-

399 5662 539 5714 iunt
567 5657 676 5713 sibi
710 5656 930 5713 cedere.
957 5655 1027 5710 Et
1048 5668 1210 5710 arces
1232 5651 1468 5722 quidem
1499 5650 1660 5723 ipsas
1690 5666 1804 5721 quo
1836 5650 2029 5707 minus

2172 3279 2243 3331 ab
2268 3277 2616 3347 imperatore
2634 3276 2867 3342 solutio,
2891 3284 3131 3332 eatenus
3153 3278 3299 3334 satis
3319 3283 3475 3333 certa
3499 3278 3615 3333 ﬁde
3634 3279 3806 3334 iacta.

2167 3366 2308 3419 Cum
2387 3364 2542 3419 enim
2570 3365 2801 3435 propria
2855 3366 2976 3432 jam
3000 3382 3115 3420 non
3146 3366 3425 3421 haberent
3446 3382 3572 3435 qum
3606 3367 3808 3421 defen-

2167 3453 2390 3517 derent,
2422 3452 2543 3507 solo
2575 3451 2671 3507 illo
2711 3457 2863 3507 recte
2891 3454 3182 3507 numerati
3236 3454 3512 3524 stipendii
3569 3454 3801 3510 vinculo

2166 3546 2465 3609 utcunque
2490 3540 2546 3593 in
2582 3540 2772 3594 officio
2795 3540 3267 3607 continebantur,
3299 3547 3542 3597 eatenus
3573 3547 3797 3598 tantum

2165 3634 2226 3681 ut
2258 3632 2459 3682 contra
2490 3635 2895 3697 oppugnantes
2926 3645 2957 3683 e
2981 3628 3167 3683 vicino
3200 3629 3403 3684 Persas
3464 3647 3797 3701 propugna-

2150 3714 2295 3777 cula
2323 3714 2681 3785 castellaque
2731 3720 3067 3784 tuerentur;
3102 3733 3168 3771 ac
3198 3715 3247 3771 si
3294 3717 3530 3785 quando
3592 3719 3798 3790 majori

2162 3818 2230 3857 ea
2272 3802 2324 3855 vi
2388 3802 2572 3856 Persia
2630 3809 2905 3858 coeuntes
2963 3804 3352 3871 adorirentur,
3386 3806 3716 3860 necessaria
3770 3823 3801 3861 e

2160 3895 2496 3945 nostrorum
2537 3891 2744 3945 castris
2775 3889 2992 3946 auxilia
3033 3897 3358 3960 evocarent,
3399 3892 3615 3962 quibus
3648 3910 3801 3964 saepe

2158 3981 2217 4034 in
2266 3986 2525 4050 tempore
2572 3981 2754 4049 adjuti
2816 3988 3057 4036 conatus
3102 3982 3359 4037 hostium
3417 3984 3797 4039 reddiderunt

2155 4067 2370 4122 irritos.
2405 4068 2515 4122 Res
2545 4084 2610 4123 eo
2637 4068 2759 4124 loco
2793 4070 3046 4137 fuerunt,
3071 4070 3352 4139 quamdiu
3385 4078 3797 4140 processerunt

2155 4171 2221 4209 ex
2244 4155 2611 4223 imperatoris
2632 4157 2767 4210 lisco
2791 4157 2961 4210 statis
2980 4156 3359 4225 pensionibus
3380 4164 3794 4228 repraesentata

2155 4243 2445 4311 stipendia
2474 4244 2544 4297 de
2587 4260 2763 4298 more.
2794 4244 2933 4299 Toto
2976 4245 3129 4299 enim
3164 4244 3261 4300 illo
3298 4250 3560 4315 tempore
3593 4247 3788 4317 praesi—

2153 4330 2322 4385 diarii
2356 4347 2469 4385 non
2491 4331 2721 4401 quidem
2754 4338 2819 4386 ut
2839 4333 3138 4402 quondam
3167 4333 3339 4404 longe
3362 4333 3791 4389 submovebant

2151 4418 2357 4474 Persas
2387 4423 2444 4473 et
2472 4420 2687 4475 damna
2719 4419 2864 4490 ipsis
2903 4420 3282 4490 reponebant,
3320 4427 3697 4477 excurrentes
3726 4422 3783 4476 in

2150 4510 2335 4562 terras
2366 4514 2659 4569 eorum,et
2689 4507 2925 4563 illorum
2948 4524 3119 4578 agros
3151 4509 3533 4580 regionesque
3560 4516 3787 4566 vastan-

2070 4560 2117 4623 D
2146 4599 2273 4650 tes:
2308 4601 2522 4661 tamen,
2571 4560 2633 4649 ut
2661 4595 2803 4659 dixi,
2853 4560 3354 4651 locaoobtinebaut
3390 4560 3538 4668 ipsis
3568 4600 3788 4654 credita

2150 4683 2474 4753 castrisque
2515 4700 2579 4738 ac
2609 4683 2755 4738 vallo
2788 4684 2973 4740 clausi
2999 4685 3222 4740 fortiter
3252 4684 3571 4740 obstabant
3599 4702 3783 4757 oppu-

2147 4771 2482 4839 gnantibus,
2508 4772 2877 4827 cessantibus
2898 4777 2955 4828 et
2975 4773 3272 4843 negotium
3301 4790 3415 4827 non
3442 4774 3784 4829 facessenti-

2148 4859 2257 4914 bus
2270 4863 2338 4913 de
2352 4864 2555 4914 caetero
2568 4876 2683 4914 non
2698 4861 2948 4916 molesti.
2965 4864 3037 4916 At
3050 4866 3358 4932 postquam
3374 4861 3609 4931 parcius
3622 4862 3783 4917 dein-

2145 4949 2213 5001 de
2226 4963 2291 5001 ac
2304 4947 2619 5017 malignius
2636 4948 3234 5020 cmperuntstipendia
3250 4949 3583 5020 persolvi,et
3595 4965 3782 5021 neque

2144 5035 2215 5089 ad
2250 5034 2399 5088 diem
2436 5052 2623 5105 neque
2654 5037 2755 5091 20
2790 5036 2909 5105 pari
2940 5054 3004 5090 ac
3039 5037 3200 5107 prius
3249 5053 3482 5092 summa
3517 5038 3777 5108 pecuniae

2145 5121 2429 5177 militibus
2462 5124 2896 5190 numerabatur,
2932 5123 3253 5194 quinetiam
3288 5122 3455 5179 missi
3509 5140 3575 5179 eo
3607 5126 3777 5179 certis

2139 5209 2461 5265 intervallis
2491 5212 2670 5267 duces
2690 5212 3047 5267 exercituum
3083 5212 3286 5284 praedae
3308 5228 3375 5265 ex
3407 5210 3574 5267 hoste
3604 5216 3775 5282 partae

2140 5296 2421 5352 divisores
2453 5314 2513 5352 se
2558 5300 3008 5366 constituerunt,
3055 5305 3216 5371 parte
3259 5298 3526 5355 videlicet
3570 5299 3773 5371 majori

2140 5384 2251 5440 sibi
2277 5385 2419 5455 ipsis
2436 5393 2694 5457 excepta,
2714 5388 3111 5443 Romanorum
3138 5388 3304 5442 illum
3329 5386 3578 5443 limitem
3604 5392 3770 5443 tuen-

2137 5475 2283 5527 tium
2320 5474 2640 5529 multitudo
2680 5476 2836 5530 varie
2866 5476 3095 5545 dilapsa
3145 5480 3615 5547 consumptaque
3661 5480 3766 5543 est,

2140 5561 2432 5632 plerisque
2451 5562 2637 5630 cassis,
2663 5563 2868 5618 multis
2890 5580 3006 5633 qua
3022 5564 3075 5617 vi
3108 5581 3223 5636 qua
3246 5570 3448 5618 coacta
3476 5563 3767 5618 deditione

2136 5649 2287 5706 hosti
2347 5651 2646 5721 subjectis.
2692 5650 2783 5705 Sic
2843 5652 3077 5707 domum
3135 5667 3297 5707 arces
3343 5650 3405 5707 in
3460 5650 3763 5706 Persarum
