4182 6286
353 359 456 413 453

1427 358 1525 437 DE
1561 355 1932 410 MICHAELE
1968 351 2410 407 PALEOLOGO
2447 355 2578 407 LIB.
2619 357 2663 408 Ι.

3636 352 3741 408 454

346 485 645 557 τυχοῦσαν,
701 479 835 553 πρὸς
894 478 1131 541 ἐκείνους
1184 477 1262 556 ἐφ’
1319 479 1466 553 ᾧπερ
1526 476 1771 550 ἐπισχεῖν
1825 474 1876 536 ἐς
1910 473 2400 547 ἀεὶΑπρονόμιον
2450 475 2590 549 εἶχεν
2651 473 2707 528 ἐκ
2763 475 2998 530 παλαιοῦ
3058 477 3133 537 εἰς
3198 481 3387 551 χεῖρας
3441 475 3588 549 ἄγειν
3647 477 3737 531 τὸν

348 568 596 645 ῥέπουσι,
657 568 748 622 καὶ
804 572 911 621 τῶν
955 565 1140 620 ἄλλων
1176 565 1462 643 ἀφεμένοις
1495 565 1596 619 οὐκ
1624 563 1817 637 ὀλίγης
1850 582 1993 636 XM-

351 657 552 726 ζόντων
585 655 922 730 ἐπικουρίας,
966 655 1056 708 καὶ
1095 654 1307 725 μᾶλλον
1349 658 1456 707 τῶν
1491 653 1628 728 πρὸς
1659 650 1833 718 δύσιν,
1864 648 1896 702 ἃ
1928 649 1992 718 δη

346 746 435 799 καὶ
488 742 829 806 κενωθέντων
886 746 992 794 τῶν
1046 739 1380 796 ἀνατολικῶν
1433 742 1602 794 ἐκεῖσε
1646 740 1843 808 τάξεων
1892 739 1996 812 πρὸ

349 833 548 894 τέλους
686 832 854 886 ταῦτα
883 830 1128 905 γενέσθαι
1166 833 1239 903 μὴ
1274 833 1355 884 ὅτι
1390 852 1453 904 γε
1481 831 1547 884 τά
1577 829 1684 900 ἑῷα
1732 833 1996 902 προσεξη-

359 922 544 993 μίουν,
579 919 724 974 ἀλλὰ
750 920 836 973 καὶ
870 921 987 972 κατ’
1033 919 1171 972 αὐτὰ
1201 917 1416 991 ἀπόρως
1455 920 1602 992 εἶχον
1629 921 1734 970 τῶν
1771 915 1998 969 δυτιγῶν

355 1011 490 1064 ποτε
523 1010 618 1080 μέν
649 1008 728 1084 ἐφ’
771 1010 941 1079 ἡμᾶς,
968 1007 1102 1060 ποτε
1133 1003 1179 1059 δ’
1211 1005 1293 1060 ἐπ’
1342 1005 1576 1066 ἐκείνους
1628 1004 1997 1080 τρεπομένων,

359 1099 450 1150 καὶ
480 1101 549 1169 τῇ
592 1103 691 1164 τῆς
723 1097 951 1169 γνώμης
979 1093 1203 1164 ἀστασίᾳ
1230 1089 1423 1166 τριϐὴν
1469 1093 1838 1165 ἐμποιούντων
1884 1097 1998 1152 τοῖς

363 1183 739 1258 ἀμφοτέροις,
795 1183 867 1242 ὡς
924 1181 1207 1253 παρόντων
1271 1183 1364 1252 μὶν
1419 1186 1535 1234 τῶκ
1589 1181 1998 1252 στρατευμάτων

364 1271 539 1346 χωρίς
598 1269 905 1323 ὑποκλίνειν
966 1269 1222 1341 ἀνάγκης,
1273 1268 1567 1341 ἀνακωχῆς
1613 1265 1669 1320 δὲ
1709 1267 2002 1340 γενομένης

355 1360 442 1414 ἐπὶ
502 1359 731 1430 σμικρὸν
784 1357 919 1430 πρὸς
977 1357 1170 1429 θάτερα
1229 1355 1380 1416 αὖθις
1439 1354 1640 1432 ῥαδίως
1695 1356 1995 1429 τρέπεσθαι.

354 1448 400 1502 εἰ
463 1447 624 1518 μόνον
676 1444 807 1499 ἷ¹οιεν
845 1447 958 1516 μεθ’
991 1443 1178 1499 ὅπλων
1215 1444 1298 1499 ἐπ’
1327 1444 1543 1506 αὐτούς.
1579 1445 1736 1501 Οὕτω
1769 1444 1816 1498 δ’
1841 1440 2004 1518 ἐχόν-

351 1557 458 1590 των
488 1536 595 1589 τῶν
625 1541 724 1602 τῆς
754 1535 1027 1600 ἀνατολῆς
1077 1534 1158 1605 [Ρ.
1198 1535 1281 1605 10]
1332 1533 1421 1586 καὶ
1453 1531 1593 1586 οὕτω
1650 1537 1756 1586 τῶν
1808 1529 2006 1606 δυσχε-

351 1627 459 1696 ρῶν
518 1620 805 1690 ἐπιόντων,
865 1618 918 1681 ἐς
973 1620 1002 1672 ’ὀ
1058 1621 1238 1693 τύχης
1293 1618 1512 1692 ὕστερον
1559 1619 1625 1673 τά
1654 1621 1795 1673 κεῖθι
1828 1621 2006 1694 πράγ-

355 1730 495 1782 ματα
549 1703 868 1781 προῦϐησαν
925 1707 1139 1769 ἐσαῦθις
1198 1708 1422 1782 ἐροῦμεν
1460 1751 1473 1775 ,
1541 1706 1859 1782 προσθέντες
1915 1716 2006 1768 καὶ

2101 559 2297 636 ἔχοντα
2325 566 2486 616 τοῦτο
2548 565 2681 617 ἅπαν
2741 565 2802 618 τὸ
2857 564 2907 634 ἐξ
2965 565 3189 620 Ἰταλῶν
3237 566 3622 639 στρατιωτικὸν
3651 566 3738 619 καὶ

2103 650 2371 721 ὑπήκοον)
2429 649 2670 713 ὕποπτος
2733 653 2827 723 μὲν
2889 652 2962 713 εἷς
3026 652 3301 726 βασιλείαν
3353 653 3433 706 ἀεί
3495 656 3615 708 ποτ’
3671 653 3739 721 ἦν

2100 738 2188 790 καὶ
2243 735 2432 808 δῆλος,
2492 739 2541 807 ἐξ
2599 740 2670 792 ὠν
2728 741 3153 812 ὑποκαθημένων
3208 739 3740 815 εὗχε,νεωτερίσων,

2103 825 2147 879 εἰ
2203 830 2392 898 καιροῦ
2424 823 2680 897 λάϐηται,
2734 830 2799 882 τά
2860 831 3022 882 πιστά
3081 827 3135 882 δὲ
3193 826 3318 890 δοὺς
3380 835 3459 900 τῷ
3488 835 3581 883 τοῦ
3612 851 3740 905 κραο

2100 918 2320 974 τοῦντος
2380 917 2540 987 πατρὶ
2593 916 2879 991 ἀσφαλέσιν
2942 920 3147 990 ὅρκοις,
3203 918 3289 971 καὶ
3325 915 3390 985 δὴ
3431 919 3518 971 καὶ
3551 919 3743 992 ἀρχιε-

2105 1005 2343 1072 ρατικαῖς
2443 1000 2773 1072 ἐμπεδωθεὶς

2104 1088 2303 1142 ἐκεῖνον
2364 1089 2516 1163 ἀραῖς
2545 1135 2558 1154 ,

3330 1010 3436 1060 τῶν

2618 1091 2670 1144 εἶ’
2720 1113 2825 1144 που
2881 1093 2969 1146 καὶ
3037 1094 3356 1148 ἀποστατεῖν
3416 1101 3739 1169 προαιροῖτο

2101 1175 2191 1229 καὶ
2269 1175 2507 1230 δυσνοεῖν
2564 1178 2709 1239 ὅλως
2776 1186 2892 1240 τοῖς
2952 1181 3326 1254 βασιλεύουσιν
3365 1225 3376 1237 .

2869 1005 3250 1080 άφοριζοόσαις
3330 1010 3436 1060 τῶν
3534 1027 3738 1060 πιστων

3439 1182 3536 1235 Καὶ
3592 1185 3738 1236 ταῦτ’

2105 1263 2439 1338 ἐπράττετο,
2497 1265 2585 1319 ὅτε
2639 1268 2736 1335 τὴν
2794 1272 2897 1320 τῶν
2956 1265 3183 1322 ’δυτικῶν
3244 1268 3738 1342 ἐμπεπιστευμένος

2104 1353 2247 1425 παρᾶ
2291 1357 2388 1405 τοῦ
2424 1353 2691 1426 βασιλέως
2722 1355 2896 1428 ἀρχὴν
2934 1355 3105 1410 αἰτίαν
3157 1353 3284 1431 ἔσχε
3330 1363 3425 1411 τοῦ
3475 1362 3742 1428 συνθήκας

2104 1443 2276 1492 ποιεῖν
2329 1437 2396 1492 δι’
2429 1440 2750 1515 ἀπορρήτων
2808 1444 2942 1516 πρὸς
2970 1445 3059 1497 τὸν
3115 1442 3380 1513 δεσπότην
3427 1450 3533 1500 τῶν
3587 1444 3740 1501 δυτι-

2105 1531 2214 1580 κῶν
2250 1527 2480 1602 Μιχαὴλ
2524 1529 2614 1582 τὸν
2665 1530 2947 1604 Ἄγγελον,
3004 1531 3084 1608 ἐφ’
3143 1534 3188 1604 ᾧ
3236 1541 3594 1608 κατεγγυῆσαι
3653 1535 3744 1588 τὸν

2109 1611 2374 1684 δεσπότην
2421 1615 2602 1687 ἐκείνῳ
2649 1619 2746 1685 τήν
2801 1615 2933 1672 ῗδίαν
2981 1617 3146 1674 παῖδα
3174 1621 3308 1694 πρὸς
3336 1621 3532 1695 γάμον,
3587 1621 3741 1676 αὐτὸν

2112 1698 2168 1754 δέ
2223 1699 2554 1775 παραδοῦναι
2610 1706 2707 1772 τὴν
2766 1709 2860 1759 τοῦ
2917 1706 3184 1781 βασιλέως
3235 1709 3447 1783 χώραν,
3506 1708 3593 1764 καὶ
3657 1710 3742 1764 ὑπ’

349 1798 444 1859 τὰς
498 1797 700 1859 αἰτίας·
764 1797 902 1856 τέως
961 1793 1007 1849 δ’
1065 1794 1155 1849 οὖν
1191 1791 1616 1858 ἐπαναλαϐόντες
1660 1796 1752 1849 τὸν
1813 1792 1998 1870 λόγον,
2031 1831 2076 1892 Β
2112 1788 2296 1860 ἐκείνῳ
2339 1792 2622 1863 γενόμενον
2675 1794 3032 1867 συμπράττειν
3091 1796 3166 1857 ὠς
3220 1797 3360 1858 εἰκὸς
3417 1798 3514 1866 τὴν
3565 1799 3741 1872 ἀρχὴν

395 1881 890 1892 -..._-
1127 1882 1547 1892 ..μη
1696 1884 1716 1892 -
2141 1876 2415 1892 -..,
2637 1881 2649 1892 .
2904 1887 3105 1892 μί,

351 1885 448 1952 τὴν
509 1884 712 1957 ἀρχὴν,
745 1881 796 1952 ἐξ
828 1882 995 1956 οὗπερ
1052 1882 1142 1937 καὶ
1186 1883 1252 1937 οὐ
1303 1889 1486 1956 χεῖρον
1520 1884 1802 1958 ἄρχεσθαι,
1838 1903 1996 1955 μετα-

352 1974 648 2043 στήσομεν,

361 2087 419 2154 ζ“.
460 2088 672 2158 ,Ὅπως
723 2084 837 2158 -έπὶ
917 2083 1191 2158 βασιλέως,
1266 2089 1397 2158 τοῦ-
1435 2084 1690 2158 Ἰωάννου
1765 2084 1853 2140 ἐπὶ
1926 2088 1994 2158 τῇ

431 2156 504 2217 εἷς
596 2141 840 2231 βασιλεῖς
911 2141 1086 2210 πίστει
1302 2155 1685 2231 ΙΙαλαιολόγος
1759 2141 1993 2231 Μιχαὴλ

429 2224 711 2304 κατησφαλ
722 2228 884 2294 ίζετο.

428 2320 569 2391 ’Ήδη
622 2323 714 2393 μέν
773 2321 1237 2396 αὐτοκρατοῦντος
1299 2323 1433 2393 μετὰ
1483 2321 1685 2396 πατέρα
1736 2325 1830 2375 τοῦ
1886 2321 1996 2375 Λά-

363 2430 538 2482 σκαρη
591 2407 892 2482 Θεοδώρου,
938 2410 964 2462 ὁ
1023 2408 1110 2462 ἒ.πί
1157 2411 1380 2483 θυγατρὶ
1433 2409 1759 2482 αὐτανεψίου
1792 2407 1993 2462 ἐκείνου

365 2491 609 2569 γαμϐρὸς
659 2496 685 2548 ὁ
742 2493 1120 2570 Παλαιολὸγος
1179 2493 1410 2569 Μιχαὴλ
1465 2499 1544 2566 τῷ
1599 2499 1693 2549 τοῦ
1754 2494 1993 2569 μεγάλου

363 2579 720 2635 κονοσταύλου
794 2579 1104 2657 διαπρέπων
1182 2581 1449 2654 ἀξιώματι
1529 2582 1612 2654 (τὸ
1679 2580 1724 2635 δ’
1782 2581 1992 2653 ἀξίωμα

354 2801 633 2854 venerunt
665 2801 1006 2870 potestatem
1039 2818 1052 2868 ;
1087 2813 1154 2854 ex
1184 2798 1400 2869 quibus
1429 2803 1802 2869 erumpentes
1855 2815 1988 2869 age-

353 2891 482 2940 rent
512 2886 846 2958 ferrentque
874 2890 1198 2940 Romanum
1232 2885 1476 2940 limitem
1512 2884 1738 2955 quoties
1761 2884 1986 2953 liberet,

353 2974 752 3044 Romanisque
783 2974 1129 3029 exercitibus
1169 2973 1655 3029 molestissimum
1691 2974 1986 3044 negotium

353 3062 695 3134 praeberent,
730 3061 863 3131 alia,
909 3062 1231 3133 praesertim
1289 3063 1347 3116 in
1407 3061 1668 3116 occiduis
1702 3061 1986 3133 partibus,

2102 1882 2180 1949 τῷ
2255 1876 2486 1954 δεσπότῃ
2567 1881 2653 1934 καὶ
2709 1887 2990 1956 πενθερῷ.
3063 1883 3492 1960 Προσαγγελθεῖς
3553 1883 3600 1940 δ’
3655 1886 3742 1941 ἐπὶ

2102 1967 2280 2038 τούτῳ
2331 1967 2466 2042 πρὸς
2517 1967 2740 2040 βασιλέα
2789 1971 2919 2042 πρὸς
2971 1972 3205 2041 οἰκέτην,
3255 1974 3299 2045 ᾧ
3331 1971 3387 2027 δὲ
3431 1975 3518 2028 καὶ
3553 1975 3618 2029 τὰ
3642 1982 3742 2044 τῆς

2109 2053 2352 2128 βουλῆς,
2411 2055 2484 2116 ὡς
2543 2055 2744 2118 ἐκεῖνος
2803 2064 3123 2132 κατηγορῶν
3181 2055 3372 2134 ἔλεγε,
3428 2065 3742 2135 προσανετί-

2105 2154 2224 2205 θετο
2260 2185 2273 2209 ,
2332 2143 2638 2216 ἀνήρπαστό
2688 2164 2746 2198 τε
2801 2147 2899 2212 τὴν
2959 2146 3223 2220 ταχίστην
3262 2149 3590 2223 παραλυοεὶς
3643 2158 3742 2218 τῆς

2104 2230 2303 2304 ἀρχῆς,
2360 2233 2448 2284 καὶ
2492 2235 2558 2304 τῇ
2608 2231 2825 2308 φυλακῇ
2883 2231 3236 2308 σιδηρόδετος
3286 2235 3613 2311 έρριπτεῖτο.
3649 2241 3740 2308 Μή

2105 2315 2279 2386 δήλου
2337 2316 2393 2372 δὲ
2449 2321 2692 2393 γενέσθαι
2751 2319 3051 2392 δυναμένου
3107 2327 3201 2377 τοῧ
3258 2328 3739 2400 κατηγορήματος,

2104 2403 2308 2474 ἄδηλον
2360 2406 2416 2458 ’ὸν
2474 2405 2567 2460 εἴτ’
2601 2409 2858 2475 ἀληῦεῧοι
2893 2410 2920 2462 ὁ
2952 2409 3404 2486 προσαγγέλλων,
3438 2414 3512 2476 ὡς
3541 2413 3741 2477 ἐκεῖνος

2105 2492 2414 2566 ἰσχυρίζετο
2449 2539 2464 2563 ,
2527 2490 2631 2548 εἴτε
2690 2497 3087 2572 συκοφαντοίη,
3147 2499 3222 2559 ὡς
3279 2500 3305 2552 ὁ
3364 2498 3740 2576 Παλαιολόγος

2102 2579 2466 2656 ἆντεπιφὲρων
2524 2579 2742 2654 ἕτοιμος
2798 2584 2860 2652 ἦν
2923 2585 3053 2660 ὑπὶρ
3085 2585 3344 2657 ἀληθείας
3402 2596 3740 2664 μονομαχεῖν

2097 2815 2230 2853 cum
2255 2815 2356 2869 spe
2383 2799 2580 2869 aliqua
2613 2801 2896 2854 tentandae
2927 2805 3255 2870 opportuna
3310 2803 3538 2857 occasio
3587 2820 3734 2874 prte-

2098 2886 2276 2942 beret.
2303 2886 2500 2940 Fidem
2538 2886 2631 2940 ille
2683 2891 2876 2942 tamen
2936 2889 3159 2958 parenti
3197 2888 3571 2959 imperatoris
3627 2891 3724 2945 ﬁr-

2098 2975 2364 3029 missimo
2387 2974 2776 3044 jurejurando
2806 2975 3154 3030 astrinxerat
3186 2994 3198 3031 :
3231 2981 3288 3032 et
3309 2994 3370 3032 se
3393 2978 3565 3048 ultro,
3591 2981 3736 3034 sub-

2090 3061 2301 3130 jiciens
2323 3063 2479 3131 ponti
2493 3063 2744 3116 ficalium
2768 3063 3206 3119 anathematum
3231 3065 3373 3119 diris
3401 3083 3577 3137 quam
3611 3083 3739 3120 ma-

357 3150 732 3221 quantumvis
756 3151 1019 3219 urgentia
1040 3156 1096 3206 et
1117 3167 1224 3220 ope
1246 3149 1333 3203 vel
1367 3149 1615 3204 maxime
1639 3149 1980 3219 indigentia,
2016 3190 2058 3255 C
2097 3149 2249 3202 xime
2274 3149 2602 3214 horrendis,
2633 3151 2680 3204 si
2708 3168 2964 3222 unquam
2991 3157 3090 3206 aut
3111 3153 3352 3207 deficere
3381 3159 3481 3207 aut
3501 3155 3740 3208 omnino

353 3244 419 3293 ut
473 3237 566 3293 his
623 3239 994 3303 obsisterent,
1049 3239 1316 3293 omittere
1373 3237 1607 3292 coactis.
1668 3241 1800 3303 Quae
1859 3242 1983 3292 erat

354 3326 568 3380 misera
594 3333 646 3379 et
669 3325 1000 3396 reipublicae
1059 3327 1345 3380 damnosa
1395 3325 1638 3394 jactatio
1689 3327 1988 3396 copiarum

354 3418 714 3479 nostrarum,
747 3430 901 3468 nunc
926 3432 958 3468 a
979 3414 1191 3480 Persis,
1216 3429 1348 3468 cum
1375 3429 1472 3467 eos
1498 3414 1724 3468 minuto
1749 3430 1991 3468 numero

354 3503 498 3556 citra
519 3518 801 3573 magnum
835 3501 1158 3572 periculum
1200 3501 1489 3556 instantes
1539 3507 1858 3570 cernerent,
1922 3501 1991 3555 ad

357 3591 651 3644 Romanos
690 3605 752 3643 se
802 3590 1286 3654 convertentium,
1348 3606 1556 3643 rursus
1614 3606 1744 3643 cum
1809 3589 1992 3644 redire

358 3678 538 3732 iidem
575 3676 845 3732 fortiores
893 3676 1502 3747 formidolosioresque
1559 3678 1993 3744 nuntiarentur,

360 3782 428 3821 co
463 3765 924 3837 respectantium
959 3769 1197 3836 totaque
1252 3765 1304 3817 vi
1366 3767 1820 3829 occurrentium,
1881 3765 1996 3820 ista

369 3855 625 3926 quadam
657 3852 1066 3908 incertitudine
1123 3853 1500 3908 consiliorum
1562 3869 1626 3906 ac
1685 3853 1998 3908 desultoria

364 3941 774 3998 vicissitudine
804 3940 1058 3996 bellandi
1093 3957 1365 4010 magnam
1401 3941 1650 3995 securim
1701 3941 2000 4012 inﬂigente

364 4030 736 4085 successibus
780 4046 844 4084 ac
894 4029 1282 4100 ttanquilitati
1344 4027 1609 4099 publicae.
1660 4033 1778 4083 Hoc
1844 4034 1999 4084 statu

364 4117 720 4173 Orientalem
753 4134 972 4182 rerum,
1002 4123 1059 4171 et
1097 4117 1154 4170 in
1215 4116 1372 4170 hunc
1405 4116 1640 4170 modum
1679 4116 2000 4186 ingruenti-

361 4208 477 4260 bus
510 4205 787 4268 adversis,
818 4222 933 4277 quo
965 4205 1199 4259 tandem
1235 4221 1325 4258 res
1358 4208 1589 4258 nostras
1637 4205 1871 4258 fortuna
1902 4206 2000 4259 de-

361 4293 624 4360 truserit,
660 4295 932 4365 deinceps
992 4293 1324 4348 narrabitur
1389 4292 1664 4363 expositis
1687 4298 1998 4348 eventuum

363 4382 583 4437 causis.
620 4382 889 4458 Adeo-que
911 4381 1048 4437 hinc
1103 4386 1339 4451 sumpto
1398 4379 1634 4436 exordio
1695 4380 2000 4435 historiam

367 4470 827 4540 nuspicabimur.

2097 3236 2382 3290 dissidere
2413 3238 2484 3290 ab
2517 3237 2971 3306 impecatoribus
3015 3241 3072 3294 in
3115 3241 3378 3295 animum
3438 3241 3742 3298 induceret

2097 3323 2458 3393 persuasisse
2480 3325 2789 3379 videbatur
2812 3343 2872 3380 se
2891 3333 3254 3383 constantem
3285 3330 3342 3383 in
3365 3330 3556 3385 officio
3582 3331 3740 3385 futu-

2100 3428 2228 3465 rum
2263 3431 2276 3479 ;
2311 3429 2441 3466 cum
2475 3413 2806 3468 Occidentis
2843 3417 3248 3483 procuratione
3279 3418 3390 3472 sibi
3423 3419 3495 3471 ab
3555 3418 3737 3489 impe-

2100 3505 2285 3554 ratore
2316 3502 2551 3563 credita,
2608 3501 2887 3557 initarum
2939 3503 3164 3558 occulte
3216 3507 3547 3575 pactionum
3604 3525 3735 3564 cum

2100 3587 2428 3643 Occidentis
2460 3590 2702 3658 despota
2752 3590 3024 3645 Michacle
3090 3593 3308 3662 Angelo
3367 3595 3741 3651 insimulatus

2101 3680 2208 3730 est.
2243 3675 2528 3728 Nimirum
2572 3676 2721 3730 inter
2771 3695 2870 3732 eos
2907 3681 3251 3734 convenisse
3302 3683 3614 3749 ferebatur,
3679 3690 3743 3740 ut

2101 3765 2341 3833 despota
2358 3763 2538 3816 filiam
2561 3764 2946 3833 desponderet
2970 3767 3308 3838 Palaaologo,
3332 3769 3428 3824 ille
3456 3771 3742 3842 vicissim,

2106 3870 2208 3924 pro
2243 3869 2309 3907 ea
2332 3869 2447 3922 qua
2472 3850 2714 3922 polleret
2735 3854 2885 3923 apud
2912 3855 3248 3924 imperatori
3279 3859 3573 3927 subjectas
3599 3876 3742 3931 gen-

2107 3945 2192 3996 tes
2224 3946 2280 3995 et
2311 3942 2461 4011 apud
2486 3940 2802 3995 exercitum
2854 3943 3218 4008 auctoritate,
3251 3946 3473 4000 ambitu
3507 3953 3562 4002 et
3626 3950 3751 4003 suf—

2106 4029 2432 4098 fragatione
2462 4045 2568 4082 suo
2596 4028 2745 4081 viam
2777 4030 2842 4082 ad
2882 4029 3187 4099 imperium
3227 4049 3425 4086 socero
3468 4035 3744 4090 muniret.

2108 4117 2220 4171 Hac
2245 4117 2315 4170 de
2342 4133 2399 4170 re
2433 4117 2581 4185 apud
2617 4115 3025 4186 imperatorem
3063 4135 3164 4188 per
3191 4120 3529 4176 familiarem
3592 4123 3748 4178 dela-

2109 4210 2200 4258 tus
2225 4205 2417 4272 (quem
2453 4203 2634 4257 totius
2663 4203 2912 4270 consilii,
2941 4210 3002 4258 ut
3034 4207 3157 4276 ipse
3183 4211 3510 4264 accusando
3534 4210 3748 4278 aiebat,

2111 4292 2449 4360 participem
2474 4292 2706 4357 fecerat)
2738 4297 3000 4345 actutum
3059 4295 3517 4364 comprehensus
3547 4301 3599 4351 et
3657 4315 3746 4351 re—

2108 4379 2313 4432 dactus
2346 4380 2402 4432 in
2435 4380 2697 4433 ordinem
2751 4381 3093 4450 catenisque
3150 4384 3473 4438 contrictus
3530 4386 3744 4439 carceri

2109 4467 2381 4521 traditur.
2419 4472 2496 4520 Ac
2543 4484 2874 4537 quanquam
2937 4468 3095 4522 nullo
3150 4471 3292 4524 satis
3342 4472 3588 4526 evidenti
3641 4489 3747 4527 ex-

437 4577 490 4628 7_
529 4576 589 4632 Ut
622 4577 933 4646 imperante
961 4575 1187 4643 Joanne,
1212 4575 1499 4630 Michaelis
1526 4573 1844 4646 ραιαωιορί
1873 4575 2001 4643 ,ωδε
2035 4542 2077 4604 D
2110 4559 2301 4608 stante
2320 4555 2461 4646 tanti
2490 4555 2755 4646 criminis
2781 4555 3013 4646 indicis,
3037 4557 3244 4610 merito
3267 4559 3631 4646 dubitaretur
3648 4562 3747 4617 22

699 4645 830 4715 erga
850 4648 1200 4716 imperatores
1227 4647 1445 4715 ﬁrmata
1473 4645 1662 4715 fuerit.

440 4735 533 4790 2]
564 4736 894 4806 Imperante
913 4735 1034 4804 jam
1050 4734 1346 4789 Theodoro
1377 4733 1599 4789 Lascari
1625 4738 1753 4803 post
1777 4737 1993 4802 patrem

368 4824 469 4892 qui
500 4822 677 4877 ﬁliam
710 4822 936 4894 nepotis
979 4822 1106 4891 ejus
1147 4839 1216 4876 ex
1249 4823 1422 4877 fratre
1481 4821 1852 4875 matrimonio
1885 4821 1995 4876 sibi

359 4911 655 4980 junxerat,
684 4910 925 4966 Michael
984 4909 1364 4981 Palmologus,
1421 4907 1618 4979 magni
1675 4909 1996 4963 conostauli

367 4998 652 5072 dignitate
683 5000 1056 5071 conspicuus,
1089 5003 1145 5054 et
1193 4999 1366 5053 istius
1405 4996 1775 5069 magistratus
1819 4997 1996 5052 veteri

359 5087 496 5158 jure
522 5103 587 5141 ac
615 5087 913 5160 privilegio
936 5087 1168 5143 Italicas
1200 5102 1402 5143 omnes
1425 5085 1621 5156 copias
1642 5085 1697 5139 in
1719 5090 1996 5157 potestate

367 5175 612 5243 habens,
648 5191 878 5245 semper
907 5177 1196 5230 obnoxius
1257 5173 1688 5244 suspicionibus
1749 5174 1994 5229 affectati

367 5264 552 5334 regni,
584 5269 716 5319 vota
744 5265 868 5334 ejus
900 5266 1130 5337 generis
1164 5269 1354 5319 mente
1401 5263 1546 5318 clam
1592 5263 1799 5316 intima
1856 5263 1996 5316 sub-

366 5351 618 5408 sidentia
655 5353 874 5409 frustra
907 5353 1034 5424 ipso
1084 5352 1327 5422 celante,
1376 5369 1508 5407 cum
1568 5351 1718 5405 ultro
1767 5350 2000 5404 indiciis

365 5446 754 5512 erumperent,
810 5442 1182 5497 manifestum
1218 5443 1624 5513 argumentum
1680 5439 1996 5510 praebuisse

366 5528 528 5586 visus
559 5535 646 5585 sst
676 5530 1014 5585 ambitionis
1049 5529 1325 5585 inhiantis
1386 5527 1760 5592 novitatibus,
1817 5531 1873 5581 et
1920 5528 1991 5581 ad

366 5617 593 5689 aliquid
643 5620 978 5672 audendum
1041 5624 1423 5687 prorupturis,
1492 5617 1541 5670 si
1602 5633 1662 5669 se
1725 5614 1839 5670 ulla
1917 5616 2050 5687 rei,

2115 4659 2322 4696 verane
2371 4643 2596 4696 delator
2628 4645 2820 4708 ferret,
2847 4647 2908 4695 ut
2938 4643 3061 4711 ipse
3093 4645 3501 4711 contendebat,
3554 4665 3624 4702 an
3659 4665 3751 4702 ca-

2107 4731 2452 4799 lumniatur,
2515 4729 2596 4783 uti
2661 4735 2860 4783 contra
2918 4732 3300 4799 pertendebat
3360 4734 3744 4805 Palasologns,

2105 4823 2372 4889 paratum
2404 4835 2464 4872 se
2495 4816 2775 4871 exhibens
2807 4819 2870 4871 arl
2907 4834 3075 4872 suam
3109 4819 3503 4876 innocentiam
3539 4823 3740 4893 singu-

2105 4907 2244 4960 laris
2276 4905 2611 4960 certaminis
2643 4906 3037 4975 cxperimento
3070 4910 3586 4979 comprobandam,
3619 4928 3747 4982 quae

2106 4995 2415 5047 dubiarum
2433 4991 2868 5046 accusationum
2893 4995 3326 5064 purgandarum
3345 4999 3489 5051 ratio
3506 4999 3748 5069 antiquo

2104 5083 2511 5152 imperatorem
2546 5081 2920 5150 comprobato
2957 5099 3064 5136 usu
3099 5083 3364 5151 invaluit,
3395 5093 3586 5140 tamen
3639 5103 3745 5142 nec

2105 5171 2188 5225 sic
2219 5167 2455 5224 amoleri
2489 5169 2887 5239 suspicionem
2923 5174 3022 5224 aut
3055 5170 3221 5240 plene
3255 5173 3476 5227 diluere
3500 5174 3749 5244 cogitate

2105 5258 2444 5314 defectionis
2475 5259 2694 5313 crimen
2727 5259 2945 5327 valens,
2981 5259 3158 5331 longo
3205 5265 3465 5333 tempore
3519 5262 3749 5317 vinctus

2105 5350 2490 5405 detinebatur.
2517 5350 2776 5419 Cumque
2801 5350 2900 5403 diu
2935 5350 3134 5405 nullus
3156 5356 3310 5406 esset
3339 5351 3440 5422 qui
3474 5369 3577 5422 pro
3626 5357 3746 5408 tam

2105 5442 2372 5508 suspecto
2421 5454 2517 5493 reo
2550 5440 2958 5508 imperatorem
3003 5437 3223 5508 alloqui
3274 5441 3531 5507 auderet,
3573 5441 3748 5494 exsti-

2103 5529 2172 5582 tit
2199 5527 2428 5582 tandem
2459 5531 2599 5582 tunc
2637 5526 3064 5598 patriarchatus
3125 5527 3344 5582 honore
3397 5527 3748 5598 praefulgens

2109 5614 2364 5682 Manuel,
2396 5616 2497 5687 qui
2526 5632 2657 5671 cum
2679 5615 2800 5683 jam
2837 5614 3033 5686 plures
3065 5628 3297 5669 menses
3329 5614 3388 5669 in
3419 5616 3597 5688 Lydia
3631 5632 3748 5671 una
