4182 6286
463 296 570 354 455

466 507 601 564 λιῶν
660 508 890 582 ἀρχαῖον
947 501 1067 568 ἔθος
1124 509 1241 569 τοῖς
1285 504 1621 581 βασιλεῦσιν,
1655 504 1806 577 ὅμως
1834 504 1933 571 τὴν
1972 504 2107 558 ὑπο-

466 595 590 670 ψίαν
648 596 750 650 οὐκ
781 595 896 669 εἶχε
924 591 1305 657 διολισθαίνειν
1333 591 1421 646 καὶ
1468 594 1529 647 τὸ
1584 599 1683 661 τῆς
1731 591 1979 653 ἀπιστίας
2021 587 2106 665 ἕγ-

466 682 660 757 κλημα
715 683 790 747 εἷς
838 680 998 744 τέλος
1077 679 1474 755 διαδιδράσκειν
1509 726 1525 751 ,
1586 677 1715 734 ἀλλ’
1750 729 1757 734 .
1787 677 1870 756 ἐφ’
1924 679 2103 733 ἱκανὸν

468 773 667 849 χρόνον
725 774 793 845 τῇ
852 770 1070 848 φυλακῇ
1127 770 1412 844 κατείχετο
1444 766 1683 841 δέσμιος,
1713 768 1799 822 καὶ
1833 769 1868 836 ἡ
1902 766 2109 840 ὑποψία

438 852 691 937 προσῆν.
752 861 841 920 Ὠς
892 857 937 912 δ’
996 856 1109 913 οὐκ
1146 860 1210 926 ἦν
1276 858 1407 932 ὑπὲρ
1457 855 1661 910 ἐκείνου
1692 853 1861 910 ἄλλον
1892 854 2103 928 τολμᾷν

464 950 555 1004 καὶ
584 941 894 1023 πρεσϐεύειν
950 950 1031 1017 [Ρ.
1066 948 1149 1019 ii]
1190 949 1271 1017 τῷ
1322 942 1558 1020 βασιλεῖ,
1617 944 1645 997 ὁ
1700 940 1957 1013 τηνικάδε
2002 962 2105 996 πα-

460 1036 801 1113 τριαρχεύων
858 1032 1122 1102 Μανουήλ
1170 1032 1255 1087 ἐπὶ
1312 1032 1444 1105 μησὶ
1487 1030 1763 1092 πλείστοις
1808 1027 2103 1104 συνδιάγων

458 1112 597 1181 κατᾶ
646 1120 845 1179 Λυδίαν
902 1126 982 1194 τῷ
1038 1117 1269 1196 βασιλεῖ,
1333 1119 1447 1174 ἐπεὶ
1503 1117 1639 1194 πρὸς
1688 1112 1866 1190 ἕδοξον
1911 1119 1975 1189 ἦν
2015 1117 2104 1171 καὶ

460 1211 631 1279 δῆλος
684 1212 751 1281 ἦν
809 1212 838 1268 6
893 1213 1104 1284 κρατῶν
1163 1206 1299 1282 πρός
1355 1208 1517 1281 χάριν
1574 1207 1752 1261 τελεῖν
1781 1209 1943 1278 τιτῷ
1971 1206 2108 1280 ἱερεῖ

462 1302 961 1376 προθυμούμενος,
1034 1296 1203 1352 αὐτίκ’
1280 1295 1483 1357 ἐκεῖνος
1560 1294 1712 1370 ἀφεὶς
1770 1292 1950 1349 τᾶλλα
2003 1294 2102 1363 τὴν

463 1391 594 1465 ὑπὲρ
651 1392 747 1443 τοῦ
798 1383 1154 1463 σιδηροδέτου
1211 1378 1499 1461 πρεσϐείαν
1558 1382 1792 1458 εἰσῆγε,
1864 1380 1955 1436 καὶ
2032 1382 2107 1446 ὡς

461 1475 963 1555 συκοφαντούμενον
1045 1473 1249 1529 ἱκέτευε
1331 1471 1717 1545 κατοικτείρειν
1833 1492 1858 1524 ε
1932 1468 1999 1524 Εἴ
2057 1467 2104 1523 δ’

460 1567 575 1637 06v,
606 1565 753 1622 ἀλλὰ
805 1566 880 1638 μή
912 1564 1058 1638 παρᾶ
1088 1562 1172 1617 σοὶ
1226 1565 1499 1636 καθαρῶς,
1558 1557 1684 1636 ἔφη,
1729 1561 1825 1627 τῆς
1876 1558 2107 1631 ὑποψίας

458 1659 693 1736 ἀφεῖται,
752 1655 797 1709 ὧ
857 1651 1105 1731 βασιλεῦ,
1163 1650 1290 1707 ἀλλ’
1341 1650 1546 1712 ἐκεῖνος
1600 1649 1663 1703 τὸ
1719 1649 1908 1703 πιστὸν
1944 1645 2102 1702 δώσει

457 1735 593 1821 πρὸς
645 1743 889 1814 τούπιὸν,
948 1742 1043 1803 τὰς
1070 1747 1171 1811 τῆς
1220 1737 1552 1809 Ἐκκλησίας
1608 1737 1900 1815 ἐφ’ἐαυτὸν
1933 1735 2105 1791 ἐπιτι-

463 1837 653 1909 μήσεις
697 1829 1124 1904 καταδεξάμενος
1156 1873 1171 1900 ,
1230 1831 1315 1891 αἷς
1368 1827 1460 1882 καὶ
1520 1824 1669 1900 μάλα
1722 1823 2102 1898 κατεμπεδού-

462 1942 621 1997 μενος
676 1921 765 1976 καὶ
823 1921 952 1975 αὐτὸ
1012 1916 1078 1987 δὴ
1133 1918 1197 1974 τὸ
1253 1914 1647 1992 ἀκατέργαστον
1700 1917 1795 1968 106
1823 1914 1947 1976 νοὸς
1979 1912 2102 1987 περὶ

456 2009 783 2071 ἀποστασίας
816 2007 1074 2080 ἐνθύμιον
1130 2004 1192 2061 ού
1246 2006 1600 2078 προσήσεται,
1660 2000 1805 2057 ἀλλά
1859 2022 1921 2076 γε
1967 2007 2098 2076 Χρι-

455 2098 666 2161 στιανὸς
697 2094 771 2151 ὢν
798 2098 898 2167 τήν
929 2100 1026 2151 106
1065 2098 1198 2151 Θεοῦ
1230 2091 1385 2164 δίκην
1420 2092 1733 2171 φυλάξεται,
1762 2090 1849 2144 καὶ
1883 2087 2098 2151 ἀδόλως

453 2186 679 2259 ἐμμενεῖ
703 2190 820 2248 τοῖς
867 2186 1051 2260 ὅρκοις
1083 2183 1158 2245 εἷς
1208 2184 1309 2252 τήν
1366 2182 1502 2256 πρὸς
1560 2181 1618 2234 σὲ
1674 2178 1851 2234 πίστιν
1897 2179 1984 2232 καὶ
2034 2178 2098 2232 τὸ

452 2276 606 2351 γένος
631 2274 694 2329 τὸ
744 2272 857 2330 σόν.
918 2296 947 2326 ››
1005 2270 1192 2334 Οὖτως
1225 2269 1444 2325 εἰπόντα
1488 2266 1727 2323 δυσωπεῖ
1766 2268 1865 2336 τὴν
1914 2264 2095 2336 δέησιν

453 2364 481 2417 ὁ
538 2366 773 2437 κρατῶν,
827 2360 917 2417 καὶ
976 2360 1207 2416 ἐπινεύει
1266 2360 1402 2431 πρὸς
1456 2358 1553 2426 τὴν
1621 2359 1717 2411 106
1774 2354 2095 2429 κατακρίτου

451 2453 811 2525 συμπάθειαν,
886 2448 1083 2523 εὐμενῆ
1168 2445 1411 2509 συνόλως
1500 2443 1687 2517 ἐκείνῳ
1770 2444 1869 2513 τὴν
1958 2440 2097 2497 ἰδίαν

453 2541 699 2616 γενέσθαι
765 2539 949 2614 ψυχὴν
1026 2538 1555 2612 κατεγγυησάμενος,
1632 2532 1682 2588 εἷ’
1735 2533 1981 2592 κάκεῖνος
2030 2531 2097 2585 τὰ

449 2632 550 2694 τῆς
626 2623 893 2682 εἶσέπειτα
954 2625 1089 2698 πρὸς
1169 2622 1326 2679 αὑτὸν
1406 2621 1637 2690 εὐνοίας,
1697 2624 1770 2683 ὡς
1845 2622 1873 2674 6
1923 2619 2098 2695 ἱερεὺς

459 2717 724 2791 ὑπέσχετο
760 2758 774 2780 ,
853 2713 1016 2769 πιστᾶ
1068 2714 1422 2784 καταστήσειε
1455 2754 1469 2768 .
1525 2710 1629 2767 Καὶ
1690 2707 1756 2779 δὴ
1813 2711 1935 2785 περί
1988 2728 2096 2762 που

406 2827 410 2831 ·
453 2805 553 2873 τὴν
615 2803 919 2879 Ἀχυράους
951 2803 978 2857 ὁ
1010 2800 1185 2877 ἱερεὺς
1231 2800 1490 2877 γεγονὼς,
1540 2797 1750 2872 σύναμα
1795 2797 1886 2852 καὶ
1933 2794 2096 2850 πλεί-

453 2944 588 2984 cum
620 2928 968 3000 imperatore
998 2928 1208 2983 fuisset
1229 2934 1401 2997 atque
1431 2926 1489 2981 in
1513 2924 1811 2995 procinctu
1836 2926 1990 2977 esset
2010 2922 2081 2976 ad

448 3016 725 3082 reditum,
758 3018 1179 3087 appareretque
1209 3014 1619 3083 imperatorem
1644 3012 1727 3065 ita
1755 3010 1814 3064 in
1841 3026 1973 3064 eum
1999 3009 2087 3063 af-

1759 290 2061 351 GEORGII
2098 294 2559 351 PACHYMERE

463 421 601 476 κατά
653 441 708 475 τι
758 424 1030 494 κρατῆσαν
1086 417 1175 473 ἐπὶ
1232 422 1350 480 τοῖς
1403 416 1632 488 ἀδήλοις
1660 417 1766 471 τῶν
1798 437 2106 492 προσαγγε-
2133 417 2186 485 Α
2218 435 2365 479 στοις
2429 417 2764 495 ἀρχιερεῦσι,

3746 301 3856 354 456

2851 417 3064 476 στέλλει
3148 421 3282 493 πρὸς
3356 419 3449 475 τὸν
3533 424 3857 496 κρατοῦντα,

2212 502 2387 566 οὕτως
2459 504 2665 561 ἐκείνου
2732 509 2867 581 πρὸς
2937 507 3029 562 τὸν
3088 507 3393 583 ἀρχιθύτην
3464 507 3853 581 συνταξαμένου

2211 592 2299 645 καὶ
2358 591 2499 647 οὕτω
2552 591 2809 665 τάξαντος
2841 638 2855 664 ,
2904 595 3025 650 τινὰ
3080 595 3188 650 τῶν
3256 596 3425 650 αὐτοῦ
3483 596 3710 650 οἰκετῶν
3766 599 3856 651 καὶ

2210 679 2476 755 ἱερωσύνῃ
2504 682 2906 755 κοσμούμενον,
2960 684 3018 738 ’ὀν
3051 684 3078 737 6
3109 688 3320 757 κρατῶν
3355 681 3642 756 δεξάμενος
3678 684 3857 755 ἀνίησι

2214 768 2307 838 μὶν
2340 771 2642 844 παραυτίκα
2687 771 2781 824 τὸν
2826 771 3193 845 κατεχόμενον
3251 775 3358 826 τῶν
3424 769 3657 842 δεσμῶν,
3717 772 3857 826 ἀπο-

2212 851 2329 909 λύει
2361 853 2407 909 δ’
2464 856 2709 930 ἀσμένως
2759 860 2893 932 πρὸς
2940 859 3032 913 τὸν
3086 858 3375 934 ἱεράρχην,
3433 856 3669 922 ὀπαδοὺς
3710 859 3856 932 αὐτῷ

2211 946 2602 1020 συνεξαγαγών.
2661 949 2813 1020 ’Ἅμα
2869 951 2995 1022 γοῦν
3045 946 3238 1012 ἐπέστη
3283 947 3372 1001 καὶ
3423 947 3534 1020 ἅμα
3581 949 3727 1022 παρᾶ
3751 956 3854 1018 τῆς

2212 1030 2438 1086 συιόδου
2478 1035 2544 1087 τὰ
2592 1032 2773 1088 εἶκότα
2825 1033 3214 1107 ἐνωτισάμενος
3261 1035 3361 1104 τὴν
3407 1033 3620 1089 ἐκείνων
3680 1034 3853 1091 ἐπιτί-

2215 1140 2377 1190 μησιν
2439 1120 2515 1184 είς
2569 1120 2780 1198 ἀσφακῆ
2829 1126 2935 1176 τῶν
2995 1122 3131 1197 πρὸς
3192 1122 3417 1197 βασιλέα
3474 1120 3625 1177 ἰδίων
3675 1121 3853 1197 ὅρκων

2214 1202 2501 1281 βεϐαίωσιν
2554 1206 2793 1284 δέχεται.
2846 1210 2951 1265 Καὶ
3007 1210 3145 1283 πρὸς
3200 1210 3294 1264 τὸν
3341 1213 3643 1284 κρατοῦντα
3699 1209 3849 1274 αὖθις

2211 1292 2442 1349 ἐπανιὼν
2492 1296 2716 1365 πολλῆς
2768 1304 2869 1367 τῆς
2924 1299 3050 1373 παρ’
3107 1297 3312 1353 ἐκείνου
3372 1298 3646 1371 εὐμενείας
3697 1298 3850 1374 ἐτύγ-

2213 1402 2373 1459 χανεν
2409 1426 2421 1438 .
2480 1384 2638 1441 Οὕτω
2693 1385 2991 1461 τοιγαροῦν
3060 1384 3203 1462 ἔχὼν
3261 1386 3351 1441 καὶ
3408 1386 3549 1442 οὕτω
3605 1386 3847 1443 σπεύδων

2211 1472 2396 1527 ἐαυτὸν
2451 1471 2735 1550 φυλάττειν
2794 1474 2969 1545 πάσης
3025 1474 3375 1549 καχυποψίας
3408 1475 3701 1548 ἀνώτερον,
3757 1476 3847 1531 καὶ

2215 1558 2427 1633 μᾶλλον
2477 1560 2558 1615 ὅτι
2606 1561 2694 1615 καὶ
2734 1561 3042 1635 ἀξιώματος
3090 1557 3255 1631 ἐπέϐη
3319 1563 3593 1638 μεγίστου,
3648 1561 3847 1636 πολλῷ

2208 1644 2374 1702 πλέον
2402 1649 2536 1724 πρὸς
2563 1649 2655 1704 τὸν
2708 1652 2822 1721 μετ’
2871 1649 3028 1705 αὐτὸν
3060 1651 3122 1705 τὸ
3167 1651 3363 1726 κράτος
3394 1645 3599 1725 ἔχοντα
3642 1650 3849 1707 ἁλῶναι

2209 1743 2308 1807 τῆς
2342 1736 2574 1811 ὑποψίας
2606 1734 3011 1815 διεφυλάττετο.

2212 1845 2278 1911 η’.
2310 1846 2497 1905 Ὀπως
2528 1845 2556 1898 ὁ
2589 1842 2834 1920 δεύτερος
2867 1846 3134 1920 Λάσκαρις
3182 1842 3576 1920 πολλοὺς-τῶν
3606 1844 3658 1901 ἐν
3691 1846 3851 1920 ἀξιώ-

2427 1935 2585 1987 μασιν
2630 1915 2911 1991 ὑπερορῶν
2952 1915 3165 1991 ἐτέρους
3213 1916 3635 1986 ἀντικαθίστησι.

2284 2000 2436 2057 Ἀλλ’
2467 2000 2652 2072 ἐπειδῆ
2688 2004 2884 2079 θερμὸς
2916 2004 2982 2072 ἦν
3014 2003 3221 2066 ἐκεῖνος
3248 2005 3386 2079 πρὸς
3430 2005 3621 2074 πάντα,
3667 2003 3745 2060 ἔτι
3797 2002 3855 2060 δὲ

2205 2090 2295 2145 καὶ
2322 2091 2421 2159 τὴν
2445 2095 2540 2146 τοῦ
2574 2094 2656 2166 [Ρ.
2694 2095 2780 2166 12]
2827 2100 3231 2170 καταφρονῆσαι
3283 2090 3435 2164 δόξαν
3467 2096 3524 2166 (ἡ
3555 2097 3657 2170 γὰρ
3686 2093 3846 2156 νόσος

2208 2177 2594 2234 ἐπεισπεσοῦσα
2666 2180 2754 2234 καὶ
2829 2180 3041 2254 μᾶλλον
3114 2182 3399 2257 τρύχουσα
3465 2180 3642 2237 ἔπειθε
3698 2179 3848 2237 δεινά

2208 2265 2529 2338 ὑπιδέσθαι),
2585 2268 2851 2343 παραλύει
2912 2270 3006 2341 μὲν
3062 2274 3158 2324 τοῦ
3189 2270 3499 2344 ἀξιώματος
3527 2270 3604 2334 είς
3625 2291 3846 2345 πρωτο-

2207 2350 2514 2431 ϐεστιαρίου
2580 2359 2905 2433 τεταγμένον
2962 2359 3130 2431 τιμὴν
3187 2359 3279 2413 τὸν
3330 2356 3528 2415 Ῥαοὺλ
3578 2357 3843 2431 Ἀλέξιον,

2205 2443 2507 2519 ἀντεισάγει
2565 2442 2612 2500 δ’
2663 2445 2744 2500 εἶσ
2769 2445 2970 2515 ταύτην
3016 2447 3108 2501 τὸν
3168 2444 3218 2517 ἐξ
3266 2446 3630 2522 Ἀτραμυτίου
3662 2447 3848 2523 Γεωρ-

2204 2553 2323 2606 γιον
2371 2533 2462 2587 τὸν
2512 2532 2876 2603 Μουζάλῶνα,
2934 2533 3236 2596 συνοικίσας
3300 2535 3445 2607 αὐτῷ
3484 2536 3573 2590 καὶ
3639 2537 3739 2605 τήν
3782 2536 3841 2591 ἐκ

2205 2623 2665 2692 Καντακουζηνῶν
2712 2620 3025 2699 Θεοδώραν,
3082 2627 3180 2677 106
3235 2622 3623 2699 Παλαιολόγου
3680 2622 3841 2679 οὖσαν

2202 2706 2520 2787 ἀδελφιδῆν,
2567 2711 2660 2766 τὸν
2721 2708 2779 2764 δὲ
2839 2713 2956 2782 μετ’
3010 2710 3212 2766 ἐκεῖνον
3274 2708 3617 2785 Ἀνδρόνικον
3675 2711 3838 2786 μέγαν

2205 2794 2524 2870 δομέστικον
2556 2845 2572 2871 ,
2629 2796 2868 2855 Κλοϊστᾶ
2916 2800 3014 2869 τὴν
3070 2803 3169 2855 τοῦ
3212 2798 3409 2856 Ῥαοὺλ
3468 2799 3730 2876 θυγατέρα
3788 2801 3840 2854 οἱ

2193 2929 2478 2994 peccaret,
2510 2941 2723 2980 novum
2760 2924 3058 2980 fidelitatis
3101 2925 3387 2981 inviolata
3427 2927 3836 2997 juramentum

2199 3013 2427 3082 proprie
2459 3011 2570 3067 sibi
2601 3012 2814 3067 dictata
2835 3012 2905 3067 ab
2938 3012 3010 3067 iis
3042 3013 3292 3069 formula
3311 3013 3603 3085 concepit;
3634 3014 3839 3085 sicque

449 3106 661 3161 fectum
696 3108 760 3158 ut
790 3120 907 3159 non
937 3108 1171 3173 gravate
1200 3101 1559 3163 concederet,
1592 3098 1641 3151 si
1685 3098 1823 3168 quid
1884 3098 2085 3167 gratim
2116 3098 2158 3163 C
2198 3100 2267 3153 ad
2304 3099 2625 3170 principem
2660 3115 2947 3164 reversus,
3007 3117 3222 3172 magna
3276 3108 3367 3157 est
3407 3103 3538 3172 ejus
3586 3103 3830 3157 benevo-

446 3193 571 3247 loco
596 3194 877 3260 posceret;
902 3189 1177 3244 omnibus
1209 3187 1340 3242 aliis
1366 3185 1604 3241 omissis
1638 3200 1834 3254 preces
1872 3184 2088 3240 obtulit

450 3295 550 3348 pro
575 3261 991 3345 Paleologo,et
1013 3275 1218 3343 utejus
1239 3279 1518 3343 tanquam
1543 3272 1898 3328 calumniam
1929 3271 2086 3342 passi

450 3365 762 3421 miseretur
810 3363 1008 3417 oravit.
1045 3384 1073 3411 «
1134 3363 1295 3426 Quod
1355 3362 1426 3427 si,
1478 3378 1509 3415 o
1567 3361 1905 3431 imperator,
1963 3359 2084 3414 aie-

450 3454 567 3519 bat,
607 3451 996 3523 suspicionem
1026 3453 1097 3505 de
1158 3450 1257 3505 illo
1315 3467 1429 3504 non
1484 3449 1652 3519 plene
1710 3448 1970 3519 deponis,
2028 3454 2084 3502 at

448 3540 543 3596 ille
571 3541 806 3611 quidem
838 3541 898 3594 in
932 3545 1234 3609 posterum
1266 3536 1662 3608 qualicunque
1719 3553 1785 3591 ac
1833 3544 2081 3607 quanto-

444 3645 672 3699 cunque
696 3628 850 3684 voles
880 3628 1015 3682 fidei
1044 3627 1281 3698 pignore
1311 3625 1420 3679 tibi
1455 3625 1697 3689 cavebit,
1733 3642 1912 3696 seque
1941 3641 2081 3679 cen-

451 3716 1433 3785 surisEcclesiaasubjiciet,quarum
1459 3713 1946 3768 incurrendarum
1964 3715 2081 3766 met

444 3805 531 3861 vel
558 3805 748 3873 ipsam
771 3804 1111 3860 defectionis
1139 3804 1407 3858 umbram
1441 3808 1811 3857 aversaturus
1841 3800 2079 3856 omnino

444 3894 544 3949 sit.
576 3893 759 3948 Homo
790 3893 945 3948 enim
977 3891 1343 3947 Christianus
1379 3890 1672 3960 judicium
1732 3890 1930 3956 utique
1979 3888 2080 3943 Dei

444 3982 826 4051 pertimescat,
859 3985 914 4035 et
944 3983 1072 4049 ejus
1104 3978 1559 4034 comminatione
1608 3975 1854 4032 sancitis
1912 3977 2080 4032 ﬁrme

445 4068 626 4124 stabit
654 4068 964 4140 promissis
992 4085 1005 4134 ;
1029 4082 1133 4122 nec
1156 4066 1472 4138 obligatam
1496 4064 1599 4119 tali
1613 4064 1957 4120 caaremonia
1974 4063 2079 4118 tibi

441 4174 507 4210 ac
539 4166 634 4211 tuo
662 4156 858 4226 generi
902 4156 1072 4209 fidem
1108 4170 1368 4223 unquam
1411 4153 1471 4207 in
1530 4152 1794 4206 animum
1843 4151 2081 4206 inducet

443 4244 658 4299 fallere.
694 4266 722 4294 ››
754 4244 884 4298 Haec
916 4242 1208 4313 loqentem
1243 4240 1410 4295 illum
1451 4240 1766 4310 imperator
1799 4240 2079 4295 reveritus

440 4331 700 4386 damnati
757 4346 986 4385 carcere
1037 4327 1445 4383 liberationem
1499 4328 1597 4382 23
1631 4328 1841 4380 annuit
1906 4327 2075 4397 polli-

444 4437 584 4475 cens
614 4420 858 4489 insuper
885 4417 1081 4472 animo
1157 4432 1220 4470 sc
1263 4416 1321 4470 in
1365 4414 1531 4469 illum
1574 4413 1746 4485 plane
1804 4415 2077 4471 benevolo

448 4511 737 4572 futurum,
769 4507 890 4562 siis
918 4522 1150 4577 quoque
1184 4522 1283 4575 pro
1314 4520 1396 4570 se,
1423 4504 1500 4558 uti
1535 4503 1867 4573 patriarcha
1896 4520 2076 4574 spon-

440 4595 632 4664 debat,
671 4610 846 4649 suum
905 4609 1042 4665 erga
1101 4592 1419 4664 principem
1465 4592 1721 4646 studium
1782 4591 2075 4661 ﬁdemque

446 4687 763 4754 praestaret.
795 4684 942 4736 Hinc
971 4698 1105 4736 cum
1148 4681 1302 4751 apud
1361 4678 1693 4751 Achyraum
1745 4679 2077 4750 patriarcha

441 4786 576 4826 cum
599 4769 891 4841 plurimus
912 4769 1089 4823 simul
1115 4767 1463 4838 praesulibus
1484 4766 1615 4823 aliis
1639 4767 2077 4835 adesset,mittit

442 4860 513 4914 ad
544 4858 977 4928 imperatorem,
1005 4862 1176 4927 prout
1205 4857 1330 4926 ipse
1358 4856 1677 4912 discedenti
1704 4854 2075 4927 praescripse-

444 4951 550 5016 ret,
583 4963 614 5001 e
636 4945 1021 5001 familiaribus
1051 4960 1235 4999 unum
1268 4944 1591 5000 sacerdotio
1610 4945 1935 5016 praeditum,
1960 4959 2075 5014 quo

444 5035 763 5106 imperator
790 5037 1025 5103 excepto
1044 5031 1357 5102 auditoque
1378 5031 1549 5087 solvit
1569 5033 1843 5088 continuo
1867 5032 2074 5087 Palaao-

443 5122 640 5193 logum
663 5120 910 5177 vinculis
932 5124 989 5175 et
1005 5120 1077 5174 ad
1100 5118 1295 5190 ipsum
1319 5119 1704 5189 patriarcham
1726 5119 2078 5189 perlibenter

447 5211 627 5265 mittit
655 5226 788 5265 cum
812 5207 1123 5264 comitibus
1148 5206 1361 5278 pariter
1383 5207 1667 5262 liberatis.
1693 5208 1770 5261 Eo
1792 5225 1922 5261 cum
1949 5224 2074 5278 per-

441 5299 714 5363 venisset,
750 5302 1055 5369 postquam
1080 5295 1303 5350 audivit
1331 5310 1533 5368 graves
1555 5297 1612 5350 in
1640 5296 1865 5364 synodo
1894 5300 1951 5350 et
1981 5313 2076 5351 ac-

439 5390 838 5444 commodatas
860 5401 1046 5440 causae
1061 5400 1125 5439 ac
1145 5383 1392 5455 tempori
1407 5383 1821 5440 adminitiones
1843 5388 1899 5439 et
1920 5400 2076 5440 com-

442 5471 1307 5541 minationesPatrum,obnoxis
1322 5472 1619 5544 professus
1646 5472 1791 5528 nihil
1812 5489 2080 5529 recusare

439 5581 502 5624 se
515 5564 806 5623 canonica:
825 5560 1340 5621 animadversionis
1354 5578 1418 5619 ac
1430 5578 1732 5637 pcenarum
1746 5562 1796 5620 si
1808 5561 2078 5636 deinceps

2193 3185 2374 3241 lentia
2403 3191 2460 3243 et
2507 3186 2938 3257 signiﬁcatione
2975 3187 3174 3257 gratias
3234 3189 3531 3259 dignatus.
3563 3190 3682 3244 Hoc
3728 3190 3829 3246 ille

2191 3290 2431 3329 suarum
2464 3279 2616 3329 statu
2650 3292 2840 3329 rerum
2870 3275 3212 3343 invigilabat
3241 3277 3354 3331 sibi
3387 3277 3620 3342 acriter,
3653 3280 3828 3332 undi-

2189 3378 2302 3432 que
2330 3362 2808 3432 circumspiciens
2831 3379 2895 3417 ac
2919 3362 3337 3419 sollicitissime
3354 3367 3692 3433 observans,
3713 3384 3829 3435 quo

2190 3466 2251 3505 se
2281 3450 2441 3505 omni
2472 3451 2831 3520 superiorem
2857 3467 3030 3520 prava
3059 3451 3395 3521 suspicione
3424 3459 3701 3508 servaret.
3754 3454 3820 3508 In

2188 3554 2371 3608 eaque
2400 3554 2541 3592 cura
2571 3537 2951 3608 custodiaque
2982 3541 3389 3608 perseverabat
3423 3556 3489 3595 eo
3521 3541 3832 3612 intentius,

2188 3642 2302 3696 quo
2333 3642 2394 3680 se
2426 3626 2483 3679 in
2531 3626 2780 3680 maxime
2832 3626 2996 3696 apice
3054 3627 3358 3697 dignitatis
3410 3630 3599 3701 magis
3644 3645 3823 3700 expo-

2186 3713 2367 3768 situm
2388 3713 2617 3768 invidiae
2646 3714 3183 3784 imperantiumque
3202 3716 3508 3772 otl‘ensioni
3530 3720 3826 3790 cernebat,

2187 3802 2509 3873 praesertim
2538 3802 2792 3872 junioris
2822 3802 3087 3872 ipsorum
3111 3807 3166 3857 et
3186 3805 3542 3859 successoris
3564 3804 3624 3858 in
3656 3806 3823 3874 prin-

2185 3890 2380 3959 cipatu
2429 3889 2741 3960 designati,
2804 3908 2837 3945 a
2893 3891 3065 3957 cujus
3123 3891 3447 3960 praesertim
3522 3891 3820 3963 suspicaci

2186 3977 2380 4032 animo
2410 3976 2521 4032 sibi
2550 3983 2608 4033 et
2636 3977 2881 4033 timebat
2902 3982 2959 4032 et
2981 3982 3262 4046 quantum
3302 3983 3524 4049 poterat
3554 3981 3816 4035 cavebat.

2253 4138 2307 4192 8.
2343 4138 2405 4193 Ut
2426 4136 2622 4208 junior
2644 4137 2892 4192 Lascaris
2919 4137 3106 4204 plures
3150 4153 3180 4192 θ
3220 4138 3637 4208 magistratibus
3689 4155 3825 4193 con-

2494 4208 2741 4278 temptim
2772 4209 3063 4273 amaverit,
3094 4208 3226 4263 aliis
3245 4207 3501 4279 suffectis.

2253 4332 2324 4383 At
2353 4330 2632 4400 quoniam
2668 4329 2760 4384 hic
2786 4330 3020 4401 ingenio
3050 4330 3276 4385 ardenti
3310 4347 3441 4385 cum
3472 4348 3725 4400 praeceps
3761 4333 3819 4387 in

2186 4416 2300 4473 alia
2318 4422 2529 4473 cuncta
2551 4418 2866 4483 ferebatur,
2897 4426 3019 4472 tum
3053 4417 3366 4472 faclllimus
3412 4423 3536 4473 erat
3592 4420 3662 4474 ad
3694 4422 3822 4490 opi-

2187 4507 2448 4561 nandum
2471 4522 2598 4561 sese
2643 4507 2936 4561 contemni
2984 4507 3249 4576 (morbus
3307 4507 3458 4560 enim
3492 4523 3606 4577 quo
3664 4512 3824 4563 tene-

2185 4595 2356 4650 batur
2377 4603 2431 4649 et
2454 4593 2704 4650 multum
2738 4597 3072 4663 urgebatur,
3104 4599 3497 4665 opportunum
3527 4611 3660 4650 eum
3716 4612 3823 4667 pa-

2182 4690 2492 4756 ratumque
2520 4685 2737 4740 talibus
2767 4684 3069 4741 credendis
3100 4687 3391 4757 rebusque
3409 4703 3557 4757 quas
3588 4686 3825 4743 audiret

2185 4776 2285 4827 aut
2306 4776 2565 4826 cerneret
2595 4771 2652 4825 in
2688 4776 2907 4841 partem
2975 4770 3301 4842 sequiorem
3360 4771 3820 4842 interpretandis

2186 4857 2477 4929 faciebat),
2500 4857 2740 4913 Raulem
2772 4858 3032 4914 Alexium
3066 4859 3488 4929 protovestiarii
3535 4858 3823 4931 dignitate

2184 4952 2454 5002 ornatum
2490 4944 2677 5017 privat
2709 4945 3074 5016 magistratu,
3107 4951 3165 5000 et
3193 4945 3322 5015 ejus
3345 4946 3405 5000 in
3457 4944 3648 5001 locum
3684 4962 3823 5016 pro-

2186 5038 2377 5089 movet
2409 5032 2720 5105 Georgium
2762 5032 3124 5088 Muzalodem
3182 5034 3669 5106 Atramyttinum,
3721 5034 3826 5089 24

2187 5122 2279 5177 cui
2310 5125 2367 5176 et
2391 5120 2748 5176 Theodoram
2798 5137 2829 5175 0
2884 5120 3414 5175 Cantucazenorum
3465 5125 3655 5191 gente,
3717 5120 3831 5175 Pa-

2186 5208 2411 5279 laeologi
2445 5214 2673 5277 neptem
2704 5225 2774 5263 ex
2804 5225 3020 5274 sorore,
3053 5208 3211 5263 dedit
3251 5209 3580 5279 conjugem.
3641 5207 3828 5277 Hujus

2189 5313 2417 5368 quoque
2474 5296 2707 5350 fratrem
2769 5296 3053 5351 minorem
3103 5296 3499 5350 Andronicum
3543 5312 3826 5364 magnum

2191 5383 2575 5440 domesticum
2598 5400 2772 5454 creat,
2825 5384 3107 5440 collocata
3164 5384 3274 5454 ipsi
3335 5384 3393 5439 in
3454 5383 3829 5438 matrimonio

2189 5473 2399 5530 Cloista
2430 5470 2630 5528 Baulis
2664 5472 2800 5529 ﬁlia.
2845 5473 3106 5528 Tertium
3156 5471 3411 5543 denique
3452 5471 3660 5527 horum
3724 5471 3837 5525 fra-

2192 5568 2339 5619 trem
2362 5559 2886 5635 prothieracarium
2926 5561 3046 5618 sive
3097 5576 3400 5617 summum
3452 5558 3833 5633 accipitraria
