4154 6286
312 402 415 456 457

1448 394 1537 447 DE
1574 394 1941 448 MICUAELR
1978 394 2418 450 PALEOLOGO
2453 399 2586 451 LIB.
2630 401 2674 451 Ι.

3593 407 3698 462 458

308 521 671 596 συναρμόσας,
698 519 789 573 τὸν
850 517 907 574 δὶ
962 518 1142 593 τρίτον
1186 520 1291 570 τῶν
1352 513 1600 589 ἀδελφῶν
1632 509 1944 587 προϐάλλε-
1975 516 2029 583 Α
2060 511 2275 569 δεδιότα
2323 514 2411 570 διὰ
2465 520 2565 586 τήν
2616 520 3019 595 ὑποτρέχουσαν
3053 530 3152 593 τῆς
3203 526 3382 601 ἀρχῆς
3436 526 3693 601 ὑποψίαν.

309 632 397 666 ται
450 605 906 684 πρωθιερακέἔριν,
949 602 1143 677 ἄνδρας
1200 603 1297 658 οὐκ
1344 601 1609 676 εύγενειας
1676 602 1768 673 μὲν
1827 621 1949 672 μιτ-

314 702 539 772 έχοντας
593 697 655 750 τὸ
709 693 978 766 παράπαν,
1004 693 1079 755 εἰς
1132 690 1536 752 παιδοπούλους
1594 688 1651 743 δὲ
1702 688 1953 742 αὗθεντο-

316 784 706 855 πουλευομένῳ
750 781 1107 854 τεταγμένους
1140 780 1304 850 αὐτῷ.
1339 778 1441 833 Δύο
1495 781 1677 851 μέντοι
1734 797 1793 850 γε
1843 781 1949 829 τῶν

321 875 647 947 μεγιστάνων
677 875 780 924 τῶν
814 869 1078 941 ὀμμάτων
1111 872 1304 941 στερεῖ,
1338 869 1408 921 ὧν
1466 868 1494 921 6
1554 867 1646 939 μὲν
1702 866 1775 925 εἷς
1834 864 1949 925 υἱὸς

314 963 381 1031 ἦν
431 965 530 1016 τοῦ
587 956 1087 1035 Στρατηγοπούλου
1119 955 1390 1028 Ἀλεξίου,
1441 956 1468 1008 6
1526 956 1950 1021 Κωνσταντῖνος,

315 1052 373 1114 ’ὸς
398 1050 621 1119 ἠξιοῦτο
651 1046 740 1101 καὶ
771 1043 970 1115 κήδους
1003 1046 1122 1116 (τὴν
1153 1045 1253 1118 γὰρ
1304 1040 1601 1119 ἀδελφιδῆν
1644 1045 1741 1095 τοῦ
1802 1040 1951 1114 βασι-

321 1138 456 1199 λέως
511 1137 763 1191 Ἰωάννου
828 1133 1031 1187 ἐκείνου
1103 1130 1343 1194 διδόντος
1413 1132 1547 1205 εἶχε)
1630 1131 1954 1205 περιφανοῦς

324 1225 411 1280 καὶ
470 1223 612 1297 μάλα
667 1222 946 1295 λαμπροῦ,
979 1220 1165 1295 ἅτερος
1223 1221 1250 1273 6
1308 1217 1488 1287 Φιλῆς
1524 1219 1588 1287 ἦν
1649 1212 1951 1291 Θεόδωρος.

328 1313 426 1369 Καὶ
482 1310 642 1366 πόλλ’
671 1312 804 1364 ἄττα
858 1308 1222 1381 ἐκαινοτόμει,
1278 1308 1377 1375 τήν
1434 1306 1599 1383 ὀφρὺν
1655 1310 1760 1360 τῶν
1814 1307 1954 1375 πρὸς

318 1402 541 1475 α’ίματος
597 1405 894 1476 καθαιρῶν,
924 1400 1012 1453 καὶ
1064 1398 1126 1452 τὸ
1177 1396 1411 1473 ἀσφαλὲς
1471 1395 1704 1450 ἐντεῦθεν
1758 1395 1950 1465 ἑαυτῷ,

320 1494 390 1553 ὡς
440 1488 601 1563 ᾤετο,
656 1487 1117 1563 προμηθούμενος
1152 1506 1163 1519 ⁸
1221 1487 1282 1540 οὐ
1366 1487 1468 1560 γὰρ
1536 1487 1783 1538 ἀναπνεῖν
1870 1482 1952 1538 ε’ία

315 1580 513 1635 ἐκεῖνον
548 1582 583 1648 ἡ
614 1577 795 1639 νόσος.
826 1576 1038 1651 νύκτωρ
1071 1574 1161 1629 καὶ
1197 1576 1311 1648 μεθ’
1342 1574 1551 1647 ἡμέραν
1595 1574 1663 1627 τὰ
1704 1573 1779 1645 μή
1810 1569 1952 1627 καλᾶ

313 1664 545 1743 φανταζὸ
556 1688 713 1740 μενον
725 1708 738 1722 .

310 1760 372 1814 θ’.
423 1759 617 1819 ’Όπως
673 1756 700 1809 6
758 1752 924 1817 Κότυς
978 1753 1069 1807 τὸν
1128 1748 1503 1824 Παλαιολόγον
1562 1747 1948 1826 παρασκευάζει

738 1843 865 1897 αὐτο
876 1842 1113 1916 μολησαι
1145 1842 1277 1915 πρὸς
1309 1839 1538 1912 Πέρσας.

2059 601 2199 690 Οὐδὲ
2249 604 2351 678 γάρ
2412 603 2537 660 οὐδὲ
2594 609 2683 663 τὸν
2737 611 2879 665 θεῖον
2926 611 3122 667 τούτου
3155 615 3229 675 εἰς
3263 614 3425 688 μέγαν
3457 636 3696 690 χαρτου-

2061 689 2248 762 λάριον
2293 695 2637 767 τεταγμένον,
2673 697 3048 772 Παλαιολόγον
3108 702 3341 775 Μιχαὴλ
3392 689 3493 758 κανὶῗ
3536 704 3694 759 αὐτὸν

2059 776 2343 847 ἀκούοντα,
2377 778 2654 835 ἀκίνδυνον
2716 782 2797 838 εἴα
2853 788 2887 853 ἡ
2950 787 3170 860 ὑποψία,
3225 788 3369 843 ἀλλά
3419 790 3543 861 περὶ
3599 798 3697 860 τῆς

2061 865 2239 937 ἀρχῆς
2297 866 2626 939 ἐρωτηθέντα
2673 872 2953 935 ἁπλοϊκῶς
3008 877 3170 947 φάναι
3224 876 3440 951 λέγεταὶ
3496 879 3593 952 ὡς,
3655 878 3702 933 εἴ

2059 954 2466 1027 κεχρεώστηταί
2519 979 2596 1030 τῳ
2650 961 2787 1039 πρὸς
2847 966 2980 1017 Θεοῦ
3037 965 3098 1017 τὸ
3158 961 3310 1039 ἄρξαι
3366 968 3427 1038 [Ρ
3486 969 3573 1039 13]
3608 968 3698 1022 ἀν-

2060 1041 2309 1103 υπαίτιος
2338 1046 2364 1097 6
2396 1036 2729 1118 καλούμενος
2760 1066 2774 1081 ο
2800 1051 2861 1103 οὗ
2913 1048 2978 1120 δὴ
3031 1036 3203 1126 χάριν
3242 1054 3331 1108 καὶ
3368 1036 3702 1127 γνεμεσῇθεὶς

2060 1128 2178 1182 οἷον
2206 1131 2349 1203 παρᾶ
2376 1136 2472 1185 τοῦ
2529 1139 2874 1209 κρατοῦντος,
2910 1137 2955 1192 εἴ
3008 1144 3257 1204 τοιοῦτος
3314 1140 3387 1196 ὣν
3428 1142 3701 1205 τοιούτοις

2062 1222 2375 1294 μετεωρίζει
2430 1224 2521 1277 τὸν
2570 1229 2713 1296 νοῦν,
2772 1230 2840 1299 τῇ
2898 1226 3114 1303 φυλακῇ
3190 1228 3398 1285 δίδοται
3456 1229 3697 1304 δέσμιος.

2058 1305 2194 1358 Τότε
2239 1306 2417 1360 τοίνυν
2481 1312 2665 1382 μαθὼν
2720 1312 2809 1366 καὶ
2868 1314 2940 1374 ὡς
2992 1314 3134 1377 εἰκὸς
3195 1312 3389 1389 δείσας,
3423 1316 3467 1371 εἰ
3524 1319 3698 1391 μένων

2064 1394 2158 1463 μὲν
2218 1392 2542 1466 κινδυνεύοι,
2576 1396 2745 1453 δεινὸν
2800 1404 2991 1477 ἡγεῖτο
3044 1404 3134 1457 καὶ
3192 1402 3315 1458 λίαν
3349 1405 3605 1475 ἐλεεινὸν,
3636 1408 3698 1462 τὸ

2132 1481 2461 1571 αὐτομολεῖν
2492 1485 2644 1550 αὖθις
2693 1490 2831 1563 πρὸς
2886 1488 3217 1566 ἀλλοτρίους
3273 1497 3543 1571 σωτήριον
3579 1496 3697 1567 μὲν,

2058 1568 2184 1625 ἀλλ’
2215 1569 2504 1646 ἐπίμωμον
2563 1572 2756 1648 ἔκρινε.
2790 1577 2943 1641 Τέως
3000 1578 3056 1635 δὶ
3108 1581 3256 1635 δυοῖν
3315 1568 3699 1656 νομιζομένοιν

2058 1664 2267 1727 κακοῖν,
2313 1665 2409 1715 τοῦ
2451 1659 2622 1739 φόϐὀυ
2666 1668 3071 1739 προστεθέντος,
3107 1671 3334 1744 αἱρεῖται
3379 1668 3700 1731 τοῦλαττον.

2058 1747 2163 1801 Καὶ
2221 1745 2286 1816 δὴ
2338 1748 2395 1803 ἐκ
2441 1750 2693 1822 πολλῶν,
2747 1754 2820 1815 ὡς
2866 1757 3006 1830 εἶχε,
3058 1758 3578 1831 προμηθευσάμενος
3638 1764 3701 1815 τὸ

1976 1870 2023 1934 Β
2059 1835 2365 1911 ἀφώρατον,
2425 1838 2757 1912 παραλαϐὼν
2830 1846 2919 1898 καί
2976 1866 3126 1909 τινας
3175 1850 3281 1900 τῶν
3342 1846 3552 1903 οἰκείων
3609 1849 3698 1903 καὶ

376 1935 514 1990 Τότε
560 1931 630 2001 δὴ
677 1933 769 1985 καὶ
815 1935 911 1986 τοῦ
958 1928 1337 2002 Παλαιολόγου
1386 1928 1460 1989 είς
1483 1926 1724 2005 κεφαλὴν
1756 1947 1947 1999 τεταγ-
1976 1923 2022 1934 ”
2051 1923 2141 2013 τον
2199 1928 2441 1998 ποταμὸν
2496 1931 2817 2003 περαιωθεὶς
2874 1934 3167 2009 Σάγγαριν,
3224 1936 3323 2003 τὴν
3388 1935 3508 1990 εὐθὺ
3561 1942 3700 2013 Περ-

319 2026 476 2096 μένου
534 2022 867 2085 Μεσοθυνίας
940 2021 1031 2075 καὶ
1106 2019 1280 2074 αὐτῶν
1358 2018 1673 2089 ὀπτιμάτων
1745 2016 1946 2071 ἐκείνου

316 2112 726 2187 προστάξαντος,
758 2110 845 2163 καὶ
899 2109 965 2164 τὰ
1019 2107 1205 2163 πολλά
1257 2109 1373 2161 κατ’
1407 2105 1625 2161 Ἰταλῶν
1683 2105 1945 2179 πράττον-

316 2222 424 2270 τος,
454 2202 661 2275 προσῆν
708 2220 791 2262 τις
827 2201 923 2252 τοῦ
978 2194 1267 2253 παλατίου.
1301 2194 1470 2257 Κότυς
1528 2193 1810 2265 ἐπώνυμον
1864 2196 1943 2263 τῷ

318 2289 483 2363 ἀνδρὶ,
512 2290 601 2343 καὶ
658 2288 736 2350 εἷς
790 2288 858 2343 τὰ
912 2286 1147 2359 μάλιστά
1204 2288 1255 2339 οἳ
1310 2290 1417 2340 τῶν
1478 2283 1652 2361 φίλων
1720 2280 1813 2339 ὥν.
1844 2284 1942 2336 Καὶ

325 2375 487 2442 δῆλος
537 2379 602 2446 ἦν
660 2376 781 2452 περὶ
831 2374 1009 2447 τούτῳ
1065 2375 1306 2451 ἀγωνιῶν
1367 2372 1418 2443 ἐξ
1465 2373 1535 2425 ὢν
1594 2372 1728 2445 πρὸς
1784 2370 1938 2425 αὐτὸν

324 2462 825 2538 διεξῄει,καὶ,‹‹Εἷ⁸
883 2465 958 2536 μὴ
1019 2460 1284 2537 φυγαδείᾳ
1341 2462 1603 2535 χρήσαιο,
1655 2483 1683 2510 ››
1737 2458 1941 2532 ἔλεγεν,

323 2554 589 2624 «ἡμερῶν
638 2550 839 2626 ὀλίγων
904 2550 980 2613 sic
1034 2548 1170 2624 μέγα
1228 2554 1509 2623 συμφορᾶς
1566 2548 1632 2602 τὰ
1689 2548 1824 2600 κατὰ
1882 2547 1940 2601 σὲ

312 2634 652 2714 προϐήσεται.
715 2636 872 2696 Ἀλλ’
930 2636 1046 2693 οὐδ’
1106 2637 1229 2710 ἐμοὶ
1292 2637 1601 2699 τούντεῦθεν
1660 2633 1939 2690 ἀκίνδυνον

310 2724 501 2800 μένειν,
534 2725 660 2782 ἀλλ’
688 2725 1095 2799 αὐτομολητέον
1131 2726 1268 2801 πρὸς
1304 2726 1505 2801 Ηέρσας
1555 2725 1645 2779 καὶ
1694 2723 1936 2800 ἀμφοτέ-

306 2836 435 2891 ροις,
470 2815 527 2871 εἴ
573 2837 657 2870 σοι
723 2814 874 2889 μέλει
927 2818 1036 2869 τῶν
1090 2814 1409 2891 ὀφθαλμῶν.
1444 2839 1471 2866 ››
1528 2817 1704 2868 Ταῦτα
1762 2811 1933 2886 λέγει,

300 2907 383 2961 καὶ
413 2904 591 2961 πείθει
622 2908 993 2982 πΛηροφορῶν
1025 2901 1186 2980 φίλος
1215 2900 1287 2957 ὢν
1316 2904 1407 2957 τὸν
1456 2901 1535 2957 ἀεὶ
1593 2902 1713 2978 περὶ
1762 2901 1933 2971 ἑαυτῷ

293 3081 620 3139 venationis
662 3085 720 3137 et
748 3081 891 3153 regii
938 3076 1183 3153 'aucupii
1241 3081 1579 3151 praefectum
1643 3079 1926 3149 nominat,

2054 2008 2205 2073 σίδος
2263 2014 2360 2067 ἀνᾶ
2416 2017 2609 2089 κράτος
2670 2016 2803 2073 ἵεται
2862 2021 2951 2075 καὶ
2980 2008 3067 2093 τῴγ
3091 2022 3320 2078 σουλτὰν
3352 2008 3692 2100 προσχωρεῖ.

2053 2100 2113 2155 Ὀ
2145 2097 2190 2153 δ’
2212 2100 2457 2172 ἀςμένως
2513 2104 2727 2180 δέχεται
2784 2113 2974 2163 τοῦτον
3034 2110 3123 2163 καὶ
3173 2116 3307 2183 τιμᾷ
3330 2117 3448 2173 τοῖς
3478 2097 3691 2187 προση-

2051 2207 2225 2246 κουσι.
2261 2191 2410 2254 Τέως
2454 2190 2511 2248 δέ
2557 2216 2619 2267 γε
2668 2195 2761 2249 κάν
2819 2200 2886 2269 τῇ
2918 2195 3207 2271 ἀλλοδαπῇ
3234 2200 3494 2271 σημαίαις
3544 2202 3692 2276 βασι-

2052 2283 2233 2347 λικαῖς
2290 2286 2730 2357 παραταξάμενος
2790 2286 2879 2340 σὺν
2941 2285 3164 2348 ἐκείνοις
3220 2289 3354 2342 κατὰ
3420 2294 3529 2344 τῶν
3593 2289 3689 2364 έχ-

2051 2376 2192 2447 θρῶν
2248 2378 2351 2427 τοῦ
2405 2372 2635 2428 σουλτὰν
2693 2375 2981 2449 ἀριστεύει,
3031 2376 3121 2430 τὸν
3181 2376 3427 2451 βασιλέα,
3479 2376 3532 2432 εἷ’
3582 2399 3689 2433 που

2050 2463 2292 2531 ἀκούσοι,
2343 2461 2575 2515 ἐντεῦθεν
2633 2460 3135 2535 έκμειλισσόμενος.
3187 2466 3317 2519 Εἶτα
3376 2466 3688 2538 μεταμελη-

2048 2551 2176 2619 θεὶς,
2249 2552 2363 2603 οἷον
2449 2549 2538 2603 καὶ
2612 2547 3010 2624 παλινδρομεῖν
3086 2551 3549 2626 προαιρούμενος,
3607 2558 3686 2626 τῷ

2042 2636 2300 2708 τηνικάδε
2326 2639 2548 2694 Ἰκονίου
2592 2642 2974 2713 προσέρχεται,
3006 2639 3095 2693 καί
3145 2642 3198 2694 οἱ
3244 2641 3429 2716 μεσίτῃ
3485 2649 3684 2717 χρᾶται

2042 2726 2178 2800 πρὸς
2239 2724 2483 2801 βασιλέα,
2534 2724 2587 2780 εἷ’
2636 2747 2753 2787 πως
2821 2727 2886 2781 τὰ
2934 2728 3098 2783 πιστὰ
3154 2731 3438 2804 γράμμασι
3498 2729 3685 2796 δόντος

2042 2814 2265 2887 ἐκείνου,
2297 2817 2331 2884 ἧ
2394 2818 2499 2888 μὴν
2548 2816 2646 2882 τὴν
2706 2815 2875 2890 ὀργὴν
2924 2818 3173 2891 καθαρῶς
3231 2819 3503 2893 ἀνασχεῖν,
3535 2820 3681 2893 αὗτῷ

2041 2901 2131 2957 καὶ
2208 2902 2371 2958 πάλιν
2450 2902 2760 2967 ἐπανελθεῖν
2839 2905 3070 2979 γένοιτο.
3127 2910 3235 2964 Τοῦ
3303 2904 3361 2961 δὲ
3416 2909 3680 2983 ἱεράρχου

2038 3080 2189 3135 clam
2221 3084 2586 3152 grassantem
2633 3083 2703 3135 de
2735 3098 2796 3137 se
2821 3082 3214 3153 suspicionem
3266 3086 3515 3140 affectati
3563 3087 3677 3141 im-

292 3170 566 3226 homines
596 3170 853 3241 patriciae
882 3169 1202 3224 nobilitatis
1232 3184 1473 3240 prorsus
1496 3172 1780 3237 expertes,
1816 3167 1926 3221 sibi
1959 3216 2001 3282 Ο
2042 3169 2207 3239 perii.
2238 3170 2379 3224 Nam
2420 3186 2492 3224 ne
2542 3173 2777 3241 patrum
2827 3170 3062 3241 quidem
3114 3172 3242 3242 ejus
3286 3173 3345 3227 in
3399 3189 3677 3245 magnum

292 3275 416 3282 ---__
452 3257 665 3282 ..---_!I!
713 3256 1078 3282 ι,...1;....ει..ι,.
1129 3260 1295 3282 ..Αιαη
1346 3272 1409 3282 ..Α
1468 3255 1904 3282 nnMMn-‘Aﬁ‘ﬁn
2044 3256 2460 3282 -L.._1.-1.._:.-...
2499 3263 2826 3282 __-.‘L-1--_..
2893 3259 2985 3282 ._--£
3024 3263 3072 3282 ,ι
3104 3259 3242 3282 Ξ..-μ
3290 3262 3532 3282 ιιξ-ι.--1
3568 3263 3631 3282 ἢκ

289 3275 420 3315 vero
450 3257 670 3331 puerili
713 3256 1081 3313 famliaritate
1129 3260 1297 3311 notos
1345 3272 1411 3311 ac
1467 3255 1926 3323 commendatos,

283 3348 430 3418 quod
481 3346 603 3418 ipsi
660 3347 731 3400 ab
788 3346 1035 3400 infantia
1080 3346 1234 3399 inter
1283 3343 1624 3399 bonorarios
1670 3344 1928 3415 ephebos

283 3436 723 3507 apparuissent.
774 3438 931 3490 Duos
988 3433 1129 3504 quin
1186 3433 1362 3488 etiam
1421 3448 1489 3487 ex
1544 3431 1928 3503 optimatibus

284 3525 460 3581 oculis
519 3523 1102 3595 privavit;quorum
1162 3522 1307 3576 alter
1362 3520 1518 3575 ﬁlius
1578 3521 1690 3575 fuit
1743 3519 1927 3575 Alexii

282 3611 699 3687 Strategopuli,
731 3612 837 3666 viri
868 3609 1277 3683 perillustrtris
1308 3626 1373 3664 ac
1405 3609 1463 3663 in
1491 3609 1696 3681 primis
1728 3608 1924 3680 splen-

274 3701 414 3772 didi,
448 3700 884 3758 Constantinua
905 3699 1161 3768 nomine,
1183 3698 1459 3769 dignatus
1492 3697 1564 3752 ab
1586 3698 1713 3768 ipso
1733 3696 1923 3751 afﬁni-

271 3794 385 3845 tate
411 3790 609 3862 regia,
641 3787 932 3858 siquidem
976 3790 1210 3858 neptam
1256 3784 1627 3857 imperatoris
1677 3785 1923 3839 Joannis

263 3877 361 3934 illo
392 3878 675 3934 tradente
698 3891 936 3930 uxorem
962 3874 1192 3931 habuit.
1226 3874 1383 3929 Alter
1412 3873 1754 3928 Theodorus
1786 3871 1921 3926 Phi-

263 3966 348 4022 les
380 3971 537 4023 erat.
577 3968 706 4019 Haec
735 3963 834 4019 ille
862 3973 913 4020 el
940 3965 1054 4018 alia
1080 3961 1270 4017 multa
1300 3978 1448 4016 nova
1492 3960 1757 4031 exempla
1785 3961 1920 4014 ede-

262 4056 385 4126 bat,
419 4055 483 4110 in
520 4053 679 4119 dies,
712 4053 973 4108 intentus
996 4050 1373 4123 deprimendo
1406 4047 1718 4120 supercilio
1767 4048 1922 4120 prin-

258 4146 464 4215 cipum
500 4141 658 4213 regii
690 4141 1016 4212 sanguinis,
1046 4140 1181 4193 inde
1212 4138 1584 4193 securitatem
1633 4137 1743 4191 sibi
1778 4153 1917 4207 pru-

256 4233 447 4298 denti,
472 4236 551 4287 ut.
582 4230 817 4301 quidem
842 4229 1255 4297 arbitrabatur,
1277 4224 1519 4283 consilio
1542 4241 1775 4297 parans.
1792 4224 1916 4279 Non

255 4325 418 4380 enim
452 4318 759 4390 respirare
792 4317 957 4373 illum
991 4318 1220 4373 sinebat
1243 4316 1482 4371 morbus
1504 4314 1603 4369 diu
1626 4320 1918 4385 noctuque

260 4428 444 4485 prava
471 4408 930 4480 imaginantem.

324 4504 382 4559 9.
414 4550 417 4553 γ
452 4504 521 4560 Ut
583 4498 744 4567 Cotys
814 4492 1117 4563 Palwologo
1149 4494 1485 4564 persuaserit
1535 4494 1733 4563 fugam
1773 4491 1847 4547 ad

993 4583 1205 4635 Persas.

325 4680 484 4735 Tum
520 4674 821 4732 enimvero
852 4667 1171 4740 Palzsologo
1203 4667 1574 4739 Mesothyniae
1619 4666 1910 4739 praefecto,

258 4752 706 4838 praepositoque
737 4759 885 4830 ipsis
907 4757 1287 4829 Optimatibus
1310 4758 1486 4827 jussu
1520 4755 1911 4826 imperatoris,

254 4873 319 4911 ac
350 4860 607 4912 strenue
634 4851 840 4904 eontra
870 4846 1045 4901 Italos
1077 4860 1197 4900 rem
1231 4844 1477 4915 gerenti,
1511 4843 1704 4899 adfuit
1734 4861 1764 4899 e
1816 4860 1913 4915 pa-

252 4943 399 4999 latio
447 4940 704 5012 quidam
754 4937 1132 5007 cognomeato
1163 4937 1351 5005 Cotys,
1386 4949 1452 4987 ex
1490 4931 1716 4987 intimis
1765 4933 1913 5002 ejus,

251 5032 420 5087 vultu
460 5029 571 5101 qui
605 5025 963 5097 signiﬁcaret
992 5039 1124 5077 eum
1154 5038 1265 5076 non
1299 5037 1494 5092 parem
1529 5020 1662 5092 angi
1686 5021 1756 5074 iis
1790 5037 1914 5093 qua

255 5122 539 5176 dicturus
573 5114 875 5179 veniebat;
911 5112 1127 5183 quibus
1158 5110 1476 5181 expositis:
1513 5131 1541 5159 ‹‹
1571 5112 1650 5165 Ac
1702 5110 1812 5164 nisi
1859 5114 1917 5165 te

257 5208 399 5280 fuga
432 5202 724 5278 proripis,
757 5221 784 5251 »
819 5200 1104 5269 adjunxit,
1136 5219 1160 5249 α
1195 5197 1399 5270 paucis
1447 5197 1654 5253 diebus
1704 5198 1761 5251 in
1794 5214 1917 5253 ma-

255 5312 439 5366 gnam
476 5291 878 5349 calamitatem
911 5303 1003 5343 res
1033 5292 1147 5342 tute
1166 5286 1564 5358 prolabentur.
1587 5287 1693 5342 Sed
1725 5302 1917 5358 neque

258 5384 407 5439 mihi
443 5386 585 5437 tuta
620 5378 711 5433 hic
742 5378 1017 5444 deinceps
1041 5376 1137 5432 25
1167 5392 1329 5430 mora
1359 5381 1468 5440 est,
1491 5391 1690 5430 verum
1723 5381 1916 5430 trans-

261 5470 627 5543 fugiendum
658 5466 728 5520 ad
761 5471 964 5520 Persas
997 5464 1215 5536 pariter
1262 5464 1493 5533 utrique
1542 5468 1834 5529 nostrum,
1866 5464 1916 5519 si

260 5558 581 5615 oculorum
616 5569 755 5609 cura
783 5552 891 5609 tibi
922 5556 1031 5607 est.
1062 5574 1090 5601 ››
1116 5551 1244 5607 Haec
1274 5551 1410 5618 ille;
1437 5568 1563 5622 quas
1596 5551 1763 5607 facile
1790 5569 1919 5621 per-

264 5647 459 5705 suasit
490 5641 729 5701 amicus
757 5640 966 5710 amico,
998 5639 1109 5696 sibi
1140 5655 1373 5712 semper
1400 5640 1629 5697 timenti
1681 5644 1921 5713 propter

554 5771 828 5832 Panos.
877 5767 987 5851 Cia.
1032 5765 1273 5829 CXLIII

2040 3256 2465 3312 chartularium
2496 3263 2854 3328 cooptatum,
2888 3259 2989 3330 qui
3019 3263 3077 3314 et
3104 3259 3246 3332 ipsa:
3290 3262 3536 3317 Michael
3568 3263 3676 3318 Pa.-

2038 3343 2310 3416 lzeologus
2340 3345 2677 3413 vocabatur,
2711 3346 2836 3401 sine
2868 3347 3124 3417 periculo
3156 3364 3283 3405 esse
3337 3352 3672 3421 patiebatur

2037 3432 2315 3503 suspicio.
2350 3435 2496 3490 Cum
2546 3435 2702 3489 enim
2754 3434 2802 3490 is
2851 3434 3248 3509 interrogatus
3298 3440 3370 3494 de
3424 3440 3670 3512 imperio

2035 3520 2281 3575 candide
2301 3522 2675 3591 respondisse
2707 3522 3017 3590 diceretur,
3049 3525 3098 3579 si
3130 3525 3220 3579 cui
3252 3525 3537 3583 divinitus
3567 3528 3672 3583 de-

2034 3609 2289 3674 beretur,
2313 3608 2481 3664 illum
2514 3610 2753 3682 impune
2783 3626 3087 3682 capessere
3118 3613 3219 3683 qui
3247 3618 3573 3686 vocaretur,
3598 3632 3669 3687 ep

2033 3696 2188 3751 dicto
2218 3696 2398 3751 relato
2422 3697 2645 3752 invisus
2673 3714 3005 3771 exosusque
3038 3699 3399 3770 imperatori,
3421 3718 3543 3757 rem
3575 3704 3667 3758 in-

2033 3785 2271 3857 dignam
2325 3801 2429 3840 nec
2475 3785 2773 3840 ferendam
2828 3788 3108 3843 arbitrato
3157 3787 3337 3843 talem
3385 3789 3570 3845 virum
3605 3791 3666 3846 in

2030 3873 2320 3944 ejusmodi
2352 3872 2732 3945 cogitationes
2764 3880 3019 3929 mentem
3071 3876 3356 3943 attollere,
3388 3879 3663 3933 custodias

2026 3963 2255 4017 vinctus
2283 3962 2556 4017 traditur.
2589 3963 2811 4028 Quibus
2859 3962 2956 4016 ille
3005 3964 3243 4033 auditis,
3271 3965 3498 4036 sibique
3545 3983 3663 4022 non

2026 4050 2319 4106 immerito
2351 4054 2640 4117 metuens,
2668 4049 2761 4105 hic
2811 4051 3047 4119 quidem
3094 4068 3266 4123 grave
3296 4057 3352 4108 et
3382 4069 3659 4124 perquam

2028 4139 2427 4193 miserandum
2447 4140 2689 4208 putabat
2710 4154 2843 4192 cum
2865 4143 3028 4192 tanto
3055 4139 3311 4210 periculo
3337 4158 3659 4209 remanere,

2026 4226 2161 4281 inde
2191 4242 2321 4281 vero
2354 4226 2423 4281 ad
2446 4228 2710 4282 externos
2728 4226 3095 4296 transfugere
3116 4227 3371 4284 salutare
3396 4230 3657 4301 quidem,

2025 4320 2084 4369 at
2140 4315 2484 4385 probrosum
2537 4315 2865 4384 judicabat.
2906 4318 3095 4379 Quare
3154 4334 3285 4371 cum
3342 4323 3659 4389 utrumque

2027 4399 2245 4455 malum
2276 4399 2570 4456 videretur
2619 4404 2860 4472 urgente
2904 4401 2975 4455 ad
3027 4401 3360 4473 eligendum
3410 4403 3656 4458 alterum

2027 4488 2284 4560 periculo
2314 4488 2610 4560 presenti,
2630 4489 2784 4559 quod
2819 4489 3012 4543 minus
3033 4506 3063 4544 e
3088 4491 3319 4546 duobus
3352 4495 3440 4546 est
3470 4491 3657 4546 visum

1944 4566 1992 4630 D
2025 4578 2263 4649 optavit.
2296 4582 2498 4647 Itaque
2530 4576 2717 4631 multa
2748 4576 3009 4631 adhibita
3040 4578 3110 4632 ad
3145 4578 3445 4634 latendum
3477 4583 3661 4634 atten-

2023 4668 2181 4721 tione
2211 4682 2275 4722 ac
2297 4665 2625 4737 diligentia,
2650 4663 2995 4735 aescitisque
3045 4666 3399 4737 quibusdam
3431 4684 3461 4723 e
3493 4667 3660 4723 fami-

2022 4754 2283 4821 liaribus,
2315 4754 2668 4809 transmisso
2701 4753 2935 4808 ﬂumine
2967 4755 3206 4826 Sangari
3239 4763 3396 4811 recta
3434 4756 3492 4810 in
3526 4756 3659 4811 Per-

2023 4843 2211 4899 sidem
2264 4842 2492 4914 magnis
2540 4840 2841 4896 contendit
2873 4842 3206 4914 itineribus,
3240 4843 3661 4917 sultanumque

2024 4930 2309 4996 convenit,
2346 4930 2446 5000 qui
2477 4930 2774 4984 hominem
2808 4946 2940 4984 cum
2968 4932 3178 5002 gaudio
3211 4937 3267 4987 et
3314 4934 3528 5005 quibus
3558 4952 3662 5005 par

2024 5023 2147 5075 erat
2175 5019 2500 5074 honoribus
2531 5018 2759 5090 excipit.
2795 5021 2911 5073 Hoc
2968 5020 3200 5074 interim
3260 5023 3449 5093 spatio
3505 5023 3658 5093 apud

2024 5113 2250 5165 exteros
2282 5108 2391 5163 sub
2443 5107 2619 5178 regiis
2666 5106 2891 5162 vexillis
2940 5125 3074 5163 cum
3124 5110 3396 5166 hostibus
3444 5111 3661 5166 sultani

2025 5212 2377 5268 congressus
2409 5196 2725 5251 fortissime
2757 5212 2818 5249 se
2849 5195 3020 5267 gerit,
3054 5197 3469 5269 imperatorem
3504 5198 3662 5267 inde,

2026 5287 2076 5341 si
2108 5286 2253 5341 torte
2282 5285 2528 5351 audiret,
2554 5283 2666 5339 sibi
2692 5283 3123 5340 oonsiliandum
3156 5290 3257 5340 aut
3278 5285 3489 5341 saltem
3520 5285 3662 5341 deli-

2025 5374 2303 5430 niendum
2337 5389 2600 5444 sperans.
2628 5374 2766 5427 Inde
2788 5373 2978 5442 palam
3007 5375 3292 5443 pce-nitens
3325 5374 3660 5443 transfugii,

2026 5480 2093 5519 ac
2124 5464 2223 5519 26
2256 5477 2549 5517 recurrere
2580 5461 2649 5516 ad
2691 5477 2827 5516 suos
2860 5465 3070 5529 certus,
3105 5462 3155 5515 ei
3215 5462 3314 5531 qui
3348 5465 3487 5516 tunc
3539 5462 3661 5517 Ico-

2026 5551 2216 5607 niensi
2254 5549 2529 5606 Ecclesia:
2584 5554 2827 5619 praeerat
2873 5550 3186 5605 consilium
3237 5549 3661 5617 communicat,

2025 5641 2243 5711 illoque
2283 5638 2653 5709 deprecatore
2712 5637 2895 5693 utitur
2942 5638 3097 5710 apud
3146 5637 3584 5711 imperatorem,
3617 5638 3664 5694 si

3350 5765 3425 5824 15
