4154 6286
435 393 540 449 459

1724 380 2023 437 GEORHII
2062 379 2521 431 PACHYMERJE

3710 375 3817 429 460

437 518 723 592 γράμμασι
806 506 1186 585 σχεδιάσαντος
1261 509 1359 575 τὴν
1435 503 1717 579 πρεσοείαν
1776 504 1803 557 6
1861 504 2072 576 κρατῶν
2100 502 2156 570 Α
2183 498 2530 562 καθεσθέντος
2575 504 2654 570 τῷ
2699 499 2857 570 τίππῳ
2902 501 3028 574 παρ’
3059 497 3261 554 ἐκείνου
3312 499 3523 572 καιρίαν
3565 496 3826 572 βάλλεται

435 587 719 660 κατένευσε
773 602 870 667 τὴν
925 599 1279 670 συμπάθειαν,
1336 596 1425 649 καὶ
1484 592 1788 665 βασιλικαῖς
1871 587 2072 642 συλλα-

438 690 562 754 ϐαῖς
614 692 696 745 ἐπ’
726 686 993 765 ἀσφαλείᾳ
1047 689 1142 740 τοῦ
1205 686 1278 757 μή
1337 704 1387 737 τι
1436 683 1622 735 παθεῖν
1658 681 1967 749 ίάνήκεστον
2025 674 2077 744 ἐξ

440 781 605 855 ὀργῆς
638 779 925 833 ἐπάνεισιν.
959 777 1019 832 Ὁ
1066 772 1121 828 δὲ
1167 774 1257 827 καὶ
1307 769 1518 846 δέχεται
1574 772 1767 823 τοῦτον
1818 765 2075 840 πρόφρων

439 867 855 937 ταπεινωθέντα,
881 865 969 920 καὶ
1028 862 1376 938 ἀγκαλίζεται
1428 858 1744 932 προσιόντα,
1792 854 1879 909 καὶ
1938 854 2080 924 ὁμο-

442 957 710 1032 λογοῦντι
770 957 843 1016 ὡς
899 955 1070 1023 ἑαυτῷ
1135 947 1347 1004 σύνοιδε
1420 946 1644 1007 πταίσας
1730 942 2081 1017 ἀσύγγνωστα

443 1049 737 1119 συμπαθεῖ,
768 1042 858 1097 καὶ
888 1041 974 1096 ἐπὶ
1003 1047 1101 1109 τῆς
1134 1038 1396 1114 προτέρας
1426 1032 1570 1107 ἔχων
1597 1039 1785 1105 τιμῆς.

448 1163 495 1216 ι’.
555 1161 744 1219 ’Όπως
800 1159 827 1211 6
879 1151 1259 1228 ΙΙαλαιολόγος
1315 1146 1621 1211 ἐπανελθὼν
1699 1147 1786 1200 καὶ
1874 1141 2085 1217 δεχθεὶς

588 1244 870 1303 στέλλεται
902 1242 1200 1318 στρατηγὸς
1232 1241 1283 1294 έν
1314 1244 1429 1300 τοῖς
1459 1238 1593 1291 κατά
1621 1237 1718 1303 τὴν
1763 1233 1940 1287 Δύσιν.

521 1336 669 1393 Ἐπεὶ
729 1334 786 1389 δὲ
835 1337 934 1399 τῆς
988 1331 1123 1387 κατά
1179 1328 1323 1383 δύσιν
1380 1323 1712 1397 Ἐπιδάμνου
1783 1318 2086 1390 κατειλημ-

453 1425 619 1498 μένης
673 1425 811 1496 πρὸς
865 1426 971 1475 τῶν
1031 1418 1311 1493 ἡμετέρων
1379 1410 1682 1498 ἠγγέλλετο
1736 1412 1797 1498 τὸ
1857 1402 2087 1498 συμβὰν,

448 1515 539 1569 καὶ
598 1517 716 1572 τοῖς
769 1510 941 1564 ἐκεῖσε
990 1503 1093 1561 ἔδει
1130 1507 1220 1579 μὲν
1252 1502 1574 1578 ἀρχιερέως,
1604 1495 1708 1553 ἔδει
1742 1495 1787 1551 δ’
1817 1494 2090 1569 ἡγεμόνος

450 1603 539 1657 καὶ
592 1595 980 1674 στρατιώτιδος
1028 1594 1248 1664 τάξεως,
1280 1590 1579 1667 ἀρχιερέως
1630 1584 2091 1659 έπικηρυχθέντος

452 1696 549 1746 τοῦ
606 1686 1053 1756 Χαλκούτζη,’ὀς
1111 1684 1199 1736 καὶ
1258 1682 1355 1747 τὴν
1406 1682 1502 1732 τοῦ
1538 1673 1775 1750 μεγάλου
1833 1669 2093 1744 σκευοφό-

454 1780 622 1841 λακος
680 1776 767 1831 ἐπὶ
809 1783 909 1843 τῆς
956 1772 1214 1845 Μεγάλης
1256 1767 1546 1835 ἐκκλησίας
1598 1766 1711 1837 εἶχε
1750 1763 1938 1834 τιμὴν,
1970 1756 2095 1811 τού-

2188 589 2263 660 μή
2299 584 2483 643 λαϐὼν
2510 587 2657 658 ⁸ίσην.

2586 700 2978 756 ἀποστέλλεται
3052 698 3305 770 Χαδηνὸς
3361 701 3576 773 ἀγαγεῖν
3662 698 3824 753 αὐτὸν

2821 786 3192 862 σιδηρόδετον.

2191 703 2273 756 ια’.
2324 703 2510 763 "Ome;

2257 896 2428 951 ’ADt‘
2559 900 2585 932 7'
2686 895 2779 931 κέ
2872 895 2928 931 ”
3098 897 3111 915 ‘
3702 896 3715 913 '

2407 918 2437 950 α
2492 917 2588 951 του
2644 904 2948 971 Δδρραχιοδ
3014 916 3149 970 προς
3219 893 3617 963 Θεσσαλονίκην
3697 914 3830 947 υπο-

2191 985 2510 1060 στραφέντος
2572 982 2659 1037 διὰ
2711 984 2811 1052 τὴν
2883 983 3169 1058 σύγχυσιν,
3219 983 3469 1037 κάκείνου
3540 984 3612 1043 ὡς
3684 982 3832 1042 εἰκὸς

2192 1070 2620 1146 διαπονουμένου
2681 1071 2760 1148 ἐφ’
2819 1073 2864 1143 ᾧ
2940 1070 3229 1141 συσταλείη
3304 1071 3367 1125 τὸ
3428 1069 3839 1142 ἀνθιστάμενον,

2193 1163 2351 1236 φήμη
2386 1162 2679 1234 προτρέχει
2726 1162 2817 1214 τὸν
2864 1165 2969 1214 τῶν
3021 1159 3315 1233 βασιλικῶν
3368 1157 3554 1214 ἵππων
3615 1159 3839 1231 κόμητα

2194 1248 2437 1318 Χαδηνὸν
2500 1252 2619 1303 ὅσον
2674 1249 2770 1303 οὐκ
2818 1246 2926 1318 ἤδη
2970 1244 3405 1321 καταλαμϐάνειν
3437 1247 3837 1316 Θεσσαλονίκην

2195 1336 2563 1411 ἀγγέλλουσα,
2615 1338 2712 1391 οὐκ
2766 1334 2939 1392 ἄλλου
2996 1337 3157 1411 χάριν
3217 1338 3250 1406 ἢ
3303 1338 3393 1391 τὸν
3460 1334 3833 1409 Παλαιολόγον

2197 1427 2487 1497 καθέξοντα
2563 1428 2637 1487 ὡς
2709 1426 2932 1499 βασιλέα
3006 1423 3225 1497 δέσμιον
3307 1425 3560 1500 ἐνεγκεῖν.
3619 1424 3714 1477 Καὶ
3774 1426 3840 1485 ’ὸς

2199 1515 2415 1591 (ἔφθασε
2460 1515 2559 1590 γὰρ
2613 1510 2899 1588 διατρίϐων
2950 1515 3000 1568 ἐν
3034 1513 3395 1586 Θεσσαλονίκῃ
3434 1518 3513 1583 τῷ
3562 1509 3841 1581 τηνικάδε)

2202 1603 2433 1664 ἀκούσας
2489 1604 2549 1657 τὸ
2602 1603 2978 1679 φημιζόμενον
3042 1601 3188 1656 δεινά
3245 1601 3438 1669 έποίει,
3466 1600 3555 1654 καὶ
3597 1601 3839 1675 στρέφων

2203 1693 2268 1759 ἦν
2324 1691 2408 1745 ἐπὶ
2469 1689 2747 1766 λογισμῶν
2806 1689 2858 1743 τί
2904 1711 3035 1744 ποτε
3062 1691 3162 1763 ἄρα
3191 1694 3268 1760 τῷ
3303 1687 3518 1763 βασιλεῖ
3550 1686 3700 1760 δόξαν
3762 1688 3838 1748 ὡς

2205 1781 2390 1834 ἑαυτὸν
2451 1778 2557 1853 οὐχ
2614 1779 2688 1839 ὡς
2740 1775 2974 1851 ἔπεμψεν
3034 1777 3309 1852 ἐπανάγει,
3342 1776 3486 1832 ἀλλά
3531 1781 3666 1849 τιμῇ
3697 1796 3839 1851 προ-

452 1890 531 1938 τφ
583 1862 943 1935 συνεκπέμπει
1000 1861 1249 1914 κάκεῖνον
1307 1852 1904 1941 ἡγεμονεύσονταξῖων
1965 1848 2424 1941 ἐκίξξίθπέμψας
2482 1868 2790 1930 ἐπανελθεῖν
2851 1868 3160 1941 ἀναγκάζειν
3221 1866 3363 1929 θέλει
3432 1867 3546 1939 μετ’
3598 1866 3841 1937 ἀτιμίας,

453 1937 752 2029 προστάξας
811 1950 1170 2024 συμπράττειν
1229 1946 1291 2000 τὸ
1340 1943 1493 2013 δόξαν
1565 1941 1654 1995 καὶ
1732 1937 1927 1999 ἄλλοις
2006 1937 2098 2008 μὲν

459 2025 733 2119 ἀρχηγοῖς
794 2044 910 2101 τοῖς
966 2038 1098 2107 ἐκεῖ,
1153 2033 1389 2107 μάλιστα
1442 2029 1498 2084 δέ
1555 2050 1618 2103 γε
1670 2032 1749 2098 τῷ
1806 2028 1958 2098 ἱερεῖ.
2008 2025 2097 2084 Ὠς

450 2112 752 2190 Θεσσαλίας
811 2125 901 2181 διὰ
954 2126 1164 2198 ταχέων
1226 2116 1492 2189 ἐπέϐησαν
1547 2118 1635 2171 καὶ
1685 2112 1793 2183 ἤδη
1851 2114 1987 2187 πρὸς
2036 2112 2098 2165 τὸ

452 2221 805 2296 περαιοῦσθαι
864 2217 956 2271 τὸν
1018 2213 1266 2284 ποταμὸν
1325 2209 1623 2283 Βαρδάριον
1682 2206 1837 2279 ᾖσαν,
1888 2207 1953 2277 [Ρ
1999 2203 2101 2296 ’14]

452 2292 769 2385 περαιοῦται
834 2306 926 2378 μὶν
987 2304 1014 2357 6
1056 2301 1281 2376 ἡγεμὼν
1351 2300 1444 2351 σὺν
1498 2302 1615 2358 ταῖς
1669 2296 1847 2364 τάξεσι
1905 2292 2102 2367 πρότε-

457 2378 576 2471 ρον,
630 2393 862 2469 εὑρίσκει
923 2389 979 2445 δὲ
1028 2391 1094 2444 τὰ
1148 2385 1281 2461 τῇδε
1362 2383 1741 2459 συγκεχυμένα
1822 2382 1909 2435 καὶ
1969 2378 2105 2454 πρὸς

461 2469 707 2541 απιστίαν
758 2482 1039 2548 κλίναντα,
1075 2478 1103 2531 6'
1149 2497 1207 2530 τε
1252 2476 1340 2529 καὶ
1373 2476 1400 2527 ὁ
1428 2478 1525 2527 τοῦ
1575 2470 1839 2527 δεσπότου
1872 2469 2105 2544 Μιχαὴλ

462 2575 521 2630 ἐκ
576 2572 786 2637 νοθείας
846 2569 1062 2629 σκότιος
1110 2569 1237 2626 παῖς
1279 2560 1539 2629 Μανουήλ
1568 2562 1752 2634 τυχὼν
1786 2559 1956 2614 ἐκεῖσε
2012 2557 2103 2611 σὺν

457 2665 628 2735 ἱκανῷ
684 2659 1065 2735 στρατεύματι,
1121 2653 1213 2708 καὶ
1287 2649 1626 2723 συμπλακεὶς
1701 2653 1779 2720 τῷ
1848 2645 2103 2719 πολέμῳ,

456 2753 524 2808 τὰ
552 2754 742 2825 πρῶτα
775 2748 868 2821 μέν
904 2747 1072 2819 ὁμόσε
1100 2743 1366 2817 χωρήσας
1408 2744 1488 2809 τῷ
1535 2736 1766 2811 ἡγεμόνι
1811 2738 2105 2825 τῷῗκομντῷ

462 2843 691 2902 συνωθεῖ
736 2836 827 2891 καὶ
878 2834 1079 2910 ῥιπτεῖ,
1126 2830 1310 2885 ἔπειτα
1368 2826 1422 2881 δὲ
1482 2827 1767 2885 συστάντος
1832 2824 1921 2877 καὶ
1988 2820 2104 2876 ἐπι-

457 3023 604 3076 forte
634 3018 949 3088 impetrare
980 3014 1178 3085 posset
1210 3009 1401 3080 regias
1450 3008 1695 3073 litteras,
1730 3005 1944 3075 quibus
1994 3002 2106 3058 sibi

472 3110 619 3163 fides
648 3109 805 3161 certa
834 3104 999 3158 fieret
1055 3101 1151 3154 irae
1210 3096 1584 3169 imperatoris
1642 3095 1811 3165 plane
1870 3093 2104 3161 sedatae,

2205 1957 2293 2011 καὶ
2343 1958 2401 2011 ’ὀν
2457 1957 2789 2029 συμπαθείας
2848 1955 3002 2027 ἠξίου
3053 1953 3141 2009 διὰ
3168 1954 3500 2030 γραμμάτων
3558 1954 3648 2007 καὶ
3699 1952 3843 2007 οὕτω

2206 2048 2481 2119 καρτερῶς
2532 2046 2861 2115 ἀμνημονεῖν
2918 2044 3072 2114 ἐῴκει
3126 2047 3232 2097 τῶν
3315 2043 3705 2117 πεπραγμένων
3765 2042 3842 2102 ὡς

2208 2132 2297 2186 καὶ
2355 2131 2647 2206 ἡγεμονίας
2695 2133 2873 2201 ἀξιοῦν
2918 2132 3199 2205 μεγίστης,
3257 2136 3469 2202 τοῦτον,
3514 2131 3607 2192 τὰς
3652 2131 3845 2198 συνθή-

2210 2241 2307 2281 κας
2354 2216 2771 2292 ἀναλαμϐάνων,
2820 2221 2892 2281 ὡς
2942 2219 3020 2295 ἐφ’
3054 2220 3522 2293 ὁμολογουμέναις
3571 2219 3849 2272 καθοσιώ-

2213 2328 2323 2363 σεσι
2350 2309 2675 2381 κατακρίνει.
2707 2310 2899 2379 ’Όμως
2932 2307 3030 2362 οὐκ
3058 2302 3200 2380 ἔχων
3235 2308 3361 2361 ὅποι
3403 2312 3508 2361 τῶν
3557 2305 3846 2381 λογισμῶν

2212 2396 2301 2451 καὶ
2330 2401 2438 2450 τῶν
2477 2394 2614 2451 ὁδῶν
2645 2396 2929 2470 τράποιτο,
2961 2395 3046 2450 ἐπὶ
3105 2396 3230 2450 Θεὸν
3281 2395 3630 2471 καταφεύγειν
3682 2391 3849 2467 ἔγνω.

2214 2483 2499 2539 Κοινοῦταί
2544 2504 2603 2537 τε
2648 2488 2726 2555 τῷ
2776 2484 3085 2559 Δυρραχίου
3114 2483 3182 2537 τά
3209 2483 3344 2537 κατὰ
3373 2484 3619 2556 γνώμην,
3650 2481 3741 2535 καί
3800 2483 3853 2535 οἱ

2213 2579 2312 2642 τῆς
2340 2572 2474 2647 πρὸς
2516 2573 2576 2626 τὸ
2607 2577 2758 2625 Θεῖον
2790 2572 3019 2631 ἱκετείας
3068 2572 3393 2644 συνάρασθαι
3456 2568 3649 2626 δέεται.
3684 2568 3864 2633 Εὐθὺς

2214 2662 2386 2715 τοίνυν
2422 2658 2617 2732 (ἐδόκει
2646 2662 2749 2733 γὰρ
2781 2660 3002 2723 αὐτόθεν
3060 2660 3149 2713 καὶ
3198 2660 3260 2714 τὸ
3307 2665 3534 2734 πρᾶγμα
3577 2656 3854 2734 θεοφιλὶς)

2216 2748 2299 2803 ἐπὶ
2350 2755 2449 2818 τῆς
2496 2752 2591 2803 τοῦ
2638 2747 2949 2805 Ἀκατονίου
3003 2754 3172 2820 μονῆς
3235 2746 3619 2822 ὑμνολογεῖται
3676 2746 3852 2820 παρά-

2213 2836 2409 2909 κλησις
2490 2838 2678 2900 νυκτὸς
2756 2837 2843 2913 ἀφ’
2912 2837 3159 2910 ἑσπέρας,
3216 2839 3314 2905 τῆς
3396 2834 3854 2913 έπιγενησομένης

2215 3019 2301 3076 ii.
2332 3019 2567 3074 Mittitur
2598 3017 2879 3073 Chadenus
2910 3016 3171 3071 ducturus
3214 3014 3594 3085 Palaeoiogum
3636 3014 3854 3072 catenis

2903 3107 3164 3159 vinctum.

466 3198 669 3267 Sicque
699 3197 858 3248 “ltus
898 3189 1011 3260 iPSi
1058 3193 1115 3243 et
1162 3201 1402 3241 securus
1452 3182 1810 3254 contingeret
1857 3181 2097 3271 ι’θάίΨδο
2132 3203 2175 3271 C
2282 3198 2488 3254 Verum
2523 3194 2799 3265 Dyrrachi
2832 3193 3075 3264 praesule
3108 3191 3587 3248 Thessalonicam
3639 3192 3711 3248 ob
3745 3207 3847 3247 eas

462 3289 533 3338 At
565 3279 811 3354 praesule
833 3276 1128 3349 negotium
1154 3279 1394 3346 urgente
1422 3272 1620 3327 missis
1647 3272 1773 3326 sine
1806 3286 1968 3325 mora
1989 3270 2088 3323 lit-

464 3372 605 3428 teris
638 3370 955 3439 imperator
984 3363 1191 3420 annuit
1220 3362 1566 3431 veniamque
1589 3357 2094 3423 concessit,chiro-

463 3459 682 3531 grapho
716 3472 925 3512 cavens
974 3452 1219 3520 homini,
1254 3449 1399 3505 nihil
1449 3464 1721 3520 asperum
1766 3449 1837 3502 ab
1882 3446 1969 3501 ira
1998 3450 2100 3500 aut

465 3563 638 3621 grave
697 3559 1030 3616 passurum.
1077 3542 1390 3595 Reversum
1441 3537 1688 3607 benigne
1737 3535 1969 3605 excipit,
2001 3534 2098 3588 de-

471 3637 797 3692 mittentem
831 3648 891 3687 se
922 3637 977 3686 et
1008 3630 1377 3685 accedentem
1410 3625 1796 3696 amplectitur,
1820 3631 1877 3679 et
1897 3622 2100 3677 fatenti

472 3724 691 3781 nullam
726 3738 788 3778 se
818 3718 1027 3776 mereri
1057 3717 1285 3772 veniam
1318 3715 1521 3786 parcit,
1555 3730 1806 3785 eumque
1847 3711 2120 3783 pristinae.

473 3811 731 3869 restituit
768 3806 1062 3880 dignitati.

476 3906 560 3959 10.
599 3904 661 3958 Ut
703 3915 952 3955 reversus
982 3900 1033 3951 et
1064 3897 1196 3950 bene
1244 3900 1499 3964 exceptus
1527 3892 1870 3961 Palazologus
1914 3889 2110 3944 missus

900 3984 1072 4057 fuerit
1101 3984 1214 4038 dux
1243 3982 1305 4037 in
1335 3982 1687 4038 Occieentem.

547 4077 832 4143 Quoniam
866 4091 996 4130 vero
1028 4074 1099 4127 de
1128 4071 1450 4142 Epidamno
1482 4069 1543 4124 in
1592 4068 1901 4124 Occidente
1949 4069 2118 4137 capta

480 4184 783 4223 sermones
815 4169 872 4219 et
903 4163 1106 4219 littera
1140 4164 1473 4215 nostrorum
1506 4157 1969 4227 proferebantur,
2005 4155 2120 4210 ibi-

476 4275 588 4328 que
620 4254 1106 4311 desiderabantur
1143 4257 1200 4304 et
1248 4248 1455 4319 praesul
1490 4252 1547 4301 et
1576 4248 1693 4300 dux
1744 4250 1800 4300 et
1849 4244 2122 4300 militaris

479 4347 653 4413 acies,
688 4341 1021 4398 renuntiato
1080 4336 1325 4409 praesule
1379 4333 1709 4399 Chalcutze,
1746 4333 1846 4404 qui
1901 4338 2121 4405 Magnae

474 4428 1136 4499 Constantinopolitanzs
1206 4423 1463 4480 ecclesia:
1535 4430 1780 4494 praeerat
1850 4424 2103 4479 sacrario

479 4540 613 4580 eum
645 4523 753 4577 hoc
786 4496 1003 4576 missus
1038 4534 1151 4571 une
1186 4516 1541 4586 Palaaologus
1589 4520 1678 4571 est
1715 4520 1778 4570 ut
1831 4516 1998 4571 ducis
2048 4496 2131 4580 ibi

486 4628 722 4667 munere
756 4612 1117 4680 fungeretur,
1151 4606 1244 4660 cui
1278 4606 1626 4659 mandatum
1681 4604 2033 4659 nominatim
2065 4605 2123 4659 in

482 4702 541 4754 in
575 4697 958 4753 decernendis
991 4696 1163 4750 rebus
1188 4710 1319 4749 cum
1345 4698 1684 4749 caterorum
1711 4693 1808 4765 qui
1832 4693 2004 4748 isthic
2029 4710 2124 4748 es-

484 4793 615 4843 sent
645 4787 884 4853 ducum,
917 4788 1040 4838 tum
1074 4783 1133 4836 in
1176 4782 1384 4852 primis
1416 4781 1681 4853 praesulis
1725 4780 1967 4836 consilio
2001 4786 2122 4836 ute-

487 4882 665 4931 retur.
701 4874 816 4929 Hoc
846 4873 1053 4926 itinere
1085 4870 1347 4925 celeriter
1380 4872 1695 4941 trangressi
1735 4870 2121 4935 Thessaliam,

482 4980 616 5019 cum
642 4965 765 5033 jam
798 4959 1142 5014 Bardarium
1192 4959 1412 5013 ﬂumen
1463 4958 1873 5015 transmissuri
1904 4962 2119 5027 essent,

482 5052 700 5122 trajicit
730 5049 987 5121 primum
1020 5049 1137 5101 dux
1159 5063 1293 5101 cum
1327 5046 1531 5117 copiis,
1557 5048 1653 5101 ubi
1676 5048 1874 5102 omnia
1896 5052 2119 5118 pertur-

490 5146 622 5198 bata
651 5143 706 5194 et
738 5138 809 5192 ad
833 5135 1215 5190 defectionem
1242 5134 1520 5190 inclinata
1550 5136 1782 5206 reperit,
1808 5137 2042 5205 quando
2066 5140 2123 5191 et

493 5226 794 5284 Michaelis
820 5226 1073 5295 despotte
1099 5222 1313 5278 nothus
1328 5227 1382 5277 et
1407 5224 1692 5278 obscurus
1709 5223 1867 5278 ﬁlius
1892 5224 2119 5279 Manuel

485 5334 617 5373 eum
678 5314 833 5369 haud
888 5326 1027 5367 sane
1078 5312 1503 5366 contemnendo
1556 5311 1809 5365 exercitu
1862 5311 2005 5366 forte
2053 5328 2118 5368 eo

488 5406 745 5473 veniens,
778 5405 1041 5458 conserto
1073 5400 1288 5471 praelio,
1322 5400 1578 5469 primum
1611 5399 1849 5471 quidem
1882 5417 2117 5472 aggres-

485 5511 586 5550 sus
617 5493 823 5546 dueem
854 5490 1055 5544 lancea
1093 5488 1365 5559 propellit
1394 5489 1488 5543 27
1539 5492 1595 5542 et
1624 5487 1875 5559 projicit,
1908 5489 2117 5544 deinde

483 5599 615 5638 cum
650 5581 699 5635 is
730 5577 1146 5634 assurrexisset
1176 5582 1235 5631 et
1263 5592 1410 5647 equo
1444 5576 1778 5648 insedisset,
1798 5575 2010 5634 vulnus
2043 5579 2114 5634 ab

485 5687 549 5727 eo
582 5666 794 5724 lethale
826 5666 1069 5738 accepit,
1102 5680 1207 5721 nec
1237 5682 1342 5737 par
1372 5666 1651 5737 reposuit.

2199 3287 2405 3343 turbas
2441 3299 2690 3349 reverso,
2726 3283 3070 3351 eodemque,
3104 3286 3277 3351 prout
3307 3296 3399 3335 res
3431 3281 3730 3351 poscebat,
3765 3297 3857 3335 sa-

2199 3376 2439 3445 tagente
2470 3376 2534 3425 ut
2565 3371 2936 3425 mitterentur
2959 3370 3059 3440 qui
3087 3368 3584 3424 tumultuantibus
3605 3368 3858 3424 obsiste-

2205 3464 2353 3529 rent,
2386 3474 2588 3513 rumor
2617 3458 2920 3528 praecurrit
2949 3457 3311 3528 imperatorii
3335 3456 3636 3528 equitatus
3661 3456 3855 3511 comi-

2206 3555 2321 3605 tem
2346 3546 2681 3601 Chadenum
2708 3545 3145 3616 quamprimum
3171 3554 3579 3615 perventurum
3602 3543 3855 3599 Thessa-

2210 3636 2478 3702 lonicam,
2500 3651 2612 3689 non
2636 3634 2811 3689 aliam
2830 3635 2901 3689 ob
2920 3649 3158 3689 causam
3178 3649 3355 3704 quam
3379 3637 3441 3686 ut
3458 3631 3855 3701 Palmologum

2214 3724 2699 3795 comprehensum
2731 3721 3109 3794 vinctumque
3135 3722 3206 3776 ad
3232 3722 3646 3791 imperatorem
3678 3721 3860 3774 duce-

2218 3811 2873 3881 ret.Atille(versabatur
2885 3810 3039 3866 enim
3053 3816 3108 3865 et
3121 3811 3244 3881 ipse
3259 3814 3397 3864 tunc
3409 3806 3864 3878 Thessalonicae)

2219 3902 2419 3958 audito
2450 3901 2604 3972 quod
2654 3901 2972 3968 ferebatur,
3003 3914 3144 3954 sane
3194 3915 3368 3969 quam
3418 3914 3567 3969 aegre
3614 3896 3867 3962 ferebat,

2226 4008 2545 4062 secumque
2579 3991 2704 4061 ipse
2736 3990 2941 4055 animo,
2962 3989 3143 4044 multa
3190 3990 3481 4054 versabat,
3516 3987 3870 4057 desquirens

2229 4097 2355 4151 qua:
2376 4096 2552 4135 causa
2574 4085 2690 4134 tam
2712 4078 2995 4150 inopinati
3020 4077 3247 4133 consilii
3273 4077 3481 4133 fuisset
3501 4074 3868 4147 imperatori,

2232 4178 2297 4225 ut
2328 4177 2444 4225 tam
2478 4171 2703 4225 diverso
2735 4168 2905 4223 modo
2937 4168 3008 4222 de
3039 4184 3100 4223 se
3131 4170 3435 4235 statueret,
3465 4172 3522 4221 et
3550 4182 3721 4236 quem
3746 4169 3870 4219 tam

2234 4258 2553 4314 honorifice
2586 4258 2755 4312 modo
2787 4256 3047 4311 miserat.
3082 4256 3273 4310 statim
3314 4259 3433 4309 tam
3476 4253 3873 4325 ignominiosa

2239 4352 2552 4416 revocaret,
2586 4345 2795 4415 cuique
2843 4346 3019 4415 regiis
3062 4344 3270 4399 litteris
3318 4342 3486 4397 venia
3530 4341 3705 4413 paulo
3736 4344 3873 4394 ante

2240 4436 2661 4504 securitateque
2683 4433 2941 4488 stabilita
2961 4449 3093 4487 cum
3116 4432 3287 4503 plena
3299 4430 3585 4486 oblivione
3608 4434 3868 4483 veterum

2244 4525 2585 4581 delictorum
2620 4522 2819 4593 gratia:
2852 4538 2966 4576 non
2993 4520 3250 4592 vulgaris
3273 4519 3461 4575 locum
3490 4520 3644 4590 apud
3678 4534 3741 4573 se
3773 4516 3875 4571 tri-

2240 4616 2465 4679 buerat,
2488 4612 2763 4683 dignatus
2788 4611 2981 4680 ipsum
3005 4610 3222 4665 honore
3245 4607 3520 4674 maximo,
3543 4623 3679 4662 eum
3713 4621 3871 4659 nunc

2233 4702 2419 4775 pactis
2450 4700 2747 4756 conventis
2780 4703 3072 4754 momento
3100 4697 3383 4766 rescissis,
3419 4695 3570 4751 velut
3601 4693 3869 4749 criminis

2232 4789 2590 4846 detestabilis
2638 4794 3022 4859 compertum,
3056 4790 3290 4856 repente
3331 4786 3654 4839 damnaret.
3689 4784 3869 4839 Caete-

2233 4897 2363 4934 rum
2378 4895 2509 4934 cum
2526 4877 2663 4947 quid
2683 4876 2932 4932 consiliii
2958 4880 3185 4946 caperet
3204 4890 3388 4945 quove
3407 4890 3468 4927 se
3485 4875 3734 4927 verteret
3754 4887 3870 4926 non

2232 4968 2488 5033 haberet,
2508 4967 2577 5021 ad
2594 4965 2851 5019 divinam
2869 4963 3179 5035 petendam
3194 4978 3361 5033 opem
3388 4961 3498 5016 sibi
3522 4959 3868 5031 confugien-

2231 5057 2369 5111 dum
2420 5070 2547 5110 esse
2596 5053 2793 5121 duxit;
2828 5052 3373 5119 communicataque
3422 5066 3558 5104 eum
3607 5047 3867 5119 Dyrrha—

2228 5144 2449 5198 chiensi
2484 5159 2641 5207 cura,
2662 5158 2794 5196 eum
2820 5145 2884 5195 ut
2913 5140 3025 5195 sibi
3058 5140 3265 5195 adesse
3286 5138 3486 5194 divina
3509 5154 3610 5209 pro
3642 5153 3707 5192 se
3756 5151 3865 5207 ope

2229 5232 2592 5302 imploranda
2625 5248 2694 5284 ne
2722 5235 2995 5301 gravetur
3024 5233 3208 5300 rogat.
3232 5231 3354 5292 Quo
3377 5227 3545 5282 facile
3568 5229 3864 5281 annuente

2228 5326 2342 5389 (res
2372 5319 2523 5376 enim
2557 5336 2658 5389 per
2688 5335 2750 5373 se
2777 5317 2870 5388 pia
2902 5318 3129 5388 Deoque
3159 5320 3323 5387 grata
3352 5315 3671 5381 videbatur
3720 5310 3861 5385 peti)

2227 5409 2285 5463 in
2319 5407 2582 5463 Acatonii
2618 5405 2967 5460 monasterio
2997 5424 3028 5458 a
3059 5420 3298 5474 vespera
3328 5406 3629 5458 nocturna:
3650 5402 3861 5457 decan-

2225 5504 2360 5553 tata:
2377 5504 2513 5551 sunt
2535 5511 2732 5566 preces
2758 5511 2771 5549 :
2800 5498 3032 5566 postera
3050 5492 3263 5565 quippe
3285 5492 3376 5546 die
3398 5506 3627 5547 sacrum
3671 5491 3859 5546 facere

2225 5585 2437 5658 praesul
2493 5584 2834 5638 decreverat.
2870 5582 2969 5638 28
3001 5582 3068 5638 Ut
3113 5580 3293 5652 igitur
3341 5577 3718 5635 illucescente
3764 5580 3857 5634 die

2224 5679 2404 5732 statas
2423 5690 2488 5729 ac
2509 5672 2800 5729 solemnes
2816 5671 2989 5728 horas
3012 5683 3365 5743 percurrere,
3391 5666 3649 5725 divinam
3673 5666 3855 5725 factu-
