4154 6286
296 454 397 508 461

1425 454 1513 505 DE
1551 447 1917 505 MICHAELE
1960 445 2311 502 PALEOGO
2347 449 2480 502 LIB.
2520 451 2569 501 Ι.

3587 452 3692 507 462

292 578 504 652 ἡμέρας
532 574 584 630 ἐν
616 579 694 647 νῷ
724 576 903 637 θέντος
933 580 1032 630 τοῦ
1081 575 1381 651 ἀρχιερέως
1429 576 1528 642 τὴν
1580 572 1726 647 ἱερὰν
1776 568 1931 624 τελέ-
1963 568 2016 632 Α
2046 570 2351 641 πονώτερον
2404 570 2698 643 ἐρευνῶντα
2746 574 2865 647 περί
2916 572 3177 628 τοιούτων
3227 574 3536 648 ἐγνωκέναι.
3582 575 3688 632 Καὶ

286 687 371 720 σαι
424 663 828 739 μυσταγωγίαν.
860 665 951 725 Ὡς
996 668 1129 737 γοῦν
1181 664 1487 740 ἐπέφωσκεν
1538 666 1572 730 ἡ
1626 661 1806 733 ἡμέρα
1856 662 1945 711 και

284 755 383 817 τὰς
433 754 801 825 νομιζομένας
847 752 990 827 ὥρας
1036 750 1269 815 διελθεῖν
1321 749 1549 823 ἔμελλεν
1584 751 1611 802 ὁ
1657 746 1916 823 ἀρχιερεὺ

289 843 368 919 ἐφ’
396 843 440 912 ᾦ
472 842 897 915 λειτουργήσειε,
932 841 1087 915 σιγήν
1122 841 1214 913 μὲν
1266 839 1586 909 ἐπισκήπτει
1644 842 1758 896 τοῖς
1818 818 1949 913 iing

288 933 398 996 θεν,
432 929 591 990 αὐτὸς
650 926 705 982 δὲ
753 928 888 982 κατά
941 928 1108 1000 μόνας
1147 926 1349 1000 ὡμίλει
1382 926 1522 998 Θεῷ,
1555 924 1766 983 καὶτὰς
1817 944 1946 989 συν-

293 1020 445 1087 ήθεις
501 1017 591 1070 καὶ
651 1014 1067 1089 προτελεστικὰς
1122 1016 1291 1089 εύχας
1371 1015 1487 1087 μεθ’
1546 1015 1627 1067 ὅτι
1682 1011 1950 1082 πλείστης

294 1101 551 1159 ἀπεδίδου
609 1112 711 1172 τῆς
768 1104 1024 1178 ἡσυχίας.
1059 1105 1198 1160 Τότε.
1246 1102 1311 1171 δὴ
1358 1103 1482 1157 τότε
1538 1100 1751 1175 λέγεται
1781 1098 1950 1151 ἀκοῦ-

302 1213 391 1245 σαι
445 1199 623 1267 φωνῆς
678 1198 777 1260 τῆς
834 1192 1001 1261 αὐτῆς
1052 1190 1253 1245 ἐκεῖνον
1318 1191 1377 1245 ἐκ
1432 1189 1643 1264 τρίτου,
1678 1187 1784 1261 οὐχ
1838 1187 1951 1257 ἅμα

306 1277 506 1333 ἀλλ’ἐν
561 1284 637 1349 τῷ
689 1278 885 1351 μεταξὺ
938 1283 1129 1353 καιροῦ
1174 1276 1540 1339 διαλείποντς.
1597 1280 1677 1349 [Ρ.
1718 1277 1799 1345 15]
1844 1279 1947 1342 Καὶ

308 1369 338 1435 ἡ
373 1369 520 1441 φωνὴ
554 1368 747 1436 λέξεως
778 1368 841 1420 ού
875 1369 1167 1437 συνήθους,
1198 1364 1320 1420 οὔτε
1355 1368 1461 1437 μὴν
1495 1366 1598 1440 οὐχ
1642 1364 1789 1423 ὅπως
1823 1361 1953 1415 Ἑλ-

302 1454 523 1524 ληνικὴ,
557 1452 835 1509 ἀλλὀύδέ
882 1475 989 1508 τινι
1040 1452 1191 1528 ἑτέρᾳ
1235 1454 1455 1527 γλώσσῃ
1503 1454 1798 1528 προσήκειν
1857 1448 1949 1503 δο-

304 1546 465 1596 κοῦσα
500 1563 511 1575 ·
548 1544 773 1615 Μάρπου
806 1542 908 1617 γὰρ
940 1542 1176 1617 ἐλέγετο,
1209 1542 1297 1596 καὶ
1336 1541 1501 1596 πλέον
1554 1542 1650 1595 οὐκ
1700 1542 1793 1607 ἦν.
1835 1541 1929 1614 Ἐφ

294 1631 337 1700 ᾧ
372 1628 438 1698 δὴ
472 1633 818 1701 θαυμάσαντα
847 1632 937 1684 τὸν
972 1631 1227 1705 ἀρχιερέα
1266 1630 1418 1692 εὐθὺς
1478 1628 1796 1704 προσελθεῖν
1855 1632 1935 1697 τῷ

292 1716 690 1786 Θεσσαλονίκης
740 1718 790 1789 (ὁ
842 1715 1131 1779 δισύπατος
1181 1717 1246 1785 ἦν
1305 1714 1597 1788 Μανουήλ)
1629 1715 1717 1769 καὶ
1774 1715 1951 1787 ἀπαγ-

288 1803 468 1879 γεῖλαι
500 1804 652 1864 ὅπως
681 1824 738 1858 τε
770 1805 983 1875 σταθείη
1018 1804 1093 1866 εἷς
1144 1806 1243 1873 τήν
1300 1806 1434 1877 μετά
1477 1801 1807 1876 ψαλμῳδίας
1865 1801 1952 1862 ἐν,

2057 654 2122 724 δὴ
2177 658 2438 731 γνωρίσαι
2486 661 2712 722 θέΛοντα
2748 666 2915 715 ταῦτα
2942 663 2987 733 ᾦ
3010 684 3069 737 γε
3096 662 3186 716 καὶ
3216 665 3250 731 ἡ
3279 670 3378 733 τῆς
3412 663 3689 737 βασιλείας

2054 753 2398 819 κατηγγυᾶτο
2457 750 2729 822 περιωπὴ,
2790 750 2879 803 καὶ
2938 750 3212 827 ἀναφέρειν
3299 754 3412 805 οἷον
3487 753 3690 807 ἐκεῖνον

2055 840 2152 901 τῆς
2211 832 2409 903 λύπης,
2441 835 2554 889 ἐπεὶ
2611 838 2696 890 καὶ
2755 838 2879 910 περὶ
2912 837 3045 910 αὐτῇ
3076 841 3145 909 τῇ
3178 843 3289 912 ζωῇ
3324 838 3600 911 ἐδεδοίκει,
3631 841 3693 895 τὸ

2061 922 2152 991 μὲν
2205 920 2264 975 ἐκ
2315 917 2518 994 βίϐλων
2573 922 2766 978 εἰδέναι
2819 925 2996 1000 λέγειν
3063 929 3136 999 μὴ
3190 923 3338 1001 ἔχειν
3383 926 3569 1001 ἐκείνῳ
3596 949 3691 982 πι-

2058 1009 2258 1062 στεύειν
2293 1008 2441 1079 (οὐδὲ
2496 1014 2596 1085 γὰρ
2654 1012 2931 1087 ἀραρότως
2991 1014 3107 1089 εἶχε
3163 1020 3281 1077 ταῖς
3336 1010 3552 1090 βίϐλοις
3610 1014 3691 1071 ἐπ’

2057 1094 2287 1164 ἀδήλοις
2338 1104 2456 1160 ταῖς
2516 1097 2855 1171 ἀποϐάσεσι),
2909 1101 3074 1157 τὸδ’
3128 1104 3186 1157 ἐκ
3245 1109 3378 1159 Θεοῦ
3453 1108 3691 1181 φανερῶς

2059 1181 2304 1252 ἀκοῦσαι,
2341 1186 2414 1257 μὴ
2445 1188 2530 1240 καὶ
2564 1185 2835 1250 πολλάκις
2892 1190 2984 1243 τὸν
3035 1189 3203 1265 λόγον
3258 1192 3525 1246 πιστεύειν
3577 1190 3691 1246 δια-

2056 1277 2233 1325 πεσεῖν
2264 1270 2578 1343 δεδοικέναι,
2610 1276 2817 1331 καὶδιά
2864 1282 3029 1332 ταῦτα
3083 1284 3162 1349 τῷ
3209 1280 3516 1357 Δυρραχίου
3568 1283 3690 1355 περὶ

2055 1363 2161 1411 τῶν
2193 1360 2455 1415 τοιούτων
2486 1364 3017 1439 κοινολογησάμενον
3064 1367 3210 1438 αύτῷ
3261 1370 3353 1439 μὲν
3410 1368 3695 1432 ὑποθέσθαι

2060 1446 2228 1521 λέγειν
2283 1456 2381 1517 τῆς
2441 1458 2622 1525 φωνῆς
2691 1454 2936 1521 ἀκοῦσαι,
2982 1453 3181 1508 ἐκεῖνον
3242 1453 3289 1509 δ’
3344 1456 3693 1511 ἀναπτύσσειν

2058 1544 2467 1605 προσποιεῖσθαι
2527 1543 2661 1614 πρὸς
2709 1540 2839 1617 ὅπερ
2899 1544 2986 1597 καὶ
3039 1543 3299 1617 βούλοιτο
3327 1548 3427 1614 τήν
3456 1548 3581 1621 παρ’
3610 1546 3699 1600 αύ-

2057 1630 2152 1677 τοῦ
2210 1630 2539 1683 συντεθεῖσαν
2600 1629 2762 1699 λέξιν.
2816 1634 2881 1687 “A
2940 1629 3004 1699 δὴ
3056 1634 3132 1704 τῷ
3181 1632 3549 1709 Παλαιολόγῳ
3603 1656 3694 1689 πι-

2060 1714 2331 1777 στεύοντες
2386 1718 2474 1770 καὶ
2543 1719 2839 1795 ἀμφότεροι
2906 1719 3107 1775 ἐκεῖνον
3180 1723 3272 1793 μὲν
3334 1722 3416 1777 ἐπ’
3471 1722 3697 1797 ἀγαθαῖς

2060 1802 2268 1857 ἐλπίσιν
2305 1806 2449 1878 εἶχον
2513 1808 2879 1881 μετεωρίζειν,
2912 1810 3121 1872 έαυτοῖς
3182 1809 3258 1881 δὲ,
3292 1811 3337 1865 εἷ
3390 1813 3465 1884 μή
3526 1810 3697 1874 οὕτως

287 1892 482 1965 τυχίαν
519 1893 671 1959 Θεοῦ,
704 1894 790 1946 καί
824 1892 971 1955 ὅπως
1003 1893 1326 1965 ἀπροόπτως
1374 1892 1625 1970 ἀφίκοιτο
1674 1895 1707 1960 ἡ
1756 1892 1932 1967 φωνὴ,
1967 1920 2013 1985 Β
2061 1887 2321 1961 ἀποϐαίη.
2357 1894 2676 1966 παραίτησιν
2712 1896 3066 1953 ὑπελείποντο
3116 1900 3189 1961 ὡς
3241 1901 3541 1973 ἁμαρτοῦσι
3597 1907 3697 1968 τῆς

294 1981 637 2055 Αογιζομένῳ
666 1981 788 2053 περὶ
839 1982 910 2034 ὧν
973 1980 1278 2053 λογίζεσθαι
1334 1979 1459 2052 ἔφη.
1494 1981 1596 2036 Καὶ
1646 1980 1933 2043 ἐφ”ικανὸν

294 2069 387 2135 τὴν
418 2065 562 2138 λέξιν
625 2068 1072 2139 σκεψάμενον,τὸ
1121 2066 1326 2141 συμϐὰν
1380 2069 1463 2122 ἐπὶ
1509 2069 1569 2123 τὸ
1621 2066 1790 2121 πάλαι
1838 2067 1935 2121 Βέ-

299 2155 427 2217 κλας
479 2152 665 2210 λαϐεῖν
709 2154 796 2209 ἐπὶ
846 2156 1146 2229 λογισμῶν,
1174 2157 1359 2211 καὶτὰ
1390 2161 1638 2230 στοιχεῖα
1694 2162 1792 2223 τῆς
1846 2154 1937 2209 λέ-

304 2247 424 2316 ξεως
482 2244 847 2316 ἀναπτύξαντα
904 2242 1181 2319 ἀριδήλως
1241 2243 1400 2321 φάναι
1474 2246 1570 2313 τὴν
1661 2242 1936 2317 βασιλείαν

302 2333 581 2404 Ῥωμαίων
641 2336 717 2403 τῷ
786 2330 1147 2407 Παλαιολόγῳ
1208 2333 1641 2404 μνηστεύεσθαι·
1705 2330 1937 2405 Μιχαὴλ

306 2421 399 2494 γὰρ
428 2421 591 2488 νΑναξ
635 2420 916 2491 Ῥωμαίων
977 2419 1360 2493 Παλαιολόγος
1419 2422 1611 2490 Ὀξέως
1659 2420 1937 2491 Ὑμνηθή·

314 2526 475 2575 σεται,
510 2508 579 2567 ὡς
628 2505 799 2581 ἔλεγε,
831 2508 928 2575 τήν
985 2505 1127 2577 λέξιν
1184 2506 1408 2577 δηλοῦν.
1465 2507 1583 2563 Εἰσὶ
1642 2505 1687 2560 δ’
1742 2506 1937 2569 οἵτινες

321 2595 527 2669 λέγουσι
585 2598 720 2667 μήτε
774 2596 867 2649 τὸν
914 2594 1223 2669 Δυῤῥαγίου
1266 2600 1487 2649 τοιαῦτα
1517 2595 1741 2649 ἀκοῦσαι
1799 2600 1937 2667 μήτε

305 2684 391 2737 τὸν
445 2682 841 2753 Θεσσαλονίκης
888 2687 1111 2737 τοιαῦτα
1158 2679 1537 2759 φοιϐάσασθαι,
1572 2683 1716 2737 ἀλλὰ
1774 2684 1936 2759 σοφὸν

301 2770 494 2826 ἐκεῖνον
555 2767 703 2842 ὄντα,
734 2771 823 2825 καὶ
880 2771 1003 2845 περὶ
1058 2772 1305 2833 τοιαύτας
1361 2766 1583 2845 βίϐλους
1616 2773 1670 2825 οιῖ
1722 2769 1786 2839 δὴ
1846 2773 1935 2825 καὶ

303 2859 583 2935 βασιλείας
613 2860 667 2923 ἐς
710 2859 931 2914 τούπιὸν
989 2857 1336 2914 διατυποῦσιν
1385 2858 1741 2931 ἐπτοημένον,
1778 2858 1934 2936 φιλο-

297 3058 398 3096 rus
432 3057 561 3096 rem
599 3041 793 3113 ccepit,
826 3040 1126 3097 silentium
1163 3039 1369 3095 indicit
1401 3040 1634 3112 populo.
1662 3040 1937 3111 solusque

293 3145 495 3185 secum
523 3129 649 3199 ipse
670 3128 854 3184 Deum
880 3128 1270 3184 intentissime
1295 3127 1621 3199 alloquens,
1652 3144 1778 3198 quae
1801 3133 1935 3183 ante

292 3217 654 3273 sacriﬁcium
690 3217 796 3272 rite
827 3217 988 3271 fundi
1021 3222 1449 3271 consueverunt
1476 3231 1676 3287 preces
1700 3232 1934 3270 summa

289 3304 716 3377 tranquillitate
741 3304 1040 3359 recitabat.
1066 3305 1214 3359 Tum
1239 3304 1391 3359 enim
1412 3320 1542 3359 vero
1557 3320 1749 3359 vocem
1766 3304 1937 3358 inau-

288 3393 443 3447 disse
473 3393 655 3447 tertio
685 3393 952 3446 eamdem
993 3392 1331 3446 intermisso
1390 3397 1645 3463 tempore
1699 3393 1932 3446 dicitur.

291 3480 420 3535 Erat
448 3485 655 3536 autem
689 3495 796 3533 vox
820 3478 1054 3534 insueta
1087 3480 1276 3550 plane,
1311 3480 1530 3535 nullius
1570 3480 1766 3536 afﬁnis
1790 3483 1935 3535 notas

291 3570 528 3643 linguae,
559 3571 774 3626 nedum
808 3570 1037 3626 Graecae.
1072 3575 1311 3638 Marpou
1342 3571 1619 3625 nimirum
1671 3588 1935 3642 pronun-

288 3660 412 3714 tiari
443 3659 756 3726 audiebat,
788 3664 845 3713 et
875 3659 1020 3713 nihil
1052 3658 1230 3713 aliud.
1251 3658 1410 3721 Quod
1431 3658 1641 3730 prazsul
1675 3659 1935 3714 admira-

286 3751 402 3813 tus,
458 3745 674 3803 statim
724 3745 1309 3801 Thessalonicensem
1376 3748 1645 3801 convenit
1688 3748 1762 3817 (is
1819 3752 1942 3802 erat

287 3835 619 3908 Disypatus
646 3834 921 3905 Manuel),
956 3835 1126 3904 eique
1157 3834 1391 3888 nuntiat
1421 3836 1611 3905 agenti
1645 3836 1756 3890 sibi
1810 3852 1939 3890 cum

287 3925 403 3980 Deo
441 3940 555 3997 per
587 3940 809 3978 Sacram
840 3922 1252 3995 psalmodiam,
1286 3928 1341 3978 et
1371 3941 1438 3978 ea
1470 3928 1661 3980 mente
1691 3924 1945 3980 versanti

290 4032 420 4085 quae
455 4031 525 4070 se
565 4012 851 4082 cogitasse
883 4015 1185 4081 referebat,
1212 4013 1454 4068 missam
1486 4021 1543 4067 et
1567 4018 1718 4068 clare
1759 4015 1947 4084 prola-

293 4108 419 4157 tam
484 4118 676 4173 quam
733 4100 1043 4155 retulimus
1100 4117 1317 4157 vocem.
1379 4102 1518 4157 Eam
1560 4118 1692 4156 cum
1725 4101 1818 4156 ille
1851 4101 1950 4157 diu

294 4194 655 4258 attenteque
686 4189 1137 4253 considerasset,
1178 4188 1402 4260 aliquid
1438 4189 1493 4243 in
1526 4205 1593 4244 ea
1633 4190 1822 4244 simile
1862 4207 1955 4244 su-

293 4279 577 4350 spicatus
609 4281 696 4330 est
726 4292 789 4330 ac
823 4276 1252 4348 deprehensum
1288 4278 1494 4333 fuisset
1516 4277 1661 4332 alias
1698 4278 1755 4332 in
1793 4294 1954 4333 voca-

291 4367 433 4423 bulo
466 4365 767 4421 divinitus
801 4366 1019 4435 pariter
1050 4366 1204 4421 edito
1239 4368 1463 4435 Beclas;
1495 4367 1648 4422 unde
1687 4366 1953 4437 singulas

292 4456 426 4527 ejus
459 4453 661 4525 ignoti
694 4453 950 4507 nominis
981 4454 1278 4509 excutiens
1309 4454 1553 4521 litteras,
1614 4454 1956 4526 planissime

294 4542 567 4599 asseruit
590 4541 987 4596 Romanorum
1010 4541 1322 4613 imperium
1338 4542 1658 4615 Palaeologo
1673 4542 1954 4614 promitti.

2050 1980 2375 2053 ἐξηγήσεως,
2408 1980 2545 2036 ἄλλο
2576 2004 2626 2036 τι
2660 1991 2759 2052 τῆς
2787 1992 2967 2060 φωνῆς
2995 1986 3137 2061 τάχα
3194 1985 3471 2057 δηλούσὴς
3524 1989 3558 2056 ἢ
3620 1988 3694 2048 ὡς

2047 2067 2273 2130 ἐκείνοις
2330 2068 2581 2145 ἐξήγητο.
2618 2071 2769 2139 Πλὴν
2823 2072 2948 2128 ἀλλ’
2978 2074 3030 2128 ἐν
3060 2074 3303 2147 τοσούτῳ
3358 2077 3541 2136 φθάνει
3593 2074 3683 2130 καὶ

2047 2159 2074 2210 ὁ
2103 2162 2209 2211 τῶν
2251 2157 2547 2231 βασιλικῶν
2592 2157 2775 2213 Ἵππων
2817 2161 2995 2232 κόμης
3025 2163 3052 2215 ὁ
3085 2161 3354 2231 δηλωθείς
3413 2162 3685 2232 Χαδηνὸς,

2045 2246 2134 2299 καὶ
2192 2240 2452 2300 ἐπιϐαίνει
2510 2246 2724 2319 ἀπτέρῳ
2778 2250 2934 2323 τάχει
2991 2248 3412 2320 Θεσσαλονίκης,
3442 2252 3529 2305 καὶ
3589 2251 3684 2306 αὐ-

2043 2334 2167 2387 τίκα
2204 2335 2267 2387 τὸ
2314 2336 2501 2388 πιστὸν
2558 2342 2659 2403 τῆς
2710 2338 2900 2411 φήμης
2952 2334 3117 2407 ἔδειξε
3171 2339 3396 2413 πράξας,
3425 2340 3517 2393 τὸν
3576 2346 3686 2393 Πα-

2048 2420 2340 2495 λαιολόγον
2371 2420 2420 2474 ἐν
2457 2423 2687 2496 ἀσφαλεῖ
2716 2425 3022 2499 κατασχών.
3060 2423 3324 2498 Σιδήροις
3374 2428 3558 2499 μέντοι
3592 2427 3690 2482 οὐκ

2045 2507 2181 2583 ἔγνω
2213 2506 2490 2580 δεσμεύειν
2520 2508 2597 2563 τὼ
2628 2508 2783 2579 πόδε,
2815 2512 2888 2574 ὡς
2918 2509 2983 2581 δή
3041 2514 3092 2565 οἱ
3140 2514 3226 2567 καὶ
3279 2514 3685 2589 προστεταγμέ-

2044 2618 2133 2649 νον
2175 2598 2265 2667 ἦν,
2298 2597 2397 2650 οὐκ
2455 2594 2553 2649 οἶδ’
2587 2595 2691 2650 εἴτε
2742 2598 2803 2651 τὸ
2849 2604 2945 2653 τοῦ
2996 2597 3185 2675 ἀνδρὸς
3243 2599 3567 2675 αἰδούμενος
3600 2602 3685 2657 εύ-

2043 2685 2213 2757 γενὶς,
2244 2684 2349 2739 εἷ’τε
2396 2706 2445 2737 τι
2496 2685 2583 2738 καὶ
2628 2684 2813 2761 φιλίας
2844 2688 2979 2760 πρὸς
3013 2686 3215 2743 ἐκεῖνον
3254 2708 3266 2720 ·
3298 2691 3360 2743 τὸ
3390 2690 3489 2765 γὰρ
3550 2690 3683 2745 ὑπο-

2043 2778 2181 2826 νοεῖν
2213 2793 2265 2826 τι
2294 2773 2417 2841 περὶ
2449 2771 2655 2826 ἐκείνου
2684 2778 2789 2828 τῶν
2840 2776 3048 2848 ἀγαθῶν
3102 2779 3170 2831 τὰ
3222 2784 3322 2846 τῆς
3374 2779 3540 2854 ὀργῆς
3588 2779 3689 2834 οὐκ

2045 2857 2275 2914 ἐδίδουν.
2310 2860 2459 2922 Τέως
2498 2858 2543 2913 δ’
2575 2861 3017 2934 ἀφοσιωσάμενος
3048 2862 3238 2936 ἐκείνῳ
3291 2866 3359 2920 τὰ
3390 2865 3488 2933 τῇς
3518 2874 3686 2940 τιμῆς

2042 3035 2487 3092 exhilarandum
2519 3036 2909 3109 Palaeologum
2942 3042 3211 3098 eumdem
3236 3046 3398 3098 tanto
3420 3047 3559 3098 tunc
3582 3060 3683 3116 op-

2043 3142 2309 3196 pressum
2344 3124 2525 3181 animi
2557 3141 2823 3195 maerore,
2858 3132 2920 3182 ut
2951 3129 3022 3183 de
3047 3130 3165 3184 vita
3212 3132 3341 3200 ejus
3397 3138 3684 3188 metuere-

2042 3220 2156 3268 tur.
2180 3214 2303 3268 Non
2332 3230 2599 3285 sperasse
2625 3221 2819 3270 autem
2850 3232 2910 3271 se
2932 3217 3043 3288 ipsi
3085 3234 3505 3288 persuasurum
3529 3221 3686 3292 quod

2046 3302 2302 3369 volebat,
2327 3303 2375 3358 si
2409 3319 2477 3357 ex
2502 3301 2668 3357 libris
2692 3303 2749 3357 id
2771 3320 2832 3359 se
2863 3304 3135 3361 hausisse
3159 3308 3501 3375 afﬁrmaret,
3539 3325 3688 3380 quo-

2048 3394 2204 3446 niam
2219 3392 2291 3446 ob
2310 3391 2527 3446 multas
2551 3391 2956 3461 praedictiones
2980 3395 3125 3449 tales
3144 3402 3351 3451 eventu
3376 3398 3688 3459 frustratae

2045 3481 2191 3535 haut
2215 3483 2338 3535 erat
2375 3480 2690 3535 verisimile
2714 3479 2848 3536 huic
2889 3498 3021 3536 eum
3064 3484 3380 3555 tranquille
3396 3502 3461 3540 ac
3487 3501 3688 3541 secure

2048 3569 2475 3639 acquieturum.
2502 3568 2810 3639 Propterea
2852 3570 3088 3626 ﬁnxisse
3111 3574 3418 3627 manifeste
3440 3573 3551 3628 sibi
3584 3591 3686 3629 au-

2050 3658 2231 3712 ditam
2266 3656 2506 3710 missam
2542 3672 2574 3710 a
2603 3662 2718 3712 Deo
2749 3674 2968 3729 vocem,
3002 3660 3094 3714 cui
3126 3660 3294 3731 signo
3329 3666 3526 3732 utpote
3558 3678 3688 3718 raro

2052 3750 2107 3801 et
2138 3745 2283 3799 miro
2317 3742 2545 3802 facilius
2577 3744 2935 3800 crediturum
2977 3746 3365 3819 Palaeologum
3426 3750 3686 3820 putabat.

2054 3834 2192 3888 Inde
2224 3849 2283 3887 re
2314 3847 2447 3886 cum
2478 3831 2817 3901 Dyrrhachii
2842 3834 3089 3903 praesule
3120 3837 3569 3908 communicata,
3602 3838 3689 3892 illi

2057 3920 2289 3992 penitus
2321 3919 2579 3975 suasisse
2612 3922 2675 3973 ut
2700 3918 2750 3973 is
2783 3935 2978 3975 vocem
3012 3922 3313 3978 inaudisse
3342 3924 3592 3981 diceret:
3626 3941 3691 3981 se

2062 4014 2231 4079 prout
2258 4008 2461 4063 liberet
2484 4008 2747 4062 eamdem
2778 4024 2809 4061 a
2840 4024 2901 4061 se
2932 4010 3236 4064 conﬁctam
3271 4011 3555 4081 explicare
3612 4014 3690 4069 si-

2061 4095 2445 4151 mulaturum.
2480 4094 2704 4158 Quibus
2736 4094 3051 4167 Palaaologo
3081 4096 3258 4152 veluti
3285 4100 3355 4154 ad
3388 4117 3592 4156 aurem
3617 4102 3690 4157 ab

2064 4186 2321 4253 utrisque
2343 4182 2598 4249 creditis,
2622 4187 2681 4237 iu
2706 4200 2973 4254 magnam
2998 4202 3161 4256 spem
3180 4186 3475 4242 hominem
3494 4205 3694 4244 erexe-

2063 4276 2222 4342 runt,
2255 4271 2505 4342 sibique,
2536 4270 2585 4324 si
2646 4276 2885 4326 eventus
2943 4274 3012 4326 ad
3069 4278 3395 4331 extremum
3451 4276 3696 4345 falleret,

2064 4360 2495 4416 excusationem
2529 4359 2888 4429 probabilem
2922 4360 3307 4433 reliquerunt,
3338 4365 3504 4434 quasi
3550 4381 3695 4435 quos

2065 4449 2399 4517 conjectura
2422 4448 2749 4503 induxisset
2772 4449 2827 4502 in
2846 4464 3117 4519 errorem,
3144 4467 3256 4504 non
3290 4452 3433 4507 satis
3456 4453 3699 4509 feliciter

2066 4537 2475 4607 interpretatos
2505 4551 2700 4591 vocem
2726 4534 2882 4590 aliud
2909 4552 3103 4592 revera
3126 4538 3502 4609 indicantem,
3526 4548 3700 4612 prout

296 4634 412 4686 llas
446 4630 614 4686 enim
650 4628 810 4684 hisce
840 4630 1053 4685 litteris
1095 4630 1385 4700 designari
1444 4648 1646 4686 voces:
1710 4630 1953 4685 Michael
1982 4623 2029 4687 D
2062 4631 2264 4681 eventa
2295 4630 2706 4689 monstrarent,
2736 4640 2909 4694 quam
2935 4627 3089 4695 quod
3113 4626 3226 4695 ipsi
3258 4628 3537 4700 suspicati
3574 4635 3697 4686 tum

292 4724 615 4790 Augustus
642 4716 1033 4772 Romanorum
1051 4717 1404 4789 Palaeologus
1419 4718 1604 4790 Ocyus
1616 4718 1953 4773 Vocabitur.

295 4809 457 4864 Sunt
486 4811 696 4861 tamen
733 4805 833 4877 qui
865 4805 1060 4861 dicant
1082 4806 1203 4861 haec
1228 4823 1416 4877 neque
1444 4824 1476 4862 a
1511 4806 1955 4878 Dyrrhachiensi

300 4896 509 4951 audita
544 4910 739 4963 neque
768 4911 800 4949 a
846 4894 1349 4949 Thessalonicensi
1398 4895 1576 4949 fuisse
1625 4894 1801 4960 dicta,
1855 4895 1955 4949 sed

295 4983 460 5037 hunc
495 4980 740 5050 ingenio
772 4985 946 5053 atque
979 4985 1100 5038 arte
1132 4999 1254 5037 rem
1297 4986 1479 5037 totam
1538 4988 1955 5037 commentum.

295 5071 437 5126 Erat
459 5068 751 5123 nimirum
765 5069 1310 5125 Thessalonicensis
1328 5070 1469 5123 mire
1483 5069 1713 5124 deditus
1726 5068 1958 5125 lectioni

295 5175 365 5213 ac
400 5157 784 5213 meditationi
811 5156 1093 5213 librorum
1118 5158 1215 5228 qui
1243 5162 1425 5213 artem
1449 5158 1795 5229 proﬁtentur
1816 5158 1958 5214 divi-

302 5245 488 5301 nandi
527 5244 761 5299 futuras
795 5248 1185 5316 quorumdam
1219 5246 1539 5301 evectiones
1568 5246 1638 5300 ad
1694 5245 1957 5317 imperia,

302 5340 558 5403 totoque
596 5332 653 5385 in
687 5333 801 5388 isto
831 5333 1224 5405 qualicunque
1256 5333 1501 5388 artificio
1558 5334 1960 5404 praeodorandi

305 5426 607 5478 eventura
639 5420 962 5491 plurimum
991 5423 1091 5477 29
1123 5421 1489 5477 exercitatus.
1526 5422 1672 5491 Ergo
1704 5438 1835 5476 cum
1870 5440 1961 5479 res

308 5510 487 5564 istius
519 5509 759 5579 generis
792 5510 1189 5564 curicsissime
1221 5510 1583 5581 investigans
1605 5511 1797 5564 nescio
1820 5511 1958 5583 quid

310 5597 764 5668 deimperaturo
780 5597 1095 5669 Palaeologo
1110 5599 1463 5669 comperisse
1477 5597 1590 5653 sibi
1610 5603 1763 5653 esset
1782 5599 1959 5669 visus,

311 5686 479 5742 aiunt
512 5684 638 5740 ista
664 5702 798 5742 eum
848 5686 1055 5743 notitia
1084 5692 1407 5758 opportune
1461 5687 1543 5742 uti
1581 5686 1837 5744 voluisse
1888 5691 1961 5746 ad

2066 4714 2334 4769 fuissent.
2368 4714 2591 4767 Interea
2620 4712 2759 4766 dum
2809 4712 2929 4766 haec
2977 4719 3281 4785 geruntur,
3341 4718 3699 4789 imperatorii

2066 4802 2366 4873 equitatus
2395 4800 2589 4854 dictus
2612 4800 2737 4868 jam
2770 4816 2960 4855 comes
2991 4804 3325 4873 supervenit
3366 4805 3698 4873 Chadenus,

2068 4888 2659 4957 Thessalonicamque
2680 4887 3005 4957 ingreditur
3026 4891 3414 4961 perceleriter,
3465 4896 3699 4950 statim—

2069 4994 2183 5049 que
2203 4977 2355 5047 quod
2376 4976 3032 5048 communifamaatque
3054 4979 3700 5039 omniumsermonibus

2068 5064 2370 5136 vulgatum
2404 5064 2610 5131 fuerat,
2645 5080 2705 5119 re
2728 5064 2857 5134 ipsa
2879 5076 3113 5120 ostensa
3139 5069 3523 5124 conﬁrmavit.
3556 5071 3699 5127 Nam

2070 5152 2454 5225 Palaeologum
2488 5168 2693 5207 secura
2723 5152 2989 5209 custodia
3014 5156 3221 5224 tenuit,
3243 5174 3484 5228 parcens
3505 5162 3702 5215 tamen

2069 5259 2202 5297 eum
2227 5242 2410 5296 ferrea
2432 5241 2713 5311 stringere
2736 5243 3030 5312 compede,
3054 5246 3321 5314 quamvis
3358 5246 3414 5299 id
3468 5247 3706 5304 haberet

2070 5330 2129 5385 in
2164 5327 2481 5386 mandatis.
2516 5330 2679 5393 Quod
2712 5328 2808 5384 ille
2842 5336 3036 5385 utrum
3068 5338 3240 5387 tantae
3275 5333 3595 5390 nobilitatis
3618 5353 3706 5393 ve-

2074 5420 2370 5481 recundia,
2384 5435 2453 5472 an
2471 5416 2737 5472 amicitiae
2752 5419 3004 5487 quodam
3022 5419 3297 5475 instinctu
3315 5421 3531 5490 fecerit,
3548 5423 3702 5481 haud

2071 5506 2505 5563 afﬁrmaverim.
2527 5505 2739 5560 Vereor
2761 5507 2914 5560 enim
2939 5512 3001 5560 ut
3033 5508 3170 5561 satis
3191 5508 3583 5566 verisimiliter
3604 5513 3704 5567 80

2071 5594 2358 5667 suspicari
2388 5593 2560 5649 liceat
2580 5592 2917 5648 ministrum
2949 5594 3045 5649 ira:
3080 5600 3199 5649 tam
3233 5599 3445 5652 atrocis
3462 5604 3579 5653 tam
3603 5600 3706 5655 bu-

2071 5700 2276 5741 manos
2299 5697 2508 5739 sensus
2522 5686 2699 5752 atque
2711 5680 2973 5753 affectus,
2998 5682 3137 5738 dum
3154 5700 3372 5740 saevum
3390 5685 3701 5758 imperium
