4154 6286
443 420 548 475 463

1735 406 2035 460 GEORGII
2075 403 2535 461 PACHYMERE

3721 408 3825 464 464

440 543 514 606 ὡς
548 540 662 597 οἶόν
694 562 752 595 τε
781 542 865 609 [Ρ.
902 541 985 609 16]
1020 533 1300 613 ἀσφαλῶς,
1336 534 1411 606 μὴ
1441 531 1531 586 καὶ
1563 529 1648 585 ἐπὶ
1700 526 1924 583 πολλῶν
1987 525 2070 579 ἐν·
2102 526 2157 592 Α
2187 532 2449 601 φωνοῦντι
2506 530 2592 583 καὶ
2629 530 2761 606 ὑπὲρ
2811 528 3057 603 δύναμιν.
3093 532 3207 604 Ἐφ’
3238 532 3283 603 ᾧ
3332 528 3398 598 δὴ
3454 530 3547 585 καὶ
3592 531 3682 585 τὸν
3739 529 3824 587 δε-

436 639 528 697 τὸς
585 635 830 704 ἀτιμῷτο
885 634 983 695 τῆς
1039 625 1253 685 πόλεως
1299 627 1415 685 τοῖς
1458 618 1700 692 σιδήροις
1732 614 2084 704 πεδούμενος,

441 727 631 786 νυκτὸς
681 701 1077 791 *ἔξεισινηΕπεὶ
1142 712 1186 767 δ’
1218 714 1414 773 ἱκανῶς
1468 715 1569 777 τῆς
1620 706 1837 810 πόλεῶς
1869 701 2085 810 ιἀπηλ-

441 813 726 881 λαττέτην,
756 810 783 862 6
820 809 910 880 μὲν
957 802 1208 880 γνωρίζει
1255 800 1321 854 τὰ
1380 798 1681 873 ὁρισθέντα,
1705 793 1794 847 καὶ
1854 792 1927 851 ὡς
1987 792 2084 842 αὐ-

431 907 524 966 τὸς
556 903 605 955 ἐν
640 897 870 974 προνοίᾳ
896 893 1004 949 τινὶ
1032 898 1131 958 τῆς
1164 888 1366 943 ἐκείνου
1422 885 1581 960 χάριν
1631 889 1800 974 τιμῆς
1850 894 2084 974 καταπε-

430 968 693 1071 φρονήκει
752 990 859 1042 τῶν
919 980 1265 1056 ὁρισθέντων,
1300 975 1396 1030 οὐκ
1452 974 1504 1035 ἐς
1548 973 1718 1027 πλέον
1753 968 1810 1023 δὲ
1865 968 2051 1071 Eafa

426 1050 646 1153 τόλμης
704 1076 790 1149 (οὐ
851 1050 961 1146 γὰρ.
1014 1065 1281 1153 ἀσφαλῶς.
1341 1060 1703 1153 ἀμφοτέροις).
1768 1050 2080 1153 προϐαίνεις

429 1140 686 1225 ἐϐούλετο
709 1140 734 1196 ’⁸
770 1163 798 1217 6
834 1140 879 1215 ὃς
906 1140 1059 1219 αὖθις
1089 1140 1179 1210 καὶ
1210 1151 1371 1228 χάριν
1426 1151 1556 1220 ὑπὲρ
1612 1146 1808 1202 τούτου
1860 1140 2080 1211 πολλὴν

431 1258 624 1317 ἐοικὼς
673 1250 865 1317 εἰδότι,
913 1245 1136 1317 ἕτοιμον
1194 1246 1452 1317 παρεῖχεν
1505 1236 1689 1292 ἑαυτὸν
1740 1233 1928 1305 ἐκείνῳ
1984 1234 2080 1285 τοῦ

426 1348 489 1402 τὸ
536 1334 1007 1418 προσταττόμενον
1060 1328 1457 1418 ἐκτελεῖνεΚαὶ
1509 1326 1575 1395 δὴ
1624 1322 1882 1418 σιδήροιςι
1924 1339 2079 1418 περι-

428 1410 638 1501 ϐαλών,
699 1429 825 1484 ὥστ’
858 1425 1059 1481 ἐκεῖνον
1114 1422 1205 1476 καὶ
1264 1417 1351 1474 ἐπὶ
1407 1418 1599 1489 θάτερα
1657 1418 1762 1466 τῶν
1821 1410 2073 1514 πλευρδῶν

420 1523 576 1595 ’ίππῳ
626 1495 1058 1586 ἐπικαθέζεσθαι,
1120 1510 1270 1595 οὕτιυ
1333 1506 1441 1595 σὺν-
1512 1502 1699 1595 ἐκείνῳ
1948 1495 2071 1595 ὁδον

426 1585 597 1682 ἤνυόν
627 1609 717 1665 καὶ
750 1605 1070 1683 ἀμφότεροι.
1104 1593 1393 1653 Συνέεαινε
1424 1593 1499 1683 δὲ,
1528 1592 1633 1683 καί.
1659 1610 1742 1651 τις
1795 1588 1919 1683 τότε
1972 1585 2071 1683 τὴν

428 1676 552 1756 ὑδὸν
607 1676 896 1763 ἀνυόντων,
928 1676 1000 1753 ὡς
1056 1688 1295 1762 λέγεται,
1344 1682 1547 1758 ἀγαθὸς
1606 1676 1753 1754 ὄρνις
1807 1676 1896 1730 καὶ
1955 1676 2069 1763 οἷον

427 1782 816 1865 προφοίϐασμα
861 1762 978 1842 τοῖς
1032 1776 1222 1851 μικρὸν
1272 1765 1951 1865 γενηιξιομεένοις,ὕστερονζ
1969 1762 2069 1865 κΤὸ

2192 616 2416 687 σμώτην
2464 617 2587 673 τότε
2645 614 2965 690 μεταϐαλεῖν
3022 621 3155 693 πρὸς
3208 620 3269 673 τὸ
3324 620 3681 694 εὐθυμότερον
3734 622 3824 674 καὶ

2190 705 2423 772 ἡσθῆναι
2457 702 2624 777 δόξαι,
2657 708 2729 768 ὡς
2757 708 2852 779 μὲν
2883 709 2948 776 ἦν
2978 705 3151 762 δοκεῖν
3211 709 3297 762 καὶ
3356 713 3434 779 τῷ
3494 707 3823 782 φαινομένῳ,

2189 795 2257 863 τῇ
2313 790 2578 863 μελῳδίᾳ,
2608 798 2675 867 τῇ
2709 792 2755 848 δ’
2785 794 3012 865 ἀληθείᾳ
3041 795 3130 849 καὶ
3162 797 3234 857 ὡς
3263 796 3359 849 οὐκ
3386 796 3449 861 ἦν
3496 798 3586 849 τὸν
3643 796 3824 869 μελῳ-

2192 876 2382 934 δοῦντα
2456 882 2722 951 ὑπονοεῖν,
2778 888 2857 954 τῷ
2906 882 2993 937 ἐπὶ
3048 889 3166 947 τοῖς
3221 889 3453 959 παροῦσι
3501 880 3711 954 δὸξαντί
3771 886 3826 939 οἱ

2191 973 2419 1041 χρηστῷ
2449 965 2639 1043 ὄρνιθι.
2672 968 2828 1027 Ἀλλ’
2854 970 2994 1025 οὕτω
3040 973 3130 1043 μὶν
3164 970 3245 1035 ἐφ’
3274 970 3505 1045 ἡμέραις
3534 974 3633 1040 τὴν
3695 970 3823 1028 ὁδὸν

2190 1055 2548 1127 ἐξανυσάντων
2605 1058 2694 1112 καὶ
2752 1060 2827 1122 ὡς
2886 1058 3110 1134 βασιλέα
3151 1061 3487 1137 φθασάντων,
3536 1059 3822 1138 ἐμφανίζε-

2185 1164 2273 1197 ται
2320 1146 2411 1216 μὶν
2471 1145 2592 1199 ὅσον
2649 1146 2818 1221 τάχος
2872 1149 2899 1201 ὁ
2955 1149 3216 1224 πεμφθεὶς
3267 1154 3343 1220 τῷ
3393 1154 3675 1223 κρατοῦντι
3732 1150 3824 1205 καὶ

2186 1232 2519 1307 ἀπαγγέλλει
2576 1236 2675 1304 τὴν
2727 1236 2922 1312 ἄφιξιν,
2981 1238 3071 1291 τὸν
3136 1235 3192 1291 δὲ
3262 1235 3402 1309 μηδὲ
3453 1240 3515 1292 τὸ
3565 1240 3818 1312 παράπαν

2186 1320 2561 1395 εἷσαχθένταὴ
2604 1325 2787 1397 εἱρκτὴ
2851 1325 2926 1386 ὡς
2984 1323 3301 1401 κατάκριτον
3354 1323 3588 1400 δέχεται.
3622 1329 3722 1384 Ἦν
3774 1325 3823 1381 δ’

2183 1407 2370 1471 ἄλλως
2415 1411 2809 1483 ὑπονοούμενον
2857 1417 2952 1465 τοῦ
3009 1411 3485 1489 ἐνευκαιρήσαντος
3540 1419 3638 1469 τοῦ
3687 1436 3816 1488 κρα-

2178 1502 2401 1559 τοῦντος
2444 1498 2672 1570 ἐξετάσει
2712 1499 2957 1555 τάκείνου
3007 1498 3327 1571 δοθήσεσθαι
3382 1502 3588 1575 μείζονι
3619 1506 3653 1574 ἢ
3684 1503 3819 1559 κατὰ

2177 1586 2269 1639 τὸν
2317 1586 2439 1641 τότε
2485 1587 2689 1661 καιρόν.
2724 1587 2901 1644 Ἀλλὰ
2945 1590 3144 1662 χρόνος
3184 1585 3423 1663 ἐτρίϐετο
3477 1592 3668 1664 μεταξὺ
3725 1615 3818 1647 νο-

2177 1678 2398 1738 σοῦντος
2452 1680 2549 1729 τοῦ
2605 1676 3025 1751 αὐτοκράτορος,
3058 1678 3303 1733 κάκεῖνον
3363 1680 3479 1753 εἶχε
3533 1677 3818 1754 δεσμώτην

2174 1764 2209 1829 ἡ
2271 1762 2681 1838 φυλακή,πλὴν
2739 1766 2847 1839 οὐχ
2915 1766 2989 1828 ὡς
3031 1765 3113 1841 ἐφ’
3152 1766 3624 1841 ὁμολογουμέναις
3688 1782 3822 1834 καθ-

426 1848 607 1945 δθῆὁ-
642 1848 940 1947 διήὲχοντο
977 1848 1181 1939 μξννῶς
1214 1861 1380 1931 sive“
1409 1860 1436 1913 δ
1472 1859 1570 1947 μὲν.
1597 1855 1738 1947 πρδε
1765 1854 1826 1907 τὸ
1861 1848 2063 1925 μέλλον
2096 1878 2144 1943 Β
2176 1848 2477 1947 οῖιώῖεσιγτ
2508 1852 2584 1907 οὐ
2615 1854 2815 1947 γὰρῆν
2848 1849 3100 1947 ista“?
3146 1856 3208 1947 ib
3242 1856 3514 1947 περάπανν
3546 1856 3590 1947 εί
3650 1860 3723 1947 μή
3758 1880 3819 1932 γε

424 1941 629 2035 ἀλύων,
663 1964 690 2015 ὁ
722 1941 1078 2035 δ”αναφέρων
1113 1954 1189 2014 ὡς
1219 1952 1334 2025 εἶχε
1376 1954 1475 2017 τῆς
1509 1945 1689 2013 λύπης
1714 1941 1923 2035 ’ἐκεῖνον
1959 1960 2073 2035 ,καὶ

428 2027 787 2127 μεταϐάλλειν
838 2027 1179 2120 πείρῶμενος
1230 2039 1365 2114 πρὸς
1408 2036 1472 2127 τὸ
1524 2032 1921 2127 εὐθυμότερον·
1955 2027 2068 2093 ἐπεὶ

424 2118 481 2197 δέ
512 2162 647 2196 ποτε
674 2145 772 2207 τῆς
804 2118 1028 2201 πολλῆς
1063 2127 1394 2187 ἀναπνεύσας
1428 2123 1631 2185 ἐκεῖνος
1679 2118 1860 2188 λύπης
1886 2137 2073 2207 ,προσ-

423 2235 606 2286 έταττε
658 2205 888 2301 ψάλλειν
939 2221 1029 2275 καὶ
1077 2218 1107 2272 ’ὁ
1164 2212 1468 2289 παρασταίη
1498 2210 1655 2301 ,κατὰ
1708 2212 1851 2301 vei-w-
1883 2205 2070 2301 ἐκείνῳ

424 2296 792 2392 καλλιφῷνεῖν
835 2312 923 2385 (ἦν
965 2310 1091 2384 γὰρ,
1123 2306 1197 2367 ὡς
1250 2301 1446 2368 ἔοικεν,
1470 2297 1677 2368 εἴδησιν
1710 2296 1799 2351 καὶ
1832 2296 1859 2349 6
1891 2298 2065 2392 ερέρων

424 2408 569 2483 ἔχων
608 2385 757 2482 ’πρὸς
814 2402 1025 2472 ταῦτα),
1060 2398 1135 2458 ὡς
1190 2392 1273 2462 ἂν,
1325 2389 1509 2468 φησὶν,
1541 2388 1779 2443 ἐντεῦθεν
1832 2385 1919 2438 καὶ
1976 2404 2067 2483 μι-

423 2470 550 2571 κρὸν
610 2470 946 2563 ἀνεθείημιν,
985 2470 1239 2555 -τηνικάδ’
1292 2480 1448 2552 ἐπῄει
1502 2470 2069 2571 μέκείνιριπαραυτίκα

426 2557 688 2657 ἐμμελῶς
735 2557 966 2652 ψάλλειν
998 2597 1025 2626 ι(
1056 2576 1169 2669 Νῦν
1212 2566 1525 2669 προφητικὴ
1571 2561 1885 2669 πρόρρησιῖ
1919 2557 2068 2669 ⁸τιξλη-

430 2648 670 2747 ρῶθῆναι
717 2648 1006 2741 ἐπείγεται,
1034 2685 1063 2714 ››
1113 2659 1213 2714 οὐκ
1256 2648 2066 2747 ἀνειμένωςῌᾶλλωςςκαὶβνα-

428 2736 808 2832 ξεϐλημένως,
847 2736 983 2808 αλλ’
1027 2746 1472 2813 ἐνθουσιαστικῶς
1522 2743 1634 2796 οἷον
1698 2736 1846 2812 μάλα
1904 2737 2066 2811 ὑπερ-

426 2884 787 2956 exsequitur,
812 2879 1005 2937 animo
1023 2889 1252 2932 versare
1272 2870 1553 2962 potuisse.
1570 2869 1791 2962 φιλ-αισι)
1813 2864 1909 2962 ille
1925 2881 2067 2936 qua-

424 2953 705 3042 licunque
746 2985 815 3023 ex
870 2980 1049 3021 causa
1099 2962 1184 3016 sic
1240 2958 1369 3027 ejus
1421 2953 2064 3051 dignitati-s‘rationem

428 3041 652 3128 habuit,
686 3074 803 3114 non
834 3049 1226 3125 permittendo
1256 3045 1433 3101 talem
1469 3043 1657 3098 virum
1685 3041 1839 3096 intra
1868 3041 2064 3095 civita-

426 3156 545 3207 tem
576 3150 634 3205 in
666 3145 851 3203 oculis
887 3141 1106 3197 civium
1142 3134 1343 3191 ferreis
1381 3132 1636 3186 vinctum
1685 3129 2066 3200 compedibus

2176 1939 2274 2006 τὴν
2312 1939 2544 2012 ὑποψίαν
2575 1940 2663 1993 καὶ
2694 1940 2755 1994 τὸ
2786 1938 3032 2003 πολλους
3064 1941 3115 1997 ἐν
3162 1942 3495 2018 ἀπορρήτοις
3552 1944 3816 2021 ἐκφέρειν,

2178 2026 2311 2099 πρὸς
2343 2025 2434 2087 οὓς
2486 2028 2551 2095 ἦν
2606 2028 2872 2082 πιστεύειν
2925 2029 3339 2105 ὑποφωνοῦντας
3398 2032 3460 2086 τὸ
3521 2032 3816 2107 μόρσιμον,

2178 2110 2427 2188 ἔγκλημα
2454 2113 2569 2184 θείη
2627 2135 2709 2177 τις
2766 2120 2844 2187 τῷ
2896 2118 3274 2191 κατεχομένῳ.
3306 2116 3515 2175 Ἐδόκει
3573 2118 3628 2176 δὲ
3678 2122 3813 2186 τέως

2176 2201 2265 2255 καὶ
2316 2203 2349 2270 ἡ
2383 2202 2647 2277 πρόφασις
2681 2200 2933 2279 ἕκγλημα
2966 2223 2979 2236 ⁸
3012 2208 3047 2274 ἠ
3081 2202 3126 2259 δ’
3157 2207 3222 2276 ἦν
3260 2252 3271 2264 .
3309 2250 3321 2264 .
3360 2250 3372 2262 .
3404 2207 3529 2264 ἀλλ’
3560 2211 3812 2266 ἆνακτέον

2173 2289 2266 2343 τὸν
2321 2289 2498 2364 λόγον.
2537 2292 2620 2362 [Ρ.
2657 2293 2743 2363 17]
2796 2289 2872 2345 ἵν’
2921 2291 3306 2368 εὐμαθέστερον
3362 2300 3469 2353 τῶν
3522 2299 3814 2373 προκειμέ-

2174 2398 2279 2433 νων
2314 2376 2558 2452 ἔχοιμεν.

2179 2467 2268 2541 ιβ’.
2299 2467 2487 2529 Ὅπιης
2543 2471 2713 2522 νοσῶν
2766 2470 2794 2522 ὁ
2847 2468 3100 2545 βασιλεὺς
3154 2474 3357 2537 πάντας
3416 2474 3504 2530 ἐπὶ
3565 2476 3815 2554 μαγείαις

2445 2557 2726 2612 ὑπώπτευε
2760 2578 2772 2589 ο
2804 2559 2892 2613 καὶ
2920 2558 2987 2613 τὰ
3014 2561 3149 2615 κατὰ
3173 2562 3273 2630 τὴν
3304 2562 3547 2638 Μάρθαν.

2245 2646 2420 2708 Νόσος
2475 2644 2540 2713 ἧν
2603 2645 2911 2719 ἐνσκήψασα
2949 2652 3028 2720 τῷ
3078 2654 3388 2725 κρατοῦντι,
3416 2653 3507 2707 καὶ
3564 2656 3598 2725 ἡ
3657 2656 3815 2721 νόσος

2175 2729 2320 2800 δεινή
2357 2750 2368 2763 ·
2403 2732 2704 2804 ἐπείληπτο
2762 2735 2862 2809 γὰρ
2918 2737 3268 2795 καταπίπτων
3327 2741 3610 2818 συχνάκις.
3650 2745 3725 2802 Τὸ
3769 2743 3817 2801 δ’

2173 2858 2367 2913 subito
2420 2858 2772 2915 cantilenam
2827 2876 3071 2919 exorsus
3124 2869 3233 2936 est,
3295 2868 3464 2938 cujus
3523 2868 3632 2924 hoc
3689 2875 3817 2926 erat

2172 2946 2409 3002 initium
2444 2963 2456 3001 :
2494 2968 2523 2997 ‹‹
2555 2947 2719 3005 Nunc
2751 2952 3090 3022 prophetica
3120 2954 3666 3029 praedictioimpleri
3706 2960 3819 3015 fes-

2172 3035 2340 3091 tinat.
2376 3057 2404 3083 »
2432 3036 2685 3091 Exorsus
2716 3041 2804 3092 est
2835 3042 3027 3095 autem
3069 3057 3185 3097 non
3217 3042 3455 3114 quidem
3480 3046 3727 3104 remisse
3749 3064 3817 3106 ac

2172 3123 2397 3191 leniter,
2458 3125 2558 3179 sed
2618 3124 2837 3196 impetu
2898 3144 3042 3199 pene
3099 3130 3348 3187 fanatico
3400 3150 3600 3191 vocem
3664 3136 3818 3193 ultra

425 3234 814 3309 ignominiosa
842 3226 1091 3295 traduci,
1122 3229 1185 3279 ut
1214 3219 1392 3277 simul
1424 3218 1567 3275 satis
1622 3218 1946 3289 provideret
1999 3235 2071 3278 ne
2102 3227 2144 3294 ί]
2174 3228 2407 3309 omnem
2439 3213 2678 3267 modum
2709 3230 2775 3270 ac
2797 3230 2975 3309 prope
2996 3233 3175 3309 supra
3192 3218 3346 3309 vires
3362 3222 3815 3292 attollens,con-

427 3343 541 3398 qua
572 3325 771 3396 posset
800 3317 975 3375 elabi.
1004 3316 1193 3379 Quare
1223 3309 1389 3364 illum
1423 3323 1636 3398 magno
1671 3323 1911 3398 suorum
1945 3325 2070 3365 am-

427 3394 594 3471 biens
624 3409 902 3467 comitatu
937 3408 1103 3459 nocte
1132 3399 1361 3465 educit;
1396 3413 1460 3451 ac
1491 3394 1590 3449 ubi
1616 3396 1739 3464 jam
1767 3397 1937 3453 ambo
1962 3398 2069 3453 ali-

429 3504 716 3574 quantum
741 3500 902 3553 extra
924 3493 1128 3548 urbem
1150 3485 1596 3574 processissent,
1622 3484 1915 3574 mandata,
1940 3503 2066 3556 quae

428 3572 718 3661 acceperit
739 3598 984 3657 quaeque
1013 3576 1253 3635 honoris
1284 3575 1414 3645 ejus
1445 3572 1631 3643 gratia
1653 3572 1929 3640 omiserit,
1983 3576 2070 3629 in-

428 3680 606 3744 dicat,
639 3674 815 3732 simul
863 3672 1187 3726 admonens
1247 3680 1358 3718 non
1419 3661 1633 3717 audere
1690 3676 1751 3715 se
1808 3662 2065 3730 amplius

426 3769 730 3837 indulgere
761 3778 867 3817 suo
898 3759 957 3814 in
992 3773 1125 3813 eum
1165 3752 1437 3809 afi‘ectui:
1498 3750 1554 3804 id
1613 3749 1768 3804 enim
1830 3750 2064 3821 utrique

430 3853 822 3928 periculosum
857 3850 996 3904 fore.
1033 3846 1115 3899 Ad
1149 3859 1274 3915 quae
1305 3840 1402 3895 ille
1431 3838 1508 3928 iis
1534 3838 1725 3928 verbis
1765 3838 2065 3928 respondit

427 3924 553 4015 quae
574 3940 829 3996 multum
855 3953 917 3992 se
938 3934 1051 4006 ipsi
1074 3949 1139 3989 eo
1163 3928 1399 3987 nomine
1425 3927 1633 3983 debere
1654 3924 2060 4015 signiﬁcarent,

424 4014 764 4101 gratiasque
785 4041 960 4095 agens
979 4020 1280 4093 plurimas,
1297 4018 1683 4089 paratumque
1705 4030 1767 4070 se
1788 4014 2059 4070 continuo

425 4096 693 4174 exhibuit
722 4114 793 4170 ad
827 4109 1195 4168 subeundam
1224 4120 1451 4161 omnem
1478 4101 1852 4158 acerbitatem
1875 4102 2059 4173 impe-

426 4206 622 4262 ratorii
657 4199 939 4259 mandati.
972 4199 1159 4261 Quare
1185 4210 1317 4248 mox
1360 4191 1559 4246 volens
1610 4191 1825 4246 ferreas
1870 4190 2061 4245 induit

423 4293 753 4365 compedes,
787 4287 1117 4355 inseditque
1147 4297 1295 4352 equo
1345 4277 1734 4349 pendentibus
1788 4278 1849 4333 in
1904 4279 2057 4333 latus

423 4383 671 4437 alterum
706 4377 993 4435 ambobus
1016 4370 1286 4427 cruribus
1309 4368 1459 4422 ferro
1483 4365 1785 4421 devinctis.
1814 4367 1874 4420 In
1899 4366 2056 4421 hunc

422 4470 662 4525 modum
685 4481 818 4521 cum
841 4467 1024 4533 ccepto
1048 4464 1293 4527 uterque
1310 4454 1514 4509 itinere
1536 4458 1862 4524 pergerent,
1894 4455 2051 4509 aliud

2178 3303 2432 3357 tentione
2462 3320 2697 3358 summa
2726 3324 2740 3372 ;
2777 3306 2931 3359 unde
2961 3306 3243 3379 contingit
3274 3312 3520 3367 recreari
3550 3313 3812 3370 vinctum

2176 3396 2351 3463 atque
2374 3392 2744 3463 hilarescere,
2776 3411 2892 3450 non
2919 3399 3150 3452 tantum
3184 3400 3359 3469 (quod
3403 3401 3595 3457 solum
3631 3405 3813 3460 videri

2176 3479 2467 3551 cupiebat)
2492 3480 2659 3536 suavi
2688 3482 2846 3537 vocis
2875 3499 3039 3554 sono,
3073 3485 3173 3541 sed
3202 3487 3579 3557 potissimum
3621 3508 3812 3548 recor-

2176 3568 2412 3623 datione
2434 3585 2535 3638 per
2561 3567 2621 3623 id
2643 3584 2875 3624 carmen
2901 3571 3131 3643 ingesta
3151 3574 3407 3630 vaticinii
3440 3578 3550 3633 sibi
3570 3596 3816 3651 regnum

2175 3654 2311 3710 olim
2336 3656 2600 3727 polliciti,
2629 3658 2796 3726 cujus
2832 3658 3001 3714 (idem
3025 3660 3133 3715 hoc
3156 3678 3295 3717 casu
3322 3663 3606 3735 inopinati
3630 3684 3815 3724 canus

2172 3742 2333 3799 velut
2364 3761 2509 3799 novo
2541 3746 2794 3815 quodam
2828 3747 3034 3802 divinae
3066 3749 3520 3821 signiﬁcationis
3549 3757 3811 3827 auspicio

2172 3833 2520 3887 conﬁrmare
2551 3833 2725 3888 tacite
2745 3834 2852 3889 sibi
2877 3834 3186 3892 blandiens
3208 3839 3629 3910 gratulabatur.
3662 3846 3816 3900 Inte-

2172 3920 2283 3974 rim
2316 3921 2524 3975 diebus
2554 3921 2776 3992 aliquot
2807 3925 3067 3979 confecto
3110 3926 3336 3996 itinere,
3395 3929 3810 4001 imperatorem

2170 4018 2357 4087 primo
2388 4018 2587 4073 statim
2619 4034 2859 4075 accessu
2891 4021 3012 4075 adit
3068 4037 3283 4091 comes,
3326 4025 3671 4099 nuntiatque
3703 4030 3807 4085 ad-

2167 4111 2407 4161 ventum
2431 4106 2738 4178 Palaeologi
2758 4126 2771 4177 ;
2789 4124 2959 4179 quem
2984 4110 3051 4163 ad
3064 4110 3341 4168 missione
3356 4114 3595 4171 minime
3608 4117 3815 4189 digna-

2168 4198 2294 4248 tum
2328 4211 2523 4250 carcer
2552 4195 2761 4266 excipit
2792 4197 2874 4250 uti
2898 4198 3022 4267 jam
3054 4199 3421 4267 damnatum,
3466 4219 3807 4277 quanquam

2167 4284 2318 4353 ipse,
2353 4286 2415 4337 ut
2442 4282 2718 4349 diximus,
2745 4300 2960 4341 arcana
2989 4303 3057 4341 ex
3087 4288 3299 4344 divinis
3319 4292 3569 4348 ostensis
3595 4293 3811 4352 ﬁducia

2167 4373 2237 4428 de
2267 4389 2327 4427 se
2356 4374 2724 4445 prosperiore
2755 4379 2947 4430 mente
2977 4379 3262 4434 versabat.
3289 4379 3481 4437 Dilata
3500 4387 3588 4438 est
3608 4389 3802 4442 autem

2164 4461 2291 4530 ejus
2322 4478 2511 4516 causa;
2541 4468 2811 4518 accurata
2842 4465 3095 4535 cognitio
3120 4467 3179 4521 in
3210 4471 3447 4539 tempus
3476 4488 3592 4542 quo
3614 4474 3800 4546 impe-

419 4572 654 4628 (1υοίῖυθ
682 4553 830 4626 ipsis
859 4550 1157 4616 euntibus:
1189 4550 1254 4601 Ut
1283 4544 1488 4613 fertur:
1521 4540 1780 4597 omnium
1814 4546 1903 4597 θεῖ
1947 4558 2053 4641 alf-
2088 4573 2139 4641 Β
2171 4550 2349 4605 ratori
2370 4567 2473 4641 per
2493 4552 2886 4641 valetudinem
2908 4554 3168 4611 liceretei
3191 4557 3271 4612 rei
3296 4540 3615 4615 attendere.
3641 4540 3806 4618 Diur-

420 4645 653 4716 gurium
687 4654 1033 4713 prosperum
1065 4634 1292 4690 etvelut
1313 4648 1481 4687 omen
1507 4645 1706 4685 eorum
1731 4646 1858 4699 qua
1882 4631 2053 4699 paulo

418 4737 553 4803 post
582 4734 746 4787 erant
766 4731 1063 4785 eventura.
1086 4722 1224 4779 Tale
1246 4726 1438 4776 autem
1462 4720 1518 4773 id
1543 4718 1671 4773 fuit.
1698 4719 1823 4773 Ibat
1842 4718 2048 4773 Ριιιωο-

416 4823 581 4891 lngus
614 4817 935 4891 praesentis,
970 4819 1034 4869 ut
1063 4828 1168 4883 par
1196 4814 1336 4876 erat,
1370 4807 1503 4863 mali
1552 4823 1791 4862 sensum
1840 4807 2045 4862 frontis

418 4908 693 4965 maestitia
722 4905 1054 4977 praeferens,
1089 4898 1374 4955 consolari
1406 4913 1562 4968 eum,
1596 4901 1772 4968 prout
1800 4901 2044 4968 poterat,

415 5005 717 5053 ctavoeare
741 4991 1022 5049 atristilia
1035 4989 1327 5043 dolentem
1352 4986 1611 5042 animum
1634 4986 1703 5040 ad
1730 4986 2044 5057 quamdam

413 5085 765 5141 hilaritatem
797 5082 1040 5135 conante
1066 5076 1358 5131 Chadeno.
1387 5074 1565 5143 Cujus
1602 5073 1880 5128 officiosis
1914 5075 2043 5143 ejus

413 5173 642 5245 generis
674 5168 999 5225 hortatibus
1030 5164 1198 5236 quasi
1232 5166 1294 5217 ut
1324 5162 1525 5216 cedere
1570 5177 1632 5215 se
1685 5160 2044 5231 Palaaologus

414 5263 784 5326 monstraret,
818 5253 1142 5327 composito
1171 5250 1330 5305 vultu
1356 5251 1424 5305 ad
1451 5250 1767 5320 quamdam
1790 5249 2041 5320 speciem

412 5348 757 5422 respirantis
780 5346 851 5402 ab
874 5341 1220 5415 aegritudine
1243 5338 1418 5393 animi
1445 5354 1458 5392 :
1481 5361 1507 5387 ‹‹
1525 5338 1672 5401 Quin
1691 5341 1776 5403 tu,
1802 5361 1824 5388 ι
1852 5337 2045 5408 inquit

409 5446 569 5510 (nam
601 5436 747 5492 belle
778 5435 944 5489 illum
977 5432 1071 5488 3|
1112 5427 1359 5500 psallere
1399 5426 1675 5497 aiebant),
1710 5449 1737 5475 ‹‹
1789 5444 1957 5481 aures
1987 5433 2045 5483 et

412 5532 663 5583 mentem
697 5523 843 5580 mihi
873 5519 1170 5577 demulces
1200 5515 1556 5571 modulando
1594 5514 1788 5586 aliquo
1842 5517 2044 5587 cujus-

410 5631 642 5687 cunque
671 5609 1002 5685 argumenti
1027 5607 1275 5675 cantico,
1308 5605 1463 5677 quod
1492 5603 1600 5659 tibi
1632 5621 1883 5676 cumque
1921 5606 2042 5677 pri-

412 5720 572 5761 mum
604 5703 664 5757 in
698 5702 939 5757 buccam
986 5695 1265 5754 venerit?
1294 5718 1317 5749 ι
1368 5694 1531 5751 Tunc
1571 5691 1672 5749 ille
1721 5695 2038 5766 quamdam

2169 4642 2344 4693 turna
2373 4638 2493 4693 haec
2522 4638 2630 4693 fuit
2661 4656 2844 4707 mora,
2869 4643 3224 4711 pertinacius
3248 4645 3497 4702 durante
3519 4650 3804 4722 principis

2164 4727 2385 4795 morbo,
2419 4732 2477 4782 et
2501 4728 2690 4783 vincto
2714 4731 2941 4785 tamdiu
2966 4731 3022 4785 in
3047 4733 3313 4789 custodia
3345 4740 3665 4805 perstante,
3684 4754 3798 4794 non

2160 4814 2259 4869 illo
2291 4815 2525 4884 quidem
2558 4816 2735 4871 veluti
2768 4819 3029 4874 convicto
3060 4820 3322 4877 criminis
3355 4824 3633 4893 majoris:
3660 4828 3801 4884 solis

2160 4902 2316 4957 enim
2341 4903 2458 4957 iere
2479 4904 2912 4972 suspicionibus
2933 4906 3235 4964 laborabat
3257 4909 3515 4981 antiquis
3533 4912 3670 4984 illis,
3696 4917 3799 4972 sed

2163 4991 2231 5045 de
2264 5006 2407 5045 novo
2437 4990 2760 5048 eventilatis
2793 4994 2991 5049 afflatu
3016 4995 3272 5068 maligno
3296 4996 3644 5071 delatorum,
3668 5004 3807 5059 sub-

2161 5078 2297 5132 inde
2326 5077 2474 5132 clam
2513 5078 3017 5137 insusurrantium
3078 5084 3306 5155 imperii
3364 5089 3801 5160 prasagitiones

2163 5167 2231 5221 de
2264 5166 2577 5236 Palaeologo
2601 5169 2872 5238 jactatas.
2899 5171 2978 5226 Ea
2996 5175 3119 5226 erat
3142 5188 3276 5227 vera
3296 5174 3651 5233 detentionis
3673 5179 3803 5249 ejus

2161 5272 2357 5323 causa,
2398 5254 2491 5309 cui
2549 5256 2969 5313 obtendebatur
3030 5260 3253 5316 crimen
3311 5263 3559 5320 affectati
3612 5268 3797 5338 regni.

2157 5347 2371 5401 Verum
2406 5344 2580 5400 altius
2606 5349 2917 5416 repetenda
2943 5352 3199 5405 narratio
3231 5356 3338 5419 est,
3386 5358 3450 5408 ut
3498 5358 3799 5428 proposita

2159 5453 2249 5489 res
2282 5434 2351 5488 ad
2386 5438 2618 5503 captum
2652 5435 2884 5492 lectoris
2916 5441 3409 5497 accommodatius
3441 5446 3744 5502 tractetur.

2230 5524 2315 5577 12.
2353 5522 2413 5577 Ut
2444 5523 2753 5591 imperator
2780 5529 3052 5593 zgrotans
3081 5542 3264 5584 omnes
3291 5532 3677 5600 veneﬁciorum
3728 5552 3797 5592 ac

2224 5612 2647 5682 prastigiarum
2675 5623 2951 5685 suspectos
2982 5615 3275 5679 habuerit;
3304 5625 3356 5674 et
3382 5619 3447 5675 de
3476 5621 3725 5677 Martha.

2225 5700 2325 5757 32
2357 5698 2656 5756 Invaserat
2676 5702 3087 5774 imperatorem
3119 5706 3381 5778 morbus,
3403 5711 3461 5763 et
3480 5708 3530 5765 is
3552 5709 3797 5781 quidem
