4154 6286
341 356 447 412 465
1460 364 1550 416 on
1588 358 1940 414 MICHAELE

2049 354 2434 410 LLJBOLOGO
2469 357 2600 409 LIB.
2644 359 2688 407 Ι.
3620 344 3724 400 466

332 478 418 550 ἦν,
450 479 526 540 ὡς
578 477 773 547 ἔοικεν,
808 479 867 533 ἐκ
914 482 1104 548 ζέσεως
1159 488 1387 557 φυσικῆς
1436 480 1742 557 ἰγκαρδίου.
1785 479 1968 542 Ὅθεν,
2000 478 2054 544 Α
2087 476 2496 552 προτεινόμενοι
2528 474 2707 551 ὅρκοι,
2740 474 2801 530 οὐ
2832 472 2964 549 βίων
2993 475 3099 527 τῶν
3132 471 3238 547 πρὸ
3282 472 3379 524 τοῦ
3408 465 3725 557 Δἐξετάσεις,

334 567 511 637 οἶμαι,
541 568 630 620 καὶ
679 568 741 621 τὸ
787 566 973 643 εὐφυὲς
1026 555 1213 641 ἐκείνω
1270 571 1356 624 καὶ
1392 555 1522 643 ὑπὲρ
1577 570 1639 624 τὸ
1690 569 1966 641 προσῆκον
2080 565 2177 619 οὐκ
2208 563 2331 619 ἄλλ’
2365 564 2493 619 ἅττα
2527 568 2610 627 οἷς
2658 565 2720 618 τὸ
2767 560 2964 635 ψεῦδος
3012 561 3336 634 ἐλέγχεται·
3371 555 3498 613 ἀλλ’
3524 556 3579 611 ’ἐν
3628 557 3718 610 καὶ

331 655 420 727 ἦν,
480 654 547 709 οὗ
607 651 887 731 στέγοντος
942 660 1038 709 τοῦ
1091 658 1282 729 μορίου
1339 659 1402 711 τὸ
1458 660 1628 721 πάθος
1686 653 1966 710 κάντεῦθεν
2094 655 2256 725 μόνον
2313 654 2379 720 ἦν
2431 655 2492 707 τὸ
2550 658 2722 720 σῶζον
2775 650 2900 711 τοὺς
2938 648 3247 717 ἡλωκότας,
3284 653 3360 713 [Ρ.
3392 647 3479 718 18]
3509 643 3557 699 εἴ
3616 644 3721 718 μό-

331 743 737 816 ἐκτρεπομὲνου
767 747 863 797 τοῦ
895 742 1123 814 εἰκότος,
1157 745 1230 806 ὡς
1278 742 1417 817 μηδὲ
1462 744 1774 820 χρησίμους
1828 740 1969 796 πολ·
2080 739 2208 815 δρον
2272 741 2331 794 ἐκ
2386 741 2554 812 πυρὸς
2604 737 2713 808 ἤδη
2746 738 2950 807 ζέοντα,
2982 738 3010 791 '6
3042 734 3107 804 δὴ
3140 736 3227 789 καὶ
3263 736 3415 820 ᾅγιον
3447 733 3722 810 ἐπεφήμι-

331 831 486 892 λάκις
534 832 869 903 ἀναπέμπειν
926 837 1004 903 τῷ
1063 832 1347 907 ἐγκεφάλῳ
1423 836 1519 889 τάτ
1604 830 1967 899 ἀναπνεύσεις,
2083 827 2500 903 ζον,τολμώσῃ
2564 829 2709 902 χειρὶ
2765 827 3025 899 κύψαντες
3071 819 3393 879 ἀναλάϐοιεν
3452 822 3541 877 καὶ
3596 820 3716 895 τρὶς

330 920 448 984 ὅθεν
494 919 582 973 καὶ
638 920 701 973 τὸ
752 917 1081 993 λογίζεσθαι.
1118 922 1204 977 Ἐν
1254 921 1432 992 τούτῳ
1488 922 1590 995 γὰρ
1621 921 1710 975 καὶ
1743 918 1969 996 φιλοσό-
2082 920 2438 993 βηματίσειαν
2499 914 2739 991 ἔχοντες,
2786 916 3047 989 πρότερον
3104 914 3278 986 τρισὶν
3333 911 3567 983 ἡμέραις
3618 914 3714 964 τοῦ

331 1030 440 1084 φων
503 1006 614 1082 ἔριν
670 1008 793 1081 περὶ
849 1012 946 1061 τοῦ
1003 1014 1222 1082 φρονεῖν
1272 1004 1626 1081 συμϐιὸάζειν
1675 1029 1755 1068 τις
1812 1002 1960 1081 ἔχοι·
2078 1009 2243 1060 ταῦτα
2271 1006 2499 1079 γίνεσθαι
2530 1003 2753 1074 νηστείᾳ
2802 1000 3220 1077 καθηγνισμένοι
3268 998 3359 1054 καὶ
3408 1002 3715 1073 προσευχῇ,

332 1096 485 1169 πηγὴ
547 1096 650 1170 γὰρ
707 1094 988 1168 λογισμῶν
1038 1098 1072 1164 ἡ
1127 1093 1342 1168 καρδία,
1397 1094 1542 1164 πλὴν
1618 1095 1966 1169 ἀναγομένων
2079 1093 2573 1165 ἐπισεσημασμένω
2604 1092 2692 1146 καὶ
2721 1093 2821 1159 τὴν
2852 1094 3014 1165 χεῖρα
3039 1088 3362 1165 κεκρυφάλῳ
3400 1086 3488 1143 καὶ
3550 1086 3715 1160 βουλ-

334 1184 465 1257 πρὸς
495 1184 582 1237 τὸν
631 1181 953 1259 ἐγκέφαλον,
985 1183 1059 1245 ὡς
1111 1182 1313 1245 ἐκεῖνος
1369 1183 1701 1258 συμμετρίας
1762 1184 1797 1251 ἢ
1860 1182 1967 1253 μὴν
2080 1181 2151 1255 λῃ
2207 1184 2278 1243 ὡς
2331 1183 2494 1253 μήτις
2549 1180 2859 1253 ἐπιχειροίη
2920 1178 3156 1253 ἀλείφων
3214 1176 3352 1229 τισὶν
3407 1174 3487 1251 ἐφ’
3542 1176 3588 1245 ᾧ
3635 1176 3710 1246 μὴ

334 1269 697 1342 ἀσυμμετρίας
728 1266 1077 1343 ἔχοι,οῧτως
1129 1268 1511 1325 εἷδοποιεῖσθαι
1570 1266 1850 1344 συμϐαίνει
1906 1269 1969 1322 τὸ
2077 1274 2273 1343 ψαῦσαι
2333 1267 2475 1342 μηδέ
2520 1273 2712 1323 καῦσαι
2769 1268 2831 1322 τὸ
2886 1270 3013 1339 πῦρ.
3044 1266 3144 1322 Καὶ
3208 1261 3341 1317 εἶδεν
3382 1264 3411 1317 6
3467 1261 3709 1338 γράφων,

330 1358 682 1431 ἀναγόμενον.
713 1356 852 1413 Τότε
880 1356 1058 1412 τοίνυν
1108 1357 1505 1429 ἐπιπιπτούσης
1552 1360 1813 1433 συχνάκις
1869 1364 1969 1426 τῆς
2076 1354 2228 1428 ἡϐῶν
2255 1363 2335 1430 τῷ
2373 1358 2513 1425 τότε,
2548 1356 2874 1414 ὑποστάντας
2903 1355 3052 1414 τινὰς
3099 1356 3339 1420 τοιαῦτα,
3371 1349 3516 1416 πλὴν
3563 1349 3710 1405 ἀλω-

320 1444 502 1512 νόσου,
556 1444 654 1498 οὐκ
706 1441 807 1498 οἷδ’
860 1444 1077 1511 ὁπόθεν,
1138 1448 1353 1519 μήνιμα
1410 1448 1544 1500 εἶναι
1593 1447 1656 1501 τὸ
1713 1444 1883 1507 πάθος
1938 1446 1966 1499 6
2077 1442 2261 1517 ϐήτως
2292 1445 2725 1516 ἆπαλλάξαντας,
2750 1444 2811 1497 τὸ
2859 1440 3177 1513 Θαυμάσιον.
3210 1438 3341 1493 Τότε
3368 1438 3544 1492 τοίνυν
3579 1437 3708 1511 ὥρι-

316 1534 548 1607 πάσχων
607 1532 666 1587 ἐκ
722 1533 1040 1607 μαγγανείας
1101 1532 1383 1607 δαιμόνιον
1444 1531 1813 1607 ὑπελάμϐανε.
1863 1522 1967 1587 Καὶ
2076 1557 2167 1597 στο
2225 1537 2317 1607 μὶν
2372 1534 2461 1587 καὶ
2518 1530 2710 1592 ἄλλοις
2740 1530 2883 1604 παρὰ
2927 1533 3023 1584 τοῦ
3052 1532 3379 1604 κρατοῦντος
3410 1521 3707 1598 λαμϐάνειν

318 1623 371 1675 οἱ
406 1622 501 1694 μὲν
532 1618 738 1676 πολλοὶ
793 1624 900 1675 τῶν
952 1620 1073 1693 ἔξω,
1102 1625 1183 1684 οἷς
1230 1624 1296 1691 ἦν
1325 1622 1393 1677 τὰ
1421 1627 1642 1678 τοιαῦτα
1670 1624 1964 1687 πιστεύειν,
2074 1623 2148 1685 εἰς
2193 1622 2366 1699 γάμον
2425 1619 2481 1675 εὖ
2532 1624 2628 1674 τοῦ
2685 1618 2872 1693 γένους
2911 1616 3162 1692 ἐχούσας,
3193 1614 3286 1670 κᾶν
3320 1614 3515 1669 ἐκεῖνοι
3572 1613 3714 1668 πολ-

311 1710 373 1764 τὸ
454 1706 713 1785 ἔγκλημα
779 1705 1134 1784 προσέτριϐον
1206 1716 1323 1773 τοῖς
1403 1711 1761 1781 Μουζάλωσι,
1817 1712 1963 1784 παρὰ
2072 1712 2226 1772 λάκις
2285 1710 2344 1764 ἐκ
2402 1707 2722 1783 σπερμάτων
2780 1709 2914 1774 ἦσαν
2971 1706 3073 1759 οὐκ
3114 1703 3340 1777 εὐγενῶν
3377 1722 3389 1735 ·
3440 1701 3586 1769 πλὴν
3644 1703 3707 1756 τὸ

314 1795 509 1873 λόγον,
568 1800 659 1851 καὶ
713 1797 787 1860 ὡς
844 1796 941 1851 οὐκ
1016 1794 1076 1852 ἂν
1144 1796 1569 1873 προσεδόκησαν,
1624 1804 1731 1854 τῶν
1795 1801 1952 1871 ἀξιω-
1991 1800 2273 1894 Βεύγενὲς
2325 1797 2550 1857 ἐκείνοις
2600 1797 2736 1869 πρὸς
2788 1798 2885 1847 τοῦ
2939 1796 3265 1865 κρατοῦντος
3349 1787 3558 1866 ἕῤῥεπε,
3615 1792 3706 1844 καὶ

316 1887 499 1959 μάτων
555 1888 784 1959 τυχοῦσι
818 1902 832 1918 ⁰
891 1889 969 1955 τῷ
1021 1887 1204 1956 μέντοι
1260 1907 1322 1960 γε
1375 1886 1642 1961 πάσχοντι
1698 1892 1801 1948 π’άς
1846 1886 1951 1940 ὕπ-
1991 1877 2140 1948 νὼς
2171 1892 2304 1965 σφᾶς
2363 1883 2469 1940 ἔδει
2528 1883 2870 1956 σεμνύνεσθαι
2924 1881 3246 1953 ἀξιώμασιν,
3298 1877 3348 1932 ἐν
3405 1877 3705 1953 εὐεργεσίας

316 1994 477 2035 οπτος
537 1974 628 2041 ἦν,
691 1972 741 2026 εἷ’
803 1973 966 2044 μόνον
1022 1994 1103 2034 τις
1171 1973 1258 2027 ἐπὶ
1318 1975 1662 2050 μαγγανείαις
1712 1995 1951 2049 κατηγο-
2061 1977 2210 2051 μέρει
2273 1975 2364 2030 καὶ
2418 1975 2749 2049 ἀμφοτέροις
2806 1971 2867 2024 τὸ
2925 1967 3100 2037 κῆδος
3160 1970 3187 2022 ὁ
3230 1969 3440 2040 κρατῶν
3513 1965 3698 2032 ἐτίθει,

319 2060 460 2135 ροίη.
516 2062 679 2123 “Οθεν
739 2060 830 2114 καὶ
884 2058 1134 2115 πλεῖστοι
1186 2061 1275 2115 καὶ
1327 2066 1435 2117 τῶν
1492 2062 1767 2137 τυχόντων
1826 2084 1949 2117 συν·
2059 2063 2185 2118 ὥστ’
2230 2062 2463 2122 ἐκείνους
2524 2061 2617 2134 μὶν
2672 2064 2790 2119 ταῖς
2849 2058 3174 2131 ματρώναις,
3222 2056 3296 2116 ὡς
3350 2056 3377 2109 6
3427 2055 3703 2125 Ῥωμαῖος

321 2144 699 2221 ελαμϐάνοντο,
751 2146 806 2201 εἷ’
853 2148 958 2202 πού
1008 2170 1093 2210 τις
1142 2150 1378 2224 γρύξειεν
1437 2150 1704 2224 ἐγκαλῶν.
1758 2151 1861 2210 Καὶ
1920 2152 1947 2205 6
2057 2149 2223 2217 εἷ’ποι,
2255 2151 2329 2212 ὡς
2387 2150 2530 2212 εἰκὸς
2585 2145 2994 2223 μεγαλύνεσθαι,
3025 2143 3229 2206 ἐκείνας
3278 2141 3322 2197 δ’
3354 2141 3505 2205 αὖθις
3561 2163 3696 2214 συμ-

319 2238 405 2309 μὲν
462 2235 675 2291 διώκων
739 2235 1067 2311 μαγγανείας
1121 2235 1291 2292 ἄλλον
1344 2238 1474 2311 ὑπερ
1515 2240 1706 2293 ἑαυτοῦ
1735 2238 1949 2293 πολλά-
2060 2239 2307 2313 μετέχειν
2363 2237 2469 2293 τῶν
2522 2237 2841 2308 ἀξιωμάτων
2896 2237 3013 2294 τοῖς
3067 2235 3384 2306 ἁγομένοις.
3421 2230 3694 2305 Προστάτ-

314 2345 395 2386 κις
450 2324 486 2392 ἢ
544 2328 641 2379 τοῖ’)
687 2323 924 2394 πλησίον
977 2320 1298 2400 προῦϐαλλε
1342 2323 1689 2399 τοῦγκλημα,
1739 2327 1812 2387 ὡς
1869 2324 1947 2379 δίο
2054 2349 2132 2382 τει
2154 2326 2332 2381 τοίνυν
2356 2325 2449 2380 σὺν
2480 2330 2598 2385 τοῖς
2627 2322 2821 2386 ἄλλοις
2848 2321 2937 2376 καί
2963 2342 3070 2376 τινι
3110 2324 3217 2374 τῶν
3278 2318 3353 2379 εἷς
3393 2315 3695 2372 παιδοποό-

320 2432 411 2471 κας
489 2412 801 2485 ληψόμενος
886 2410 1208 2482 ἆποδείξας’
1270 2414 1598 2489 ἀναγόμενον
1676 2411 1732 2467 δὲ
1814 2415 1950 2487 πρὸς

328 2497 545 2573 βασιλέα
599 2499 655 2553 τὸ
709 2497 965 2574 ἔγκλημα
1009 2498 1067 2554 ἐκ
1111 2504 1208 2554 τοῦ
1255 2500 1558 2576 παραυτίκα
1590 2500 1672 2573 (οὐ
1720 2502 1819 2575 γὰρ
1879 2502 1947 2569 ἦν

322 2592 516 2657 σιωπᾷν
575 2587 922 2661 ἀκούσαντα),
956 2588 984 2642 6
1041 2586 1098 2643 δὲ
1156 2588 1269 2664 οὐχ
1299 2590 1430 2665 ὑπὲρ
1463 2587 1636 2645 ἄλλου
1666 2611 1762 2644 του
1818 2588 1944 2644 ἀλλ’

310 2674 458 2738 αὐτὸς
514 2676 706 2730 ἑαυτοῦ
763 2674 1011 2739 συνόλως
1069 2677 1317 2751 ἀγωνιῶν
1377 2678 1730 2750 προσέταττεν
1767 2677 1946 2748 ἐξετά-

307 2768 496 2832 ζεσθαι.
536 2765 878 2837 Παράστασις
938 2762 994 2819 δὲ
1045 2769 1142 2819 τοῦ
1204 2767 1278 2838 μὴ
1339 2768 1546 2842 ψήφοις
1576 2766 1806 2830 ἀπάσαις
1856 2767 1948 2821 τὸν

302 2852 625 2925 κρινόμενον
684 2854 953 2926 αἱρεῖσθαι
1014 2853 1080 2908 οὐ
1145 2856 1429 2929 μαρτύρων
1488 2854 1827 2930 παραγωγαὶ,
1887 2855 1947 2909 οὐ

295 3003 509 3075 gravis,
551 3003 855 3075 epilepsia,
892 3021 1005 3076 qua
1036 3005 1286 3060 subinde
1316 3007 1714 3077 apprehensus
1755 3008 1946 3062 conci-

294 3092 484 3148 debat.
532 3091 706 3163 Origo
730 3093 859 3162 ejus
879 3093 1252 3149 versimiliter
1271 3094 1675 3165 imputabatur
1696 3096 1948 3151 naturali

2056 2415 2185 2476 λους
2214 2415 2522 2488 ταχθέντων
2556 2413 2744 2483 ἐκείνῳ
2774 2414 2873 2465 τοῦ
2917 2409 3121 2483 πατρὸς
3174 2412 3394 2476 ζῶντος,
3437 2404 3692 2462 Βαλανει-

2057 2501 2225 2577 διώτῃ
2248 2501 2577 2573 τούπίκλην,
2606 2500 2703 2567 τήν
2732 2507 2832 2569 τῆς
2862 2496 3206 2574 αὗταδέλφης
3235 2499 3331 2551 τοῦ
3383 2490 3663 2549 Παλαιολό

2055 2612 2155 2665 γου
2206 2592 2448 2666 Μαρίας,
2478 2586 2583 2643 εἷ’τε
2629 2588 2718 2641 καὶ
2778 2585 3023 2661 Μάρθας,
3053 2584 3221 2660 κόρην
3277 2580 3580 2656 Θεοδώραν,
3630 2584 3694 2649 ἢν

2054 2684 2134 2751 τῷ
2162 2677 2553 2752 Ταρχανειώτῃ
2590 2672 2809 2749 μεγάλῳ
2855 2671 3160 2745 δομεστίκῳ
3206 2670 3383 2739 ἐκείνη
3442 2670 3690 2743 γεγεννη-

2054 2787 2165 2835 κεν,
2198 2767 2274 2827 εἰς
2334 2765 2510 2840 γάμον
2569 2763 2804 2836 νόμιμον
2865 2761 3174 2836 ἀγαγέσθαι.
3199 2759 3304 2814 Καὶ
3332 2758 3395 2824 ἦν
3443 2759 3471 2812 ὁ
3529 2756 3692 2830 λόγος

2054 2859 2150 2909 τοῦ
2212 2852 2479 2928 βασιλέως
2537 2850 2721 2912 αὐτοῖς
2775 2844 2961 2923 βεϐαία
3012 2868 3096 2909 τις
3153 2846 3533 2921 κατεγγύησις,
3565 2846 3692 2899 κάν-

2056 3010 2128 3063 ad
2153 3009 2562 3079 imperatorem
2588 3004 2960 3061 accusatione
2993 3004 3127 3072 (non
3166 3004 3290 3056 erat
3337 3000 3490 3055 enim
3547 2998 3692 3053 libe-

2055 3114 2186 3152 rum
2218 3097 2269 3152 ei
2316 3094 2690 3152 dissimulare
2745 3094 2899 3166 quod
2955 3092 3083 3162 ejus
3140 3088 3367 3160 generis
3424 3087 3689 3141 auditum

278 3180 518 3235 eii'erves
536 3179 741 3235 centia
791 3180 987 3236 cordis
1019 3183 1221 3252 (quam
1264 3185 1322 3236 et
1369 3198 1609 3237 causam
1660 3184 1712 3237 ei
1760 3184 1945 3239 fuisse
1980 3173 2021 3239 C
2053 3187 2279 3253 fuerat),
2303 3184 2501 3239 statim
2525 3184 2575 3238 is
2594 3183 2867 3238 turbatus
2889 3184 2945 3235 et
2965 3183 3244 3246 aestuans,
3268 3180 3553 3247 tanquam
3575 3191 3688 3229 non

278 3282 405 3322 reor
426 3267 673 3322 ruboris
696 3266 755 3321 in
778 3268 942 3322 vultu
970 3267 1272 3340 ﬂagrantis
1296 3269 1393 3339 (1),
1421 3268 1575 3324 haud
1600 3286 1728 3326 sese
1742 3271 1944 3326 videli-

277 3359 363 3410 cet
390 3356 676 3427 capiente
707 3356 913 3411 ardore
944 3356 1225 3427 principis
1257 3356 1417 3412 illius
1462 3359 1735 3425 membri,
1794 3360 1936 3430 quin

274 3442 417 3498 foras
446 3460 515 3499 us
543 3457 656 3513 que
681 3441 739 3495 in
764 3458 829 3497 os
850 3447 908 3498 et
937 3458 1118 3513 genas
1144 3450 1489 3515 erumpente
1512 3445 1726 3501 interni
1760 3452 1944 3502 aestus

274 3532 476 3588 indicio
494 3549 523 3586 s
542 3547 571 3586 e
597 3531 891 3601 proderet.
915 3531 1027 3586 Sed
1051 3536 1108 3586 et
1128 3531 1408 3602 fuliginea
1427 3549 1495 3589 ex
1519 3533 1629 3591 isto
1667 3534 1945 3591 incendio

277 3633 503 3675 sursum
540 3620 607 3674 in
642 3620 950 3673 cerebrum
982 3620 1216 3691 perlatae
1239 3620 1480 3677 rationis
1518 3638 1693 3678 usum
1719 3628 1943 3695 pertur-

271 3707 499 3765 babant.
536 3708 710 3773 Quod
735 3709 1236 3778 quemadmodum
1259 3710 1378 3777 fiat,
1401 3713 1793 3781 quantumvis
1813 3714 1943 3784 phi-

262 3796 489 3868 losophi
525 3797 799 3851 rixentur
816 3794 967 3851 inter
991 3813 1144 3867 sese,
1166 3802 1394 3853 certum
1417 3803 1615 3854 tamen
1638 3801 1943 3870 experien-

263 3885 355 3940 tiae
386 3882 685 3955 suﬂ‘ragio
717 3887 808 3939 est
840 3883 1063 3940 fontem
1096 3886 1240 3941 recti
1264 3886 1471 3955 judicii
1505 3903 1603 3942 cor
1662 3904 1814 3958 esse,
1878 3876 1946 3945 et

270 3978 444 4043 prout
474 3970 841 4028 exhalantur
867 3989 936 4027 ex
985 3989 1051 4029 eo
1112 3975 1543 4030 accommodati
1602 3977 1673 4031 ad
1731 3994 1942 4033 sanum

266 4064 814 4133 temperamentum
850 4061 1061 4132 capitis
1093 4068 1193 4116 aut
1225 4061 1279 4117 ei
1310 4062 1628 4119 adversarii
1677 4081 1944 4135 vapores,

260 4149 342 4204 ita
374 4149 641 4204 delirare
658 4146 962 4203 hominem
985 4152 1086 4204 aut
1109 4166 1335 4221 sapere.
1361 4151 1525 4207 Tunc
1542 4152 1721 4223 igitur
1748 4153 1947 4209 istius-

268 4237 427 4293 modi
459 4234 799 4307 caliginum
832 4235 1207 4293 incommodo
1241 4240 1299 4293 in
1334 4241 1642 4295 cerebrum
1695 4243 1943 4313 appulsu

270 4325 529 4381 subinde
564 4322 886 4395 perculsus
918 4339 1087 4395 aeger,
1120 4325 1389 4381 laborare
1423 4343 1485 4383 se
1515 4327 1567 4382 vi
1600 4344 1751 4385 saeva
1810 4314 1947 4384 mali

267 4412 562 4469 daemonis
600 4426 916 4481 magorum
950 4412 1178 4468 artibus
1207 4413 1479 4471 immissa
1505 4417 1829 4486 judicabat.
1867 4419 1945 4474 Ac

2048 3274 2108 3328 in
2142 3273 2320 3329 alium
2348 3288 2524 3342 quam
2550 3272 2608 3325 in
2641 3286 2770 3325 sese
2792 3268 2892 3339 qui
2917 3267 3285 3323 deferebatur
3308 3264 3513 3319 noxias
3536 3268 3691 3317 artes

2049 3361 2419 3428 intendisset,
2445 3358 2695 3429 disquiri
2727 3358 2796 3412 de
2827 3356 3168 3427 rejubebat.
3192 3352 3470 3409 Elabendi
3494 3356 3689 3407 autem

2049 3449 2326 3520 ejudicio
2384 3452 2562 3517 atque
2620 3444 2968 3500 innocentia:
3024 3442 3339 3514 probanda;
3400 3456 3516 3494 una
3570 3443 3693 3492 erat

2049 3538 2217 3602 ratio,
2250 3553 2364 3591 non
2398 3537 2453 3589 in
2478 3533 3003 3603 calculisjudicum
3028 3535 3127 3586 aut
3149 3530 3424 3585 laudibus
3448 3526 3685 3583 testium

2050 3630 2150 3681 aut
2170 3624 2558 3696 jurejurando
2589 3625 2724 3677 dato
2756 3625 2856 3676 aut
2875 3619 3004 3674 vitae
3028 3619 3190 3690 prius
3213 3616 3522 3686 inculpata
3547 3618 3685 3668 actas

2051 3712 2328 3784 suﬂ'ragio
2360 3711 2491 3779 sita,
2528 3712 2629 3766 sed
2665 3710 2723 3764 in
2764 3709 3001 3764 innoxia
3048 3704 3498 3778 pertractatione
3551 3703 3686 3757 ferri

2050 3800 2377 3868 candentis,
2410 3798 2566 3869 quod
2595 3800 2861 3851 sanctum
2894 3794 3198 3851 vocabant.
3234 3794 3422 3863 Hujus
3474 3805 3687 3862 purga-

2049 3890 2228 3947 tionis
2260 3890 2350 3944 hic
2380 3889 2527 3941 ritus
2549 3890 2690 3941 erat.
2714 3885 2820 3947 Qui
2853 3898 2916 3937 se
2944 3884 3014 3938 ad
3038 3883 3197 3937 illam
3221 3882 3471 3944 offerret,
3492 3879 3686 3933 triduo

2051 3980 2215 4050 prius
2236 3976 2463 4048 jejunio
2495 3978 2552 4029 et
2581 3972 2839 4029 oratione
2870 3987 2932 4026 se
2964 3971 3225 4042 parabat,
3255 3969 3583 4025 custoditus
3605 3970 3694 4026 in-

2049 4067 2221 4121 terim
2253 4070 2310 4119 et
2340 4080 2516 4118 manu
2549 4060 2674 4115 velo
2698 4059 2981 4127 involuta,
3015 4057 3108 4111 cui
3138 4056 3400 4128 sigillum
3432 4064 3585 4113 esset
3605 4076 3688 4113 re-

2051 4156 2214 4226 gium
2243 4154 2618 4223 impressum,
2651 4164 2723 4204 ne
2755 4148 2886 4219 quis
2916 4162 3041 4201 eam
3074 4145 3449 4201 unctionibus
3480 4146 3687 4201 adver—

2052 4262 2155 4300 sus
2186 4241 2340 4314 ignis
2369 4254 2605 4296 sensum
2638 4235 3048 4293 roborantibus
3075 4235 3351 4289 muniret.
3376 4235 3524 4288 Tum
3551 4249 3688 4304 pro-

2054 4334 2265 4388 ductus
2293 4330 2351 4384 in
2376 4329 2635 4384 medium
2659 4327 2934 4383 audacter
2953 4323 3266 4395 arripiebat
3284 4321 3536 4393 ignitum
3558 4322 3684 4393 glo-

2054 4422 2191 4477 bum
2230 4421 2387 4474 nuda
2418 4434 2615 4482 manu,
2648 4420 2702 4471 et
2727 4431 2859 4470 eum
2891 4430 2991 4483 per
3020 4412 3130 4468 tria
3159 4410 3448 4467 conclavis
3492 4411 3685 4482 spatia

264 4500 487 4591 vulgus
513 4498 765 4591 quidem
798 4500 867 4554 ad
892 4499 1381 4591 talia-credulum
1411 4504 1634 4560 crimen
1666 4508 1794 4577 ejus
1818 4511 1945 4591 ma:
1976 4526 2021 4591 D
2055 4509 2339 4581 portabat.
2372 4506 2528 4559 Vidit
2559 4504 2658 4575 qui
2688 4503 2809 4558 hac
2840 4502 3044 4557 scribit
3073 4501 3131 4555 in
3154 4503 3374 4554 aetatem
3397 4499 3523 4569 jam
3555 4502 3680 4553 tum

263 4587 439 4643 leﬁcii
472 4586 855 4658 impingebat
892 4587 1319 4654 Muzalonihus,
1353 4592 1519 4661 quasi
1551 4594 1650 4663 qui
1676 4611 1789 4649 non
1813 4612 1919 4650 con

263 4678 413 4733 tenti
447 4675 859 4748 dignitatibus
892 4678 1213 4746 concessis,
1268 4680 1338 4733 ad
1393 4681 1665 4751 majores,
1720 4684 1935 4754 quibus

264 4765 617 4829 inhiabant,
650 4762 801 4818 viam
837 4762 950 4818 sibi
983 4781 1049 4820 eo
1102 4764 1318 4822 scelere
1369 4771 1713 4825 sternerent.
1765 4772 1934 4843 [Egro

274 4857 478 4908 autem
496 4856 820 4922 suspectus
843 4851 1034 4922 quivis
1046 4857 1189 4923 erat,
1212 4870 1384 4925 quem
1411 4858 1936 4931 quomodocunque

273 4939 625 4996 insimulari
655 4940 1081 5012 praestigiarum
1112 4943 1364 4999 audiret.
1398 4947 1585 5011 Quare
1615 4949 1811 5003 statim
1861 4950 1931 5004 ad

273 5031 505 5101 primos
541 5043 826 5083 susurros
855 5028 943 5085 vel
975 5033 1192 5086 temere
1215 5032 1599 5089 deferentium
1634 5036 1782 5091 obvii
1808 5054 1933 5107 pas-

274 5118 389 5171 sim
422 5117 658 5187 quique
688 5117 1352 5187 comprehendebantur.
1387 5123 1507 5186 Quo
1532 5122 1932 5182 animadverso

274 5205 373 5277 qui
429 5205 697 5275 aliquem
758 5206 1020 5275 oderant,
1083 5212 1299 5264 certam
1359 5226 1488 5264 eam
1546 5212 1769 5267 inibant
1834 5232 1929 5269 ra-

276 5295 506 5350 tionem
540 5293 678 5362 ejus
706 5294 857 5349 male
901 5295 1211 5365 multandi,
1271 5302 1334 5352 ut
1382 5300 1505 5369 jam
1550 5301 1756 5357 delatio
1794 5298 1928 5357 ma-

288 5381 397 5453 gis:
481 5379 775 5436 indicium
858 5390 1012 5439 esset
1069 5385 1165 5439 ira:
1220 5384 1452 5456 injustas
1538 5406 1736 5458 pmnas
1831 5407 1933 5461 per

2053 4600 2327 4670 puberem
2361 4593 2596 4650 adultus
2637 4592 2920 4663 quosdam
2953 4590 3049 4644 isti
3082 4588 3334 4644 examini
3383 4588 3680 4658 subjectos

2047 4689 2187 4741 citra
2231 4684 2413 4739 ullam
2473 4683 2779 4737 defunctos
2838 4695 3044 4733 noxam
3104 4676 3410 4731 candentis
3458 4675 3675 4730 metalli

2046 4780 2225 4843 tactu,
2255 4770 2610 4827 mirantibus
2639 4768 2736 4839 qui
2763 4768 3024 4835 aderant,
3056 4764 3267 4820 illaesos
3302 4764 3679 4835 integrosque

2044 4862 2328 4917 recedere.
2364 4858 2505 4911 Cum
2541 4859 2732 4908 autem
2769 4870 2871 4925 per
2893 4853 2947 4907 id
2970 4859 3201 4922 tempus
3233 4868 3346 4906 non
3374 4868 3502 4907 raro
3531 4852 3677 4907 sole-

2043 4956 2130 5005 ret
2160 4950 2477 5019 imperator
2505 4943 2643 4998 viris
2674 4942 2828 4997 haud
2864 4941 3159 4997 nobilibus
3190 4940 3411 5011 praemii
3442 4940 3566 4996 lo'co
3589 4940 3675 4995 vel

2042 5037 2240 5110 gratia:
2272 5033 2774 5090 nobilissimarum
2805 5030 3096 5101 virginum
3157 5029 3426 5100 conjugia
3478 5031 3672 5084 decer—

2042 5108 2200 5191 nere,
2241 5125 2391 5178 inter
2421 5120 2535 5175 alia
2555 5122 2684 5190 ejus
2705 5121 2936 5190 generis
2965 5117 3226 5188 exempla
3250 5118 3483 5173 cuidam
3536 5108 3707 5172 ado-"

2041 5213 2277 5270 lescenli
2330 5229 2359 5266 e
2415 5210 2590 5281 regiis
2647 5208 2910 5279 ephebis,
2967 5206 3341 5262 Balanidiotae
3417 5205 3671 5276 nomine,

2040 5304 2403 5359 Theodoram
2437 5301 2535 5355 34
2568 5298 2803 5353 Marthae
2838 5297 3012 5351 ﬁliam
3043 5296 3261 5351 sororis
3292 5294 3617 5365 Palazologi,
3645 5314 3675 5349 ο

2041 5408 2252 5461 magno
2280 5391 2598 5446 domestico
2619 5386 3001 5443 Tarchaniota
3028 5385 3307 5456 genitam,
3326 5383 3672 5454 desponderi

291 5470 389 5526 88
404 5468 775 5526 calumniam
797 5470 866 5525 de
888 5471 1714 5546 inimicorepetentis.Perlata
1736 5484 1928 5535 autem
2035 5479 2234 5551 jussit.
2269 5476 2568 5533 Celcbrata
2599 5491 2887 5531 consensu
2914 5473 3169 5544 partium
3202 5470 3477 5525 mandato
3508 5471 3668 5540 prin-

364 5621 442 5691 (1)
474 5619 565 5675 Cf.
604 5621 830 5677 Possin.
863 5620 1116 5679 Glossar.
1150 5642 1198 5679 ν.
1234 5622 1449 5701 Εὐφυῆς
