4182 6286
416 297 521 353 467

1706 304 2005 366 GEORGII
2046 298 2509 360 ΡΑΟΗῩΜΕΒ-ΛΕ

3696 302 3805 357 468

415 423 621 493 τεῦθεν,
656 421 771 476 ἐπεὶ
826 426 916 478 καὶ
972 426 1108 500 πρὸς
1164 428 1253 481 16v
1288 428 1461 503 γάμον
1496 430 1560 485 τὰ
1594 431 1728 505 μέρη
1762 430 1893 497 ἦσαν
1928 444 2049 495 συγ·
2079 420 2134 486 Α
2164 421 2237 483 ὡς
2268 425 2367 478 οὐκ
2409 424 2511 479 οἶδ’
2541 426 2585 480 εἰ
2618 430 2645 480 6
2677 427 2907 505 νυμφίος
2958 430 3252 501 μεμίσηται
3310 430 3376 499 τῇ
3433 423 3586 479 παιδῖ
3643 421 3803 495 ἅὶλῳ

416 510 664 577 κάταινα,
699 514 772 573 ὡς
828 509 1076 588 γαμϐρὸς
1133 515 1324 586 ἀνέδην
1378 521 1474 586 τήν
1533 527 1632 588 τῆς
1690 520 1859 593 κόρης
1889 512 2057 569 οὶκίαν

418 598 733 673 εἰσήρχετο.
766 600 943 656 Ἀλλὰ
971 604 1248 681 παρερρυη
1284 608 1483 680 χρόνος
1515 606 1697 682 ὀλίγος
1726 610 1752 661 ὁ
1781 609 1879 675 τήν
1918 622 2056 675 μνη-

418 685 593 740 στείαν
651 686 858 757 ἐκείνην
920 690 1367 766 ἐπιμετρῶν,καὶ
1426 696 1524 749 οὐκ
1554 693 1652 749 οἶδ’
1685 696 1714 750 6'
1758 716 1807 747 1i
1867 693 2049 751 παθὼν

419 775 447 827 6
479 780 712 849 κρατῶν,
744 776 890 844 πλὴν
932 776 1059 833 ἀλλ’
1084 782 1118 847 ἡ
1169 779 1379 850 ἐξουσία
1420 789 1664 857 κρεῖσσον
1717 783 1950 852 δικαίου,
1980 792 2058 856 τῷ

418 866 513 916 τοῦ
545 860 935 938 Καϐαλλαρίου
987 869 1090 939 υἱῷ
1122 868 1388 943 Βασιλείῳ
1446 873 1647 948 εὐγενεῖ
1700 894 1774 948 τε,
1805 871 1917 929 ὄντι
1978 874 2056 944 ἐξ·

420 948 604 1006 εδίδου
634 953 690 1006 εὖ
719 953 905 1027 γένους
936 953 1166 1029 ἔχουσαν
1196 959 1294 1025 τήν
1341 946 1615 1034 ῥηθεῖσαν.
1648 963 1703 1013 Ὃ
1735 946 1779 1015 δῖ
1811 963 1860 1016 ἐν
1912 962 2057 1035 εὐερ-

418 1038 599 1112 γεσίας
659 1042 807 1113 μέρει
862 1039 1077 1117 δέχεται
1136 1045 1382 1118 ἀσμένως
1433 1048 1491 1102 τὸ
1546 1046 1782 1122 δωρηθέν
1815 1050 2057 1105 καὶκατ-

419 1126 616 1200 επείγει
653 1129 783 1189 τοὺς
812 1128 1037 1204 γάμους.
1073 1133 1203 1194 Ταῖς
1236 1135 1416 1205 μέντοι
1464 1158 1522 1210 γε
1566 1139 1769 1211 γυναιξὶ
1815 1140 1949 1212 πρὸς
1997 1139 2057 1191 τό

419 1218 636 1288 πρῶτον
698 1216 985 1290 ῥεπούσαις
1063 1220 1439 1297 συνάλλαγμα,
1489 1226 2060 1299 προκατειλημμέναις

421 1301 615 1375 ἄτιμον
673 1304 929 1379 ἐχούσαις
984 1310 1046 1361 τὸ
1109 1307 1469 1381 μεταϐαίνειν,
1501 1314 1831 1387 ἀπόποργος
1872 1317 1899 1370 6
1929 1337 2059 1386 νυμ-

423 1391 545 1467 φίος
574 1391 664 1459 ἦν.
698 1394 845 1454 Τέως
877 1392 933 1449 δὲ
964 1396 1015 1460 (6
1062 1396 1160 1470 γὰρ
1221 1404 1431 1472 κρατῶν
1484 1398 1861 1475 προσέταττεν)
1910 1402 2061 1457 ἐκου-

425 1483 532 1531 σῶν
592 1481 836 1534 ἀκουσῶν
896 1482 1113 1538 ἐκείνων
1163 1488 1227 1539 τὰ
1302 1488 1637 1560 νομιζόμενα
1694 1491 1928 1545 ἐτελεῖτο
1972 1510 2069 1560 καὶ

421 1572 728 1640 περιφανῶς
779 1571 830 1623 οἱ
889 1571 1131 1643 ὑμὲναιοι
1184 1573 1401 1648 ἤγοντο.
1436 1575 1648 1631 ’Δλλ’ὁ
1696 1580 1927 1654 νυμφίος
1984 1581 2063 1653 ἐφ’

422 1657 655 1729 ἡμέραις
714 1657 813 1711 οὐκ
870 1658 1119 1729 ἐπλήρου
1170 1667 1238 1726 τῆ
1298 1664 1434 1737 κόρῃ
1466 1664 1531 1719 τὰ
1558 1671 1663 1719 τῶν
1698 1665 1922 1739 ἀνδρῶν.
1957 1672 2057 1724 Καὶ

2166 531 2244 581 τῳ
2300 514 2559 585 πρότερον
2618 515 3059 591 κατηγγυημένῃ.
3092 518 3153 572 Ὀ
3210 517 3390 587 μέντοι
3438 534 3497 588 γε
3549 511 3801 586 βασιλεὺς

2168 598 2272 653 εἶίτε
2302 603 2435 672 πρὸς
2460 604 2559 669 τὴν
2611 605 2841 675 ὑποψίαν
2892 604 2981 658 καί
3025 601 3099 658 ἔτι
3152 603 3474 675 ἀμετάθετον
3523 596 3663 674 ἔχων
3724 601 3801 660 ὡς

2169 686 2374 757 ἐκείνην
2439 691 2750 765 μαγγνείαις
2804 692 3111 764 εἷθισμένην
3164 690 3305 747 εἷ’κὸς
3358 691 3448 743 καὶ
3489 691 3605 742 κατ’
3636 687 3800 742 αὐτοῦ

2164 775 2446 847 τολμῆσαι
2475 778 2751 841 τοιούτοις
2783 780 3111 853 χρήσασθαι,
3145 774 3681 847 συνυποπτευομένου
3710 774 3800 828 καὶ

2165 862 2434 940 τάδελφοῦ
2487 867 2573 919 ὑπ’
2600 866 2734 939 αὐτῇ
2782 866 3075 942 τραφέντος
3130 867 3218 920 καὶ
3278 863 3660 937 στεργομένου,
3694 860 3803 916 εἶ’τε

2172 954 2277 1023 μὴν
2308 955 2395 1006 καὶ
2429 953 2504 1013 εἰς
2537 953 2740 1008 ἔννοιαν
2774 954 2945 1017 ἐλθὼν
3000 957 3072 1025 μή
3126 975 3244 1014 πως
3298 954 3404 1007 τῶν
3455 950 3805 1024 πραχθέντων

2169 1041 2242 1099 ὡς
2300 1040 2443 1101 εἷ’κὸς
2500 1041 2860 1095 ἀκουσθέντων
2909 1044 2936 1095 ὁ
2968 1039 3347 1115 Παλαιολόγος
3400 1035 3805 1113 ὑϐριοπαθήσας

2169 1128 2241 1187 ὡς
2298 1126 2528 1204 ἀδελφὸς
2582 1132 2715 1204 πρὸς
2770 1132 3130 1202 νεωτερισμὸν
3205 1128 3570 1195 ἀποκλίνειεν,
3630 1125 3805 1186 οὕτως

2169 1210 2311 1288 ἔχων
2365 1216 2581 1289 πέμψας
2639 1218 2727 1271 καὶ
2782 1225 2879 1286 τῆς
2925 1216 3218 1290 ἡγεμονίας
3257 1216 3457 1270 ἐκείνον
3490 1212 3807 1289 παραλύσας

2170 1305 2347 1377 ἀνάγει
2381 1302 2624 1376 δέσμιον,
2656 1310 2733 1377 τῷ
2781 1307 2874 1377 μὲν
2918 1304 3093 1360 δοκεῖν
3144 1306 3266 1377 περὶ
3320 1308 3415 1358 τοῦ
3466 1310 3567 1371 τῆς
3603 1323 3804 1374 μαγγα-

2169 1391 2311 1452 νείας
2378 1391 2721 1467 ἐγκλήματος
2791 1391 3287 1469 ἀπολογησόμενον,
3344 1397 3412 1465 τῇ
3472 1389 3520 1445 δ’
3574 1390 3799 1459 ἀληθείᾳ

2169 1480 2469 1554 πρόσχημα
2515 1482 2580 1549 ἦν
2629 1484 2690 1536 τὸ
2732 1484 2971 1557 πραχθὲν
3021 1480 3246 1552 δειλίας,
3274 1484 3370 1535 τοῦ
3423 1482 3496 1552 μή
3529 1500 3580 1533 τι
3610 1498 3805 1532 νεωτε-

2171 1568 2313 1641 ρίσαι
2367 1568 2681 1623 ἀκούσαντα.
2713 1572 2782 1624 Τὸ
2838 1568 2975 1639 δ’ἦν
3028 1568 3195 1639 δῆλον
3256 1569 3315 1623 ἐκ
3362 1572 3462 1622 τοῦ
3519 1568 3594 1639 μὴ
3652 1566 3801 1625 ὅπως

2176 1659 2289 1729 μετ’
2338 1656 2526 1731 ὀλίγον
2571 1665 2670 1726 τῆς
2728 1660 2946 1734 εἱρκτῆς
3003 1659 3202 1713 ἐκεῖνον
3254 1657 3462 1720 ἐσαῦθις
3519 1653 3807 1709 ἀνακαλεῖ-

422 1745 820 1815 πυνθάνομένου
876 1752 972 1801 τοῦ
1035 1749 1302 1822 βασιλέως
1354 1750 1503 1815 ὅπως
1558 1759 1717 1808 τοῦτο
1774 1755 2003 1828 γένοιτο.
2036 1759 2063 1811 6
2094 1771 2140 1835 B
2173 1747 2293 1799 σθαι
2323 1745 2411 1799 καὶ
2455 1748 2774 1817 συμπαθεῖν,
2804 1744 2948 1800 ἀλλά
2998 1748 3085 1800 καὶ
3138 1746 3262 1819 περὶ
3320 1746 3492 1815 ἑαυτῷ
3537 1742 3627 1796 καὶ
3682 1745 3803 1802 τοῖς

423 1829 481 1885 δὲ
536 1836 751 1903 πρῶτον
807 1834 901 1904 μὲν
962 1835 1249 1906 ὑπεσκίαζε
1298 1841 1391 1893 τὸν
1428 1840 1700 1916 ἀπόλογον
1736 1845 1809 1904 ὡς
1867 1846 1942 1915 μή
1978 1846 2064 1909 θέ-

424 1917 537 1973 λων
588 1921 979 1976 ἀνακαλύπτειν
1028 1921 1211 1994 δῆθεν,
1248 1928 1343 1990 εἶθ’
1376 1929 1450 1989 ὡς
1500 1932 1590 1983 καί
1642 1929 2065 2005 δραστικώτερον

426 2008 753 2080 ἀνεκρίνετο,
821 2013 1143 2083 μαγγανείαν
1191 2014 1257 2071 τὸ.
1302 2015 1555 2086 ἐμποδὼν
1613 2017 1787 2092 ἔλεγε.
1820 2022 1915 2073 Καὶ
1974 2024 2063 2075 εὐ-

428 2095 522 2157 θὺς
575 2096 778 2169 ὑποψία
832 2102 955 2172 περὶ
1004 2101 1177 2171 ἑαυτῴ
1225 2108 1320 2156 τοῦ
1376 2109 1698 2177 κρατοῦντος
1754 2108 1843 2161 καὶ
1895 2109 2063 2179 θυμὸς

431 2186 514 2255 [Ρ.
549 2186 634 2256 19]
662 2184 847 2239 πολλά
874 2184 1069 2256 δεινὸς,
1100 2187 1188 2242 καὶ
1220 2188 1372 2245 οὐδὲν
1406 2192 1613 2266 ὑφεῖναι
1664 2192 1839 2248 δοκῶν
1884 2196 1933 2249 εἲ
1987 2198 2061 2265 μὴ

432 2271 763 2345 ὁμολογοῖτο
819 2276 853 2341 ἡ
898 2278 1212 2349 μαγγανεία.
1264 2278 1434 2340 Εὐθὺς
1492 2279 1584 2333 οῦν
1645 2283 1839 2345 σάκκος
1893 2282 2064 2357 ἀχυρ-

431 2364 579 2429 μιᾶς,
613 2360 701 2414 καὶ
757 2364 935 2435 γυμνὴ
997 2361 1208 2435 σύναμα
1264 2366 1466 2438 γαλαῖς
1523 2371 1556 2436 ἡ
1617 2366 1838 2443 εὖγενής
1896 2375 2062 2445 γραῦς

427 2448 572 2509 ἐντὸς
628 2448 1057 2523 συναπείληπτο,
1095 2452 1168 2505 ὧν
1227 2452 1416 2527 λύγοις
1472 2452 1659 2526 ἔξωθεν
1709 2460 2064 2529 μυωπιζομέ-

425 2558 528 2591 νων
560 2542 678 2599 ταῖς
711 2542 817 2593 τῶν
849 2539 1062 2613 ὀνύχων
1096 2541 1294 2613 ἀκμαῖς
1332 2541 1621 2616 ἐπερονᾶτο
1670 2547 1704 2612 ἠ
1756 2547 2061 2619 πάσχουσα,

424 2624 505 2700 ἐφ’
537 2624 582 2696 ᾧ
609 2624 1052 2698 ἀναγκαζομένην
1099 2629 1187 2682 καὶ
1240 2628 1466 2684 ἄκουσαν
1513 2631 1735 2702 ἐξειπεῖν
1786 2635 1847 2687 τὸ
1895 2634 2064 2708 ἀπόῤ-

428 2712 615 2785 ῥητον.
652 2712 806 2769 Ἀλλ’
854 2713 953 2769 οὐκ
1003 2716 1069 2783 ἦν
1131 2716 1295 2772 πλέον
1350 2720 1475 2793 παρ’
1506 2718 1709 2790 ἐκείνης
1764 2722 1973 2776 ἀκούειν
2030 2722 2064 2789 ἢ

424 2796 488 2854 τὸ
550 2802 626 2872 μὴ
682 2800 971 2857 συνειδέναι
1025 2824 1076 2857 τι
1133 2809 1380 2860 τοιοῦτον
1442 2809 1602 2881 ἑαυτῇ
1653 2810 1919 2883 πραξάσῃ,
1977 2810 2065 2863 καὶ

434 2977 581 3046 cipis
605 2978 713 3032 rite
744 2979 1045 3049 sponsalia
1075 2986 1307 3049 sunt,et
1324 2982 1625 3052 aliquanto
1655 2986 1790 3040 inde
1804 2987 1992 3056 spatio
2016 2988 2065 3043 is

430 3065 662 3137 juvenis
693 3069 894 3138 sponsi
920 3069 1134 3123 ﬁducia
1166 3071 1319 3124 aedes
1343 3069 1549 3138 puellae
1582 3071 2064 3145 frequentaverat,

436 3170 571 3208 cum
598 3170 729 3209 ecce
758 3156 957 3211 nescio
1013 3172 1131 3224 qua
1160 3157 1463 3226 repentina
1510 3159 1836 3216 mutatione
1884 3162 2067 3231 impe-

439 3247 617 3305 rator,
642 3243 767 3310 jure
801 3259 866 3296 ac
897 3243 1081 3312 pactis
1110 3242 1380 3298 absoluta
1411 3249 1693 3313 potestate
1722 3265 1939 3318 susque
1971 3252 2070 3305 de-

439 3344 553 3399 que
584 3328 1018 3399 baberejussis,
1053 3330 1523 3400 inopinatissime
1554 3334 1802 3404 imperat
1825 3338 2071 3395 Tarcha-

440 3417 610 3471 niotaa
662 3417 861 3487 magni
910 3418 1209 3473 domestici
1242 3419 1423 3474 ﬁliam
1455 3421 1577 3475 viro
1607 3421 1813 3491 {nobili
1858 3427 2071 3482 Basilio

439 3504 747 3559 Caballarii
798 3504 914 3559 ﬁlio
963 3507 1203 3565 nubere.
1241 3510 1303 3563 In
1355 3524 1577 3578 magnae
1609 3512 1733 3565 loco
1764 3514 1963 3583 gratiae
2012 3516 2071 3570 id

441 3590 688 3647 Basilius
730 3592 957 3660 habuit,
993 3598 1049 3648 et
1079 3612 1181 3665 pro
1232 3611 1293 3650 se
1324 3611 1445 3650 rem
1478 3598 1740 3668 urgebat.
1798 3602 2069 3669 Feminis,

442 3679 614 3734 matri
648 3681 917 3752 ﬁliaeque,
950 3681 1232 3738 charitate
1264 3684 1465 3754 sponsi
1495 3685 1705 3754 prioris
1736 3688 1998 3760 illigatis,
2021 3696 2076 3746 et

441 3769 780 3824 indecorum
840 3770 1261 3825 arbitrantibus
1315 3772 1603 3828 resilirea
1654 3778 1951 3832 conventis
2010 3796 2075 3833 ac

443 3858 619 3911 ﬁdem
636 3856 853 3926 fallere,
878 3858 1176 3929 negotium
1196 3860 1434 3914 omnino
1456 3877 1568 3915 non
1595 3862 1874 3932 placebat;
1897 3882 2075 3936 quare

444 3946 598 4014 apud
632 3944 761 4000 illas
793 3946 979 4015 gratia
1029 3948 1261 4003 carebat
1291 3947 1556 4004 intrusus
1591 3967 1819 4019 proeus.
1864 3957 2075 4010 Tamen

446 4032 824 4088 incumbente
856 4034 1279 4104 iteratisjussis
1310 4036 1365 4090 in
1392 4037 1545 4091 idem
1580 4038 1861 4111 principe,
1881 4042 2077 4097 volen-

446 4120 607 4175 tibus
642 4120 974 4177 nolentibus
1035 4128 1221 4178 matre
1256 4123 1490 4194 {iliaque
1522 4128 1738 4196 nuptiae.
1789 4128 1978 4199 palam
2013 4148 2079 4186 ac

448 4207 749 4278 splendide
796 4209 1094 4264 celebratae
1127 4215 1284 4265 sunt.
1339 4214 1409 4265 At
1458 4214 1659 4267 multis
1709 4214 1843 4270 inde
1873 4219 2080 4274 diebus

448 4294 729 4366 nuptialis
759 4296 1077 4367 conjugum
1111 4313 1489 4369 congressum
1513 4298 1970 4374 haudquaquam
1996 4324 2081 4362 se.

446 4386 757 4454 quebatur.
805 4386 985 4454 Cujus
1018 4386 1097 4440 rei
1140 4387 1283 4441 forte
1314 4387 1556 4457 cognita":
1580 4398 1949 4458 percontatus
1979 4413 2080 4451 ex-

2172 1832 2333 1886 αὐτοῦ
2390 1834 2672 1905 πράγμασι
2732 1830 3014 1886 δεδοικότα
3071 1831 3158 1886 διὰ
3211 1834 3309 1900 τὴν
3342 1831 3495 1885 νόσον
3528 1827 3803 1902 ἀνάδοχον

2172 1920 2347 1989 ἀξιοῦν
2386 1921 2517 1974 εἶναι
2546 1925 2623 1991 τῷ
2646 1922 2806 1995 γένει,
2838 1922 2927 1974 καὶ
2980 1919 3451 1993 ἀπομνημονεύειν
3497 1920 3594 1985 τὴν
3640 1917 3804 1990 χάριν

2171 2010 2321 2079 αὐτῷ
2382 2008 2431 2061 ἐν
2488 2009 2722 2073 τούτοις,
2755 2010 2836 2062 ὅτι
2893 2014 3082 2071 παθεῖν
3140 2013 3319 2069 κακῶς
3371 2005 3512 2076 ἄξιον
3546 2003 3670 2060 ὄντα
3717 2004 3809 2059 διὰ

2170 2096 2235 2149 τὰ
2265 2097 2531 2171 φθάσαντα
2558 2094 2709 2150 οὐδὲν
2757 2096 2956 2150 ἐκεῖνον
3019 2097 3077 2151 ἐκ
3133 2097 3466 2169 συμπαθείας
3511 2095 3804 2165 ἀνήκεστον

2171 2180 2376 2256 ἴδρασε.

2175 2291 2258 2361 ιγ’.
2316 2288 2550 2352 Θάνατος
2605 2294 2701 2344 τοῦ
2765 2289 3029 2364 βασιλέως
3090 2289 3394 2364 Θεοδώρου,
3452 2291 3537 2344 καὶ
3606 2290 3671 2343 τὰ
3721 2285 3792 2342 ἔτι

2565 2362 2773 2428 ζῶντος
2809 2362 2970 2415 αὐτοῦ
3000 2363 3414 2435 κατορθώματα,

2243 2452 2346 2501 Τοῦ
2390 2445 2434 2501 δ’
2462 2450 2627 2502 αὐτοῦ
2675 2449 2875 2523 χρόνου
2933 2451 3069 2521 πρὸς
3114 2450 3176 2503 τὸ
3219 2449 3612 2525 φθινοπωρινὸν
3667 2449 3804 2501 ἀπο-

2172 2535 2451 2597 κλίνοντος
2509 2535 2595 2590 ἐπὶ
2653 2537 2865 2611 τέτρασι
2922 2538 3073 2592 παισὶ
3112 2536 3467 2609 μεταλλάττει
3496 2538 3558 2591 τὸ
3592 2537 3743 2611 βιοῦν
3778 2537 3806 2589 6

2172 2628 2403 2695 κρατῶν,
2451 2624 2594 2698 τρισὶ
2651 2626 2743 2695 μὲν
2800 2623 3144 2699 θηλυτέραις,
3204 2625 3280 2678 ἑνὶ
3339 2622 3384 2678 δ’
3429 2624 3657 2678 ἐνναέτει
3710 2622 3807 2698 ἄῤ-

2176 2711 2282 2786 ῥενι
2344 2716 2809 2784 παππωνυμοῦντι
2865 2717 2944 2783 τῷ
2998 2715 3236 2786 Ἰωάννῃ.
3296 2714 3367 2768 Αἱ
3422 2712 3520 2785 γάρ
3594 2717 3810 2787 πρῶται

2172 2805 2278 2854 τῶν
2306 2800 2631 2874 θυγατέρων,
2663 2803 2695 2867 ἡ
2731 2800 2824 2871 μὲν
2869 2805 2946 2870 τῷ
2993 2802 3321 2876 Βουλγαρίας
3368 2799 3594 2875 ἄρχοντι
3650 2803 3807 2856 Κων-

2176 2978 2496 3048 quaestione
2528 2978 2875 3049 sperabatur
2904 2977 3188 3033 elicienda
3225 2977 3457 3033 mulieri
3486 2994 3622 3033 vera
3670 2995 3809 3034 con-

2176 3066 2371 3121 fessio.
2404 3065 2556 3119 Nihil
2590 3072 2786 3120 tamen
2818 3066 2975 3121 aliud
3008 3082 3347 3137 expressum
3385 3066 3500 3121 nisi
3555 3083 3616 3121 se
3649 3066 3806 3121 baud

2172 3157 2465 3213 consciam
2494 3156 2626 3212 talis
2657 3157 2927 3213 sceleris:
2988 3162 3259 3212 caeterum
3293 3157 3577 3227 virginem
3603 3158 3805 3228 sponsi

2174 3242 2383 3312 prioris
2408 3242 2840 3296 necessitudine
2869 3241 3192 3295 devinctam
3226 3257 3257 3295 a
3289 3242 3545 3296 secundo
3590 3241 3803 3295 abhor-

2174 3345 2318 3384 rere.
2378 3330 2505 3383 llaac
2556 3329 2797 3383 audiens
2852 3346 2965 3383 non
3025 3329 3179 3383 ultra
3237 3329 3438 3383 savire
3485 3329 3806 3400 imperator

2174 3416 2375 3484 voluit,
2408 3416 2518 3471 sibi
2550 3422 2814 3471 metuens
2845 3418 2915 3471 ab
2937 3417 3265 3483 exercitata,
3290 3421 3354 3471 ut
3372 3417 3802 3487 suspicabatur,

2176 3506 2318 3561 diris
2348 3505 2841 3560 incantationibus
2899 3522 3037 3571 anu,
3100 3520 3169 3559 ne
3223 3504 3336 3558 vim
3392 3504 3717 3560 maleficam
3752 3507 3809 3558 in

2178 3595 2374 3664 ipsum
2406 3597 2671 3659 verteret,
2705 3593 2754 3649 si
2784 3592 3039 3663 amplius
3071 3592 3425 3661 irritaretur;
3459 3608 3562 3648 seu
3594 3592 3816 3648 veritus

2178 3698 2248 3735 ne
2281 3680 2634 3751 Palaaologus
2668 3685 2783 3734 tam
2817 3686 3068 3735 atrocem
3101 3681 3317 3736 sororis
3352 3680 3627 3748 injuriam
3651 3681 3812 3735 defe-

2178 3769 2365 3824 ctione
2397 3768 2795 3823 ulcisceretur.
2829 3770 3012 3839 Atque
3034 3768 3141 3823 hoc
3163 3770 3396 3839 quidem
3420 3774 3483 3823 ut
3504 3774 3813 3838 prmverte-

2181 3863 2285 3925 ret,
2314 3857 2513 3923 misso,
2545 3862 2607 3910 ut
2638 3857 2910 3922 diximus,
2936 3856 3230 3912 Chaldeno
3252 3856 3553 3912 redactum
3580 3857 3638 3910 in
3662 3857 3823 3911 ordi-

2181 3962 2309 4002 nem
2345 3945 2727 4015 Peleologum
2764 3950 2821 3999 et
2852 3946 3111 3999 vinclum
3145 3946 3215 4000 ad
3263 3962 3390 4000 sese
3448 3945 3671 4000 curavit
3719 3945 3826 3999 ad-

2181 4035 2338 4101 duci,
2372 4033 2561 4104 specie
2594 4034 2826 4103 quidem
2863 4038 2925 4087 ut
2976 4034 3233 4088 veneﬁcii
3292 4050 3525 4088 causam
3576 4033 3821 4099 diceret,

2182 4140 2399 4191 revera,
2422 4122 2879 4193 quod.indicavi,
2910 4139 2981 4176 ne
3005 4122 3054 4176 is
3082 4123 3279 4177 audita
3309 4121 3666 4177 contumelia
3688 4138 3823 4192 ger-

2184 4229 2365 4267 mana:
2400 4213 2469 4266 ad
2503 4211 2902 4267 rebellandum
2934 4212 3326 4267 induceretur.
3362 4214 3424 4267 Id
3448 4212 3602 4267 enim
3631 4212 3825 4281 patuit

2182 4318 2249 4356 ex
2269 4318 2334 4355 eo
2349 4302 2498 4369 quod
2524 4300 2601 4354 im
2613 4304 2983 4371 peratoreum
3000 4300 3171 4371 paulo
3194 4301 3609 4370 posteductum
3632 4317 3827 4356 carce-

2186 4407 2244 4445 re
2270 4406 2383 4443 non
2410 4392 2601 4444 solum
2628 4390 2794 4444 venia
2811 4389 3043 4443 donavit
3063 4395 3119 4444 et
3141 4389 3199 4444 in
3224 4389 3517 4459 integrum
3542 4390 3821 4458 restituit,

446 4472 667 4527 Basilio
697 4489 933 4527 causam
968 4473 1305 4542 imperator,
1340 4475 1411 4528 ab
1435 4491 1499 4529 eo
1526 4477 1778 4547 primum
1812 4482 2085 4539 eludeba-
2115 4464 2162 4529 D
2194 4480 2291 4534 sed
2325 4482 2381 4531 et
2412 4478 2535 4532 suis
2567 4479 2762 4545 rebus,
2796 4478 2868 4532 ob
2902 4478 3169 4531 morbum
3217 4493 3283 4531 ex
3316 4494 3430 4548 quo
3462 4477 3827 4547 periclitaba-

447 4567 544 4615 tur
576 4560 869 4630 ambiguis
900 4560 1199 4631 responsis
1226 4579 1236 4614 :
1268 4564 1508 4617 tandem
1534 4565 1763 4622 instans
1785 4569 2083 4628 efﬁcacius

448 4648 673 4704 audivit
730 4649 946 4702 nodum
1006 4649 1242 4705 Veneris
1301 4652 1525 4723 magico
1581 4654 1866 4712 maleﬁcio
1921 4662 2083 4715 novis

449 4736 680 4804 sponsis
712 4735 1016 4803 injectum.
1077 4737 1193 4792 Hac
1225 4740 1515 4795 mentione
1564 4744 1993 4815 praestigiarum
2022 4748 2079 4802 in

453 4822 770 4877 familiares
823 4824 1188 4892 suspiciones
1248 4827 1543 4883 revolutus
1600 4830 1892 4903 princeps,
1934 4840 1989 4889 et
2020 4852 2081 4891 se

450 4911 885 4981 quoqueipsum
910 4911 1154 4966 infernis
1178 4912 1402 4967 artibus
1428 4919 1748 4987 appetitum
1767 4926 2080 4979 autumans

451 4999 523 5053 ab
557 5001 758 5052 eodem
790 4998 1032 5053 indicati
1067 4999 1270 5054 fascini
1304 5006 1557 5069 auctore,
1615 5007 1986 5065 vehementer
2015 5030 2083 5068 ex

450 5086 711 5145 canduit,
744 5091 1004 5141 extrema
1033 5087 1277 5156 experiri
1313 5106 1557 5159 quaeque
1588 5099 1779 5147 certus
1803 5099 1871 5151 ad
1897 5101 2080 5153 artiﬁ-

451 5188 574 5227 cem
608 5174 867 5226 veneﬁcii
903 5175 1281 5227 noscendum.
1317 5178 1527 5230 Saccus
1586 5181 1886 5249 expeditur
1927 5186 2079 5243 illico

450 5260 900 5327 stramentitius,
935 5266 991 5315 et
1024 5262 1079 5315 in
1112 5278 1243 5316 eum
1280 5280 1426 5318 anus
1458 5265 1669 5321 misera
1714 5271 2081 5331 nobilissima

449 5353 712 5402 matrona
741 5350 897 5402 unda
927 5350 1237 5418 conjicitur
1266 5368 1395 5405 cum
1431 5352 1660 5421 felibus,
1689 5357 1783 5423 qui
1816 5360 2080 5417 videlicet

449 5438 668 5489 acubus
732 5437 1013 5493 immissis
1074 5454 1171 5504 per
1229 5442 1450 5493 textum
1514 5440 1713 5508 legetis
1745 5453 2077 5515 compuncti

448 5525 748 5593 unguibus
778 5526 875 5579 35
934 5526 1185 5579 vetulam
1250 5528 1665 5597 discerperent.
1728 5535 1805 5588 Ea
1836 5536 2075 5591 immani

2192 4572 2305 4633 tur,
2332 4571 2617 4630 metuens,
2643 4565 2906 4636 proprios
2928 4565 2977 4619 ei
2995 4564 3203 4620 liberos
3226 4565 3670 4631 commendavit,
3694 4582 3824 4636 gra-

2192 4653 2407 4708 tiamin
2439 4670 2572 4707 eum
2606 4669 2775 4707 suam
2808 4669 3141 4708 memorans
3162 4670 3228 4708 ea
3259 4652 3622 4722 indulgentia
3648 4660 3822 4710 testa-

2190 4747 2329 4805 tarn,
2355 4759 2465 4810 qua
2499 4742 2689 4812 ipsum
2724 4740 2795 4795 ob
2818 4746 3009 4795 vetera
3043 4742 3245 4812 utique
3274 4741 3521 4795 crimina
3544 4743 3827 4811 pcenadi-

2189 4846 2393 4900 gnum:
2430 4829 2677 4898 benigno
2702 4828 2907 4883 affectu
2961 4828 3272 4892 miserans,
3326 4827 3470 4883 nulli
3521 4830 3703 4884 atroci
3760 4834 3816 4885 et

2191 4916 2601 4972 immedicabili
2635 4915 2918 4986 supplicio
2950 4916 3315 4985 subiecisset.

2192 5008 2274 5060 13.
2310 5005 2446 5061 Mors
2482 5004 2739 5060 Theodori
2768 5006 3011 5074 Augusti,
3041 5008 3091 5058 et
3121 5006 3295 5075 ipsius
3326 5006 3463 5060 dum
3491 5006 3692 5062 viveret
3734 5022 3827 5061 res

2758 5093 3031 5163 pra’clure
3058 5098 3242 5157 gestae.

2260 5181 2471 5235 Eodem
2508 5196 2675 5249 porro
2704 5197 2854 5234 anno
2878 5181 2932 5233 in
2965 5186 3311 5235 autumnum
3345 5190 3611 5252 vergente
3648 5183 3828 5236 mori-

2188 5274 2285 5325 tur
2318 5270 2653 5338 imperator,
2684 5268 2933 5338 pupillos
2955 5269 3293 5339 relinquens
3314 5277 3562 5340 quatuor
3587 5269 3826 5336 liberos,

2188 5362 2304 5412 tres
2330 5358 2577 5411 feminas
2600 5362 2655 5409 et
2678 5372 2999 5411 novennem
3030 5374 3211 5411 unum
3239 5374 3455 5411 marem
3483 5375 3585 5413 avo
3607 5374 3823 5429 cogno-

2188 5447 2405 5500 minem
2463 5445 2768 5498 Joannem.
2823 5448 2966 5497 Nam
3024 5445 3152 5498 tiliae
3222 5445 3442 5515 priores
3524 5445 3822 5501 collocatas

2186 5537 2405 5590 dudum
2440 5534 2538 5587 36
2573 5535 2801 5585 fuerant
2833 5534 2884 5584 in
2936 5533 3396 5601 matrimonium,
3434 5551 3548 5588 una
3579 5534 3816 5603 quidem
