  <div class='ocr_page' id='page_1' title='image "/cluster/home/n/w/nwhite01/storage/ocr_20150623/143/mdp.39015078384784/242.png"; bbox 0 0 4182 6286; ppageno 0'>
   <div class='ocr_carea' id='block_1_1' title="bbox 350 346 454 402">
    <p class='ocr_par' dir='ltr' id='par_1_1' title="bbox 350 346 454 402">
     <span class='ocr_line' id='line_1_1' title="bbox 350 346 454 402; baseline -0.01 0"><span class='ocrx_word' id='word_1_1' title='bbox 350 346 454 402; x_wconf 78' lang='grc'>469</span> 
     </span>
    </p>
   </div>
   <div class='ocr_carea' id='block_1_2' title="bbox 1438 341 2719 398">
    <p class='ocr_par' dir='ltr' id='par_1_2' title="bbox 1438 341 2719 398">
     <span class='ocr_line' id='line_1_2' title="bbox 1438 341 2719 398; baseline 0.002 -5"><span class='ocrx_word' id='word_1_2' title='bbox 1438 343 1554 396; x_wconf 79' lang='lat' dir='ltr'>.DE</span> <span class='ocrx_word' id='word_1_3' title='bbox 1594 342 1969 395; x_wconf 74' lang='lat' dir='ltr'>MICHAELE</span> <span class='ocrx_word' id='word_1_4' title='bbox 2014 341 2464 398; x_wconf 73' lang='lat' dir='ltr'>PALBOLOGO</span> <span class='ocrx_word' id='word_1_5' title='bbox 2501 346 2635 395; x_wconf 90' lang='lat' dir='ltr'>LIB.</span> <span class='ocrx_word' id='word_1_6' title='bbox 2676 347 2719 397; x_wconf 85' lang='grc' dir='ltr'>Ι.</span> 
     </span>
    </p>
   </div>
   <div class='ocr_carea' id='block_1_3' title="bbox 3652 343 3756 398">
    <p class='ocr_par' dir='ltr' id='par_1_3' title="bbox 3652 343 3756 398">
     <span class='ocr_line' id='line_1_3' title="bbox 3652 343 3756 398; baseline 0 0"><span class='ocrx_word' id='word_1_7' title='bbox 3652 343 3756 398; x_wconf 84' lang='grc'>470</span> 
     </span>
    </p>
   </div>
   <div class='ocr_carea' id='block_1_4' title="bbox 348 459 3755 539">
    <p class='ocr_par' dir='ltr' id='par_1_4' title="bbox 348 459 3755 539">
     <span class='ocr_line' id='line_1_4' title="bbox 348 459 3755 539; baseline -0.002 -15"><span class='ocrx_word' id='word_1_8' title='bbox 348 467 613 539; x_wconf 87' lang='grc' dir='ltr'>σταντίνῳ</span> <span class='ocrx_word' id='word_1_9' title='bbox 655 470 735 537; x_wconf 81' lang='grc' dir='ltr'>τῷ</span> <span class='ocrx_word' id='word_1_10' title='bbox 791 465 993 539; x_wconf 87' lang='grc' dir='ltr'>Τείχῳ,</span> <span class='ocrx_word' id='word_1_11' title='bbox 1025 467 1061 533; x_wconf 74' lang='grc' dir='ltr'>ἡ</span> <span class='ocrx_word' id='word_1_12' title='bbox 1120 462 1175 519; x_wconf 77' lang='grc' dir='ltr'>δὲ</span> <span class='ocrx_word' id='word_1_13' title='bbox 1219 468 1298 535; x_wconf 77' lang='grc' dir='ltr'>τῷ</span> <span class='ocrx_word' id='word_1_14' title='bbox 1345 466 1444 517; x_wconf 81' lang='grc' dir='ltr'>τοῦ</span> <span class='ocrx_word' id='word_1_15' title='bbox 1477 459 1693 516; x_wconf 77' lang='grc' dir='ltr'>δυτικοῦ</span> <span class='ocrx_word' id='word_1_16' title='bbox 1726 459 1990 515; x_wconf 81' lang='grc' dir='ltr'>δεσπότου</span> <span class='ocrx_word' id='word_1_17' title='bbox 2019 465 2074 530; x_wconf 76' lang='grc' dir='ltr'><strong>Α</strong></span> <span class='ocrx_word' id='word_1_18' title='bbox 2105 462 2186 514; x_wconf 87' lang='grc' dir='ltr'>δτι</span> <span class='ocrx_word' id='word_1_19' title='bbox 2239 462 2475 533; x_wconf 86' lang='grc' dir='ltr'>μάλιστα</span> <span class='ocrx_word' id='word_1_20' title='bbox 2523 465 2762 538; x_wconf 84' lang='grc' dir='ltr'>ἄριστον,</span> <span class='ocrx_word' id='word_1_21' title='bbox 2826 465 2962 521; x_wconf 84' lang='grc' dir='ltr'>ὥστε</span> <span class='ocrx_word' id='word_1_22' title='bbox 3014 467 3101 521; x_wconf 82' lang='grc' dir='ltr'>καὶ</span> <span class='ocrx_word' id='word_1_23' title='bbox 3160 466 3486 539; x_wconf 71' lang='grc' dir='ltr'>παμπληθὲς</span> <span class='ocrx_word' id='word_1_24' title='bbox 3543 462 3755 520; x_wconf 72' lang='grc' dir='ltr'>ἐκινδύ-</span> 
     </span>
    </p>
   </div>
   <div class='ocr_carea' id='block_1_5' title="bbox 345 546 1995 631">
    <p class='ocr_par' dir='ltr' id='par_1_5' title="bbox 345 546 1995 631">
     <span class='ocr_line' id='line_1_5' title="bbox 345 546 1995 631; baseline -0.007 -18"><span class='ocrx_word' id='word_1_25' title='bbox 345 557 586 631; x_wconf 78' lang='grc' dir='ltr'>Μιχαὴλ</span> <span class='ocrx_word' id='word_1_26' title='bbox 646 555 801 610; x_wconf 81' lang='grc' dir='ltr'>παιδὶ</span> <span class='ocrx_word' id='word_1_27' title='bbox 859 553 1157 631; x_wconf 79' lang='grc' dir='ltr'>Νικηφόρῳ</span> <span class='ocrx_word' id='word_1_28' title='bbox 1210 554 1345 627; x_wconf 88' lang='grc' dir='ltr'>πρὸς</span> <span class='ocrx_word' id='word_1_29' title='bbox 1403 554 1576 625; x_wconf 95' lang='grc' dir='ltr'>γάμον</span> <span class='ocrx_word' id='word_1_30' title='bbox 1626 546 1855 627; x_wconf 73' lang='grc' dir='ltr'>ἔφθασαν</span> <span class='ocrx_word' id='word_1_31' title='bbox 1908 549 1995 603; x_wconf 81' lang='grc' dir='ltr'>έκ-</span> 
     </span>
    </p>
   </div>
   <div class='ocr_carea' id='block_1_6' title="bbox 352 638 1998 716">
    <p class='ocr_par' dir='ltr' id='par_1_6' title="bbox 352 638 1998 716">
     <span class='ocr_line' id='line_1_6' title="bbox 352 638 1998 716; baseline -0.005 -16"><span class='ocrx_word' id='word_1_32' title='bbox 352 645 598 716; x_wconf 80' lang='grc' dir='ltr'>δοθῆναι.</span> <span class='ocrx_word' id='word_1_33' title='bbox 630 647 696 700; x_wconf 76' lang='grc' dir='ltr'>’Ὁ</span> <span class='ocrx_word' id='word_1_34' title='bbox 754 642 820 712; x_wconf 79' lang='grc' dir='ltr'>δὴ</span> <span class='ocrx_word' id='word_1_35' title='bbox 879 643 967 697; x_wconf 79' lang='grc' dir='ltr'>καὶ</span> <span class='ocrx_word' id='word_1_36' title='bbox 1025 642 1379 715; x_wconf 85' lang='grc' dir='ltr'>προεσήμηνέ</span> <span class='ocrx_word' id='word_1_37' title='bbox 1432 662 1482 694; x_wconf 93' lang='grc' dir='ltr'>τι</span> <span class='ocrx_word' id='word_1_38' title='bbox 1533 644 1801 711; x_wconf 80' lang='grc' dir='ltr'>σημεῖον·</span> <span class='ocrx_word' id='word_1_39' title='bbox 1834 638 1998 705; x_wconf 74' lang='grc' dir='ltr'>ἥλιος</span> 
     </span>
    </p>
   </div>
   <div class='ocr_carea' id='block_1_7' title="bbox 345 724 1996 811">
    <p class='ocr_par' dir='ltr' id='par_1_7' title="bbox 345 724 1996 811">
     <span class='ocr_line' id='line_1_7' title="bbox 345 724 1996 811; baseline -0.007 -23"><span class='ocrx_word' id='word_1_40' title='bbox 345 737 446 811; x_wconf 77' lang='grc' dir='ltr'>γάρ</span> <span class='ocrx_word' id='word_1_41' title='bbox 493 731 807 788; x_wconf 81' lang='grc' dir='ltr'>ἐκλελοίπει</span> <span class='ocrx_word' id='word_1_42' title='bbox 856 730 936 807; x_wconf 68' lang='grc' dir='ltr'>ἐφ’</span> <span class='ocrx_word' id='word_1_43' title='bbox 980 728 1121 805; x_wconf 80' lang='grc' dir='ltr'>ὥραν</span> <span class='ocrx_word' id='word_1_44' title='bbox 1176 729 1366 802; x_wconf 91' lang='grc' dir='ltr'>τρίτην</span> <span class='ocrx_word' id='word_1_45' title='bbox 1412 735 1511 795; x_wconf 80' lang='grc' dir='ltr'>τῆς</span> <span class='ocrx_word' id='word_1_46' title='bbox 1557 724 1716 794; x_wconf 72' lang='grc' dir='ltr'>’ἕκτης</span> <span class='ocrx_word' id='word_1_47' title='bbox 1764 725 1996 799; x_wconf 76' lang='grc' dir='ltr'>ἡμέρας,</span> 
     </span>
    </p>
   </div>
   <div class='ocr_carea' id='block_1_8' title="bbox 350 813 1999 896">
    <p class='ocr_par' dir='ltr' id='par_1_8' title="bbox 350 813 1999 896">
     <span class='ocr_line' id='line_1_8' title="bbox 350 813 1999 896; baseline -0.008 -19"><span class='ocrx_word' id='word_1_48' title='bbox 350 823 437 877; x_wconf 82' lang='grc' dir='ltr'>καὶ</span> <span class='ocrx_word' id='word_1_49' title='bbox 478 819 615 896; x_wconf 73' lang='grc' dir='ltr'>βαθὺ</span> <span class='ocrx_word' id='word_1_50' title='bbox 647 815 844 879; x_wconf 78' lang='grc' dir='ltr'>σκότος</span> <span class='ocrx_word' id='word_1_51' title='bbox 870 819 933 871; x_wconf 86' lang='grc' dir='ltr'>τὸ</span> <span class='ocrx_word' id='word_1_52' title='bbox 960 823 1062 871; x_wconf 79' lang='grc' dir='ltr'>πᾶν</span> <span class='ocrx_word' id='word_1_53' title='bbox 1118 816 1463 891; x_wconf 71' lang='grc' dir='ltr'>κατειλήφει,</span> <span class='ocrx_word' id='word_1_54' title='bbox 1495 813 1631 868; x_wconf 79' lang='grc' dir='ltr'>ὥστε</span> <span class='ocrx_word' id='word_1_55' title='bbox 1686 814 1775 866; x_wconf 84' lang='grc' dir='ltr'>καὶ</span> <span class='ocrx_word' id='word_1_56' title='bbox 1834 815 1999 884; x_wconf 80' lang='grc' dir='ltr'>ἄστρα</span> 
     </span>
    </p>
   </div>
   <div class='ocr_carea' id='block_1_9' title="bbox 350 900 1998 983">
    <p class='ocr_par' dir='ltr' id='par_1_9' title="bbox 350 900 1998 983">
     <span class='ocr_line' id='line_1_9' title="bbox 350 900 1998 983; baseline -0.007 -20"><span class='ocrx_word' id='word_1_57' title='bbox 350 915 584 983; x_wconf 81' lang='grc' dir='ltr'>φανῆναι</span> <span class='ocrx_word' id='word_1_58' title='bbox 629 908 744 959; x_wconf 87' lang='grc' dir='ltr'>κατ’</span> <span class='ocrx_word' id='word_1_59' title='bbox 800 906 1049 978; x_wconf 76' lang='grc' dir='ltr'>οὐρανοῦ.</span> <span class='ocrx_word' id='word_1_60' title='bbox 1110 904 1209 957; x_wconf 82' lang='grc' dir='ltr'>Καὶ</span> <span class='ocrx_word' id='word_1_61' title='bbox 1274 901 1339 971; x_wconf 76' lang='grc' dir='ltr'>δὴ</span> <span class='ocrx_word' id='word_1_62' title='bbox 1400 904 1689 975; x_wconf 84' lang='grc' dir='ltr'>ἀρπάζεται</span> <span class='ocrx_word' id='word_1_63' title='bbox 1751 900 1838 953; x_wconf 83' lang='grc' dir='ltr'>καὶ</span> <span class='ocrx_word' id='word_1_64' title='bbox 1893 900 1998 972; x_wconf 83' lang='grc' dir='ltr'>πρὸ</span> 
     </span>
    </p>
   </div>
   <div class='ocr_carea' id='block_1_10' title="bbox 352 988 1998 1071">
    <p class='ocr_par' dir='ltr' id='par_1_10' title="bbox 352 988 1998 1071">
     <span class='ocr_line' id='line_1_10' title="bbox 352 988 1998 1071; baseline -0.006 -20"><span class='ocrx_word' id='word_1_65' title='bbox 352 998 497 1071; x_wconf 83' lang='grc' dir='ltr'>ὥρας</span> <span class='ocrx_word' id='word_1_66' title='bbox 530 995 666 1068; x_wconf 80' lang='grc' dir='ltr'>ἀνὴρ</span> <span class='ocrx_word' id='word_1_67' title='bbox 704 991 1006 1066; x_wconf 76' lang='grc' dir='ltr'>βασιλικῶς</span> <span class='ocrx_word' id='word_1_68' title='bbox 1043 994 1135 1064; x_wconf 78' lang='grc' dir='ltr'>μὲν</span> <span class='ocrx_word' id='word_1_69' title='bbox 1169 993 1258 1045; x_wconf 84' lang='grc' dir='ltr'>καὶ</span> <span class='ocrx_word' id='word_1_70' title='bbox 1286 990 1563 1064; x_wconf 81' lang='grc' dir='ltr'>γεννηθεὶς</span> <span class='ocrx_word' id='word_1_71' title='bbox 1622 990 1708 1043; x_wconf 83' lang='grc' dir='ltr'>καὶ</span> <span class='ocrx_word' id='word_1_72' title='bbox 1756 988 1998 1063; x_wconf 77' lang='grc' dir='ltr'>τραφεὶς.</span> 
     </span>
    </p>
   </div>
   <div class='ocr_carea' id='block_1_11' title="bbox 354 1077 1998 1157">
    <p class='ocr_par' dir='ltr' id='par_1_11' title="bbox 354 1077 1998 1157">
     <span class='ocr_line' id='line_1_11' title="bbox 354 1077 1998 1157; baseline -0.005 -19"><span class='ocrx_word' id='word_1_73' title='bbox 354 1084 654 1157; x_wconf 76' lang='grc' dir='ltr'>βασιλικῶς</span> <span class='ocrx_word' id='word_1_74' title='bbox 686 1079 729 1136; x_wconf 83' lang='grc' dir='ltr'>δ’</span> <span class='ocrx_word' id='word_1_75' title='bbox 762 1080 1018 1155; x_wconf 74' lang='grc' dir='ltr'>ἀναχθεὶς</span> <span class='ocrx_word' id='word_1_76' title='bbox 1044 1080 1135 1135; x_wconf 83' lang='grc' dir='ltr'>καὶ</span> <span class='ocrx_word' id='word_1_77' title='bbox 1166 1077 1497 1148; x_wconf 77' lang='grc' dir='ltr'>παιδευθεὶς,</span> <span class='ocrx_word' id='word_1_78' title='bbox 1526 1080 1620 1131; x_wconf 89' lang='grc' dir='ltr'>κάν</span> <span class='ocrx_word' id='word_1_79' title='bbox 1682 1077 1725 1131; x_wconf 86' lang='grc' dir='ltr'>εἶ</span> <span class='ocrx_word' id='word_1_80' title='bbox 1774 1081 1853 1147; x_wconf 76' lang='grc' dir='ltr'>τῷ</span> <span class='ocrx_word' id='word_1_81' title='bbox 1897 1096 1998 1129; x_wconf 88' lang='grc' dir='ltr'>πα-</span> 
     </span>
    </p>
   </div>
   <div class='ocr_carea' id='block_1_12' title="bbox 347 1163 1997 1245">
    <p class='ocr_par' dir='ltr' id='par_1_12' title="bbox 347 1163 1997 1245">
     <span class='ocr_line' id='line_1_12' title="bbox 347 1163 1997 1245; baseline -0.006 -19"><span class='ocrx_word' id='word_1_82' title='bbox 347 1173 437 1245; x_wconf 84' lang='grc' dir='ltr'>τρὶ</span> <span class='ocrx_word' id='word_1_83' title='bbox 488 1171 549 1225; x_wconf 80' lang='grc' dir='ltr'>οὐ</span> <span class='ocrx_word' id='word_1_84' title='bbox 599 1171 898 1244; x_wconf 81' lang='grc' dir='ltr'>προσεῴκει</span> <span class='ocrx_word' id='word_1_85' title='bbox 942 1171 1005 1223; x_wconf 89' lang='grc' dir='ltr'>τὸ</span> <span class='ocrx_word' id='word_1_86' title='bbox 1058 1168 1191 1244; x_wconf 77' lang='grc' dir='ltr'>βαθύ</span> <span class='ocrx_word' id='word_1_87' title='bbox 1239 1189 1297 1223; x_wconf 86' lang='grc' dir='ltr'>τε</span> <span class='ocrx_word' id='word_1_88' title='bbox 1342 1168 1432 1222; x_wconf 79' lang='grc' dir='ltr'>καὶ</span> <span class='ocrx_word' id='word_1_89' title='bbox 1480 1167 1695 1220; x_wconf 88' lang='grc' dir='ltr'>συνετὸν</span> <span class='ocrx_word' id='word_1_90' title='bbox 1724 1164 1858 1238; x_wconf 85' lang='grc' dir='ltr'>πρὸς</span> <span class='ocrx_word' id='word_1_91' title='bbox 1892 1163 1919 1217; x_wconf 78' lang='grc' dir='ltr'>ὅ</span> <span class='ocrx_word' id='word_1_92' title='bbox 1947 1170 1997 1239; x_wconf 73' lang='grc' dir='ltr'>τξ</span> 
     </span>
    </p>
   </div>
   <div class='ocr_carea' id='block_1_13' title="bbox 354 1242 1998 1365">
    <p class='ocr_par' dir='ltr' id='par_1_13' title="bbox 354 1242 1998 1365">
     <span class='ocr_line' id='line_1_13' title="bbox 354 1242 1998 1365; baseline -0.005 -52"><span class='ocrx_word' id='word_1_93' title='bbox 354 1258 502 1327; x_wconf 81' lang='grc' dir='ltr'>λέξοι</span> <span class='ocrx_word' id='word_1_94' title='bbox 548 1258 637 1312; x_wconf 77' lang='grc' dir='ltr'>καὶ</span> <span class='ocrx_word' id='word_1_95' title='bbox 680 1258 871 1332; x_wconf 81' lang='grc' dir='ltr'>πράξοι</span> <span class='ocrx_word' id='word_1_96' title='bbox 917 1256 1002 1311; x_wconf 83' lang='grc' dir='ltr'><strong>καί</strong></span> <span class='ocrx_word' id='word_1_97' title='bbox 1052 1258 1113 1311; x_wconf 89' lang='grc' dir='ltr'>τὸ</span> <span class='ocrx_word' id='word_1_98' title='bbox 1161 1262 1260 1324; x_wconf 79' lang='grc' dir='ltr'>τῆς</span> <span class='ocrx_word' id='word_1_99' title='bbox 1316 1256 1542 1329; x_wconf 83' lang='grc' dir='ltr'>γνώμης</span> <span class='ocrx_word' id='word_1_100' title='bbox 1575 1252 1793 1328; x_wconf 64' lang='grc' dir='ltr'>στερρόν</span> <span class='ocrx_word' id='word_1_101' title='bbox 1824 1272 1883 1305; x_wconf 88' lang='grc' dir='ltr'>τε</span> <span class='ocrx_word' id='word_1_102' title='bbox 1910 1242 1998 1365; x_wconf 48' lang='grc' dir='ltr'><strong>καί</strong></span> 
     </span>
     <span class='ocr_line' id='line_1_14' title="bbox 365 1341 1975 1365; baseline 0 0"><span class='ocrx_word' id='word_1_103' title='bbox 365 1347 379 1365; x_wconf 71' lang='grc' dir='ltr'>ν</span> <span class='ocrx_word' id='word_1_104' title='bbox 510 1347 555 1365; x_wconf 73' lang='lat' dir='ltr'>In</span> <span class='ocrx_word' id='word_1_105' title='bbox 740 1344 854 1365; x_wconf 70' lang='lat' dir='ltr'>7\\y</span> <span class='ocrx_word' id='word_1_106' title='bbox 920 1343 948 1363; x_wconf 72' lang='grc' dir='ltr'><strong>’γ</strong></span> <span class='ocrx_word' id='word_1_107' title='bbox 1034 1344 1047 1365; x_wconf 66' lang='lat'><strong>1</strong></span> <span class='ocrx_word' id='word_1_108' title='bbox 1190 1345 1347 1365; x_wconf 29' lang='grc' dir='ltr'>[κάκη</span> <span class='ocrx_word' id='word_1_109' title='bbox 1424 1343 1459 1365; x_wconf 61' lang='lat' dir='ltr'>,x</span> <span class='ocrx_word' id='word_1_110' title='bbox 1524 1341 1645 1365; x_wconf 37' lang='lat' dir='ltr'>Et“,</span> <span class='ocrx_word' id='word_1_111' title='bbox 1698 1341 1751 1365; x_wconf 67' lang='lat'>_1</span> <span class='ocrx_word' id='word_1_112' title='bbox 1790 1342 1847 1365; x_wconf 88' lang='lat' dir='ltr'>rn</span> <span class='ocrx_word' id='word_1_113' title='bbox 1906 1341 1975 1365; x_wconf 80' lang='lat' dir='ltr'>0n</span> 
     </span>
    </p>
   </div>
   <div class='ocr_carea' id='block_1_14' title="bbox 354 1341 1975 1416">
    <p class='ocr_par' dir='ltr' id='par_1_14' title="bbox 354 1341 1975 1416">
     <span class='ocr_line' id='line_1_15' title="bbox 354 1341 1975 1416; baseline -0.004 -16"><span class='ocrx_word' id='word_1_114' title='bbox 354 1347 697 1416; x_wconf 72' lang='grc' dir='ltr'>ἀμετάθετον,</span> <span class='ocrx_word' id='word_1_115' title='bbox 729 1344 854 1399; x_wconf 83' lang='grc' dir='ltr'>ἀλλ’</span> <span class='ocrx_word' id='word_1_116' title='bbox 889 1343 979 1398; x_wconf 74' lang='grc' dir='ltr'>οὖν</span> <span class='ocrx_word' id='word_1_117' title='bbox 1030 1344 1090 1398; x_wconf 73' lang='grc' dir='ltr'>ἐκ</span> <span class='ocrx_word' id='word_1_118' title='bbox 1133 1345 1355 1397; x_wconf 84' lang='grc' dir='ltr'>πάππου</span> <span class='ocrx_word' id='word_1_119' title='bbox 1398 1343 1491 1414; x_wconf 75' lang='grc' dir='ltr'>μὲν</span> <span class='ocrx_word' id='word_1_120' title='bbox 1521 1341 1664 1414; x_wconf 80' lang='grc' dir='ltr'>ἔχων</span> <span class='ocrx_word' id='word_1_121' title='bbox 1697 1341 1759 1395; x_wconf 78' lang='grc' dir='ltr'>τὸ</span> <span class='ocrx_word' id='word_1_122' title='bbox 1790 1342 1876 1411; x_wconf 85' lang='grc' dir='ltr'>[Ρ.</span> <span class='ocrx_word' id='word_1_123' title='bbox 1906 1341 1975 1393; x_wconf 87' lang='grc'>20</span> 
     </span>
    </p>
   </div>
   <div class='ocr_carea' id='block_1_15' title="bbox 351 1427 1994 1508">
    <p class='ocr_par' dir='ltr' id='par_1_15' title="bbox 351 1427 1994 1508">
     <span class='ocr_line' id='line_1_16' title="bbox 351 1427 1994 1508; baseline -0.004 -21"><span class='ocrx_word' id='word_1_124' title='bbox 351 1432 403 1494; x_wconf 84' lang='grc' dir='ltr'>ἐς</span> <span class='ocrx_word' id='word_1_125' title='bbox 434 1434 587 1486; x_wconf 79' lang='grc' dir='ltr'>πάντ’</span> <span class='ocrx_word' id='word_1_126' title='bbox 619 1432 708 1502; x_wconf 77' lang='grc' dir='ltr'>ὀξὺ</span> <span class='ocrx_word' id='word_1_127' title='bbox 739 1434 824 1486; x_wconf 84' lang='grc' dir='ltr'>καί</span> <span class='ocrx_word' id='word_1_128' title='bbox 857 1430 1204 1508; x_wconf 80' lang='grc' dir='ltr'>μεγαλόφρον</span> <span class='ocrx_word' id='word_1_129' title='bbox 1251 1430 1339 1484; x_wconf 83' lang='grc' dir='ltr'>καὶ</span> <span class='ocrx_word' id='word_1_130' title='bbox 1394 1430 1631 1504; x_wconf 84' lang='grc' dir='ltr'>ἀρεϊκὸν,</span> <span class='ocrx_word' id='word_1_131' title='bbox 1668 1427 1726 1482; x_wconf 82' lang='grc' dir='ltr'>ἔκ</span> <span class='ocrx_word' id='word_1_132' title='bbox 1777 1428 1833 1481; x_wconf 68' lang='grc' dir='ltr'>δὲ</span> <span class='ocrx_word' id='word_1_133' title='bbox 1888 1448 1994 1498; x_wconf 90' lang='grc' dir='ltr'>μη-</span> 
     </span>
    </p>
   </div>
   <div class='ocr_carea' id='block_1_16' title="bbox 348 1514 1997 1597">
    <p class='ocr_par' dir='ltr' id='par_1_16' title="bbox 348 1514 1997 1597">
     <span class='ocr_line' id='line_1_17' title="bbox 348 1514 1997 1597; baseline -0.005 -22"><span class='ocrx_word' id='word_1_134' title='bbox 348 1522 474 1594; x_wconf 86' lang='grc' dir='ltr'>τρὸς</span> <span class='ocrx_word' id='word_1_135' title='bbox 505 1522 565 1574; x_wconf 91' lang='grc' dir='ltr'>τὸ</span> <span class='ocrx_word' id='word_1_136' title='bbox 597 1518 1059 1597; x_wconf 75' lang='grc' dir='ltr'>φιλοδωρότατον,</span> <span class='ocrx_word' id='word_1_137' title='bbox 1093 1520 1165 1580; x_wconf 85' lang='grc' dir='ltr'>ὡς</span> <span class='ocrx_word' id='word_1_138' title='bbox 1200 1517 1355 1580; x_wconf 77' lang='grc' dir='ltr'>ὅλαις</span> <span class='ocrx_word' id='word_1_139' title='bbox 1389 1519 1543 1593; x_wconf 83' lang='grc' dir='ltr'>χερσὶ</span> <span class='ocrx_word' id='word_1_140' title='bbox 1583 1522 1698 1578; x_wconf 78' lang='grc' dir='ltr'>τοῖς</span> <span class='ocrx_word' id='word_1_141' title='bbox 1731 1514 1997 1585; x_wconf 81' lang='grc' dir='ltr'>ὖπηκόοις</span> 
     </span>
    </p>
   </div>
   <div class='ocr_carea' id='block_1_17' title="bbox 347 1603 1996 1681">
    <p class='ocr_par' dir='ltr' id='par_1_17' title="bbox 347 1603 1996 1681">
     <span class='ocr_line' id='line_1_18' title="bbox 347 1603 1996 1681; baseline -0.003 -20"><span class='ocrx_word' id='word_1_142' title='bbox 347 1608 409 1661; x_wconf 77' lang='grc' dir='ltr'>τά</span> <span class='ocrx_word' id='word_1_143' title='bbox 467 1609 729 1681; x_wconf 81' lang='grc' dir='ltr'>χρήματα</span> <span class='ocrx_word' id='word_1_144' title='bbox 785 1606 1053 1677; x_wconf 80' lang='grc' dir='ltr'>ἐξαντλεῖν</span> <span class='ocrx_word' id='word_1_145' title='bbox 1120 1607 1209 1661; x_wconf 81' lang='grc' dir='ltr'>καὶ</span> <span class='ocrx_word' id='word_1_146' title='bbox 1262 1605 1618 1676; x_wconf 72' lang='grc' dir='ltr'>ἐξαντλοῦντα</span> <span class='ocrx_word' id='word_1_147' title='bbox 1676 1604 1791 1679; x_wconf 77' lang='grc' dir='ltr'>οὐχ</span> <span class='ocrx_word' id='word_1_148' title='bbox 1846 1603 1996 1665; x_wconf 75' lang='grc' dir='ltr'>ὅπως</span> 
     </span>
    </p>
   </div>
   <div class='ocr_carea' id='block_1_18' title="bbox 344 1691 1993 1771">
    <p class='ocr_par' dir='ltr' id='par_1_18' title="bbox 344 1691 1993 1771">
     <span class='ocr_line' id='line_1_19' title="bbox 344 1691 1993 1771; baseline -0.003 -22"><span class='ocrx_word' id='word_1_149' title='bbox 344 1695 590 1759; x_wconf 80' lang='grc' dir='ltr'>ἀνιᾶσθαι</span> <span class='ocrx_word' id='word_1_150' title='bbox 624 1695 770 1751; x_wconf 85' lang='grc' dir='ltr'>ἀλλᾶ</span> <span class='ocrx_word' id='word_1_151' title='bbox 825 1697 913 1749; x_wconf 84' lang='grc' dir='ltr'>καὶ</span> <span class='ocrx_word' id='word_1_152' title='bbox 962 1699 1199 1769; x_wconf 80' lang='grc' dir='ltr'>χαίρειν,</span> <span class='ocrx_word' id='word_1_153' title='bbox 1232 1692 1679 1771; x_wconf 76' lang='grc' dir='ltr'>φιλολογώτατος</span> <span class='ocrx_word' id='word_1_154' title='bbox 1723 1691 1768 1745; x_wconf 85' lang='grc' dir='ltr'>δ’</span> <span class='ocrx_word' id='word_1_155' title='bbox 1819 1692 1871 1753; x_wconf 84' lang='grc' dir='ltr'>ές</span> <span class='ocrx_word' id='word_1_156' title='bbox 1927 1691 1993 1745; x_wconf 80' lang='grc' dir='ltr'>τὰ</span> 
     </span>
    </p>
   </div>
   <div class='ocr_carea' id='block_1_19' title="bbox 2107 552 3753 627">
    <p class='ocr_par' dir='ltr' id='par_1_19' title="bbox 2107 552 3753 627">
     <span class='ocr_line' id='line_1_20' title="bbox 2107 552 3753 627; baseline 0.003 -25"><span class='ocrx_word' id='word_1_157' title='bbox 2107 570 2255 603; x_wconf 87' lang='grc' dir='ltr'>νευεν</span> <span class='ocrx_word' id='word_1_158' title='bbox 2315 552 2702 625; x_wconf 80' lang='grc' dir='ltr'>εὐεργετεῖσθαι</span> <span class='ocrx_word' id='word_1_159' title='bbox 2762 557 2837 627; x_wconf 76' lang='grc' dir='ltr'>μὴ</span> <span class='ocrx_word' id='word_1_160' title='bbox 2898 554 2978 609; x_wconf 76' lang='grc' dir='ltr'>ὅτι</span> <span class='ocrx_word' id='word_1_161' title='bbox 3036 556 3162 616; x_wconf 77' lang='grc' dir='ltr'>τοὺς</span> <span class='ocrx_word' id='word_1_162' title='bbox 3218 553 3550 627; x_wconf 69' lang='grc' dir='ltr'>ψάλλοντας,</span> <span class='ocrx_word' id='word_1_163' title='bbox 3612 552 3753 607; x_wconf 69' lang='grc' dir='ltr'>ἀλλὰ</span> 
     </span>
    </p>
   </div>
   <div class='ocr_carea' id='block_1_20' title="bbox 2109 637 3747 716">
    <p class='ocr_par' dir='ltr' id='par_1_20' title="bbox 2109 637 3747 716">
     <span class='ocr_line' id='line_1_21' title="bbox 2109 637 3747 716; baseline 0.002 -25"><span class='ocrx_word' id='word_1_164' title='bbox 2109 637 2197 691; x_wconf 81' lang='grc' dir='ltr'>καὶ</span> <span class='ocrx_word' id='word_1_165' title='bbox 2258 640 2451 693; x_wconf 76' lang='grc' dir='ltr'>αὐτοὺς</span> <span class='ocrx_word' id='word_1_166' title='bbox 2506 646 2612 694; x_wconf 81' lang='grc' dir='ltr'>τῶν</span> <span class='ocrx_word' id='word_1_167' title='bbox 2668 642 2850 713; x_wconf 79' lang='grc' dir='ltr'>ὕμνων</span> <span class='ocrx_word' id='word_1_168' title='bbox 2904 644 3303 716; x_wconf 74' lang='grc' dir='ltr'>ἀκροωμένους,</span> <span class='ocrx_word' id='word_1_169' title='bbox 3335 642 3431 697; x_wconf 68' lang='grc' dir='ltr'>κᾶν</span> <span class='ocrx_word' id='word_1_170' title='bbox 3474 647 3582 697; x_wconf 82' lang='grc' dir='ltr'>τῶν</span> <span class='ocrx_word' id='word_1_171' title='bbox 3610 663 3747 716; x_wconf 92' lang='grc' dir='ltr'>προ-</span> 
     </span>
    </p>
   </div>
   <div class='ocr_carea' id='block_1_21' title="bbox 2109 726 3746 808">
    <p class='ocr_par' dir='ltr' id='par_1_21' title="bbox 2109 726 3746 808">
     <span class='ocr_line' id='line_1_22' title="bbox 2109 726 3746 808; baseline 0.003 -30"><span class='ocrx_word' id='word_1_172' title='bbox 2109 726 2434 781; x_wconf 75' lang='grc' dir='ltr'>κοιτούντων</span> <span class='ocrx_word' id='word_1_173' title='bbox 2467 730 2532 796; x_wconf 70' lang='grc' dir='ltr'>ἦν</span> <span class='ocrx_word' id='word_1_174' title='bbox 2562 750 2643 789; x_wconf 89' lang='grc' dir='ltr'>τις</span> <span class='ocrx_word' id='word_1_175' title='bbox 2674 730 2767 783; x_wconf 71' lang='grc' dir='ltr'>κᾶν</span> <span class='ocrx_word' id='word_1_176' title='bbox 2812 736 2915 783; x_wconf 75' lang='grc' dir='ltr'>τῶν</span> <span class='ocrx_word' id='word_1_177' title='bbox 2964 730 3289 808; x_wconf 60' lang='grc' dir='ltr'>ὁπλοςρλρων</span> <span class='ocrx_word' id='word_1_178' title='bbox 3340 730 3435 797; x_wconf 67' lang='grc' dir='ltr'>,καὶ</span> <span class='ocrx_word' id='word_1_179' title='bbox 3495 750 3746 801; x_wconf 85' lang='grc' dir='ltr'>σωματο-</span> 
     </span>
    </p>
   </div>
   <div class='ocr_carea' id='block_1_22' title="bbox 2112 812 3745 891">
    <p class='ocr_par' dir='ltr' id='par_1_22' title="bbox 2112 812 3745 891">
     <span class='ocr_line' id='line_1_23' title="bbox 2112 812 3745 891; baseline 0.004 -27"><span class='ocrx_word' id='word_1_180' title='bbox 2112 812 2498 888; x_wconf 60' lang='grc' dir='ltr'>(ιςυλακούντων</span> <span class='ocrx_word' id='word_1_181' title='bbox 2530 822 2605 886; x_wconf 77' lang='grc' dir='ltr'>τῷ</span> <span class='ocrx_word' id='word_1_182' title='bbox 2641 816 2877 891; x_wconf 83' lang='grc' dir='ltr'>βασιλεῖ,</span> <span class='ocrx_word' id='word_1_183' title='bbox 2904 818 2997 872; x_wconf 72' lang='grc' dir='ltr'>κᾶν</span> <span class='ocrx_word' id='word_1_184' title='bbox 3033 817 3219 879; x_wconf 77' lang='grc' dir='ltr'>ἄλλως</span> <span class='ocrx_word' id='word_1_185' title='bbox 3279 818 3572 891; x_wconf 82' lang='grc' dir='ltr'>ὑπηρετοίη</span> <span class='ocrx_word' id='word_1_186' title='bbox 3630 824 3745 878; x_wconf 82' lang='grc' dir='ltr'>τοῖς</span> 
     </span>
    </p>
   </div>
   <div class='ocr_carea' id='block_1_23' title="bbox 2115 900 3746 980">
    <p class='ocr_par' dir='ltr' id='par_1_23' title="bbox 2115 900 3746 980">
     <span class='ocr_line' id='line_1_24' title="bbox 2115 900 3746 980; baseline 0.003 -27"><span class='ocrx_word' id='word_1_187' title='bbox 2115 900 2431 973; x_wconf 79' lang='grc' dir='ltr'>βασιλείοις,</span> <span class='ocrx_word' id='word_1_188' title='bbox 2464 902 2557 957; x_wconf 69' lang='grc' dir='ltr'>κᾶν</span> <span class='ocrx_word' id='word_1_189' title='bbox 2619 903 2802 964; x_wconf 76' lang='grc' dir='ltr'>ἄλλως</span> <span class='ocrx_word' id='word_1_190' title='bbox 2863 906 3091 961; x_wconf 72' lang='grc' dir='ltr'>ἂλλοθεν</span> <span class='ocrx_word' id='word_1_191' title='bbox 3142 907 3404 970; x_wconf 81' lang='grc' dir='ltr'>ἐπελθών.</span> <span class='ocrx_word' id='word_1_192' title='bbox 3460 912 3595 959; x_wconf 82' lang='grc' dir='ltr'>Πᾶσι</span> <span class='ocrx_word' id='word_1_193' title='bbox 3645 908 3746 980; x_wconf 71' lang='grc' dir='ltr'>γάρ</span> 
     </span>
    </p>
   </div>
   <div class='ocr_carea' id='block_1_24' title="bbox 2111 986 3747 1068">
    <p class='ocr_par' dir='ltr' id='par_1_24' title="bbox 2111 986 3747 1068">
     <span class='ocr_line' id='line_1_25' title="bbox 2111 986 3747 1068; baseline 0.004 -28"><span class='ocrx_word' id='word_1_194' title='bbox 2111 986 2161 1057; x_wconf 62' lang='lat' dir='ltr'>ag</span> <span class='ocrx_word' id='word_1_195' title='bbox 2221 987 2334 1042; x_wconf 83' lang='grc' dir='ltr'>ἷ’σου</span> <span class='ocrx_word' id='word_1_196' title='bbox 2390 992 2451 1043; x_wconf 90' lang='grc' dir='ltr'>τὸ</span> <span class='ocrx_word' id='word_1_197' title='bbox 2513 992 2793 1065; x_wconf 84' lang='grc' dir='ltr'>βασιλικὸν</span> <span class='ocrx_word' id='word_1_198' title='bbox 2856 994 3266 1066; x_wconf 78' lang='grc' dir='ltr'>ἀνεξαντλήτως</span> <span class='ocrx_word' id='word_1_199' title='bbox 3326 992 3512 1068; x_wconf 78' lang='grc' dir='ltr'>ἔχευεν</span> <span class='ocrx_word' id='word_1_200' title='bbox 3574 991 3747 1063; x_wconf 82' lang='grc' dir='ltr'>ἕλεος,</span> 
     </span>
    </p>
   </div>
   <div class='ocr_carea' id='block_1_25' title="bbox 2108 1076 3749 1157">
    <p class='ocr_par' dir='ltr' id='par_1_25' title="bbox 2108 1076 3749 1157">
     <span class='ocr_line' id='line_1_26' title="bbox 2108 1076 3749 1157; baseline 0.004 -28"><span class='ocrx_word' id='word_1_201' title='bbox 2108 1080 2459 1150; x_wconf 83' lang='grc' dir='ltr'>στρατιώταις</span> <span class='ocrx_word' id='word_1_202' title='bbox 2490 1076 2546 1133; x_wconf 79' lang='grc' dir='ltr'>δὲ</span> <span class='ocrx_word' id='word_1_203' title='bbox 2580 1080 2790 1151; x_wconf 79' lang='grc' dir='ltr'>μᾶλλον</span> <span class='ocrx_word' id='word_1_204' title='bbox 2822 1083 2909 1135; x_wconf 87' lang='grc' dir='ltr'>καὶ</span> <span class='ocrx_word' id='word_1_205' title='bbox 2943 1085 3023 1144; x_wconf 82' lang='grc' dir='ltr'>οἷς</span> <span class='ocrx_word' id='word_1_206' title='bbox 3057 1085 3084 1137; x_wconf 86' lang='grc' dir='ltr'>ὁ</span> <span class='ocrx_word' id='word_1_207' title='bbox 3118 1082 3283 1157; x_wconf 87' lang='grc' dir='ltr'>λόγος</span> <span class='ocrx_word' id='word_1_208' title='bbox 3336 1085 3397 1137; x_wconf 86' lang='grc' dir='ltr'>τὸ</span> <span class='ocrx_word' id='word_1_209' title='bbox 3428 1080 3749 1154; x_wconf 79' lang='grc' dir='ltr'>σπούδασμα</span> 
     </span>
    </p>
   </div>
   <div class='ocr_carea' id='block_1_26' title="bbox 2108 1164 3747 1246">
    <p class='ocr_par' dir='ltr' id='par_1_26' title="bbox 2108 1164 3747 1246">
     <span class='ocr_line' id='line_1_27' title="bbox 2108 1164 3747 1246; baseline 0.004 -30"><span class='ocrx_word' id='word_1_210' title='bbox 2108 1164 2195 1231; x_wconf 85' lang='grc' dir='ltr'>ἦν.</span> <span class='ocrx_word' id='word_1_211' title='bbox 2232 1165 2307 1221; x_wconf 81' lang='grc' dir='ltr'>Οὐ</span> <span class='ocrx_word' id='word_1_212' title='bbox 2338 1168 2437 1241; x_wconf 79' lang='grc' dir='ltr'>γάρ</span> <span class='ocrx_word' id='word_1_213' title='bbox 2468 1167 2535 1234; x_wconf 77' lang='grc' dir='ltr'>ἦν</span> <span class='ocrx_word' id='word_1_214' title='bbox 2568 1170 2767 1241; x_wconf 78' lang='grc' dir='ltr'>ἡμέρα,</span> <span class='ocrx_word' id='word_1_215' title='bbox 2803 1171 2865 1223; x_wconf 81' lang='grc' dir='ltr'>οὐ</span> <span class='ocrx_word' id='word_1_216' title='bbox 2925 1171 3036 1242; x_wconf 79' lang='grc' dir='ltr'>νὺξ,</span> <span class='ocrx_word' id='word_1_217' title='bbox 3068 1172 3127 1225; x_wconf 83' lang='grc' dir='ltr'>οὐ</span> <span class='ocrx_word' id='word_1_218' title='bbox 3184 1172 3370 1246; x_wconf 79' lang='grc' dir='ltr'>καιρὸς</span> <span class='ocrx_word' id='word_1_219' title='bbox 3428 1169 3747 1241; x_wconf 72' lang='grc' dir='ltr'>δυσθυμίας,</span> 
     </span>
    </p>
   </div>
   <div class='ocr_carea' id='block_1_27' title="bbox 2109 1253 3745 1330">
    <p class='ocr_par' dir='ltr' id='par_1_27' title="bbox 2109 1253 3745 1330">
     <span class='ocr_line' id='line_1_28' title="bbox 2109 1253 3745 1330; baseline 0.003 -23"><span class='ocrx_word' id='word_1_220' title='bbox 2109 1253 2215 1328; x_wconf 85' lang='grc' dir='ltr'>οὐχ</span> <span class='ocrx_word' id='word_1_221' title='bbox 2242 1254 2355 1329; x_wconf 83' lang='grc' dir='ltr'>ὥρα</span> <span class='ocrx_word' id='word_1_222' title='bbox 2388 1261 2579 1330; x_wconf 80' lang='grc' dir='ltr'>χαρᾶς,</span> <span class='ocrx_word' id='word_1_223' title='bbox 2614 1256 2710 1310; x_wconf 81' lang='grc' dir='ltr'>οὐκ</span> <span class='ocrx_word' id='word_1_224' title='bbox 2761 1258 3070 1313; x_wconf 72' lang='grc' dir='ltr'>ἀνατέλλων</span> <span class='ocrx_word' id='word_1_225' title='bbox 3127 1259 3309 1328; x_wconf 75' lang='grc' dir='ltr'>ἥλιος,</span> <span class='ocrx_word' id='word_1_226' title='bbox 3345 1260 3406 1313; x_wconf 78' lang='grc' dir='ltr'>οὐ</span> <span class='ocrx_word' id='word_1_227' title='bbox 3464 1256 3745 1330; x_wconf 80' lang='grc' dir='ltr'>δυόμενος,</span> 
     </span>
    </p>
   </div>
   <div class='ocr_carea' id='block_1_28' title="bbox 2108 1342 3743 1420">
    <p class='ocr_par' dir='ltr' id='par_1_28' title="bbox 2108 1342 3743 1420">
     <span class='ocr_line' id='line_1_29' title="bbox 2108 1342 3743 1420; baseline 0.003 -25"><span class='ocrx_word' id='word_1_228' title='bbox 2108 1342 2196 1397; x_wconf 82' lang='grc' dir='ltr'>ὅτε</span> <span class='ocrx_word' id='word_1_229' title='bbox 2250 1364 2333 1404; x_wconf 86' lang='grc' dir='ltr'>τις</span> <span class='ocrx_word' id='word_1_230' title='bbox 2390 1345 2689 1419; x_wconf 68' lang='grc' dir='ltr'>εὐεργεσίας</span> <span class='ocrx_word' id='word_1_231' title='bbox 2745 1345 2878 1420; x_wconf 78' lang='grc' dir='ltr'>δίχα</span> <span class='ocrx_word' id='word_1_232' title='bbox 2919 1348 3007 1401; x_wconf 84' lang='grc' dir='ltr'>τὸν</span> <span class='ocrx_word' id='word_1_233' title='bbox 3058 1346 3278 1415; x_wconf 70' lang='grc' dir='ltr'>ἄνακτα,</span> <span class='ocrx_word' id='word_1_234' title='bbox 3336 1350 3369 1416; x_wconf 68' lang='grc' dir='ltr'><strong>ἢ</strong></span> <span class='ocrx_word' id='word_1_235' title='bbox 3427 1346 3482 1400; x_wconf 75' lang='grc' dir='ltr'>εὖ</span> <span class='ocrx_word' id='word_1_236' title='bbox 3540 1347 3743 1407; x_wconf 82' lang='grc' dir='ltr'>ἐκεῖνος</span> 
     </span>
    </p>
   </div>
   <div class='ocr_carea' id='block_1_29' title="bbox 2106 1430 3740 1510">
    <p class='ocr_par' dir='ltr' id='par_1_29' title="bbox 2106 1430 3740 1510">
     <span class='ocr_line' id='line_1_30' title="bbox 2106 1430 3740 1510; baseline 0.002 -27"><span class='ocrx_word' id='word_1_237' title='bbox 2106 1430 2332 1504; x_wconf 83' lang='grc' dir='ltr'>πάσχων</span> <span class='ocrx_word' id='word_1_238' title='bbox 2390 1432 2422 1499; x_wconf 80' lang='grc' dir='ltr'><strong>ἢ</strong></span> <span class='ocrx_word' id='word_1_239' title='bbox 2486 1430 2669 1487; x_wconf 73' lang='grc' dir='ltr'>ἄλλων</span> <span class='ocrx_word' id='word_1_240' title='bbox 2728 1434 2794 1488; x_wconf 75' lang='grc' dir='ltr'>τὰ</span> <span class='ocrx_word' id='word_1_241' title='bbox 2854 1435 2940 1489; x_wconf 66' lang='grc' dir='ltr'>ἴσα</span> <span class='ocrx_word' id='word_1_242' title='bbox 2995 1439 3341 1510; x_wconf 78' lang='grc' dir='ltr'>πασχόντων,</span> <span class='ocrx_word' id='word_1_243' title='bbox 3375 1438 3501 1509; x_wconf 77' lang='grc' dir='ltr'>ὁρᾷν</span> <span class='ocrx_word' id='word_1_244' title='bbox 3558 1435 3593 1502; x_wconf 70' lang='grc' dir='ltr'><strong>ἢ</strong></span> <span class='ocrx_word' id='word_1_245' title='bbox 3652 1436 3740 1488; x_wconf 81' lang='grc' dir='ltr'>καὶ</span> 
     </span>
    </p>
   </div>
   <div class='ocr_carea' id='block_1_30' title="bbox 2105 1518 3741 1597">
    <p class='ocr_par' dir='ltr' id='par_1_30' title="bbox 2105 1518 3741 1597">
     <span class='ocr_line' id='line_1_31' title="bbox 2105 1518 3741 1597; baseline 0.002 -25"><span class='ocrx_word' id='word_1_246' title='bbox 2105 1518 2316 1573; x_wconf 75' lang='grc' dir='ltr'>ἀκούειν</span> <span class='ocrx_word' id='word_1_247' title='bbox 2351 1519 2485 1593; x_wconf 76' lang='grc' dir='ltr'>εἶχε.</span> <span class='ocrx_word' id='word_1_248' title='bbox 2519 1526 2779 1583; x_wconf 73' lang='grc' dir='ltr'>Τοιοῦτος</span> <span class='ocrx_word' id='word_1_249' title='bbox 2820 1521 2875 1577; x_wconf 78' lang='grc' dir='ltr'>δὲ</span> <span class='ocrx_word' id='word_1_250' title='bbox 2901 1520 2972 1576; x_wconf 76' lang='grc' dir='ltr'>ὢν</span> <span class='ocrx_word' id='word_1_251' title='bbox 3010 1524 3172 1597; x_wconf 75' lang='grc' dir='ltr'>βαρὺς</span> <span class='ocrx_word' id='word_1_252' title='bbox 3202 1521 3348 1595; x_wconf 77' lang='grc' dir='ltr'>ἔδοξε</span> <span class='ocrx_word' id='word_1_253' title='bbox 3371 1530 3486 1584; x_wconf 85' lang='grc' dir='ltr'>τοῖς</span> <span class='ocrx_word' id='word_1_254' title='bbox 3548 1524 3597 1577; x_wconf 85' lang='grc' dir='ltr'>ἐν</span> <span class='ocrx_word' id='word_1_255' title='bbox 3654 1525 3741 1575; x_wconf 69' lang='grc' dir='ltr'>τὲ-</span> 
     </span>
    </p>
   </div>
   <div class='ocr_carea' id='block_1_31' title="bbox 2106 1602 3737 1685">
    <p class='ocr_par' dir='ltr' id='par_1_31' title="bbox 2106 1602 3737 1685">
     <span class='ocr_line' id='line_1_32' title="bbox 2106 1602 3737 1685; baseline 0.003 -27"><span class='ocrx_word' id='word_1_256' title='bbox 2106 1602 2209 1677; x_wconf 85' lang='grc' dir='ltr'>λει,</span> <span class='ocrx_word' id='word_1_257' title='bbox 2243 1604 2323 1660; x_wconf 77' lang='grc' dir='ltr'>ὅτι</span> <span class='ocrx_word' id='word_1_258' title='bbox 2358 1606 2416 1660; x_wconf 85' lang='grc' dir='ltr'>οὐ</span> <span class='ocrx_word' id='word_1_259' title='bbox 2448 1609 2563 1661; x_wconf 85' lang='grc' dir='ltr'>κατ’</span> <span class='ocrx_word' id='word_1_260' title='bbox 2594 1609 2860 1681; x_wconf 82' lang='grc' dir='ltr'>εὐγένειαν</span> <span class='ocrx_word' id='word_1_261' title='bbox 2902 1610 2991 1663; x_wconf 88' lang='grc' dir='ltr'>καὶ</span> <span class='ocrx_word' id='word_1_262' title='bbox 3040 1608 3207 1679; x_wconf 79' lang='grc' dir='ltr'>κῆδος</span> <span class='ocrx_word' id='word_1_263' title='bbox 3262 1611 3560 1685; x_wconf 86' lang='grc' dir='ltr'>βασιλικὸν,</span> <span class='ocrx_word' id='word_1_264' title='bbox 3595 1608 3737 1665; x_wconf 70' lang='grc' dir='ltr'>ἀλλὰ</span> 
     </span>
    </p>
   </div>
   <div class='ocr_carea' id='block_1_32' title="bbox 2102 1692 3735 1773">
    <p class='ocr_par' dir='ltr' id='par_1_32' title="bbox 2102 1692 3735 1773">
     <span class='ocr_line' id='line_1_33' title="bbox 2102 1692 3735 1773; baseline 0.003 -27"><span class='ocrx_word' id='word_1_265' title='bbox 2102 1692 2409 1766; x_wconf 83' lang='grc' dir='ltr'>ἀριστίνδην</span> <span class='ocrx_word' id='word_1_266' title='bbox 2465 1695 2591 1756; x_wconf 79' lang='grc' dir='ltr'>τοὺς</span> <span class='ocrx_word' id='word_1_267' title='bbox 2654 1696 2892 1751; x_wconf 82' lang='grc' dir='ltr'>ἐπὶτῶν</span> <span class='ocrx_word' id='word_1_268' title='bbox 2969 1699 3301 1773; x_wconf 76' lang='grc' dir='ltr'>πραγμάτων</span> <span class='ocrx_word' id='word_1_269' title='bbox 3380 1697 3735 1772; x_wconf 79' lang='grc' dir='ltr'>ἐκλεγόμενος</span> 
     </span>
    </p>
   </div>
   <div class='ocr_carea' id='block_1_33' title="bbox 347 1778 3736 1885">
    <p class='ocr_par' dir='ltr' id='par_1_33' title="bbox 347 1778 3736 1885">
     <span class='ocr_line' id='line_1_34' title="bbox 347 1778 3736 1885; baseline 0.001 -48"><span class='ocrx_word' id='word_1_270' title='bbox 347 1783 585 1854; x_wconf 85' lang='grc' dir='ltr'>μάλιστα</span> <span class='ocrx_word' id='word_1_271' title='bbox 638 1779 738 1851; x_wconf 81' lang='grc' dir='ltr'>ὤν,</span> <span class='ocrx_word' id='word_1_272' title='bbox 792 1784 881 1837; x_wconf 82' lang='grc' dir='ltr'>καὶ</span> <span class='ocrx_word' id='word_1_273' title='bbox 943 1789 1073 1837; x_wconf 73' lang='grc' dir='ltr'>πᾶσι</span> <span class='ocrx_word' id='word_1_274' title='bbox 1148 1784 1239 1855; x_wconf 79' lang='grc' dir='ltr'>μὲν</span> <span class='ocrx_word' id='word_1_275' title='bbox 1316 1785 1560 1855; x_wconf 82' lang='grc' dir='ltr'>λογικοῖς</span> <span class='ocrx_word' id='word_1_276' title='bbox 1643 1778 1992 1853; x_wconf 75' lang='grc' dir='ltr'>εὖεργετικῶς</span> <span class='ocrx_word' id='word_1_277' title='bbox 2024 1786 2213 1885; x_wconf 81' lang='grc' dir='ltr'>Βτοῖς</span> <span class='ocrx_word' id='word_1_278' title='bbox 2257 1785 2621 1855; x_wconf 85' lang='grc' dir='ltr'>προσήκουσιν</span> <span class='ocrx_word' id='word_1_279' title='bbox 2675 1783 2954 1856; x_wconf 72' lang='grc' dir='ltr'>ἐσέμνυνεν</span> <span class='ocrx_word' id='word_1_280' title='bbox 3014 1786 3332 1859; x_wconf 82' lang='grc' dir='ltr'>ἀξιώμασιν.</span> <span class='ocrx_word' id='word_1_281' title='bbox 3366 1790 3457 1847; x_wconf 79' lang='grc' dir='ltr'>Οἷς</span> <span class='ocrx_word' id='word_1_282' title='bbox 3504 1785 3561 1840; x_wconf 76' lang='grc' dir='ltr'>δὲ</span> <span class='ocrx_word' id='word_1_283' title='bbox 3616 1807 3736 1840; x_wconf 89' lang='grc' dir='ltr'>συν-</span> 
     </span>
     <span class='ocr_line' id='line_1_35' title="bbox 605 1864 3657 1885; baseline 0 0"><span class='ocrx_word' id='word_1_284' title='bbox 605 1871 617 1885; x_wconf 82' lang='grc' dir='ltr'><strong><em>Ι</em></strong></span> <span class='ocrx_word' id='word_1_285' title='bbox 887 1872 899 1885; x_wconf 67' lang='grc' dir='ltr'>ο</span> <span class='ocrx_word' id='word_1_286' title='bbox 991 1874 1017 1885; x_wconf 60' lang='grc' dir='ltr'><strong>ς</strong></span> <span class='ocrx_word' id='word_1_287' title='bbox 1178 1869 1219 1885; x_wconf 56' lang='grc' dir='ltr'>ἢκ</span> <span class='ocrx_word' id='word_1_288' title='bbox 1331 1872 1343 1885; x_wconf 69' lang='grc' dir='ltr'>ι</span> <span class='ocrx_word' id='word_1_289' title='bbox 1437 1870 1449 1885; x_wconf 74' lang='grc' dir='ltr'>ν</span> <span class='ocrx_word' id='word_1_290' title='bbox 1500 1871 1510 1885; x_wconf 84' lang='lat'><strong><em>\</em></strong></span> <span class='ocrx_word' id='word_1_291' title='bbox 1610 1867 1629 1885; x_wconf 55' lang='grc' dir='ltr'><strong>Χ</strong></span> <span class='ocrx_word' id='word_1_292' title='bbox 1784 1873 1807 1882; x_wconf 73' lang='lat'><strong>~</strong></span> <span class='ocrx_word' id='word_1_293' title='bbox 2113 1864 2159 1885; x_wconf 66' lang='grc' dir='ltr'><strong><em>ΙΩ</em></strong></span> <span class='ocrx_word' id='word_1_294' title='bbox 2581 1873 2589 1885; x_wconf 84' lang='grc' dir='ltr'>ι</span> <span class='ocrx_word' id='word_1_295' title='bbox 2768 1875 2789 1885; x_wconf 71' lang='grc' dir='ltr'><strong><em>ν</em></strong></span> <span class='ocrx_word' id='word_1_296' title='bbox 3009 1876 3018 1885; x_wconf 80' lang='grc' dir='ltr'><strong>Ι</strong></span> <span class='ocrx_word' id='word_1_297' title='bbox 3107 1877 3118 1885; x_wconf 80' lang='grc' dir='ltr'>ι</span> <span class='ocrx_word' id='word_1_298' title='bbox 3260 1877 3269 1885; x_wconf 84' lang='grc' dir='ltr'>ι</span> <span class='ocrx_word' id='word_1_299' title='bbox 3392 1874 3414 1885; x_wconf 75' lang='grc' dir='ltr'>η</span> <span class='ocrx_word' id='word_1_300' title='bbox 3648 1877 3657 1885; x_wconf 75' lang='grc' dir='ltr'>ι</span> 
     </span>
    </p>
   </div>
   <div class='ocr_carea' id='block_1_34' title="bbox 344 1867 1989 1947">
    <p class='ocr_par' dir='ltr' id='par_1_34' title="bbox 344 1867 1989 1947">
     <span class='ocr_line' id='line_1_36' title="bbox 344 1867 1989 1947; baseline -0.003 -22"><span class='ocrx_word' id='word_1_301' title='bbox 344 1871 805 1947; x_wconf 74' lang='grc' dir='ltr'>προσφερόμενος,</span> <span class='ocrx_word' id='word_1_302' title='bbox 842 1872 952 1945; x_wconf 78' lang='grc' dir='ltr'>οὐχ</span> <span class='ocrx_word' id='word_1_303' title='bbox 981 1874 1141 1939; x_wconf 70' lang='grc' dir='ltr'>ἧττον</span> <span class='ocrx_word' id='word_1_304' title='bbox 1175 1869 1231 1924; x_wconf 78' lang='grc' dir='ltr'>δὲ</span> <span class='ocrx_word' id='word_1_305' title='bbox 1260 1872 1346 1923; x_wconf 86' lang='grc' dir='ltr'>καὶ</span> <span class='ocrx_word' id='word_1_306' title='bbox 1394 1870 1551 1931; x_wconf 79' lang='grc' dir='ltr'>αὐτὸς</span> <span class='ocrx_word' id='word_1_307' title='bbox 1610 1867 1812 1943; x_wconf 80' lang='grc' dir='ltr'>λογικῇ</span> <span class='ocrx_word' id='word_1_308' title='bbox 1865 1888 1989 1921; x_wconf 88' lang='grc' dir='ltr'>παι-</span> 
     </span>
    </p>
   </div>
   <div class='ocr_carea' id='block_1_35' title="bbox 345 1956 1992 2035">
    <p class='ocr_par' dir='ltr' id='par_1_35' title="bbox 345 1956 1992 2035">
     <span class='ocr_line' id='line_1_37' title="bbox 345 1956 1992 2035; baseline -0.004 -21"><span class='ocrx_word' id='word_1_309' title='bbox 345 1957 460 2030; x_wconf 82' lang='grc' dir='ltr'>δείᾳ</span> <span class='ocrx_word' id='word_1_310' title='bbox 489 1960 913 2035; x_wconf 86' lang='grc' dir='ltr'>προσεσχηκὼς,</span> <span class='ocrx_word' id='word_1_311' title='bbox 941 1959 1001 2013; x_wconf 83' lang='grc' dir='ltr'>οὐ</span> <span class='ocrx_word' id='word_1_312' title='bbox 1038 1958 1246 2031; x_wconf 77' lang='grc' dir='ltr'>μᾶλλον</span> <span class='ocrx_word' id='word_1_313' title='bbox 1280 1958 1338 2012; x_wconf 84' lang='grc' dir='ltr'>έκ</span> <span class='ocrx_word' id='word_1_314' title='bbox 1371 1960 1655 2030; x_wconf 85' lang='grc' dir='ltr'>μαθήσεως</span> <span class='ocrx_word' id='word_1_315' title='bbox 1693 1960 1727 2025; x_wconf 74' lang='grc' dir='ltr'>ἢ</span> <span class='ocrx_word' id='word_1_316' title='bbox 1785 1956 1992 2029; x_wconf 69' lang='grc' dir='ltr'>φύσεως</span> 
     </span>
    </p>
   </div>
   <div class='ocr_carea' id='block_1_36' title="bbox 344 2042 1989 2124">
    <p class='ocr_par' dir='ltr' id='par_1_36' title="bbox 344 2042 1989 2124">
     <span class='ocr_line' id='line_1_38' title="bbox 344 2042 1989 2124; baseline -0.003 -23"><span class='ocrx_word' id='word_1_317' title='bbox 344 2051 441 2116; x_wconf 75' lang='grc' dir='ltr'>τὴν</span> <span class='ocrx_word' id='word_1_318' title='bbox 494 2047 618 2121; x_wconf 83' lang='grc' dir='ltr'>περὶ</span> <span class='ocrx_word' id='word_1_319' title='bbox 674 2047 735 2102; x_wconf 88' lang='grc' dir='ltr'>τὸ</span> <span class='ocrx_word' id='word_1_320' title='bbox 793 2049 1016 2124; x_wconf 75' lang='grc' dir='ltr'>γράφειν</span> <span class='ocrx_word' id='word_1_321' title='bbox 1079 2045 1300 2119; x_wconf 83' lang='grc' dir='ltr'>δύναμιν</span> <span class='ocrx_word' id='word_1_322' title='bbox 1351 2042 1519 2121; x_wconf 80' lang='grc' dir='ltr'>ἔχων,</span> <span class='ocrx_word' id='word_1_323' title='bbox 1551 2046 1624 2108; x_wconf 81' lang='grc' dir='ltr'>ὡς</span> <span class='ocrx_word' id='word_1_324' title='bbox 1653 2045 1743 2098; x_wconf 88' lang='grc' dir='ltr'>καὶ</span> <span class='ocrx_word' id='word_1_325' title='bbox 1800 2042 1989 2097; x_wconf 75' lang='grc' dir='ltr'>πολλὰ</span> 
     </span>
    </p>
   </div>
   <div class='ocr_carea' id='block_1_37' title="bbox 351 2128 1985 2209">
    <p class='ocr_par' dir='ltr' id='par_1_37' title="bbox 351 2128 1985 2209">
     <span class='ocr_line' id='line_1_39' title="bbox 351 2128 1985 2209; baseline -0.002 -21"><span class='ocrx_word' id='word_1_326' title='bbox 351 2134 637 2209; x_wconf 72' lang='grc' dir='ltr'>έπιρῥύδην</span> <span class='ocrx_word' id='word_1_327' title='bbox 689 2134 975 2207; x_wconf 73' lang='grc' dir='ltr'>ἐκτιθέναι,</span> <span class='ocrx_word' id='word_1_328' title='bbox 1030 2136 1074 2190; x_wconf 79' lang='grc' dir='ltr'>εἰ</span> <span class='ocrx_word' id='word_1_329' title='bbox 1130 2135 1294 2207; x_wconf 89' lang='grc' dir='ltr'>μόνον</span> <span class='ocrx_word' id='word_1_330' title='bbox 1340 2136 1624 2209; x_wconf 85' lang='grc' dir='ltr'>ὁρμήσειεν</span> <span class='ocrx_word' id='word_1_331' title='bbox 1660 2128 1807 2186; x_wconf 78' lang='grc' dir='ltr'>’ἔδει</span> <span class='ocrx_word' id='word_1_332' title='bbox 1858 2132 1985 2205; x_wconf 80' lang='grc' dir='ltr'>γὰρ,</span> 
     </span>
    </p>
   </div>
   <div class='ocr_carea' id='block_1_38' title="bbox 349 2219 1984 2299">
    <p class='ocr_par' dir='ltr' id='par_1_38' title="bbox 349 2219 1984 2299">
     <span class='ocr_line' id='line_1_40' title="bbox 349 2219 1984 2299; baseline -0.002 -23"><span class='ocrx_word' id='word_1_333' title='bbox 349 2224 432 2277; x_wconf 67' lang='grc' dir='ltr'>καὶ</span> <span class='ocrx_word' id='word_1_334' title='bbox 490 2226 679 2278; x_wconf 81' lang='grc' dir='ltr'>σιωπῶ</span> <span class='ocrx_word' id='word_1_335' title='bbox 720 2226 787 2278; x_wconf 78' lang='grc' dir='ltr'>τά</span> <span class='ocrx_word' id='word_1_336' title='bbox 827 2225 1075 2295; x_wconf 78' lang='grc' dir='ltr'>πλεῖστα,</span> <span class='ocrx_word' id='word_1_337' title='bbox 1107 2226 1141 2292; x_wconf 81' lang='grc' dir='ltr'><strong>ἡ</strong></span> <span class='ocrx_word' id='word_1_338' title='bbox 1191 2225 1489 2299; x_wconf 76' lang='grc' dir='ltr'>περιφανὴς</span> <span class='ocrx_word' id='word_1_339' title='bbox 1540 2222 1693 2296; x_wconf 83' lang='grc' dir='ltr'>ἁγίου</span> <span class='ocrx_word' id='word_1_340' title='bbox 1735 2219 1984 2297; x_wconf 76' lang='grc' dir='ltr'>ἐφειστή-</span> 
     </span>
    </p>
   </div>
   <div class='ocr_carea' id='block_1_39' title="bbox 347 2309 1979 2389">
    <p class='ocr_par' dir='ltr' id='par_1_39' title="bbox 347 2309 1979 2389">
     <span class='ocr_line' id='line_1_41' title="bbox 347 2309 1979 2389; baseline -0.003 -23"><span class='ocrx_word' id='word_1_341' title='bbox 347 2332 427 2366; x_wconf 90' lang='grc' dir='ltr'>κει</span> <span class='ocrx_word' id='word_1_342' title='bbox 492 2311 883 2385; x_wconf 73' lang='grc' dir='ltr'>μνήμη,οὐδὲν</span> <span class='ocrx_word' id='word_1_343' title='bbox 942 2314 1266 2389; x_wconf 71' lang='grc' dir='ltr'>προσθέντα,</span> <span class='ocrx_word' id='word_1_344' title='bbox 1317 2315 1353 2379; x_wconf 77' lang='grc' dir='ltr'><strong>ἢ</strong></span> <span class='ocrx_word' id='word_1_345' title='bbox 1410 2309 1557 2374; x_wconf 80' lang='grc' dir='ltr'>ὅπως</span> <span class='ocrx_word' id='word_1_346' title='bbox 1611 2311 1815 2383; x_wconf 89' lang='grc' dir='ltr'>μακρὸν</span> <span class='ocrx_word' id='word_1_347' title='bbox 1872 2309 1979 2361; x_wconf 79' lang='grc' dir='ltr'>τῶν</span> 
     </span>
    </p>
   </div>
   <div class='ocr_carea' id='block_1_40' title="bbox 350 2396 1977 2473">
    <p class='ocr_par' dir='ltr' id='par_1_40' title="bbox 350 2396 1977 2473">
     <span class='ocr_line' id='line_1_42' title="bbox 350 2396 1977 2473; baseline -0.002 -21"><span class='ocrx_word' id='word_1_348' title='bbox 350 2400 683 2473; x_wconf 82' lang='grc' dir='ltr'>πραγμάτων</span> <span class='ocrx_word' id='word_1_349' title='bbox 714 2402 977 2473; x_wconf 77' lang='grc' dir='ltr'>ἀνεθέντα,</span> <span class='ocrx_word' id='word_1_350' title='bbox 1018 2402 1132 2461; x_wconf 74' lang='grc' dir='ltr'>ἑνὸς</span> <span class='ocrx_word' id='word_1_351' title='bbox 1162 2404 1269 2454; x_wconf 81' lang='grc' dir='ltr'>τῶν</span> <span class='ocrx_word' id='word_1_352' title='bbox 1308 2404 1404 2453; x_wconf 80' lang='grc' dir='ltr'>τοῦ</span> <span class='ocrx_word' id='word_1_353' title='bbox 1454 2398 1667 2472; x_wconf 89' lang='grc' dir='ltr'>κλήρου</span> <span class='ocrx_word' id='word_1_354' title='bbox 1718 2396 1977 2471; x_wconf 86' lang='grc' dir='ltr'>σχολαιό-</span> 
     </span>
    </p>
   </div>
   <div class='ocr_carea' id='block_1_41' title="bbox 353 2483 1978 2563">
    <p class='ocr_par' dir='ltr' id='par_1_41' title="bbox 353 2483 1978 2563">
     <span class='ocr_line' id='line_1_43' title="bbox 353 2483 1978 2563; baseline -0.003 -23"><span class='ocrx_word' id='word_1_355' title='bbox 353 2507 507 2561; x_wconf 89' lang='grc' dir='ltr'>τερον</span> <span class='ocrx_word' id='word_1_356' title='bbox 538 2487 599 2540; x_wconf 88' lang='grc' dir='ltr'>τὸ</span> <span class='ocrx_word' id='word_1_357' title='bbox 646 2490 1099 2563; x_wconf 67' lang='grc' dir='ltr'>προκαταρκτικὸν</span> <span class='ocrx_word' id='word_1_358' title='bbox 1142 2491 1236 2541; x_wconf 74' lang='grc' dir='ltr'>τοῦ</span> <span class='ocrx_word' id='word_1_359' title='bbox 1290 2483 1485 2562; x_wconf 77' lang='grc' dir='ltr'>ὄρθρου</span> <span class='ocrx_word' id='word_1_360' title='bbox 1548 2484 1978 2557; x_wconf 79' lang='grc' dir='ltr'>μονολογοῦντος</span> 
     </span>
    </p>
   </div>
   <div class='ocr_carea' id='block_1_42' title="bbox 352 2572 1977 2649">
    <p class='ocr_par' dir='ltr' id='par_1_42' title="bbox 352 2572 1977 2649">
     <span class='ocr_line' id='line_1_44' title="bbox 352 2572 1977 2649; baseline 0.002 -19"><span class='ocrx_word' id='word_1_361' title='bbox 352 2576 661 2649; x_wconf 69' lang='grc' dir='ltr'>ἐξάψαλμον</span> <span class='ocrx_word' id='word_1_362' title='bbox 707 2578 894 2632; x_wconf 87' lang='grc' dir='ltr'>κανόνα</span> <span class='ocrx_word' id='word_1_363' title='bbox 941 2577 1214 2646; x_wconf 80' lang='grc' dir='ltr'>πλακῆναι</span> <span class='ocrx_word' id='word_1_364' title='bbox 1273 2581 1350 2648; x_wconf 79' lang='grc' dir='ltr'>τῷ</span> <span class='ocrx_word' id='word_1_365' title='bbox 1411 2576 1871 2648; x_wconf 75' lang='grc' dir='ltr'>μνημονευομένῳ</span> <span class='ocrx_word' id='word_1_366' title='bbox 1927 2572 1977 2633; x_wconf 81' lang='grc' dir='ltr'>ἐς</span> 
     </span>
    </p>
   </div>
   <div class='ocr_carea' id='block_1_43' title="bbox 345 2757 1980 2831">
    <p class='ocr_par' dir='ltr' id='par_1_43' title="bbox 345 2757 1980 2831">
     <span class='ocr_line' id='line_1_45' title="bbox 345 2757 1980 2831; baseline -0.002 -14"><span class='ocrx_word' id='word_1_367' title='bbox 345 2760 727 2817; x_wconf 89' lang='lat' dir='ltr'>Constantino</span> <span class='ocrx_word' id='word_1_368' title='bbox 782 2759 969 2815; x_wconf 92' lang='lat' dir='ltr'>Techo</span> <span class='ocrx_word' id='word_1_369' title='bbox 1026 2759 1410 2831; x_wconf 90' lang='lat' dir='ltr'>Bulgarorum</span> <span class='ocrx_word' id='word_1_370' title='bbox 1470 2758 1743 2829; x_wconf 86' lang='lat' dir='ltr'>principi,</span> <span class='ocrx_word' id='word_1_371' title='bbox 1803 2757 1980 2814; x_wconf 87' lang='lat' dir='ltr'>altera</span> 
     </span>
    </p>
   </div>
   <div class='ocr_carea' id='block_1_44' title="bbox 344 2845 1973 2918">
    <p class='ocr_par' dir='ltr' id='par_1_44' title="bbox 344 2845 1973 2918">
     <span class='ocr_line' id='line_1_46' title="bbox 344 2845 1973 2918; baseline -0.001 -15"><span class='ocrx_word' id='word_1_372' title='bbox 344 2864 477 2903; x_wconf 89' lang='lat' dir='ltr'>vero</span> <span class='ocrx_word' id='word_1_373' title='bbox 508 2847 825 2918; x_wconf 88' lang='lat' dir='ltr'>Nicephoro</span> <span class='ocrx_word' id='word_1_374' title='bbox 856 2848 1153 2904; x_wconf 81' lang='lat' dir='ltr'>Michaelis</span> <span class='ocrx_word' id='word_1_375' title='bbox 1185 2849 1436 2918; x_wconf 64' lang='lat' dir='ltr'>despotic</span> <span class='ocrx_word' id='word_1_376' title='bbox 1476 2845 1805 2902; x_wconf 78' lang='lat' dir='ltr'>Occidentis</span> <span class='ocrx_word' id='word_1_377' title='bbox 1836 2845 1973 2901; x_wconf 85' lang='lat' dir='ltr'>filio.</span> 
     </span>
    </p>
   </div>
   <div class='ocr_carea' id='block_1_45' title="bbox 346 2935 1975 3007">
    <p class='ocr_par' dir='ltr' id='par_1_45' title="bbox 346 2935 1975 3007">
     <span class='ocr_line' id='line_1_47' title="bbox 346 2935 1975 3007; baseline -0.004 -14"><span class='ocrx_word' id='word_1_378' title='bbox 346 2936 459 2993; x_wconf 88' lang='lat' dir='ltr'>Nec</span> <span class='ocrx_word' id='word_1_379' title='bbox 477 2936 1009 3007; x_wconf 89' lang='lat' dir='ltr'>planeimprovisus</span> <span class='ocrx_word' id='word_1_380' title='bbox 1031 2937 1241 2992; x_wconf 88' lang='lat' dir='ltr'>accidit</span> <span class='ocrx_word' id='word_1_381' title='bbox 1267 2936 1361 2991; x_wconf 87' lang='lat' dir='ltr'>hic</span> <span class='ocrx_word' id='word_1_382' title='bbox 1382 2952 1575 3002; x_wconf 90' lang='lat' dir='ltr'>casus,</span> <span class='ocrx_word' id='word_1_383' title='bbox 1592 2935 1807 3006; x_wconf 85' lang='lat' dir='ltr'>quippe</span> <span class='ocrx_word' id='word_1_384' title='bbox 1831 2951 1975 3005; x_wconf 65' lang='lat' dir='ltr'>prae-</span> 
     </span>
    </p>
   </div>
   <div class='ocr_carea' id='block_1_46' title="bbox 341 3022 1970 3095">
    <p class='ocr_par' dir='ltr' id='par_1_46' title="bbox 341 3022 1970 3095">
     <span class='ocr_line' id='line_1_48' title="bbox 341 3022 1970 3095; baseline -0.002 -17"><span class='ocrx_word' id='word_1_385' title='bbox 341 3028 629 3079; x_wconf 85' lang='lat' dir='ltr'>nuntatus</span> <span class='ocrx_word' id='word_1_386' title='bbox 660 3025 877 3079; x_wconf 87' lang='lat' dir='ltr'>ccelesti</span> <span class='ocrx_word' id='word_1_387' title='bbox 909 3030 1192 3095; x_wconf 91' lang='lat' dir='ltr'>portento.</span> <span class='ocrx_word' id='word_1_388' title='bbox 1216 3026 1441 3080; x_wconf 81' lang='lat' dir='ltr'>Etenim</span> <span class='ocrx_word' id='word_1_389' title='bbox 1466 3023 1551 3079; x_wconf 91' lang='lat' dir='ltr'>sol</span> <span class='ocrx_word' id='word_1_390' title='bbox 1580 3023 1870 3078; x_wconf 79' lang='lat' dir='ltr'>defecerat</span> <span class='ocrx_word' id='word_1_391' title='bbox 1899 3022 1970 3075; x_wconf 91' lang='lat' dir='ltr'>ad</span> 
     </span>
    </p>
   </div>
   <div class='ocr_carea' id='block_1_47' title="bbox 337 3111 1974 3181">
    <p class='ocr_par' dir='ltr' id='par_1_47' title="bbox 337 3111 1974 3181">
     <span class='ocr_line' id='line_1_49' title="bbox 337 3111 1974 3181; baseline -0.001 -16"><span class='ocrx_word' id='word_1_392' title='bbox 337 3111 544 3167; x_wconf 89' lang='lat' dir='ltr'>horam</span> <span class='ocrx_word' id='word_1_393' title='bbox 578 3114 809 3167; x_wconf 80' lang='lat' dir='ltr'>tertiam</span> <span class='ocrx_word' id='word_1_394' title='bbox 838 3118 1012 3169; x_wconf 74' lang='lat' dir='ltr'>sextae</span> <span class='ocrx_word' id='word_1_395' title='bbox 1043 3114 1182 3181; x_wconf 90' lang='lat' dir='ltr'>diei,</span> <span class='ocrx_word' id='word_1_396' title='bbox 1204 3117 1260 3168; x_wconf 92' lang='lat' dir='ltr'>et</span> <span class='ocrx_word' id='word_1_397' title='bbox 1280 3114 1469 3167; x_wconf 61' lang='lat' dir='ltr'>densa</span> <span class='ocrx_word' id='word_1_398' title='bbox 1489 3113 1737 3167; x_wconf 73' lang='lat' dir='ltr'>tenebraz</span> <span class='ocrx_word' id='word_1_399' title='bbox 1765 3114 1974 3165; x_wconf 90' lang='lat' dir='ltr'>cuncta</span> 
     </span>
    </p>
   </div>
   <div class='ocr_carea' id='block_1_48' title="bbox 334 3200 1974 3272">
    <p class='ocr_par' dir='ltr' id='par_1_48' title="bbox 334 3200 1974 3272">
     <span class='ocr_line' id='line_1_50' title="bbox 334 3200 1974 3272; baseline -0.002 -16"><span class='ocrx_word' id='word_1_400' title='bbox 334 3201 929 3272; x_wconf 87' lang='lat' dir='ltr'>comprehenderant,</span> <span class='ocrx_word' id='word_1_401' title='bbox 962 3202 1103 3257; x_wconf 90' lang='lat' dir='ltr'>adeo</span> <span class='ocrx_word' id='word_1_402' title='bbox 1144 3206 1209 3257; x_wconf 91' lang='lat' dir='ltr'>ut</span> <span class='ocrx_word' id='word_1_403' title='bbox 1256 3204 1602 3272; x_wconf 80' lang='lat' dir='ltr'>apparerent</span> <span class='ocrx_word' id='word_1_404' title='bbox 1650 3200 1827 3254; x_wconf 68' lang='lat' dir='ltr'>stellae</span> <span class='ocrx_word' id='word_1_405' title='bbox 1874 3215 1974 3270; x_wconf 91' lang='lat' dir='ltr'>per</span> 
     </span>
    </p>
   </div>
   <div class='ocr_carea' id='block_1_49' title="bbox 336 3288 1972 3360">
    <p class='ocr_par' dir='ltr' id='par_1_49' title="bbox 336 3288 1972 3360">
     <span class='ocr_line' id='line_1_51' title="bbox 336 3288 1972 3360; baseline -0.002 -16"><span class='ocrx_word' id='word_1_406' title='bbox 336 3289 567 3344; x_wconf 81' lang='lat' dir='ltr'>ccelum.</span> <span class='ocrx_word' id='word_1_407' title='bbox 604 3290 690 3345; x_wconf 90' lang='lat' dir='ltr'>lta</span> <span class='ocrx_word' id='word_1_408' title='bbox 723 3289 1051 3360; x_wconf 73' lang='lat' dir='ltr'>praeripilur</span> <span class='ocrx_word' id='word_1_409' title='bbox 1072 3290 1280 3345; x_wconf 87' lang='lat' dir='ltr'>acerba</span> <span class='ocrx_word' id='word_1_410' title='bbox 1302 3297 1485 3344; x_wconf 90' lang='lat' dir='ltr'>morte</span> <span class='ocrx_word' id='word_1_411' title='bbox 1507 3288 1594 3343; x_wconf 90' lang='lat' dir='ltr'>vir</span> <span class='ocrx_word' id='word_1_412' title='bbox 1624 3288 1777 3359; x_wconf 88' lang='lat' dir='ltr'>regie</span> <span class='ocrx_word' id='word_1_413' title='bbox 1799 3292 1972 3341; x_wconf 89' lang='lat' dir='ltr'>natus</span> 
     </span>
    </p>
   </div>
   <div class='ocr_carea' id='block_1_50' title="bbox 337 3376 1971 3449">
    <p class='ocr_par' dir='ltr' id='par_1_50' title="bbox 337 3376 1971 3449">
     <span class='ocr_line' id='line_1_52' title="bbox 337 3376 1971 3449; baseline -0.001 -18"><span class='ocrx_word' id='word_1_414' title='bbox 337 3382 395 3432; x_wconf 89' lang='lat' dir='ltr'>et</span> <span class='ocrx_word' id='word_1_415' title='bbox 452 3377 736 3445; x_wconf 89' lang='lat' dir='ltr'>nutritus,</span> <span class='ocrx_word' id='word_1_416' title='bbox 769 3377 924 3449; x_wconf 87' lang='lat' dir='ltr'>regie</span> <span class='ocrx_word' id='word_1_417' title='bbox 978 3394 1207 3448; x_wconf 89' lang='lat' dir='ltr'>quoque</span> <span class='ocrx_word' id='word_1_418' title='bbox 1264 3378 1546 3432; x_wconf 87' lang='lat' dir='ltr'>educatus</span> <span class='ocrx_word' id='word_1_419' title='bbox 1598 3381 1651 3431; x_wconf 90' lang='lat' dir='ltr'>et</span> <span class='ocrx_word' id='word_1_420' title='bbox 1711 3376 1971 3440; x_wconf 89' lang='lat' dir='ltr'>edoctus,</span> 
     </span>
    </p>
   </div>
   <div class='ocr_carea' id='block_1_51' title="bbox 340 3464 1972 3536">
    <p class='ocr_par' dir='ltr' id='par_1_51' title="bbox 340 3464 1972 3536">
     <span class='ocr_line' id='line_1_53' title="bbox 340 3464 1972 3536; baseline -0.001 -17"><span class='ocrx_word' id='word_1_421' title='bbox 340 3465 484 3536; x_wconf 88' lang='lat' dir='ltr'>patri</span> <span class='ocrx_word' id='word_1_422' title='bbox 520 3482 637 3520; x_wconf 91' lang='lat' dir='ltr'>non</span> <span class='ocrx_word' id='word_1_423' title='bbox 669 3464 767 3520; x_wconf 92' lang='lat' dir='ltr'>ille</span> <span class='ocrx_word' id='word_1_424' title='bbox 799 3466 1035 3535; x_wconf 82' lang='lat' dir='ltr'>quidem</span> <span class='ocrx_word' id='word_1_425' title='bbox 1068 3465 1278 3520; x_wconf 85' lang='lat' dir='ltr'>similis</span> <span class='ocrx_word' id='word_1_426' title='bbox 1303 3465 1362 3519; x_wconf 92' lang='lat' dir='ltr'>in</span> <span class='ocrx_word' id='word_1_427' title='bbox 1394 3465 1682 3535; x_wconf 85' lang='lat' dir='ltr'>profunda</span> <span class='ocrx_word' id='word_1_428' title='bbox 1698 3480 1972 3519; x_wconf 90' lang='lat' dir='ltr'>consum-</span> 
     </span>
    </p>
   </div>
   <div class='ocr_carea' id='block_1_52' title="bbox 345 3553 1970 3624">
    <p class='ocr_par' dir='ltr' id='par_1_52' title="bbox 345 3553 1970 3624">
     <span class='ocr_line' id='line_1_54' title="bbox 345 3553 1970 3624; baseline -0.001 -17"><span class='ocrx_word' id='word_1_429' title='bbox 345 3558 615 3624; x_wconf 86' lang='lat' dir='ltr'>mataque</span> <span class='ocrx_word' id='word_1_430' title='bbox 646 3553 957 3624; x_wconf 89' lang='lat' dir='ltr'>prudentia</span> <span class='ocrx_word' id='word_1_431' title='bbox 985 3553 1277 3609; x_wconf 88' lang='lat' dir='ltr'>dictorum</span> <span class='ocrx_word' id='word_1_432' title='bbox 1330 3553 1545 3624; x_wconf 88' lang='lat' dir='ltr'>pariter</span> <span class='ocrx_word' id='word_1_433' title='bbox 1572 3558 1630 3607; x_wconf 86' lang='lat' dir='ltr'>et</span> <span class='ocrx_word' id='word_1_434' title='bbox 1685 3558 1970 3620; x_wconf 88' lang='lat' dir='ltr'>actorum,</span> 
     </span>
    </p>
   </div>
   <div class='ocr_carea' id='block_1_53' title="bbox 347 3641 1970 3710">
    <p class='ocr_par' dir='ltr' id='par_1_53' title="bbox 347 3641 1970 3710">
     <span class='ocr_line' id='line_1_55' title="bbox 347 3641 1970 3710; baseline -0.001 -16"><span class='ocrx_word' id='word_1_435' title='bbox 347 3657 530 3710; x_wconf 90' lang='lat' dir='ltr'>neque</span> <span class='ocrx_word' id='word_1_436' title='bbox 562 3642 618 3695; x_wconf 91' lang='lat' dir='ltr'>in</span> <span class='ocrx_word' id='word_1_437' title='bbox 650 3641 1003 3697; x_wconf 82' lang='lat' dir='ltr'>immutabili</span> <span class='ocrx_word' id='word_1_438' title='bbox 1033 3642 1359 3697; x_wconf 87' lang='lat' dir='ltr'>constantia</span> <span class='ocrx_word' id='word_1_439' title='bbox 1388 3643 1566 3697; x_wconf 88' lang='lat' dir='ltr'>semel</span> <span class='ocrx_word' id='word_1_440' title='bbox 1594 3646 1745 3697; x_wconf 90' lang='lat' dir='ltr'>recte</span> <span class='ocrx_word' id='word_1_441' title='bbox 1778 3642 1970 3695; x_wconf 91' lang='lat' dir='ltr'>decre-</span> 
     </span>
    </p>
   </div>
   <div class='ocr_carea' id='block_1_54' title="bbox 341 3728 1969 3795">
    <p class='ocr_par' dir='ltr' id='par_1_54' title="bbox 341 3728 1969 3795">
     <span class='ocr_line' id='line_1_56' title="bbox 341 3728 1969 3795; baseline -0.001 -12"><span class='ocrx_word' id='word_1_442' title='bbox 341 3733 556 3795; x_wconf 90' lang='lat' dir='ltr'>torum,</span> <span class='ocrx_word' id='word_1_443' title='bbox 589 3734 863 3785; x_wconf 70' lang='lat' dir='ltr'>czetorum</span> <span class='ocrx_word' id='word_1_444' title='bbox 895 3747 963 3785; x_wconf 83' lang='lat' dir='ltr'>ex</span> <span class='ocrx_word' id='word_1_445' title='bbox 993 3747 1095 3785; x_wconf 90' lang='lat' dir='ltr'>avo</span> <span class='ocrx_word' id='word_1_446' title='bbox 1128 3731 1348 3786; x_wconf 88' lang='lat' dir='ltr'>habens</span> <span class='ocrx_word' id='word_1_447' title='bbox 1378 3730 1624 3785; x_wconf 87' lang='lat' dir='ltr'>celerem</span> <span class='ocrx_word' id='word_1_448' title='bbox 1658 3731 1727 3783; x_wconf 90' lang='lat' dir='ltr'>ad</span> <span class='ocrx_word' id='word_1_449' title='bbox 1752 3728 1969 3795; x_wconf 88' lang='lat' dir='ltr'>omnia,</span> 
     </span>
    </p>
   </div>
   <div class='ocr_carea' id='block_1_55' title="bbox 334 3818 1971 3891">
    <p class='ocr_par' dir='ltr' id='par_1_55' title="bbox 334 3818 1971 3891">
     <span class='ocr_line' id='line_1_57' title="bbox 334 3818 1971 3891; baseline -0.001 -18"><span class='ocrx_word' id='word_1_450' title='bbox 334 3819 629 3873; x_wconf 86' lang='lat' dir='ltr'>excelsum</span> <span class='ocrx_word' id='word_1_451' title='bbox 652 3835 716 3873; x_wconf 93' lang='lat' dir='ltr'>ac</span> <span class='ocrx_word' id='word_1_452' title='bbox 738 3835 1015 3890; x_wconf 90' lang='lat' dir='ltr'>magnum</span> <span class='ocrx_word' id='word_1_453' title='bbox 1040 3818 1308 3891; x_wconf 91' lang='lat' dir='ltr'>belloque</span> <span class='ocrx_word' id='word_1_454' title='bbox 1330 3836 1521 3875; x_wconf 91' lang='lat' dir='ltr'>acrem</span> <span class='ocrx_word' id='word_1_455' title='bbox 1562 3820 1863 3885; x_wconf 90' lang='lat' dir='ltr'>animum;</span> <span class='ocrx_word' id='word_1_456' title='bbox 1903 3834 1971 3872; x_wconf 84' lang='lat' dir='ltr'>ex</span> 
     </span>
    </p>
   </div>
   <div class='ocr_carea' id='block_1_56' title="bbox 335 3909 1968 3977">
    <p class='ocr_par' dir='ltr' id='par_1_56' title="bbox 335 3909 1968 3977">
     <span class='ocr_line' id='line_1_58' title="bbox 335 3909 1968 3977; baseline 0 -16"><span class='ocrx_word' id='word_1_457' title='bbox 335 3912 524 3963; x_wconf 88' lang='lat' dir='ltr'>matre</span> <span class='ocrx_word' id='word_1_458' title='bbox 552 3924 684 3963; x_wconf 90' lang='lat' dir='ltr'>vero</span> <span class='ocrx_word' id='word_1_459' title='bbox 715 3909 1311 3965; x_wconf 83' lang='lat' dir='ltr'>beneﬁcentissimam</span> <span class='ocrx_word' id='word_1_460' title='bbox 1362 3913 1650 3973; x_wconf 88' lang='lat' dir='ltr'>naturam,</span> <span class='ocrx_word' id='word_1_461' title='bbox 1683 3924 1813 3977; x_wconf 78' lang='lat' dir='ltr'>quae</span> <span class='ocrx_word' id='word_1_462' title='bbox 1849 3925 1968 3961; x_wconf 89' lang='lat' dir='ltr'>am-</span> 
     </span>
    </p>
   </div>
   <div class='ocr_carea' id='block_1_57' title="bbox 337 3991 1969 4061">
    <p class='ocr_par' dir='ltr' id='par_1_57' title="bbox 337 3991 1969 4061">
     <span class='ocr_line' id='line_1_59' title="bbox 337 3991 1969 4061; baseline -0.001 -11"><span class='ocrx_word' id='word_1_463' title='bbox 337 3991 527 4050; x_wconf 80' lang='lat' dir='ltr'>babus</span> <span class='ocrx_word' id='word_1_464' title='bbox 554 3996 829 4051; x_wconf 89' lang='lat' dir='ltr'>manibus</span> <span class='ocrx_word' id='word_1_465' title='bbox 862 3998 1013 4052; x_wconf 89' lang='lat' dir='ltr'>dona</span> <span class='ocrx_word' id='word_1_466' title='bbox 1039 3997 1095 4051; x_wconf 93' lang='lat' dir='ltr'>in</span> <span class='ocrx_word' id='word_1_467' title='bbox 1119 3995 1425 4053; x_wconf 84' lang='lat' dir='ltr'>subdditos</span> <span class='ocrx_word' id='word_1_468' title='bbox 1446 3996 1785 4061; x_wconf 79' lang='lat' dir='ltr'>eﬂ‘underet,</span> <span class='ocrx_word' id='word_1_469' title='bbox 1810 3994 1969 4049; x_wconf 89' lang='lat' dir='ltr'>nullo</span> 
     </span>
    </p>
   </div>
   <div class='ocr_carea' id='block_1_58' title="bbox 340 4084 1970 4156">
    <p class='ocr_par' dir='ltr' id='par_1_58' title="bbox 340 4084 1970 4156">
     <span class='ocr_line' id='line_1_60' title="bbox 340 4084 1970 4156; baseline 0 -19"><span class='ocrx_word' id='word_1_470' title='bbox 340 4099 583 4138; x_wconf 72' lang='lat' dir='ltr'>mcerore</span> <span class='ocrx_word' id='word_1_471' title='bbox 630 4085 981 4156; x_wconf 82' lang='lat' dir='ltr'>largissime,</span> <span class='ocrx_word' id='word_1_472' title='bbox 1012 4087 1129 4141; x_wconf 92' lang='lat' dir='ltr'>imo</span> <span class='ocrx_word' id='word_1_473' title='bbox 1178 4084 1473 4141; x_wconf 69' lang='lat' dir='ltr'>effundere</span> <span class='ocrx_word' id='word_1_474' title='bbox 1508 4084 1806 4155; x_wconf 81' lang='lat' dir='ltr'>gauderet.</span> <span class='ocrx_word' id='word_1_475' title='bbox 1842 4084 1970 4137; x_wconf 88' lang='lat' dir='ltr'>Stu-</span> 
     </span>
    </p>
   </div>
   <div class='ocr_carea' id='block_1_59' title="bbox 340 4171 1969 4244">
    <p class='ocr_par' dir='ltr' id='par_1_59' title="bbox 340 4171 1969 4244">
     <span class='ocr_line' id='line_1_61' title="bbox 340 4171 1969 4244; baseline 0 -19"><span class='ocrx_word' id='word_1_476' title='bbox 340 4171 657 4228; x_wconf 89' lang='lat' dir='ltr'>diossimus</span> <span class='ocrx_word' id='word_1_477' title='bbox 689 4174 747 4228; x_wconf 92' lang='lat' dir='ltr'>in</span> <span class='ocrx_word' id='word_1_478' title='bbox 781 4174 986 4244; x_wconf 89' lang='lat' dir='ltr'>primis</span> <span class='ocrx_word' id='word_1_479' title='bbox 1018 4173 1404 4241; x_wconf 89' lang='lat' dir='ltr'>litterrarum,</span> <span class='ocrx_word' id='word_1_480' title='bbox 1433 4177 1489 4227; x_wconf 92' lang='lat' dir='ltr'>et</span> <span class='ocrx_word' id='word_1_481' title='bbox 1520 4171 1803 4226; x_wconf 86' lang='lat' dir='ltr'>litteratos</span> <span class='ocrx_word' id='word_1_482' title='bbox 1842 4188 1969 4225; x_wconf 88' lang='lat' dir='ltr'>am-</span> 
     </span>
    </p>
   </div>
   <div class='ocr_carea' id='block_1_60' title="bbox 336 4259 1965 4331">
    <p class='ocr_par' dir='ltr' id='par_1_60' title="bbox 336 4259 1965 4331">
     <span class='ocr_line' id='line_1_62' title="bbox 336 4259 1965 4331; baseline 0 -18"><span class='ocrx_word' id='word_1_483' title='bbox 336 4259 502 4328; x_wconf 84' lang='lat' dir='ltr'>plecti</span> <span class='ocrx_word' id='word_1_484' title='bbox 568 4261 867 4316; x_wconf 83' lang='lat' dir='ltr'>beneﬁciis</span> <span class='ocrx_word' id='word_1_485' title='bbox 934 4262 1161 4329; x_wconf 90' lang='lat' dir='ltr'>solitus,</span> <span class='ocrx_word' id='word_1_486' title='bbox 1219 4261 1579 4317; x_wconf 79' lang='lat' dir='ltr'>meditationi</span> <span class='ocrx_word' id='word_1_487' title='bbox 1613 4261 1755 4331; x_wconf 92' lang='lat' dir='ltr'>quin</span> <span class='ocrx_word' id='word_1_488' title='bbox 1790 4259 1965 4314; x_wconf 85' lang='lat' dir='ltr'>etiam</span> 
     </span>
    </p>
   </div>
   <div class='ocr_carea' id='block_1_61' title="bbox 335 4349 1965 4420">
    <p class='ocr_par' dir='ltr' id='par_1_61' title="bbox 335 4349 1965 4420">
     <span class='ocr_line' id='line_1_63' title="bbox 335 4349 1965 4420; baseline 0.002 -20"><span class='ocrx_word' id='word_1_489' title='bbox 335 4349 684 4415; x_wconf 88' lang='lat' dir='ltr'>optimarum</span> <span class='ocrx_word' id='word_1_490' title='bbox 717 4350 935 4404; x_wconf 90' lang='lat' dir='ltr'>artium</span> <span class='ocrx_word' id='word_1_491' title='bbox 981 4349 1241 4405; x_wconf 89' lang='lat' dir='ltr'>intentus</span> <span class='ocrx_word' id='word_1_492' title='bbox 1270 4355 1327 4405; x_wconf 91' lang='lat' dir='ltr'>et</span> <span class='ocrx_word' id='word_1_493' title='bbox 1354 4367 1467 4405; x_wconf 92' lang='lat' dir='ltr'>non</span> <span class='ocrx_word' id='word_1_494' title='bbox 1499 4350 1688 4420; x_wconf 90' lang='lat' dir='ltr'>magis</span> <span class='ocrx_word' id='word_1_495' title='bbox 1723 4349 1965 4403; x_wconf 86' lang='lat' dir='ltr'>institu-</span> 
     </span>
    </p>
   </div>
   <div class='ocr_carea' id='block_1_62' title="bbox 2103 1864 3738 1949">
    <p class='ocr_par' dir='ltr' id='par_1_62' title="bbox 2103 1864 3738 1949">
     <span class='ocr_line' id='line_1_64' title="bbox 2103 1864 3738 1949; baseline 0.004 -26"><span class='ocrx_word' id='word_1_496' title='bbox 2103 1864 2276 1923; x_wconf 69' lang='grc' dir='ltr'>έδαινε</span> <span class='ocrx_word' id='word_1_497' title='bbox 2333 1873 2681 1945; x_wconf 84' lang='grc' dir='ltr'>προσγενέσιν</span> <span class='ocrx_word' id='word_1_498' title='bbox 2744 1875 2871 1927; x_wconf 68' lang='grc' dir='ltr'>εἶναι</span> <span class='ocrx_word' id='word_1_499' title='bbox 2930 1876 3018 1928; x_wconf 85' lang='grc' dir='ltr'>καί</span> <span class='ocrx_word' id='word_1_500' title='bbox 3074 1877 3125 1928; x_wconf 72' lang='grc' dir='ltr'>οἱ</span> <span class='ocrx_word' id='word_1_501' title='bbox 3176 1877 3309 1949; x_wconf 88' lang='grc' dir='ltr'>πρὸς</span> <span class='ocrx_word' id='word_1_502' title='bbox 3362 1874 3738 1947; x_wconf 73' lang='grc' dir='ltr'>α’ίματος,ἁρ-</span> 
     </span>
    </p>
   </div>
   <div class='ocr_carea' id='block_1_63' title="bbox 2099 1953 3736 2037">
    <p class='ocr_par' dir='ltr' id='par_1_63' title="bbox 2099 1953 3736 2037">
     <span class='ocr_line' id='line_1_65' title="bbox 2099 1953 3736 2037; baseline 0.003 -27"><span class='ocrx_word' id='word_1_503' title='bbox 2099 1963 2210 2011; x_wconf 87' lang='grc' dir='ltr'>κεῖν</span> <span class='ocrx_word' id='word_1_504' title='bbox 2254 1953 2429 2033; x_wconf 77' lang='grc' dir='ltr'>ἔκρινε</span> <span class='ocrx_word' id='word_1_505' title='bbox 2467 1960 2528 2013; x_wconf 87' lang='grc' dir='ltr'>τὸ</span> <span class='ocrx_word' id='word_1_506' title='bbox 2574 1964 2825 2014; x_wconf 68' lang='grc' dir='ltr'>τοιοῦτον</span> <span class='ocrx_word' id='word_1_507' title='bbox 2871 1964 2956 2015; x_wconf 80' lang='grc' dir='ltr'>καὶ</span> <span class='ocrx_word' id='word_1_508' title='bbox 3008 1964 3189 2016; x_wconf 70' lang='grc' dir='ltr'>ἱκανὸν</span> <span class='ocrx_word' id='word_1_509' title='bbox 3223 1963 3297 2023; x_wconf 86' lang='grc' dir='ltr'>εἰς</span> <span class='ocrx_word' id='word_1_510' title='bbox 3328 1962 3493 2037; x_wconf 89' lang='grc' dir='ltr'>λόγον</span> <span class='ocrx_word' id='word_1_511' title='bbox 3527 1965 3736 2035; x_wconf 81' lang='grc' dir='ltr'>σεμνώ-</span> 
     </span>
    </p>
   </div>
   <div class='ocr_carea' id='block_1_64' title="bbox 2102 2044 3740 2128">
    <p class='ocr_par' dir='ltr' id='par_1_64' title="bbox 2102 2044 3740 2128">
     <span class='ocr_line' id='line_1_66' title="bbox 2102 2044 3740 2128; baseline 0.005 -31"><span class='ocrx_word' id='word_1_512' title='bbox 2102 2066 2291 2115; x_wconf 88' lang='grc' dir='ltr'>ματος.</span> <span class='ocrx_word' id='word_1_513' title='bbox 2325 2048 2400 2101; x_wconf 86' lang='grc' dir='ltr'>Τὸ</span> <span class='ocrx_word' id='word_1_514' title='bbox 2451 2044 2505 2100; x_wconf 72' lang='grc' dir='ltr'><strong>δί</strong></span> <span class='ocrx_word' id='word_1_515' title='bbox 2549 2048 2637 2115; x_wconf 75' lang='grc' dir='ltr'>ἦν,</span> <span class='ocrx_word' id='word_1_516' title='bbox 2673 2048 2715 2101; x_wconf 89' lang='grc' dir='ltr'>εἰ</span> <span class='ocrx_word' id='word_1_517' title='bbox 2749 2052 2985 2120; x_wconf 78' lang='grc' dir='ltr'>σκοποίη</span> <span class='ocrx_word' id='word_1_518' title='bbox 3018 2072 3119 2119; x_wconf 91' lang='grc' dir='ltr'>τις,</span> <span class='ocrx_word' id='word_1_519' title='bbox 3152 2050 3344 2124; x_wconf 75' lang='grc' dir='ltr'>ἀρετὴν</span> <span class='ocrx_word' id='word_1_520' title='bbox 3408 2050 3740 2128; x_wconf 74' lang='grc' dir='ltr'>ὀφέλλοντος</span> 
     </span>
    </p>
   </div>
   <div class='ocr_carea' id='block_1_65' title="bbox 2094 2130 3735 2212">
    <p class='ocr_par' dir='ltr' id='par_1_65' title="bbox 2094 2130 3735 2212">
     <span class='ocr_line' id='line_1_67' title="bbox 2094 2130 3735 2212; baseline 0.003 -26"><span class='ocrx_word' id='word_1_521' title='bbox 2094 2130 2362 2207; x_wconf 77' lang='grc' dir='ltr'>ἄρχοντος</span> <span class='ocrx_word' id='word_1_522' title='bbox 2412 2136 2500 2189; x_wconf 88' lang='grc' dir='ltr'>καὶ</span> <span class='ocrx_word' id='word_1_523' title='bbox 2558 2136 3003 2211; x_wconf 80' lang='grc' dir='ltr'>παρακαλοῦντος</span> <span class='ocrx_word' id='word_1_524' title='bbox 3059 2140 3192 2212; x_wconf 87' lang='grc' dir='ltr'>πρὸς</span> <span class='ocrx_word' id='word_1_525' title='bbox 3266 2137 3616 2209; x_wconf 77' lang='grc' dir='ltr'>εὐδοκίμησιν</span> <span class='ocrx_word' id='word_1_526' title='bbox 3674 2142 3735 2191; x_wconf 71' lang='grc' dir='ltr'>τὸ</span> 
     </span>
    </p>
   </div>
   <div class='ocr_carea' id='block_1_66' title="bbox 2096 2221 3735 2299">
    <p class='ocr_par' dir='ltr' id='par_1_66' title="bbox 2096 2221 3735 2299">
     <span class='ocr_line' id='line_1_68' title="bbox 2096 2221 3735 2299; baseline 0.002 -24"><span class='ocrx_word' id='word_1_527' title='bbox 2096 2221 2355 2290; x_wconf 77' lang='grc' dir='ltr'>ὑπήκοον.</span> <span class='ocrx_word' id='word_1_528' title='bbox 2390 2222 2466 2279; x_wconf 83' lang='grc' dir='ltr'>Οὐ</span> <span class='ocrx_word' id='word_1_529' title='bbox 2519 2224 2617 2298; x_wconf 75' lang='grc' dir='ltr'>γάρ</span> <span class='ocrx_word' id='word_1_530' title='bbox 2673 2224 2928 2299; x_wconf 74' lang='grc' dir='ltr'>βλακείας</span> <span class='ocrx_word' id='word_1_531' title='bbox 2960 2227 3145 2299; x_wconf 84' lang='grc' dir='ltr'>χάριν,</span> <span class='ocrx_word' id='word_1_532' title='bbox 3176 2226 3300 2280; x_wconf 84' lang='grc' dir='ltr'>ἀλλ’</span> <span class='ocrx_word' id='word_1_533' title='bbox 3334 2226 3597 2299; x_wconf 77' lang='grc' dir='ltr'>ἀριστείας</span> <span class='ocrx_word' id='word_1_534' title='bbox 3648 2226 3735 2279; x_wconf 75' lang='grc' dir='ltr'>καὶ</span> 
     </span>
    </p>
   </div>
   <div class='ocr_carea' id='block_1_67' title="bbox 2090 2308 3739 2388">
    <p class='ocr_par' dir='ltr' id='par_1_67' title="bbox 2090 2308 3739 2388">
     <span class='ocr_line' id='line_1_69' title="bbox 2090 2308 3739 2388; baseline 0.004 -27"><span class='ocrx_word' id='word_1_535' title='bbox 2090 2314 2183 2363; x_wconf 75' lang='grc' dir='ltr'>τοῦ</span> <span class='ocrx_word' id='word_1_536' title='bbox 2212 2308 2394 2371; x_wconf 82' lang='grc' dir='ltr'>καλῶς</span> <span class='ocrx_word' id='word_1_537' title='bbox 2428 2308 2645 2385; x_wconf 77' lang='grc' dir='ltr'>ἄγεσθαί</span> <span class='ocrx_word' id='word_1_538' title='bbox 2677 2334 2732 2366; x_wconf 85' lang='grc' dir='ltr'>τε</span> <span class='ocrx_word' id='word_1_539' title='bbox 2761 2314 2895 2386; x_wconf 88' lang='grc' dir='ltr'>πρὸς</span> <span class='ocrx_word' id='word_1_540' title='bbox 2931 2313 3131 2368; x_wconf 81' lang='grc' dir='ltr'>ἐκείνου</span> <span class='ocrx_word' id='word_1_541' title='bbox 3182 2314 3271 2367; x_wconf 79' lang='grc' dir='ltr'>καὶ</span> <span class='ocrx_word' id='word_1_542' title='bbox 3330 2310 3471 2388; x_wconf 73' lang='grc' dir='ltr'>ἄγειν</span> <span class='ocrx_word' id='word_1_543' title='bbox 3532 2312 3739 2375; x_wconf 78' lang='grc' dir='ltr'>ἄλλους</span> 
     </span>
    </p>
   </div>
   <div class='ocr_carea' id='block_1_68' title="bbox 2086 2396 3728 2476">
    <p class='ocr_par' dir='ltr' id='par_1_68' title="bbox 2086 2396 3728 2476">
     <span class='ocr_line' id='line_1_70' title="bbox 2086 2396 3728 2476; baseline 0.002 -26"><span class='ocrx_word' id='word_1_544' title='bbox 2086 2399 2182 2457; x_wconf 82' lang='grc' dir='ltr'>τας</span> <span class='ocrx_word' id='word_1_545' title='bbox 2246 2396 2528 2470; x_wconf 76' lang='grc' dir='ltr'>βασιλικάς</span> <span class='ocrx_word' id='word_1_546' title='bbox 2586 2399 2906 2476; x_wconf 72' lang='grc' dir='ltr'>φιλοτησίας</span> <span class='ocrx_word' id='word_1_547' title='bbox 2959 2396 3160 2475; x_wconf 77' lang='grc' dir='ltr'>ἔκρινεν</span> <span class='ocrx_word' id='word_1_548' title='bbox 3218 2398 3582 2471; x_wconf 82' lang='grc' dir='ltr'>διανέμεσθαι,</span> <span class='ocrx_word' id='word_1_549' title='bbox 3632 2408 3728 2461; x_wconf 80' lang='grc' dir='ltr'>Καέ</span> 
     </span>
    </p>
   </div>
   <div class='ocr_carea' id='block_1_69' title="bbox 2086 2480 3727 2562">
    <p class='ocr_par' dir='ltr' id='par_1_69' title="bbox 2086 2480 3727 2562">
     <span class='ocr_line' id='line_1_71' title="bbox 2086 2480 3727 2562; baseline 0.002 -24"><span class='ocrx_word' id='word_1_550' title='bbox 2086 2486 2146 2539; x_wconf 88' lang='grc' dir='ltr'>τὸ</span> <span class='ocrx_word' id='word_1_551' title='bbox 2179 2480 2407 2562; x_wconf 72' lang='grc' dir='ltr'>φοϐερὸν</span> <span class='ocrx_word' id='word_1_552' title='bbox 2433 2494 2660 2560; x_wconf 83' lang='grc' dir='ltr'>προσῆν,</span> <span class='ocrx_word' id='word_1_553' title='bbox 2695 2489 2767 2549; x_wconf 87' lang='grc' dir='ltr'>ὡς</span> <span class='ocrx_word' id='word_1_554' title='bbox 2802 2489 3034 2561; x_wconf 72' lang='grc' dir='ltr'>ἑτοίμων</span> <span class='ocrx_word' id='word_1_555' title='bbox 3064 2490 3150 2543; x_wconf 87' lang='grc' dir='ltr'>καὶ</span> <span class='ocrx_word' id='word_1_556' title='bbox 3182 2491 3273 2542; x_wconf 89' lang='grc' dir='ltr'>τὸν</span> <span class='ocrx_word' id='word_1_557' title='bbox 3324 2488 3509 2551; x_wconf 82' lang='grc' dir='ltr'>ἄλλως</span> <span class='ocrx_word' id='word_1_558' title='bbox 3558 2488 3592 2556; x_wconf 74' lang='grc' dir='ltr'>ἢ</span> <span class='ocrx_word' id='word_1_559' title='bbox 3654 2489 3727 2549; x_wconf 78' lang='grc' dir='ltr'>ὠς</span> 
     </span>
    </p>
   </div>
   <div class='ocr_carea' id='block_1_70' title="bbox 2085 2571 3738 2649">
    <p class='ocr_par' dir='ltr' id='par_1_70' title="bbox 2085 2571 3738 2649">
     <span class='ocr_line' id='line_1_72' title="bbox 2085 2571 3738 2649; baseline 0.001 -21"><span class='ocrx_word' id='word_1_560' title='bbox 2085 2571 2191 2628; x_wconf 75' lang='grc' dir='ltr'>ἔδει</span> <span class='ocrx_word' id='word_1_561' title='bbox 2222 2578 2480 2629; x_wconf 77' lang='grc' dir='ltr'>ποιοῦντα</span> <span class='ocrx_word' id='word_1_562' title='bbox 2522 2572 2845 2644; x_wconf 79' lang='grc' dir='ltr'>κολάζεσθαι</span> <span class='ocrx_word' id='word_1_563' title='bbox 2897 2575 2985 2631; x_wconf 86' lang='grc' dir='ltr'>καὶ</span> <span class='ocrx_word' id='word_1_564' title='bbox 3033 2577 3124 2631; x_wconf 89' lang='grc' dir='ltr'>τὸν</span> <span class='ocrx_word' id='word_1_565' title='bbox 3171 2578 3533 2649; x_wconf 75' lang='grc' dir='ltr'>κατορθοῦντα</span> <span class='ocrx_word' id='word_1_566' title='bbox 3588 2576 3738 2648; x_wconf 84' lang='grc' dir='ltr'>εὑερ-</span> 
     </span>
    </p>
   </div>
   <div class='ocr_carea' id='block_1_71' title="bbox 2088 2772 3716 2845">
    <p class='ocr_par' dir='ltr' id='par_1_71' title="bbox 2088 2772 3716 2845">
     <span class='ocr_line' id='line_1_73' title="bbox 2088 2772 3716 2845; baseline -0.001 -18"><span class='ocrx_word' id='word_1_567' title='bbox 2088 2772 2241 2827; x_wconf 87' lang='lat' dir='ltr'>dona</span> <span class='ocrx_word' id='word_1_568' title='bbox 2270 2772 2583 2829; x_wconf 83' lang='lat' dir='ltr'>videretur.</span> <span class='ocrx_word' id='word_1_569' title='bbox 2614 2776 2769 2830; x_wconf 89' lang='lat' dir='ltr'>Adeo</span> <span class='ocrx_word' id='word_1_570' title='bbox 2820 2792 2935 2830; x_wconf 91' lang='lat' dir='ltr'>non</span> <span class='ocrx_word' id='word_1_571' title='bbox 2984 2774 3329 2845; x_wconf 87' lang='lat' dir='ltr'>psallentes,</span> <span class='ocrx_word' id='word_1_572' title='bbox 3364 2792 3478 2830; x_wconf 91' lang='lat' dir='ltr'>non</span> <span class='ocrx_word' id='word_1_573' title='bbox 3508 2776 3716 2830; x_wconf 84' lang='lat' dir='ltr'>dantes</span> 
     </span>
    </p>
   </div>
   <div class='ocr_carea' id='block_1_72' title="bbox 2086 2862 3725 2935">
    <p class='ocr_par' dir='ltr' id='par_1_72' title="bbox 2086 2862 3725 2935">
     <span class='ocr_line' id='line_1_74' title="bbox 2086 2862 3725 2935; baseline 0.001 -20"><span class='ocrx_word' id='word_1_574' title='bbox 2086 2877 2322 2930; x_wconf 86' lang='lat' dir='ltr'>operam</span> <span class='ocrx_word' id='word_1_575' title='bbox 2383 2862 2747 2929; x_wconf 88' lang='lat' dir='ltr'>canentibus,</span> <span class='ocrx_word' id='word_1_576' title='bbox 2800 2863 3111 2919; x_wconf 87' lang='lat' dir='ltr'>indonatos</span> <span class='ocrx_word' id='word_1_577' title='bbox 3169 2862 3558 2935; x_wconf 83' lang='lat' dir='ltr'>relinquebat.</span> <span class='ocrx_word' id='word_1_578' title='bbox 3610 2864 3725 2918; x_wconf 91' lang='lat' dir='ltr'>Seu</span> 
     </span>
    </p>
   </div>
   <div class='ocr_carea' id='block_1_73' title="bbox 2084 2948 3717 3018">
    <p class='ocr_par' dir='ltr' id='par_1_73' title="bbox 2084 2948 3717 3018">
     <span class='ocr_line' id='line_1_75' title="bbox 2084 2948 3717 3018; baseline 0.002 -16"><span class='ocrx_word' id='word_1_579' title='bbox 2084 2948 2184 3018; x_wconf 90' lang='lat' dir='ltr'>qui</span> <span class='ocrx_word' id='word_1_580' title='bbox 2217 2948 2274 3002; x_wconf 92' lang='lat' dir='ltr'>in</span> <span class='ocrx_word' id='word_1_581' title='bbox 2330 2949 2732 3005; x_wconf 85' lang='lat' dir='ltr'>excubitorum</span> <span class='ocrx_word' id='word_1_582' title='bbox 2784 2951 3007 3018; x_wconf 91' lang='lat' dir='ltr'>ordine,</span> <span class='ocrx_word' id='word_1_583' title='bbox 3045 2967 3146 3006; x_wconf 90' lang='lat' dir='ltr'>seu</span> <span class='ocrx_word' id='word_1_584' title='bbox 3195 2952 3253 3005; x_wconf 94' lang='lat' dir='ltr'>in</span> <span class='ocrx_word' id='word_1_585' title='bbox 3307 2952 3627 3007; x_wconf 89' lang='lat' dir='ltr'>satellitum</span> <span class='ocrx_word' id='word_1_586' title='bbox 3660 2957 3717 3005; x_wconf 88' lang='lat' dir='ltr'>et</span> 
     </span>
    </p>
   </div>
   <div class='ocr_carea' id='block_1_74' title="bbox 2082 3036 3715 3111">
    <p class='ocr_par' dir='ltr' id='par_1_74' title="bbox 2082 3036 3715 3111">
     <span class='ocr_line' id='line_1_76' title="bbox 2082 3036 3715 3111; baseline 0.002 -21"><span class='ocrx_word' id='word_1_587' title='bbox 2082 3036 2339 3107; x_wconf 89' lang='lat' dir='ltr'>corporis</span> <span class='ocrx_word' id='word_1_588' title='bbox 2398 3039 2705 3093; x_wconf 80' lang='lat' dir='ltr'>custodum</span> <span class='ocrx_word' id='word_1_589' title='bbox 2778 3056 3040 3109; x_wconf 88' lang='lat' dir='ltr'>numero,</span> <span class='ocrx_word' id='word_1_590' title='bbox 3100 3056 3201 3094; x_wconf 92' lang='lat' dir='ltr'>seu</span> <span class='ocrx_word' id='word_1_591' title='bbox 3265 3040 3377 3094; x_wconf 90' lang='lat' dir='ltr'>alio</span> <span class='ocrx_word' id='word_1_592' title='bbox 3443 3040 3715 3111; x_wconf 87' lang='lat' dir='ltr'>quopiam</span> 
     </span>
    </p>
   </div>
   <div class='ocr_carea' id='block_1_75' title="bbox 2078 3124 3712 3199">
    <p class='ocr_par' dir='ltr' id='par_1_75' title="bbox 2078 3124 3712 3199">
     <span class='ocr_line' id='line_1_77' title="bbox 2078 3124 3712 3199; baseline 0.002 -21"><span class='ocrx_word' id='word_1_593' title='bbox 2078 3124 2264 3180; x_wconf 84' lang='lat' dir='ltr'>aulico</span> <span class='ocrx_word' id='word_1_594' title='bbox 2296 3125 2619 3182; x_wconf 89' lang='lat' dir='ltr'>ministerio</span> <span class='ocrx_word' id='word_1_595' title='bbox 2647 3126 2982 3199; x_wconf 86' lang='lat' dir='ltr'>imperatori</span> <span class='ocrx_word' id='word_1_596' title='bbox 3034 3132 3356 3199; x_wconf 91' lang='lat' dir='ltr'>appareret,</span> <span class='ocrx_word' id='word_1_597' title='bbox 3391 3127 3509 3182; x_wconf 87' lang='lat' dir='ltr'>sive</span> <span class='ocrx_word' id='word_1_598' title='bbox 3540 3129 3712 3183; x_wconf 89' lang='lat' dir='ltr'>etiam</span> 
     </span>
    </p>
   </div>
   <div class='ocr_carea' id='block_1_76' title="bbox 2077 3212 3696 3284">
    <p class='ocr_par' dir='ltr' id='par_1_76' title="bbox 2077 3212 3696 3284">
     <span class='ocr_line' id='line_1_78' title="bbox 2077 3212 3696 3284; baseline 0.002 -18"><span class='ocrx_word' id='word_1_599' title='bbox 2077 3212 2313 3268; x_wconf 88' lang='lat' dir='ltr'>aliunde</span> <span class='ocrx_word' id='word_1_600' title='bbox 2346 3213 2526 3283; x_wconf 90' lang='lat' dir='ltr'>aliqui</span> <span class='ocrx_word' id='word_1_601' title='bbox 2558 3232 2623 3270; x_wconf 92' lang='lat' dir='ltr'>eo</span> <span class='ocrx_word' id='word_1_602' title='bbox 2656 3216 2799 3269; x_wconf 85' lang='lat' dir='ltr'>forte</span> <span class='ocrx_word' id='word_1_603' title='bbox 2828 3217 3066 3271; x_wconf 88' lang='lat' dir='ltr'>veniens</span> <span class='ocrx_word' id='word_1_604' title='bbox 3095 3221 3237 3272; x_wconf 88' lang='lat' dir='ltr'>tunc</span> <span class='ocrx_word' id='word_1_605' title='bbox 3261 3224 3606 3284; x_wconf 86' lang='lat' dir='ltr'>occurreret,</span> <span class='ocrx_word' id='word_1_606' title='bbox 3641 3217 3696 3269; x_wconf 86' lang='lat' dir='ltr'>in</span> 
     </span>
    </p>
   </div>
   <div class='ocr_carea' id='block_1_77' title="bbox 2077 3303 3702 3372">
    <p class='ocr_par' dir='ltr' id='par_1_77' title="bbox 2077 3303 3702 3372">
     <span class='ocr_line' id='line_1_79' title="bbox 2077 3303 3702 3372; baseline 0.002 -18"><span class='ocrx_word' id='word_1_607' title='bbox 2077 3317 2278 3355; x_wconf 92' lang='lat' dir='ltr'>omnes</span> <span class='ocrx_word' id='word_1_608' title='bbox 2308 3317 2376 3356; x_wconf 87' lang='lat' dir='ltr'>ex</span> <span class='ocrx_word' id='word_1_609' title='bbox 2406 3318 2570 3372; x_wconf 65' lang='lat' dir='ltr'>aequo</span> <span class='ocrx_word' id='word_1_610' title='bbox 2602 3303 2817 3372; x_wconf 87' lang='lat' dir='ltr'>regiam</span> <span class='ocrx_word' id='word_1_611' title='bbox 2853 3305 3291 3359; x_wconf 84' lang='lat' dir='ltr'>beneficentiam</span> <span class='ocrx_word' id='word_1_612' title='bbox 3341 3306 3702 3359; x_wconf 73' lang='lat' dir='ltr'>extendebat.</span> 
     </span>
    </p>
   </div>
   <div class='ocr_carea' id='block_1_78' title="bbox 2077 3388 3699 3460">
    <p class='ocr_par' dir='ltr' id='par_1_78' title="bbox 2077 3388 3699 3460">
     <span class='ocr_line' id='line_1_80' title="bbox 2077 3388 3699 3460; baseline 0.002 -20"><span class='ocrx_word' id='word_1_613' title='bbox 2077 3388 2290 3443; x_wconf 88' lang='lat' dir='ltr'>milites</span> <span class='ocrx_word' id='word_1_614' title='bbox 2358 3392 2678 3460; x_wconf 69' lang='lat' dir='ltr'>praesertim</span> <span class='ocrx_word' id='word_1_615' title='bbox 2750 3394 2806 3445; x_wconf 91' lang='lat' dir='ltr'>et</span> <span class='ocrx_word' id='word_1_616' title='bbox 2848 3390 3171 3446; x_wconf 83' lang='lat' dir='ltr'>litterarum</span> <span class='ocrx_word' id='word_1_617' title='bbox 3231 3394 3541 3448; x_wconf 89' lang='lat' dir='ltr'>studiosos.</span> <span class='ocrx_word' id='word_1_618' title='bbox 3576 3393 3699 3446; x_wconf 76' lang='lat' dir='ltr'>Non</span> 
     </span>
    </p>
   </div>
   <div class='ocr_carea' id='block_1_79' title="bbox 2076 3477 3701 3551">
    <p class='ocr_par' dir='ltr' id='par_1_79' title="bbox 2076 3477 3701 3551">
     <span class='ocr_line' id='line_1_81' title="bbox 2076 3477 3701 3551; baseline 0.001 -20"><span class='ocrx_word' id='word_1_619' title='bbox 2076 3477 2232 3531; x_wconf 91' lang='lat' dir='ltr'>enim</span> <span class='ocrx_word' id='word_1_620' title='bbox 2280 3493 2412 3544; x_wconf 86' lang='lat' dir='ltr'>nox,</span> <span class='ocrx_word' id='word_1_621' title='bbox 2454 3496 2568 3533; x_wconf 91' lang='lat' dir='ltr'>non</span> <span class='ocrx_word' id='word_1_622' title='bbox 2617 3479 2765 3544; x_wconf 90' lang='lat' dir='ltr'>dies,</span> <span class='ocrx_word' id='word_1_623' title='bbox 2802 3496 2915 3532; x_wconf 90' lang='lat' dir='ltr'>non</span> <span class='ocrx_word' id='word_1_624' title='bbox 2975 3485 3210 3551; x_wconf 88' lang='lat' dir='ltr'>tempus</span> <span class='ocrx_word' id='word_1_625' title='bbox 3261 3486 3555 3543; x_wconf 74' lang='lat' dir='ltr'>mmstum,</span> <span class='ocrx_word' id='word_1_626' title='bbox 3589 3498 3701 3533; x_wconf 87' lang='lat' dir='ltr'>non</span> 
     </span>
    </p>
   </div>
   <div class='ocr_carea' id='block_1_80' title="bbox 2076 3564 3704 3641">
    <p class='ocr_par' dir='ltr' id='par_1_80' title="bbox 2076 3564 3704 3641">
     <span class='ocr_line' id='line_1_82' title="bbox 2076 3564 3704 3641; baseline 0.001 -22"><span class='ocrx_word' id='word_1_627' title='bbox 2076 3566 2220 3620; x_wconf 90' lang='lat' dir='ltr'>hora</span> <span class='ocrx_word' id='word_1_628' title='bbox 2250 3564 2451 3631; x_wconf 76' lang='lat' dir='ltr'>laetior,</span> <span class='ocrx_word' id='word_1_629' title='bbox 2487 3585 2599 3622; x_wconf 94' lang='lat' dir='ltr'>non</span> <span class='ocrx_word' id='word_1_630' title='bbox 2650 3568 2842 3623; x_wconf 90' lang='lat' dir='ltr'>oriens</span> <span class='ocrx_word' id='word_1_631' title='bbox 2890 3568 2977 3623; x_wconf 85' lang='lat' dir='ltr'>sol</span> <span class='ocrx_word' id='word_1_632' title='bbox 3028 3586 3141 3623; x_wconf 80' lang='lat' dir='ltr'>non</span> <span class='ocrx_word' id='word_1_633' title='bbox 3193 3572 3465 3625; x_wconf 88' lang='lat' dir='ltr'>occidens</span> <span class='ocrx_word' id='word_1_634' title='bbox 3518 3570 3704 3641; x_wconf 92' lang='lat' dir='ltr'>ipsum</span> 
     </span>
    </p>
   </div>
   <div class='ocr_carea' id='block_1_81' title="bbox 2074 3656 3708 3728">
    <p class='ocr_par' dir='ltr' id='par_1_81' title="bbox 2074 3656 3708 3728">
     <span class='ocr_line' id='line_1_83' title="bbox 2074 3656 3708 3728; baseline 0.001 -22"><span class='ocrx_word' id='word_1_635' title='bbox 2074 3658 2374 3708; x_wconf 89' lang='lat' dir='ltr'>vacantem</span> <span class='ocrx_word' id='word_1_636' title='bbox 2422 3672 2455 3708; x_wconf 88' lang='lat' dir='ltr'>a</span> <span class='ocrx_word' id='word_1_637' title='bbox 2504 3656 2901 3711; x_wconf 82' lang='lat' dir='ltr'>beneflciendo</span> <span class='ocrx_word' id='word_1_638' title='bbox 2935 3657 3231 3728; x_wconf 88' lang='lat' dir='ltr'>reperiret.</span> <span class='ocrx_word' id='word_1_639' title='bbox 3280 3658 3516 3712; x_wconf 83' lang='lat' dir='ltr'>Videres</span> <span class='ocrx_word' id='word_1_640' title='bbox 3549 3659 3708 3711; x_wconf 85' lang='lat' dir='ltr'>audi-</span> 
     </span>
    </p>
   </div>
   <div class='ocr_carea' id='block_1_82' title="bbox 2076 3741 3707 3816">
    <p class='ocr_par' dir='ltr' id='par_1_82' title="bbox 2076 3741 3707 3816">
     <span class='ocr_line' id='line_1_84' title="bbox 2076 3741 3707 3816; baseline 0.002 -20"><span class='ocrx_word' id='word_1_641' title='bbox 2076 3758 2284 3813; x_wconf 90' lang='lat' dir='ltr'>resque</span> <span class='ocrx_word' id='word_1_642' title='bbox 2318 3741 2469 3797; x_wconf 87' lang='lat' dir='ltr'>circa</span> <span class='ocrx_word' id='word_1_643' title='bbox 2490 3759 2621 3797; x_wconf 91' lang='lat' dir='ltr'>eum</span> <span class='ocrx_word' id='word_1_644' title='bbox 2646 3747 3097 3816; x_wconf 80' lang='lat' dir='ltr'>semperautqui</span> <span class='ocrx_word' id='word_1_645' title='bbox 3123 3762 3339 3799; x_wconf 83' lang='lat' dir='ltr'>munus</span> <span class='ocrx_word' id='word_1_646' title='bbox 3359 3747 3707 3816; x_wconf 84' lang='lat' dir='ltr'>acciperent,</span> 
     </span>
    </p>
   </div>
   <div class='ocr_carea' id='block_1_83' title="bbox 2075 3830 3708 3903">
    <p class='ocr_par' dir='ltr' id='par_1_83' title="bbox 2075 3830 3708 3903">
     <span class='ocr_line' id='line_1_85' title="bbox 2075 3830 3708 3903; baseline 0 -18"><span class='ocrx_word' id='word_1_647' title='bbox 2075 3836 2177 3885; x_wconf 88' lang='lat' dir='ltr'>aut</span> <span class='ocrx_word' id='word_1_648' title='bbox 2205 3830 2302 3901; x_wconf 91' lang='lat' dir='ltr'>qui</span> <span class='ocrx_word' id='word_1_649' title='bbox 2335 3837 2567 3901; x_wconf 89' lang='lat' dir='ltr'>accepto</span> <span class='ocrx_word' id='word_1_650' title='bbox 2612 3832 2967 3900; x_wconf 88' lang='lat' dir='ltr'>recederent,</span> <span class='ocrx_word' id='word_1_651' title='bbox 2998 3834 3097 3902; x_wconf 89' lang='lat' dir='ltr'>qui</span> <span class='ocrx_word' id='word_1_652' title='bbox 3132 3850 3243 3888; x_wconf 90' lang='lat' dir='ltr'>non</span> <span class='ocrx_word' id='word_1_653' title='bbox 3298 3833 3509 3888; x_wconf 81' lang='lat' dir='ltr'>frustra</span> <span class='ocrx_word' id='word_1_654' title='bbox 3560 3837 3708 3903; x_wconf 71' lang='lat' dir='ltr'>petr-</span> 
     </span>
    </p>
   </div>
   <div class='ocr_carea' id='block_1_84' title="bbox 2075 3919 3706 3991">
    <p class='ocr_par' dir='ltr' id='par_1_84' title="bbox 2075 3919 3706 3991">
     <span class='ocr_line' id='line_1_86' title="bbox 2075 3919 3706 3991; baseline 0.001 -19"><span class='ocrx_word' id='word_1_655' title='bbox 2075 3924 2225 3985; x_wconf 83' lang='lat' dir='ltr'>rent,</span> <span class='ocrx_word' id='word_1_656' title='bbox 2258 3920 2356 3990; x_wconf 91' lang='lat' dir='ltr'>qui</span> <span class='ocrx_word' id='word_1_657' title='bbox 2410 3920 2564 3974; x_wconf 90' lang='lat' dir='ltr'>nacti</span> <span class='ocrx_word' id='word_1_658' title='bbox 2599 3921 2752 3991; x_wconf 87' lang='lat' dir='ltr'>quod</span> <span class='ocrx_word' id='word_1_659' title='bbox 2814 3919 3116 3975; x_wconf 89' lang='lat' dir='ltr'>voluerant</span> <span class='ocrx_word' id='word_1_660' title='bbox 3172 3922 3391 3991; x_wconf 89' lang='lat' dir='ltr'>gratias</span> <span class='ocrx_word' id='word_1_661' title='bbox 3448 3926 3706 3991; x_wconf 85' lang='lat' dir='ltr'>agerent.</span> 
     </span>
    </p>
   </div>
   <div class='ocr_carea' id='block_1_85' title="bbox 2072 4006 3711 4078">
    <p class='ocr_par' dir='ltr' id='par_1_85' title="bbox 2072 4006 3711 4078">
     <span class='ocr_line' id='line_1_87' title="bbox 2072 4006 3711 4078; baseline -0.001 -17"><span class='ocrx_word' id='word_1_662' title='bbox 2072 4009 2261 4076; x_wconf 87' lang='lat' dir='ltr'>Atque</span> <span class='ocrx_word' id='word_1_663' title='bbox 2293 4008 2385 4061; x_wconf 88' lang='lat' dir='ltr'>hic</span> <span class='ocrx_word' id='word_1_664' title='bbox 2422 4012 2609 4063; x_wconf 90' lang='lat' dir='ltr'>tamen</span> <span class='ocrx_word' id='word_1_665' title='bbox 2642 4006 2775 4061; x_wconf 89' lang='lat' dir='ltr'>talis</span> <span class='ocrx_word' id='word_1_666' title='bbox 2807 4023 2941 4062; x_wconf 90' lang='lat' dir='ltr'>cum</span> <span class='ocrx_word' id='word_1_667' title='bbox 2972 4011 3125 4063; x_wconf 92' lang='lat' dir='ltr'>esset</span> <span class='ocrx_word' id='word_1_668' title='bbox 3150 4007 3486 4078; x_wconf 88' lang='lat' dir='ltr'>imperator,</span> <span class='ocrx_word' id='word_1_669' title='bbox 3521 4010 3711 4078; x_wconf 83' lang='lat' dir='ltr'>gravis</span> 
     </span>
    </p>
   </div>
   <div class='ocr_carea' id='block_1_86' title="bbox 2073 4095 3709 4165">
    <p class='ocr_par' dir='ltr' id='par_1_86' title="bbox 2073 4095 3709 4165">
     <span class='ocr_line' id='line_1_88' title="bbox 2073 4095 3709 4165; baseline 0 -17"><span class='ocrx_word' id='word_1_670' title='bbox 2073 4099 2197 4149; x_wconf 89' lang='lat' dir='ltr'>erat</span> <span class='ocrx_word' id='word_1_671' title='bbox 2228 4095 2587 4165; x_wconf 90' lang='lat' dir='ltr'>primoribus</span> <span class='ocrx_word' id='word_1_672' title='bbox 2617 4111 2946 4165; x_wconf 90' lang='lat' dir='ltr'>procerum,</span> <span class='ocrx_word' id='word_1_673' title='bbox 2976 4096 3193 4149; x_wconf 90' lang='lat' dir='ltr'>idcirco</span> <span class='ocrx_word' id='word_1_674' title='bbox 3227 4096 3337 4165; x_wconf 94' lang='lat' dir='ltr'>qod</span> <span class='ocrx_word' id='word_1_675' title='bbox 3370 4096 3427 4148; x_wconf 91' lang='lat' dir='ltr'>in</span> <span class='ocrx_word' id='word_1_676' title='bbox 3463 4097 3709 4150; x_wconf 89' lang='lat' dir='ltr'>deman-</span> 
     </span>
    </p>
   </div>
   <div class='ocr_carea' id='block_1_87' title="bbox 2073 4183 3710 4254">
    <p class='ocr_par' dir='ltr' id='par_1_87' title="bbox 2073 4183 3710 4254">
     <span class='ocr_line' id='line_1_89' title="bbox 2073 4183 3710 4254; baseline -0.001 -17"><span class='ocrx_word' id='word_1_677' title='bbox 2073 4184 2282 4237; x_wconf 89' lang='lat' dir='ltr'>dandis</span> <span class='ocrx_word' id='word_1_678' title='bbox 2310 4183 2663 4252; x_wconf 65' lang='lat' dir='ltr'>praefecturis</span> <span class='ocrx_word' id='word_1_679' title='bbox 2695 4200 2809 4238; x_wconf 92' lang='lat' dir='ltr'>non</span> <span class='ocrx_word' id='word_1_680' title='bbox 2834 4184 3063 4254; x_wconf 87' lang='lat' dir='ltr'>patricii</span> <span class='ocrx_word' id='word_1_681' title='bbox 3086 4184 3314 4253; x_wconf 88' lang='lat' dir='ltr'>generis</span> <span class='ocrx_word' id='word_1_682' title='bbox 3338 4191 3436 4238; x_wconf 89' lang='lat' dir='ltr'>aut</span> <span class='ocrx_word' id='word_1_683' title='bbox 3459 4184 3710 4238; x_wconf 89' lang='lat' dir='ltr'>necessi-</span> 
     </span>
    </p>
   </div>
   <div class='ocr_carea' id='block_1_88' title="bbox 2072 4271 3701 4343">
    <p class='ocr_par' dir='ltr' id='par_1_88' title="bbox 2072 4271 3701 4343">
     <span class='ocr_line' id='line_1_90' title="bbox 2072 4271 3701 4343; baseline 0 -18"><span class='ocrx_word' id='word_1_684' title='bbox 2072 4271 2293 4325; x_wconf 87' lang='lat' dir='ltr'>tudinis</span> <span class='ocrx_word' id='word_1_685' title='bbox 2316 4286 2450 4325; x_wconf 92' lang='lat' dir='ltr'>cum</span> <span class='ocrx_word' id='word_1_686' title='bbox 2474 4271 2780 4343; x_wconf 92' lang='lat' dir='ltr'>principali</span> <span class='ocrx_word' id='word_1_687' title='bbox 2803 4274 2975 4328; x_wconf 93' lang='lat' dir='ltr'>domo</span> <span class='ocrx_word' id='word_1_688' title='bbox 2999 4272 3283 4327; x_wconf 89' lang='lat' dir='ltr'>rationem</span> <span class='ocrx_word' id='word_1_689' title='bbox 3308 4272 3580 4337; x_wconf 86' lang='lat' dir='ltr'>haberet;</span> <span class='ocrx_word' id='word_1_690' title='bbox 3608 4274 3701 4325; x_wconf 85' lang='lat' dir='ltr'>sed</span> 
     </span>
    </p>
   </div>
   <div class='ocr_carea' id='block_1_89' title="bbox 2073 4360 3709 4431">
    <p class='ocr_par' dir='ltr' id='par_1_89' title="bbox 2073 4360 3709 4431">
     <span class='ocr_line' id='line_1_91' title="bbox 2073 4360 3709 4431; baseline 0.001 -18"><span class='ocrx_word' id='word_1_691' title='bbox 2073 4375 2365 4430; x_wconf 89' lang='lat' dir='ltr'>quemque</span> <span class='ocrx_word' id='word_1_692' title='bbox 2393 4360 2610 4414; x_wconf 91' lang='lat' dir='ltr'>viritim</span> <span class='ocrx_word' id='word_1_693' title='bbox 2657 4376 2725 4414; x_wconf 81' lang='lat' dir='ltr'>ex</span> <span class='ocrx_word' id='word_1_694' title='bbox 2774 4361 3006 4431; x_wconf 90' lang='lat' dir='ltr'>propria</span> <span class='ocrx_word' id='word_1_695' title='bbox 3056 4360 3393 4430; x_wconf 71' lang='lat' dir='ltr'>prmstantia</span> <span class='ocrx_word' id='word_1_696' title='bbox 3442 4360 3709 4429; x_wconf 88' lang='lat' dir='ltr'>verisque</span> 
     </span>
    </p>
   </div>
   <div class='ocr_carea' id='block_1_90' title="bbox 331 4434 3707 4518">
    <p class='ocr_par' dir='ltr' id='par_1_90' title="bbox 331 4434 3707 4518">
     <span class='ocr_line' id='line_1_92' title="bbox 331 4434 3707 4518; baseline -0.001 -13"><span class='ocrx_word' id='word_1_697' title='bbox 331 4434 488 4491; x_wconf 67' lang='grc' dir='ltr'>ῖίοηθ</span> <span class='ocrx_word' id='word_1_698' title='bbox 526 4453 699 4506; x_wconf 57' lang='lat' dir='ltr'>quam</span> <span class='ocrx_word' id='word_1_699' title='bbox 751 4437 943 4492; x_wconf 73' lang='grc' dir='ltr'>ίηάοῙθ</span> <span class='ocrx_word' id='word_1_700' title='bbox 989 4455 1262 4509; x_wconf 68' lang='lat' dir='ltr'>magnam</span> <span class='ocrx_word' id='word_1_701' title='bbox 1320 4438 1613 4509; x_wconf 65' lang='lat' dir='ltr'>eleganter</span> <span class='ocrx_word' id='word_1_702' title='bbox 1668 4437 1959 4493; x_wconf 65' lang='lat' dir='ltr'>Scribeﬂdi</span> <span class='ocrx_word' id='word_1_703' title='bbox 1995 4439 2041 4499; x_wconf 89' lang='lat' dir='ltr'><strong>D</strong></span> <span class='ocrx_word' id='word_1_704' title='bbox 2074 4446 2311 4502; x_wconf 88' lang='lat' dir='ltr'>dotibus</span> <span class='ocrx_word' id='word_1_705' title='bbox 2333 4446 2651 4516; x_wconf 69' lang='lat' dir='ltr'>estimans,</span> <span class='ocrx_word' id='word_1_706' title='bbox 2673 4448 3015 4503; x_wconf 89' lang='lat' dir='ltr'>admovebat</span> <span class='ocrx_word' id='word_1_707' title='bbox 3040 4449 3121 4502; x_wconf 91' lang='lat' dir='ltr'>rei</span> <span class='ocrx_word' id='word_1_708' title='bbox 3142 4448 3408 4518; x_wconf 65' lang='lat' dir='ltr'>gerendae</span> <span class='ocrx_word' id='word_1_709' title='bbox 3431 4448 3500 4501; x_wconf 92' lang='lat' dir='ltr'>ad</span> <span class='ocrx_word' id='word_1_710' title='bbox 3529 4464 3707 4517; x_wconf 88' lang='lat' dir='ltr'>quam</span> 
     </span>
    </p>
   </div>
   <div class='ocr_carea' id='block_1_91' title="bbox 332 4523 1962 4595">
    <p class='ocr_par' dir='ltr' id='par_1_91' title="bbox 332 4523 1962 4595">
     <span class='ocr_line' id='line_1_93' title="bbox 332 4523 1962 4595; baseline 0.001 -19"><span class='ocrx_word' id='word_1_711' title='bbox 332 4523 669 4579; x_wconf 86' lang='lat' dir='ltr'>facultatem</span> <span class='ocrx_word' id='word_1_712' title='bbox 702 4531 1031 4593; x_wconf 84' lang='lat' dir='ltr'>assecutus,</span> <span class='ocrx_word' id='word_1_713' title='bbox 1055 4531 1120 4580; x_wconf 94' lang='lat' dir='ltr'>ut</span> <span class='ocrx_word' id='word_1_714' title='bbox 1152 4527 1336 4581; x_wconf 85' lang='lat' dir='ltr'>multa</span> <span class='ocrx_word' id='word_1_715' title='bbox 1361 4527 1572 4582; x_wconf 88' lang='lat' dir='ltr'>diserte</span> <span class='ocrx_word' id='word_1_716' title='bbox 1593 4529 1962 4595; x_wconf 90' lang='lat' dir='ltr'>componeret</span> 
     </span>
    </p>
   </div>
   <div class='ocr_carea' id='block_1_92' title="bbox 331 4613 1959 4683">
    <p class='ocr_par' dir='ltr' id='par_1_92' title="bbox 331 4613 1959 4683">
     <span class='ocr_line' id='line_1_94' title="bbox 331 4613 1959 4683; baseline 0 -17"><span class='ocrx_word' id='word_1_717' title='bbox 331 4614 559 4683; x_wconf 90' lang='lat' dir='ltr'>quoties</span> <span class='ocrx_word' id='word_1_718' title='bbox 601 4614 748 4667; x_wconf 85' lang='lat' dir='ltr'>tanti</span> <span class='ocrx_word' id='word_1_719' title='bbox 792 4616 1027 4669; x_wconf 87' lang='lat' dir='ltr'>duceret</span> <span class='ocrx_word' id='word_1_720' title='bbox 1073 4615 1132 4669; x_wconf 89' lang='lat' dir='ltr'>in</span> <span class='ocrx_word' id='word_1_721' title='bbox 1182 4615 1238 4669; x_wconf 92' lang='lat' dir='ltr'>id</span> <span class='ocrx_word' id='word_1_722' title='bbox 1290 4616 1626 4670; x_wconf 90' lang='lat' dir='ltr'>incumbere</span> <span class='ocrx_word' id='word_1_723' title='bbox 1672 4616 1847 4683; x_wconf 86' lang='lat' dir='ltr'>Cujus</span> <span class='ocrx_word' id='word_1_724' title='bbox 1880 4613 1959 4667; x_wconf 88' lang='lat' dir='ltr'>rei</span> 
     </span>
    </p>
   </div>
   <div class='ocr_carea' id='block_1_93' title="bbox 329 4700 1962 4771">
    <p class='ocr_par' dir='ltr' id='par_1_93' title="bbox 329 4700 1962 4771">
     <span class='ocr_line' id='line_1_95' title="bbox 329 4700 1962 4771; baseline 0.001 -18"><span class='ocrx_word' id='word_1_725' title='bbox 329 4701 751 4755; x_wconf 90' lang='lat' dir='ltr'>documentum</span> <span class='ocrx_word' id='word_1_726' title='bbox 784 4700 994 4771; x_wconf 89' lang='lat' dir='ltr'>(multa</span> <span class='ocrx_word' id='word_1_727' title='bbox 1024 4702 1242 4757; x_wconf 81' lang='lat' dir='ltr'>similia</span> <span class='ocrx_word' id='word_1_728' title='bbox 1272 4702 1794 4757; x_wconf 75' lang='lat' dir='ltr'>reticensl&#39;unicum</span> <span class='ocrx_word' id='word_1_729' title='bbox 1832 4718 1962 4771; x_wconf 89' lang='lat' dir='ltr'>pro-</span> 
     </span>
    </p>
   </div>
   <div class='ocr_carea' id='block_1_94' title="bbox 328 4788 1963 4861">
    <p class='ocr_par' dir='ltr' id='par_1_94' title="bbox 328 4788 1963 4861">
     <span class='ocr_line' id='line_1_96' title="bbox 328 4788 1963 4861; baseline 0.001 -20"><span class='ocrx_word' id='word_1_730' title='bbox 328 4788 539 4852; x_wconf 85' lang='lat' dir='ltr'>feram,</span> <span class='ocrx_word' id='word_1_731' title='bbox 598 4789 694 4843; x_wconf 88' lang='lat' dir='ltr'>ubi</span> <span class='ocrx_word' id='word_1_732' title='bbox 756 4789 1076 4845; x_wconf 89' lang='lat' dir='ltr'>solemnius</span> <span class='ocrx_word' id='word_1_733' title='bbox 1129 4791 1315 4845; x_wconf 89' lang='lat' dir='ltr'>sancti</span> <span class='ocrx_word' id='word_1_734' title='bbox 1364 4790 1692 4861; x_wconf 89' lang='lat' dir='ltr'>cujuspiam</span> <span class='ocrx_word' id='word_1_735' title='bbox 1751 4790 1963 4843; x_wconf 85' lang='lat' dir='ltr'>festum</span> 
     </span>
    </p>
   </div>
   <div class='ocr_carea' id='block_1_95' title="bbox 329 4875 1960 4948">
    <p class='ocr_par' dir='ltr' id='par_1_95' title="bbox 329 4875 1960 4948">
     <span class='ocr_line' id='line_1_97' title="bbox 329 4875 1960 4948; baseline 0.001 -18"><span class='ocrx_word' id='word_1_736' title='bbox 329 4875 602 4931; x_wconf 69' lang='lat' dir='ltr'>illuxerat</span> <span class='ocrx_word' id='word_1_737' title='bbox 648 4895 762 4932; x_wconf 90' lang='lat' dir='ltr'>non</span> <span class='ocrx_word' id='word_1_738' title='bbox 822 4878 935 4934; x_wconf 90' lang='lat' dir='ltr'>alia</span> <span class='ocrx_word' id='word_1_739' title='bbox 991 4879 1253 4933; x_wconf 85' lang='lat' dir='ltr'>adhibita</span> <span class='ocrx_word' id='word_1_740' title='bbox 1311 4879 1725 4948; x_wconf 71' lang='lat' dir='ltr'>praeparatione</span> <span class='ocrx_word' id='word_1_741' title='bbox 1784 4895 1960 4947; x_wconf 88' lang='lat' dir='ltr'>quam</span> 
     </span>
    </p>
   </div>
   <div class='ocr_carea' id='block_1_96' title="bbox 327 4965 1960 5039">
    <p class='ocr_par' dir='ltr' id='par_1_96' title="bbox 327 4965 1960 5039">
     <span class='ocr_line' id='line_1_98' title="bbox 327 4965 1960 5039; baseline 0.001 -21"><span class='ocrx_word' id='word_1_742' title='bbox 327 4965 663 5020; x_wconf 89' lang='lat' dir='ltr'>avocatione</span> <span class='ocrx_word' id='word_1_743' title='bbox 696 4967 909 5021; x_wconf 92' lang='lat' dir='ltr'>mentis</span> <span class='ocrx_word' id='word_1_744' title='bbox 940 4982 972 5022; x_wconf 91' lang='lat' dir='ltr'>a</span> <span class='ocrx_word' id='word_1_745' title='bbox 994 4968 1261 5039; x_wconf 88' lang='lat' dir='ltr'>negotiis,</span> <span class='ocrx_word' id='word_1_746' title='bbox 1281 4983 1397 5021; x_wconf 93' lang='lat' dir='ltr'>uno</span> <span class='ocrx_word' id='word_1_747' title='bbox 1426 4968 1595 5020; x_wconf 93' lang='lat' dir='ltr'>modo</span> <span class='ocrx_word' id='word_1_748' title='bbox 1619 4966 1960 5021; x_wconf 89' lang='lat' dir='ltr'>clericorum</span> 
     </span>
    </p>
   </div>
   <div class='ocr_carea' id='block_1_97' title="bbox 328 5053 1956 5126">
    <p class='ocr_par' dir='ltr' id='par_1_97' title="bbox 328 5053 1956 5126">
     <span class='ocr_line' id='line_1_99' title="bbox 328 5053 1956 5126; baseline 0.002 -20"><span class='ocrx_word' id='word_1_749' title='bbox 328 5053 593 5108; x_wconf 86' lang='lat' dir='ltr'>sedatius</span> <span class='ocrx_word' id='word_1_750' title='bbox 658 5055 1106 5125; x_wconf 86' lang='lat' dir='ltr'>distinctiusque</span> <span class='ocrx_word' id='word_1_751' title='bbox 1174 5056 1587 5126; x_wconf 90' lang='lat' dir='ltr'>pronuntiante</span> <span class='ocrx_word' id='word_1_752' title='bbox 1663 5056 1956 5109; x_wconf 81' lang='lat' dir='ltr'>senarium</span> 
     </span>
    </p>
   </div>
   <div class='ocr_carea' id='block_1_98' title="bbox 328 5140 1961 5214">
    <p class='ocr_par' dir='ltr' id='par_1_98' title="bbox 328 5140 1961 5214">
     <span class='ocr_line' id='line_1_100' title="bbox 328 5140 1961 5214; baseline 0.002 -20"><span class='ocrx_word' id='word_1_753' title='bbox 328 5140 691 5211; x_wconf 86' lang='lat' dir='ltr'>psalmorum</span> <span class='ocrx_word' id='word_1_754' title='bbox 755 5144 854 5213; x_wconf 90' lang='lat' dir='ltr'>qui</span> <span class='ocrx_word' id='word_1_755' title='bbox 900 5144 1155 5214; x_wconf 91' lang='lat' dir='ltr'>premitti</span> <span class='ocrx_word' id='word_1_756' title='bbox 1205 5149 1627 5199; x_wconf 89' lang='lat' dir='ltr'>consueverunt</span> <span class='ocrx_word' id='word_1_757' title='bbox 1676 5145 1961 5198; x_wconf 87' lang='lat' dir='ltr'>matutino</span> 
     </span>
    </p>
   </div>
   <div class='ocr_carea' id='block_1_99' title="bbox 330 5230 1960 5303">
    <p class='ocr_par' dir='ltr' id='par_1_99' title="bbox 330 5230 1960 5303">
     <span class='ocr_line' id='line_1_101' title="bbox 330 5230 1960 5303; baseline 0.002 -20"><span class='ocrx_word' id='word_1_758' title='bbox 330 5231 549 5296; x_wconf 88' lang='lat' dir='ltr'>cantui,</span> <span class='ocrx_word' id='word_1_759' title='bbox 593 5230 846 5302; x_wconf 87' lang='lat' dir='ltr'>elogium</span> <span class='ocrx_word' id='word_1_760' title='bbox 897 5232 1071 5297; x_wconf 87' lang='lat' dir='ltr'>beati,</span> <span class='ocrx_word' id='word_1_761' title='bbox 1107 5235 1257 5303; x_wconf 89' lang='lat' dir='ltr'>quod</span> <span class='ocrx_word' id='word_1_762' title='bbox 1306 5237 1515 5288; x_wconf 88' lang='lat' dir='ltr'>vocant</span> <span class='ocrx_word' id='word_1_763' title='bbox 1561 5248 1864 5296; x_wconf 88' lang='lat' dir='ltr'>canonem,</span> <span class='ocrx_word' id='word_1_764' title='bbox 1897 5250 1960 5286; x_wconf 84' lang='lat' dir='ltr'>ex</span> 
     </span>
    </p>
   </div>
   <div class='ocr_carea' id='block_1_100' title="bbox 326 5320 1958 5390">
    <p class='ocr_par' dir='ltr' id='par_1_100' title="bbox 326 5320 1958 5390">
     <span class='ocr_line' id='line_1_102' title="bbox 326 5320 1958 5390; baseline 0.004 -20"><span class='ocrx_word' id='word_1_765' title='bbox 326 5320 590 5387; x_wconf 89' lang='lat' dir='ltr'>tempore</span> <span class='ocrx_word' id='word_1_766' title='bbox 621 5320 931 5389; x_wconf 86' lang='lat' dir='ltr'>pangebat,</span> <span class='ocrx_word' id='word_1_767' title='bbox 962 5324 1057 5377; x_wconf 78' lang='lat'>37</span> <span class='ocrx_word' id='word_1_768' title='bbox 1094 5321 1143 5375; x_wconf 93' lang='lat' dir='ltr'>ei</span> <span class='ocrx_word' id='word_1_769' title='bbox 1178 5321 1346 5390; x_wconf 87' lang='lat' dir='ltr'>cujus</span> <span class='ocrx_word' id='word_1_770' title='bbox 1395 5322 1675 5375; x_wconf 90' lang='lat' dir='ltr'>memoria</span> <span class='ocrx_word' id='word_1_771' title='bbox 1706 5322 1958 5376; x_wconf 87' lang='lat' dir='ltr'>celebra-</span> 
     </span>
    </p>
   </div>
   <div class='ocr_carea' id='block_1_101' title="bbox 328 5405 1959 5478">
    <p class='ocr_par' dir='ltr' id='par_1_101' title="bbox 328 5405 1959 5478">
     <span class='ocr_line' id='line_1_103' title="bbox 328 5405 1959 5478; baseline 0.004 -20"><span class='ocrx_word' id='word_1_772' title='bbox 328 5406 501 5460; x_wconf 88' lang='lat' dir='ltr'>batur</span> <span class='ocrx_word' id='word_1_773' title='bbox 522 5405 725 5463; x_wconf 87' lang='lat' dir='ltr'>laudes</span> <span class='ocrx_word' id='word_1_774' title='bbox 752 5425 923 5478; x_wconf 91' lang='lat' dir='ltr'>quam</span> <span class='ocrx_word' id='word_1_775' title='bbox 946 5410 1252 5466; x_wconf 89' lang='lat' dir='ltr'>scitissime</span> <span class='ocrx_word' id='word_1_776' title='bbox 1267 5415 1575 5465; x_wconf 84' lang='lat' dir='ltr'>contexens</span> <span class='ocrx_word' id='word_1_777' title='bbox 1588 5411 1856 5466; x_wconf 83' lang='lat' dir='ltr'>ornatissi</span> <span class='ocrx_word' id='word_1_778' title='bbox 1870 5428 1959 5465; x_wconf 87' lang='lat' dir='ltr'>mo</span> 
     </span>
    </p>
   </div>
   <div class='ocr_carea' id='block_1_102' title="bbox 330 5496 1961 5571">
    <p class='ocr_par' dir='ltr' id='par_1_102' title="bbox 330 5496 1961 5571">
     <span class='ocr_line' id='line_1_104' title="bbox 330 5496 1961 5571; baseline 0.005 -23"><span class='ocrx_word' id='word_1_779' title='bbox 330 5496 616 5566; x_wconf 65' lang='lat' dir='ltr'>preconio</span> <span class='ocrx_word' id='word_1_780' title='bbox 643 5516 655 5563; x_wconf 89' lang='lat'><strong>;</strong></span> <span class='ocrx_word' id='word_1_781' title='bbox 692 5499 844 5567; x_wconf 92' lang='lat' dir='ltr'>quod</span> <span class='ocrx_word' id='word_1_782' title='bbox 878 5504 995 5553; x_wconf 86' lang='lat' dir='ltr'>tam</span> <span class='ocrx_word' id='word_1_783' title='bbox 1030 5498 1254 5553; x_wconf 88' lang='lat' dir='ltr'>liberali</span> <span class='ocrx_word' id='word_1_784' title='bbox 1285 5500 1593 5571; x_wconf 89' lang='lat' dir='ltr'>largitione</span> <span class='ocrx_word' id='word_1_785' title='bbox 1624 5502 1961 5557; x_wconf 83' lang='lat' dir='ltr'>cumulabat</span> 
     </span>
    </p>
   </div>
   <div class='ocr_carea' id='block_1_103' title="bbox 331 5586 1957 5661">
    <p class='ocr_par' dir='ltr' id='par_1_103' title="bbox 331 5586 1957 5661">
     <span class='ocr_line' id='line_1_105' title="bbox 331 5586 1957 5661; baseline 0.007 -25"><span class='ocrx_word' id='word_1_786' title='bbox 331 5588 395 5636; x_wconf 89' lang='lat' dir='ltr'>ut</span> <span class='ocrx_word' id='word_1_787' title='bbox 426 5600 698 5655; x_wconf 81' lang='lat' dir='ltr'>spargere</span> <span class='ocrx_word' id='word_1_788' title='bbox 730 5586 947 5656; x_wconf 84' lang='lat' dir='ltr'>passim</span> <span class='ocrx_word' id='word_1_789' title='bbox 1010 5588 1066 5641; x_wconf 89' lang='lat' dir='ltr'>in</span> <span class='ocrx_word' id='word_1_790' title='bbox 1110 5592 1343 5658; x_wconf 79' lang='lat' dir='ltr'>quosvis</span> <span class='ocrx_word' id='word_1_791' title='bbox 1380 5606 1444 5643; x_wconf 91' lang='lat' dir='ltr'>ac</span> <span class='ocrx_word' id='word_1_792' title='bbox 1480 5606 1622 5659; x_wconf 90' lang='lat' dir='ltr'>pene</span> <span class='ocrx_word' id='word_1_793' title='bbox 1682 5592 1957 5661; x_wconf 75' lang='lat' dir='ltr'>projicere</span> 
     </span>
    </p>
   </div>
   <div class='ocr_carea' id='block_1_104' title="bbox 2073 4535 3705 4606">
    <p class='ocr_par' dir='ltr' id='par_1_104' title="bbox 2073 4535 3705 4606">
     <span class='ocr_line' id='line_1_106' title="bbox 2073 4535 3705 4606; baseline -0.001 -15"><span class='ocrx_word' id='word_1_794' title='bbox 2073 4541 2243 4606; x_wconf 88' lang='lat' dir='ltr'>aptus</span> <span class='ocrx_word' id='word_1_795' title='bbox 2274 4541 2417 4601; x_wconf 89' lang='lat' dir='ltr'>erat,</span> <span class='ocrx_word' id='word_1_796' title='bbox 2442 4552 2506 4590; x_wconf 88' lang='lat' dir='ltr'>ac</span> <span class='ocrx_word' id='word_1_797' title='bbox 2537 4536 2762 4589; x_wconf 86' lang='lat' dir='ltr'>meritis</span> <span class='ocrx_word' id='word_1_798' title='bbox 2786 4536 3171 4605; x_wconf 78' lang='lat' dir='ltr'>dignitatibus</span> <span class='ocrx_word' id='word_1_799' title='bbox 3194 4536 3457 4590; x_wconf 88' lang='lat' dir='ltr'>ornabat.</span> <span class='ocrx_word' id='word_1_800' title='bbox 3483 4535 3705 4605; x_wconf 89' lang='lat' dir='ltr'>Cogna-</span> 
     </span>
    </p>
   </div>
   <div class='ocr_carea' id='block_1_105' title="bbox 2072 4623 3710 4693">
    <p class='ocr_par' dir='ltr' id='par_1_105' title="bbox 2072 4623 3710 4693">
     <span class='ocr_line' id='line_1_107' title="bbox 2072 4623 3710 4693; baseline -0.001 -15"><span class='ocrx_word' id='word_1_801' title='bbox 2072 4624 2148 4679; x_wconf 87' lang='lat' dir='ltr'>tis</span> <span class='ocrx_word' id='word_1_802' title='bbox 2178 4640 2309 4679; x_wconf 89' lang='lat' dir='ltr'>vero</span> <span class='ocrx_word' id='word_1_803' title='bbox 2341 4640 2406 4679; x_wconf 89' lang='lat' dir='ltr'>ac</span> <span class='ocrx_word' id='word_1_804' title='bbox 2437 4624 2888 4693; x_wconf 89' lang='lat' dir='ltr'>consanguineis</span> <span class='ocrx_word' id='word_1_805' title='bbox 2937 4624 3061 4677; x_wconf 91' lang='lat' dir='ltr'>suis</span> <span class='ocrx_word' id='word_1_806' title='bbox 3112 4624 3397 4677; x_wconf 87' lang='lat' dir='ltr'>censebat</span> <span class='ocrx_word' id='word_1_807' title='bbox 3444 4623 3710 4677; x_wconf 82' lang='lat' dir='ltr'>sufﬁcere</span> 
     </span>
    </p>
   </div>
   <div class='ocr_carea' id='block_1_106' title="bbox 2074 4711 3707 4773">
    <p class='ocr_par' dir='ltr' id='par_1_106' title="bbox 2074 4711 3707 4773">
     <span class='ocr_line' id='line_1_108' title="bbox 2074 4711 3707 4773; baseline -0.001 -8"><span class='ocrx_word' id='word_1_808' title='bbox 2074 4714 2248 4766; x_wconf 87' lang='lat' dir='ltr'>debre</span> <span class='ocrx_word' id='word_1_809' title='bbox 2296 4713 2475 4767; x_wconf 91' lang='lat' dir='ltr'>istum</span> <span class='ocrx_word' id='word_1_810' title='bbox 2527 4711 3119 4773; x_wconf 87' lang='lat' dir='ltr'>nataliumhonorem,</span> <span class='ocrx_word' id='word_1_811' title='bbox 3158 4727 3325 4765; x_wconf 90' lang='lat' dir='ltr'>suam</span> <span class='ocrx_word' id='word_1_812' title='bbox 3376 4715 3589 4765; x_wconf 91' lang='lat' dir='ltr'>sortem</span> <span class='ocrx_word' id='word_1_813' title='bbox 3642 4728 3707 4765; x_wconf 90' lang='lat' dir='ltr'>ac</span> 
     </span>
    </p>
   </div>
   <div class='ocr_carea' id='block_1_107' title="bbox 2072 4798 3707 4869">
    <p class='ocr_par' dir='ltr' id='par_1_107' title="bbox 2072 4798 3707 4869">
     <span class='ocr_line' id='line_1_109' title="bbox 2072 4798 3707 4869; baseline -0.001 -16"><span class='ocrx_word' id='word_1_814' title='bbox 2072 4800 2476 4854; x_wconf 87' lang='lat' dir='ltr'>claritudinem</span> <span class='ocrx_word' id='word_1_815' title='bbox 2493 4798 2769 4869; x_wconf 71' lang='lat' dir='ltr'>prosapiae</span> <span class='ocrx_word' id='word_1_816' title='bbox 2784 4799 3014 4852; x_wconf 89' lang='lat' dir='ltr'>abunde</span> <span class='ocrx_word' id='word_1_817' title='bbox 3033 4814 3250 4869; x_wconf 70' lang='lat' dir='ltr'>magna)</span> <span class='ocrx_word' id='word_1_818' title='bbox 3268 4798 3707 4867; x_wconf 79' lang='lat' dir='ltr'>dignitatisloco</span> 
     </span>
    </p>
   </div>
   <div class='ocr_carea' id='block_1_108' title="bbox 2073 4886 3702 4955">
    <p class='ocr_par' dir='ltr' id='par_1_108' title="bbox 2073 4886 3702 4955">
     <span class='ocr_line' id='line_1_110' title="bbox 2073 4886 3702 4955; baseline -0.001 -15"><span class='ocrx_word' id='word_1_819' title='bbox 2073 4889 2302 4942; x_wconf 91' lang='lat' dir='ltr'>ducere.</span> <span class='ocrx_word' id='word_1_820' title='bbox 2340 4890 2396 4941; x_wconf 91' lang='lat' dir='ltr'>Id</span> <span class='ocrx_word' id='word_1_821' title='bbox 2431 4892 2624 4941; x_wconf 88' lang='lat' dir='ltr'>autem</span> <span class='ocrx_word' id='word_1_822' title='bbox 2674 4891 2731 4939; x_wconf 93' lang='lat' dir='ltr'>et</span> <span class='ocrx_word' id='word_1_823' title='bbox 2770 4886 3058 4955; x_wconf 88' lang='lat' dir='ltr'>judicium</span> <span class='ocrx_word' id='word_1_824' title='bbox 3105 4892 3160 4939; x_wconf 90' lang='lat' dir='ltr'>et</span> <span class='ocrx_word' id='word_1_825' title='bbox 3212 4888 3429 4941; x_wconf 87' lang='lat' dir='ltr'>factum</span> <span class='ocrx_word' id='word_1_826' title='bbox 3479 4890 3621 4951; x_wconf 86' lang='lat' dir='ltr'>erat,</span> <span class='ocrx_word' id='word_1_827' title='bbox 3656 4887 3702 4939; x_wconf 93' lang='lat' dir='ltr'>si</span> 
     </span>
    </p>
   </div>
   <div class='ocr_carea' id='block_1_109' title="bbox 2074 4974 3705 5045">
    <p class='ocr_par' dir='ltr' id='par_1_109' title="bbox 2074 4974 3705 5045">
     <span class='ocr_line' id='line_1_111' title="bbox 2074 4974 3705 5045; baseline -0.001 -17"><span class='ocrx_word' id='word_1_828' title='bbox 2074 4976 2202 5045; x_wconf 92' lang='lat' dir='ltr'>quis</span> <span class='ocrx_word' id='word_1_829' title='bbox 2232 4980 2383 5029; x_wconf 90' lang='lat' dir='ltr'>recte</span> <span class='ocrx_word' id='word_1_830' title='bbox 2416 4975 2807 5028; x_wconf 90' lang='lat' dir='ltr'>consideraret</span> <span class='ocrx_word' id='word_1_831' title='bbox 2838 4974 3119 5045; x_wconf 88' lang='lat' dir='ltr'>principis</span> <span class='ocrx_word' id='word_1_832' title='bbox 3171 4974 3440 5028; x_wconf 79' lang='lat' dir='ltr'>virtutem</span> <span class='ocrx_word' id='word_1_833' title='bbox 3475 4990 3705 5044; x_wconf 91' lang='lat' dir='ltr'>promo-</span> 
     </span>
    </p>
   </div>
   <div class='ocr_carea' id='block_1_110' title="bbox 2079 5062 3704 5131">
    <p class='ocr_par' dir='ltr' id='par_1_110' title="bbox 2079 5062 3704 5131">
     <span class='ocr_line' id='line_1_112' title="bbox 2079 5062 3704 5131; baseline -0.002 -16"><span class='ocrx_word' id='word_1_834' title='bbox 2079 5064 2282 5127; x_wconf 87' lang='lat' dir='ltr'>ventis,</span> <span class='ocrx_word' id='word_1_835' title='bbox 2317 5067 2373 5115; x_wconf 84' lang='lat' dir='ltr'>et</span> <span class='ocrx_word' id='word_1_836' title='bbox 2405 5064 2770 5131; x_wconf 90' lang='lat' dir='ltr'>provocantis</span> <span class='ocrx_word' id='word_1_837' title='bbox 2800 5063 3067 5117; x_wconf 92' lang='lat' dir='ltr'>subditos</span> <span class='ocrx_word' id='word_1_838' title='bbox 3099 5062 3167 5115; x_wconf 90' lang='lat' dir='ltr'>ad</span> <span class='ocrx_word' id='word_1_839' title='bbox 3204 5062 3462 5115; x_wconf 88' lang='lat' dir='ltr'>studium</span> <span class='ocrx_word' id='word_1_840' title='bbox 3514 5062 3704 5114; x_wconf 89' lang='lat' dir='ltr'>omnis</span> 
     </span>
    </p>
   </div>
   <div class='ocr_carea' id='block_1_111' title="bbox 2071 5149 3699 5212">
    <p class='ocr_par' dir='ltr' id='par_1_111' title="bbox 2071 5149 3699 5212">
     <span class='ocr_line' id='line_1_113' title="bbox 2071 5149 3699 5212; baseline -0.001 -10"><span class='ocrx_word' id='word_1_841' title='bbox 2071 5168 2215 5205; x_wconf 66' lang='lat' dir='ltr'>vera:</span> <span class='ocrx_word' id='word_1_842' title='bbox 2248 5150 2458 5205; x_wconf 89' lang='lat' dir='ltr'>laudis.</span> <span class='ocrx_word' id='word_1_843' title='bbox 2491 5151 2614 5205; x_wconf 90' lang='lat' dir='ltr'>Non</span> <span class='ocrx_word' id='word_1_844' title='bbox 2648 5151 2800 5204; x_wconf 90' lang='lat' dir='ltr'>enim</span> <span class='ocrx_word' id='word_1_845' title='bbox 2847 5152 3281 5204; x_wconf 87' lang='lat' dir='ltr'>auctoramenta</span> <span class='ocrx_word' id='word_1_846' title='bbox 3330 5149 3569 5212; x_wconf 68' lang='lat' dir='ltr'>inertiae,</span> <span class='ocrx_word' id='word_1_847' title='bbox 3603 5150 3699 5201; x_wconf 86' lang='lat' dir='ltr'>sed</span> 
     </span>
    </p>
   </div>
   <div class='ocr_carea' id='block_1_112' title="bbox 2072 5237 3704 5311">
    <p class='ocr_par' dir='ltr' id='par_1_112' title="bbox 2072 5237 3704 5311">
     <span class='ocr_line' id='line_1_114' title="bbox 2072 5237 3704 5311; baseline -0.004 -16"><span class='ocrx_word' id='word_1_848' title='bbox 2072 5241 2158 5296; x_wconf 89' lang='lat' dir='ltr'>vel</span> <span class='ocrx_word' id='word_1_849' title='bbox 2186 5242 2374 5295; x_wconf 88' lang='lat' dir='ltr'>stadia</span> <span class='ocrx_word' id='word_1_850' title='bbox 2402 5240 2489 5294; x_wconf 86' lang='lat' dir='ltr'>vel</span> <span class='ocrx_word' id='word_1_851' title='bbox 2512 5241 2748 5311; x_wconf 72' lang='lat' dir='ltr'>praemia</span> <span class='ocrx_word' id='word_1_852' title='bbox 2774 5240 3014 5295; x_wconf 69' lang='lat' dir='ltr'>heroicae</span> <span class='ocrx_word' id='word_1_853' title='bbox 3039 5239 3269 5293; x_wconf 88' lang='lat' dir='ltr'>virtutis</span> <span class='ocrx_word' id='word_1_854' title='bbox 3293 5237 3555 5291; x_wconf 90' lang='lat' dir='ltr'>illustres</span> <span class='ocrx_word' id='word_1_855' title='bbox 3578 5251 3704 5289; x_wconf 89' lang='lat' dir='ltr'>esse</span> 
     </span>
    </p>
   </div>
   <div class='ocr_carea' id='block_1_113' title="bbox 2074 5325 3705 5399">
    <p class='ocr_par' dir='ltr' id='par_1_113' title="bbox 2074 5325 3705 5399">
     <span class='ocr_line' id='line_1_115' title="bbox 2074 5325 3705 5399; baseline -0.005 -16"><span class='ocrx_word' id='word_1_856' title='bbox 2074 5330 2453 5399; x_wconf 79' lang='lat' dir='ltr'>magistratus</span> <span class='ocrx_word' id='word_1_857' title='bbox 2480 5349 2492 5395; x_wconf 86' lang='lat'><strong>;</strong></span> <span class='ocrx_word' id='word_1_858' title='bbox 2519 5345 2663 5399; x_wconf 90' lang='lat' dir='ltr'>quos</span> <span class='ocrx_word' id='word_1_859' title='bbox 2694 5328 2775 5382; x_wconf 92' lang='lat' dir='ltr'>ita</span> <span class='ocrx_word' id='word_1_860' title='bbox 2805 5332 2861 5382; x_wconf 89' lang='lat' dir='ltr'>et</span> <span class='ocrx_word' id='word_1_861' title='bbox 2890 5327 3007 5380; x_wconf 92' lang='lat' dir='ltr'>illis</span> <span class='ocrx_word' id='word_1_862' title='bbox 3038 5327 3276 5381; x_wconf 88' lang='lat' dir='ltr'>demum</span> <span class='ocrx_word' id='word_1_863' title='bbox 3314 5325 3522 5378; x_wconf 89' lang='lat' dir='ltr'>debere</span> <span class='ocrx_word' id='word_1_864' title='bbox 3553 5338 3705 5376; x_wconf 88' lang='lat' dir='ltr'>com-</span> 
     </span>
    </p>
   </div>
   <div class='ocr_carea' id='block_1_114' title="bbox 2072 5410 3704 5487">
    <p class='ocr_par' dir='ltr' id='par_1_114' title="bbox 2072 5410 3704 5487">
     <span class='ocr_line' id='line_1_116' title="bbox 2072 5410 3704 5487; baseline -0.005 -16"><span class='ocrx_word' id='word_1_865' title='bbox 2072 5419 2221 5471; x_wconf 89' lang='lat' dir='ltr'>mitti</span> <span class='ocrx_word' id='word_1_866' title='bbox 2255 5418 2597 5471; x_wconf 82' lang='lat' dir='ltr'>decernebat</span> <span class='ocrx_word' id='word_1_867' title='bbox 2628 5417 2727 5487; x_wconf 90' lang='lat' dir='ltr'>qui</span> <span class='ocrx_word' id='word_1_868' title='bbox 2760 5421 2816 5469; x_wconf 91' lang='lat' dir='ltr'>et</span> <span class='ocrx_word' id='word_1_869' title='bbox 2847 5432 2907 5470; x_wconf 92' lang='lat' dir='ltr'>se</span> <span class='ocrx_word' id='word_1_870' title='bbox 2938 5416 3036 5470; x_wconf 76' lang='lat'><strong>38</strong></span> <span class='ocrx_word' id='word_1_871' title='bbox 3061 5414 3335 5484; x_wconf 64' lang='lat' dir='ltr'>pra~clare</span> <span class='ocrx_word' id='word_1_872' title='bbox 3365 5412 3525 5480; x_wconf 91' lang='lat' dir='ltr'>ipsos</span> <span class='ocrx_word' id='word_1_873' title='bbox 3552 5411 3607 5463; x_wconf 91' lang='lat' dir='ltr'>in</span> <span class='ocrx_word' id='word_1_874' title='bbox 3632 5410 3704 5463; x_wconf 94' lang='lat' dir='ltr'>iis</span> 
     </span>
    </p>
   </div>
   <div class='ocr_carea' id='block_1_115' title="bbox 2071 5499 3704 5577">
    <p class='ocr_par' dir='ltr' id='par_1_115' title="bbox 2071 5499 3704 5577">
     <span class='ocr_line' id='line_1_117' title="bbox 2071 5499 3704 5577; baseline -0.007 -16"><span class='ocrx_word' id='word_1_875' title='bbox 2071 5523 2280 5577; x_wconf 87' lang='lat' dir='ltr'>genere</span> <span class='ocrx_word' id='word_1_876' title='bbox 2302 5513 2357 5560; x_wconf 93' lang='lat' dir='ltr'>et</span> <span class='ocrx_word' id='word_1_877' title='bbox 2379 5506 2520 5561; x_wconf 84' lang='lat' dir='ltr'>alios</span> <span class='ocrx_word' id='word_1_878' title='bbox 2544 5506 2845 5561; x_wconf 87' lang='lat' dir='ltr'>commode</span> <span class='ocrx_word' id='word_1_879' title='bbox 2869 5503 3300 5570; x_wconf 88' lang='lat' dir='ltr'>salubriterque</span> <span class='ocrx_word' id='word_1_880' title='bbox 3317 5515 3483 5569; x_wconf 91' lang='lat' dir='ltr'>posse</span> <span class='ocrx_word' id='word_1_881' title='bbox 3506 5499 3704 5569; x_wconf 89' lang='lat' dir='ltr'>guber-</span> 
     </span>
    </p>
   </div>
   <div class='ocr_carea' id='block_1_116' title="bbox 2072 5588 3698 5663">
    <p class='ocr_par' dir='ltr' id='par_1_116' title="bbox 2072 5588 3698 5663">
     <span class='ocr_line' id='line_1_118' title="bbox 2072 5588 3698 5663; baseline -0.005 -16"><span class='ocrx_word' id='word_1_882' title='bbox 2072 5612 2208 5649; x_wconf 81' lang='lat' dir='ltr'>nare</span> <span class='ocrx_word' id='word_1_883' title='bbox 2233 5595 2593 5663; x_wconf 69' lang='lat' dir='ltr'>jurliccntur.</span> <span class='ocrx_word' id='word_1_884' title='bbox 2632 5594 2824 5647; x_wconf 84' lang='lat' dir='ltr'>Inerat</span> <span class='ocrx_word' id='word_1_885' title='bbox 2855 5593 2981 5661; x_wconf 66' lang='lat' dir='ltr'>ejus</span> <span class='ocrx_word' id='word_1_886' title='bbox 3010 5589 3266 5643; x_wconf 83' lang='lat' dir='ltr'>moribus</span> <span class='ocrx_word' id='word_1_887' title='bbox 3298 5592 3353 5641; x_wconf 92' lang='lat' dir='ltr'>et</span> <span class='ocrx_word' id='word_1_888' title='bbox 3382 5588 3698 5641; x_wconf 88' lang='lat' dir='ltr'>terrificum</span> 
     </span>
    </p>
   </div>
  </div>
