4154 6286
454 279 556 335 471

1744 290 2044 346 GEORGII
2093 288 2558 346 PACHYMERB

3740 292 3843 348 4⁸72

457 406 744 494 χετεῖσθαι.
778 405 854 494 Ού
883 403 985 479 γὰρ
1019 409 1209 482 μικρὸν
1240 410 1302 463 τὸ
1330 414 1427 464 τοῦ
1494 415 1813 484 μεγιστᾶνος
1873 406 2095 485 σφάλμα
2136 411 2187 477 Α
2213 429 2304 464 νον
2337 413 2452 466 οἷον
2484 414 2584 481 τήν
2609 418 2709 482 τῆς
2757 412 3080 487 ἀμπεχόνης
3139 411 3381 488 ἂκαιρίαν
3442 410 3705 481 ὠνείδιζε,
3736 416 3847 494 καὶ,

462 490 498 559 ἢ
534 493 641 563 μὴν
673 486 909 564 ἔμπαλιν
944 495 1004 547 τὸ
1035 494 1389 569 κατόρθωμα,
1425 496 1551 551 ἀλλ’
1586 497 1756 551 ἐκεῖνο
1818 496 1911 569 μὶν
1965 495 2108 550 ἐκτο-

469 587 596 660 μίου
648 588 803 642 πάθει
848 589 1159 661 προσέοικεν
1215 594 1288 653 ὡς
1352 597 1421 664 τῇ
1470 598 1567 647 τοῦ
1605 592 1799 668 μορίου
1831 592 2104 669 ἀφαιρέσει

470 675 637 749 μέγαν
697 675 919 750 ἔχοντος
979 675 1147 752 λόγον
1203 683 1270 753 τῇ
1322 681 1478 756 φύσει
1507 685 1679 736 πάντα
1709 687 2106 755 συμπαρασπᾶ-

468 775 586 826 σθαι
645 764 737 819 καὶ
797 767 1257 840 παρατρέπεσθαι,
1287 770 1348 821 τὸ
1397 766 1454 823 δὲ
1494 770 1824 842 κατόρθωμα
1877 767 1955 840 τῷ
2007 772 2105 822 τοῦ

465 851 672 907 κύκλου
732 852 955 929 κέντρῳ,
1013 854 1353 926 παμπόλλην
1410 856 1703 921 ἀσφάλειαν
1761 862 1829 930 τῇ
1886 876 2104 928 περιφε-

469 941 584 1015 ρείᾳ
638 940 1024 1015 προσνέμοντι,
1058 942 1106 997 εἴ
1160 946 1298 999 κατὰ
1354 948 1538 1020 χώραν
1585 944 1755 999 ἐκεῖνο
1803 944 1970 1016 μένει.
2003 946 2103 1000 Καὶ

465 1034 581 1090 πῶς
608 1029 708 1104 γὰρ
738 1030 837 1084 οὐκ
865 1026 1093 1102 ἔμελλεν
1126 1032 1226 1100 τὴν
1252 1032 1429 1108 ἀρχὴν
1463 1035 1543 1103 [Ρ.
1574 1035 1667 1105 21]
1697 1031 1920 1088 διοικεῖν
1974 1032 2108 1086 κατὰ

462 1119 526 1172 τὸ
583 1122 882 1191 προσῆκον,
916 1117 1062 1181 ὅστις
1127 1121 1229 1174 ὑπὸ
1276 1119 1474 1192 τοιῷδε
1524 1123 1709 1193 πατρὶ,
1758 1119 1886 1195 μηδ’
1930 1116 2107 1191 ὄνομα

469 1206 744 1280 βασιλείας
774 1203 942 1281 ἔχων,
971 1207 1043 1261 ὣν
1074 1206 1125 1280 ἐξ
1159 1208 1364 1263 ἐκείνου
1422 1212 1508 1264 καὶ
1571 1210 1756 1283 μόνος,
1792 1212 1942 1283 ὅμως
1992 1211 2106 1283 ἀγε-

466 1292 649 1350 λατεῖν
680 1295 934 1372 ἀσφαλῶς
966 1294 1387 1371 προύδιδάσκετο
1414 1318 1426 1367 ;

471 1406 559 1465 ιδ’.
591 1411 792 1506 Ὅπωςῐ
831 1407 1202 1506 έπαιδεύξτοοὸ
1235 1412 1506 1506 Λέσβιαρζς
1564 1414 1707 1503 παρὰ
1753 1416 1848 1466 τοῦ
1904 1415 2103 1486 πατρὸς

774 1482 1007 1536 Ιωάννου
1040 1481 1113 1542 εἷς
1147 1481 1434 1555 βασιλείαν
1464 1481 1820 1556 ἀναγόμενος.

539 1587 630 1648 Ὃς
656 1585 772 1639 ἐπεί
802 1607 934 1640 ποτε
962 1587 1051 1641 καὶ
1084 1593 1439 1665 χρυσοφορῶν
1498 1589 1638 1660 ἐξῄει
1699 1588 1775 1649 εἰς
1825 1592 2103 1663 κυνήγιον,

475 1674 768 1749 ὑπέστρεφε
828 1674 924 1746 μὶν
982 1673 1182 1737 ἐκεῖνος
1240 1676 1461 1743 ἐκεῖθεν,
1495 1678 1727 1746 συνήντα
1758 1673 1814 1730 δὲ
1866 1678 2000 1732 κατὸ⁴
2046 1680 2105 1733 τὸ

2212 521 2239 549 ι(
2276 499 2339 554 Τί
2369 498 2534 554 καλὸν
2568 498 2827 563 συνειδὼς
2871 502 3042 572 ἑαυτῷ
3086 498 3281 575 δράσας
3311 500 3631 573 Ῥωμαίους,
3662 524 3690 553 »
3723 496 3846 575 ἔφη,

2213 605 2241 634 ι(
2273 586 2338 637 τὰ
2388 586 2604 640 ἐκείνων
2656 587 2861 660 ἐκχέεις
2921 587 2972 641 ἐν
3029 582 3332 660 διατριϐαῖς
3363 583 3530 658 μηδὲν
3571 586 3635 641 τὸ
3690 586 3849 661 ἀναγ-

2211 677 2362 725 καῖον
2398 672 2691 746 ἐχούσαις;
2726 676 2789 728 Ἢ
2836 675 2934 749 γὰρ
2985 673 3083 728 οὐκ
3114 672 3281 742 οἶδας,
3314 697 3341 727 ››
3377 675 3561 749 φησὶν,
3594 698 3623 726 ι(
3648 672 3848 746 α’ίματα

2213 759 2346 813 εἶναι
2376 762 2657 833 Ῥωμαίων
2690 765 2757 816 τὰ
2787 762 3114 836 χρυσόσημα
3141 766 3305 816 ταῦτα
3356 762 3446 815 καὶ
3505 764 3734 832 Σηρικὰ,
3768 766 3850 827 οἷς

2214 848 2346 921 ὑπὲρ
2404 849 2616 903 ἐκείνων
2677 847 2783 905 ἔδει
2840 853 3076 925 χρῆσθαι
3137 849 3353 904 ἐκείνων
3384 870 3444 924 γε
3474 848 3629 916 οὗσις
3663 856 3850 920 Ζητεῖς

2214 933 2271 989 δε
2301 944 2485 1007 μαθεῖν
2519 938 2607 992 καὶ
2644 940 2774 1012 ὑπὲρ
2809 938 3025 994 ἐκείνων
3084 941 3253 1009 πότε;
3285 940 3416 995 ’Ότε
3462 936 3673 1009 δηλαδή
3732 940 3851 994 ἐπι-

2215 1030 2365 1078 στᾶσι
2418 1022 2700 1096 πρέσϐεσιν
2734 1026 2781 1099 ἐξ
2828 1025 3148 1096 ἀλλοδαπῆς
3202 1029 3292 1081 τὸν
3345 1027 3558 1081 ἐκείνων
3616 1027 3849 1083 πλοῦτον

2214 1111 2755 1188 λαμπρειμονοῦντες
2788 1113 3001 1185 δηλοῦν
3030 1114 3279 1189 ἔχοιμεν.
3313 1116 3373 1172 Ὁ
3428 1117 3528 1191 γὰρ
3589 1113 3855 1189 βασιλέων

2213 1203 2451 1264 πλοῦτος
2498 1203 2739 1265 πλοῦτος
2789 1209 2895 1258 τῶν
2956 1205 3210 1274 ὑπηκόων
3257 1201 3556 1277 λογίζεται,
3614 1206 3739 1278 παρ’
3794 1207 3855 1271 ἣν

2217 1290 2390 1345 αἰτίαν
2422 1290 2604 1345 καὶτὸ
2654 1311 2729 1351 εις
2782 1288 3033 1345 δουλείαν
3078 1290 3418 1345 καθυπείκειν
3469 1290 3671 1365 ἑτέροις
3729 1292 3856 1368 σφί-

2214 1399 2295 1432 σιν
2346 1378 2528 1440 οὕτως
2580 1375 2767 1451 ἔχουσι
2818 1378 2907 1432 καὶ
2952 1377 3073 1433 λίαν
3107 1378 3424 1451 ὰπώμοτον.
3457 1378 3553 1439 Οἷς
3584 1380 3645 1432 σὺ
3677 1377 3851 1434 διακε-

2212 1473 2312 1535 νῆς
2372 1467 2665 1541 χρώμενος
2722 1467 2781 1521 οὐ
2841 1464 3034 1541 λογίζῃ
3091 1467 3153 1521 τὸ
3183 1465 3509 1539 πλημμελὲς
3567 1467 3786 1521 ὁπόσον.
3825 1490 3852 1517 ι)

2213 1554 2364 1609 Οὕτω
2394 1554 2483 1610 καὶ
2518 1554 2604 1609 ἐπὶ
2632 1555 2909 1617 τοιούτοις
2940 1555 2967 1607 ὁ
3000 1553 3074 1616 εἰς
3100 1553 3378 1629 βασιλείαν
3408 1555 3856 1629 άναχθησόμενος

2211 1642 2541 1700 ἐπαιδεύετο.

470 1760 780 1832 προστυχὸν
835 1765 913 1832 τῷ
969 1760 1151 1834 πατρί.
1185 1762 1282 1815 Καὶ
1343 1760 1407 1831 δὴ
1440 1764 1871 1837 προσκυνήσαντι
1917 1767 1969 1818 οἱ
2029 1767 2104 1837 μὴ
2140 1766 2186 1831 Β
2218 1761 2294 1813 ιε’.
2336 1760 2523 1837 ’Όπως
2570 1760 2613 1837 ὁΔ
2651 1753 3514 1837 πριωτοϐεστίαριος’Μουζάλων
3571 1761 3671 1810 τοῦ
3732 1778 3853 1829 μει-

477 1846 693 1919 βλέπειν
739 1846 942 1910 ἐκεῖνος
1003 1847 1143 1921 μηδὲ
1218 1852 1505 1925 προσέχειν
1564 1857 1967 1925 προσεποιεῖτο,
2022 1857 2111 1906 καί

470 1937 792 2007 προσιόντος
823 1934 1043 2008 ἡμέλει.
1071 1939 1136 1993 Ὃ
1168 1934 1235 2005 δὴ
1288 1939 1376 1991 καὶ
1424 1933 1717 2011 συμϐαῖνον
1755 1938 1927 2013 ὀργῆς
1972 1942 2108 2012 πρὸς

469 2022 629 2076 αὐτὸν
678 2025 943 2097 πατρόθεν
994 2030 1247 2096 σημεῖον,
1300 2027 1428 2098 ὅπερ
1489 2027 1579 2079 καὶ
1624 2024 1821 2095 ἀληθὲς
1872 2027 1960 2095 ἦν,
1992 2024 2108 2080 ἕδο-

470 2109 572 2178 ξεν.
606 2112 763 2167 Ὅθεν
823 2110 1004 2165 ἀλύων
1061 2114 1147 2166 καὶ
1204 2111 1285 2167 ὅτι
1319 2114 1551 2188 ἁμάρτοι
1583 2111 1963 2184 διανοούμενος
2022 2114 2109 2167 καὶ

469 2202 645 2265 ζητῶν
677 2203 956 2271 πρόσεισιν
985 2198 1047 2252 ού
1084 2200 1231 2271 μάλα
1262 2200 1602 2275 θαῤῥούντως
1651 2206 1731 2272 τῷ
1777 2201 1939 2274 πατρὶ
1995 2202 2109 2254 κατ’

464 2280 714 2341 ἰδίαν.Ὁ
759 2282 804 2338 δ’
837 2283 967 2340 ῗδὼν
1027 2286 1222 2351 εὐθέως
1280 2288 1370 2343 καὶ
1428 2287 1737 2358 ἀλαστήσας
1790 2290 1927 2362 πρὸς
1980 2290 2111 2343 ἐκεῖ-

466 2466 814 2536 quid,vultu
834 2484 1220 2542 sermoneque
1242 2470 1674 2527 declarantibus
1688 2471 1845 2525 haud
1867 2469 2106 2540 impune

467 2554 690 2611 laturos
731 2557 831 2627 qui
878 2556 1043 2612 aliter
1093 2577 1158 2614 ac
1211 2564 1503 2630 oporteret
1550 2562 1810 2630 agerent,
1844 2558 1926 2612 uti
1977 2561 2034 2611 et
2076 2575 2106 2614 e

476 2644 792 2715 contrario,
825 2646 924 2716 qui
960 2651 1131 2717 prout
1161 2664 1267 2718 par
1295 2651 1418 2703 erat
1464 2647 1654 2704 ofﬁcio
1706 2648 2105 2717 fungerentur,

473 2748 843 2802 nequaquam
917 2735 1182 2790 mercede
1247 2737 1552 2791 carituros.
1626 2736 1885 2807 Ingentis
1949 2736 2105 2790 enim

474 2821 760 2876 utramvis
792 2821 851 2876 in
885 2828 1106 2893 partem
1140 2825 1379 2880 omnino
1409 2825 1690 2879 momenti
1732 2827 1821 2878 est
1850 2823 2105 2878 hominis

470 2908 529 2961 in
564 2909 796 2963 civitate
828 2910 1093 2980 primarii
1124 2917 1274 2966 recte
1322 2917 1423 2968 aut
1452 2928 1621 2967 secus
1660 2912 1899 2979 factum,
1931 2927 2106 2980 prava

470 2994 764 3065 siquidem
787 2996 907 3052 vita
928 3003 986 3053 et
1010 2998 1164 3054 mala
1186 3000 1445 3055 facinora
1462 3000 1743 3055 nobilium
1766 3016 1872 3070 par
1893 3000 2102 3054 vitium

2295 1830 2551 1904 ρακίσκου
2587 1828 2854 1904 βασιλέως
2886 1828 3138 1882 Ἰωάννου
3169 1828 3542 1902 ἐπετρόπευεν.

2290 1937 2374 2009 [Ρ.
2406 1937 2495 2006 22]
2528 1933 2665 1991 Τότε
2720 1931 2777 1988 δὲ
2827 1934 3081 1997 θανόντος
3124 1932 3349 2001 ἐκείνου,
3383 1932 3497 1986 ἐπεὶ
3526 1932 3614 1985 καὶ
3647 1932 3675 1985 ὁ
3704 1952 3858 2006 πρω-

2216 2020 2592 2097 τοϐεστιάριος
2625 2022 2932 2090 Μουζάλων
2963 2023 3060 2090 τὴν
3092 2021 3391 2095 ἐπιτροπὴν
3434 2024 3531 2075 τοῦ
3584 2019 3859 2095 ἀφήλικος

2222 2110 2488 2186 βασιλέως
2521 2110 2667 2184 ἔχειν
2700 2107 3004 2185 ἠγγέλλετο
3035 2109 3181 2183 παρὰ
3225 2112 3320 2163 τοῦ
3364 2108 3566 2183 πατρὸς
3622 2107 3713 2161 καὶ
3771 2109 3858 2180 βα-

2219 2198 2412 2260 σιλέως
2458 2200 2551 2253 τὸν
2604 2200 2843 2273 μοναχὸν
2895 2196 3345 2268 ὗπελθόντος,τῷ
3395 2197 3489 2269 μὲν
3525 2194 3852 2269 μειρακίσκῳ

2218 2286 2402 2359 ἐκείνῳ
2432 2285 2617 2342 ἄνακτι
2650 2289 2865 2360 Ἰωάννῃ
2895 2285 2999 2361 οὐχ
3029 2284 3129 2357 ο⁹ίῳ
3186 2286 3234 2339 τ’
3265 2280 3379 2340 ὄντι
3432 2282 3520 2339 διὰ
3572 2285 3672 2354 τήν
3726 2284 3848 2352 ἡλι-

2215 2468 2315 2538 qui
2371 2468 2612 2539 quidam
2672 2466 3131 2538 indignationem
3192 2481 3307 2535 prae
3364 2481 3427 2520 se
3488 2465 3724 2532 ferrent,
3757 2480 3851 2521 ex-

2214 2556 2478 2627 probavit
2506 2554 2592 2610 illi
2623 2555 2817 2611 cultus
2849 2555 3020 2610 istius
3063 2570 3128 2609 ac
3175 2553 3422 2608 vestitus
3473 2553 3848 2608 insolentiam

2213 2642 2316 2698 tali
2348 2643 2650 2699 occasione
2681 2644 2779 2698 39
2812 2641 3201 2713 intempestivi
3227 2659 3243 2696 :
3265 2664 3291 2689 ‹‹
3324 2641 3470 2696 Nam
3493 2641 3656 2712 quid,
3686 2661 3712 2690 »
3746 2640 3847 2705 ait,

2218 2751 2246 2781 «
2263 2730 2368 2785 tibi
2385 2731 2655 2787 conscius
2674 2749 2734 2786 es
2752 2731 3062 2802 perfecisse
3083 2735 3137 2785 te
3153 2729 3213 2784 in
3254 2729 3652 2784 Romanorum
3688 2744 3849 2783 com-

2215 2821 2479 2887 modum,
2495 2823 2559 2873 ut
2586 2819 2719 2873 inde
2734 2818 2836 2873 tibi
2868 2818 3162 2873 licentiam
3183 2821 3405 2888 partam
3423 2820 3592 2888 putes
3606 2817 3847 2872 abuten-

2213 2907 2272 2960 di
2296 2908 2506 2978 opibus
2538 2906 2772 2962 illorum
2803 2906 2860 2961 in
2894 2912 3024 2962 tuas
3058 2906 3430 2962 remissiones
3453 2905 3524 2960 ad
3559 2904 3848 2976 privatum

2214 2997 2497 3051 duntaxat
2525 2995 2611 3050 tui
2659 2994 2840 3049 animi
2888 2995 3167 3063 fructum,
3202 3010 3314 3049 non
3362 3009 3496 3048 vero
3541 2993 3611 3048 ad
3660 2992 3839 3048 ullam

466 3084 809 3155 reipublicae
841 3085 1158 3156 important
1183 3104 1249 3141 ac
1275 3087 1535 3142 virilium
1566 3087 1814 3143 exsectio
1846 3087 2103 3143 humano
2135 3098 2177 3166 α
2213 3084 2567 3156 pertinentes
2599 3082 2912 3138 utilitatem
2954 3081 3249 3154 publicam
3270 3082 3298 3136 ‘P
3328 3082 3411 3136 An
3462 3080 3653 3137 nescis
3700 3081 3843 3135 istas

466 3174 714 3243 corpori,
732 3174 884 3242 quod
909 3174 1045 3228 inde
1069 3174 1404 3229 universum
1428 3175 2097 3246 debilitaturenerveque

466 3258 532 3311 ﬁt
562 3277 627 3315 ac
659 3262 988 3316 ﬂaccidum.
1022 3262 1233 3318 Contra
1273 3263 1458 3319 virtus
1488 3268 1545 3318 et
1589 3264 1740 3338 actio
1786 3263 2097 3318 laudabilis

466 3348 800 3420 principum
832 3350 1087 3405 virorum
1120 3351 1332 3407 similis
1361 3356 1452 3406 est
1499 3357 1694 3406 centro
1726 3351 1948 3421 circuli,
1982 3368 2096 3422 quo

465 3443 621 3493 recte
637 3442 939 3492 constante
958 3455 1022 3493 ac
1044 3440 1221 3495 situm
1248 3439 1629 3494 immobiliter
1649 3440 1943 3494 obtinente
1967 3456 2097 3510 pro-

464 3525 657 3598 prium
691 3528 880 3581 status
912 3526 1069 3583 orbis
1100 3545 1166 3583 ac
1210 3527 1689 3583 circumferentia:
1737 3529 1918 3583 totius
1947 3528 2099 3583 ﬁxus

466 3630 532 3668 ac
564 3614 742 3668 ﬁmus
792 3620 1113 3684 permanet.
1146 3617 1457 3671 Enimvero
1494 3615 1699 3687 quidni
1730 3616 1953 3687 sperari
1996 3618 2100 3670 de-

466 3702 595 3756 buit
614 3706 776 3756 tanta
798 3704 1178 3758 consiliorum
1202 3705 1490 3775 sapientia
1510 3721 1755 3760 usurum
1783 3707 2100 3759 moderate-

468 3789 583 3844 bue
616 3806 680 3845 ac
712 3790 932 3846 utiliter
960 3792 1345 3863 praefuturum
1371 3793 1547 3849 rebus
1566 3792 1733 3848 illum
1757 3793 2100 3864 principem,

472 3878 573 3949 qui
607 3879 1005 3936 rudimentum
1038 3882 1363 3952 imperandi
1398 3883 1507 3937 sub
1540 3883 1640 3937 tali
1663 3883 2100 3953 tantoquejusti

472 3967 777 4036 regiminis
808 3972 1106 4042 magistro,
1141 3975 1304 4042 patre
1347 3971 1585 4041 optimo,
1614 3973 1893 4041 posuerit,
1924 3987 1954 4025 a
1988 3987 2101 4041 quo

473 4054 685 4109 unicus
712 4056 845 4112 licet
871 4063 928 4112 et
955 4058 1195 4114 adultus
1227 4060 1383 4115 ﬁlius
1414 4060 1472 4113 in
1505 4060 1741 4131 privatae
1772 4059 1947 4115 sortis
1992 4059 2101 4113 hu-

475 4143 722 4200 militate
752 4146 1016 4213 relictus,
1039 4148 1430 4219 exclususque
1460 4150 1750 4203 consortio
1774 4164 1839 4202 ac
1870 4148 2104 4201 nomine

472 4233 721 4304 imperii,
755 4240 1024 4291 accurate
1059 4236 1359 4304 otioseque
1410 4236 1878 4306 prasexercitatus
1927 4242 2015 4291 est
2044 4237 2103 4291 in

471 4322 749 4378 omnibus
779 4324 1217 4380 meditamentis
1247 4325 1391 4381 artis
1433 4323 1598 4394 spissa
1649 4339 1714 4379 ac
1761 4324 2103 4395 multiplicis

469 4411 740 4467 homines
770 4412 1003 4483 regendi
1028 4412 1055 4466 ?

474 4547 560 4601 14.
596 4548 656 4603 Ut
685 4548 938 4603 Lasearis
967 4564 1007 4601 α
1030 4553 1194 4619 patre
1212 4549 1417 4603 Joanne
1458 4546 1528 4601 ad
1579 4547 1873 4617 imperiam
1913 4546 2100 4601 erudi-

1122 4645 1206 4692 tus
1251 4637 1450 4707 fuerit.

548 4740 694 4796 Huic
724 4741 1035 4812 aliquando
1067 4749 1339 4797 venatum
1365 4759 1595 4814 egresso
1618 4758 1751 4797 cum
1779 4747 1934 4797 veste
1965 4758 2105 4797 auro

476 4832 653 4897 texta,
681 4830 932 4901 indeque
963 4832 1203 4886 domum
1237 4832 1517 4896 redeunti,
1546 4832 1957 4886 occurritforte
2001 4847 2105 4901 pa-

478 4922 587 4999 ter,
608 4923 665 4972 et
686 4935 814 4972 eum
837 4936 898 4973 se
920 4919 1331 4973 dimississime
1350 4929 1715 4976 venerantem
1741 4937 1845 4975 nec
1867 4924 2105 4991 aspectu

479 5006 757 5076 dignatus
788 5007 942 5062 velut
974 5008 1407 5063 inobservatum
1436 5010 1730 5078 prieteriit,
1754 5026 2002 5079 moxque
2035 5009 2104 5062 ab

479 5097 728 5150 adeunte
757 5098 1137 5165 contemptim
1190 5112 1250 5148 se
1283 5096 1510 5149 avertit.
1545 5096 1751 5166 Capuit
1791 5098 1845 5151 id
1897 5100 2102 5168 frigus,

476 5200 581 5239 nec
614 5185 761 5239 male
793 5185 1196 5249 ratiocinatus,
1220 5186 1479 5254 prudens
1512 5184 1666 5238 ﬁlius
1700 5185 1754 5238 in
1790 5200 2105 5255 argumen-

476 5276 599 5325 tum
623 5272 773 5325 haud
793 5272 1033 5325 dubium
1054 5272 1375 5339 paternaein
1400 5289 1462 5327 se
1485 5272 1600 5326 irai.
1621 5272 2101 5342 Undepostquam

473 5366 775 5415 eestuassel
837 5360 1181 5431 aliquandiu
1244 5365 1298 5413 et
1329 5376 1526 5415 severe
1558 5376 1753 5414 secum
1802 5361 2103 5431 inquirens

471 5466 706 5503 causam
742 5449 1081 5503 olfensionis
1104 5453 1319 5502 frustra
1344 5450 1400 5502 in
1435 5466 1541 5503 sua
1563 5449 1918 5503 conscientia
1948 5466 2097 5519 qua:-

466 5537 683 5601 siiSsct,
703 5537 969 5605 privatim
990 5541 1207 5605 patrem
1226 5537 1645 5591 convenitsane
1686 5538 1971 5591 sollicilus
1998 5556 2101 5591 nec

476 5629 626 5685 Eetu
664 5641 897 5679 vacuus.
932 5632 1114 5688 Quem
1147 5624 1241 5681 ille
1273 5626 1471 5681 statim
1518 5627 1589 5682 iis
1643 5627 1878 5683 intuens
1908 5628 2093 5683 oculis

2207 3190 2348 3228 auro
2381 3174 2638 3244 insignes
2668 3177 2724 3227 et
2755 3172 2971 3227 sericas
2993 3175 3179 3227 vestes
3202 3170 3546 3242 sanguinem
3571 3185 3703 3225 esse
3735 3169 3845 3223 Ro-

2204 3262 2757 3332 manorum;quibus
2774 3260 2989 3315 idcirco
3007 3261 3064 3314 in
3080 3275 3278 3314 eorum
3296 3263 3523 3313 tantum
3540 3257 3845 3313 commoda

2206 3351 2486 3405 utendum
2514 3353 2620 3415 est,
2641 3365 2772 3403 cum
2798 3365 2889 3404 res
2911 3349 3172 3419 ipsorum
3194 3347 3353 3401 sint?
3372 3347 3605 3410 Quaeres
3632 3346 3841 3400 fortas-

2205 3453 2266 3492 se
2294 3438 2528 3508 quando
2551 3441 2606 3491 et
2630 3436 2918 3507 quomodo
2945 3435 3055 3489 illae
3077 3435 3135 3489 in
3158 3436 3419 3505 ipsorum
3439 3434 3659 3488 bonum
3676 3449 3839 3487 usur-

2206 3531 2419 3597 pentur
2440 3525 2467 3579 ?
2485 3529 2563 3579 Tu
2575 3541 2644 3579 nc
2673 3523 2943 3579 videlicet
2965 3524 3200 3593 quando
3222 3522 3484 3577 admissa
3507 3526 3836 3577 exterarum

2206 3615 2465 3687 gentium
2500 3613 2785 3684 legatione
2822 3612 3065 3667 Romani
3115 3611 3315 3682 populi
3363 3625 3502 3681 opes
3555 3608 3835 3664 ostentari

2207 3706 2268 3759 in
2286 3702 2445 3758 cultu
2468 3706 2525 3757 et
2544 3705 2751 3756 ornatu
2774 3698 3053 3772 principis
3071 3698 3287 3770 publici
3310 3696 3549 3753 honoris
3570 3697 3833 3761 interest,

2208 3793 2423 3848 divitia:
2456 3792 2748 3861 siquidem
2783 3806 2984 3862 regum
3018 3788 3228 3843 divitia;
3255 3787 3627 3842 subditorum
3659 3802 3834 3855 repu-

2208 3886 2425 3937 tantur.
2453 3880 2625 3935 Extra
2655 3895 2828 3950 quam
2863 3893 3098 3933 causam
3125 3874 3361 3947 publica
3380 3874 3635 3947 insignia
3656 3875 3838 3944 maje-

2209 3969 2381 4025 statis
2413 3969 2483 4023 ad
2512 3968 2765 4039 privatas
2796 3967 2971 4021 etiam
3018 3964 3404 4020 relaxationes
3456 3962 3751 4031 adhibere,
3782 3961 3840 4015 id

2208 4074 2343 4113 vero
2376 4057 2454 4111 sit
2482 4056 2786 4111 dominum
2839 4070 2900 4108 se
2953 4058 3281 4107 monstrare
3330 4068 3445 4106 non
3494 4050 3837 4121 principem,

2210 4151 2268 4201 et
2297 4145 2466 4217 quasi
2497 4144 2834 4200 servitutem
2869 4141 3125 4197 indicere
3154 4140 3395 4206 civibus,
3418 4140 3671 4210 quicum
3698 4137 3839 4191 lihe-

2211 4252 2307 4289 ros
2338 4250 2398 4288 se
2431 4236 2636 4304 putent
2665 4235 2721 4287 et
2750 4230 2949 4286 haberi
2984 4228 3185 4295 velint,
3217 4229 3329 4283 ista
3356 4228 3606 4282 vestium
3638 4226 3839 4281 odiosa

2213 4322 2487 4394 superbia
2507 4338 2635 4377 esse
2654 4321 2809 4376 velut
2834 4319 2894 4375 in
2921 4318 3350 4389 mancipiorum
3372 4316 3636 4372 ordinem
3658 4313 3844 4385 redigi

2136 4444 2183 4510 D
2215 4411 3072 4480 detestantesindignantesque
3085 4409 3534 4477 conquerentur.
3550 4404 3701 4458 Num
3720 4405 3843 4501 iam

2216 4501 2393 4569 igitur
2412 4499 2714 4569 intelligis,
2730 4498 2844 4553 ista
2864 4496 3095 4552 levitate
3116 4493 3365 4550 traducti
3388 4493 3455 4547 ad
3479 4490 3843 4547 venatoriam

2218 4606 2392 4645 usum
2427 4588 2566 4658 regii
2599 4590 2840 4642 ornatus
2871 4589 3156 4655 quantum
3191 4581 3393 4653 ﬂagitii
3424 4578 3834 4636 consciveris?»

2216 4676 2553 4733 Istiusmodi
2586 4674 2851 4742 monitis,
2881 4673 2989 4727 hac
3040 4671 3411 4726 histitutione
3469 4673 3590 4723 tam
3652 4683 3851 4722 severa

2218 4766 2297 4821 hae
2309 4783 2396 4820 res
2410 4764 2637 4835 imperii
2657 4781 2687 4817 a
2703 4766 2862 4833 patre
2879 4760 3097 4832 optimo
3115 4760 3186 4814 ad
3210 4759 3571 4813 moderatam
3590 4759 3648 4810 et
3667 4772 3848 4827 popu-

2215 4854 2396 4909 larem
2420 4853 2780 4925 principatus
2803 4848 3371 4906 administrationem
3394 4845 3844 4900 informabatur.

2217 4988 2302 5043 15.
2340 4990 2399 5045 Ut
2427 4984 2833 5058 provesliarius
2864 4982 3113 5037 Mumlon
3148 4981 3311 5050 pueri
3362 4976 3636 5049 principis
3679 4979 3845 5032 Joan-

2677 5076 2767 5128 nis
2798 5072 3025 5127 tutelam
3054 5067 3375 5138 susceperit.

2287 5186 2399 5239 Iloc
2427 5200 2596 5254 porro
2620 5197 2776 5236 nunc
2799 5176 3253 5247 mortuo,palam
3277 5172 3580 5243 vulgatum
3606 5177 3695 5227 est
3716 5188 3849 5242 pro-

2212 5272 2607 5329 tovestiarium
2653 5275 2902 5324 tutorem
2929 5264 3094 5336 pueri
3122 5261 3400 5333 principis
3425 5277 3459 5314 θ.
3480 5266 3645 5330 patre
3666 5261 3850 5329 impe-

2213 5365 2403 5417 ratore
2436 5360 2789 5413 declaratum
2824 5372 2889 5410 eo
2911 5359 3171 5423 tempore
3207 5366 3321 5421 quo
3354 5349 3523 5402 morti
3551 5351 3853 5419 proximus

2213 5447 2478 5504 monachi
2509 5447 2770 5501 habitum
2805 5442 3013 5498 induit.
3039 5441 3188 5495 Sane
3212 5434 3547 5491 succedenti
3572 5437 3630 5489 in
3662 5434 3849 5503 impe-

2213 5540 2361 5593 rium
2399 5537 2531 5590 huic
2590 5535 2835 5605 puerulo
2892 5530 3099 5585 Joanni
3150 5545 3217 5582 ea
3269 5528 3455 5589 (etate,
3492 5523 3586 5576 cui
3618 5538 3722 5577 uec
3779 5522 3849 5573 ad

2208 5626 2629 5699 providendum
2661 5622 2772 5679 sibi
2798 5622 2961 5687 ratio,
2990 5634 3176 5688 neque
3202 5616 3272 5670 ad
3296 5630 3357 5669 se
3384 5612 3665 5665 tuendum
3695 5611 3845 5663 vires
