4154 6286
360 345 468 402 473
1484 354 1581 405 DE
1621 352 1990 407 MICHAELE

2118 349 2378 403 .L/EOGO
2414 349 2547 401 LIB.
2591 351 2635 400 Ι.
3651 345 3763 401 474

353 471 475 525 κίαν
506 469 573 524 τὸ
601 468 837 545 ἆσφαλὶς
865 476 1166 545 περιποιεῖν
1207 472 1381 546 ἑαυτῷ
1411 473 1675 548 προνοίας
1714 470 1819 528 ἔδει
1867 473 2005 526 πάν-
2032 475 2086 541 Α
2126 469 2173 525 δ’
2230 472 2257 524 ὁ
2313 473 2528 545 πρῶτος
2576 471 2683 524 τῶν
2733 468 3142 544 Μουζαλώνων,
3172 468 3229 533 δς
3258 470 3347 525 καὶ
3375 473 3455 541 τῷ
3482 472 3579 524 τοῦ
3607 489 3760 545 πρω-

351 580 462 621 τως
494 562 593 613 τοῦ
623 560 699 631 μή
726 579 779 612 τι
808 563 996 621 παθεῖν
1028 559 1375 634 ἆπροόπτως,
1408 561 1637 617 πολλῶν
1685 558 1855 616 ὅντων
1904 568 2010 617 τῶν
2113 554 2489 632 τοϐεστιαρίου
2544 557 2803 630 τετίμητο
2860 558 3158 631 ἀξιώματι,
3219 561 3361 634 ὁρῶν
3418 559 3508 612 τὸν
3568 560 3760 623 φθόνον

354 642 851 713 ἐπιϐουλευόντων,
883 644 977 701 κᾶν
1020 669 1073 701 τι
1122 650 1314 720 μικρὸν
1362 650 1636 719 κινηθείη,
1683 648 1835 711 εὐθὺς
1882 647 2009 722 δρα-

354 735 615 790 σειόντων
671 735 739 788 τὰ
792 735 1037 807 μέγιστα.
1092 738 1183 790 Διὸ
1234 737 1323 790 καὶ
1368 741 1446 809 τῷ
1489 737 1623 791 κατᾶ
1676 737 1769 791 τὸν
1800 738 2006 807 Ἕρμον

346 831 452 894 τῆς
524 822 843 897 Μαγνησίας
935 823 1179 898 φρουρίῳ
1253 824 1456 879 ἐκεῖνον
1517 825 1766 899 φέροντες
1820 825 2010 898 ἐγκατ-

350 914 606 981 έστησαν,
635 909 869 985 συχνοὺς
910 910 1037 974 τοὺς
1085 911 1330 987 ὀπτῆρας
1374 913 1459 967 ἐπὶ
1516 912 1822 987 βασιλικαῖς
1878 913 2011 981 ὑπη-

357 1000 562 1075 ρεσίαις
609 1000 880 1071 τάξαντες.
925 999 992 1055 Οἱ
1046 996 1103 1052 δὲ
1156 1005 1494 1075 μεγιστᾶνες,
1539 1001 1589 1054 οἱ
1642 1001 1734 1073 μὶν
1783 1000 1835 1054 ἐν
1888 1004 2010 1062 ταῖς

356 1094 545 1160 τιμαῖς
577 1086 654 1141 ἔτι
689 1085 963 1160 μένοντες,
996 1087 1046 1140 οἱ
1072 1084 1130 1141 δὶ
1159 1087 1250 1142 καὶ
1280 1093 1386 1143 τῶν
1420 1089 1527 1158 ὅπη
1561 1090 1693 1143 ποτὶ
1721 1091 1827 1163 γῆς
1875 1087 2008 1157 ἀκη-

362 1175 478 1239 δέες
522 1175 706 1248 ἔμενον
752 1174 803 1244 ἐξ
861 1174 1032 1249 ὀργῆς
1092 1182 1305 1250 γωνιῶν
1361 1176 1646 1249 ἐξάλμεναι
1680 1218 1694 1244 ,
1742 1174 1851 1229 τῶν
1915 1176 2009 1247 μὲν

358 1265 687 1339 πραγμάτων
741 1261 1044 1336 ἐλευθέρως
1105 1263 1283 1337 εἶχον,
1332 1267 1430 1329 τῆς
1483 1262 1539 1318 δὲ
1572 1262 1825 1339 γλώσσης
1860 1260 2011 1316 οὔπω

354 1351 670 1426 θαρῥοῦντες
699 1350 775 1418 (οἱ
804 1349 907 1423 γὰρ
964 1349 1329 1418 Μουζάλωνες
1379 1351 1805 1426 ἐφειστήκεισαν)
1851 1346 2010 1405 ἐϐοσ-

355 1433 659 1510 σοδόμευον
712 1438 809 1499 τὰς
876 1437 1065 1511 ὀργὰς,
1145 1439 1235 1492 καὶ
1311 1440 1505 1501 πάντες
1583 1441 2011 1513 προσεποιοῦντο

352 1526 495 1599 πρὸς
546 1523 783 1585 ἐκείνους
831 1526 895 1579 τὸ
946 1525 1191 1587 εὐπειθὲς
1222 1527 1297 1588 ὡς
1332 1528 1433 1581 ὑπὸ
1470 1526 1685 1601 βασιλεῖ
1714 1523 1868 1595 δῆθεν
1924 1546 2011 1580 τε-

359 1612 591 1675 λοῦντες
652 1617 732 1684 τῷ
791 1612 1169 1687 μειρακίσκῳ,
1229 1614 1273 1667 εἶ
1330 1614 1419 1669 καὶ
1480 1613 1604 1685 ὀδὰξ
1654 1616 1706 1668 οἱ
1754 1613 2009 1677 παθόντες

354 1703 507 1777 παρά
563 1704 661 1754 τοῦ
715 1701 939 1773 πατρὸς,
999 1701 1262 1777 φαγόντος
1301 1702 1425 1763 τοὺς
1478 1706 1577 1771 τῆς
1633 1703 1799 1775 ὀργῆς
1832 1698 2013 1777 ὄμφα-

347 1809 451 1844 κας
482 1788 577 1842 καὶ
602 1785 769 1842 κόνδυ
797 1787 1018 1863 πικρίας
1051 1788 1288 1850 ἐκείνους
1332 1791 1680 1857 ποτίσαντος,
1738 1787 2006 1861 αἱμωδιᾷν

353 1875 634 1951 ὠρέγοντο
664 1876 757 1930 τὸν
790 1877 927 1931 υἱόν.
992 1876 1145 1944 Πλὴν
1175 1876 1264 1931 καὶ
1311 1877 1480 1939 οὕτως
1529 1873 1748 1951 ἔχοντες
1807 1875 2001 1948 δυσμε-

349 1965 500 2025 νείας
560 1965 614 2017 οἱ
676 1965 770 2036 μὲν
820 1968 899 2034 τῷ
930 1964 1404 2039 έπιτροπευομένῳ
1433 1966 1522 2019 καὶ
1570 1966 1696 2037 νέῳ,
1731 1967 1782 2019 οἱ
1813 1962 1870 2019 δὲ
1892 1970 2008 2026 τοῖς

360 2052 707 2129 ἐφεστηκόσι,
738 2052 991 2112 παθόντες
1026 2051 1118 2124 μέν
1153 2074 1205 2107 τι
1236 2054 1327 2107 καὶ
1379 2053 1429 2124 ἐξ
1479 2052 1689 2106 ἐνείνων
1744 2053 1804 2107 τὸ
1855 2052 2002 2123 πρὶν,

364 2141 433 2195 οὐ
468 2140 575 2211 μὴν
607 2137 655 2193 δ’
686 2137 809 2194 ἀλλ’
844 2137 957 2193 οὐδ’
988 2141 1023 2208 ἡ
1058 2138 1270 2213 νέμεσις
1317 2142 1542 2215 ἠρεμεῖν
1576 2139 1658 2194 εἶά
1691 2139 1832 2195 οὕτω
1862 2142 2006 2214 παρᾶ

358 2230 423 2284 τὸ
470 2228 614 2289 εἰκὸς
659 2228 1002 2301 τιμηθέντων
1057 2230 1133 2300 μή
1175 2226 1624 2301 δυσμεναίνοντας
1664 2233 2003 2304 κακουργεῖν,

298 2342 301 2345 η
354 2320 441 2387 τῶ
488 2316 621 2390 πρὸς
668 2314 900 2376 ἐκείνους
948 2314 1083 2377 τέως
1126 2312 1279 2392 φόϐῳ
1308 2314 1806 2390 συγκατεκλίνοντο.
1866 2316 2005 2373 Τότε

375 2444 763 2510 suppeterent,
796 2458 946 2512 opus
977 2440 1211 2497 omnino
1229 2444 1353 2496 erat
1382 2441 1588 2496 idoneo
1609 2440 1900 2512 praesidio,
1931 2456 2003 2496 ne

384 2527 522 2599 quid
559 2526 929 2598 improvisum
965 2533 1278 2599 pateretur.
1310 2529 1622 2583 Multorum
1646 2529 1862 2600 quippe
1888 2528 2003 2598 ipsi

383 2614 531 2671 clam
560 2615 965 2672 insidiantium
998 2616 1209 2672 infesta
1238 2617 1372 2672 odia
1403 2616 1794 2672 imminebant
1824 2616 1879 2669 in
1913 2632 2008 2671 oc-

368 2706 668 2760 casionem
700 2704 752 2759 ei
784 2705 1026 2759 nocendi
1054 2723 1067 2774 ;
1101 2721 1247 2775 quos
1280 2721 1436 2775 sane,
1464 2707 1509 2760 si
1538 2706 1669 2776 quis
1701 2708 1897 2760 motus
1927 2721 2008 2759 re-

370 2807 502 2846 rum
536 2791 626 2847 vel
658 2790 995 2848 levissimus
1052 2791 1354 2847 exsisteret
1413 2808 1527 2863 quo
1584 2792 1781 2863 aliqua
1836 2793 2008 2847 modo

372 2878 680 2951 quidpiam
702 2879 952 2934 novandi
975 2880 1380 2951 opportunitas
1399 2881 1652 2948 daretur,
1668 2879 1831 2935 avide
1850 2878 2008 2934 illam

2114 645 2287 702 πολὺν
2314 647 2404 700 καὶ
2432 644 2605 701 δεινὸν
2654 644 2980 721 ὒφέρποντα,
3039 646 3127 702 καὶ
3185 647 3259 708 ὡς
3311 645 3584 716 βασιλείᾷν
3617 646 3764 720 παρὰ

2113 734 2339 790 πολλῶν
2392 734 2771 806 ὑποπτεύοιτο,
2819 735 3102 788 κάντεῦθεν
3159 736 3252 789 τὸν
3305 732 3467 808 μέγαν
3511 731 3758 787 κίνδυνον

2120 824 2487 896 ὑφορώμενος,
2543 818 2680 898 ἔγνω
2738 822 2953 885 συνετὸς
3017 820 3090 876 ὣν
3145 822 3304 893 πείρᾳ
3343 824 3405 877 τὸ
3451 824 3757 898 στράτευμα

2117 908 2448 982 δοκιμάσαι,
2507 908 2623 983 ἅμα
2678 909 2737 965 δὶ
2790 910 2880 964 καὶ
2937 910 3062 971 τοὺς
3127 915 3445 986 μεγιστᾶνας
3499 910 3758 984 γνωρίσαι

2116 1001 2265 1060 ὅπως
2298 997 2477 1073 ἔχοιεν
2508 998 2691 1070 ἐκείνῳ
2722 996 3028 1069 διαθέσεως,
3070 998 3254 1054 πολλὰ
3300 999 3562 1075 πρότερον
3625 999 3758 1052 ὑπο-

2113 1094 2281 1161 ταγῆς
2340 1086 2428 1140 καὶ
2479 1084 2729 1148 δουλείας
2781 1081 3035 1158 σύμϐολα
3063 1087 3200 1160 πρὸς
3256 1088 3350 1141 τὸν
3404 1086 3648 1160 ἀφήλικα
3678 1083 3761 1139 δε-

2117 1174 2321 1243 σπότην
2382 1172 2695 1241 σπουδάζων
2750 1176 2831 1234 οἷς
2888 1172 3037 1248 λέγοι
3086 1173 3175 1227 καὶ
3223 1175 3452 1246 πράττοι
3493 1171 3760 1228 ἐνδείκνυ-

2116 1264 2256 1318 σθαι.
2302 1263 2435 1317 Τότε
2487 1262 2665 1316 τοίνυν
2725 1259 3191 1335 συγκαλεσάμενος
3244 1259 3366 1316 ὅσον
3416 1262 3483 1330 ἦν
3541 1262 3603 1316 τὸ
3658 1266 3756 1331 τῆς

2114 1350 2393 1427 γερουσίας
2450 1349 2540 1403 καὶ
2592 1349 2716 1403 ὅσον
2772 1353 2873 1403 τοῦ
2933 1347 3215 1424 βασιλείου
3280 1348 3463 1423 γένους
3519 1347 3644 1403 ὅσον
3701 1368 3760 1403 τε

2116 1443 2222 1493 τῶν
2282 1438 2562 1512 ἀρχόντων
2621 1437 2711 1492 καὶ
2770 1435 2892 1492 ὅσον
2941 1444 3040 1506 τῆς
3099 1444 3492 1513 στρατιωτικῆς
3531 1436 3753 1507 τάξεως,

2115 1527 2397 1597 παρόντων
2454 1526 2625 1580 ἐκεῖσε
2678 1525 2769 1580 καὶ
2822 1530 2929 1579 τῶν
2986 1529 3083 1580 τοῖ’)
3138 1527 3473 1600 προπάππου
3527 1528 3606 1599 [Ρ.
3664 1528 3757 1598 23]

2114 1619 2209 1669 τοῦ
2262 1611 2528 1689 βασιλέως
2580 1614 2818 1684 Λάσκαρι
2864 1610 3234 1689 αὐταδέλφων,
3276 1613 3334 1674 ’ὸς
3361 1610 3427 1681 δὴ
3460 1612 3549 1667 καὶ
3599 1610 3755 1675 οὗτος

2113 1704 2176 1757 τὸ
2206 1701 2375 1756 πάλαι
2411 1698 2689 1776 βασιλείας
2740 1698 2991 1774 διέπρεπε
3048 1698 3343 1773 διαδήματι
3402 1699 3491 1755 καὶ
3544 1699 3612 1755 τὰ
3656 1708 3755 1770 τῆς

2113 1786 2412 1862 Ῥωμαῒδος
2443 1788 2733 1861 πράγματα
2762 1789 3096 1862 συγχυθέντα
3152 1788 3227 1850 ὡς
3286 1788 3428 1862 εἶχεν
3487 1787 3759 1842 ἀνεκαλεῖ-

2112 1898 2194 1946 το,
2230 1875 2355 1932 οόδὲ
2383 1878 2602 1953 τυφλῶν
2654 1875 2849 1930 ἐκεῖθεν
2899 1874 3147 1929 ἀπόντων
3180 1877 3232 1948 (ὁ
3265 1874 3755 1951 Στρατηγόπουλος

2116 1963 2162 2018 δ’
2193 1965 2340 2018 οὗτοι
2387 1965 2522 2033 ἦσαν
2572 1964 2659 2017 καὶ
2694 1966 2722 2018 ὁ
2754 1962 2981 2035 Φιλῆς),
3020 1963 3107 2017 καὶ
3135 1966 3333 2026 παντὸς
3367 1962 3542 2018 ἄλλου
3597 1983 3755 2037 μεγι-

2115 2058 2303 2113 στᾶνος
2336 2055 2795 2125 συμπληροῦντος
2821 2053 2911 2106 τὸν
2941 2050 3240 2126 σύλλογον,
3273 2051 3355 2126 ἐφ’
3386 2050 3605 2126 ὑψηλοῦ
3632 2050 3758 2114 στὰς

2113 2141 2187 2201 ὡς
2247 2138 2305 2192 ἂν
2356 2140 2469 2210 ἅμα
2520 2136 2572 2193 οἵ
2617 2159 2675 2193 τε
2719 2142 2926 2211 πρῶτοι
2978 2138 3221 2194 ἀκούοιεν
3263 2139 3352 2193 καὶ
3402 2140 3454 2192 οἱ
3512 2137 3750 2207 ὕστατοι,

2109 2225 2261 2305 ἔλεγε
2286 2224 2434 2282 τάδε·

2113 2453 2290 2508 quam
2323 2438 2477 2509 quod
2511 2440 2768 2508 optasset
2798 2454 3041 2509 passum
3083 2439 3450 2507 meminerat,
3501 2455 3749 2510 pronum

2105 2526 2373 2597 judicatu
2407 2530 2496 2580 est
2516 2525 2973 2596 haudquaquam
2997 2531 3451 2596 temperaturam
3472 2544 3505 2581 a
3533 2532 3745 2581 conatu

2117 2613 2360 2669 laedendi
2391 2612 2754 2683 nocendique
2786 2613 3076 2684 capitibus
3097 2613 3287 2669 exesis
3309 2613 3750 2669 multitudinem

2116 2701 2346 2768 iratam,
2381 2701 2492 2755 nisi
2522 2704 2712 2754 metus
2743 2701 3013 2772 potentias
3047 2708 3285 2757 armatae
3317 2703 3616 2757 conscium
3637 2703 3749 2758 sibi

2117 2789 2452 2857 exiguarum
2475 2787 2687 2842 virium
2720 2791 2973 2843 furorem
2999 2790 3288 2860 privatum
3320 2795 3624 2845 coerceret.
3648 2789 3755 2845 Ne-

2119 2892 2231 2948 que
2261 2876 2352 2930 hic
2381 2878 2814 2946 tamsuspectus
2845 2880 2903 2931 et
2932 2877 3123 2932 minax
3141 2880 3333 2932 tumor
3356 2894 3550 2933 rerum
3578 2894 3755 2949 quor-

357 2972 710 3039 caplaturos
742 2974 799 3023 et
827 2966 916 3022 vel
946 2973 1203 3023 extrema
1234 2984 1479 3040 quaeque
1508 2970 1611 3024 40
1642 2973 1877 3023 strenue
1912 2985 2011 3022 au-
2046 2952 2089 3019 C
2119 2981 2248 3021 sum
2282 2966 2515 3019 tandem
2547 2967 2871 3035 erumperet
2901 2981 3017 3021 non
3046 2966 3354 3021 verebatur
3383 2965 3750 3023 Muzalonum

361 3072 541 3111 suros
603 3055 941 3126 apparebat.
987 3054 1172 3117 Quare
1217 3055 1379 3111 illum
1426 3056 1484 3111 in
1543 3056 2001 3112 munitissimam

363 3157 558 3199 arcem
592 3143 661 3197 ad
696 3142 972 3196 Hermum
1008 3142 1315 3213 Magnesia:
1352 3144 1819 3198 submovendum
1868 3159 2003 3197 cen-

367 3234 638 3297 suerunt,
671 3229 871 3284 addito
901 3228 1108 3285 idoneo
1159 3229 1439 3285 comitatu
1489 3234 1545 3285 et
1601 3230 1777 3286 solita
1836 3230 2006 3301 regiae

366 3318 610 3373 familiae
641 3333 707 3371 ac
740 3317 984 3387 palatini
1017 3317 1325 3371 ministerii
1352 3317 1700 3388 frequentia,
1750 3318 2011 3373 studiose

364 3406 592 3461 delecta
629 3421 694 3459 ex
733 3404 867 3459 ﬁdis
899 3404 1035 3459 viris
1066 3409 1123 3459 et
1153 3406 1221 3460 ad
1256 3405 1677 3477 invigilandum
1698 3405 1870 3461 saluti
1905 3422 2011 3477 pu-

375 3492 498 3565 pilli
520 3492 803 3564 principis
816 3492 1022 3563 gnavis
1037 3496 1092 3547 et
1114 3492 1367 3547 acribus.
1383 3494 1662 3548 Caeterum
1679 3494 2010 3564 optimates,

387 3580 504 3636 sive
533 3581 632 3651 qui
657 3580 715 3635 in
742 3597 848 3636 usu
865 3581 1151 3635 honorum
1172 3584 1230 3635 et
1249 3580 1543 3636 functione
1564 3582 2014 3651 magistratuum

384 3669 742 3740 perstabant,
776 3668 896 3723 sive
934 3668 1033 3739 qui
1064 3667 1218 3723 varie
1248 3667 1520 3739 dispersi,
1567 3668 1816 3739 indeque
1863 3666 2017 3723 male

378 3757 626 3813 animati
655 3772 794 3828 erga
822 3755 1006 3811 exsilii
1051 3760 1315 3811 auctores
1362 3756 1471 3812 hac
1526 3757 1900 3812 conversione
1928 3773 2018 3811 re-

379 3861 511 3900 rum
548 3843 919 3916 prosilierunt
946 3860 1016 3899 ex
1062 3844 1317 3916 angulis,
1362 3844 1542 3899 libere
1586 3846 1706 3914 jam
1740 3859 1910 3914 agere
1934 3843 2016 3897 illi

380 3933 620 4005 quidem
652 3933 965 3999 audebant,
1013 3933 1395 3987 continebant
1438 3936 1635 3988 tamen
1683 3931 1931 4001 linguas,
1964 3935 2021 3986 et

379 4023 543 4075 metu
572 4019 1001 4091 invigilantium
1051 4020 1262 4075 acriter
1291 4024 1346 4074 et
1376 4019 1541 4091 quasi
1581 4036 1612 4075 e
1655 4019 1891 4091 specula
1920 4036 2017 4074 su-

381 4125 587 4164 surros
616 4125 819 4164 omnes
847 4125 987 4163 aure
1018 4108 1188 4163 anxia
1240 4107 1601 4179 captantium
1648 4108 2018 4164 Muzalonum

379 4197 546 4252 taciti
579 4196 979 4267 ringebantur,
1012 4198 1099 4251 ira
1128 4198 1376 4269 odioque
1407 4198 1641 4269 penitus
1690 4197 1935 4252 conditis
1966 4202 2023 4251 et

2110 3057 2249 3135 natu
2287 3051 2607 3119 maximus,
2655 3054 3086 3123 protovestiarii
3135 3053 3396 3109 eminens
3448 3054 3751 3125 dignitate.

2114 3141 2264 3212 Ergo
2297 3140 2349 3194 is
2382 3140 2557 3195 homo
2590 3155 2694 3194 nec
2724 3141 2902 3196 hebes
2935 3157 3040 3196 nec
3093 3141 3391 3209 incautus,
3450 3147 3757 3213 perspecta

2111 3245 2226 3284 non
2258 3227 2453 3283 dubiis
2471 3228 2658 3299 signis
2680 3228 2900 3283 invidia
2921 3232 3117 3284 contra
3140 3245 3201 3284 se
3221 3229 3468 3300 ingenti,
3494 3229 3757 3300 cognito-

2113 3333 2227 3387 que
2266 3318 2358 3371 41
2398 3315 2591 3371 tacitis
2620 3316 3061 3387 suspicionibus
3096 3317 3416 3372 multorum
3467 3315 3760 3386 designari

2115 3420 2177 3459 se
2200 3419 2265 3459 ac
2294 3419 2460 3459 reum
2492 3402 2854 3475 agilaﬂ‘ectati
2885 3419 2984 3475 per
3013 3405 3203 3460 scelus
3232 3405 3482 3476 imperii,
3512 3405 3765 3476 indeque

2118 3494 2402 3562 quantum
2428 3507 2534 3545 suo
2558 3491 2729 3561 capiti
2755 3491 3078 3563 periculum
3101 3493 3481 3564 impenderet,
3506 3493 3759 3564 pruden-

2117 3584 2206 3633 ter
2234 3577 2550 3647 aestimans,
2586 3579 2835 3650 sapienti
2863 3579 3107 3635 consilio
3130 3581 3382 3635 decrevit
3405 3581 3761 3653 experimen-

2121 3672 2242 3720 tum
2276 3680 2479 3735 capere
2506 3665 2824 3723 voluntatis
2854 3668 3151 3740 studiique
3198 3668 3449 3723 militum
3481 3685 3616 3740 erga
3675 3684 3758 3734 se,

2121 3752 2534 3824 explorareque
2550 3769 2658 3822 que
2674 3755 3051 3809 madmodum
3074 3756 3131 3809 in
3155 3772 3217 3810 se
3239 3756 3424 3811 affecti
3449 3757 3761 3827 optimates

2121 3844 2336 3897 essent.
2362 3840 2543 3912 Igitur
2566 3839 2768 3894 multis
2791 3840 2953 3910 prius
2968 3843 3540 3914 documentispalam
3563 3843 3760 3915 exqui-

2123 3929 2218 3983 siti
2246 3930 2490 3983 aﬂ'ectus
2521 3927 2657 3982 ﬁdei
2687 3943 2752 3982 ac
2783 3928 3171 3985 venerationis
3211 3946 3350 4002 erga
3396 3932 3759 4002 impuberem

2122 4020 2454 4087 Augustum
2488 4015 2662 4071 editis
2693 4015 2848 4070 dicto
2880 4015 3169 4088 factoque,
3200 4034 3267 4071 ex
3299 4018 3512 4088 quibus
3555 4034 3761 4073 omnes

2119 4103 2584 4175 intelligerentse
2598 4104 2667 4158 ab
2698 4104 3215 4175 omnicogitatione
3242 4105 3556 4160 insidiandi
3580 4107 3760 4176 capiti

2125 4198 2225 4247 aut
2254 4192 2549 4261 majestati
2580 4191 2708 4261 ejus
2741 4207 3058 4263 essequam
3075 4192 3526 4259 alienissimum,
3549 4210 3758 4247 convo-

383 4284 767 4341 simulatione
789 4284 1055 4355 obsequii
1087 4284 1312 4340 velatis.
1350 4285 1464 4341 Prae
1493 4302 1553 4341 se
1578 4286 1833 4341 ferebant
1862 4286 2015 4340 enim
2049 4306 2095 4369 Ι)
2124 4280 2276 4337 cavit
2304 4283 2591 4351 quotquot
2616 4280 3168 4336 aderantsenatores
3186 4280 3595 4352 principesque
3625 4280 3762 4335 uni-

381 4388 588 4446 parere
618 4388 678 4427 se
712 4372 856 4444 ipsis
887 4372 1031 4427 velle
1063 4379 1126 4427 ut
1147 4374 1326 4428 vicem
1358 4374 1695 4444 gerentibus
1715 4373 2020 4444 imperato—

380 4462 465 4518 ris
498 4460 747 4532 parvuli,
800 4461 891 4516 cui
937 4461 1112 4516 etiam
1171 4478 1273 4532 per
1314 4463 1615 4518 ministros
1662 4466 1719 4518 et
1774 4462 2018 4517 vicarios

378 4546 963 4620 imperantilibenter
993 4549 1483 4620 obtemperarent.
1516 4550 1644 4604 Haec
1678 4550 1734 4604 in
1769 4550 2019 4621 speciem

379 4636 853 4706 ostentabantur,
892 4636 1127 4691 interim
1150 4638 1289 4692 dum
1323 4638 1362 4692 ii
1396 4640 1713 4710 praesertim
1776 4639 1873 4710 qui
1912 4656 2019 4692 nu-

380 4742 523 4798 pero
555 4723 884 4795 principatu
915 4723 1071 4793 passi
1094 4725 1340 4780 adversa
1363 4726 1609 4793 fuerant,
1639 4726 1932 4780 mordicus
1962 4724 2019 4778 in

382 4811 682 4886 proposito
705 4811 995 4866 contrario
1029 4810 1345 4879 haerebant,
1380 4812 1701 4867 ulciscendi
1756 4812 2025 4868 videlicet

383 4902 442 4958 in
470 4900 575 4955 ﬁlii
608 4902 780 4971 caput
811 4903 1079 4971 acceptas
1112 4917 1143 4955 a
1166 4900 1614 4972 patreinjurias,
1637 4917 1702 4956 ac
1726 4902 2025 4957 vehemen-

381 4995 476 5045 ter
503 4988 781 5058 optabant
808 4988 1035 5044 efﬁcere
1056 4991 1122 5042 ut
1147 4989 1354 5043 Joanni
1378 4988 1496 5043 ﬁlio
1520 4989 1723 5044 dentes
1746 4990 2021 5062 obstupe-

381 5081 617 5135 scerent
663 5092 730 5130 ex
778 5091 843 5131 eo
884 5077 1034 5145 quod
1085 5076 1426 5132 Theodorus
1457 5083 1620 5149 pater
1670 5079 1797 5148 ejus
1856 5096 2022 5133 uvam

382 5165 659 5223 acerbam
691 5163 788 5218 irae
820 5164 1068 5219 immitis
1098 5169 1155 5219 et
1194 5166 1318 5236 ipse
1352 5166 1675 5221 mandissct
1703 5173 1761 5221 et
1791 5182 2023 5237 expres-

382 5271 520 5311 sum
554 5269 622 5308 ex
652 5267 719 5307 ea
750 5251 906 5306 succi
940 5252 1120 5306 amari
1162 5254 1433 5324 poculum
1471 5254 1613 5325 ipsis
1637 5256 2023 5326 propinasset.

381 5343 578 5413 Hujus
609 5340 841 5413 generis
890 5340 1118 5395 infestis
1170 5342 1440 5397 sensibus
1490 5348 1666 5414 atque
1724 5343 2026 5398 affectibus

384 5447 601 5487 arcano
633 5429 853 5499 passim
892 5428 1275 5500 gliscentibus
1318 5431 1529 5501 partim
1581 5432 1638 5485 in
1696 5431 2027 5486 adolescen-

384 5518 582 5575 tulum
601 5515 920 5588 principem
938 5517 1546 5587 paternalaborantem
1562 5520 1797 5585 invidia,
1816 5519 2026 5590 partim

381 5612 449 5666 in
483 5608 754 5678 potentes
786 5621 998 5675 rerum,
1034 5608 1097 5661 ut
1138 5607 1385 5677 quisque
1417 5610 1487 5664 ab
1516 5609 1587 5665 iis
1611 5609 1754 5664 alias
1776 5626 1838 5663 se
1869 5608 2025 5663 aliud

2123 4393 2324 4433 versos
2355 4376 2498 4449 regii
2520 4378 2851 4445 sanguinis,
2889 4383 3292 4448 quantumque
3309 4378 3759 4447 magistratuum

2125 4467 2403 4538 qaantum
2436 4481 2505 4520 ex
2536 4464 2773 4521 militari
2801 4465 3005 4520 ordine
3031 4465 3152 4536 cogi
3186 4482 3254 4520 ex
3284 4466 3612 4537 propinque
3666 4482 3765 4537 po-

2123 4554 2257 4610 tuit.
2291 4554 2696 4610 Convenerunt
2748 4569 2982 4623 quoque
3011 4552 3068 4606 in
3126 4570 3260 4608 eum
3306 4561 3519 4607 coetum
3555 4555 3764 4609 fratres

2126 4642 2320 4715 proavi
2371 4641 2756 4712 imperatoris,
2822 4641 3102 4710 Lascaris,
3168 4642 3266 4711 qui
3325 4645 3382 4696 et
3439 4644 3564 4713 ipse
3622 4641 3761 4696 olim

2127 4746 2399 4802 magnam
2425 4729 2534 4783 sibi
2556 4728 2783 4783 laudem
2804 4729 3267 4801 peperitimperii
3287 4729 3558 4801 prmelare
3580 4730 3765 4785 admi-

2127 4820 2377 4886 nistrati,
2412 4833 2532 4872 rem
2566 4817 2885 4871 Romanam
2920 4832 2985 4871 ex
3009 4817 3223 4874 afﬂicta
3254 4822 3311 4873 et
3340 4823 3493 4874 retro
3514 4818 3682 4890 lapsa
3703 4819 3762 4873 in

2127 4906 2310 4962 multo
2342 4905 2642 4960 meliorem
2676 4920 2951 4962 revocans
2973 4909 3214 4961 statum.
3248 4907 3330 4962 Ne
3360 4908 3491 4962 ιιωοὶ
3525 4908 3761 4979 quidem

2128 4994 2368 5049 abfuere
2426 4991 2869 5063 Strategopulus
2900 4998 2956 5048 et
3014 4993 3226 5060 Philes,
3276 4996 3765 5050 concurrentibus

2131 5098 2232 5153 pro
2265 5097 2325 5136 se
2356 5096 2587 5152 quoque
2619 5080 3765 5152 magnatibussimilitercaeterisﬂuibus

2131 5170 2357 5225 cunctis
2387 5185 2661 5224 consessu
2696 5170 2960 5239 specioso
2982 5185 3047 5223 ac
3070 5170 3381 5226 venerabili
3415 5176 3764 5226 conventum

2132 5258 2481 5313 ornantibus
2514 5257 2784 5329 apparuit
2812 5260 2979 5312 stans
3009 5257 3069 5312 in
3099 5256 3223 5313 loco
3254 5258 3540 5329 superiori
3572 5261 3765 5329 proto-

2131 5346 2462 5425 vestiarius,
2497 5347 2650 5400 unde
2684 5344 2944 5416 conspici
2978 5347 3192 5415 pariter
3235 5346 3305 5401 ob
3337 5346 3614 5401 omnibus
3646 5350 3702 5399 et
3732 5362 3765 5399 a

2131 5436 2340 5506 primis
2374 5450 2488 5488 non
2521 5434 2718 5488 minus
2748 5449 2921 5502 quam
2956 5433 3027 5488 ab
3060 5433 3284 5487 ultimis
3324 5431 3515 5488 audiri
3545 5436 3763 5503 posset,

2132 5522 2450 5591 statimque
2478 5521 2538 5575 in
2571 5520 2727 5576 hunc
2758 5522 2995 5577 modum
3027 5519 3184 5591 loqui
3213 5520 3416 5592 coepit:
