4154 6286
419 323 525 381 475

494 449 576 511 ις’.
644 444 965 520 Δημηγορία
1001 447 1096 499 τοῦ
1145 436 1645 517 πρωτοϐεστιαρίου
1684 431 1986 504 Μουζάλω-

1177 534 1290 575 νος.

492 648 519 677 ‹‹
579 624 647 677 Τὸ
710 624 803 695 μὶν
860 624 927 675 τὲι
982 620 1221 694 ἡμέτερα
1252 620 1490 693 ἀρχῆθεν
1522 616 1657 690 πρὸς
1692 616 1830 685 ὑμᾶς
1862 607 2060 685 ἀρτίως

418 707 742 780 συντᾶττειν,
814 708 1042 783 εὐγενεῖς
1112 704 1298 781 ἄνδρες
1357 706 1449 758 καὶ
1504 704 1815 777 σύντροφοι,
1873 717 2058 771 περιτ-

416 800 506 853 τὸν
543 841 557 866 ,
605 798 754 869 οἶμαι
793 841 805 865 ,
867 795 1015 850 δοκεῖ
1070 795 1159 848 καὶ
1216 797 1312 847 τοῦ
1363 791 1628 865 παρόντος
1684 788 1786 858 ἔξω
1837 782 2056 859 καιροῦ’

417 886 623 959 ἀνάγκη
686 884 788 959 γὰρ
822 883 1024 956 ἐπείγει
1055 887 1221 937 ταῦτα
1248 882 1511 956 παρέντας
1563 883 1659 933 τοῦ
1706 876 1841 931 κατά
1889 871 2061 934 πόδας

419 971 685 1043 διεξιέναι.
744 972 893 1033 Τέως
948 968 993 1024 δ’
1052 971 1143 1025 οὗν
1203 969 1362 1042 μόνον
1396 968 1457 1022 οὐ
1490 965 1830 1042 γεννηθέντες
1862 962 1911 1017 ἐν
1944 966 2060 1021 τοῖς

423 1060 722 1135 βασιλείοις
773 1062 872 1114 ὑπὸ
917 1060 1077 1133 πατρὶ
1142 1060 1496 1131 ὑπηρετοῦντι
1544 1052 1771 1125 κάκείνῳ
1812 1056 1927 1111 τοῖς
1962 1050 2061 1124 βα·-

416 1149 651 1203 σιλεῦσιν
712 1148 1043 1225 ἐτράφημεν,
1102 1148 1189 1200 καὶ
1250 1144 1689 1220 προσληφθέντες
1738 1141 2058 1212 ⁴ἀνήχθημεν

413 1235 799 1309 παιδευόμενοι
878 1237 981 1290 ὕπὸ
1048 1240 1143 1289 τοῦ
1218 1233 1517 1307 μακαρίτου
1578 1231 1845 1306 βασιλέως
1901 1227 2059 1298 ἡμῶν

413 1324 917 1402 ὑφηγεμονεύοντος
942 1327 1021 1394 τῷ
1067 1324 1252 1395 πατρί.
1315 1321 1419 1375 Καὶ
1476 1320 1548 1380 ὡς
1611 1321 1817 1379 πιστῶς
1862 1316 2063 1386 ὑπηρε-

408 1419 595 1486 τοῖμεν
629 1412 1034 1486 προσκείμενοι,
1068 1410 1146 1487 ἐφ’
1178 1413 1260 1473 οἷς
1291 1409 1348 1463 ἂν
1400 1408 1490 1463 καὶ
1537 1405 1890 1482 προστάσσοι,
1934 1400 2062 1475 ἀγά-

409 1523 517 1570 πην
578 1496 733 1571 φόϐῳ
794 1498 1100 1574 μιγνύντες,
1158 1498 1352 1560 πάντες
1399 1495 1459 1550 ἂν
1516 1495 1939 1569 μαρτυρήσοιτε.
1993 1487 2063 1542 Ού

410 1591 516 1664 γὰρ
546 1590 613 1657 ἦν
645 1590 792 1660 ἡμᾶς
824 1586 963 1641 ἄλλο
994 1608 1045 1641 τι
1076 1587 1361 1658 τρέπεσθαι
1418 1584 1453 1651 ἢ
1512 1584 1910 1655 καθυπουργεῖν
1942 1575 2067 1631 ἀδό-

414 1678 527 1739 λως
555 1682 633 1748 τῷ
662 1675 988 1750 κυριεύοντι,
1047 1672 1141 1727 κᾶν
1206 1672 1336 1734 ἷ¹σως
1392 1674 1455 1726 τὸ
1504 1670 1811 1740 εὐδοκιμεῖν
1874 1668 2067 1733 of)fo

1709 311 2010 371 GEORGII
2050 306 2513 360 PACHYMERE

3700 298 3804 353 476

2087 432 2143 498 Α
2173 428 2499 501 ὑπέρχεσθαι
2526 427 2615 480 τὸν
2646 425 2833 498 καιρὸν
2865 423 2953 477 καὶ
2981 422 3048 478 τά
3096 422 3149 483 ἐς
3204 416 3414 496 βλάϐην
3471 420 3580 474 τισὶ
3629 440 3803 494 πραγ-

2170 516 2504 587 ματεύεσθαι.
2565 516 2649 586 [Ρ.
2709 515 2798 584 24]
2859 508 3014 568 Οἶδεν
3074 510 3151 571 εἷς
3212 514 3368 563 τοῦτο
3426 508 3488 561 τὸ
3537 508 3802 582 ἡμέτερον

2166 600 2421 663 συνειδὸς.
2474 599 2607 655 Οὔτε
2662 602 2766 674 γὰρ
2822 599 2884 653 τὸ
2931 603 3176 653 τοισῦτον
3214 597 3369 670 ἦρξεν
3402 598 3536 667 ἡμῖν
3569 602 3666 664 τῆς
3720 617 3805 649 τι-

2170 698 2299 763 μῆς,
2333 691 2421 743 καὶ
2451 690 2512 743 τὸ
2548 690 2681 760 μετά
2702 693 2866 742 ταῦτα
2912 686 3187 761 κρατύνειν
3223 684 3399 745 οὕτως
3453 684 3621 750 αὐτὴν
3684 683 3804 738 λίαν

2166 778 2444 853 ἡγούμεθα
2468 782 2575 831 τῶν
2608 775 2923 849 αἰσχίστων·
2975 772 3127 848 ἀνδρὶ
3170 775 3269 846 γὰρ
3327 770 3607 843 δυναμένῳ
3669 773 3809 844 μέγα

2165 869 2291 940 παρ’
2348 865 2594 941 ἄρχοντι,
2644 865 2693 917 εἷ’
2740 862 2865 924 τοὺς
2910 859 3112 925 ἄλλους
3156 860 3421 935 πτερνίζοι
3474 854 3806 913 ὑποϐάλλων

2164 956 2231 1008 τὰ
2274 957 2348 1027 μὴ
2401 956 2729 1023 καθήκοντα,
2788 951 2889 1005 οὐκ
2946 948 3087 1004 ἔστιν
3146 950 3289 1008 ὅστις
3346 947 3407 1001 ού
3464 943 3687 1007 δικαίως
3747 946 3809 999 ἂν

2166 1044 2530 1116 νεμεσήσειεν.
2608 1040 2783 1097 Ἀλλά
2851 1039 2939 1093 καὶ
2994 1038 3055 1092 τὸ
3118 1038 3194 1109 μὴ
3254 1036 3509 1099 θωπείαις
3567 1033 3808 1110 ἀγεννέσι

2167 1134 2257 1186 καὶ
2306 1130 2672 1203 ἀνελευθέροις
2727 1128 3117 1196 ὑποποιησεσιν
3188 1124 3506 1199 ὑποτρέχειν
3556 1123 3646 1177 τὸν
3706 1122 3808 1197 ἅρ-

2167 1240 2360 1295 χοντα,
2416 1220 2503 1271 καὶ
2556 1218 2691 1291 πρὸς
2742 1214 2963 1275 ἑαυτοὺς
3005 1209 3319 1289 ἐφέλκεσθαι
3364 1212 3462 1272 τὰς
3488 1210 3651 1283 θύρας
3708 1216 3809 1279 τῆς

2168 1307 2374 1362 ἐκείνου
2418 1306 2691 1379 εύμενειας
2736 1308 2851 1364 τοῖς
2897 1303 3099 1377 ἑτέροις
3154 1300 3559 1374 ἐπιζυγοῦντας,
3608 1295 3806 1367 ἔδειξαν

2170 1397 2223 1449 αἱ
2255 1394 2459 1449 πολλαὶ
2490 1398 2597 1447 τῶν
2632 1391 2840 1446 ἐκείνου
2888 1389 3116 1464 πληγῶν
3163 1387 3437 1463 ἐπιφοραὶ,
3486 1384 3623 1439 ὥστε
3668 1384 3805 1440 πολ-

2172 1484 2327 1544 λάκις
2384 1484 2529 1553 ἡμᾶς
2584 1478 2813 1555 ἐγγίζειν
2868 1482 2949 1549 τῷ
3016 1478 3227 1547 θανάτῳ
3293 1474 3756 1548 μαστιγουμένους
3792 1515 3805 1529 .

2168 1573 2353 1631 Ὅπως
2386 1567 2557 1623 δὲκαὶ
2589 1568 2723 1642 πρὸς
2781 1567 2929 1637 ὑμῶν
2981 1563 3199 1618 ’ἑκαστον
3264 1565 3481 1637 ἀγάπης
3536 1560 3806 1635 εἷ’χομων.

2170 1659 2260 1713 καὶ
2291 1660 2363 1721 ὡς
2390 1659 2488 1725 την
2524 1658 2781 1730 ὑμετέραν
2815 1655 2939 1727 παρ’
2970 1652 3157 1723 ἐκείνῳ
3186 1648 3469 1724 ἀποδοχὴν
3519 1654 3615 1703 τοῦ
3672 1668 3808 1701 παν-

412 1766 492 1840 ἐφ’
525 1736 616 1825 οῖς.
646 1736 1131 1837 προυθυμούμεθα·
1193 1762 1369 1815 πίστιν
1429 1758 1485 1813 δὲ
1546 1736 1705 1831 μετιΞι⁷
1731 1755 2059 1830 προθυμίας,
2091 1763 2138 1827 Β
2168 1748 2259 1807 τὸς
2292 1745 2623 1817 ἐτιμώμεθα,
2679 1740 2928 1801 πολλοὺς
2977 1739 3539 1840 οῖμαιιγινώσκοντας
3559 1736 3807 1840 ἐξειπεῖν.

410 1850 504 1906 κᾶν
551 1854 626 1923 μή
679 1852 812 1923 ἀνύῃ
845 1871 948 1918 τις,
992 1852 1080 1903 καὶ
1115 1847 1334 1903 δύσνουν
1368 1852 1515 1916 νιγᾷν
1568 1843 1921 1915 εὐδοκίμησιν
1977 1840 2057 1895 οῗ-

414 1937 600 2011 δαμεν.
662 1939 731 1992 Τὸ
764 1936 821 1991 δὲ
868 1938 955 1991 καὶ
1014 1936 1175 2008 τιμάς
1229 1931 1413 1989 Λαϐεῖν
1456 1938 1602 2005 ἡμᾶς
1638 1932 1727 1985 καὶ
1755 1935 1861 1984 τῶν
1896 1930 2054 1997 ἀξιω-

415 2032 595 2100 ματων
628 2028 755 2101 παρ’
808 2026 836 2079 ’ὀ
892 2022 1313 2099 προσεδοκῶμεν
1347 2025 1415 2078 τὰ
1447 2023 1676 2096 μέγιστα
1710 2016 2056 2092 βασιλεύσαν-

409 2136 499 2176 τος
530 2119 625 2167 τοῦ
656 2113 938 2181 δεσπότου,
973 2113 1177 2166 ἐκείνου
1237 2111 1485 2172 θέλοντος
1522 2112 1605 2176 ἦν.
1660 2107 1718 2160 Τί
1768 2106 1866 2178 γὰρ
1928 2105 2055 2176 ὑμῖν

410 2204 499 2256 καὶ
556 2204 623 2269 ἦν
673 2203 748 2263 εἷς
780 2203 840 2255 τὸ
873 2201 1198 2273 θαυμαστὸν,
1252 2199 1388 2254 ὥστε
1415 2198 1503 2252 καὶ
1532 2201 1834 2269 τιμηθῆναι
1864 2196 2057 2246 τοσαῦ-

410 2311 517 2359 τα;
568 2289 720 2360 ὅμως
771 2286 945 2343 ἐδόκει
975 2293 1054 2358 τῷ
1089 2286 1452 2361 βασιλεύοντι,
1484 2286 1569 2337 καὶ
1614 2286 1775 2355 ἡμεῖς
1808 2280 1893 2334 ἐπὶ
1949 2283 2058 2333 τῶν

414 2377 737 2450 ἀξιωμάτων
787 2378 949 2451 ἦμεν,
1008 2376 1070 2430 ού
1124 2376 1229 2448 μὴν
1278 2372 1334 2428 δὲ
1383 2372 1521 2427 ὥστε
1567 2371 1657 2425 καὶ
1687 2371 2060 2443 κακεντρεχῶς

686 2558 773 2611 16.
808 2556 1005 2613 Concio
1023 2554 1433 2627 protovestiarii
1460 2551 1788 2607 Mumlom's.

484 2664 511 2698 α
546 2647 655 2701 Res
687 2648 919 2700 nostras
952 2662 985 2699 a
1016 2643 1305 2714 principio
1337 2641 1490 2713 apud
1508 2655 1609 2695 vos
1637 2637 1919 2693 hodierna
1935 2650 2059 2689 ora-

414 2734 573 2789 tione
605 2737 882 2804 repetere,
911 2732 1019 2786 viri
1051 2729 1541 2800 nobilesaequales
1582 2727 1881 2783 etsodales
1921 2720 2057 2788 mei,

416 2821 775 2892 superﬂuum
836 2821 1044 2892 Opinor
1099 2820 1395 2875 videretur
1425 2822 1480 2873 et
1536 2816 1793 2872 alienum
1834 2813 1904 2866 ab
1946 2810 2057 2864 hoc

415 2914 700 2979 tempore,
732 2925 847 2979 quo
878 2908 1033 2962 aliud
1069 2908 1239 2962 nobis
1270 2900 1950 2976 objicilurnecessarium
1966 2895 2056 2951 di-

416 2998 583 3052 cendi
616 3000 964 3067 argumentu
980 3012 1031 3048 m
1047 2995 1164 3061 ,isti
1190 2995 1395 3064 utique
1412 2992 1895 3065 praevertendum.
1918 2984 2054 3039 Obi-

410 3090 499 3140 ter
530 3084 719 3140 solum
752 3085 993 3139 innuam
1036 3100 1140 3138 nos
1172 3087 1403 3138 tantum
1439 3098 1556 3135 non
1583 3082 1641 3133 in
1658 3076 1870 3149 palatio
1889 3070 2053 3145 geni-

409 3176 500 3228 tos
530 3189 562 3225 a
593 3178 777 3240 patre,
809 3171 1079 3225 ministro
1107 3175 1164 3223 et
1191 3170 1319 3239 ipso
1353 3164 1879 3237 imperatorum,in
1912 3163 2043 3219 aula

411 3262 511 3316 42
544 3261 823 3315 educatos
855 3274 1003 3323 esse,
1036 3262 1093 3312 et
1146 3256 1205 3311 in
1260 3254 1580 3325 palatinum
1642 3253 2041 3325 paedagogium

413 3346 672 3402 adscitos
705 3347 816 3401 sub
848 3346 1213 3416 imperatore,
1246 3361 1413 3414 quem
1439 3344 1609 3398 modo
1625 3346 1921 3396 mortuum
1953 3340 2042 3394 lu-

411 3451 642 3506 gemus,
676 3435 1013 3488 rudimenta
1042 3432 1694 3504 puerilisinstitutionis
1732 3429 1920 3500 prima
1943 3446 2043 3500 po-

411 3523 621 3579 suisse.
655 3524 717 3577 In
752 3523 881 3591 ejus
910 3522 1192 3592 obsequio
1213 3522 1320 3576 sub
1344 3526 1506 3591 patre
1532 3518 1891 3574 dominantis
1914 3518 2045 3573 ado-

412 3610 695 3680 levimus;
728 3615 782 3664 et
814 3626 929 3681 qua
961 3610 1009 3663 ei
1056 3611 1167 3664 ﬁde
1220 3609 1595 3665 servierimus
1637 3607 2045 3661 incumbentes

414 3698 639 3768 impetu
672 3698 997 3766 aﬁ‘ectuque
1028 3702 1146 3751 toto
1176 3698 1237 3751 in
1269 3712 1337 3751 ea
1365 3696 1763 3766 quajubebat,
1787 3710 2045 3749 amorem

412 3800 543 3840 cum
577 3791 735 3840 metu
767 3785 1101 3855 miscentes,
1132 3785 1335 3839 testari
1368 3785 1607 3855 potestis
1634 3783 1887 3838 universi
1920 3798 2044 3836 vos.

413 3874 727 3945 Nunquam
760 3874 914 3928 enim
948 3873 1035 3928 vel
1094 3873 1391 3929 tantillum
1427 3874 1769 3927 defleximus
1817 3887 1849 3923 a
1888 3874 2046 3925 recta

414 3962 605 4016 ﬁdelis
637 3962 903 4032 obsequii
933 3963 1047 4029 via,
1069 3978 1173 4017 nec
1187 3962 1345 4017 aliud
1367 3962 1709 4015 studuimus
1726 3974 1903 4029 quam
1919 3959 2045 4013 sine

413 4051 618 4105 fraude
648 4067 713 4104 ac
746 4050 872 4105 fuco
890 4051 1113 4106 sincere
1131 4050 1366 4105 obedire
1393 4046 1839 4119 domino,etiam
1871 4047 1929 4100 in
1956 4045 2045 4101 his

414 4138 693 4204 ubiforte,
718 4139 872 4207 quod
905 4139 1100 4193 studio
1123 4154 1354 4192 summo
1379 4139 1756 4200 conabamur,
1775 4136 1845 4190 ad
1869 4136 2043 4189 ﬁnem

412 4225 496 4279 illi
521 4227 785 4297 placendi
808 4242 917 4280 non
937 4226 1311 4297 pertingeret.
1342 4224 1435 4280 Sic
1450 4225 1604 4278 enim
1624 4224 2043 4289 statuebamus,

413 4312 588 4367 ﬁdem
620 4330 751 4367 cum
785 4312 1044 4368 ofﬁciosa
1071 4312 1389 4377 voluntate,
1422 4310 1844 4365 licetsuccessu
1868 4311 2045 4365 desti-

411 4404 620 4468 tutam,
681 4400 935 4471 praaferri
995 4402 1206 4455 debere
1261 4398 1541 4468 obsequio
1584 4399 1736 4468 quod
1771 4415 1881 4452 non
1916 4405 2045 4453 stu—

2171 1835 2231 1890 Ei
2265 1832 2319 1888 δέ
2349 1854 2442 1887 ποι
2474 1832 2560 1885 καὶ
2594 1832 2667 1903 μή
2702 1830 2954 1901 ἀνύοιμεν
2985 1828 3333 1893 ἱκετεύοντες,
3367 1824 3427 1879 οὒ
3475 1825 3610 1900 πρὸς
3658 1827 3809 1894 ἡμᾶς

2167 1920 2285 1977 οἶδα
2330 1925 2509 1975 τοῦτο.
2554 1919 2704 1987 Πλὴν
2750 1919 2811 1972 τὸ
2857 1915 3117 1971 δύσκολον
3160 1919 3255 1969 τοῦ
3304 1917 3493 1988 καιροῦ
3540 1908 3809 1986 περιϐάλ-

2167 2009 2279 2064 λειν
2326 2009 2599 2083 μεγίσταις
2647 2005 2904 2078 ὑποψίαις
2955 2003 3044 2057 καὶ
3085 2001 3213 2063 τοὺς
3266 1999 3432 2073 μηδὲν
3480 1999 3701 2061 δικαίως
3752 1998 3814 2052 ἂν

2167 2097 2692 2171 ἐγκληθησομένους,
2738 2092 2783 2147 εἰ
2839 2092 3013 2166 ὀρθῶς
3061 2112 3143 2153 τις
3188 2090 3385 2165 κρίνοι,
3440 2086 3596 2144 οὐδὲν
3652 2087 3809 2142 ἀπει-

2166 2186 2260 2249 κὸς
2306 2184 2453 2245 ἴσως.
2510 2184 2571 2238 Ἡ
2616 2183 2716 2255 γάρ
2765 2185 2861 2234 τοῦ
2901 2183 3091 2247 καιροῦ
3124 2176 3388 2232 δυσκαλία
3417 2177 3667 2250 ἁψαμένη
3714 2175 3806 2230 καὶ

2168 2278 2272 2327 τῶν
2314 2274 2602 2347 μεγίστων,
2656 2269 2747 2323 καὶ
2805 2271 2888 2330 οἷς
2948 2268 3049 2321 οὐκ
3105 2270 3169 2335 ἦν
3225 2267 3408 2320 παθεῖν
3459 2265 3518 2319 ἐκ
3573 2262 3804 2334 δικαίου,

2171 2362 2392 2421 ἐκείνοις
2422 2361 2514 2431 μὲν
2548 2356 2851 2434 συμφορὰν,
2884 2359 3019 2428 ἡμῖν
3050 2353 3105 2409 δὲ
3154 2354 3383 2427 ὑποψίαν
3433 2353 3516 2426 (οὗ
3562 2353 3665 2428 γὰρ
3712 2374 3810 2407 κα-

2170 2560 2341 2616 nobis
2371 2556 2807 2629 possessionem
2842 2555 3127 2610 honorum
3178 2551 3591 2623 turpissimum
3638 2551 3799 2606 istud

2168 2663 2353 2719 genus
2385 2645 2636 2701 astutia.
2666 2642 2898 2698 Homini
2932 2643 3149 2713 quippe
3175 2641 3329 2711 apud
3356 2640 3683 2711 principem
3709 2656 3807 2709 po-

2167 2736 2333 2803 tenti,
2357 2734 2406 2788 si
2442 2737 2683 2787 conetur
2713 2730 3092 2801 supplantare
3106 2729 3272 2794 alios,
3298 2744 3619 2798 suggerens
3649 2729 3806 2798 quod

2167 2824 2395 2878 irritare
2424 2822 2704 2876 adversus
2736 2818 3001 2873 innoxios
3034 2821 3373 2888 regnantem
3407 2816 3612 2886 possit,
3632 2832 3805 2871 nemo

2164 2917 2254 2967 est
2279 2911 2379 2981 qui
2411 2927 2525 2964 non
2550 2910 2712 2977 juste
2743 2910 3083 2961 succenseat
3131 2909 3188 2959 et
3242 2904 3371 2958 dira
3426 2904 3802 2974 imprecetur.

2161 3000 2270 3053 Sed
2302 3012 2489 3067 neque
2518 3012 2623 3051 nos
2655 2993 3097 3049 adulationibus
3126 2992 3345 3046 vilibus
3396 2996 3452 3047 et
3504 2990 3688 3047 libero
3720 2992 3806 3046 in-

2160 3085 2350 3157 dignis
2395 3081 2915 3140 assentatiunculis
2956 3080 3411 3136 circumvenisse
3462 3078 3804 3135 facilitatem

2158 3173 2463 3246 principis,
2495 3176 2552 3226 et
2581 3172 2661 3225 ita
2692 3172 2747 3223 in
2781 3171 2910 3239 ejus
2941 3168 3254 3240 irrepsisse
3286 3167 3533 3239 gratiam
3557 3172 3621 3222 ut
3650 3169 3804 3223 fores

2148 3263 2275 3333 ejus
2307 3260 2722 3317 benevolentiae
2753 3274 2932 3329 supra
2963 3273 3069 3312 nos
3101 3256 3527 3311 attraheremus
3568 3257 3666 3310 43
3708 3272 3805 3311 ex-

2149 3350 2455 3405 cludendis
2488 3347 2640 3413 aliis,
2670 3347 2813 3401 satis
2837 3345 3351 3401 indicantinﬂictae
3366 3344 3535 3399 nobis
3567 3344 3638 3399 ab
3669 3343 3797 3414 ipso

2148 3437 2349 3492 liberis
2380 3436 2554 3491 dictis
2584 3435 2804 3489 offenso
2839 3435 3038 3487 multa;
3071 3449 3175 3488 nec
3210 3432 3364 3487 leves
3384 3432 3587 3503 plagae,
3622 3433 3705 3486 ita
3727 3437 3792 3487 ut

2152 3527 2221 3580 ad
2256 3524 2462 3580 mortis
2494 3540 2645 3594 saepe
2676 3522 2946 3577 viciniam
2983 3521 3211 3592 ﬂagella
3238 3538 3344 3576 nos
3369 3522 3498 3590 ejus
3522 3521 3800 3575 admove-

2151 3614 2290 3669 rint.
2325 3613 2542 3667 Chares
2576 3616 2767 3666 autem
2813 3610 2981 3665 nobis
3011 3626 3111 3664 vos
3172 3626 3375 3664 omnes
3424 3625 3571 3677 esse,
3618 3612 3674 3662 et
3732 3614 3801 3664 ut

2150 3706 2408 3757 vestram
2444 3701 2728 3769 cujusque
2759 3697 3250 3753 introductionem
3284 3698 3341 3751 in
3375 3698 3503 3767 ejus
3548 3696 3797 3768 gratiam

2152 3789 2591 3845 commodorum
2626 3788 2803 3841 etiam
2838 3794 3171 3841 nostrorum
3204 3801 3270 3839 ac
3308 3786 3550 3840 fortunae
3578 3786 3796 3841 damno

2152 3876 2679 3948 procuraverimus,
2707 3874 2924 3929 multos
2943 3880 3082 3945 puto
3105 3874 3505 3944 dicturos,!qui
3528 3872 3801 3944 praeclare

2151 3967 2368 4023 norint.
2404 3966 2565 4029 Quod
2600 3965 2648 4019 si
2681 3964 2821 4035 quid
2855 3980 2923 4018 ex
2954 3962 3288 4034 cujuspiam
3314 3979 3443 4017 vero
3466 3962 3783 4033 impetrare

2151 4053 2532 4124 supplicando
2556 4051 2948 4122 nequivimus,
2970 4067 3084 4105 non
3100 4050 3573 4121 idimputandum
3590 4049 3779 4113 nobis,

2152 4142 2359 4211 utique
2380 4141 2630 4196 consciis
2652 4138 3033 4194 sincerissimi
3056 4139 3114 4193 in
3138 4139 3431 4208 ejusmodi
3449 4138 3656 4194 ofﬁciis
3675 4142 3798 4193 stu-

2152 4229 2254 4293 dii.
2290 4231 2388 4283 sed
2417 4229 2799 4283 tribuendum
2831 4227 3281 4282 difﬁcultatibus
3304 4232 3798 4298 temporum,sug-

2151 4317 2487 4389 gerentibus
2546 4316 2727 4371 menti
2785 4315 3082 4386 principis
3142 4331 3306 4370 acres
3336 4315 3709 4385 suspiciones
3733 4314 3795 4369 in

2151 4407 2439 4477 quosdam
2466 4406 2703 4460 omnino
2734 4404 3089 4475 inculpatos,
3123 4405 3173 4459 si
3199 4409 3352 4458 recte
3407 4403 3794 4473 judicaretur,

410 4488 571 4544 ἀίοεθ
598 4504 702 4543 nec
733 4489 1011 4543 beneVOIO
1060 4488 1384 4558 suSCiPitm‘
1438 4487 1668 4554 ἃσθεῐυ,
1718 4486 1851 4541 licet
1909 4504 2042 4557 ριό-
2072 4486 2117 4549 D
2149 4496 2289 4560 Quis
2320 4495 2474 4549 enim
2502 4493 2682 4548 moris
2707 4493 2945 4547 humani
2981 4493 3172 4547 sciens
3200 4509 3313 4546 non
3342 4492 3425 4547 ita
3446 4493 3677 4547 evenire
3700 4508 3796 4546 so—

411 4592 579 4646 spere
612 4592 678 4631 ac
710 4592 842 4630 cum
876 4577 1104 4647 agentis
1145 4577 1314 4631 laude
1344 4578 1731 4646 perpetretur.
1753 4575 1913 4637 Quod
1944 4593 2051 4630 au-

406 4668 523 4719 tem
555 4664 801 4719 honores
815 4665 1166 4720 admisimus
1198 4669 1254 4719 et
1284 4664 1602 4734 dignitates
1621 4664 2049 4734 exspectatione

410 4756 613 4806 nostra
646 4753 922 4821 majores,
956 4758 1130 4822 atque
1160 4754 1304 4807 adeo
1354 4753 1665 4819 maximas,
1725 4753 2049 4822 imperante

412 4840 648 4893 domino
671 4843 891 4907 nostro,
908 4838 1188 4893 voluntati
1211 4840 1339 4909 ejus
1355 4840 1767 4911 imputandum
1782 4842 2047 4905 estQuid

412 4927 564 4981 enim
599 4943 703 4981 nos
724 4927 954 4996 egimus
987 4931 1100 4980 tam
1134 4927 1743 4997 egregiumuttantum
1777 4930 2047 4984 bonorari

419 5029 777 5068 mereremur
802 5014 829 5066 ?
884 5013 1101 5068 Tamen
1135 5014 1217 5068 ita
1248 5015 1558 5085 imperanti
1588 5018 1798 5072 visum.
1834 5020 1901 5072 Et
1944 5035 2047 5073 nos

411 5101 471 5155 in
502 5100 881 5167 dignitatibus
914 5117 1141 5167 sumus,
1176 5118 1292 5157 non
1323 5106 1515 5159 tamen
1549 5108 1612 5157 ut
1644 5109 1831 5159 astuta
1887 5108 2047 5161 mali-

415 5190 634 5260 gnitate
678 5188 1094 5244 immineamus
1134 5191 1540 5246 occasionibus
1573 5193 1835 5258 nocendi,
1877 5201 1933 5248 et
1990 5197 2045 5249 in

411 5279 763 5347 cujusquam
798 5277 1080 5332 damnum
1101 5282 1385 5348 potestate
1404 5280 1968 5337 abutamur/Testem
1987 5284 2046 5337 in

411 5365 467 5418 id
500 5365 710 5419 damus
742 5366 1161 5421 conscientiam
1194 5371 1476 5422 nostram.
1514 5368 1709 5438 Neque
1739 5369 1892 5424 enim
1949 5377 2048 5427 aut

414 5453 1002 5519 ejusmodidamnatze
1037 5459 1189 5508 artes
1205 5454 1352 5509 viam
1371 5456 1539 5511 nobis
1571 5457 1640 5509 ad
1664 5462 2043 5515 crescendu'n

416 5540 776 5612 munierunt,
812 5548 911 5597 aut
942 5544 1264 5598 conducere
1296 5548 1571 5614 putamus
1595 5548 1664 5600 ad
1696 5549 2043 5605 lii-mandatu

2160 4582 2277 4637 lere
2310 4581 2466 4636 novit
2493 4581 2520 4634 ?
2552 4582 2929 4649 Temporum,
2955 4580 3217 4649 inquam,
3252 4579 3425 4633 certis
3482 4578 3796 4633 momentis

2158 4670 2401 4725 confusa
2429 4670 2691 4738 quadam
2711 4668 2965 4738 maligne
2980 4666 3324 4739 perplexilas
3346 4665 3597 4721 summis
3619 4666 3795 4721 etiam

2157 4759 2297 4812 viris
2329 4757 2693 4827 suspiciones
2727 4755 3132 4826 iniquissimae
3164 4754 3441 4826 aspergit,
3493 4754 3768 4824 importat

2158 4863 2269 4917 que
2299 4846 2660 4900 calamitates
2694 4844 2765 4899 iis
2795 4845 2894 4915 qui
2931 4843 3168 4897 multari
3198 4860 3267 4897 ex
3296 4842 3503 4897 merito
3535 4859 3648 4898 non
3695 4859 3795 4911 po-

2155 4938 2389 4990 tuerant
2422 4952 2435 4998 ;
2471 4930 2637 4987 nobis
2669 4938 2863 4987 autem
2895 4932 3288 4987 familiaribus
3348 4930 3633 5002 principis
3689 4948 3797 4985 su-

2157 5022 2475 5093 spicionem
2500 5020 2899 5085 verisimilem,
2939 5037 3053 5074 non
3092 5020 3211 5074 veri
3270 5024 3464 5074 tamen
3526 5019 3794 5075 criminis

2154 5108 2423 5177 imponit,
2452 5107 2622 5178 quasi
2653 5108 2849 5162 causis
2879 5113 2937 5161 et
2969 5107 3310 5163 auctoribus
3343 5106 3632 5162 malorum
3664 5124 3792 5177 quae

2157 5202 2494 5269 praevertere
2524 5194 2919 5263 nequivimus.
2953 5195 3236 5250 Caeterum
3271 5195 3611 5265 hujusmodi
3654 5211 3787 5250 om-

2156 5287 2319 5341 nium
2345 5284 2526 5354 judex
2556 5284 2605 5337 si
2633 5282 2869 5337 divinus
2900 5282 3125 5349 oculus,
3171 5284 3272 5353 qui
3331 5283 3443 5338 scit
3501 5283 3789 5338 malitiam

2158 5374 2362 5446 punire
2390 5392 2403 5438 ;
2439 5388 2542 5426 nec
2560 5372 2611 5426 ei
2636 5373 2796 5426 fraus
2818 5373 3168 5442 cujusquam
3188 5372 3340 5426 valet
3355 5372 3657 5441 obrepere.
3678 5375 3790 5426 Ita-

2155 5478 2267 5532 que
2300 5462 2348 5516 si
2380 5478 2505 5529 qure
2536 5460 3074 5528 contigerunttalia,
3111 5460 3277 5515 nobis
3306 5460 3503 5514 invitis
3528 5465 3584 5514 et
3616 5459 3788 5530 plane

2157 5550 2407 5606 innoxiis
2463 5549 2851 5619 contigerunt.
2890 5550 2956 5603 Et
3005 5566 3130 5620 qua)
3162 5565 3341 5618 paena:
3376 5547 3787 5603 innocentibus
