4154 6286
366 320 473 378 477

1433 325 1523 376 DE
1562 324 1933 377 MICHAELE
1974 319 2413 374 PALEOLOGO
2454 319 2581 370 LIB.
2622 321 2663 370 Ι.

3657 315 3764 369 478

365 443 486 499 κίαν
519 440 792 515 εἶ’ποιμεν)
830 442 889 497 ἐκ
942 447 1038 497 τοῦ
1090 442 1297 507 είκότος
1350 448 1618 519 προσῆψε.
1672 441 1825 513 Πλὴν
1884 445 2004 498 ἱκά-
2038 446 2087 511 Α
2120 443 2201 513 [Ρ.
2231 443 2323 513 25]
2376 432 2602 515 ’Πρῶτον
2641 439 2732 511 μὲν
2784 441 2845 494 τὸ
2899 441 3041 502 νέαις
3088 446 3188 510 τῆς
3232 438 3453 510 ἡλικίας
3488 440 3759 515 φροντίσιν

367 554 497 587 στου
545 533 739 607 κριτὴς
787 532 849 586 τὸ
895 533 1037 586 θεῖον
1087 530 1262 604 ὄμμα,
1294 531 1353 594 ὅς
1386 531 1495 586 οἶδε
1525 532 1709 586 κακίαν
1759 530 2008 599 κολάζειν

371 619 542 694 μηδὲν
595 619 831 694 ἐχόντων
881 619 1359 694 παραλογίζεσθαι.
1417 619 1598 681 Οὕτως
1650 623 1811 692 ἡμεῖς
1856 619 2012 675 ἐλεύ-

284 712 287 713 ⁷
368 720 517 782 θεροι
546 712 656 762 τῶν
683 706 974 775 τοιούτων,
1006 705 1065 761 ἄν
1098 728 1209 761 τισι
1239 702 1436 775 συνέϐη
1486 707 1575 761 καὶ
1618 707 1683 761 τά
1726 708 2008 775 ἀνήκεστα.

365 798 437 850 Τὸ
468 797 572 870 γὰρ
604 795 809 849 ἐκείνου
840 793 1054 866 Θέλημα
1104 801 1296 869 περιῆν
1325 796 1523 856 παντὸς
1564 792 1817 866 ἐμποδὼν
1863 796 2011 847 ἱστα-

370 886 557 956 μένου,
615 884 661 954 ᾧ
720 880 786 952 δὴ
842 884 1231 956 προσίστασθαι
1286 884 1361 954 μὴ
1405 882 1494 937 καὶ
1543 880 1787 943 κίνδυνος
1844 882 1910 950 ἧν
1960 880 2010 951 ἐξ

364 974 621 1048 ἀνάγκης,
650 972 742 1025 καὶ
798 974 835 1040 ἡ
895 972 1114 1046 ἀκαιρία
1144 978 1375 1046 προσῆν⁹
1436 970 1697 1045 κρείσσων
1755 970 1856 1043 γὰρ
1915 971 2009 1042 βα-

365 1056 571 1125 σιλεὺς,
629 1056 706 1111 ὅτ’
765 1055 1042 1130 ὀργίζοιτο
1094 1056 1323 1132 χείρονι.
1385 1058 1484 1113 Καὶ
1540 1061 1704 1111 ταῦτα
1738 1057 1830 1128 μὲν
1875 1057 2011 1110 ὥστε

369 1145 537 1215 δεῖξαι
588 1148 722 1218 μήτε
770 1147 837 1199 τά
883 1145 1167 1217 ἀξιώματα
1198 1144 1605 1206 σπουδάσαντας
1637 1149 1809 1218 σχεῖν,
1874 1146 2010 1216 μήτε

365 1240 470 1301 τῆς
516 1232 602 1287 ἰπί
650 1253 794 1294 τινας
842 1234 948 1286 τῶν
1002 1235 1336 1307 μεγιστάτων
1385 1238 1481 1287 τοῦ
1516 1232 1782 1306 βασιλέως
1843 1233 2007 1307 ὀργῆς

366 1318 592 1382 δικαίως
632 1315 774 1395 ἔχειν
833 1322 981 1392 ἡμᾶς
1029 1319 1297 1374 αἰτιᾶσθαί
1348 1341 1516 1383 τινας.
1577 1317 1731 1374 Ἀλλ’
1787 1319 1852 1388 ἦν
1913 1322 2005 1390 μὲν

352 1408 493 1470 ’ίσως
550 1408 640 1463 καὶ
696 1407 940 1480 πταῖσμά
969 1430 1098 1474 τινι,
1131 1408 1197 1476 ἧν
1236 1408 1282 1462 δ’
1323 1406 1518 1469 ἄλλοις
1546 1408 1635 1461 καὶ
1668 1407 1772 1461 οὐκ
1800 1407 1851 1462 ἐν
1880 1408 2006 1480 ἀγα-

360 1503 480 1561 θοῖς
529 1496 754 1569 ὑποψία,
809 1498 876 1565 ἦν
932 1493 989 1550 δὶ
1033 1497 1123 1551 καὶ
1178 1494 1445 1571 βασιλέως
1502 1495 1590 1549 έπί
1636 1516 1743 1549 τισι
1794 1495 2008 1567 θέλημα

357 1586 520 1656 ουμῷ
570 1583 1057 1658 συγκροτούμενον.
1104 1584 1202 1638 Καὶ
1251 1581 1421 1644 ἄλλος
1467 1584 1667 1656 ἀγαθὸς
1713 1581 1785 1636 ὢν
1824 1580 2008 1636 ἀδόκι-

360 1693 466 1744 μος
517 1670 665 1743 ἔδοξε
706 1672 793 1725 καὶ
828 1671 1167 1746 παρώραται,
1199 1671 1377 1739 ἥκιστ’
1430 1671 1573 1740 ἄξιος
1620 1667 1712 1725 ὥν.
1767 1673 1865 1727 Ἤν
1916 1671 2005 1723 οὖν

353 1760 576 1815 ἐκείνων
635 1761 865 1834 καιρὸς,
923 1759 1063 1813 οὕτω
1123 1757 1278 1829 δόξαν
1328 1764 1405 1831 τῷ
1461 1758 1765 1833 κρείττονι.

351 1853 465 1916 νῦν,
528 1849 713 1919 οἶμαι,
766 1846 877 1901 ἔστι
932 1848 1021 1901 καὶ
1077 1854 1178 1916 τῆς
1225 1848 1477 1914 ἀνέσεως,
1510 1845 1649 1903 ’ίδοὺ
1680 1847 1781 1920 γὰρ
1816 1848 1843 1899 6
1874 1866 2002 1918 κρα-

350 1942 462 1992 τῶν
513 1934 786 2004 ἐκποδὼν,
837 1938 921 1989 καὶ
974 1937 1000 1989 6
1047 1935 1097 2005 ἐξ
1129 1936 1330 1990 ἐκείνου
1374 1934 1519 2007 ἄξιος
1575 1936 1761 2010 ἄρχειν
1816 1934 2003 2007 μεῖράξ

359 2024 524 2095 ἔστιν,
569 2025 643 2084 ὡς
691 2026 872 2098 ὁρᾶτε,
921 2023 1010 2077 καὶ
1055 2021 1143 2077 διὰ
1187 2028 1352 2077 τοῦτο
1390 2021 1610 2091 πολλῆς
1672 2023 1765 2093 μὲν
1792 2025 2004 2081 πιστοῖς

363 2113 480 2166 οὖσι
511 2118 610 2179 τῆς
641 2110 725 2165 ἐπ’
748 2111 893 2182 αύτῷ
926 2109 1006 2165 δεῖ
1038 2109 1339 2187 φροντίδος,
1381 2118 1585 2184 συχνῆς
1638 2107 1693 2163 δὲ
1733 2116 1831 2177 τῆς
1882 2110 2003 2162 επι-

366 2198 609 2271 μελείας,
676 2199 750 2261 ὡς
808 2199 865 2252 ἃν
915 2198 1004 2253 καὶ
1047 2200 1183 2272 πρὸς
1236 2199 1359 2260 τοὺς
1390 2198 1538 2261 ἐντὸς
1567 2200 1657 2251 καί
1688 2196 1825 2271 πρὸς
1875 2196 2001 2258 τοὺς

363 2286 517 2349 ἐκτὸς
557 2289 838 2363 ἀγρυπνεῖν
895 2286 1196 2363 ὀφείλουσι,
1261 2290 1335 2358 μή
1394 2308 1508 2347 πως
1567 2283 1727 2339 λαθόν
1787 2304 1837 2337 τι
1894 2288 2002 2337 τῶν

368 2375 675 2444 ἀνηκέστων
718 2374 961 2448 γένηται.
1016 2381 1195 2436 Ὅπως
1256 2372 1313 2428 δὲ
1369 2374 1458 2428 καὶ
1502 2372 1684 2436 καλῶς
1739 2367 1854 2446 ἔχει
1915 2370 2004 2425 καὶ

376 2460 583 2517 δίκαιον
610 2463 915 2537 πιστοτέραν
970 2465 1068 2531 τὴν
1121 2464 1412 2533 ὑπηρεσίαν
1444 2466 1536 2515 νῦν
1566 2463 1601 2531 ἢ
1640 2461 1703 2515 τὸ
1742 2461 2004 2534 πρότερον

377 2556 656 2624 συντηρεῖν
683 2555 760 2622 τῷ
791 2548 1129 2623 δεσπόζοντι,
1161 2549 1312 2606 οὐδὲν
1356 2547 1811 2621 ὑποστειλάμενος
1845 2547 2003 2617 λέξω.

367 2732 577 2789 deinde
607 2732 1015 2804 irreparabiles
1059 2733 1108 2789 si
1168 2733 1399 2788 inﬂictae
1466 2737 1624 2799 sunt,
1684 2732 1807 2787 sine
1866 2746 2006 2785 con-

360 2838 567 2885 sensu,
598 2822 725 2876 sine
757 2820 929 2891 culpa
951 2825 1089 2876 sunt
1115 2827 1314 2877 nostra
1343 2822 1595 2891 inﬂictae,
1619 2819 1744 2876 sola
1760 2823 1816 2874 et
1836 2817 2005 2873 nobis

351 2907 721 2964 ineluctabili
756 2910 1052 2980 regnantis
1084 2908 1399 2965 voluntate.
1425 2908 1586 2964 Dicet
1607 2907 1817 2978 aliquis
1851 2924 1863 2962 :
1898 2908 2000 2961 Po-

350 2999 473 3052 tuit
507 2998 721 3052 talibus
755 3013 1006 3068 praesens
1029 2998 1279 3067 objicere
1304 3014 1365 3052 se
1397 2997 1653 3052 medium
1686 3000 1743 3050 et
1773 2996 2000 3065 injurias

350 3086 609 3141 obstare.
634 3084 848 3153 Potuit,
866 3086 963 3139 sed
986 3084 1665 3155 patientibusinutiliter,
1685 3084 1792 3139 sibi
1809 3084 1996 3139 noxie:

352 3190 525 3230 suam
560 3173 715 3227 enim
748 3173 829 3228 sic
862 3174 1156 3229 fortunam
1180 3175 1467 3243 perderet,
1502 3172 1701 3229 alienae
1730 3188 1842 3227 non
1872 3189 1999 3243 pro-

358 3262 576 3316 desset.
613 3261 712 3315 Vis
744 3265 945 3316 contra
978 3263 1163 3331 major
1192 3266 1245 3316 et
1276 3263 1491 3316 invicta
1521 3260 1835 3315 necessitas
1866 3276 1996 3313 rue-

357 3350 479 3416 bat,
512 3349 805 3405 obstantia
855 3366 1099 3420 quaeque
1130 3354 1499 3421 perruptura.
1525 3347 1800 3403 Praevalet
1839 3346 1990 3402 enim

364 3455 488 3502 rex,
518 3454 649 3490 cum
698 3436 990 3492 imbecillo
1037 3436 1327 3493 irascitur.
1360 3442 1491 3491 Haec
1549 3436 1705 3490 dicta
1760 3435 1898 3500 sint,
1932 3438 1995 3489 ut

365 3526 792 3581 demonstretur
832 3542 1018 3597 neque
1047 3527 1201 3597 quod
1258 3525 1591 3597 dignitates,
1623 3540 1739 3578 non
1795 3525 1991 3579 studio

361 3614 650 3683 quaesitas,
675 3614 1096 3685 acceperimus,
1128 3630 1316 3685 neque
1355 3613 1404 3669 si
1436 3630 1561 3685 quas
1597 3613 1780 3667 iratus
1830 3612 1992 3682 prin-

354 3717 493 3773 ceps
523 3718 670 3757 saeve
700 3702 758 3757 in
777 3703 1063 3774 quosdam
1079 3702 1422 3773 optimatum
1448 3701 1774 3773 infestaque
1794 3702 1989 3755 decre-

352 3789 521 3856 verit,
554 3790 783 3845 crimini
816 3791 982 3847 nobis
1030 3792 1195 3861 juste
1216 3808 1249 3846 a
1293 3808 1589 3863 quoquam
1620 3789 1761 3845 verti
1798 3804 1985 3860 posse.

349 3878 463 3933 Sed
496 3877 585 3931 vel
610 3878 701 3933 his
732 3894 967 3934 causam
1002 3879 1312 3950 praibuerit
1350 3879 1483 3948 quis
1514 3883 1614 3933 44
1645 3877 1809 3948 lapsu
1844 3893 1990 3947 quo-

351 3966 492 4020 dam
526 3982 632 4021 suo
668 3966 847 4032 ;alios
875 3972 1155 4037 tanquam
1189 3984 1305 4023 non
1337 3967 1517 4022 bonos
1550 3965 1692 4021 falsa
1732 3965 1987 4036 suspicio

350 4054 680 4108 traduxerit
708 4073 721 4120 ;
754 4056 1063 4110 excesserit
1092 4056 1343 4126 denique
1373 4055 1432 4109 in
1472 4055 1700 4124 aliquos
1731 4055 1818 4107 ira
1848 4069 1985 4108 con-

351 4140 597 4197 sultrice
630 4158 743 4197 non
770 4142 924 4198 ﬁdeli
960 4161 1067 4198 usa
1123 4143 1392 4199 voluntas
1423 4142 1724 4214 principis.
1768 4142 1987 4212 Perque

352 4228 584 4284 similes
615 4228 706 4285 his
736 4246 943 4285 causas
976 4232 1229 4286 evenerit
1260 4237 1323 4285 nt
1378 4232 1476 4301 qui
1510 4232 1699 4285 bonus
1728 4235 1851 4284 erat
1883 4246 1985 4299 pro

349 4321 626 4387 suspecto
641 4318 1399 4390 rejiceretur,praeteriretur
1413 4336 1529 4373 non
1554 4319 1749 4373 minus
1768 4318 1985 4388 dignus

2119 528 2405 583 ἀττάλλειν
2436 528 2523 582 καὶ
2561 526 2728 600 μηδὲν
2766 528 3081 604 ὑπορύττειν
3114 529 3204 583 τὸν
3242 527 3599 604 βασιλεύοντα
3626 528 3760 602 πρὸς

2119 616 2184 670 τὰ
2248 618 2394 690 παρά
2464 621 2568 670 τῶν
2644 618 2970 691 ἀρχομένων
3038 619 3384 691 πραττόμενα
3440 614 3765 692 ἐφέλκοντός

2119 703 2260 758 ἐστιν
2291 706 2371 781 ἐφ’
2423 704 2605 759 ἑαυτὸν
2641 701 2874 771 εὔνοιαν,
2932 703 3099 776 μηδὲν
3126 722 3127 727 ‘
3154 704 3530 760 ὑπονοούντων
3590 704 3766 759 πείσε-

2121 793 2259 861 σθαι,
2316 791 2403 845 καὶ
2459 795 2555 845 τοῦ
2608 787 2779 867 φόϐου
2830 793 3063 853 ἀπόντος
3103 794 3180 864 μὴ
3215 790 3488 846 δειλιῶντι
3518 793 3604 846 καὶ
3636 793 3762 866 περὶ

2121 880 2292 950 ἑαυτῷ
2365 877 2585 951 ἕτοιμος
2666 879 2863 933 ἐσεῖται
2936 881 3002 934 τὰ
3070 888 3171 949 τῆς
3227 880 3443 954 ἀγάπης
3495 878 3760 934 ἐνδείκνυ-

2120 969 2259 1023 σθαι.
2316 968 2386 1021 Τὸ
2437 968 2540 1041 γὰρ
2600 966 2915 1034 σπουδαῖον,
2949 968 3030 1041 ἔφ’
3060 969 3104 1038 ᾧ
3134 989 3216 1029 τις
3250 968 3570 1043 ὑπηρετοίη,
3603 969 3639 1037 ἢ
3672 968 3764 1044 φό-

2118 1050 2216 1107 ϐυυ
2268 1057 2303 1123 ἢ
2363 1056 2467 1127 μὴν
2499 1056 2710 1129 ἀγάπης
2769 1056 3161 1124 συνιστώντων,
3214 1057 3303 1110 καὶ
3354 1058 3489 1128 ἡμῖν
3523 1055 3760 1130 ἀνάγκης

2116 1143 2328 1204 πάντως
2405 1141 2568 1212 οὔσης
2640 1143 2963 1215 ὑπηρετεῖν,
3019 1143 3251 1206 ἀπόντος
3308 1148 3404 1197 τοῖ’)
3462 1138 3635 1217 φόϐου
3690 1147 3758 1215 τῇ

2118 1231 2301 1304 ἀγάπῃ
2358 1232 2419 1285 τὸ
2477 1236 2580 1285 πᾶν
2628 1232 3031 1304 περιστήσεταιο
3089 1232 3368 1304 παρούσης
3428 1229 3485 1285 δὲ
3526 1236 3762 1305 καθαρᾶς

2116 1325 2215 1387 τῆς
2275 1318 2484 1394 ἀγάπης
2540 1319 2628 1373 καὶ
2682 1317 2966 1382 ἀθολώτου
3023 1318 3121 1373 ούσ
3174 1315 3315 1374 ἔστιν
3344 1319 3488 1381 ὅστις
3516 1321 3760 1395 καθυφή-

2118 1427 2195 1460 σει
2248 1411 2344 1460 τοῦ
2400 1408 2537 1480 πρὸς
2592 1409 2689 1475 τὴν
2751 1407 3043 1481 ὑπηρεσίαν
3078 1404 3473 1471 ἐπιϐάλλοντος
3503 1407 3757 1462 ὥστεκαὶ

2117 1493 2360 1566 ἀμελεῖν.
2417 1495 2520 1550 Καὶ
2576 1498 2793 1567 πρῶτον
2849 1496 2943 1567 μὲν
3006 1500 3191 1563 τοῦτο,
3253 1494 3498 1569 δεύτερον
3561 1493 3618 1549 δὲ
3666 1496 3757 1549 καὶ

2115 1580 2199 1636 ὅτι
2275 1583 2374 1635 ὑπὸ
2450 1582 2552 1653 νέῳ
2622 1584 2998 1655 καθισταμένῳ
3069 1580 3302 1655 δεσπότῃ
3396 1582 3757 1658 βασιλευόμε-

2113 1689 2232 1740 νει,
2293 1669 2374 1723 ὅτι
2431 1672 2521 1722 καί
2583 1671 2657 1741 μή
2729 1670 3015 1743 ἀναγκαίαν
3071 1668 3228 1723 οὖσαν
3278 1670 3376 1737 τὴν
3455 1670 3755 1745 εὐεργεσίαν

1828 1757 2005 1812 Ἀλλά
2040 1796 2078 1859 Β
2111 1758 2210 1825 τὴν
2256 1759 2345 1811 ἀπ’
2404 1756 2607 1811 ἐκείνου
2638 1759 2773 1831 πρὸς
2800 1757 2863 1811 τὸ
2897 1759 3137 1827 ὑπήκοον
3181 1760 3207 1811 ὁ
3233 1759 3420 1831 καιρὸς
3466 1758 3754 1832 ἀναγκαίαν

1828 1848 1835 1859 .
2236 1850 2257 1859 -
2372 1844 2384 1859 .
2500 1846 2523 1859 ..
2697 1845 2710 1859 .
2807 1845 2819 1859 .
3185 1850 3212 1859 -
3379 1848 3400 1859 η
3437 1852 3459 1859 -
3570 1843 3648 1859 ,η

2110 1850 2277 1915 ποιεῖ,
2333 1844 2438 1918 οὐχ
2495 1846 2643 1906 ὅπως
2693 1845 3016 1917 ἐκφύγοιμεν
3076 1850 3253 1906 κακῶς
3298 1848 3483 1899 παθεῖν
3522 1843 3756 1919 μέλλον-

2108 1954 2197 1995 τες
2232 1935 2589 2006 ζητήσαιμεν,
2638 1933 2761 1988 ἀλλ’
2794 1933 2942 1995 ὅπως
3001 1932 3057 1988 εὖ
3116 1940 3305 1998 παθεῖν
3363 1937 3497 2007 ἡμῖν
3545 1934 3751 2009 γίνοιτο

2110 2019 2429 2093 ἐλπίζοιμεν
2480 2019 2912 2096 προσδοκῶντες.
2980 2022 3248 2093 Ἐτοίμως
3320 2020 3377 2077 δὲ
3430 2022 3519 2076 καὶ
3573 2024 3750 2097 ὧνπερ

2109 2105 2331 2169 ἕκαστος
2389 2110 2554 2180 θέλει,
2612 2111 2657 2163 εἰ
2719 2110 2881 2182 μόνον
2916 2109 3059 2179 ἄξιος
3104 2112 3368 2185 κρίνοιτο,
3399 2116 3585 2185 τυχεῖν
3618 2108 3750 2181 ἔστι,

2111 2197 2199 2251 καὶ
2250 2197 2312 2251 τὸ
2371 2195 2594 2271 δαψιλὲς
2646 2205 2745 2267 τῆς
2796 2198 3096 2273 εὐεργεσίας
3150 2198 3457 2272 προσέσται.
3491 2200 3623 2260 Νέος
3652 2200 3752 2275 γὰρ

2113 2283 2185 2337 ὢν
2220 2286 2247 2339 6
2276 2290 2487 2359 κρατῶν
2519 2287 2608 2339 καὶ
2641 2285 2743 2340 ὑπὸ
2775 2284 3045 2358 κηδεμόσι
3072 2284 3243 2340 τελῶν
3275 2290 3343 2359 τῇ
3388 2288 3481 2359 μὲν
3528 2288 3756 2361 σφετέρᾳ

2118 2371 2406 2446 βουλήσει,
2461 2375 2580 2437 ὅθεν
2638 2372 2914 2436 πολλάκις
2949 2374 3035 2429 καὶ
3067 2376 3127 2429 τὸ
3161 2373 3491 2451 σφάλλεσθαι
3524 2374 3661 2448 πρὸς
3690 2373 3752 2429 τὸ

2112 2459 2317 2533 πρέπον
2390 2462 2551 2532 ἐστὶν,
2628 2462 2956 2537 ἀρχοντικοῦ
3028 2462 3197 2539 τύφου
3270 2461 3396 2524 τοὺς
3452 2462 3750 2538 λογισμοὺς

2117 2542 2549 2621 ὑπερϐαίνοντος,
2583 2549 2694 2623 οὐχ
2735 2550 2838 2620 ’ἑξει
2893 2551 3080 2624 χώραν
3114 2547 3342 2606 διδόναι.
3396 2554 3526 2612 Τοῖς
3572 2548 3629 2604 δὲ
3658 2572 3754 2620 κη-

2119 2763 2328 2803 navare
2357 2749 2653 2804 communi
2684 2749 2942 2817 domino,
2966 2750 3114 2805 nihil
3136 2750 3519 2807 dissimulans
3537 2751 3748 2806 dicam.

2115 2835 2492 2892 Primumilla
2530 2837 2876 2909 simplicitas
2897 2838 3140 2904 domini,
3165 2839 3373 2910 puerili
3397 2837 3748 2904 sinceritate,

2110 2925 2237 2979 sine
2269 2928 2389 2979 arte
2422 2925 2553 2979 fuco
2594 2925 2826 2995 quidvis
2884 2927 3132 2997 agentis,
3178 2926 3321 2981 nihil
3381 2925 3748 2988 occultando,

2033 3045 2074 3111 Ο
2109 3011 2255 3067 nihil
2285 3011 2614 3067 clanculum
2647 3017 2749 3067 aut
2781 3030 2989 3069 arcane
3022 3014 3434 3078 machinando,
3467 3013 3614 3068 nihil
3647 3029 3749 3068 su-

2109 3098 2360 3171 spiciose
2419 3099 2730 3170 cogitando
2782 3100 2852 3156 de
2911 3100 2981 3156 iis
3040 3118 3167 3172 quis
3227 3101 3446 3156 subditi
3507 3099 3746 3170 faciunt,

2106 3187 2242 3257 quid
2278 3186 2435 3240 aliud
2466 3203 2641 3255 quam
2668 3188 2848 3243 trahit
2879 3192 2936 3243 et
2974 3188 3330 3244 ineluctabili
3354 3189 3605 3259 quadam
3632 3186 3745 3259 pel-

2103 3273 2251 3329 lacia
2284 3273 2438 3345 rapit
2466 3275 2536 3329 ad
2572 3291 2699 3329 sese
2731 3276 2994 3330 omnium
3020 3276 3501 3344 benevolentiam,
3527 3275 3744 3344 studia,

2103 3361 2450 3416 tenerrimos
2476 3361 2742 3430 affectus,
2767 3362 2971 3433 utique
3000 3379 3138 3434 erga
3163 3363 3322 3419 omni
3344 3364 3460 3433 iam
3494 3380 3562 3418 ex
3584 3366 3746 3433 parte

2103 3448 2414 3503 amabilem
2451 3449 2796 3520 principem,
2832 3467 2864 3505 a
2894 3466 3008 3520 quo
3035 3467 3205 3507 nemo
3237 3451 3559 3522 quidquam
3591 3452 3743 3521 quod

2102 3535 2249 3590 nolit
2270 3552 2580 3606 passurum
2596 3553 2723 3593 sese
2740 3537 2822 3593 vel
2844 3537 3151 3609 cogitando
3170 3540 3358 3610 possit
3378 3538 3745 3608 ﬁngere?Ex-

2100 3622 2263 3679 cluso
2282 3628 2477 3678 autem
2497 3629 2655 3680 metu
2671 3626 2827 3682 omni
2845 3630 3023 3681 restat
3038 3643 3183 3697 pura
3196 3626 3447 3682 charitas
3466 3626 3738 3695 etlibera,

2100 3712 2268 3781 cujus
2301 3710 2484 3765 solius
2507 3728 2786 3781 generoso
2810 3731 2876 3768 ac
2907 3713 3186 3769 laudabili
3218 3714 3473 3784 impulsu
3498 3730 3740 3785 pronum

2097 3803 2186 3854 est
2214 3799 2312 3855 45
2348 3803 2409 3853 ut
2439 3798 2699 3854 studium
2734 3800 2985 3871 quisque
3016 3802 3355 3857 ostendatin
3391 3801 3740 3873 principem,

2100 3888 2253 3942 unde
2284 3887 2437 3957 quod
2470 3888 2580 3942 sibi
2612 3891 2830 3942 metuat
2859 3887 3029 3957 plane
3059 3889 3204 3944 nihil
3235 3894 3342 3945 est.
3377 3890 3527 3944 Sane
3567 3890 3739 3945 obse-

2097 3976 2237 4046 quia
2265 3970 2477 4030 civium
2509 3976 2567 4030 in
2602 3990 2764 4046 reges
2796 3975 3006 4030 harum
3041 3976 3160 4031 fere
3201 3976 3383 4032 altera
3432 3993 3744 4033 causarum

2096 4067 2308 4129 movet,
2341 4062 2519 4116 timor
2549 4067 2649 4116 aut
2671 4062 2951 4118 charitas.
2970 4062 3157 4125 Quare
3185 4080 3317 4118 cum
3345 4081 3499 4118 nunc
3524 4065 3744 4117 consti-

2095 4154 2230 4205 terit
2261 4148 2457 4203 timori
2484 4148 2711 4203 nullum
2737 4148 2928 4204 locum
2960 4165 3107 4217 esse,
3144 4151 3409 4221 sequitur
3437 4151 3494 4205 id
3552 4154 3738 4205 totum

2094 4239 2508 4311 imputandum
2534 4239 2827 4294 charitati.
2851 4239 2954 4295 Ubi
2978 4245 3174 4295 autem
3200 4241 3366 4295 adest
3390 4257 3523 4295 vera
3544 4245 3599 4295 et
3619 4240 3741 4295 sin-

2096 4343 2226 4382 cera
2239 4326 2515 4393 charitas,
2532 4326 2654 4381 ﬁeri
2671 4343 2784 4381 non
2801 4330 2991 4399 potest
3009 4333 3068 4381 ut
3084 4328 3404 4398 quidquam
3427 4328 3741 4399 quisquam

346 4410 680 4477 assumpto.
713 4406 807 4461 Sic
838 4410 959 4462 tum
991 4411 1157 4462 erant
1191 4415 1466 4478 tempora.
1499 4407 1593 4462 Sic
1626 4411 1765 4462 tunc
1798 4406 1986 4461 visum
2019 4402 2065 4465 D
2098 4419 2346 4481 recuset,
2394 4415 2717 4486 quidquam
2751 4416 3007 4486 negligat
3036 4433 3238 4470 eorum
3272 4433 3397 4486 quas
3447 4417 3518 4471 ad
3576 4415 3738 4472 illius

349 4508 650 4549 summam
684 4494 919 4549 habenti
943 4500 1307 4565 potestatem.
1342 4500 1415 4549 At
1437 4496 1721 4564 praeterito
1753 4494 1835 4549 illi
1861 4496 1985 4562 jam

344 4582 598 4652 tempori
632 4580 789 4636 aliud
814 4583 1095 4637 successit
1118 4583 1285 4653 plane
1307 4583 1621 4651 diversum,
1645 4588 1877 4653 tempus
1903 4600 1987 4638 re-

351 4668 653 4724 missionis
684 4676 742 4725 et
769 4671 1122 4726 securitatis.
1159 4672 1298 4726 Ecce
1353 4672 1453 4742 qui
1512 4676 1650 4726 tunc
1708 4672 1988 4742 regnabat

352 4758 628 4813 sublatus
658 4773 687 4812 e
718 4759 907 4814 medio
929 4770 1013 4815 est
1039 4776 1051 4815 :
1079 4760 1130 4814 ei
1190 4761 1474 4816 successit
1502 4776 1569 4814 ex
1598 4759 1695 4815 illo
1754 4760 1986 4829 genitus

353 4845 572 4916 dignus
602 4846 865 4917 imperio.
900 4851 1050 4903 Puer
1080 4853 1187 4914 est,
1222 4853 1287 4903 ut
1315 4847 1542 4903 videtis.
1586 4852 1827 4919 Propter
1882 4848 1990 4902 hoc

354 4934 609 4989 ﬁdorum
634 4934 889 5004 plurium
916 4940 1045 5007 eget
1066 4954 1225 5002 cura,
1251 4936 1536 5007 frequenti
1561 4935 1734 4990 etiam
1758 4940 1815 4991 et
1837 4936 1989 4992 solli-

354 5022 469 5077 cita
498 5022 822 5094 diligentia.
853 5023 1341 5080 Custodibustam
1367 5024 1524 5078 chari
1548 5024 1755 5095 capitis
1796 5024 1987 5080 inten-

356 5110 547 5165 denda
576 5110 774 5181 vigilia
804 5117 911 5181 est,
936 5120 1055 5167 tam
1082 5114 1140 5168 in
1165 5130 1263 5169 eos
1290 5113 1389 5184 qui
1424 5113 1581 5167 intus
1606 5130 1781 5184 quam
1810 5113 1867 5167 in
1895 5130 1991 5168 eos

355 5200 453 5269 qui
488 5199 629 5254 foris
662 5205 823 5267 sunt,
857 5218 928 5257 ne
975 5204 1123 5271 quod
1184 5202 1235 5257 ei
1291 5201 1560 5256 alicunde
1619 5202 1834 5256 malum
1877 5202 1992 5256 im-

354 5287 701 5342 medicabile
733 5287 878 5344 clam
917 5291 1176 5361 obrepat.
1238 5292 1455 5344 Causas
1512 5306 1701 5360 porro,
1752 5307 1856 5344 cur
1906 5292 1991 5344 fas

353 5381 407 5430 et
438 5393 674 5447 aequum
700 5377 822 5445 juri
853 5382 909 5432 et
940 5378 1130 5433 ofﬁcio
1162 5382 1620 5433 consentaneum
1652 5379 1728 5433 sit
1761 5378 1991 5433 ﬁdelius

360 5462 759 5519 ministerium
792 5465 1255 5536 obsequiumque
1287 5467 1653 5522 constantius
1689 5467 1905 5537 pariter
1933 5473 1990 5524 et

353 5555 609 5609 alacrius
643 5570 802 5607 nunc
830 5572 1005 5624 quam
1031 5563 1198 5612 antea
1221 5573 1478 5625 unquam
1503 5556 1768 5613 exhibere
1800 5575 1903 5612 nos
1928 5576 1994 5613 ac

2099 4519 2274 4574 quem
2307 4520 2436 4557 vere
2458 4503 2651 4574 diligit
2678 4503 3026 4573 obsequium
3054 4505 3367 4574 pertinent.
3394 4504 3593 4558 Altera
3613 4520 3737 4575 quae

2099 4590 2254 4661 quod
2287 4591 2559 4662 proposui
2590 4592 2797 4646 suadet
2829 4591 3000 4657 ratio,
3026 4592 3143 4646 hac
3170 4596 3278 4647 est.
3314 4592 3536 4648 Recens
3568 4591 3740 4647 insti~

2096 4682 2224 4734 tuto
2259 4679 2504 4750 principi
2543 4679 2931 4734 beneﬁcentia
2960 4680 3016 4732 in
3051 4680 3456 4745 subditos,alio
3486 4690 3743 4751 tempore

2097 4767 2303 4835 libera,
2334 4766 2436 4822 tali
2459 4783 2654 4821 rerum
2678 4766 2924 4821 articulo
2949 4768 3276 4823 necessaria
3295 4768 3378 4824 ﬁt.
3412 4769 3532 4824 Non
3568 4769 3741 4825 modo

2097 4854 2277 4925 igitur
2308 4860 2463 4908 metu
2491 4870 2784 4921 vacamus,
2810 4855 2909 4909 sed
2933 4854 2990 4908 in
3008 4871 3140 4923 spes
3165 4856 3417 4926 optimas
3442 4873 3735 4924 vocamur;

2099 4959 2203 4998 nec
2233 4947 2354 4997 tota
2394 4948 2590 4997 nostra
2619 4942 2678 4997 in
2725 4942 3037 4997 securitate
3064 4960 3098 4997 a
3129 4944 3281 4998 malo
3331 4944 3574 4999 felicitas
3632 4946 3741 4999 sita

2098 5036 2206 5101 est,
2239 5030 2453 5101 quibus
2484 5036 2757 5101 praatcrea
2818 5036 3143 5086 ostentetur
3191 5033 3547 5101 expectanda
3573 5032 3740 5102 copia

2098 5119 2408 5173 bonorum.
2446 5118 2507 5172 In
2542 5124 2814 5189 promptu
2855 5124 2944 5172 est
2966 5119 3118 5188 quod
3151 5120 3341 5188 quivis
3374 5125 3554 5189 optat.
3589 5119 3740 5173 Velit

2100 5207 2292 5272 modo,
2326 5207 2562 5261 accedat
2597 5206 2896 5276 :accipiet,
2924 5205 2973 5260 si
2995 5204 3206 5271 dignus
3229 5206 3557 5276 judicetur;
3590 5206 3741 5265 votis

2100 5296 2367 5366 quamvis
2423 5294 2609 5349 avidis
2666 5299 2929 5349 occurret
2986 5293 3225 5365 largitas
3258 5295 3501 5348 minime
3560 5294 3741 5365 avari,

2100 5383 2581 5455 quippejuvenis,
2607 5382 3306 5454 principis,ejusdemque
3332 5398 3443 5437 non
3495 5381 3735 5451 proprio

2100 5470 2339 5527 arbitrio
2371 5486 2460 5524 res
2493 5469 3080 5539 dispensantis.Quod
3115 5468 3162 5523 si
3195 5473 3367 5537 esset,
3401 5466 3591 5523 timeri
3613 5484 3735 5524 ma-

2100 5560 2190 5631 gis
2223 5563 2416 5630 posset
2446 5574 2517 5612 ne
2572 5557 2657 5611 illi
2691 5575 2797 5613 sua
2854 5574 2957 5629 per
2996 5575 3058 5612 se
3110 5558 3378 5611 tractanti
3437 5558 3741 5626 obreperet
