4154 6286
503 332 609 389 479

1798 336 2095 391 GEORGII
2135 334 2597 392 PACHYMERE

3772 342 3867 401 480

500 452 719 528 δεμόσιν
768 452 881 509 ἔστι
940 455 1029 509 καὶ
1084 454 1399 531 προσελθεῖν
1433 455 1493 511 ἐκ
1533 454 1630 511 τοῖ’)
1660 464 2023 533 παραχρῆμα,
2056 456 2143 510 καὶ
2176 455 2563 532 Απαρῥησίας
2614 458 2702 513 καὶ
2756 464 2856 527 τῆς
2923 458 3307 533 προσηκούσης
3376 458 3668 532 ἐλευθερίας
3718 462 3868 520 εἰπεῖν

501 542 651 615 νύξαι
703 543 935 616 λέγοντα
973 546 1378 619 συνεχέστερον.
1438 548 1561 601 Τῶν
1622 549 1709 599 νῦν
1770 545 2009 614 ἐλπίζειν
2065 544 2149 598 ἒν-

502 634 683 686 τεῦθεν
717 630 918 706 ῥᾳδίως
975 639 1163 707 τυχεῖν
1206 634 1279 686 ὧν
1338 630 1521 706 ἓραταί
1576 654 1681 701 τις,
1735 639 1855 691 πῶς
1897 634 1963 686 οὐ
2016 632 2150 705 μετά

506 719 787 794 ῥᾳστώνης
826 720 1035 789 ἀπάσης
1088 718 1507 793 δουλευτέοντῷ
1561 721 1810 795 βασιλεῖς
1862 721 2038 795 χωρὶς
2094 717 2150 773 δὲ

502 808 730 877 τούτων,
787 808 876 861 καὶ
936 812 1126 861 σιωπῶ
1182 808 1248 861 τὰ
1302 808 1553 878 πλεῖστα,
1606 810 1728 864 τότε
1787 810 1884 881 μὶν
1940 809 2149 883 γὰρκαὶ

504 892 623 955 δέος
654 896 719 963 ἦν
758 896 832 966 μὴ
867 896 1213 970 κατορθώσας
1269 899 1655 972 παρακρουσθῇ
1695 918 1801 965 τις,
1832 894 2018 952 ἄλλων
2049 896 2147 964 την

506 982 794 1056 βασιλικὴν
830 983 1280 1056 ὑποποιουμένων
1314 985 1494 1057 ὁρμήν
1543 984 1770 1057 τρόποις
1832 987 1913 1045 οἷς
1970 984 2147 1057 ἐκείνῃ

500 1069 703 1148 πέφυκε
730 1072 1075 1138 κλέπτεσθαι,
1124 1071 1213 1125 καὶ
1272 1070 1361 1126 διὰ
1412 1076 1571 1127 τοῦτο
1626 1070 1735 1126 οὔτ’
1794 1072 1861 1141 ἦν
1906 1070 2148 1126 σπουδά-

504 1164 608 1227 ζειν
666 1158 755 1213 ἐπὶ
808 1161 870 1213 τὸ
931 1165 1113 1231 μεῖζον
1166 1159 1200 1229 ἢ
1258 1162 1394 1215 κατά
1447 1159 1575 1223 τοὺς
1639 1158 1843 1222 ἄλλους
1900 1158 2149 1233 πράττειν

502 1248 805 1323 πειρᾶσθαι,
858 1252 954 1301 τοῦ
1013 1246 1310 1320 δυνάμενου
1369 1248 1543 1322 λέγειν
1597 1250 1732 1323 πρὸς
1781 1247 2004 1323 βασιλέα
2060 1246 2149 1302 καί

505 1340 798 1409 μαρτυρεῖν
853 1337 1100 1408 καθαρῶς
1158 1335 1255 1390 οὐκ
1314 1331 1470 1399 ὄντος
1503 1379 1517 1405 ,
1574 1337 1660 1390 καὶ
1717 1338 1945 1409 μάταιος
1985 1336 2051 1405 ἦν
2109 1338 2144 1404 ὴ

503 1420 711 1490 σπουδή
787 1427 865 1494 τῷ
923 1421 1274 1491 σπουδάζοντι
1329 1423 1824 1500 παραλογιζομένῳ
1872 1422 2145 1485 πολλάκις

498 1509 589 1564 καὶ
650 1511 1006 1583 ζημιουμένῳ
1057 1512 1155 1579 τὴν
1213 1510 1293 1589 ἐφ’
1354 1512 1436 1573 οἶς
1493 1509 1712 1585 ἔπραξεν
1767 1509 2143 1584 εὐδοκίμησιν.

498 1596 603 1652 Νὖν
676 1595 724 1652 δ’
779 1597 906 1653 ἀλλ’
964 1598 1053 1653 ἐπὶ
1110 1604 1217 1653 τῶν
1276 1598 1597 1671 κηδεμόνων
1651 1604 1758 1654 τῶν
1809 1600 2143 1675 πραγμάτων

495 1685 839 1757 τελουμένων
887 1685 1071 1748 καλῶς
1126 1686 1185 1740 ἂν
1213 1685 1337 1763 ἔχοι
1386 1689 1485 1756 τὴν
1518 1689 1741 1742 ἑκάστου
1773 1685 2012 1755 σπουδὴν
2045 1708 2145 1765 φα-

2256 545 2330 606 ὡς
2385 543 2563 615 ἀληθῆ
2624 544 2854 619 λέξοντι.
2887 548 3024 621 Ἐγὼ
3056 542 3170 600 οὔτ’
3195 544 3355 607 ἰδίαις
3404 547 3492 599 καὶ
3540 544 3867 616 αὖτοϐούλοις

2253 636 2628 708 προαιρέσεσιν
2670 633 2797 689 οὕτε
2850 637 2956 707 μὴν
3010 640 3196 706 σκοπῷ
3242 655 3346 689 τινι
3384 635 3473 687 καὶ
3522 632 3712 709 μελέτῃ
3758 646 3863 705 ταῖς

2251 725 2348 776 τοῖ’)
2401 720 2672 796 βασιλέως
2724 724 3076 798 προσανέχειν
3128 722 3444 796 έπιτροπαῖς
3489 720 3714 796 ⁴ξίρημοιι,
3743 726 3870 783 ἀλλὰ

2253 814 2469 883 πρῶτον
2507 812 2602 882 μὲν
2628 811 2918 874 ἐπιστολὰς
2947 810 3177 885 πληρῶν
3228 808 3519 885 βασιλέως,
3576 807 3748 867 ἔπειτα
3799 812 3864 870 δέ.

2254 895 2415 952 Ἀλλ’
2472 898 2533 952 οὐ
2598 897 2874 972 βούλομαι
2924 898 3122 973 λέγειν.
3185 899 3336 966 Πλήν
3394 898 3483 951 καὶ
3531 898 3674 970 ὑμῶν
3704 898 3871 963 θελόν-

2251 1006 2383 1053 των,
2438 985 2580 1040 οὕτω
2636 987 2727 1040 καὶ
2760 988 2923 1058 μόνον
2956 988 3311 1061 προσανέχειν
3358 985 3448 1040 καὶ
3485 983 3561 1040 ἔτι
3604 992 3716 1048 ταῖς
3762 988 3868 1043 ἐπι-

2250 1078 2478 1147 τροπαῖς
2513 1073 2806 1147 βούλομαι.
2840 1075 2902 1129 Εἰ
2932 1074 2977 1129 δ’
3033 1075 3146 1143 οὖν,
3181 1072 3305 1131 ὅλλ’
3336 1076 3487 1146 ὑμεῖς
3525 1077 3614 1146 μὲν
3650 1076 3733 1129 τὸν
3761 1074 3866 1130 ἐπι-

2251 1160 2619 1234 τροπεύσοντα
2666 1162 2934 1239 έφιστᾶτε,
2986 1164 3109 1235 ἐμοὶ
3142 1161 3189 1218 δ’
3238 1161 3446 1238 ἀρκέσει
3477 1162 3537 1217 τὸ
3590 1160 3668 1217 ἐπ’
3720 1162 3864 1237 ἐσχά-

2251 1269 2367 1312 τοις
2420 1251 2736 1307 τάττεσθαι.
2816 1249 2927 1306 Κᾶν
2984 1273 3067 1313 τις
3114 1253 3213 1319 τήν
3275 1250 3563 1326 βασιλικὴν
3618 1252 3865 1323 σωτηρίαν

2252 1337 2567 1410 πρεπόντως
2642 1339 2964 1415 πολυωροίη
3042 1339 3131 1395 καὶ
3202 1338 3519 1401 ἶδιωτεύσας
3591 1339 3865 1413 ἀγαπήσω,

2250 1427 2337 1480 καὶ
2398 1426 2834 1501 προσλιπαρήσω
2883 1429 2958 1501 μὴ
3020 1428 3321 1503 ὀργίζεσθαι
3374 1429 3467 1482 τὸν
3503 1425 3776 1497 δεσπότην,
3826 1428 3865 1481 εἰ

2253 1511 2442 1568 λυπεῖν
2465 1536 2614 1577 τινας
2648 1516 2798 1588 ὑμῶν
2832 1514 3023 1586 δοκοίη
3081 1518 3144 1572 τὸ
3199 1516 3327 1590 ἐμὸν
3361 1516 3592 1588 ἀξίωμα.
3635 1518 3866 1589 Κρεῖσσον

2250 1603 2350 1676 γὰρ
2407 1603 2480 1665 ὡς
2528 1600 2621 1657 ἕνα
2684 1608 2792 1658 τῶν
2853 1608 3196 1680 στρατιωτῶν
3253 1606 3674 1679 ὲξυπηρετοῦντα
3726 1604 3869 1679 ἀσφα-

2253 1688 2363 1752 λῶς
2395 1687 2598 1765 διάγειν
2658 1693 2693 1761 ἢ
2736 1687 2890 1768 φόϐῳ
2938 1692 3027 1747 καὶ
3079 1694 3361 1753 ὑπονοίαις
3421 1694 3539 1765 μετ’
3586 1692 3867 1764 ἀξιώματος

495 1775 653 1850 νεράν
713 1778 849 1829 εἶναι
906 1773 994 1829 καὶ
1053 1780 1166 1836 τοῖς
1223 1776 1495 1848 ἀμείνοσιν
1557 1772 1991 1847 ἀνταμείϐεσθαι.
2050 1777 2143 1830 Διὸ
2175 1819 2221 1882 Β
2254 1776 2369 1850 ζῇν.
2423 1776 2560 1832 Ἰδοὺ
2601 1779 2779 1833 τοίνυν
2824 1783 2940 1834 κατ’
2993 1782 3199 1854 ἀγαθὴν
3240 1778 3453 1842 πάντως
3512 1780 3759 1855 πρόνοιαν
3781 1783 3866 1833 τοῦ

566 1865 580 1882 \
763 1862 787 1882 ᾗ
898 1865 910 1882 Ι
1045 1866 1061 1882 ο
1122 1869 1145 1880 ει
1255 1864 1268 1882 8
1349 1865 1362 1882 \
1456 1865 1468 1882 9
1565 1860 1589 1882 )l
1742 1866 1756 1882 \
1832 1867 1846 1882 \
1922 1866 1950 1882 Λ
2050 1864 2069 1882 Ἴ
2095 1864 2105 1882 Ι
2259 1872 2290 1882 Λ
2357 1868 2383 1879 υ
2491 1866 2504 1882 ι
2588 1868 2602 1882 \
2670 1869 2684 1882 ρ
2761 1870 2771 1882 ι
3001 1868 3014 1882 9
3121 1871 3143 1882 Λ
3179 1874 3201 1882 .-
3326 1869 3339 1882 ι
3429 1870 3443 1882 ι
3822 1868 3833 1882 ε

495 1865 582 1919 καὶ
619 1862 977 1919 σπουδαστέον
1036 1866 1196 1936 ἡμῖν,
1250 1864 1365 1920 ἐπεὶ
1416 1865 1513 1919 οὐκ
1564 1860 1765 1920 ἔστιτὸ
1794 1867 1884 1919 τὸν
1922 1864 2146 1940 βασιλέα
2178 1860 2221 1882 ⁵³
2254 1868 2386 1919 Θεοῦ
2417 1866 2506 1919 καὶ
2549 1868 2611 1920 τὸ
2665 1869 2906 1937 ὑπήκοον
2966 1868 3201 1923 εὐπειθεῖ
3254 1869 3343 1923 καὶ
3388 1870 3453 1924 τὸ
3511 1868 3867 1941 στρατιωτικὸν

499 1949 749 2020 δεδιέναι,
780 1952 842 2005 τὸ
868 1952 999 2017 ὑπὲρ
1030 1956 1125 2006 τοῦ
1161 1954 1427 2028 βασιλέως
1489 1948 1789 2030 φοϐεῖσθαι,
1843 1954 1915 2014 ὡς
1967 1951 2139 2007 ἐντεῦ-

494 2041 578 2094 θεν
629 2038 665 2107 ἢ
724 2040 801 2108 εὗ,
870 2038 916 2093 εἰ
958 2042 1170 2107 σώζοιτ’
1228 2040 1450 2109 ἐκεῖνος,
1507 2040 1543 2110 ἢ
1593 2045 1793 2111 κακῶς,
1845 2041 2001 2114 εἶμή
2033 2042 2143 2094 σώ-

496 2132 666 2198 ζοιτο,
734 2127 869 2198 ἡμῖν
950 2125 1188 2196 ἐλπίζειν
1262 2124 1597 2201 συμϐαίνειν.
1665 2128 1763 2182 Καὶ
1822 2132 1989 2183 ταῦτα
2046 2129 2138 2200 μὲν

489 2215 625 2288 πρὸς
681 2214 807 2275 τοὺς
881 2212 1046 2287 ἐμους
1114 2218 1516 2289 συστρατιώτας
1576 2218 1715 2289 ὑμᾶς
1769 2216 1859 2271 καὶ
1918 2216 2137 2290 συντρό-

490 2316 644 2376 φους·
708 2303 789 2373 [Ρ.
824 2304 914 2373 ‘26]
964 2303 1101 2376 πρὸς
1157 2301 1214 2357 δὲ
1266 2304 1396 2366 τοὺς
1451 2307 1534 2365 οἷς
1596 2303 1847 2379 ὑπερέχει
1879 2304 1939 2357 τὸ
1987 2302 2139 2378 γένος

490 2390 577 2445 καὶ
639 2386 920 2464 διαπρέπει
971 2390 1039 2445 τὰ
1090 2391 1370 2466 ἀξιώματα
1404 2434 1420 2462 ,
1496 2391 1788 2468 ὑπέρχεται
1854 2412 1945 2465 μοι
2009 2390 2141 2465 μετὰ

488 2552 804 2605 consuetus
836 2563 1035 2618 regum
1094 2546 1279 2601 fastus
1312 2546 1385 2600 ad
1442 2545 1803 2615 spernendos
1859 2543 2128 2598 subditos

488 2637 807 2708 minusque
821 2636 1111 2692 curandas
1130 2633 1505 2688 necessitates
1522 2648 1745 2697 eorum;
1769 2634 2130 2686 metueretur

489 2724 665 2780 etiam
701 2741 772 2780 ne
798 2741 913 2779 non
947 2722 1095 2778 adiri
1123 2726 1341 2794 posset,
1374 2738 1446 2775 ne
1492 2737 1602 2775 non
1664 2720 1749 2773 illi
1783 2723 2012 2773 vacaret
2041 2722 2127 2771 at-

485 2814 742 2869 tendere.
776 2813 942 2868 Nunc
969 2810 1114 2866 nihil
1172 2809 1375 2865 oberit.
1438 2808 1676 2864 Habetis
1730 2808 2023 2879 expositos
2055 2807 2121 2861 ad

482 2905 706 2956 vestros
728 2917 873 2956 usus
893 2904 1187 2954 curatores
1207 2899 1335 2967 ejus
1362 2921 1375 2965 ;
1399 2896 1703 2951 convenire
1725 2896 1873 2966 Ilicet
1893 2895 2126 2966 quando

485 2992 544 3044 et
573 2989 802 3060 quoties
836 2987 1057 3057 libebit,
1088 2986 1307 3041 instare
1339 2985 1479 3057 quin
1511 2984 1712 3055 etiam,
1735 2986 1946 3039 iterare
1977 2983 2124 3053 peti-

486 3077 699 3146 tiones,
733 3091 906 3148 quam
938 3074 1139 3131 crebro
1171 3079 1228 3128 et
1269 3089 1447 3145 quam
1479 3072 1716 3127 assidue
1746 3088 1895 3142 Opus
1952 3069 2126 3125 fuerit

2250 1951 2492 2008 εὐτακτεῖ
2538 1954 2725 2010 καὶτὰ
2752 1959 2859 2010 τῶν
2889 1955 3101 2031 ἐχθρῶν
3146 1959 3361 2033 ἠρεμεῖ.
3404 1958 3508 2011 Καὶ
3558 1955 3751 2011 πολλοί
3790 1977 3868 2009 τι-

2248 2060 2335 2101 νες
2368 2041 2521 2113 ὑμεῖς
2549 2043 2638 2096 καὶ
2663 2043 2916 2116 μεγάλοι,
2968 2046 3018 2099 οἳ
3054 2047 3146 2116 μὲν
3178 2046 3313 2120 πρὸς
3360 2044 3593 2117 α’ίματος
3633 2049 3709 2115 τῷ
3752 2064 3867 2120 κρα-

2246 2132 2445 2197 τοῦντι,
2491 2130 2542 2183 οἱ
2593 2128 2649 2184 δὲ
2695 2132 2782 2185 καὶ
2848 2137 2964 2194 τοῖς
3030 2134 3296 2206 ἀξιώμασι
3361 2131 3740 2209 διαπρέποντες
3790 2132 3865 2185 καὶ

2246 2218 2363 2279 καθ’
2423 2216 2450 2269 ὃ
2490 2238 2541 2270 τι
2590 2215 2651 2271 ἂν
2701 2239 2783 2282 τις
2831 2219 2976 2274 εἷ’ποι
3022 2219 3189 2275 καλὸν
3239 2221 3327 2275 καὶ
3366 2226 3611 2295 γενναῖον
3670 2221 3865 2295 ὑπερτε-

2248 2303 2485 2380 ῥοῦντες.
2518 2304 2618 2361 Καὶ
2658 2308 2893 2381 ἀνάγκης
2942 2308 3106 2380 οὔσης
3160 2315 3541 2383 νεοκομεῖσθαι
3594 2312 3681 2365 τὸν
3733 2310 3863 2383 βασι-

2249 2388 2369 2462 λέα,
2420 2390 2721 2467 έκλεγέσθω
2773 2395 2867 2467 μὲν
2919 2398 2946 2451 ὁ
2976 2399 3051 2468 μή
3098 2394 3340 2468 ἀπᾴδων,
3371 2395 3579 2471 ἕψομαι
3638 2395 3692 2451 δὲ
3733 2397 3863 2471 κάγὼ

2239 2552 2294 2602 et
2324 2555 2722 2624 prosperitate
2760 2551 2921 2608 illius
2950 2553 3226 2623 pendent.
3290 2558 3419 2608 Haec
3480 2553 3752 2608 hactenus
3805 2550 3864 2604 ad

2239 2642 2671 2697 commilitones
2702 2644 2758 2696 et
2786 2641 3017 2696 sodales
3076 2658 3242 2697 meos
3270 2640 3426 2711 dixi;
3490 2640 3753 2710 deinceps
3796 2637 3856 2691 ad

2243 2743 2341 2781 eos
2373 2744 2618 2795 quorum
2652 2729 2873 2784 eminet
2918 2744 3127 2799 genus,
3180 2744 3425 2799 quorum
3484 2727 3784 2801 dignitates
3809 2724 3859 2778 in

2241 2815 2545 2884 republica
2577 2816 2946 2887 praefulgent,
2980 2818 3101 2871 hac
3161 2817 3407 2872 dicenda
3432 2814 3715 2887 judicavi,
3745 2828 3860 2868 cum

2235 2915 2303 2956 ea
2331 2901 2596 2959 libertate
2627 2921 2693 2959 ac
2716 2904 2927 2959 ﬁducia
2952 2920 3125 2975 quam
3157 2904 3408 2975 inspirat
3438 2903 3699 2977 loquenti
3728 2918 3848 2956 con-

2233 2990 2477 3046 scientia
2530 2990 2811 3047 veritatis.
2860 2996 2974 3063 Ego
3034 3009 3147 3047 non
3203 2993 3438 3064 propria
3496 2991 3848 3048 inclinatione

2232 3078 2592 3150 privatisque
2622 3080 2884 3135 consiliis
2932 3080 3003 3134 ad
3050 3080 3290 3136 tutelam
3327 3081 3616 3153 principis
3646 3075 3849 3135 accessi

489 3180 720 3236 urgere.
756 3168 961 3220 Annon
1018 3162 1198 3233 igitur
1242 3162 1409 3230 justa
1456 3176 1635 3214 causa
1680 3164 1768 3215 est
1837 3158 2007 3214 facile
2062 3174 2127 3213 ac
2158 3173 2201 3242 α
2232 3181 2337 3221 nec
2368 3173 2491 3222 arte
2522 3172 2622 3222 aut
2653 3167 2881 3223 ambitu
2914 3168 3154 3223 incubui
3189 3175 3256 3223 ut
3287 3170 3359 3224 ab
3390 3170 3524 3237 ejus
3555 3172 3714 3240 patre
3742 3170 3848 3220 tam

488 3258 760 3324 prompta
786 3252 1086 3307 voluntate
1115 3246 1461 3319 obsequenti
1505 3247 1782 3320 principi,
1812 3263 1946 3319 spes
1976 3254 2125 3303 certa

489 3345 546 3397 et
569 3341 815 3396 fundata
862 3336 1219 3410 impetrandi
1276 3341 1332 3391 et
1361 3337 1754 3405 consequendi
1785 3338 1857 3391 ab
1891 3352 1957 3390 eo
1994 3352 2125 3405 quae

490 3429 859 3500 quiscunque
911 3425 1316 3498 concupierit?
1345 3425 1474 3480 Haec
1532 3440 1647 3480 non
1706 3427 1922 3492 essent,
1959 3425 2004 3479 si
2033 3440 2125 3478 res

491 3533 607 3572 non
660 3517 1121 3588 gubernarentur
1146 3531 1249 3586 per
1277 3514 1425 3569 ﬁdos
1455 3516 1513 3568 et
1531 3528 1769 3568 accessu
1801 3512 1955 3567 facili
1979 3528 2126 3567 cun-

491 3604 600 3660 ctis
632 3605 925 3677 expositos
957 3602 1278 3658 ministros.
1312 3600 1457 3657 Nam
1511 3600 1759 3672 cogitate
1791 3616 2035 3673 nupera,
2068 3603 2125 3656 et

492 3693 749 3748 conferte
781 3708 915 3747 cum
938 3690 1343 3762 praesentibus.
1370 3689 1659 3745 Plurimae
1689 3689 1939 3745 reticebo
1958 3690 2126 3745 αισθ-

491 3781 728 3847 rentias,
762 3780 868 3835 has
898 3783 1122 3834 tantum
1156 3778 1444 3835 indicans.
1476 3778 1637 3833 Tunc
1668 3782 1859 3835 metus
1889 3783 2013 3833 erat
2057 3794 2127 3834 ne

491 3869 593 3941 qui
624 3869 800 3924 etiam
844 3867 1169 3923 rectissime
1199 3867 1432 3939 egisset,
1475 3867 1789 3922 offenderet
1826 3865 2130 3937 gratiaque

490 3954 941 4025 excideret,aliis
962 3955 1023 4010 in
1046 3973 1115 4012 eu
1131 3972 1184 4010 m
1204 3956 1484 4026 principis
1506 3954 1651 4009 iram
1676 3954 2127 4025 concitantibus,

491 4046 565 4101 iis
596 4045 787 4100 modis
812 4045 913 4100 46
943 4060 1122 4112 eaque
1172 4047 1295 4099 arte
1351 4060 1526 4114 quam
1574 4059 1643 4099 ex
1695 4043 1995 4099 observata
2027 4059 2129 4098 na-

490 4137 627 4188 tura
656 4135 783 4201 ejus
804 4137 979 4203 atque
1000 4131 1196 4187 indole
1220 4132 1338 4187 fore
1359 4130 1769 4203 intelligebant
1790 4131 1860 4186 ad
1884 4148 2129 4203 scopum

490 4221 786 4276 intentum
817 4220 1133 4275 efﬁcacem.
1181 4219 1328 4274 Hinc
1356 4223 1480 4274 erat
1520 4219 1727 4274 inutile
1785 4221 2133 4276 contendere

492 4308 755 4364 studium
788 4312 844 4362 et
872 4307 1067 4362 conari
1099 4307 1269 4379 plura
1316 4322 1493 4377 quam
1543 4306 1708 4374 alios,
1768 4324 1902 4363 cum
1960 4324 2131 4364 nemo

489 4401 645 4452 esset
673 4396 777 4466 qui
805 4399 1003 4467 posset
1031 4395 1140 4450 hoc
1189 4395 1383 4465 ipsum
1437 4394 1772 4466 imperatori
1805 4396 2133 4467 signiﬁcare

489 4500 555 4540 ac
589 4483 853 4539 debitum
912 4483 1113 4538 virtuti
1170 4482 1573 4538 testimonium
1605 4483 1865 4538 reddere.
1900 4488 2120 4549 Vanus,

486 4572 750 4642 inquam,
782 4575 904 4625 erat
934 4570 1097 4626 labor
1125 4571 1462 4642 impendere
1477 4587 1539 4627 se
1570 4570 1803 4642 publico
1834 4576 1890 4626 et
1920 4589 2123 4643 magna

489 4660 550 4715 in
582 4674 704 4714 rem
736 4657 1019 4729 principis
1050 4659 1265 4726 moliri,
1290 4676 1425 4715 cum
1456 4675 1608 4731 sepe
1638 4660 2003 4733 contingeret
2031 4663 2128 4717 de-

489 4747 686 4802 lusum
718 4751 777 4803 et
807 4747 1295 4815 circumventum,
1330 4746 1429 4817 qui
1451 4747 1536 4803 sio
1571 4752 1787 4817 egerat,
1822 4767 1925 4820 pro
1956 4750 2129 4805 laude

492 4852 558 4891 ac
589 4835 778 4906 gratia
807 4836 1025 4890 damna
1053 4838 1112 4890 et
1141 4836 1551 4892 contumeliam
1582 4838 1816 4893 referre.
1845 4838 2011 4894 Nunc
2042 4855 2135 4894 re-

491 4923 603 4978 bus
630 4922 1035 4977 ministrorum
1058 4922 1317 4977 ﬁdelium
1348 4940 1499 4978 cura
1522 4926 1875 4992 commissis,
1905 4926 2134 4983 nullum

492 5016 644 5065 recte
679 5011 896 5065 factum
929 5009 1151 5075 latebit,
1207 5012 1497 5081 cujusque
1543 5013 1730 5069 virtus
1763 5021 2133 5087 agnoscetur,

494 5098 757 5154 studium
785 5097 979 5168 palam
1033 5098 1163 5167 erit,
1197 5098 1362 5153 labor
1419 5104 1897 5172 compensabitur
1935 5106 2133 5160 condi-

490 5187 621 5257 gnis
651 5186 930 5257 praemiis.
965 5187 1152 5250 Quare
1184 5189 1518 5257 augendum
1570 5191 1831 5245 studium
1862 5200 1968 5259 est,
1994 5210 2136 5248 con-

488 5274 782 5330 tendenda
812 5274 1106 5329 industria
1134 5274 1194 5328 in
1226 5275 1575 5347 obsequium
1633 5278 1936 5350 principis,
1996 5285 2053 5336 et
2104 5298 2137 5336 a

496 5379 611 5433 quo
644 5362 792 5417 nihil
849 5363 1150 5428 timemus,
1180 5361 1233 5418 ei
1286 5369 1493 5419 cuncta
1525 5365 1858 5426 timeamus.
1916 5370 2135 5430 Felices

495 5450 715 5505 crimus
747 5451 797 5506 si
830 5451 1025 5507 salvus
1055 5451 1151 5520 sit,
1181 5450 1227 5507 si
1260 5452 1399 5522 quid
1440 5452 1525 5507 illi
1569 5454 1858 5530 acciderit,
1890 5460 2133 5533 perieri-

492 5555 625 5594 mus
657 5556 765 5595 nos
805 5556 1056 5611 quoque.
1105 5542 1260 5596 Bona
1288 5547 1343 5596 et
1374 5541 1529 5598 mala
1560 5548 1760 5601 nostra
1798 5565 1863 5603 cx
1903 5550 2135 5607 fortuna

2157 4532 2200 4595 D

2235 3255 2416 3310 arduo
2448 3256 2676 3326 negotio
2698 3256 3043 3327 praeﬁcerer,
3075 3257 3171 3312 sed
3233 3257 3498 3327 primum
3530 3272 3596 3312 eo
3627 3251 3851 3328 prosilui

2233 3345 2526 3414 supremis
2558 3344 2850 3399 mandatis
2870 3344 3236 3413 imperatoris
3254 3345 3611 3417 obsequens,
3643 3342 3849 3398 deinde.

2234 3459 2303 3470 —
2330 3431 2439 3487 Sed
2472 3447 2671 3487 revoco
2690 3448 2802 3499 me,
2834 3433 3154 3503 nequeisto
3198 3448 3408 3505 genere
3462 3431 3735 3489 orationis
3779 3426 3853 3483 uti

2236 3519 2382 3575 volo.
2446 3520 2502 3573 ld
2558 3520 2750 3575 solum
2808 3523 2962 3592 apud
3014 3538 3114 3577 vos
3169 3522 3470 3592 proﬁteor,
3503 3522 3581 3577 ita
3606 3536 3694 3575 me
3724 3516 3853 3573 velle

2235 3622 2604 3678 perseverare
2633 3607 2690 3662 in
2723 3609 2831 3664 hoc
2853 3625 3113 3675 munere,
3147 3611 3194 3664 si
3221 3626 3325 3664 vos
3350 3610 3633 3679 jubeatis.
3667 3607 3854 3662 Decer-

2237 3696 2354 3751 nite
2385 3695 2568 3767 igitur
2597 3697 2752 3767 quod
2787 3696 2996 3767 placet.
3025 3697 3302 3753 Prmﬁoite
3331 3698 3430 3753 isti
3463 3714 3636 3766 curae,
3677 3696 3723 3751 si
3776 3691 3855 3745 vi-

2235 3786 2423 3852 detur,
2456 3784 2635 3841 alium
2664 3803 2676 3839 :
2709 3787 2909 3841 cedam
2937 3786 3202 3856 libenter,
3235 3787 3538 3857 redigique
3569 3801 3659 3839 me
3686 3781 3855 3854 patiar

2236 3873 2295 3928 in
2318 3874 2605 3944 ordinem,
2636 3874 2760 3930 loco
2784 3877 2877 3930 47
2915 3873 3002 3930 vel
3034 3874 3236 3929 inﬁmo
3266 3878 3580 3930 contentus
3604 3890 3617 3939 ;
3641 3871 3853 3925 videns-

2237 3979 2351 4034 que
2381 3982 2414 4019 a
2443 3963 2611 4018 vobis
2643 3964 2932 4019 delectum
2965 3962 3147 4018 alium
3178 3962 3458 4018 idoneum
3510 3962 3609 4034 qui
3667 3954 3853 4030 pupilli

2238 4051 2520 4123 principis
2555 4051 2750 4121 saluti,
2781 4056 2846 4106 ut
2875 4067 2981 4121 par
3022 4053 3130 4121 est,
3190 4049 3480 4122 invigilet,
3539 4044 3855 4120 aequissimo

2240 4140 2435 4195 animo
2467 4141 2701 4211 privatae
2741 4138 2956 4210 quietis
3013 4144 3231 4194 sortem
3292 4138 3629 4208 amplectar.
3685 4140 3854 4203 Agam

2241 4227 2380 4299 quin
2411 4228 2589 4283 etiam
2625 4227 2845 4282 inﬁmis
2877 4226 3149 4299 precibus
3179 4243 3308 4281 cum
3348 4226 3632 4297 principe,
3656 4238 3725 4278 ne
3742 4234 3858 4274 mo-

2239 4315 2384 4372 leste
2416 4317 2559 4371 ferat
2588 4316 2851 4372 recedere
2882 4330 2974 4371 me
3006 4316 3078 4371 ab
3109 4315 3234 4384 ejus
3264 4332 3424 4383 cura,
3450 4315 3601 4385 quod
3619 4329 3685 4368 ea
3710 4310 3857 4366 tanta

2240 4409 2477 4476 tamque
2509 4405 2830 4461 honoriﬁca
2884 4404 3225 4476 prefectura
3276 4410 3549 4459 ornatum
3608 4416 3730 4456 esse
3774 4410 3856 4451 me

2241 4493 2593 4564 quibusdam
2639 4497 2895 4549 vestrum
2955 4510 3067 4548 non
3126 4492 3423 4564 probetur.
3486 4486 3854 4546 Praestabilius

2240 4582 2395 4637 enim
2430 4582 2598 4654 longe
2627 4586 2715 4637 est
2743 4582 2803 4637 in
2830 4581 3031 4636 militis
3061 4580 3145 4635 vel
3178 4580 3427 4653 gregarii
3447 4578 3772 4635 conditione
3798 4587 3857 4627 ac

2240 4672 2468 4725 fortuna
2512 4669 2844 4741 reipublicaa
2878 4669 3113 4739 servire,
3146 4686 3323 4740 quam
3365 4674 3521 4724 metu
3564 4672 3621 4721 et
3676 4660 3855 4733 suspi-

2245 4759 2513 4814 cionibus
2544 4759 2780 4813 anxium
2812 4758 2871 4811 in
2904 4758 3187 4829 dignitate
3213 4758 3423 4813 vivere.
3457 4757 3541 4811 En
3573 4754 3741 4824 igitur
3767 4762 3858 4822 per

2243 4848 2563 4902 beneﬁcam
2599 4847 3023 4918 providentiam
3046 4846 3315 4902 Numinis
3345 4851 3401 4901 et
3416 4843 3634 4901 subditi
3657 4838 3859 4897 dociles

2244 4935 2315 4989 ad
2350 4935 2673 5005 parendum
2704 4937 2860 5003 sunt,
2892 4936 2948 4987 et
2979 4930 3348 5004 disciplinam
3383 4930 3602 4986 milites
3622 4925 3855 4983 servant.

2244 5027 2301 5078 et
2328 5022 2635 5092 quiescunt
2666 5021 3085 5092 quiescereque
3133 5037 3240 5075 nos
3297 5021 3501 5074 sinunt
3556 5019 3764 5081 hostes,
3809 5012 3860 5064 et

2247 5110 2354 5166 istc
2387 5114 2575 5164 vester
2604 5108 3256 5179 ordoamplissimorum
3274 5107 3605 5179 principum
3620 5099 3859 5158 abundat

2244 5213 2512 5263 numero,
2529 5213 2779 5268 quorum
2795 5196 3033 5267 quidam
3052 5196 3420 5267 imperatoris
3442 5184 3855 5261 consanguinei.

2246 5287 2484 5358 quidam
2520 5285 2725 5358 primis
2738 5290 2877 5340 sunt
2896 5285 3286 5356 dignitatibus
3310 5284 3588 5347 illustres,
3612 5278 3858 5335 dotibus-

2246 5391 2358 5446 que
2388 5375 2579 5430 omnis
2610 5374 2839 5444 generis
2871 5372 3188 5444 praeclaris,
3220 5390 3345 5446 quae
3384 5384 3672 5444 quemque
3713 5378 3856 5421 com-

2242 5465 2517 5518 mendare
2548 5462 2633 5516 vel
2669 5463 2923 5516 maxime
2966 5463 3215 5532 possint,
3275 5476 3505 5517 summe
3562 5449 3857 5525 conspicui.

2240 5553 2320 5607 Ex
2352 5551 2444 5607 his
2478 5550 2728 5622 eligatur
2758 5550 2882 5621 qui,
2915 5550 3069 5621 quod
3100 5567 3192 5606 res
3222 5551 3409 5622 poscit
3437 5551 3494 5603 et
3511 5559 3737 5603 necesse
3762 5540 3857 5605 est,
