4154 6286
310 392 405 447 484
1369 391 1467 444 ΒΕ
1503 384 1874 444 MICHAELE
1910 384 1949 434 P

2063 378 2354 435 ECLOGO
2388 383 2519 435 LIB.
2560 383 2604 433 Ι.
3596 382 3704 439 482

310 516 399 573 καὶ
452 519 532 587 τῷ
606 517 775 585 κοινῷ
830 513 1139 587 ψηφίσματι
1202 514 1459 585 θήσομαι·
1519 510 1594 598 0‘?
1640 507 1742 583 γὰρ
1809 502 2035 598 ἶδίίῖίςΑ
2069 520 2151 591 [Ρ.
2182 522 2273 590 27]
2325 521 2487 576 Ταῦτ’
2544 520 2792 583 εἷπόντος
2842 526 2939 577 τοῦ
2988 518 3482 597 πρωτοϐιστιαρίου
3512 522 3707 598 ἄθρουν

313 606 616 671 συστάσεις,
650 600 794 657 ἀλλὰ
844 602 943 669 τήν
989 605 1084 655 τοῦ
1144 598 1406 674 βασιλέως
1457 593 1731 671 προῦργου
1760 594 1957 687 πέντὸς
2068 608 2160 679 μὲν
2213 609 2276 662 τὸ
2331 615 2547 677 πλῆθος
2606 610 2847 685 ξυμμιγῆ
2906 613 3003 679 τὴν
3034 593 3243 687 ’φωνήν
3307 593 3706 684 ἀφῆκανίκαὶ

314 694 639 765 ποιούμεθα.
696 688 807 746 Κᾶν
842 691 906 745 οὗ
959 692 1106 744 θέλοι
1164 710 1247 751 τις
1304 687 1490 742 ἄλλων
1549 684 1956 774 ψηφιζομένφνι
2065 694 2632 771 ὑπεραποδεχομὲνοις
2710 684 2938 769 ἐῴκεσαν
3014 684 3093 769 τῶ
3174 702 3261 755 ὑπ’
3336 700 3522 772 ἐκείνῳ
3573 700 3707 774 μετὰ

316 781 474 838 οὐδὲν
507 780 745 835 ἀνύσειεν
776 776 835 832 ἂν
895 780 971 851 μή
1025 776 1197 832 θέλων
1247 777 1496 863 ἐκεῖνος’-
1530 774 1692 850 ἡγὰρ
1729 771 1961 863 ὑμετέρα
2060 785 2150 837 τὸν
2211 783 2433 857 βασιλέα
2483 786 2761 859 τετάχθαι,
2819 785 3075 863 ἐμφανεῖς
3122 808 3178 842 τε
3224 787 3358 855 ἦσαν
3419 771 3702 861 ἰνασμενί-

318 872 671 946 ὑπερτερήσει
728 864 1016 941 βούλησις.
1072 867 1259 926 Οὕτως
1316 864 1421 939 ἐγὼ
1481 860 1794 935 δημοτικῶς
1835 857 1959 950 ᾃὲχω
2064 877 2242 939 ζοντες
2292 872 2385 943 μὶν
2436 877 2514 944 τῷ
2556 857 2913 947 κρατοῦντιξ
2947 873 3351 950 παρενείροντες
3410 874 3467 931 δὲ
3520 857 3704 932 κάκεί-

317 960 453 1015 dicte
503 958 593 1013 καὶ
628 953 796 1029 μηδὲν
827 954 913 1009 ἐπὶ
977 950 1168 1027 μηδενὶ
1226 954 1543 1024 ἀξιούμενος
1587 950 1793 1023 μείζονι
1824 948 1958 1021 ἀγα·
2060 980 2138 1031 νῳ
2177 958 2462 1021 πλείστους
2511 962 2597 1015 καὶ
2649 962 2793 1035 παρᾶ
2833 962 2894 1016 τὸ
2943 961 3084 1024 εἰκὸς
3138 948 3388 1027 ἐπαίνους
3442 966 3519 1028 ὡς
3569 966 3705 1038 ἀξίῳ

316 1054 459 1118 πᾷν,
508 1047 597 1101 καὶ
656 1043 923 1099 θελόντων
981 1044 1073 1115 μὲν
1123 1043 1445 1118 προφρόνων
1505 1042 1656 1113 ὑμῶν
1711 1038 1795 1093 ἐπὶ
1848 1040 1957 1129 τῶν
2064 1049 2177 1119 μετ’
2223 1047 2423 1102 ἐκεῖνον
2470 1054 2614 1124 σφῶν
2657 1051 2843 1123 ἄρχειν
2880 1050 3196 1125 ἐθεράπευον
3228 1054 3317 1107 τὸν
3351 1054 3536 1128 καιρὸν
3597 1054 3704 1129 οὐχ

321 1135 650 1210 πραγμάτων
706 1134 883 1204 μένειν
940 1132 1228 1205 αἳρεῖσθαι,
1289 1131 1365 1201 μή
1421 1126 1688 1183 θελόντων
1718 1124 1774 1181 δὲ
1802 1122 1957 1180 πάντ’
2059 1136 2246 1204 ἦττον,
2302 1137 2400 1203 τὴν
2458 1122 2933 1211 παρακινδύνευσιν
2968 1122 3222 1208 δεδιότες,
3254 1138 3289 1207 ἢ
3320 1141 3387 1193 τὰ
3414 1122 3550 1195 κάτά
3578 1122 3702 1196 νοῖίν

328 1224 411 1293 ὶᾷν
444 1222 532 1277 καὶ
565 1219 729 1292 μηδὲν
788 1219 1272 1294 πολυπραγμονῶν
1328 1214 1551 1289 ἐθέλειν,
1606 1215 1701 1270 κᾶν
1736 1218 1960 1287 ζημιοῦκ
2060 1219 2271 1297 ἔλεγον.
2316 1227 2428 1277 Τῶν
2473 1221 2530 1278 δέ
2570 1246 2630 1300 γε
2659 1227 2990 1301 μεγιστάνων
3022 1224 3194 1282 ἄλλος
3226 1225 3366 1282 ἄλλο
3396 1248 3448 1282 τι
3477 1229 3613 1301 πρὸς
3640 1230 3703 1283 τὸ

330 1332 423 1384 μαι
474 1310 538 1364 τὰ
592 1307 828 1382 ἔσχατοι.
890 1305 1196 1381 Παρακαλῶ
1252 1306 1431 1361 τοίνυν
1494 1302 1680 1393 μηδὲν
1722 1305 1957 1378 ὑποκρυ-
2057 1312 2226 1385 παρὸν
2255 1313 2659 1389 ὑποφωνοῦντες
2694 1311 2855 1381 δῆλοι
2887 1315 3021 1383 ἦσαν
3047 1320 3127 1387 τῷ
3177 1321 3349 1387 καιρῷ
3396 1317 3701 1393 χαριζόμε-

321 1398 622 1470 πτομὲνους
677 1396 767 1450 καὶ
827 1396 968 1467 ὑμᾶς
994 1393 1228 1465 τάληθὲς
1260 1395 1419 1469 ἱρεῖν.
1480 1392 1574 1452 Τίς
1628 1392 1727 1466 γὰρ
1768 1394 1803 1460 ἠ
1860 1396 1958 1481 τῆς
2057 1421 2161 1464 νοι,
2212 1400 2667 1475 σεμιιολογοῦντες
2716 1405 2831 1456 οἷον
2866 1403 2955 1457 καὶ
2987 1404 3189 1458 ἑαυτῶν
3220 1404 3423 1459 ἐκεῖνον
3483 1406 3703 1481 ὑπερτι-

325 1485 531 1548 δειλίας
591 1485 796 1560 ἀνάγκη
854 1489 951 1539 τοῦ
1012 1486 1085 1557 μὴ
1120 1484 1518 1557 παριστάμενον
1549 1481 1763 1556 λέγεινς
1798 1482 1826 1535 ὁ
1854 1479 1954 1567 γὰρ
2060 1488 2295 1559 θέμενοι.
2345 1491 2463 1544 Τῶν
2491 1487 2548 1543 δὲ
2576 1485 2895 1561 συμϐάντων
2928 1496 3181 1546 τοσοῦτον
3222 1494 3449 1567 ἀπεῖχον
3496 1479 3697 1550 ἐκεῖνον

319 1575 605 1645 ἁντιΑὲξων
661 1574 762 1628 οὐκ
818 1570 949 1642 ἔστι,
1000 1572 1088 1627 καὶ
1138 1568 1303 1649 φόϐος
1337 1569 1535 1638 οὐδεὶς,
1564 1570 1629 1638 ἦν
1660 1590 1741 1631 τις
1771 1570 1834 1623 τὸ
1865 1566 1956 1622 δο-
2061 1572 2239 1629 δοκεῖν
2294 1575 2598 1647 αἰτιᾶσθαι,
2657 1577 2795 1632 ὥστε
2850 1579 2939 1633 καὶ
2993 1584 3074 1651 τῷ
3136 1580 3350 1655 βασιλεῖ
3382 1566 3550 1654 μόνῳ
3604 1583 3701 1646 τὰς

316 1670 444 1719 κοῦν
501 1663 682 1738 λέγειν
739 1663 995 1737 αἱρεῖταιτ
1052 1661 1287 1725 Λύτόθεν
1340 1664 1627 1733 τοιγαροῦν
1671 1658 1761 1713 καὶ
1822 1658 1954 1731 βου·
2060 1663 2234 1725 αἶ’τίας
2265 1672 2605 1738 προσῆπτον,
2660 1665 2750 1720 καὶ
2808 1665 3135 1742 ὡμολόγουν
3191 1668 3290 1722 οὐκ
3338 1665 3440 1738 ἔξω
3468 1674 3565 1724 τοῦ
3619 1668 3703 1725 δι-

316 1752 521 1808 λευὲτω
576 1772 659 1813 τις
716 1751 805 1805 καὶ
861 1750 1139 1826 πραττέτω
1197 1748 1289 1803 σὺν
1348 1747 1542 1811 ἄλλοις
1564 1749 1624 1801 τὸ
1655 1748 1956 1821 χρήσιμον,
2058 1750 2215 1805 καίου
2244 1759 2451 1824 παθεῖν⁹
2484 1753 2528 1807 εἰ
2564 1756 2638 1827 μή
2674 1753 2741 1808 δι’
2797 1752 2851 1809 ἓν
2907 1752 3047 1810 ἄλλο
3107 1757 3140 1820 ἢ
3176 1757 3238 1810 τὸ
3301 1758 3403 1811 ὑπὸ
3434 1755 3700 1828 δεσπότην

315 1842 403 1896 καὶ
461 1840 523 1895 τό
570 1860 677 1895 τινι
734 1838 1001 1939 παραστὰν
1062 1837 1139 1900 εἷς
1193 1838 1419 1939 γνώμην
1474 1836 1641 1939 εἰπεῖν
1697 1834 1955 1939 ἀσφαλες,
1984 1839 2349 1939 Βτελοῦντας
2396 1842 2494 1910 τὴν
2549 1846 2694 1915 σφῶν
2742 1843 2817 1904 εἰς
2867 1848 3055 1918 χεῖρας
3094 1845 3235 1912 ζωὴν
3265 1839 3482 1919 ἔχοντα,
3514 1846 3701 1921 ἐκείνῳ

316 1932 389 1993 ὡς
444 1930 688 2001 εὐμενῶς
737 1928 1115 1999 ἀκουσομένων
1174 1925 1270 1980 κᾶν
1330 1926 1439 1980 ’ὁτι
1489 1924 1677 1994 λέξειε.
1711 1924 1953 1997 Δεσπότῃ

317 2018 411 2091 γὰρ
484 2016 839 2091 προσκρούειν
906 2014 1044 2076 ’ίσως
1125 2014 1223 2069 οὐκ
1293 2012 1552 2080 ἀσφαλὲς,
1612 2010 1663 2081 ἐξ
1710 2009 1836 2065 ’ίσου
1894 2009 1953 2065 δὲ

325 2101 744 2179 προσφερομὲνῳ
792 2108 873 2175 τῷ
926 2104 1143 2178 Λέγοντι
1199 2102 1265 2157 τὰ
1318 2105 1417 2166 τῆς
1477 2099 1772 2175 παρρησίας
1829 2094 1951 2173 ἔχοι

322 2196 524 2268 καιρόν,
582 2194 656 2255 ὡς
713 2193 957 2265 μείζονος
1014 2192 1071 2246 ὃν
1120 2190 1156 2259 ἢ
1212 2190 1327 2245 κατ’
1375 2189 1606 2250 ἐκείνους
1634 2188 1698 2242 τὸ
1728 2187 1951 2261 κρίνειν.

321 2280 495 2338 Ἀλλὰ
521 2282 607 2336 καὶ
637 2282 831 2336 τούτου
878 2285 968 2335 νῦν
997 2280 1105 2354 οὐχ
1154 2280 1404 2350 ὑπόντος,
1436 2279 1463 2332 ὁ
1494 2276 1661 2348 λέξων
1688 2277 1717 2331 ὃ
1764 2298 1816 2331 τι
1863 2275 1953 2331 καὶ

327 2371 575 2443 βούλεται
616 2372 938 2445 ἑκατέρωθεν
990 2368 1107 2444 ἔχει
1145 2370 1207 2424 τὸ
1254 2368 1330 2430 είς
1380 2367 1537 2422 αὐτὸν
1584 2364 1887 2421 ἀκίνδυνον.
1923 2389 1952 2417 ››

328 2548 559 2605 tutelam
590 2551 747 2621 pueri
798 2549 1084 2622 principis
1113 2553 1393 2604 exerceat.
1435 2546 1755 2612 Assentiar,
1787 2562 1947 2600 acce-

321 2640 472 2706 dam,
503 2643 559 2694 et
604 2638 1015 2695 communibus
1048 2638 1295 2694 calculis
1344 2653 1537 2692 meum
1591 2636 1945 2706 adjungam:

310 2743 416 2781 non
448 2727 608 2781 enim
642 2727 900 2797 privatas
935 2728 1194 2781 rationes
1226 2729 1420 2781 status
1456 2727 1813 2793 fortunaeque
1845 2738 1949 2777 no-

306 2819 456 2884 stre,
492 2815 597 2871 sed
634 2815 914 2886 principis
946 2814 1254 2869 utilitatem
1281 2830 1346 2869 ac
1377 2812 1624 2868 salutem
1656 2814 1789 2865 ante
1819 2824 1949 2864 om-

301 2904 396 2959 nia
425 2904 750 2975 quarimus
780 2909 839 2959 et
860 2903 1090 2959 cunctis
1116 2902 1500 2975 praeferimus.
1533 2899 1641 2964 Qui
1671 2898 1890 2955 electus
1913 2914 1947 2954 a

296 2994 461 3049 vobis
491 2992 697 3062 fuerit,
722 2992 771 3047 si
796 2992 1206 3064 deprecabitur
1231 2992 1534 3054 honorem,
1563 2990 1781 3043 frustra
1803 2987 1913 3042 erit
1938 3003 1953 3041 :

292 3080 488 3137 vincet
520 3080 682 3137 enim
714 3096 1041 3136 consensus
1072 3083 1261 3135 vester
1290 3080 1418 3149 ejus
1451 3076 1819 3143 modestiam,
1843 3090 1946 3130 nec

293 3186 401 3225 sua
432 3186 575 3224 eum
610 3169 957 3224 verecundia
1001 3166 1239 3237 iudiciis
1271 3166 1535 3221 omnium
1579 3168 1837 3220 vestrum
1872 3163 1943 3219 ad

2062 1928 2150 1981 καὶ
2187 1930 2349 2000 μόνον
2382 1927 2577 1983 δοκοῦν
2612 1931 2941 1994 ὑπευθύνους
2969 1934 3102 1986 εἶναι
3131 1933 3220 1986 καὶ
3246 1936 3627 2006 τιμωρεῖσθαι.

2064 2037 2144 2100 ιζ’.
2185 2032 2489 2109 Ἀπολογία
2527 2037 2662 2109 πρὸς
2698 2036 2797 2104 τὴν
2841 2034 3187 2113 δημηγορίαν
3242 2042 3338 2093 τοῦ
3397 2038 3701 2097 Παλαιολό-

2857 2128 2941 2166 Ol).

2128 2194 2186 2248 Ὀ
2214 2190 2269 2247 δέ
2297 2214 2358 2266 γε
2379 2192 2754 2269 Παλαιολόγος
2779 2128 3010 2269 Μῖἰέὴλ
3027 2197 3117 2250 καὶ
3153 2198 3315 2272 μέγας
3341 2197 3703 2259 κονοοταῦλος

2058 2280 2121 2334 τὸ
2190 2287 2507 2352 τηνικαῦτα,
2568 2283 2603 2352 ἢ
2655 2284 2747 2338 καὶ
2806 2290 2922 2347 ταῖς
2977 2282 3257 2355 ἀληθείαις
3314 2283 3388 2342 ὢν
3448 2291 3589 2351 θεῖος
3643 2286 3703 2341 ix

2060 2368 2309 2439 γυναικὸς
2342 2368 2547 2425 ἐκείνου
2576 2372 2666 2427 καὶ
2718 2372 3076 2450 συμμετέχειν
3133 2374 3312 2449 ὥσπερ
3366 2379 3463 2429 τοῦ
3516 2376 3701 2449 γένους

2059 2562 2268 2605 vacans
2302 2551 2577 2621 periculo.
2612 2552 2779 2619 Quali
2801 2570 2915 2608 non
2948 2556 3038 2609 est
3064 2554 3364 2624 expositus
3384 2554 3485 2625 qui
3515 2553 3700 2625 loqui-

2056 2639 2153 2690 tur
2183 2638 2251 2692 ad
2302 2639 2412 2694 sibi
2445 2656 2635 2711 pares.
2690 2640 2894 2697 Nullus
2926 2641 3023 2696 hic
3074 2640 3379 2714 principali
3430 2642 3699 2698 eminens

2059 2725 2292 2796 fastigio
2324 2734 2473 2782 astat
2520 2730 2900 2785 dicendorum
2936 2730 3195 2785 arbiter:
3252 2729 3465 2786 similis
3496 2731 3699 2785 condi-

2054 2816 2137 2867 tio
2169 2818 2256 2869 est
2283 2817 2543 2871 omnium
2577 2821 2634 2871 et
2690 2833 2997 2872 commune
3020 2817 3333 2887 judicium.
3366 2818 3555 2881 Quare
3604 2818 3699 2875 hic

2057 2900 2249 2956 liberas
2278 2904 2525 2958 orationi
2554 2910 2609 2960 et
2639 2904 2786 2960 nihil
2836 2908 2996 2960 metu
3045 2904 3331 2975 reticenti,
3373 2921 3697 2976 quamcun-

2058 3006 2171 3060 que
2197 2989 2255 3043 in
2290 2996 2512 3062 partem
2563 2994 2898 3049 incubuerit
2928 2993 3237 3060 sententia,
3281 2993 3377 3049 hic
3410 2996 3688 3065 profecto,

2057 3079 2106 3133 si
2141 3095 2414 3148 usquam,
2446 3081 2610 3136 locus
2653 3086 2760 3138 est.
2797 3104 2824 3131 ››
2866 3081 2995 3136 Hec
3026 3081 3467 3153 protovestiario
3495 3079 3692 3137 locuto

2056 3168 2315 3223 conferta
2357 3168 2596 3239 quidem
2642 3170 2959 3225 multitudo
3010 3170 3207 3225 nescio
3256 3170 3396 3240 quid
3450 3169 3693 3227 mistum

295 3263 631 3314 extremum
692 3255 877 3313 obniti
923 3233 1192 3327 patietur.
1249 3258 1336 3310 Me
1379 3254 1537 3325 quod
1597 3253 1822 3319 attinet,
1871 3251 1952 3307 ita
1981 3233 2024 3300 Ο
2054 3254 2311 3311 confusis
2342 3233 2687 3313 acclamavit
2734 3257 2996 3327 vocibus,
3028 3273 3156 3327 quas
3203 3233 3497 3311 declarare
3527 3256 3690 3311 vide-

297 3351 679 3416 comparatus
731 3362 886 3411 sum,
920 3348 983 3398 ut
1015 3360 1117 3399 nec
1166 3343 1213 3399 si
1239 3359 1343 3399 vos
1366 3342 1665 3413 jusseritis
1706 3355 1944 3413 pergere

300 3434 357 3488 in
388 3436 674 3504 suscepto
708 3448 947 3487 munere
977 3432 1314 3501 detrectem,
1346 3432 1523 3486 etiam
1556 3429 1717 3485 nullo
1750 3428 1949 3485 addito

304 3523 514 3579 honore
549 3520 642 3576 vel
676 3525 1116 3577 auctoramento
1155 3519 1399 3589 majori;
1448 3524 1506 3575 et
1535 3519 1584 3574 si
1615 3518 1726 3573 alio
1770 3523 1950 3572 nutus

305 3612 474 3665 vestri
497 3609 945 3683 propenderint,
969 3608 1163 3663 statim
1190 3607 1302 3662 sim
1326 3608 1701 3677 acquieturus
1722 3611 1779 3660 et
1798 3610 1953 3678 tran-

301 3699 481 3771 quillo
509 3713 848 3769 sccuroque
898 3696 1096 3753 animo
1126 3711 1466 3751 recessurus
1498 3695 1763 3761 domum,
1801 3692 1949 3749 nihil

294 3787 615 3858 inquirens
647 3786 719 3840 de
748 3785 943 3840 causis
970 3801 1097 3855 quae
1126 3800 1229 3839 vos
1255 3783 1327 3839 ad
1359 3783 1443 3837 sic
1469 3783 1539 3837 de
1572 3798 1662 3838 me
1692 3786 1953 3837 statuen-

295 3876 437 3931 dum
499 3873 875 3943 impulerint,
928 3872 1161 3928 etiamsi
1211 3873 1427 3926 damna
1476 3871 1843 3926 fortunarum
1894 3873 1952 3926 et

292 3968 487 4019 status
538 3962 611 4017 in
642 3978 735 4017 me
791 3961 891 4017 48
949 3962 1083 4017 inde
1140 3960 1487 4032 gravissima
1533 3960 1949 4015 redundarent.

300 4052 413 4108 Oro
446 4052 647 4123 igitur
675 4050 1031 4121 obsecroque
1068 4065 1168 4103 vos
1195 4052 1260 4103 ut
1288 4051 1345 4103 et
1370 4046 1479 4119 ipsi
1521 4047 1647 4101 sine
1676 4047 1797 4102 ullo
1821 4048 1950 4102 fuco

290 4142 452 4213 quod
484 4155 632 4197 vere
662 4138 946 4194 sententis
968 4137 1243 4193 eﬂ‘eratis.
1268 4138 1402 4201 Quae
1424 4134 1579 4190 enim
1601 4138 1691 4190 est
1708 4134 1951 4190 timendi

291 4229 527 4285 causa?
570 4228 683 4282 Aut
729 4243 858 4298 quae
888 4226 1127 4282 obtendi
1172 4231 1370 4295 posset
1400 4224 1696 4279 excusatio
1742 4223 1951 4279 idonea

286 4320 513 4389 ignavae
542 4313 1048 4372 dissimulationis
1076 4314 1145 4369 ab
1194 4329 1260 4368 eo
1306 4314 1406 4384 qui
1467 4311 1821 4368 sententiam
1879 4312 1949 4367 de

287 4406 611 4478 republica
642 4409 876 4474 rogetur
905 4403 966 4457 in
997 4402 1106 4457 hoc
1128 4401 1490 4473 amplissimo
1521 4404 1577 4455 et
1604 4399 1948 4471 gravissimo

288 4494 544 4550 concilio
576 4491 602 4546 ?
629 4492 937 4547 Promatur
967 4489 1147 4545 libere
1178 4488 1463 4560 quidquid
1496 4489 1553 4543 in
1597 4490 1793 4545 animo
1839 4492 1944 4544 est.

2057 3350 2259 3399 rentur
2284 3344 2529 3401 libenter
2548 3363 2611 3401 se
2640 3344 2725 3399 illi
2746 3349 2878 3416 post
2898 3346 3309 3416 imperatorem
3332 3343 3691 3415 subjici,ap-

2058 3434 2295 3504 parebat
2309 3450 2378 3489 ea
2397 3434 2510 3488 dici
2535 3435 2731 3490 studio
2753 3432 3090 3490 assentandi
3117 3432 3385 3504 principi.
3410 3434 3692 3503 Congereo

2058 3522 2201 3576 bant
2231 3527 2289 3576 et
2314 3538 2371 3576 In
2394 3522 2897 3593 protovestiarium
2927 3520 3246 3576 liberaliter
3268 3520 3491 3589 laudes,
3516 3520 3693 3577 etiam

2058 3610 2399 3680 invidiosae,
2430 3611 2673 3681 dignum
2706 3610 2976 3666 videlicet
3007 3626 3140 3665 eum
3158 3608 3419 3680 quiipsis
3441 3609 3694 3680 impera-

2057 3704 2145 3755 ret
2180 3699 2579 3770 priedicantes.
2626 3698 2760 3761 Quae
2801 3698 2988 3770 magis
3020 3697 3398 3753 servientium
3442 3696 3696 3769 tempori

2058 3792 2115 3843 et
2134 3787 2326 3843 liberas
2361 3785 2638 3842 orationis
2662 3784 2918 3855 pericula
2946 3785 3277 3839 caventium
3310 3800 3478 3840 voces
3508 3788 3696 3852 erant,

2058 3892 2234 3947 quam
2284 3892 2413 3946 quae
2444 3890 2609 3930 veros
2659 3872 2988 3928 animorum
3022 3889 3231 3927 sensus
3283 3872 3694 3943 exprimerent.

2058 3966 2419 4036 Optimatum
2470 3978 2605 4018 vero
2636 3963 2736 4017 49
2790 3959 2942 4015 alius
2970 3959 3128 4015 aliud
3184 3975 3286 4030 pro
3316 3975 3377 4014 re
3422 3960 3694 4030 praesenti

2059 4053 2353 4108 submisse
2404 4067 2468 4106 ac
2500 4047 2893 4121 perfunctorie
2942 4047 3230 4115 dixerunt,
3262 4047 3341 4101 ita
3388 4054 3453 4102 ut
3480 4048 3696 4118 gratiti-

2058 4143 2173 4198 cari
2204 4158 2299 4197 eos
2330 4141 2689 4212 potientibus
2718 4144 2859 4193 tunc
2890 4152 3084 4192 rerum
3112 4137 3302 4208 palam
3336 4141 3513 4192 esset.
3546 4136 3693 4191 Lau-

2057 4232 2277 4286 dabant
2306 4227 2834 4301 protovestiarium,
2866 4230 2924 4281 et
2953 4225 3062 4280 sibi
3091 4225 3234 4295 ipsis
3265 4224 3645 4295 praeferebant
3676 4238 3691 4278 :

2057 4336 2258 4375 eorum
2280 4334 2416 4374 vero
2437 4334 2563 4390 qua:
2586 4316 2783 4389 gravia
2799 4313 3151 4386 quibusdam
3178 4316 3236 4368 et
3260 4312 3489 4383 publice
3507 4311 3696 4366 invisa

2056 4409 2441 4479 contigerant,
2473 4411 2704 4460 tantum
2738 4405 2982 4459 aberant
3010 4402 3082 4457 ab
3113 4417 3180 4455 eo
3211 4399 3597 4464 criminando,
3633 4402 3696 4453 ut

2057 4513 2264 4554 causas
2296 4495 2558 4552 omnium
2583 4493 2641 4548 in
2671 4492 3076 4563 imperatorem
3101 4488 3314 4544 diserte
3343 4487 3693 4555 conferrent,

289 4582 644 4655 Excipietur
673 4579 856 4649 aequis
903 4578 1169 4645 auribus,
1204 4593 1306 4632 ῐιθο
1337 4577 1445 4632 erit
1474 4578 1575 4647 qui
1620 4594 1782 4632 mera
1806 4592 1942 4632 σου·
1978 4589 2028 4654 ι)
2062 4586 2343 4640 addentes
2392 4583 2548 4654 quod
2594 4579 2761 4650 quasi
2808 4594 2943 4634 eum
2975 4580 3337 4646 excusarent,
3391 4574 3527 4631 talia
3566 4588 3696 4630 sese

288 4667 636 4725 tradicendi
656 4667 900 4722 libidine
921 4670 1237 4738 Oppugnet.
1260 4664 1470 4720 Nullus
1488 4666 1735 4736 denique
1756 4670 1946 4722 metus

289 4759 633 4831 impendet,
661 4772 775 4827 quo
807 4754 1062 4811 revocari
1095 4760 1196 4809 aut
1224 4754 1505 4809 retardari
1529 4753 1722 4824 quivis
1762 4755 1951 4826 possit

298 4849 371 4901 ab
422 4864 493 4902 eo
528 4843 933 4916 qualicunque
984 4842 1350 4913 proferendo,
1402 4841 1557 4912 quod
1606 4845 1707 4897 aut
1735 4844 1949 4900 mentis

281 4935 518 5005 judicio
568 4932 823 4988 senserit
881 4935 983 4987 aut
1036 4930 1354 4987 voluntatis
1412 4930 1650 4985 arbitrio
1690 4929 1950 5003 elegerit.

293 5024 602 5093 Agedum,
633 5019 832 5075 statim
862 5037 929 5075 ex
969 5035 1123 5074 nunc
1151 5023 1321 5074 eatur
1350 5017 1408 5072 in
1442 5018 1780 5085 sententias,
1814 5036 1952 5075 con-

289 5111 451 5166 sulat
483 5108 767 5178 quisque,
796 5108 857 5164 in
882 5108 1165 5175 medium,
1190 5110 1433 5179 agatque
1455 5108 1606 5178 quod
1632 5106 1774 5177 vult,
1797 5109 1949 5179 quod

293 5204 469 5271 putat
504 5196 675 5253 utile.
731 5196 1013 5252 Securum
1044 5204 1095 5251 et
1126 5199 1319 5251 tutum
1356 5199 1445 5251 est
1492 5210 1757 5266 promere
1786 5196 1952 5266 quid-

293 5288 432 5358 quid
470 5287 721 5340 demum
750 5285 806 5339 in
842 5288 1092 5340 mentem
1122 5284 1364 5339 venerit.
1396 5286 1694 5350 Attentos,
1725 5284 1947 5355 faciles,

292 5377 363 5430 ad
399 5374 603 5446 quivis
651 5373 1004 5429 audiendum
1056 5377 1288 5445 paratos
1318 5389 1387 5428 en
1442 5390 1549 5427 nos
1579 5388 1802 5428 omnes.
1839 5372 1946 5428 Ubi

297 5465 581 5534 princeps
616 5461 675 5515 in
725 5466 928 5517 senatu
958 5467 1067 5531 est,
1100 5478 1278 5517 causa
1306 5476 1433 5517 esse
1466 5465 1658 5532 potest
1689 5461 1945 5515 circum-

294 5549 595 5622 spiciendi
626 5549 767 5620 quid
800 5550 933 5623 quis
973 5550 1166 5606 dicat:
1200 5566 1384 5622 prona
1414 5549 1572 5605 enim
1605 5554 1695 5605 est
1725 5548 1945 5605 dicenti

296 5640 453 5711 apud
485 5635 800 5693 dominum
833 5638 1095 5707 offensio,
1129 5654 1235 5694 nec
1282 5653 1351 5694 ea
1380 5637 1429 5694 si
1458 5653 1586 5709 quae
1634 5636 1946 5708 contigerit

2058 4692 2173 4731 non
2214 4673 2386 4745 plane
2429 4670 2647 4742 injuria
2677 4683 2907 4740 passos,
2954 4666 3001 4720 si
3033 4682 3146 4721 non
3191 4665 3265 4720 ob
3313 4663 3498 4730 aliud,
3541 4669 3698 4718 certe

2056 4764 2193 4835 quia
2224 4760 2565 4833 impositum
2599 4756 2923 4812 cervicibus
2953 4753 3211 4810 tulerant
3240 4752 3544 4808 dominum
3566 4752 3697 4807 vita)

2062 4852 2323 4923 ipsorum
2356 4847 2661 4904 arbitrium
2695 4845 3030 4908 habentem,
3062 4843 3154 4897 cui
3186 4842 3339 4913 quod
3364 4846 3593 4896 tantum
3618 4841 3700 4896 ita

2060 4941 2374 5003 videretur,
2406 4951 2537 4991 reos
2568 4950 2630 4990 se
2660 4932 2841 4989 fuisse
2871 4947 2936 4989 ac
2958 4932 3120 5003 juste
3152 4929 3411 5001 punitos.

2133 5074 2217 5127 17.
2252 5068 2539 5141 Responsio
2587 5064 2892 5135 Palwologi
2946 5064 3019 5120 ad
3085 5062 3406 5118 concionem
3449 5068 3695 5134 protove-

2783 5153 2990 5209 stiarii.

2130 5284 2200 5332 At
2221 5273 2460 5332 Michael
2488 5271 2865 5341 Palaeologus,
2886 5283 3133 5338 magnus
3153 5271 3293 5321 tunc
3315 5260 3697 5319 conostaulus

2054 5367 2141 5424 vel
2174 5372 2311 5421 vere
2336 5365 2532 5419 favens
2562 5360 2647 5415 illi
2678 5359 2849 5429 cujus
2881 5356 3078 5411 uxoris
3106 5352 3463 5410 avunculum
3490 5367 3551 5405 se
3582 5367 3699 5406 me-

2055 5457 2325 5522 minerat,
2348 5457 2404 5507 et
2430 5448 2839 5505 communione
2854 5444 3085 5517 generis
3105 5444 3165 5497 in
3190 5438 3693 5511 participationem

2054 5559 2284 5616 quoque
2309 5540 2497 5609 ipsius
2519 5537 2713 5608 gloria:
2742 5551 2806 5590 se
2834 5537 3139 5589 venturum
3164 5534 3398 5601 putans,
3420 5525 3507 5616 vel
3538 5528 3693 5597 quod

2050 5613 2109 5692 et
2152 5634 2278 5704 ipse
2300 5624 2652 5685 adulationis
2683 5623 3064 5694 haudexpers
3086 5617 3435 5689 captandam
3460 5613 3697 5673 duceret
