4154 6286
429 369 535 423 483

1724 360 2031 416 GEORGII
2071 357 2534 414 PACHYMERB

3718 362 3821 417 484

426 490 618 562 ἐκείνῳ
677 490 819 545 οὕτω
866 490 957 545 καὶ
988 496 1085 559 τῆς
1139 487 1297 558 δόξης
1330 487 1602 559 οἰόμενος,
1634 484 1667 551 ἢ
1706 484 1809 556 μὴν
1842 481 1931 536 καὶ
1959 483 2067 535 θω-
2097 481 2152 548 Α
2180 482 2397 551 νοῦμιν·
2461 481 2534 540 ὡς
2590 482 2693 555 γὰρ
2752 479 2863 534 ἐκεῖ
2915 483 2978 535 τὸ
3010 485 3186 557 χρεὼν
3219 484 3507 557 ἀναγκαῖον
3545 483 3638 539 κᾶν
3670 485 3827 547 νόσος

423 584 693 642 πευτικῶς
740 580 877 652 πρὸς
925 580 1016 632 τὸν
1067 577 1252 651 καιρὸν
1311 573 1731 649 ὑπερχόμενος,
1790 572 1925 643 μετὰ
1978 570 2077 637 τὴν

418 672 523 721 τῶν
560 666 748 721 ἄλλων
780 665 1076 741 ἀπολογίαν
1111 665 1201 719 καὶ
1232 665 1329 732 τὴν
1380 662 1786 740 ἐμφαινομένην
1822 659 2081 714 ὑπόπτω-

422 777 502 809 σιν
576 754 1182 831 παρρησιαστικώτερον
1251 754 1388 826 πρὸς
1433 749 1560 813 τοὺς
1615 748 1817 822 λόγους
1881 746 2080 801 ἀπελο-

420 849 592 919 γεῖτο·
653 846 730 915 [Ρ.
776 845 869 915 28]
916 867 943 895 ‹‹
999 842 1103 899 Καὶ
1160 841 1211 895 τί
1269 860 1399 894 ποτε
1456 837 1559 914 ἄρα
1618 841 1843 891 τοιαῦτα
1903 834 2084 908 λέγειν

421 934 661 1007 παρέστη
698 953 781 985 σοι
837 933 977 1005 πρὸς
1025 934 1171 1002 ἡμᾶς
1220 928 1441 1001 ἀρτίως,
1478 929 1504 981 6
1536 931 1656 988 ταῖς
1690 925 1858 995 ἀξίαις
1920 924 2083 999 ὑπερ·

424 1022 567 1095 έχων
599 1021 820 1074 καὶτῶν
852 1017 1037 1074 ἄλλων
1072 1018 1243 1093 κρίσει
1279 1015 1541 1090 βασιλείῳ
1593 1014 2032 1089 ὑπερφιρόμενος
2066 1052 2081 1094 ς

420 1110 470 1163 τί
506 1106 561 1162 δέ
586 1129 669 1161 σοι
700 1108 789 1161 καὶ
834 1107 959 1181 περὶ
1013 1110 1173 1178 ἡμῶν
1205 1103 1467 1173 ἤκουσται
1519 1103 1593 1163 ὡς
1622 1101 1862 1174 ἐγκοτεῖν
1923 1096 2080 1167 δῆθεν

423 1193 725 1250 δοκούντων
780 1192 1077 1248 διοικοῦντι
1137 1194 1204 1247 τὰ
1265 1190 1572 1266 βασιλέωςς
1630 1189 1709 1249 τίς
1769 1186 1825 1243 δέ
1883 1208 1940 1240 σε
1993 1189 2082 1239 καὶ

422 1283 719 1337 αἰτιάσαιτο
800 1280 1020 1343 δικαίως
1091 1280 1162 1334 ὧν
1245 1280 1585 1354 ὀργισθέντος
1657 1281 1751 1330 τοῦ
1816 1273 2082 1350 βασιλέως

420 1367 608 1441 ξυνέϐη
686 1373 737 1425 οἱ
811 1372 1044 1439 παθεῖν;
1129 1367 1308 1431 οὐδεὶς
1367 1367 1444 1427 εἷς
1501 1367 1661 1419 τόσον
1710 1361 2082 1438 προεληλύθει

423 1460 636 1533 ἀγνοίας
668 1458 803 1514 ὥστε
835 1459 925 1513 καὶ
961 1456 1232 1532 βασιλέως
1264 1456 1432 1531 ὀργὴν
1463 1455 1671 1528 ἀγνοεῖν
1725 1453 1815 1507 καὶ
1858 1453 1956 1520 τὴν
1988 1455 2084 1505 τοῦ

420 1554 610 1621 καιροῦ
692 1549 765 1621 μὴ
850 1545 1042 1601 εἰδέναι
1103 1547 1323 1617 πικρίαν
1359 1588 1376 1615 ,
1432 1544 1606 1612 ὁπόση
1664 1544 1731 1610 ἦν
1788 1541 1877 1595 καὶ
1936 1539 2085 1599 ὅπως

423 1636 657 1711 ἐφῆπται
715 1642 867 1704 πᾶσι,
926 1636 1018 1689 καὶ
1079 1632 1291 1705 μᾶλλον
1352 1637 1467 1693 τοῖς
1527 1632 1916 1701 πλησιάζουσι.
1976 1634 2059 1683 Κα

424 1746 507 1786 τις
557 1726 682 1799 γὰρ,
745 1724 789 1778 εί
853 1725 925 1795 μὴ
962 1722 1151 1798 πορῥω
1195 1726 1301 1776 τῶν
1337 1720 1618 1793 ἡμετέρων
1654 1714 1840 1792 ἔτυχεν
1874 1716 1944 1770 ὣν
1978 1716 2085 1770 κάκ

420 1813 606 1887 γένους
650 1810 1002 1880 ἀλλοδαπός;
1060 1809 1211 1879 Πλὴν
1271 1811 1384 1863 ἐπεὶ
1444 1804 1725 1881 ξυμϐαίνει
1775 1803 2079 1899 ,δολοῦσθαι
2114 1835 2159 1899 Β

421 1900 605 1972 ὅρκοις
658 1901 745 1954 καὶ
802 1902 1087 1969 συνθήκαις
1128 1898 1216 1952 ἐπὶ
1267 1897 1443 1951 πίστει
1486 1893 1942 1969 συνισχημένους,
1994 1893 2085 1946 ού·

424 1986 507 2041 δέν
569 1988 785 2048 ἀπεικὸς
843 1987 930 2041 καὶ
995 1986 1221 2059 πάσχειν
1282 1986 1552 2053 ἀνήκεστα
1611 1980 1803 2036 δοκοῦν
1864 1980 2077 2051 ἐκείνῳ,

424 2076 519 2129 κᾶν
602 2074 794 2147 μηδεὶς
863 2074 1129 2146 ἐποτρύνῃ
1199 2073 1513 2147 ἐπηρεάζων
1588 2075 1669 2142 τῷ
1744 2067 2076 2141 πεισομένῳ⁸

429 2167 606 2222 ’Όπου
656 2165 832 2220 τοίνυν
888 2172 988 2233 τῆς
1048 2163 1219 2223 αἰτίας
1272 2162 1361 2216 καὶ
1404 2163 1431 2215 ὁ
1490 2160 1686 2235 δράσας
1718 2159 1933 2236 ἀφεῖται
1961 2162 2077 2217 τοῖς

424 2254 491 2307 τὰ
547 2260 646 2321 τῆς
702 2252 1001 2326 μοναρχίας
1047 2250 1425 2323 ἐπισταμένοις
1486 2246 1617 2319 ἴδια,
1666 2246 1849 2323 σχολῇ
1907 2246 1958 2319 γ’
2017 2244 2075 2298 ἃν

426 2339 598 2412 ἀλῷεν
643 2339 805 2394 ἀλλοι
852 2345 1202 2413 συκοφαντεῖν
1256 2338 1646 2410 ὑπονοούμενοι
1691 2336 1779 2391 καὶ
1834 2335 2075 2405 ἐξάπτειν

424 2430 490 2482 τὰ
542 2436 640 2498 τῆς
698 2430 884 2502 ὀργῆς.
946 2429 1137 2503 Γέγονε
1192 2432 1359 2481 ταῦτα
1413 2427 1505 2481 καὶ
1564 2422 1834 2500 παρῆλθε,
1893 2421 2073 2478 καὶτό

422 2517 545 2588 περὶ
592 2517 855 2572 τοιούτων
908 2516 1106 2591 ἀρτίως
1166 2513 1408 2586 διεξιέναι
1459 2516 1651 2587 ὅμοιον
1705 2512 1883 2583 ὥσπερ
1936 2509 1994 2565 ἂν
2030 2504 2073 2565 εἶ

425 2605 549 2679 περὶ
579 2609 777 2678 νεκρῶν
839 2604 987 2665 ὅπως
1046 2604 1284 2667 ἐντεῦθεν
1342 2600 1590 2671 ἀπῆλθον
1646 2599 2071 2674 ἐπολυπραγμο-

430 2783 794 2837 occasionem
828 2782 1173 2839 insinuandi
1206 2797 1267 2837 se
1295 2782 1354 2836 in
1385 2781 1633 2853 gratiam
1654 2784 1792 2833 tunc
1824 2775 2073 2848 praepol-

426 2868 693 2939 lentium,
726 2875 859 2940 post
901 2886 999 2925 eas
1032 2887 1176 2940 quas
1206 2869 1598 2923 indicavimus
1657 2865 2069 2937 responsiones

428 2957 675 3011 aliorum
707 2963 766 3011 et
814 2958 1203 3026 significatam
1254 2957 1730 3019 submissionem,
1777 2953 1955 3007 altius
2012 2955 2069 3007 et

428 3044 595 3116 quasi
632 3045 874 3100 liberius
904 3060 1100 3101 vocem
1135 3044 1370 3110 tollens,
1404 3044 1489 3099 sic
1521 3044 1593 3097 ad
1622 3041 1960 3096 concionem
1985 3056 2071 3095 re-

426 3133 697 3202 spondit:
722 3155 747 3182 ‹‹
775 3133 881 3197 Qui
910 3132 1018 3186 tibi
1041 3132 1338 3197 tandem,n
1362 3129 1655 3200 inquiens,
1689 3151 1716 3177 ‹‹
1737 3129 1795 3183 in
1812 3133 2066 3183 mentem

424 3220 583 3273 venit
613 3220 764 3273 hanc
796 3235 973 3289 quam
1024 3220 1197 3273 modo
1229 3216 1560 3289 explicuisti
1590 3217 1662 3272 ad
1712 3233 1817 3271 nos
1848 3215 2068 3271 oratio-

427 3324 561 3362 nem
594 3306 806 3362 babere
828 3307 855 3360 ?
884 3306 1062 3370 Quasi
1112 3322 1225 3361 non
1260 3306 1483 3361 meritis
1516 3309 1573 3360 et
1603 3304 1883 3375 dignitate
1914 3321 2063 3375 prm-

426 3395 687 3449 emineas
729 3395 953 3463 judicio
1004 3394 1367 3465 imperatoris
1417 3392 1760 3463 praepositus
1808 3392 2058 3447 cunctis.

424 3482 557 3544 Qua:
604 3498 773 3552 porro
822 3498 925 3536 nos
980 3481 1133 3552 apud
1183 3485 1237 3535 te
1278 3480 1424 3534 falsa
1474 3480 1773 3533 infamavn.
1824 3480 2061 3549 delatio,

424 3574 707 3639 tanquam
761 3569 861 3638 qui
892 3570 1225 3624 videremur
1269 3568 1319 3623 ei
1351 3584 1480 3622 esse
1509 3566 1722 3621 infensi
1773 3566 1873 3637 qui
1904 3566 2058 3622 vices

421 3656 791 3726 imperatoris
820 3656 1085 3726 gereret?
1115 3657 1254 3720 Quis
1277 3662 1471 3709 autem
1506 3655 1608 3709 tibi
1632 3656 1793 3722 justo
1823 3655 2058 3725 culpam

418 3744 671 3815 imputet
700 3760 901 3799 eorum
935 3760 1062 3814 quae
1119 3744 1191 3798 ab
1221 3743 1309 3799 ira
1339 3744 1481 3799 forte
1512 3743 1723 3798 mortui
1776 3741 2058 3813 principis

418 3832 531 3901 ipsi
564 3834 680 3903 pati
713 3833 1024 3903 contigerit
1051 3831 1079 3886 ‘I
1108 3832 1287 3887 Nemo
1319 3837 1437 3887 tam
1460 3832 1702 3903 ignarus
1726 3848 1920 3885 rerum
1947 3836 2057 3897 est,

418 3919 507 3974 cui
553 3924 691 3975 nota
721 3936 837 3979 non
870 3920 948 3975 sit
998 3923 1209 3975 natura
1245 3920 1372 3989 ejus
1407 3920 1506 3989 qui
1556 3918 1720 3989 prius
1751 3917 2059 3989 imperavit

417 4006 771 4062 iracundior.
806 4008 946 4070 Quis
977 4007 1153 4062 etiam
1186 4008 1413 4076 ignoret
1443 4012 1657 4074 quanta
1690 4006 1863 4061 fuerit
1892 4022 2056 4061 acer-

416 4094 566 4150 bitas
597 4095 881 4165 temporis
932 4095 1111 4161 illius,
1146 4111 1269 4165 quae
1300 4095 1358 4149 in
1408 4111 1613 4150 omnes
1644 4099 1912 4165 grassata
1942 4098 2053 4160 est,

414 4186 471 4237 et
502 4184 691 4253 magis
724 4183 781 4237 in
816 4184 1263 4253 propinquiores
1283 4183 1309 4236 ?
1330 4184 1430 4238 50
1452 4182 1626 4237 Plane
1648 4182 1825 4252 huius
1856 4198 2056 4252 expers

414 4270 523 4324 fuit
555 4272 670 4325 fere
703 4287 898 4338 nemo,
932 4270 1045 4325 nisi
1101 4271 1244 4325 forte
1276 4269 1709 4323 remotissimus
1738 4287 1767 4324 a
1800 4270 1968 4325 nobis
2000 4274 2056 4325 et

421 4364 553 4412 ortu
583 4357 1055 4413 exteros.Verum
1090 4357 1161 4411 ab
1192 4373 1257 4411 eo
1288 4356 1382 4411 cui
1413 4356 1581 4411 {idem
1613 4362 1977 4412 sacramento
1998 4362 2054 4413 et

414 4445 599 4515 pactis
643 4448 943 4499 conventis
986 4445 1301 4515 obligatam
1334 4448 1396 4498 ut
1445 4443 1693 4514 principi
1740 4444 2049 4528 habemus,

2188 565 2428 641 ἐνσκήψῃ
2476 566 2569 622 κᾶν
2626 570 2739 641 μὴ,
2800 568 2971 631 οὕτως
3027 569 3251 634 ἐνταῦθα
3304 573 3365 626 τὸ
3419 576 3605 627 παθεῖν
3667 573 3828 647 ἐγγὺς

2185 660 2285 709 τοῦ
2339 659 2540 730 χρεὼν,
2602 657 2697 710 κᾶν
2758 657 2859 711 εἶεν
2899 658 2950 711 οἱ
3004 658 3205 733 λόγους
3263 656 3700 733 ὑποϐαλλόμενοι
3731 661 3826 717 κᾶν

2193 746 2266 816 μὴ
2328 744 2448 800 εἶεν.
2496 746 2589 798 Καὶ
2640 744 2701 798 τὸ
2755 745 3075 819 τεταγμένον
3131 748 3215 802 ὑπ’
3274 747 3429 820 ἄλλῳ
3484 750 3573 804 καὶ
3632 748 3826 805 δοῦλον

2188 827 2316 886 ὅντα
2371 830 2494 886 ὅσον
2525 832 2599 895 εἷς
2658 831 2837 901 λύπην
2895 836 3081 888 παθεῖν
3142 832 3384 907 δικαίως,
3439 843 3692 893 τοσοῦτον
3753 840 3829 901 εἷς

2191 920 2529 993 παραμυθίαν
2582 923 2640 975 τὸ
2700 918 2899 983 ἀδίκως
2944 920 3040 976 κᾶν
3089 925 3154 977 τὰ
3199 925 3426 998 μέγιστα
3463 926 3667 1000 πάσχοι
3732 948 3833 982 πα-

2189 1011 2319 1063 θεῖν.
2381 1012 2490 1061 Ποῦ
2545 1007 2721 1062 τοίνυν
2778 1009 2963 1078 καιρὸς
3020 1014 3126 1063 τῶν
3179 1010 3439 1065 τοιούτων
3494 1014 3629 1083 ἡμῖν
3658 1013 3830 1076 οὕτως

2191 1095 2377 1169 ἔχουσι
2456 1100 2562 1150 τῶν
2648 1098 2981 1171 πραγμάτων
3062 1106 3399 1170 μεμνῆσθαι,
3486 1100 3575 1155 καὶ
3660 1099 3828 1174 μηδὲν

2188 1191 2465 1258 προσῆκον
2538 1185 2662 1255 ὑμῖν
2738 1183 2987 1259 ἔγκλημα
3057 1186 3417 1258 περιάπτειν;
3476 1188 3537 1242 τὸ
3588 1186 3632 1242 δ’
3692 1190 3833 1261 ὑμᾶς

2189 1274 2334 1347 παρὰ
2387 1276 2484 1327 τοῦ
2546 1269 2810 1346 βασιλέως
2866 1279 3122 1345 τιμᾶσθαι
3172 1280 3289 1338 τοῖς
3322 1276 3558 1347 μείζοσιν
3589 1276 3829 1349 ἀξιώμα-

2191 1381 2271 1413 σιν
2331 1359 2393 1414 ού
2457 1359 2673 1431 θέλημα
2733 1359 2895 1431 μόνον
2950 1362 3015 1428 ἦν
3080 1361 3347 1435 βασιλέως
3378 1365 3465 1417 καὶ
3495 1364 3681 1439 σχέσις
3704 1366 3825 1439 περὶ

2193 1450 2331 1521 ὑμᾶς
2390 1448 2611 1523 ἄκαιρος
2664 1451 2753 1503 καὶ
2812 1452 2957 1525 ὁρμή
3020 1472 3100 1512 τις
3159 1451 3364 1527 ἄλογός
3392 1475 3449 1509 τε
3478 1456 3567 1508 καὶ
3603 1457 3825 1529 περιττή

2191 1538 2460 1610 (μαίνοιτο
2512 1538 2572 1591 ἃν
2627 1560 2711 1601 τις
2768 1537 2816 1592 εἷ’
2844 1536 3017 1601 οὕτως
3064 1542 3393 1614 ὑπονοοῖτο)·
3429 1540 3572 1597 ἀλλᾶ
3601 1545 3668 1597 τὰ
3702 1546 3825 1615 ὑμῖν

2191 1626 2460 1701 προσόντα
2489 1625 2959 1699 πλεονεκτήματα,
3016 1630 3214 1683 καὶ⁹τὸ
3264 1631 3394 1702 ὑπὲρ
3424 1630 3550 1692 τοὺς
3579 1629 3829 1694 πολλοὺς

2192 1713 2387 1769 εἰδέναι
2435 1719 2523 1769 καί
2573 1713 2748 1789 λέγειν
2799 1716 2887 1769 καὶ
2919 1716 3192 1790 πράττειν,
3250 1720 3335 1773 καῖ
3369 1722 3403 1787 ἡ
3453 1722 3588 1794 πρὸς
3626 1721 3826 1775 ἐκεῖνον

2192 1801 2389 1865 ἄδολος
2446 1802 2625 1863 πίστις
2671 1803 2759 1857 καὶ
2810 1806 3053 1880 καθαρὰ,
3111 1808 3199 1861 καὶ
3253 1808 3315 1862 τὸ
3369 1814 3478 1863 τῶν
3540 1809 3827 1883 βασιλείων

2188 1892 2523 1965 πραγμάτων
2588 1892 2927 1965 ὑπερπονεῖν,
2984 1893 3074 1947 καὶ
3129 1894 3309 1950 τᾶλλα
3356 1899 3437 1959 οἷς
3470 1896 3526 1950 ἂν
3560 1898 3587 1950 6
3616 1896 3829 1966 ἀληθὴς

2189 1980 2323 2053 ἀνὴρ
2375 1979 2689 2051 σεμνύνοιτο
2734 1978 2989 2050 τοιαύτην
3040 1980 3181 2056 ἔχων
3241 1983 3558 2038 κατάστασιν
3588 2031 3603 2055 ,
3660 1985 3827 2039 ταῦτα

2185 2068 2285 2135 τὴν
2320 2066 2588 2141 βασιλέως
2620 2065 2794 2122 ἔπειθε
2838 2070 3064 2142 γνώμην
3121 2069 3305 2126 καλῶς
3366 2069 3511 2147 ἔχειν
3569 2073 3697 2146 ὑμῖν
3739 2075 3824 2128 καὶ

2184 2158 2346 2225 τιμᾷν
2405 2158 2521 2215 τοῖς
2578 2157 2938 2228 προσήκουσι.
2995 2158 3061 2213 Τί
3120 2156 3177 2212 δὲ
3217 2162 3359 2233 παρᾶ
3414 2166 3576 2216 τοῦτο
3628 2161 3715 2215 καί
3742 2182 3820 2223 τις

2185 2239 2442 2310 ἠδίκηται
2472 2261 2485 2311 ;
2542 2239 2722 2317 ὥσπερ
2784 2243 2841 2297 ἂν
2903 2246 3005 2299 οὐκ
3034 2243 3220 2308 ἄλλως
3250 2248 3315 2315 ἧν
3347 2248 3473 2311 τοὺς
3502 2247 3705 2309 ἄλλους
3730 2270 3812 2302 τι-

2189 2333 2409 2400 μᾶσθαι,
2470 2329 2515 2382 εἰ
2578 2329 2652 2399 μὴ
2702 2328 2753 2382 ἐν
2807 2329 3007 2404 ἐσχάτῃ
3043 2331 3184 2401 τάξει
3220 2334 3373 2404 ὑμεῖς
3430 2336 3727 2397 τάττοισθε.
3757 2333 3815 2390 Et

2187 2417 2280 2487 μὲν
2338 2416 2437 2490 γὰρ
2499 2416 2667 2478 οὕτως
2718 2420 2784 2485 ἦν
2842 2419 2904 2473 τὸ
2934 2418 3060 2482 τοὺς
3106 2420 3310 2484 ἄλλους
3362 2428 3619 2492 τιμᾶσθαι
3646 2422 3705 2476 ἐκ
3729 2426 3820 2476 τοῦ

2184 2506 2323 2576 ὑμᾶς
2378 2506 2739 2578 παρορᾶσθαι,
2795 2506 2977 2570 καλῶς
3029 2507 3086 2561 ἂν
3146 2508 3290 2583 εἶχεν
3353 2511 3491 2581 ὑμᾶς
3548 2508 3599 2563 ἐν
3654 2510 3823 2571 αἰτίας

2180 2594 2331 2648 εἶναι’
2395 2592 2509 2647 ἐπεὶ
2567 2590 2623 2647 δὲ
2677 2593 2743 2661 ἧν
2804 2596 2916 2667 ἅμα
2965 2595 3054 2649 καὶ
3108 2596 3243 2664 ὑμᾶς
3291 2600 3547 2669 τιμᾶσθαι
3588 2597 3822 2659 καὶτοῖς

2179 2773 2297 2828 sive
2327 2773 2596 2828 adforent
2653 2772 2775 2826 sive
2824 2772 3088 2828 deforent
3119 2773 3362 2845 maligni
3421 2780 3816 2847 suggestores.

2177 2861 2456 2915 Caeterum
2490 2859 2711 2914 homini
2745 2860 2855 2914 sub
2886 2860 3079 2915 aliena
3103 2866 3394 2932 potestate
3426 2864 3747 2920 constituto
3769 2868 3822 2921 et

2175 2965 2293 3003 suae
2320 2947 2915 3019 conditione:fortunre
2940 2950 3265 3021 mancipato
3280 2951 3541 3006 servituti
3560 2953 3816 3022 supremi

2175 3036 2417 3103 domini,
2446 3039 2733 3105 quantum
2764 3034 3025 3091 dolorem
3048 3038 3210 3107 augit
3230 3038 3436 3093 inflicti
3466 3040 3605 3094 mali
3633 3041 3811 3111 culpae

2176 3126 2551 3193 conscientia,
2585 3142 2701 3196 qua
2731 3141 2792 3180 se
2823 3125 2877 3179 id
2904 3127 3066 3195 juste
3097 3128 3479 3198 promeritum
3526 3131 3809 3199 agnoscit,

2174 3218 2404 3269 tantum
2428 3215 2498 3270 ad
2532 3213 2983 3269 consolationem
3006 3214 3161 3270 valet
3183 3216 3359 3270 etiam
3387 3218 3643 3288 pessime
3670 3217 3813 3272 mul-

2176 3302 2309 3357 tatis
2339 3302 2690 3367 innocentia,
2718 3303 2885 3371 cujus
2918 3303 3027 3372 ipsi
3060 3308 3205 3358 teste
3239 3305 3348 3357 sibi
3376 3310 3538 3370 sunt,
3570 3310 3627 3359 et
3659 3310 3811 3359 certa

2172 3391 2306 3445 inde
2330 3395 2464 3445 nata
2481 3389 2778 3460 persuasio
2802 3406 2929 3445 sese
2950 3390 3167 3460 injuste
3192 3393 3305 3460 pati
3334 3410 3461 3462 quae
3489 3393 3806 3463 perferunt.

2171 3478 2315 3541 Quid
2349 3494 2485 3547 ergo
2518 3476 2719 3548 utique
2751 3478 2921 3532 nobis
2952 3483 3117 3533 vacat
3148 3479 3256 3534 hoc
3289 3480 3623 3551 reipublicie
3650 3485 3806 3535 statu

2171 3566 2457 3635 ejusmodi
2481 3570 2907 3622 transactarum
2934 3567 3058 3637 jam
3091 3584 3284 3622 rerum
3317 3572 3373 3621 et
3394 3568 3785 3624 oblitteranda

2168 3671 2298 3709 rum
2332 3655 2690 3719 meminisse,
2739 3654 3080 3725 crimenque
3108 3656 3271 3710 vobis
3320 3656 3598 3727 attingere
3628 3674 3658 3711 a
3691 3673 3805 3727 quo

2166 3744 2307 3797 estis
2338 3742 2680 3797 alienissimi
2714 3745 2737 3796 Ρ
2764 3742 2907 3797 Nam
2935 3744 3088 3814 quod
3122 3743 3194 3798 ab
3227 3744 3575 3813 imperatore
3606 3744 3803 3815 digni-

2167 3832 2385 3887 tatibus
2400 3831 2543 3885 estis
2556 3847 2646 3884 am
2659 3830 2939 3901 piissimis
2953 3832 3163 3899 ornati,
3182 3849 3296 3887 non
3312 3832 3366 3886 id
3388 3833 3800 3903 imputandum

2167 3919 2355 3975 solum
2373 3919 2569 3990 gratiae
2591 3923 2647 3973 et
2666 3919 3011 3973 benevoloin
3028 3936 3129 3974 vos
3142 3920 3339 3975 studio
3358 3921 3599 3976 faventis
3613 3924 3801 3991 Augu-

2166 4008 2259 4075 sti,
2290 4006 2459 4078 quasi
2485 4006 2535 4062 is
2559 4006 2967 4078 intempestivo
2982 4008 3039 4062 in
3056 4024 3156 4063 vos
3174 4008 3269 4062 ind
3282 4008 3487 4079 uigens
3502 4010 3728 4064 aﬂectui
3748 4013 3802 4065 et

2165 4098 2446 4167 impetum
2482 4096 2704 4149 ratione
2734 4099 3027 4149 carentem
3064 4096 3312 4150 nimium
3348 4112 3602 4167 sequens
3632 4096 3688 4151 id
3723 4098 3800 4152 fe-

2165 4182 2433 4238 cerit.5l
2474 4180 3004 4251 lnsaniatprofecto
3041 4182 3239 4253 quisic
3272 4183 3506 4237 sentiat.
3535 4183 3640 4237 Sed
3676 4198 3802 4252 qua

2163 4271 2367 4325 insunt
2386 4270 2548 4324 vobis
2569 4269 2813 4335 eximia),
2840 4269 3055 4338 quibus
3079 4286 3257 4341 supra
3278 4270 3499 4325 caeteris
3517 4270 3796 4325 excellitis

2162 4357 2607 4429 dotes,facu1tas
2633 4356 3800 4428 intelligendi,loquendietagendimelios

2164 4463 2340 4517 quam
2374 4444 2656 4516 plerique,
2691 4444 2915 4499 sincera
2943 4444 3001 4499 in
3035 4444 3202 4500 illum
3248 4462 3312 4500 ac
3348 4446 3463 4499 tuci
3495 4462 3700 4515 expers
3732 4446 3799 4499 ti-

412 4533 589 4588 etiam
649 4532 1048 4588 intolerabilia
1099 4534 1338 4587 ferenda
1390 4536 1548 4603 sunt,
1582 4531 1632 4586 si
1684 4532 1734 4586 ci
1792 4532 2049 4602 libuerit,
2086 4536 2130 4599 D
2162 4536 2282 4601 des,
2307 4533 2613 4588 laboresin
2633 4533 3800 4603 administrationereipubliczeassiduiet

414 4624 713 4690 utcunque
762 4637 933 4675 nemo
964 4637 1098 4676 eum
1156 4619 1421 4692 impellat
1444 4626 1546 4675 aut
1576 4619 1849 4691 malignis
1898 4622 2049 4676 dela-

410 4708 674 4763 tionibus
705 4708 899 4763 irritet
928 4710 987 4763 in
1043 4710 1348 4776 miserum,
1382 4708 1476 4763 cui
1506 4714 1595 4764 est
1624 4709 1911 4765 infensus.
1946 4709 2051 4764 Ubi

412 4811 549 4865 ergo
584 4796 708 4865 ipse
745 4796 846 4866 qui
879 4798 1079 4851 nocuit
1108 4798 1334 4866 injuriae
1382 4796 1721 4865 absolvitur,
1747 4797 1881 4865 jure
1921 4814 2052 4867 pro-

412 4886 537 4954 prio
565 4886 726 4955 regni
761 4886 987 4939 cunctis
1020 4890 1175 4955 noto,
1208 4886 1459 4940 otiosum
1490 4902 1631 4941 sane
1661 4886 1838 4940 fuerit
1868 4886 2052 4942 inces-

411 4988 538 5027 sere
569 4970 713 5027 alios
736 4972 1173 5043 suspicionibus
1197 4971 1694 5029 calumniosarum
1722 4975 2049 5045 suggestio-

413 5076 577 5123 num,
608 5060 823 5129 quibus
854 5060 1001 5113 iram
1029 5060 1296 5115 videlicet
1343 5061 1509 5131 quasi
1541 5079 1652 5116 non
1688 5078 1790 5131 per
1816 5078 1877 5116 se
1908 5063 2049 5118 satis

411 5148 714 5202 ardentem
748 5147 1137 5203 accenderint.
1164 5148 1423 5203 Fuerunt
1454 5149 1592 5213 haec,
1614 5152 1671 5203 et
1689 5149 2050 5205 transierunt

407 5240 464 5289 et
498 5235 553 5288 in
587 5236 679 5290 his
712 5237 883 5290 modo
918 5252 1186 5290 sermone
1219 5237 1603 5291 retractandis
1633 5236 1935 5292 immorari
1967 5239 2048 5294 si-

408 5322 542 5375 mile
576 5322 749 5377 fuerit
780 5339 844 5377 ac
877 5324 925 5377 si
960 5324 1029 5377 de
1075 5324 1324 5378 mortuis
1355 5340 1459 5378 cur
1488 5325 1849 5380 decesserint
1880 5329 2049 5383 anxia

408 5410 756 5466 instituatur
811 5411 1141 5482 inquisitio.
1176 5410 1250 5465 Ut
1307 5414 1458 5467 enim
1507 5412 1586 5467 ibi
1621 5412 1816 5469 fatalis
1848 5429 2047 5471 neces-

405 5499 570 5565 sitas,
630 5499 749 5553 sive
781 5501 1022 5555 morbus
1082 5498 1367 5569 ingruerit
1418 5499 1678 5555 sonticus
1736 5500 1855 5557 sive
1909 5519 2048 5569 non,

402 5602 644 5642 causam
703 5588 971 5659 absolvit,
1002 5587 1086 5644 ita
1117 5592 1173 5643 et
1230 5587 1351 5643 haec
1381 5604 1489 5646 nos
1514 5589 1637 5660 pati
1670 5588 1855 5647 fatum
1915 5593 2045 5665 fuit,

2162 4622 2376 4692 magni,
2399 4624 2879 4692 caeteraque,quze
2899 4636 3199 4675 summum
3219 4621 3347 4691 ejns
3366 4621 3590 4676 ordinis
3611 4621 3796 4675 virum

2160 4709 2247 4764 vel
2268 4709 2517 4763 maxime
2540 4709 3391 4779 commendent,imperatorem
3419 4709 3477 4762 in
3502 4709 3675 4763 istam
3699 4726 3797 4764 vos

2162 4796 2535 4868 promovendi
2581 4799 2637 4850 et
2667 4800 2731 4851 ut
2768 4814 2874 4868 par
2902 4803 3027 4852 erat
3074 4796 3397 4852 honorandi
3446 4798 3797 4853 sententiam

2161 4890 2479 4940 traxerunt.
2504 4884 2647 4949 Quid
2670 4889 2865 4938 autem
2882 4884 3011 4949 hoc,
3035 4901 3255 4955 qumso,
3276 4885 3549 4953 cuiquam
3575 4884 3799 4940 nocuit?

2161 4974 2337 5039 Quasi
2366 4989 2500 5027 vero
2532 4989 2646 5027 non
2679 4972 2849 5027 aliter
2878 4973 3175 5044 potuerint
3222 4973 3320 5027 alii
3352 4973 3651 5039 honorari,
3685 4972 3797 5027 nisi

2159 5078 2258 5116 vos
2293 5061 2349 5115 in
2384 5064 2600 5115 sortem
2629 5060 2899 5114 ultimam
2934 5060 3413 5116 detruderemini.
3450 5062 3592 5117 Nam
3629 5077 3794 5127 sane,

2158 5150 2204 5204 si
2234 5150 2314 5204 ita
2346 5166 2437 5203 res
2467 5148 2706 5202 haberet
2737 5152 2799 5203 ut
2823 5148 2955 5204 aliis
2988 5154 3257 5220 speratus
3282 5154 3589 5221 optatusve
3613 5150 3799 5204 honor

2158 5255 2227 5295 ex
2254 5237 2427 5293 vestri
2453 5237 2726 5308 despectu
2761 5242 2817 5291 et
2841 5237 3215 5307 depressione
3238 5239 3533 5309 penderet,
3558 5239 3797 5308 possent

2159 5344 2291 5382 cum
2324 5325 2521 5397 aliqua
2554 5324 2745 5395 specie
2781 5326 3073 5396 imputare
3104 5326 3267 5381 vobis
3297 5324 3627 5397 neglectum
3664 5341 3799 5395 pro-

2159 5417 2375 5488 prium,
2400 5414 2498 5485 qui
2518 5430 2579 5469 se
2605 5414 2929 5485 praeteritos
2952 5418 3297 5485 queruntur.
3323 5416 3466 5469 Cum
3494 5430 3628 5469 vero
3653 5410 3796 5467 nihil

2160 5503 2522 5576 prohibuerit
2552 5502 2872 5573 quominus
2917 5507 2975 5558 et
3002 5521 3105 5559 vos
3150 5502 3534 5569 ornaremini,
3567 5507 3625 5556 et
3664 5501 3794 5556 aliis

2160 5591 2553 5666 contingerint
2578 5590 2797 5647 meritae
2828 5595 2931 5648 aut
2951 5592 3269 5664 concupita:
3292 5590 3627 5662 dignitates,
3659 5606 3792 5645 cum
