4182 6286
324 402 430 455 485

1386 400 1483 451 DE
1520 395 1891 451 MICHAELB
1929 391 2356 447 PALEOLOGO
2392 393 2524 446 LIB.
2570 396 2613 445 1.

3609 394 3714 447 1186

294 523 491 587 ἄλλοις
521 521 674 577 οὐδὲν
716 524 878 591 ἠττον
910 521 979 573 τὰ
1005 525 1110 574 τῶν
1142 518 1457 592 ἀξιωμάτων
1492 520 1567 580 ὡς
1597 518 1741 579 εἰκὸς
1768 536 1938 589 προσ·
1977 514 2029 581 Α
2063 509 2118 565 δὲ
2170 514 2366 574 πάντες
2426 512 2725 567 ἐπιτάττειν
2776 513 3002 587 ἔχομεν·
3064 516 3297 591 ἄναρχον
3358 518 3461 591 γὰρ
3519 519 3581 572 τὸ
3612 539 3714 571 πο-

295 612 577 686 νέμεσθαι,
606 612 694 664 καὶ
754 608 883 671 τοὺς
943 609 1038 679 μὶν
1083 608 1147 661 τὰ
1177 607 1347 661 οἰκεῖα
1373 604 1538 681 ἔχειν,
1575 610 1654 679 [Ρ.
1690 608 1778 676 29]
1824 602 1955 701 τοὺς

297 700 356 755 δὲ
403 700 493 754 καὶ
571 693 868 770 λαμϐάνειν
949 697 1094 770 παρὰ
1144 695 1407 770 βασιλέως
1458 695 1524 749 τὰ
1574 694 1720 771 σφίσι
1778 693 1958 767 προσξ

296 792 525 860 ἥκοντα,
584 790 691 840 ποῦ
750 782 979 855 δίκαιον,
1010 784 1055 837 εἰ
1109 786 1183 857 μὴ
1239 786 1304 852 ἦν
1340 781 1503 860 ἄμφω
1550 783 1639 836 καὶ
1671 782 1957 860 ἐνεχώρει,

300 876 445 932 οὕτω
508 873 702 929 δοκοῦν
762 872 997 947 βασιλεῖ,
1057 873 1206 944 ὅμως
1267 873 1426 945 ὑμᾶς,
1490 869 1659 942 δεξιᾶς
1690 869 1960 941 πειρωμέ-

302 985 433 1024 νους
508 969 608 1029 τῆς
676 960 887 1033 τύχης,
940 958 1143 1019 αἰτίους
1198 964 1297 1026 τῆς
1356 956 1571 1012 ἐκείνων
1631 954 1958 1030 δυσπραγίας

303 1051 579 1124 κρίνεσθαι
614 1070 629 1116 ;
693 1051 893 1101 παῦσαι
922 1046 1103 1099 τοίνυν
1164 1045 1447 1106 τοιούτους
1483 1044 1785 1118 λογισμοὺς
1813 1039 1963 1114 στρέ-

308 1160 420 1214 φων
448 1137 504 1191 ἐν
533 1139 602 1208 τῇ
644 1138 819 1207 ψυχῇ,
854 1131 905 1202 ἐξ
940 1134 1011 1185 ὧν
1075 1128 1358 1204 συμϐαίνει
1418 1132 1515 1185 οὐκ
1566 1129 1723 1204 ὀλίγα
1771 1129 1962 1183 λυπεῖ-

318 1228 441 1279 σθαι
487 1225 575 1277 καὶ
605 1222 732 1283 τοὺς
761 1220 1078 1288 ἀκούοντας,
1138 1222 1211 1282 ώς
1272 1219 1437 1296 ἔγωγε
1466 1218 1654 1274 πολλά
1685 1221 1742 1273 ἂν
1777 1217 1961 1288 εἴπεῖν,

316 1309 459 1385 ἔχων
508 1310 629 1384 περὶ
656 1308 919 1362 τοιούτων
970 1303 1021 1360 ἔν
1067 1308 1156 1361 γαὶ
1191 1306 1356 1378 μόνον
1390 1306 1518 1380 ἐρω,
1570 1306 1643 1366 ὡς
1676 1302 1824 1379 εἷ’περ
1882 1303 1949 1358 ἐπ

318 1396 637 1465 ἀλλοδαπῆς
668 1398 763 1463 ἧτε
786 1400 1024 1449 τοιοῦτοι
1056 1391 1227 1460 ὄντες,
1258 1392 1444 1447 πολλὰ
1499 1392 1559 1446 ἃν
1612 1393 1872 1463 εὐξαίμην
1904 1389 1963 1444 ἂν

315 1484 366 1539 ἐν
423 1485 629 1558 ἀκαρεῖ,
688 1482 837 1555 εἶ’περ
896 1483 1021 1536 οἶόν
1080 1503 1159 1551 τε,
1192 1487 1310 1543 τοῖς
1356 1482 1667 1553 ἡμετέροις,
1694 1478 1841 1533 οὕτω
1873 1488 1969 1541 καὶ

316 1570 528 1644 μᾶλλον
579 1568 818 1644 ἔχουσιν,
880 1569 1187 1637 ἐπιστῆναι,
1242 1571 1275 1639 ἢ
1310 1566 1433 1622 ἀλλ’
1468 1572 1614 1640 ἡμᾶς
1648 1567 1841 1628 αὐτοὺς
1874 1563 1969 1620 καὶ

313 1661 563 1733 χρήμασι
626 1659 715 1713 καὶ
762 1658 985 1728 τρόποις
1044 1657 1250 1731 ἐτέροις
1311 1662 1483 1725 ζητεῖν
1546 1657 1647 1723 τήν
1710 1656 1972 1743 ὑμετέραν

312 1748 447 1819 πρὸς
505 1749 657 1819 ἡμᾶς
716 1748 912 1824 ἄφιξιν,
946 1749 1036 1800 καὶ
1068 1746 1247 1815 ἀξιοῦν
1282 1744 1597 1806 ἐπιστάντας
1630 1749 1735 1798 τῶν
1776 1744 1974 1816 ἧμετέ-

2062 599 2329 674 λύαρχον.
2391 602 2542 657 Ἐπεὶ
2604 599 2648 655 δ’
2710 599 2801 656 ἕνα
2860 604 3117 678 προέχειν
3177 606 3310 677 μετά
3361 604 3583 680 βασιλέα
3611 612 3716 660 τῶν

2061 689 2360 761 ἀναγκαίων
2400 690 2538 757 ἐστι,
2599 690 2681 751 τίς
2741 690 2913 753 ἄλλος
2943 694 3031 746 καὶ
3062 695 3358 768 προάρχειν
3388 692 3529 765 ἄξιος
3560 694 3603 749 εἰ
3638 696 3714 767 μή

2063 779 2090 830 ὁ
2141 784 2259 839 ταῖς
2315 779 2493 847 ἀξίαις
2546 780 2983 854 ὑπερφερόμενος
3027 801 3040 849 ;
3098 782 3174 836 Τὸ
3228 786 3353 857 γοῦν
3409 781 3538 853 ἐμὸν
3593 782 3715 837 ὅσον

2062 868 2127 933 ἦν
2161 865 2352 933 εἶπεῖν,
2389 866 2620 941 εἴρηταί“
2658 867 2769 939 ὅτῳ
2833 866 2879 922 δ’
2926 870 3120 943 ἑτέρως
3174 869 3342 939 δοκεῖ,
3392 871 3559 925 καλὸν
3591 870 3718 942 ἕξει,

2061 960 2180 1008 πεῖν
2238 954 2397 1015 τέωςο
2459 955 2519 1008 οὐ
2572 955 2669 1028 γὰρ
2727 953 2844 1017 δέος
2898 956 3156 1029 κωλύσει,
3214 959 3301 1012 καὶ
3355 957 3713 1030 ἀκονσόμεθα,

2065 1044 2122 1096 ἄν
2156 1040 2341 1105 ἄλλως
2364 1042 2496 1104 τέως
2546 1040 2660 1117 ἔχει
2690 1065 2771 1105 τις
2821 1043 3021 1118 λέγειν.
3082 1045 3254 1101 Ἀλλά
3287 1044 3424 1119 μηδέ
3452 1066 3571 1114 τις;
3610 1052 3719 1101 τῶν

2064 1132 2301 1198 πάντων,
2335 1131 2407 1192 ὡς
2440 1130 2497 1184 ἐκ
2526 1136 2632 1185 τῶν
2680 1135 3013 1206 πραγμάτων
3057 1130 3168 1187 ἔστι
3230 1137 3539 1205 μανθάνειν,
3578 1134 3722 1206 μᾶλ-

2069 1217 2162 1272 λον
2198 1216 2253 1272 δὲ
2284 1219 2373 1271 καὶ
2422 1218 2471 1288 ἐξ
2523 1218 2595 1271 ὧν
2654 1219 2837 1273 ἀκούω
2892 1220 3193 1295 λεγόντων,
3228 1222 3721 1299 ἀμφιγνωμονγξσοι

2068 1309 2203 1382 πρὸς
2235 1310 2301 1361 τά
2333 1308 2621 1382 λεγόμενα.
2657 1332 2685 1360 ››
2710 1313 2890 1366 Ταῦτα
2919 1315 3017 1364 τοῦ
3054 1310 3293 1386 μεγάλου
3323 1312 3723 1366 κοντοσταύλου

2071 1395 2455 1469 διεξελθόντος,
2492 1399 2545 1451 oi
2578 1397 2628 1450 ἐν
2660 1396 2805 1451 τέλει
2850 1402 3044 1459 πάντες
3096 1401 3169 1462 ὡς
3219 1401 3322 1453 ἀπὸ
3370 1405 3494 1472 μιᾶς
3542 1402 3722 1474 ὠσπερ

2072 1486 2248 1558 ὁρμῆς
2297 1484 2383 1538 καὶ
2421 1486 2741 1559 προθέσεως,
2802 1487 2873 1547 ὡς
2933 1484 3089 1553 δῆθεν
3140 1488 3213 1559 μὴ
3270 1487 3437 1542 πλέον
3500 1483 3721 1561 ἔχοντες

2074 1571 2271 1646 λέγειν,
2340 1572 2593 1649 ἐμφανεῖς
2672 1575 2805 1641 ἦσαν
2890 1575 3255 1646 συντιθέμενοι
3312 1582 3429 1636 τοῖς
3488 1576 3719 1650 ῥηθεῖσι,

2081 1660 2290 1732 μᾶλλον
2326 1662 2418 1733 μὲν
2471 1663 2560 1715 οὖν
2616 1661 2875 1737 ὥχθησάν
2902 1683 2959 1716 τε
2988 1663 3074 1717 καὶ
3112 1664 3499 1737 βαρυνομένοις
3557 1663 3722 1735 ἐῴκε-

2078 1771 2173 1803 σαν
2219 1753 2580 1823 παραχρῆμα,
2638 1750 2681 1804 εί
2734 1750 2873 1805 ἄλλο
2905 1773 2957 1805 τι
2988 1752 3132 1826 παρά
3160 1753 3224 1806 τά
3254 1752 3515 1826 λεχθέντα
3546 1751 3719 1825 λέγειν

320 1856 425 1911 ρων
475 1830 989 1906 ἀντιλαμϐάνεσθαι,
1054 1834 1125 1887 Σὺ
1187 1831 1263 1901 δὲ,
1325 1832 1504 1908 ὥσπερ
1562 1833 1619 1885 ἂν
1679 1833 1970 1907 ἀξιώτερος
2003 1865 2050 1929 Β
2084 1839 2374 1892 ὑπονοοῖτό
2405 1859 2487 1901 τις
2532 1837 2699 1892 ἐκεῖσε
2746 1840 2955 1913 παρών.
3009 1842 3167 1902 ’Όθεν
3224 1841 3311 1893 καὶ
3360 1836 3719 1915 προύλάμϐα-

315 1921 487 1984 ἄλλος
543 1925 609 1989 ἦν
662 1922 739 1983 εἷς
794 1920 1126 1993 κηδεμονίαν
1180 1920 1501 1995 βασιλικὴν,
1556 1922 1655 1987 τήν
1700 1921 1968 1991 ἡμετέραν

317 2012 580 2085 βούλησιν
626 2009 929 2081 ἀναμένεις,
959 2009 1056 2070 Τίς
1111 2008 1286 2063 τοίνυν
1329 2009 1513 2071 ἱκανὸς
1574 2009 1824 2063 ἀναλύειν
1854 2010 1963 2080 ψῆ-

323 2119 418 2174 φον
476 2097 791 2171 βασίλειον;
840 2099 923 2159 τίς
983 2094 1040 2150 δὲ
1091 2098 1234 2170 παρά
1281 2098 1341 2150 ’σὲ
1392 2098 1456 2150 τὸ
1514 2096 1773 2169 ἐχέγγυον
1821 2091 1964 2169 ἔχων

323 2182 591 2262 φανεῖσθαι
634 2185 721 2239 ἐπὶ
780 2185 1009 2260 μεγίστῃ
1068 2184 1287 2258 τοιαύτῃ
1342 2181 1664 2258 προσεδρείᾳ
1709 2183 1800 2237 καὶ
1864 2184 1965 2257 βα-

322 2295 385 2327 σι,
420 2280 551 2336 ικοῖς
608 2274 884 2349 πράγμασι
913 2301 926 2339 ;
977 2273 1038 2326 σὺ
1085 2274 1185 2347 γάρ
1233 2273 1322 2326 καὶ
1352 2278 1470 2334 ταῖς
1502 2273 1675 2342 ἀξίαις
1710 2271 1965 2345 προέχεις

323 2364 414 2416 καὶ
459 2364 662 2416 συνέσει
718 2365 791 2423 ὡς
865 2361 1015 2415 οὐδὲν
1075 2361 1348 2415 ἐλλείπω)
1410 2362 1738 2435 ὑπερτερεῖς.
1789 2363 1967 2433 Ἀρχε

330 2448 531 2506 τοίνυν.
589 2450 677 2503 καὶ
732 2451 945 2524 προνόει
987 2450 1078 2522 μὲν
1144 2448 1431 2522 βασιλέως,
1482 2450 1702 2523 προνόει
1764 2448 1821 2503 δὲ
1877 2448 1966 2502 καὶ

334 2544 431 2605 τῆς
460 2542 566 2591 τῶν
598 2537 880 2610 Ῥωμαίων
929 2537 1223 2612 ἡγεμονίας
1251 2536 1609 2612 πρπγμάτων.
1658 2537 1753 2591 Καὶ
1802 2540 1968 2608 ἡμεῖς

336 2624 698 2686 εὐπειθοῦντες
736 2625 989 2697 ἐψόμεθω
1059 2626 1124 2680 οὗ
1174 2627 1281 2699 γάρ
1316 2624 1507 2687 πάντες
1566 2625 1817 2699 ἄρξομεν,
1878 2625 1968 2679 οὐ·

340 2802 513 2858 simul
534 2803 651 2857 fieri
668 2803 938 2874 potuerit,
963 2809 1029 2858 ut
1048 2808 1103 2858 et
1124 2804 1161 2857 ii
1187 2803 1288 2874 qui
1309 2804 1435 2873 jam
1458 2808 1623 2858 erant
1646 2803 1703 2858 in
1727 2803 1968 2857 honori-

340 2892 449 2945 bus
468 2907 732 2961 possessa
755 2896 1183 2957 conservarent,
1202 2896 1259 2946 et
1281 2893 1378 2962 qui
1398 2892 1558 2962 digni
1574 2891 1964 2946 erantnihilo-

337 2979 530 3032 minus
544 2982 674 3048 apta
694 2979 838 3049 ipsis
855 2979 926 3033 ab
945 2978 1295 3049 imperatore
1313 2980 1967 3050 acciperent,quomodo

322 3066 557 3134 justum
588 3066 665 3119 sit
694 3067 989 3121 contraria
1016 3072 1073 3122 et
1104 3082 1166 3122 se
1199 3068 1444 3122 invicem
1467 3067 1835 3123 excludentia
1862 3068 1971 3123 fin-

330 3169 464 3225 gere
496 3170 622 3223 qua;
648 3155 825 3208 simul
857 3171 988 3210 esse
1018 3156 1369 3225 potuerunt?
1400 3156 1469 3210 Et
1500 3157 1767 3227 quojnre
1789 3156 1969 3227 aliqui

335 3241 604 3312 repulsas
634 3242 683 3297 si
715 3258 863 3312 quas
903 3249 1041 3297 sunt
1071 3244 1249 3312 passi,
1277 3249 1332 3297 et
1362 3245 1407 3297 si
1442 3261 1567 3314 quas
1598 3246 1743 3314 ipsis
1774 3245 1974 3299 dolent

337 3329 699 3385 exclusiones
726 3331 798 3384 ab
828 3330 1169 3401 honoribus,
1198 3332 1375 3387 favori
1410 3333 1777 3402 imperatoris
1830 3350 1964 3404 pro-

343 3434 521 3488 penso
556 3418 613 3472 in
636 3434 735 3473 vos
759 3423 1030 3474 etvestras
1054 3420 1295 3489 propria:
1316 3421 1557 3476 fortuna:
1583 3421 1972 3491 assignandas

342 3510 562 3561 utverze
578 3522 764 3560 causa:
789 3506 1175 3563 arbitrantur?
1197 3508 1401 3564 Desine
1425 3509 1605 3581 igitur
1627 3509 1770 3565 tales
1784 3510 1978 3581 suspi-

344 3590 539 3647 ciones
568 3594 763 3648 animo
791 3610 1041 3664 versare,
1064 3596 1303 3665 quibus,
1338 3612 1471 3651 cum
1513 3614 1611 3653 eas
1658 3598 1846 3652 verbis
1878 3614 1978 3652 ex-

342 3681 887 3752 primis,_auditores
919 3699 1034 3737 non
1067 3684 1291 3739 modice
1312 3685 1832 3756 contristas.Atque
1856 3702 1978 3754 ego,

338 3783 474 3822 cum
506 3769 693 3823 dehis
738 3769 988 3825 habeam
1048 3770 1232 3825 multa
1289 3789 1410 3841 qua:
1469 3789 1701 3842 possem
1759 3774 1975 3843 dicere,

336 3872 524 3911 unum
550 3857 720 3912 modo
738 3858 979 3912 addam:
1004 3858 1052 3913 si
1082 3875 1207 3926 vos,
1228 3875 1362 3913 cum
1386 3860 1533 3915 tales
1557 3860 1706 3926 sitis,
1735 3876 1977 3932 peregre

336 3944 399 3997 in
432 3943 627 4014 aliqua
655 3949 849 4001 extera
882 3946 1113 4017 regione
1141 3946 1454 4017 degeretis,
1505 3949 1657 4004 votis
1714 3953 1978 4019 optarem

340 4032 997 4089 ardentibustransferri
1013 4034 1127 4089 huc
1148 4050 1247 4089 vos
1271 4033 1547 4089 divinitus
1570 4036 1668 4091 52
1690 4043 1980 4091 momento

344 4126 455 4173 tem
467 4120 620 4190 poris
632 4125 687 4175 et
701 4121 1108 4191 gubernationi
1127 4138 1320 4177 rerum
1337 4126 1811 4195 nostrarum,quo
1827 4128 1981 4179 statu

344 4212 480 4261 sunt
501 4208 694 4275 hodie,
730 4210 1005 4281 praeponi,
1036 4211 1253 4265 nedum
1304 4215 1367 4265 ut
1399 4211 1579 4266 moles
1627 4213 1834 4267 ferrem
1878 4230 1981 4268 vos

346 4293 799 4368 ipsosimpensis
815 4298 1124 4369 modisque
1137 4297 1537 4354 aliisvestrum
1555 4300 1665 4354 huc
1678 4301 1983 4356 adventum

341 4399 653 4453 procurare
670 4390 727 4440 et
740 4386 878 4457 dign
891 4386 975 4440 ari
992 4403 1193 4441 curam
1207 4387 1497 4442 difﬁcilem
1523 4389 1853 4460 reipublicae
1876 4390 1985 4445 hoc

339 4478 608 4543 tempore
640 4481 853 4530 nostrae
887 4476 1203 4545 suscipere.
1239 4478 1324 4531 Tu
1383 4494 1514 4533 vero
1555 4479 1681 4548 jam
1740 4478 1980 4543 scilicet,

2079 1948 2163 1980 νεν
2225 1924 2393 1986 ἄλλος
2428 1923 2605 1980 ἄλλου
2638 1925 2804 1994 λεξων
2839 1927 2905 1979 τά
2930 1928 3064 1999 πρὸς
3094 1928 3276 1999 χάριν,
3309 1929 3397 1981 καὶ
3428 1924 3613 1996 δείξων
3645 1928 3720 1990 ὡς

2074 2016 2136 2068 τὸ
2199 2015 2285 2067 ὑπ’
2343 2013 2533 2084 ἐκείνῳ
2589 2015 2870 2075 τάττεσθαι
2924 2018 3020 2067 τιῦ
3078 2016 3267 2087 ἅρχειτ
3317 2014 3475 2069 αὐτὸν
3517 2014 3717 2070 ἐκεῖνον

2073 2102 2195 2177 περὶ
2228 2100 2482 2164 πλείονος
2526 2100 2666 2175 ἄγοι.
2718 2103 2800 2157 Τά
2859 2099 2904 2154 δ’
2951 2105 3083 2168 ἦσαν
3139 2106 3336 2174 σκῆψις
3388 2103 3479 2156 καὶ
3504 2103 3722 2175 κόμπος

2073 2187 2281 2257 ἄλλως,
2342 2189 2416 2250 ὡς
2470 2186 2653 2257 ἔδειξε.
2686 2188 2822 2244 Τότε
2878 2192 3007 2262 γοῦν
3065 2192 3161 2241 τοῦ
3220 2188 3493 2262 συλλόγου
3531 2188 3719 2245 διαλυ-

2076 2289 2289 2345 οεντος,
2348 2279 2415 2331 τά
2471 2277 2633 2331 πιστά
2698 2271 2880 2331 λαϐὼν
2941 2275 3177 2331 ἐντεῦθεν
3231 2278 3258 2329 ὁ
3316 2273 3718 2349 πρωτοϐεστιά-

2076 2387 2189 2439 ριος
2246 2371 2341 2420 τοῦ
2392 2365 2480 2418 καὶ
2537 2364 2769 2419 ἐχόντων
2817 2363 2973 2433 δῆθεν
3028 2369 3137 2418 τῶν
3200 2366 3525 2438 μεγιστάνων
3563 2367 3715 2439 βασι-

2076 2454 2213 2515 λεως
2276 2457 2355 2525 [Ρ.
2414 2456 2502 2525 30]
2558 2453 2646 2506 καὶ
2684 2456 2790 2505 τῶν
2816 2451 3148 2527 πραγμάτων
3185 2451 3341 2505 αὐτὸν
3400 2454 3490 2505 καὶ
3553 2452 3715 2524 μόνον

2075 2539 2274 2595 ἐκεῖνον
2309 2542 2440 2594 εἶναι
2474 2536 2837 2616 διαφερόντως
2883 2538 2974 2592 τὸν
3026 2540 3373 2611 φροντιστὴν,
3432 2534 3716 2594 ἀναλαϐὼν

2073 2631 2172 2696 τὴν
2221 2634 2391 2683 πᾶσαν
2443 2625 2668 2701 δύναμιν
2709 2626 2795 2681 ἐπὶ
2848 2627 3157 2701 Μαγνησίας
3208 2626 3426 2701 ἐχώρει.
3489 2628 3589 2684 Καὶ
3648 2625 3714 2695 δὴ

2076 2822 2278 2861 omnes
2313 2821 2645 2876 possumus.
2683 2804 2805 2861 Non
2838 2819 3062 2873 omnes,
3094 2804 3359 2874 inquam,
3394 2818 3593 2874 regere
3649 2820 3715 2860 ac

2078 2894 2387 2965 praacipere
2413 2893 2678 2947 convenit
2711 2898 2811 2947 aut
2841 2893 2927 2947 fas
2970 2897 3059 2947 est
3093 2908 3105 2945 :
3140 2893 3237 2947 ubi
3297 2892 3453 2946 enim
3511 2908 3717 2949 omnes

2078 2987 2360 3052 praesunt,
2386 2982 2582 3035 nullus
2606 2984 2834 3051 praeest.
2858 2980 3144 3043 Quoniam
3169 2996 3305 3050 ergo
3328 2979 3436 3034 sub
3456 2979 3717 3051 principe

2083 3086 2264 3124 unum
2282 3070 2567 3140 imperare
2591 3069 2984 3123 necessarium
3007 3074 3114 3133 est,
3133 3068 3266 3138 quis
3294 3066 3444 3121 alius
3466 3066 3716 3122 istoloco

2085 3158 2314 3228 dignior
2344 3174 2517 3228 quam
2550 3157 2652 3227 qui
2688 3157 2910 3212 meritis
2933 3160 2990 3211 et
3016 3155 3304 3226 dignitate
3337 3154 3672 3226 praeeminet
3693 3154 3721 3208 ?

2081 3245 2293 3317 Aperui
2326 3261 2565 3300 sensum
2587 3261 2805 3307 meum.
2838 3250 2895 3299 et
2917 3245 3093 3299 eli'udi
3126 3249 3413 3314 quantum
3438 3242 3495 3296 in
3520 3242 3715 3298 animo

2081 3334 2390 3389 habebam.
2420 3332 2605 3399 Dicat,
2631 3332 2678 3387 si
2711 3332 2802 3387 cui
2834 3332 2992 3386 aliud
3018 3333 3266 3386 videtur.
3292 3330 3501 3386 Nullus
3520 3331 3717 3386 obstat

2082 3427 2294 3489 metus,
2318 3436 2518 3477 secure
2540 3420 2691 3475 licet.
2724 3420 2937 3474 Omnes
2960 3419 3210 3474 libenter
3226 3418 3722 3488 audiemus,quis-

2082 3510 2210 3580 quis
2241 3510 2369 3577 erit,
2404 3509 2496 3563 cui
2528 3509 2679 3579 quod
2716 3508 3134 3578 praeferendum
3181 3511 3343 3575 putet
3366 3506 3424 3560 in
3460 3510 3714 3560 mentem

2080 3598 2291 3651 veniat.
2330 3600 2541 3650 Verum
2576 3594 2775 3650 nullus
2806 3599 2894 3650 est
2926 3594 3213 3660 omnium,
3242 3597 3413 3664 prout
3447 3610 3539 3647 res
3574 3594 3718 3664 ipsa:

2084 3688 2425 3747 monstrant,
2457 3686 2513 3736 et
2544 3699 2691 3752 quas
2723 3684 2896 3737 audio
2928 3683 3246 3737 multorum
3265 3698 3453 3745 voces,
3476 3681 3573 3750 qui
3596 3697 3713 3735 non

2080 3773 2283 3827 eadem
2316 3770 2861 3838 nobiscumjudicet
2889 3774 2945 3825 et
2994 3770 3165 3840 plane
3219 3768 3712 3839 assentiaturlhis

2083 3877 2207 3931 quas
2232 3862 2355 3929 jam
2380 3858 2536 3912 dicta
2559 3860 2896 3912 sunt.»Hzac
2912 3873 3044 3911 cum
3066 3874 3317 3927 magnus
3340 3855 3721 3911 conostaulus

2084 3944 2539 4019 pcrorassct,qui
2572 3942 2886 3999 aderantin
2920 3943 3165 3998 concilio
3182 3944 3285 3997 viri
3306 3943 3720 4014 primarii,uno

2080 4035 2241 4089 velut
2270 4049 2474 4088 omnes
2505 4031 2702 4087 studio
2736 4047 2800 4085 ao
2834 4032 3131 4101 proposito
3166 4048 3280 4101 prae
3328 4046 3389 4085 se
3430 4030 3716 4096 tulerunt,

2084 4124 2183 4179 53
2215 4122 2379 4193 quasi
2404 4120 2624 4174 scilicet
2655 4118 2798 4172 nihil
2818 4119 3100 4173 haberent
3123 4119 3276 4188 quod
3303 4117 3521 4172 auditis
3544 4117 3722 4170 adde-

2084 4216 2232 4279 rent,
2265 4225 2391 4264 sese
2412 4207 2581 4263 dictis
2606 4207 2897 4262 assentiri.
2924 4206 3073 4269 Quin
3099 4206 3294 4276 potius
3318 4204 3725 4273 significarunt

2085 4312 2255 4368 grave
2284 4295 2395 4350 sibi
2428 4312 2494 4350 ac
2534 4293 2849 4349 molestum
2882 4294 3022 4358 fore,
3059 4293 3108 4348 si
3139 4293 3272 4362 quis
3304 4291 3421 4346 illic
3471 4308 3721 4361 praesen-

2083 4387 2231 4440 tium
2246 4383 2644 4455 suspicaretur
2658 4383 2954 4437 diversum
2975 4380 3133 4449 ipsos
3158 4381 3483 4450 quidquam
3503 4396 3534 4433 a
3548 4379 3720 4432 modo

2085 4473 2399 4545 propositis
2430 4471 2646 4527 sentire
2669 4474 2768 4524 aut
2787 4470 3047 4524 dicturos
3072 4469 3211 4522 fore.
3243 4467 3404 4521 Unde
3430 4471 3488 4520 et
3508 4482 3721 4535 praeoc-

349 4561 518 4629 quasi
550 4562 784 4634 dignior
815 4568 869 4618 te
900 4564 1051 4619 alius
1079 4564 1156 4619 sit
1187 4565 1277 4620 cui
1311 4582 1506 4620 rerum
1547 4567 1976 4621 administratio
2006 4559 2053 4623 D
2085 4562 2380 4632 cupabant
2412 4575 2471 4614 se
2503 4558 2748 4613 invicem
2770 4556 3054 4611 affectatis
3073 4557 3143 4610 τιιῖ
3164 4554 3409 4627 gratiam
3436 4553 3722 4609 Sermoni-

338 4649 627 4715 tradatur,
652 4657 965 4717 nutum,ut
984 4652 1094 4715 ais,
1123 4654 1193 4707 ad
1216 4652 1271 4706 id
1294 4659 1559 4708 nostrum
1575 4659 1631 4708 et
1654 4654 1973 4709 voluntatis

336 4737 828 4806 signiﬁcationem
861 4740 1166 4811 opperiris.
1191 4741 1330 4804 Quis
1354 4746 1552 4797 autem
1576 4748 1840 4798 nostrum
1861 4742 1974 4798 sibi

338 4830 567 4879 tantum
601 4832 832 4899 arroget
862 4833 924 4883 ut
945 4828 1236 4898 judicium
1269 4830 1338 4883 de
1368 4835 1423 4883 te
1452 4829 1818 4900 imperatoris
1840 4831 1975 4885 irri-

336 4918 468 4967 tum
495 4914 701 4969 faciat?
731 4918 913 4981 Quem
946 4922 1138 4972 autem
1164 4922 1371 4988 praeter
1402 4924 1458 4973 te
1488 4919 1851 4973 inveniemus
1901 4920 1973 4974 ad

338 5007 500 5056 recte
532 5004 941 5060 sustinendam
975 5005 1147 5061 istius
1195 5005 1455 5076 supremi
1486 5004 1596 5061 loci
1630 5007 1973 5077 dignitatem

340 5105 557 5161 resque
578 5091 855 5161 imperiii,
875 5094 1196 5164 utdignum
1220 5098 1328 5161 est,
1353 5094 1633 5165 gerendas
1658 5095 1901 5163 idoneis,
1919 5100 1975 5151 et

337 5178 553 5248 quibus
575 5180 788 5235 conﬁdi
804 5197 921 5235 non
940 5186 1157 5236 temere
1178 5181 1743 5252 possit,instructum
1764 5184 1973 5253 opibus

337 5270 396 5321 et
427 5267 685 5336 dotibus;
721 5268 819 5340 qui
854 5274 912 5322 et
968 5270 1190 5324 meritis
1222 5286 1287 5323 ac
1338 5269 1643 5341 dignitate,
1701 5270 1973 5343 idemque

344 5354 733 5411 nihilominus
752 5358 1061 5428 prudentia
1079 5361 1134 5412 et
1156 5358 1443 5428 sapientia
1464 5358 1777 5430 praecellis?
1797 5364 1974 5432 Perge

335 5442 517 5513 igitur
544 5450 599 5499 et
629 5446 956 5517 gubernare
987 5445 1298 5516 imperium
1345 5451 1400 5501 et
1441 5448 1746 5503 consulere
1800 5455 1974 5520 atque

341 5531 647 5603 invigilare
661 5533 913 5604 principi
929 5533 1315 5604 Romanisque
1338 5535 1417 5590 rei
1433 5552 1497 5590 ac
1511 5536 1759 5607 negotiis
1779 5537 1972 5608 publi-

340 5619 443 5675 cis.
464 5620 579 5677 Nos
594 5621 934 5678 obedienter
950 5623 1359 5692 obsequemur.
1376 5623 1500 5680 Non
1515 5624 1670 5681 enim
1686 5625 1972 5698 imperare

2083 4652 2192 4704 bus
2220 4650 2440 4720 passim
2471 4643 2914 4709 assentabundi,
2952 4658 3017 4698 ac
3053 4659 3157 4713 pro
3192 4658 3252 4697 se
3276 4641 3525 4712 quisque
3546 4648 3724 4694 certa-

2082 4738 2188 4792 tim
2221 4738 2580 4791 ostentantes
2608 4731 2781 4802 longe
2814 4730 3000 4801 pluris
3030 4745 3157 4785 esse
3189 4746 3254 4786 ac
3302 4728 3488 4784 multo
3542 4727 3718 4782 malle

2085 4823 2523 4896 protovestiario
2569 4819 2778 4889 subjici
2830 4834 3005 4888 quam
3040 4817 3200 4888 ipsos
3233 4817 3539 4888 imperare.
3586 4816 3717 4869 Haec

2084 4920 2277 4967 autem
2309 4911 2455 4965 nihil
2486 4908 2647 4962 aliud
2675 4923 2849 4978 quam
2877 4908 3042 4961 fucus
3064 4910 3121 4961 et
3139 4907 3389 4960 mendax
3409 4904 3717 4959 ostentatio

2084 5007 2269 5065 erant,
2303 5004 2367 5053 ut
2395 5002 2636 5053 eventus
2667 4993 3106 5051 demonstravit.
3129 4994 3289 5048 Tunc
3312 4994 3490 5064 igitur
3520 4991 3713 5047 soluto

2084 5092 2367 5145 conventu
2386 5086 2556 5157 plane
2581 5100 2924 5155 persuasum
2948 5082 3385 5153 protovestiario
3402 5080 3556 5152 quod
3572 5080 3717 5133 vole-

2084 5180 2183 5234 bat
2211 5180 2313 5245 est,
2346 5175 2490 5231 velle
2512 5173 2788 5229 nimirum
2822 5176 2877 5228 et
2898 5176 3127 5242 gratum
3161 5171 3373 5225 habere
3404 5169 3715 5240 optimates

2082 5274 2138 5322 et
2169 5283 2259 5321 res
2288 5264 2512 5334 imperii
2544 5267 2600 5316 et
2635 5259 2877 5316 tutelam
2912 5258 3195 5329 principis
3227 5275 3343 5313 sua:
3368 5256 3542 5311 unius
3566 5271 3715 5309 curae

2084 5354 2437 5424 arbitrioque
2464 5350 2742 5423 permitti.
2773 5350 2961 5413 Quare
2993 5363 3235 5401 securus
3280 5348 3403 5415 jam
3454 5348 3509 5398 ct
3558 5348 3715 5398 certa

2082 5443 2459 5500 conﬁrmatus
2492 5439 2704 5494 ﬁducia
2735 5437 3025 5492 universis
3048 5450 3247 5490 secum
3272 5431 3454 5504 copiis
3479 5448 3713 5487 assum-

2081 5532 2198 5605 ptis
2228 5530 2585 5601 Magnesiam
2620 5526 3025 5599 proficiscitur;
3057 5523 3255 5591 ibique
3285 5522 3355 5575 ad
3387 5520 3713 5575 custodiam

2080 5618 2447 5697 imperatoris
2466 5620 2622 5674 certa
2638 5614 3060 5673 ﬁdissimorum
3079 5608 3710 5667 sibimilitumcoborte
