4182 6286
462 360 566 417 487

458 480 556 541 τὰς

459 548 727 645 χειρίσας,
783 564 879 629 τὴν
941 558 998 613 δὲ
1051 554 1502 645 τοῦγβασιλικοῦ
1569 548 1853 645 ταμιείου.
1897 548 2099 645 ἑτέροις

463 637 670 729 ότμοίως
698 656 915 711 πιστοῖς
961 648 1050 703 καὶ
1108 644 1295 715 ἀξίοις,
1328 642 1433 697 ἀπὸ
1490 639 1719 696 πολλῶν
1747 640 1808 693 τὸ
1841 637 2099 711 ὶχέγγυον

452 725 701 820 ἔχουσιν,
735 742 806 795 ὧν
843 736 909 808 δὴ
944 739 971 793 6
1003 734 1300 811 λογοθὲτης
1331 732 1454 820 τότε
1481 733 1587 784 τῶν
1622 725 1830 801 ἀγελῶν
1863 727 1890 780 6
1918 727 2089 820 Ἀγιο-

448 817 780 907 θεοδωρὶτης
852 828 1097 901 ἐξηγεῖτο
1175 822 1338 883 αὐτὸς
1413 819 1500 874 ἐπὶ
1568 824 1685 880 ταῖς
1740 820 1849 871 τῶν
1905 817 2100 868 κοινῶν

449 899 750 990 διοικησεσι
788 899 921 991 μετᾶ
964 899 1086 968 -τῶν
1147 911 1358 967 λοιπῶν
1417 899 1901 981 ἐσπουδαιοτρίϐει.
1964 909 2099 956 Συν-

444 1008 726 1064 ετάττοντο
782 990 965 1058 τοίνυν
1002 999 1389 1076 προστάγματα.
1443 996 1722 1068 πανταχοῦ
1753 990 1967 1046 πόλεων
1998 994 2098 1057 τῆς

446 1097 733 1169 Ῥωμαίων
778 1100 881 1169 γῆς
924 1086 1439 1159 ἀποσταλησόμενα,
1499 1082 1588 1136 καὶ
1644 1082 1760 1135 κατ’
1797 1076 2098 1169 ἄλλας-μὲν

449 1167 637 1262 χρείας
680 1167 883 1257 ἐτὲρνας,
914 1180 976 1234 τὸ
1025 1175 1082 1232 δὲ
1124 1174 1404 1262 πλεῖστον,
1433 1171 1523 1227 καὶ
1575 1172 1823 1262 μέγιστον
1852 1167 1989 1262 κατά
2040 1186 2099 1262 τε

454 1255 694 1344 ὑ-ηλωσιν
722 1255 823 1325 τοῦ
853 1265 1079 1323 θανᾶτου
1125 1270 1221 1320 τοῦ
1270 1261 1556 1337 βασιλέως,
1590 1260 1702 1332 ἅμα
1745 1255 1803 1311 δὲ
1854 1255 1945 1344 καὶ
2000 1260 2100 1323 τῆς

451 1343 548 1416 τοῦ
601 1361 724 1414 νὲου
780 1356 1045 1432 βασιλέως
1076 1352 1441 1428 ἀναρρήσεως,
1496 1350 1587 1403 καὶ
1641 1350 1737 1401 τοῦ
1777 1345 1851 1409 εἷς
1894 1343 2100 1399 ἐκεῖνον

454 1447 835 1525 προστίθεσθαι
896 1446 1059 1520 χάριν
1120 1442 1408 1510 συνθήκαις
1470 1437 1644 1513 ὅρκων
1700 1432 1833 1489 κατᾶ
1881 1433 1942 1486 τὸ
1973 1432 2099 1485 σύν-

452 1522 603 1609 ηθες.
680 1534 777 1591 Καὶ
836 1533 1125 1607 ἐξετίθεντο
1181 1530 1274 1602 μὲν
1331 1528 1398 1582 τὰ
1452 1522 2098 1609 προσταττόμεναγπαμ-

454 1625 675 1696 πληθεὶ,
731 1623 825 1686 τὰς
888 1620 945 1676 δὲ
984 1618 1053 1675 δι’
1084 1620 1319 1693 ἐρυθρῶν
1358 1613 1643 1689 βασιλικὰς
1674 1608 2097 1682 ὑποσημάνσεις,

456 1720 572 1776 ἐπεὶ
640 1720 741 1773 οὐκ
812 1720 876 1786 ἦν
954 1716 1043 1769 τὸν
1114 1713 1230 1768 νέον
1295 1709 1521 1787 βασιλέα
1576 1713 1738 1783 χεῖρα
1790 1711 1957 1761 κινεῖν
2009 1702 2099 1758 καὶ

457 1806 942 1881 ὑποσημαίνεσθαι,
999 1807 1079 1875 τῷ
1136 1800 1437 1871 δηλωθέντι
1469 1796 1730 1895 λογοθὲτῃ
1757 1797 1861 1895 τῶν
1890 1796 2101 1895 ἆγεΛῶν
2131 1830 2178 1895 Β

456 1902 633 1951 ποιεῖν
662 1892 988 1949 ἐνεδίδοσαν.
1027 1893 1083 1944 Ὁ
1147 1890 1240 1963 μὲν
1292 1888 1381 1943 οὖν
1439 1882 1931 1961 πρωτοϐεστιάριος
1962 1883 2096 1957 πρὸς

456 1988 575 2048 ταῖς
601 1984 724 2058 περὶ
753 1987 859 2037 τῶν
920 1978 1103 2037 ἄλλων
1148 1976 1422 2056 φροντίσιν
1453 1977 1542 2047 ἦν,
1592 1974 1681 2030 καὶ
1713 1971 1967 2048 ἀσχόλως
2024 1970 2097 2025 εἷ-

456 2093 577 2148 χεν,
636 2070 903 2143 ἐλευθέρῳ
933 2069 1222 2143 χρώμενος
1282 2066 1356 2129 ὡς
1412 2061 1580 2137 μηδὲν
1614 2058 1967 2135 ὑπειδόμενος
2022 2062 2101 2130 τῷ

459 2162 767 2239 φρονήματι
799 2157 876 2235 ἐφ’
911 2158 989 2220 οἷς
1021 2150 1297 2230 ἔπραττεν,

469 2296 579 2366 ιη’.
646 2292 913 2353 Ἐπίθεσις
975 2286 1073 2344 τοῦ
1143 2288 1369 2361 στρατοῦ
1432 2285 1569 2340 κατὰ
1628 2287 1737 2339 τῶν
1795 2278 2101 2351 Μουζαλώ-

1222 2396 1348 2432 νων.

532 2500 633 2555 Ἦν
686 2495 743 2552 δὶ
798 2496 899 2568 ἄρα
931 2495 958 2549 ὁ
988 2494 1124 2567 πρὸς
1166 2490 1367 2546 ἐκεῖνον
1401 2491 1594 2568 φθόνος
1626 2486 1876 2544 οἶδαίνων
1914 2483 2104 2559 βαρὺς,

459 2585 550 2641 καὶ
607 2584 781 2645 δεινὸς
816 2584 1068 2659 ὑφεῖρπεν
1119 2579 1308 2651 ἐκείνῳ
1344 2580 1419 2652 μὴ
1478 2580 1539 2632 τὸ
1570 2576 1792 2631 σύνολον
1833 2573 2101 2634 ἐπαΐοντι.

463 2674 559 2729 Καὶ
619 2675 653 2740 ἡ
715 2673 911 2743 σκῆψις
942 2673 1050 2723 τῶν
1096 2667 1424 2743 ἆπορῥήτων
1454 2666 1570 2720 κατ’
1630 2664 1830 2720 ἐκείνου
1859 2669 1976 2726 τοῖς
2009 2663 2106 2738 ὀρ-

464 2760 779 2837 γιζομένοις
831 2758 906 2820 ὡς
962 2757 1184 2826 πιθανή·
1244 2752 1461 2810 ἐδόκουν
1520 2755 1621 2828 γὰρ
1667 2752 1757 2808 καὶ
1789 2754 1919 2827 ὑπὲρ
1955 2752 2106 2826 βασι-

468 2886 798 2957 prasposita,
835 2883 1108 2939 similiter
1137 2882 1409 2937 aararium
1461 2880 1689 2951 regium
1745 2879 2103 2935 servandum

474 2972 603 3029 aliis
635 2971 995 3027 concredidit
1026 2985 1189 3040 aeque
1220 2970 1480 3040 probatis
1508 2986 1573 3024 ac
1598 2968 1798 3023 multis
1817 2967 2108 3036 variisque

471 3059 883 3133 experimentis
903 3057 1385 3130 compertissimse
1413 3056 1523 3111 sibi
1540 3056 1671 3110 ﬁdei
1686 3055 2108 3126 viris,quorum

470 3151 589 3206 dux
621 3153 745 3205 erat
782 3147 1082 3219 agelarum
1143 3146 1263 3201 sive
1321 3160 1564 3216 gregum
1624 3148 1763 3199 tunc
1810 3143 2108 3214 logotbeta

476 3235 1042 3307 Hagiotheodorites;
1078 3233 1293 3303 quibus
1347 3232 1427 3287 ita
1484 3232 1755 3302 provisis,
1790 3232 1915 3303 ipse
1972 3246 2108 3286 cum

478 3325 721 3395 reliquis
764 3327 981 3378 caeteras
1009 3320 1411 3392 gubernationi
1445 3321 1774 3392 reipublicae
1805 3325 2023 3377 attente
2051 3337 2118 3378 ac

478 3414 741 3469 studiose
762 3412 1022 3466 vacabat.
1037 3410 1456 3465 Scribebantur
1473 3427 1609 3481 ergo
1627 3410 1814 3465 edicta
1838 3411 1895 3464 in
1917 3426 2119 3466 omnes

480 3508 753 3559 Romanas
784 3499 1022 3554 ditionis
1051 3500 1225 3554 urbes
1256 3498 1562 3567 mittenda,
1595 3514 1728 3554 cum
1760 3500 1830 3554 ad
1854 3498 1968 3555 alia
1990 3515 2117 3570 quae

480 3606 737 3662 prassens
771 3587 1046 3659 poscebat
1076 3602 1240 3655 usus,
1274 3591 1398 3641 tum
1431 3586 1491 3640 in
1523 3587 1752 3657 primis,
1785 3588 1941 3657 quod
1986 3587 2116 3643 uni-

480 3692 646 3733 verse
690 3692 891 3731 omnes
924 3680 1195 3746 spectans
1246 3675 1486 3730 maximi
1542 3676 1824 3732 momenti
1879 3681 2024 3746 erat,
2055 3678 2120 3730 ut

484 3764 911 3836 signiﬁcaretur
930 3778 1088 3818 mors
1114 3762 1505 3834 imperatoris,
1527 3767 1585 3819 et
1606 3764 1771 3835 pueri
1789 3764 1895 3818 ﬁlii
1913 3767 2040 3832 eius
2059 3763 2116 3818 in

485 3854 674 3909 locum
707 3853 836 3923 ejus
857 3850 1173 3921 successio;
1196 3852 1576 3907 mandaretur
1602 3856 1669 3906 ut
1688 3866 1891 3906 omnes
1916 3853 2120 3907 stude-

485 3946 615 3996 rent
638 3955 827 3995 anovo
853 3939 1115 4011 principe
1132 3940 1380 4010 gratiam
1406 3939 1575 4006 inire,
1599 3939 1912 4011 obliganda
1933 3940 1983 3995 ei
2008 3940 2120 3996 ﬁde

484 4032 763 4084 consueto
778 4027 879 4083 tali
901 4029 1203 4083 occasione
1229 4034 1615 4084 sacramento.
1649 4028 1707 4083 In
1738 4046 1866 4084 eam
1897 4034 2122 4084 senten-

484 4118 626 4171 tiam
658 4116 1118 4171 conﬁciebantur
1147 4132 1358 4188 magno
1390 4117 1565 4172 simul
1601 4118 1799 4173 labore
1847 4119 1950 4175 54
1987 4117 2120 4188 plu-

486 4204 641 4259 rium
677 4203 1000 4259 scribarum
1035 4203 1349 4274 diplomata
1373 4220 1615 4260 numero
1646 4221 1823 4276 quam
1842 4206 2119 4276 maximo,

487 4308 734 4363 quorum
765 4292 973 4346 rubras
1006 4291 1490 4361 subscriptiones,
1523 4306 1649 4361 quae
1671 4293 2121 4364 manuimpera-

488 4379 634 4435 toris
663 4378 787 4434 ﬁeri
821 4379 1131 4446 debebant,
1177 4379 1454 4449 quoniam
1494 4395 1736 4434 manum
1786 4379 1975 4435 adhuc
2024 4397 2125 4451 per

489 4472 716 4523 aetatem
749 4483 894 4537 puer
923 4468 1240 4537 imperator
1294 4482 1526 4522 movere
1575 4468 1647 4522 ad
1705 4468 1761 4523 id
1820 4468 2121 4539 nequibat,

488 4555 662 4609 modo
695 4558 1019 4609 memorata
1048 4553 1352 4625 logolhetae
1385 4554 1681 4626 agelarum
1706 4556 1976 4611 faciendae
2007 4562 2123 4612 tra-
2154 4540 2201 4605 D

488 4642 1039 4698 debantur.Interim
1057 4642 1535 4712 protovestiarius
1552 4644 1826 4700 curandis
1841 4644 1972 4700 aliis
1993 4661 2119 4717 quae

490 4746 636 4785 usus
683 4730 958 4800 poscebat
989 4746 1247 4802 praesens
1279 4748 1485 4788 sccure
1515 4748 1581 4789 ac
1638 4733 1819 4790 libere
1857 4735 2118 4802 vacabat,

490 4817 685 4873 nullas
715 4818 1055 4890 suspicatus
1084 4818 1331 4877 insidias
1356 4820 1415 4877 in
1447 4838 1509 4878 se
1530 4812 1855 4895 comparari
1874 4824 2122 4897 negotiis

492 4906 745 4978 publicis
774 4907 1089 4962 intentum.

781 5037 1088 5096 l8.5editio
1118 5042 1399 5114 exepcitus
1418 5044 1477 5098 in
1510 5044 1836 5103 Mumlones.

563 5154 948 5209 Tumescebat
974 5160 1163 5211 autem
1196 5158 1390 5229 gravis
1417 5163 1589 5231 atque
1619 5166 1783 5217 atrox
1802 5163 1861 5218 in
1883 5180 2016 5220 eum
2038 5165 2119 5221 in-

490 5242 669 5308 vidia,
697 5242 964 5314 clamque
986 5261 1226 5317 serpens
1252 5248 1453 5303 eadem
1477 5249 1797 5320 periculose
1818 5252 2118 5323 gliscebat,

492 5331 619 5402 ipso
651 5331 793 5385 nihil
827 5333 998 5402 plane
1019 5336 1321 5391 sentiente.
1350 5342 1412 5391 Et
1436 5345 1560 5394 erat
1584 5356 1804 5395 arcanas
1836 5343 1893 5397 in
1924 5344 2118 5415 ipsum

492 5419 589 5473 iraa
616 5434 791 5475 causa
819 5419 1064 5477 infensis
1098 5421 1180 5477 illi
1211 5425 1549 5495 probabilis.
1575 5428 1939 5486 Videbantur
1966 5433 2120 5488 enim

492 5508 659 5578 ipsis,
687 5524 749 5563 se
777 5509 898 5565 zelo
923 5511 1079 5566 ﬁdeli
1111 5512 1197 5582 agi
1232 5528 1370 5585 erga
1399 5515 1777 5588 imperatores
1798 5526 2020 5592 patrem
2055 5538 2121 5578 ac

492 5594 705 5666 ﬁlium,
735 5612 986 5669 quorum
1018 5599 1185 5657 illum
1217 5602 1453 5673 quidem
1481 5608 1769 5679 putabant
1814 5622 2120 5684 procurata

1753 341 2056 396 GEORGII
2094 342 2561 401 ΡΔΟΗΥΜΕΒΑΕ

608 474 852 555 φυλακὰς
905 473 1001 539 τὴν
1040 469 1132 543 μὶν
1195 465 1460 555 βασιλέως
1505 460 1972 555 ἀνδράσιιπιστοῖς.
2014 458 2098 535 ἐγ·
2128 464 2180 530 Α
2212 462 2351 555 λέων
2410 461 2632 533 ζηλοῦν,
2708 466 2817 555 τοῦ.
2866 462 2961 534 μὶν
3020 461 3100 514 ὅτι
3140 454 3503 555 ,μαγγανείαις
3559 457 3698 555 ταῖς,
3726 468 3861 555 παρ’

3744 329 3854 385 l188

2206 554 2422 609 ἐκείνων
2474 550 2941 610 συσκευασθείσαις
2998 547 3186 614 νοσοίη
3215 546 3300 600 καὶ
3366 546 3437 605 ὡς
3466 546 3642 602 κακῶς
3676 537 3857 594 ἀπαλ-

2208 638 2383 711 λάξειε
2413 640 2687 715 πρόωρος,
2738 642 2834 692 τοῦ
2884 636 2940 690 δὲ
2992 636 3075 689 δτι
3130 633 3375 708 βασιλειᾷ
3403 629 3492 685 καὶ
3525 629 3856 705 ὑφαρπάζειν

2203 730 2302 797 τὴν
2360 729 2537 803 ἀρχὴν
2600 726 2801 801 μελετᾷ
2854 725 2941 779 καὶ
3000 721 3244 797 μεῖζονῆ
3277 721 3392 783 καθ’
3451 717 3607 772 αὐτὸν
3643 721 3856 793 φρονεῖ,

2206 821 2541 893 περιφρονῶν
2594 820 2691 870 τοῦ
2749 813 3015 890 βασιλέως
3044 811 3132 866 καὶ
3186 812 3283 878 τὴν
3319 805 3591 883 βασιλείαν
3619 806 3852 878 εὑπροσ-

2207 892 2371 967 ώπως
2435 902 2894 976 ὑποποιούμενος.
2953 903 3084 962 Τοῖς
3113 897 3169 953 δὲ
3195 902 3304 952 τῶν
3335 896 3551 967 ξενικῶν
3594 892 3852 961 Ἰταλοῖς,

2206 992 2297 1055 οὕς
2353 991 2419 1061 δὴ
2466 993 2555 1048 καὶ
2612 992 2713 1046 ὑπὸ
2765 995 2926 1066 χεῖρα
2956 990 3097 1062 εἶχεν
3159 988 3187 1041 6
3248 987 3408 1058 μὶγας
3462 980 3841 1077 κονοσταῦλος,

2204 1089 2295 1144 καὶ
2343 1087 2490 1144 ἄλλα
2546 1086 2641 1142 ἴδι³
2697 1085 2826 1141 ἅττα
2855 1087 2989 1155 ἦσαν
3017 1091 3116 1153 τῆς
3147 1083 3262 1137 κατ’
3312 1079 3525 1136 ἐκείνων
3560 1078 3739 1154 ὁρμῆς
3767 1076 3848 1130 αἲ-

2202 1178 2462 1249 τιάματα,
2501 1175 2575 1239 ὡς
2604 1175 2752 1248 παρᾶ
2778 1170 3192 1240 Μουζαλώνων,
3246 1169 3337 1224 καὶ
3398 1164 3611 1241 μᾶλλον
3644 1168 3728 1239 [Ρ.
3759 1167 3848 1237 31]

2207 1266 2323 1325 ὲνὸς
2347 1267 2442 1318 τοῦ
2471 1263 2714 1339 πρώτου,
2773 1264 3049 1333 στεροῖντο
3103 1263 3304 1327 ζῶντος
3341 1254 3609 1331 βασιλέως
3639 1258 3749 1308 τῶν
3778 1253 3856 1315 εἷς

2207 1352 2365 1428 ῥόγας
2442 1351 2627 1412 αὐτοῖς
2706 1345 3183 1422 ἆποτεταγμένων,
3242 1346 3339 1407 ’ὡς
3422 1348 3848 1419 καταφρονοῖντο

2205 1440 2284 1517 ἐφ’
2344 1442 2426 1501 οἷς
2487 1436 2757 1493 ἐδικαίουν
2815 1434 3037 1497 ἑαυτοὺς
3093 1434 3441 1505 τετιμῆσθαι,
3482 1432 3559 1492 ὡς
3588 1438 3684 1498 τῆς
3711 1431 3849 1505 πρὸς

2210 1525 2436 1602 βασιλέα
2505 1523 2884 1582 ἀποκλείοιντο
2963 1520 3269 1598 παῤῥησίας
3330 1518 3664 1602 Ῠεῖσηγήσεσι
3730 1524 3850 1580 ταῖς

2206 1601 2448 1682 ἐκείνου,
2507 1613 2581 1675 ὡς
2638 1612 2920 1684 ἆτιμοῖντο
2971 1612 3067 1663 τοῦ
3123 1601 3618 1682 πρωτοϐεστιαρίου
3677 1624 3855 1678 προσ-

2201 1704 2510 1763 τάσσοντος.
2572 1699 2807 1761 Τούτοις
2860 1699 2948 1753 καὶ
3006 1700 3121 1758 τοῖς
3158 1693 3430 1755 τοιούτοις
3485 1694 3545 1747 τὸ
3578 1692 3765 1763 ξανθόν
3793 1712 3855 1746 τε

2207 1790 2296 1845 καὶ
2350 1790 2664 1865 ἁρειμᾶνιον
2722 1788 2878 1863 γένος
2927 1784 3298 1857 ἐπεθιζόμενοι
3345 1780 3557 1854 ἕτοιμοι
3586 1782 3723 1850 ἦσαν
3757 1801 3859 1835 κα-

2206 1880 2518 1956 τασφάττειν
2577 1876 2830 1945 ἐκείνους,
2885 1874 2930 1928 εἰ
2993 1874 3157 1946 μόνον
3185 1893 3270 1933 τις
3301 1868 3855 1956 παρορμῳηηᾼῖτίαν

2209 1966 2266 2022 δὲ
2320 1950 2475 2041 ἔσχεν
2535 1964 2610 2027 εἰς
2667 1967 2851 2035 τοῦτο,
2882 1962 2954 2023 ὡς
3003 1962 3031 2015 ὁ
3059 1965 3167 2015 τῶν
3199 1957 3425 2014 πολλῶν
3455 1957 3615 2033 λόγος
3650 1950 3795 2030 ἔχει,
3827 1958 3856 2011 ὁ

2205 2055 2410 2110 τούτων
2467 2059 2569 2123 τῆς
2621 2050 2902 2129 φάλαγγος
2950 2047 3314 2121 ἐξηγούμενος
3350 2088 3363 2112 ,
3421 2045 3481 2106 ’ὸς
3536 2043 3626 2098 καὶ
3679 2043 3853 2098 πάλαι

2213 2142 2309 2215 μὲν
2368 2140 2730 2214 ὡρμημένους
2780 2135 2973 2198 αὐτοὺς
3029 2131 3152 2190 τότε
3210 2131 3256 2188 δ’
3314 2132 3626 2209 ἐξαφθέντας
3683 2130 3850 2186 πλέον

2209 2229 2486 2289 ἀνεθὲντας
2538 2230 2635 2281 τοῦ
2693 2220 2865 2299 φόϐου
2921 2223 3012 2279 καὶ
3064 2221 3409 2297 δρασείοντας
3464 2220 3531 2274 τὰ
3588 2221 3847 2289 ἀνήκεστα

2208 2316 2261 2387 ἐξ
2316 2317 2540 2389 ἑτοίμου
2595 2314 2814 2385 ἠρέθισε
2864 2312 2956 2367 τὸν
3016 2312 3178 2386 φόνον
3240 2310 3612 2381 ἐπιτολμῆσαι
3658 2306 3838 2381 καιρὸν

2210 2403 2458 2481 ἔχοντας.
2489 2401 2594 2459 Καὶ
2626 2403 2652 2456 6
2695 2401 2861 2476 λόγος
2901 2399 2961 2455 ἐκ
2987 2403 3094 2455 τῶν
3128 2397 3343 2471 ὕστερον
3373 2397 3522 2471 φέρει
3570 2397 3632 2451 τὸ
3687 2396 3848 2449 πιθα-

2208 2495 2321 2550 νόν’
2352 2492 2476 2549 οὐδὲ
2527 2493 2630 2565 γὰρ
2691 2490 2750 2545 ἂν
2784 2487 3061 2562 ἐτόλμων,
3088 2487 3137 2542 εἴ
3169 2489 3243 2560 μή
3303 2508 3449 2548 τινας
3497 2481 3852 2561 προϐιϐἀσεις

2212 2584 2384 2659 εἶχόν,
2442 2579 2756 2643 ἀλλοεθνεῖς
2813 2571 2963 2639 ὅντες
2992 2576 3082 2631 καὶ
3111 2576 3173 2630 τὸ
3233 2574 3397 2629 πλέον
3432 2572 3719 2644 ἐπήλυδες.
3752 2574 3853 2627 Καὶ

2212 2670 2259 2725 εἰ
2307 2669 2478 2731 οὕτως
2511 2668 2659 2742 εἶχον
2716 2666 2805 2720 καὶ
2868 2666 3033 2738 μόνος
3091 2662 3328 2739 θαρῤεῖν,
3396 2663 3600 2738 ἀνάγκη
3658 2662 3859 2724 παντὸς

2218 2756 2429 2833 μᾶλλον
2450 2757 2543 2811 τὸν
2574 2756 2768 2832 ἄγοντα
2800 2751 3209 2808 ὑποπτεύεσθαι.

2216 2903 2390 2972 hujus
2413 2899 2656 2972 magicis
2678 2896 2983 2953 maleﬁciis
3004 2895 3206 2951 morbo
3220 2898 3631 2966 consumptum
3654 2893 3859 2949 etdira

2216 2990 2530 3044 immature
2552 2990 2735 3041 morte
2762 2983 3245 3048 sublatum,bunc
3265 2999 3397 3037 vero
3423 2982 3859 3037 miserabantur

2218 3094 2350 3133 mox
2380 3074 2729 3147 privandum
2762 3073 3008 3144 imperio
3040 3071 3259 3142 injusta
3282 3071 3452 3126 istius
3475 3070 3527 3124 vi
3557 3070 3855 3125 eﬁ'erentis

2140 3181 2182 3248 ρ
2213 3183 2274 3221 se
2303 3163 2565 3235 improbe
2592 3179 2770 3232 supra
2803 3162 3091 3230 privatum
3127 3161 3386 3225 modum,
3422 3164 3478 3248 et
3501 3158 3855 3248 bauddubie

2226 3268 2401 3323 regno
2432 3250 2737 3314 inhiantis,
2764 3251 3213 3318 contemptaque
3249 3245 3481 3316 Augusti
3506 3246 3669 3315 pueri
3694 3250 3858 3300 aetate

2227 3339 2539 3411 imperium
2576 3338 2687 3393 sibi
2720 3335 2978 3391 honestis
3003 3334 3374 3406 praetextibus
3393 3336 3673 3405 parantis.
3703 3333 3865 3388 Auxi-

2229 3428 2473 3484 liaribus
2491 3442 2660 3498 porro
2680 3423 3151 3495 Italis,peculiari
3168 3423 3362 3493 magni
3379 3422 3701 3478 conostauli
3716 3422 3865 3477 sub-

2217 3517 2392 3589 jectis
2422 3515 2802 3586 praefecturae,
2836 3520 3047 3585 praeter
3077 3510 3222 3567 alias
3254 3512 3562 3582 quasdam,
3585 3510 3671 3565 hae
3696 3510 3865 3565 vehe.

2228 3603 2544 3659 mentiores
2574 3601 2806 3672 proprie
2824 3608 2989 3655 erant
3009 3598 3126 3655 odii
3148 3600 3205 3652 in
3230 3614 3363 3653 eum
3387 3604 3443 3654 et
3468 3598 3733 3653 meditati
3761 3599 3871 3654 im-

2229 3698 2397 3763 petus
2428 3706 2637 3758 causis,
2669 3688 2823 3759 quod
2858 3704 2920 3743 se
2958 3705 2992 3743 a
3021 3685 3444 3754 Muzalonibus,
3468 3691 3523 3741 et
3541 3688 3866 3757 praesertim

2230 3782 2301 3835 ab
2322 3778 2429 3833 hoc
2452 3778 2606 3833 inter
2627 3792 2723 3831 eos
2744 3780 2880 3831 natu
2906 3776 3179 3842 maximo,
3203 3776 3457 3845 privatos
3476 3775 3870 3831 meminerant

2231 3866 2519 3922 donativis
2549 3869 2605 3920 et
2621 3864 2932 3936 stipendiis
2956 3864 3098 3935 ipsis
3120 3864 3192 3918 ab
3217 3863 3407 3918 adhuc
3428 3863 3651 3918 vivente
3675 3863 3863 3935 impe-

2231 3960 2423 4010 ratore
2453 3953 2723 4019 decretis,
2756 3952 2909 4023 quod
2944 3952 3534 4006 centemnerenturin
3560 3951 3632 4006 iis
3653 3952 3869 4021 quibus

2224 4044 2389 4114 juste
2419 4059 2480 4097 se
2510 4040 2781 4097 honorari
2814 4040 3026 4095 debere
3045 4040 3498 4105 contendebant,
3521 4041 3673 4110 quod
3703 4039 3866 4095 aditu

2230 4130 2488 4202 etgratia
2509 4127 2878 4200 imperatoris
2901 4126 3377 4198 suggestionihus
3403 4127 3583 4197 hujus
3601 4128 3871 4183 exclude-

2230 4222 2454 4286 rentur,
2488 4218 2585 4274 55
2622 4216 2775 4287 quod
2811 4215 3237 4287 protovestiarii
3263 4215 3778 4287 jussuignominia
3808 4220 3867 4271 et

2232 4305 2606 4362 contumeliis
2641 4305 3031 4360 afﬁcerentur.
3057 4302 3157 4359 His
3189 4308 3245 4358 et
3272 4302 3569 4358 similibus
3593 4304 3786 4358 rufum
3806 4308 3866 4359 et

2230 4392 2572 4448 bellicosum
2604 4408 2790 4464 genus
2812 4391 3041 4457 irritati,
3066 4392 3251 4461 parati
3272 4395 3437 4445 erant
3460 4392 3529 4445 ad
3562 4408 3661 4446 eos
3682 4392 3868 4446 truci-

2232 4481 2478 4546 dandos,
2502 4480 2551 4536 si
2582 4481 2716 4551 quis
2744 4480 2833 4535 vel
2856 4478 3161 4551 paululum
3186 4478 3534 4550 impelleret.
3567 4480 3862 4535 Jactatum

2232 4569 2407 4625 etiam
2442 4574 2532 4624 est
2562 4585 2831 4625 sermone
2863 4567 3179 4625 multorum
3213 4568 3417 4623 ducem
3450 4568 3622 4623 istius
3654 4567 3867 4623 Italicae

2230 4656 2538 4728 phalangis
2569 4662 2794 4728 partem
2818 4657 2991 4711 istius
3010 4655 3190 4727 culpae
3214 4654 3567 4710 conscivisse
3588 4672 3705 4711 non
3732 4673 3866 4727 par-

2229 4760 2380 4814 vam,
2414 4745 2630 4817 quippe
2660 4744 2760 4815 qui
2793 4760 2933 4800 suos
2963 4743 3097 4800 olim
3124 4743 3182 4797 in
3209 4743 3356 4799 hanc
3380 4744 3594 4799 caedem
3621 4760 3861 4815 pronus,

2228 4839 2369 4889 tunc
2402 4838 2597 4889 autem
2630 4832 2932 4888 occasione
2962 4848 3237 4888 accensos
3261 4848 3427 4901 nova,
3454 4836 3613 4886 metu
3638 4831 3866 4888 solutos

2230 4927 2285 4978 et
2314 4923 2627 4991 gestientes
2659 4921 2852 4976 dirum
2884 4921 3113 4977 facinus
3137 4924 3390 4992 patrare,
3417 4935 3477 4975 re
3491 4924 3695 4991 parata
3715 4919 3869 4976 inci-

2231 5010 2441 5066 taverit
2470 5016 2533 5066 ut
2556 5025 2862 5081 erumpere
2908 5026 3023 5080 quo
3071 5009 3509 5065 destinaveraut
3557 5008 3865 5064 auderent.

2232 5098 2338 5161 Qui
2370 5099 2605 5169 quidem
2632 5113 2834 5153 rumor
2856 5113 2923 5153 ex
2954 5097 3025 5152 iis
3058 5113 3182 5168 qua:
3213 5100 3524 5153 consecuta
3555 5100 3691 5151 sunt
3722 5097 3866 5151 veri-

2232 5186 2442 5242 similis
2472 5188 2538 5242 ﬁt
2570 5204 2583 5241 :
2618 5202 2807 5259 neque
2855 5185 3009 5241 enim
3038 5186 3166 5243 ausi
3198 5190 3426 5241 tantum
3480 5189 3699 5254 essent,
3748 5185 3865 5240 nisi

2229 5276 2359 5330 freti
2383 5276 2719 5331 auctoribus
2739 5279 2794 5330 et
2818 5274 3080 5330 instincti
3106 5274 3588 5347 persuasionibus
3609 5273 3859 5342 idoneis,

2229 5363 2564 5435 alienigenae
2596 5372 2649 5420 et
2680 5362 2944 5435 plerique
2977 5364 3228 5419 advenae:
3262 5380 3377 5435 quo
3411 5365 3569 5418 statu
3593 5361 3863 5418 homines

2230 5452 2281 5508 si
2310 5452 2394 5507 vel
2429 5453 2685 5523 cogitent
2729 5452 2846 5507 vim
2896 5451 3129 5519 inferre,
3184 5468 3427 5524 prorsus
3476 5466 3743 5506 necessse
3782 5450 3864 5505 sit

2231 5540 2520 5613 suspicari
2552 5540 2641 5613 agi
2673 5540 2877 5613 utique
2900 5540 2973 5597 ad
3003 5540 3063 5597 id
3119 5540 3279 5613 ipsos
3336 5537 3654 5611 impulsore
3713 5554 3862 5611 quo-

2228 5644 2411 5704 piam.
