4182 6286
361 463 422 515 ιϐ’
448 503 462 516 .

917 536 1031 591 τοῖς
1060 530 1439 599 Μούζάλωσιν.

427 638 579 698 Τὲως
611 635 657 690 δ’
707 635 796 690 οῦν
830 638 864 704 ἡ
897 635 984 689 ἐπὶ
1032 641 1110 708 τῷ
1150 637 1506 709 άποιχομένῳ
1538 634 1726 705 ἐννατη
1769 632 2006 706 κειμένῳ

358 727 684 802 παρῆν,καῖ
746 720 852 778 ἔδει
900 727 998 792 τὴν
1057 727 1274 796 μνήμην
1325 723 1472 799 ἄγειν
1523 724 1712 795 ἐκείνῳ
1758 723 1895 776 κατᾶ
1942 724 2005 776 τὸ

359 817 586 885 σύνηθες
623 858 634 870 .
690 815 1035 886 Ἀνέρκονται
1099 814 1280 867 τοίνυν
1335 813 1411 874 εἷς
1468 815 1567 880 τήν
1623 817 1730 866 τῶν
1787 812 2004 864 Σωσάν-

364 903 505 977 δρων
593 904 765 974 μονὴν
801 946 814 971 ,
899 899 1036 955 ὅπου
1108 902 1196 955 καὶ
1253 903 1280 955 6
1337 902 1524 973 νεκρὸς
1587 904 1681 954 τοῦ
1737 899 2004 972 βασιλέως

362 993 606 1067 ἐχόμενα
651 995 747 1046 τοῦ
804 991 1004 1066 πατρὸς
1055 993 1307 1058 τεθαπτο,
1358 996 1463 1045 τῶν
1524 990 1831 1064 ἱερωμένων
1890 990 2005 1043 ὅσοι

955 1079 1309 1152 ’Λνέρχονται
1387 1077 1443 1132 δὲ
1500 1078 1589 1131 καὶ
1651 1079 1700 1130 οἱ
1758 1077 1808 1130 ἐν
1864 1075 2004 1130 τέλει

894 1164 940 1220 δ’
992 1166 1207 1220 ἐκείνων
1280 1165 1369 1220 καὶ
1445 1170 1550 1220 τῶν
1629 1169 1891 1238 γυναικῶν
1955 1166 2007 1218 αἱ

363 1087 612 1153 παρῆσαν
687 1078 874 1133 ἐκεῖσε.

363 1169 582 1236 πάντες,
633 1167 809 1241 χωρὶς

367 1257 708 1331 προύχουσαι
753 1259 1046 1328 ματρῶναι,
1095 1255 1183 1308 καὶ
1232 1261 1336 1308 πᾶν
1389 1255 1510 1308 ὅσον
1565 1256 1630 1322 ἦν
1684 1253 2003 1328 ὑπηρετικὸν

365 1353 482 1408 τοῖς
527 1350 801 1418 κρατοῦσι.
856 1345 930 1400 Τὸ
966 1346 1149 1415 μέντοι
1203 1365 1260 1418 γε
1317 1343 1709 1417 στρατιῶτικὸν
1759 1343 1818 1397 ἐκ
1866 1363 2003 1416 προε-

361 1431 510 1494 νοίας
538 1433 623 1486 καὶ
677 1431 888 1500 μᾶλλον
939 1433 1086 1485 κάτω
1134 1431 1255 1506 περὶ
1304 1433 1393 1486 τὸν
1448 1429 1673 1506 βασιλέα
1716 1426 2002 1504 ἐγκαταλέ-

364 1520 573 1576 λειπτο.
618 1521 704 1581 Ὠς
749 1523 875 1593 γοῦν
921 1521 1140 1574 πανοικὶ
1187 1520 1275 1574 καὶ
1329 1521 1380 1573 οἱ
1411 1518 1771 1588 Μουζαλωνες
1814 1517 2002 1587 ἦεσαν,

360 1606 494 1661 ἰδίαν
526 1608 664 1682 περὰ
712 1607 840 1668 τοὺς
898 1605 1106 1670 ἄλλους
1150 1609 1384 1682 στοργήν
1441 1609 1577 1680 πρὸς
1636 1608 1726 1661 τὸν
1776 1607 2003 1670 θανόντα

355 1694 813 1767 ἐπιδεικνύμενοι,
870 1695 992 1750 τότε
1045 1696 1108 1750 τὸ
1169 1697 1576 1769 στρατιωτικὸν,
1636 1692 2001 1771 διαφερόντως

1421 341 1519 393 DE
1555 337 1925 393 MICHAELE
1962 333 2409 390 PALBOLOGO
2444 335 2578 388 LIB.
2621 336 2665 386 Ι.

521 462 714 521 ’Ὀπως
767 461 912 533 παρᾶ
961 464 1060 513 τοῦ
1118 463 1344 534 σρτατοῦ
1402 457 1687 532 ἐτολμήθη
1754 460 1782 510 ὁ
1837 457 2003 534 φόνος
2036 460 2088 526 Α
2117 457 2310 528 καὶμὴ
2346 455 2652 533 φαινομένῳ
2698 460 2776 528 τῷ
2810 453 3045 531 βασιλεῖ,
3075 457 3166 512 καὶ
3221 455 3572 513 ἐπενεκάλουν
3625 457 3763 512 κατὰ

3655 334 3758 388 490

2156 549 2182 558 η

2117 549 2224 598 τῶν
2256 542 2414 613 δῆθεν
2466 545 2728 617 ἀπίστων,
2776 544 2903 608 τοὺς
2951 544 3326 614 Μουζάλωνας
3373 545 3757 618 αἰνιττόμενοι,

2120 632 2284 701 ζῆλον
2349 634 2492 709 ὑπῆρ
2553 635 2718 688 αὐτοῦ
2789 634 2877 688 καὶ
2934 639 3031 688 τοῦ
3088 634 3273 708 γένους
3333 633 3758 709 ἐνδεικνυμένοις

2117 720 2354 784 ἐοικότες
2387 724 2608 797 θερμόν.
2661 722 2757 777 Καὶ
2811 721 2899 777 ’ίνα
2960 727 3034 796 μή
3091 726 3341 800 φθάσειαν
3401 724 3594 779 ἐκεῖνοι
3653 725 3758 796 πρὸ

2114 815 2210 864 τοῦ
2269 816 2455 874 παθεῖν
2525 809 2831 883 δράσαντες,
2887 809 3119 874 δεδιότες
3201 809 3359 882 δῆθεν
3432 810 3754 868 ἐπέσπενδον

2115 899 2213 964 τὴν
2263 899 2343 953 ἐπ’
2394 899 2629 960 ἐκείνους
2677 905 2772 953 τοῦ
2827 898 3091 973 βασιλέως
3137 899 3472 975 ἐγχώρησιν,
3518 903 3607 956 καὶ
3661 902 3759 973 ἅμ’

2117 984 2345 1055 ἐδήλουν
2393 989 2471 1040 ὼσ
2528 985 2674 1061 εἷ’περ
2726 990 2752 1042 6
2809 987 3106 1062 βασιλεύων
3166 989 3370 1066 ἐφήσει·
3435 991 3479 1043 εἰ
3539 988 3584 1043 δ’
3637 989 3752 1058 οὖν,

2116 1072 2241 1127 ἀλλ’
2293 1075 2486 1130 ἐκεῖνοι
2534 1075 2623 1129 καὶ
2674 1074 2845 1139 οὕτως
2882 1074 3299 1150 ἐπιδραμοῦνται
3342 1078 3427 1131 καἱ
3479 1079 3754 1153 καταπρά-

2114 1165 2311 1233 ξονται.
2373 1168 2547 1218 Ταῦτα
2607 1165 2880 1234 Λεγόντων
2937 1167 3049 1238 ἅμα
3104 1167 3190 1220 καὶ
3251 1164 3654 1238 θομυὸούντων,
3702 1167 3755 1221 οἱ

2111 1254 2209 1320 τήν
2284 1251 2574 1325 βασιλικήν
2638 1253 2883 1330 φυλακὴν
2960 1253 3431 1329 ἐπιτετραμμένοι,
3510 1253 3756 1325 δηλωθέν

2112 1340 2378 1402 κάκείνοις
2405 1343 2467 1395 τὸ
2505 1339 2794 1414 τόλμημα,
2845 1344 2878 1411 ἢ
2925 1343 3013 1397 καὶ
3064 1343 3210 1418 παρὰ
3254 1349 3414 1399 τοῦτο
3465 1346 3755 1419 πρότερον,

2111 1427 2148 1498 ἤ
2201 1431 2307 1501 μὴν
2367 1432 2479 1502 ἅμα
2527 1435 2605 1500 τῷ
2664 1427 2909 1505 θορυϐεῖν
2964 1431 3199 1495 ἐκείνους
3259 1432 3524 1496 δείσαντες
3574 1431 3755 1504 δῆθεν,

2113 1517 2387 1592 ἐξάγουσιν
2419 1517 2573 1580 εὐθὺς
2599 1520 2661 1573 τὸ
2707 1517 2947 1589 παιδίον,
3008 1521 3143 1575 κατά
3201 1519 3475 1576 δυσωπίαν
3534 1522 3754 1591 ἐλπιζοο

2115 1608 2280 1677 μένην
2329 1607 2403 1669 ὡς
2450 1606 2683 1668 ἐκείνους
2735 1608 3014 1684 ἐμφαίνειν
3061 1614 3350 1671 ποιοῦντας
3398 1612 3609 1686 ἐμφανῆ
3658 1610 3750 1666 τὸν

2111 1699 2446 1767 κρατοῦντα,
2498 1697 2585 1757 Ὧς
2646 1693 2701 1750 δὲ
2759 1697 3014 1774 φανέντος
3070 1702 3168 1752 τοῦ
3226 1700 3353 1754 νέοσ
3404 1699 3492 1753 καὶ
3553 1699 3749 1772 μείζων

355 1781 414 1838 δὲ
455 1785 517 1838 τὸ
563 1781 836 1837 Ἰταλικόν
911 1804 969 1837 τε
1031 1784 1120 1838 καὶ
1197 1783 1395 1855 ξενικὸν
1432 1827 1445 1852 ,
1502 1782 1831 1856 ἁρπάσαντες
1906 1783 2075 1886 τὸνΒ
2111 1779 2272 1857 ᾔρετο
2331 1786 2365 1851 ἡ
2428 1786 2580 1860 φωνὴ
2637 1784 2725 1838 καὶ
2795 1787 3147 1860 ἀτακτότερον
3225 1783 3538 1861 ἐθορύϐουν,
3605 1788 3752 1861 χειρί

1304 1871 1545 1886 ες,
1815 1872 1964 1886 .,
2315 1871 2326 1886 .
2501 1873 2911 1886 ...._
3067 1873 3177 1886 ...η
3456 1875 3720 1886 μ-.-

354 1873 564 1947 καὶρὸν,
616 1873 666 1925 οἱ
728 1872 824 1944 μὲν
883 1870 1176 1943 ἀμύνεσθαι
1231 1871 1359 1932 τοὺς
1404 1872 1748 1942 λυπήσαντας
1807 1872 1999 1945 ὀρεγό-

357 1981 528 2032 μενοι,
581 1960 633 2012 οἱ
683 1957 730 2012 δ’
779 1957 1109 2035 ἐφηδόμενοι
1160 1965 1301 2032 τοῖς,
1354 1960 1399 2014 εἰ
1450 1958 1725 2029 δυνηθεῖεν
1778 1959 1996 2027 ἐκεῖνοι,

353 2048 870 2122 τολμηθησομένοις
931 2050 1069 2122 (ταῖς
1131 2052 1234 2124 γὰρ
1302 2050 1674 2123 καινοτομίαις
1735 2049 1815 2105 ἀεί
1868 2069 2000 2103 ποτε

361 2137 637 2211 χαίρουσιν
696 2135 998 2212 ἄνθρωποι,
1079 2138 1168 2192 καὶ
1248 2137 1372 2212 ῥᾷόν
1444 2159 1526 2199 τις
1602 2136 1728 2192 ἰδὼν
1815 2138 1996 2191 καινὸν

359 2227 522 2280 κακὸν
578 2223 826 2289 τελεσθὲν
888 2225 1147 2296 ἐφησθείη
1217 2233 1333 2288 τοῖς
1399 2229 1657 2281 παθοῦσιν
1714 2225 1748 2294 ἢ
1805 2225 1996 2300 ἀγαθὸν

359 2315 642 2385 συνησθείη
701 2320 819 2376 τοῖς
879 2313 1260 2387 ἀπολαύσασι),
1294 2321 1583 2389 συμμιγεῖς
1643 2317 1729 2384 [Ρ
1758 2317 1872 2386 32]
1922 2318 2002 2385 τῷ

365 2399 570 2472 πλήθει
599 2403 877 2477 γενόμενοι
924 2404 1102 2475 φωνὸς
1151 2404 1346 2481 ἡφίουν
1396 2401 1569 2463 δεινὰς
1624 2401 1860 2456 κάτωθεν
1895 2400 2002 2454 ἄνω

445 2594 529 2648 19.
565 2595 628 2650 ω
656 2594 956 2650 Muzalones
981 2595 1046 2649 ab
1079 2599 1328 2650 exercztu
1361 2594 1640 2662 interfecti
1667 2593 1800 2647 sint.

437 2682 597 2738 Tunc
627 2684 990 2738 commodum
1025 2699 1215 2738 nonus
1246 2682 1516 2738 illuxerat
1543 2699 1576 2736 a
1607 2686 1792 2737 morte
1821 2681 1998 2750 impe-

365 2771 576 2826 ratoris
616 2771 760 2838 dies,
794 2787 908 2842 quo
939 2771 1067 2841 ejus
1100 2771 1382 2826 memoria
1404 2771 1702 2826 consuetis
1722 2767 1996 2824 honorari

364 2860 574 2916 ritibus
599 2861 865 2916 debebat.
891 2859 1252 2915 Conveniunt
1282 2859 1460 2930 igitur
1479 2859 1539 2914 in
1567 2859 1996 2938 Sosandrorum

361 2949 802 3018 monasterium,
824 2948 922 3003 ubi
956 2965 1170 3020 corpus
1202 2948 1568 3020 imperatoris
1587 2949 1754 3017 juxta
1772 2951 1996 3017 patrem

357 3036 652 3110 sepultum
687 3038 899 3102 fuerat,
933 3040 1219 3108 quantum
1243 3043 1368 3092 erat
1389 3037 1468 3092 ibi
1493 3052 1792 3091 sacrorum
1816 3033 1998 3089 homi-

354 3140 534 3193 num;
567 3123 924 3179 conveniunt
953 3128 1008 3178 et
1055 3122 1433 3194 magistratus
1465 3138 1688 3189 omnes,
1724 3120 1998 3174 mulieres

353 3229 586 3282 quoque
602 3212 803 3282 prima:
822 3211 1130 3282 dignitatis
1151 3228 1216 3266 ac
1239 3215 1539 3276 matronae,
1557 3215 1681 3263 tum
1705 3208 1992 3280 quidquid

355 3299 412 3354 in
444 3300 726 3371 obsequio
758 3299 1088 3370 principum
1119 3304 1264 3354 erat.
1294 3301 1366 3353 At
1391 3297 1673 3353 militares
1721 3297 1895 3368 copia:
1924 3297 1994 3351 de

357 3387 652 3443 industria
684 3387 854 3455 infra,
878 3388 1043 3458 quasi
1061 3387 1128 3442 ad
1149 3386 1472 3442 custodiam
1489 3386 1638 3440 circa
1652 3385 1992 3456 principem,

360 3481 495 3530 sunt
522 3476 754 3531 relictae.
791 3476 861 3531 Ut
885 3480 1078 3531 autem
1110 3475 1221 3546 ipsi
1255 3491 1483 3546 quoque
1507 3473 1836 3530 Muzalones
1858 3488 1990 3527 cum

363 3563 645 3620 universis
659 3564 919 3634 ipsorum
937 3565 1175 3619 familiis
1196 3565 1398 3619 eodem
1413 3565 1992 3619 ascenderantosten-

361 3653 546 3708 tandm
579 3653 773 3708 studio
799 3654 964 3724 quasi
990 3653 1293 3725 praecipuae
1317 3653 1623 3723 cujusdam
1644 3652 1905 3723 ipsorum
1931 3652 1989 3704 in

349 3741 626 3796 defunctu
639 3759 688 3795 ξι]
706 3741 1028 3807 charitatis,
1045 3747 1184 3796 tunc
1198 3741 1509 3807 exercitus,
1524 3741 1842 3811 prmsertim
1857 3755 1988 3793 vero

349 3830 561 3886 Italicae
592 3840 645 3886 et
677 3832 988 3888 auxiliares
1019 3838 1221 3888 exterae
1279 3832 1475 3902 copias,
1534 3835 1764 3901 captata
1819 3846 1988 3884 occa-

349 3919 534 3986 sione,
567 3922 777 3991 partim
813 3920 1052 3975 ultionis
1085 3920 1245 3975 abiis
1274 3918 1990 3990 quilzeserantexpetendee

352 4008 644 4064 desiderio
659 4009 972 4074 instinctis,
1005 4009 1214 4080 partim
1247 4006 1622 4062 conniventes
1639 4006 1989 4061 audentibus

356 4097 609 4166 quadam
642 4099 743 4154 56
777 4097 1083 4154 dulcedine
1114 4097 1388 4153 novitatis
1419 4101 1474 4150 et
1505 4095 1836 4150 curiositate
1867 4093 1990 4166 spei

358 4185 531 4241 mista
561 4187 939 4242 moxvidendi
963 4185 1095 4257 quis
1119 4183 1990 4257 responderetsuccessusanci-

359 4271 576 4341 pitibus
609 4273 856 4329 aliorum
883 4273 1106 4345 emptis,
1139 4278 1195 4328 et
1225 4290 1294 4328 an
1311 4290 1425 4328 non
1444 4273 1588 4328 forte
1606 4271 1825 4342 aliquid
1849 4270 1989 4343 ipsis

359 4360 498 4417 utile
529 4362 800 4434 privatim
822 4379 852 4417 e
883 4362 1079 4417 statim
1104 4361 1630 4432 perturbandarum
1653 4360 1990 4416 confusione

356 4463 552 4504 rerum
585 4451 834 4506 oriretur
871 4450 1212 4522 (inopinatis
1242 4450 1394 4506 enim
1427 4451 1851 4507 mutationibus
1873 4449 1989 4504 fere

2028 3166 2070 3232 C

2801 1873 3001 1928 ἐκεῖνον
3063 1873 3394 1932 διδάσκουσι.
3454 1877 3528 1932 Τὸ
3589 1875 3634 1930 δ’
3683 1880 3747 1945 ἦν

2109 1962 2220 2032 ἅμα
2250 1964 2444 2034 κροῦον
2496 1960 2586 2014 καὶ
2637 1962 2770 2030 πρὸς
2827 1961 3125 2038 ἀμφότερα,
3181 1962 3269 2017 ὅτε
3315 1985 3374 2018 τε
3426 1964 3747 2020 ἀναστελλω

2108 2050 2195 2102 τὸν
2233 2043 2460 2123 θόρυϐον
2494 2046 2586 2101 καὶ
2635 2050 2716 2102 ὅτι
2775 2048 3052 2124 ἐκχωροίη
3088 2048 3291 2113 διδούς.
3326 2054 3428 2108 Καὶ
3484 2059 3599 2115 τοῖς
3655 2056 3750 2125 μὲν

2107 2136 2231 2210 περὶ
2260 2136 2352 2190 τὸν
2383 2135 2499 2191 νὲον
2535 2137 2776 2210 ἄρχοντα
2823 2138 3003 2191 ἱκανὸν
3053 2137 3126 2199 εἷς
3179 2139 3485 2214 ἀπολογίαν
3517 2141 3568 2201 ἐς
3599 2140 3748 2195 ὕστε⁴

2111 2245 2200 2300 ρον
2261 2225 2396 2300 πρὸς
2451 2223 2578 2286 τοὺς
2635 2225 2906 2299 ἄρχοντας
2960 2226 2993 2294 ἡ
3046 2231 3143 2294 τῆς
3204 2228 3389 2300 χειρὸς
3440 2229 3754 2294 κατάνευσις

2111 2310 2520 2383 ὑπολέλειπτο,
2577 2313 2650 2374 ὡς
2712 2311 2869 2378 δῆθεν
2939 2312 3184 2388 ἐπισχεῖν
3254 2313 3606 2387 οἰκονομοῦσι
3660 2318 3750 2372 τὸν

2110 2395 2362 2473 θόρυϐον,
2410 2407 2525 2462 τοῖς
2587 2398 2644 2454 δὲ
2697 2401 2787 2455 καὶ
2840 2399 2961 2456 λίαν
3022 2401 3215 2474 ὁρκοῦν
3268 2401 3549 2475 ἐνομίζετο
3615 2405 3752 2478 πρὸς

2106 1871 2410 1927 κατανεύειν
2469 1873 2520 1925 οἱ
2589 1873 2722 1949 ἀμφ’

2106 2590 2350 2661 impelli,
2402 2590 2665 2660 nihilque
2688 2591 2923 2646 studere
2963 2590 3121 2646 aliud
3173 2591 3286 2646 nisi
3348 2608 3752 2664 praeoccupare

2106 2678 2534 2749 destinatajam
2569 2679 2641 2734 ab
2672 2679 2802 2735 istis
2833 2680 2963 2735 dira
3004 2679 3061 2734 in
3094 2679 3418 2751 principem
3467 2681 3747 2749 facinora,

2104 2771 2358 2840 dareque
2388 2785 2623 2840 operam
2676 2777 2737 2824 ut
2800 2770 3005 2824 nefarii
3060 2770 3317 2826 latrones
3373 2771 3538 2842 prius
3587 2773 3749 2842 juste

2107 2858 2407 2929 patiantur
2435 2875 2502 2913 ea
2532 2857 2748 2930 quibus
2777 2859 2940 2930 digni
2975 2863 3134 2924 sunt,
3173 2875 3347 2930 quam
3411 2859 3751 2918 immaniter

2107 2951 2501 3019 exsequantur
2531 2964 2658 3019 quas
2693 2947 2750 3002 in
2784 2947 3068 3018 principis
3099 2951 3155 3002 et
3185 2948 3517 3018 reipublicae
3555 2951 3746 3021 perni-

2108 3035 2255 3090 ciem
2309 3036 2579 3106 cogitant.
2630 3035 2746 3090 Hac
2779 3035 3056 3091 benevola
3076 3037 3146 3091 de
3167 3036 3358 3092 salute
3380 3038 3752 3108 imperatoria

2109 3122 2505 3180 sollicitudine
2537 3126 2920 3181 monstranda
2949 3125 3006 3179 id
3043 3125 3314 3197 agebant,
3347 3130 3412 3180 ut
3439 3141 3748 3182 assensum

2108 3212 2235 3282 ejus
2265 3212 2325 3266 in
2344 3213 2460 3267 vim
2479 3229 2655 3283 quam
2679 3217 2966 3285 parabant
2997 3213 3292 3286 elicerent,
3318 3215 3487 3286 quasi
3511 3216 3748 3286 cupien-

2106 3305 2191 3355 tes
2223 3317 2356 3356 cum
2391 3301 2542 3356 bona
2574 3303 2701 3371 ejus
2728 3303 2896 3357 venia
2927 3305 3082 3374 quod
3140 3305 3516 3360 decreverant
3573 3305 3743 3376 perfi-

2106 3404 2253 3454 cere,
2289 3388 2465 3444 simul
2499 3390 2964 3460 subindieantes,
2997 3391 3339 3464 siprinceps
3363 3392 3664 3449 remissior
3683 3393 3744 3448 in

2102 3475 2466 3546 indulgentia
2496 3483 2803 3548 perstaret,
2833 3495 2895 3534 se
2954 3484 3150 3535 tamen
3183 3497 3568 3552 procursuros
3625 3497 3741 3552 quo

2102 3564 2485 3631 intenderent,
2519 3571 2574 3621 et
2605 3567 2894 3623 destinata
2927 3574 3377 3639 perpetraturos.
3413 3569 3578 3624 Talia
3621 3569 3738 3624 illis

2101 3652 2568 3721 vociferantibus,
2602 3655 2776 3710 simul
2808 3661 2865 3712 et
2894 3657 3416 3726 tumultuantibus,
3449 3657 3486 3711 ii
3520 3657 3738 3729 quibus

2099 3742 2418 3796 commissa
2447 3743 2727 3813 principis
2757 3746 3023 3800 custodia
3044 3746 3252 3816 luerat,
3271 3747 3391 3801 sive
3411 3763 3444 3801 a
3462 3746 3733 3817 quopiam

2099 3830 2169 3884 de
2201 3845 2259 3884 re
2291 3846 2418 3900 quae
2452 3829 2732 3901 agebatur
2762 3832 2924 3900 prius
2955 3833 3152 3901 edicti,
3179 3834 3297 3889 sive
3339 3834 3452 3890 sibi
3491 3834 3636 3904 ipsis
3673 3834 3731 3888 in

2098 3921 2258 3974 tanto
2289 3919 2546 3975 tumultu
2583 3923 2929 3990 metuentes,
2961 3922 3218 3977 educunt
3247 3938 3495 3993 puerum
3538 3924 3734 3994 Augu-

2098 4012 2277 4072 stum,
2302 4023 2417 4077 prae
2449 4024 2509 4062 se
2541 4009 2789 4063 ferentes
2822 4008 2878 4062 id
2912 4024 2973 4064 se
3003 4025 3172 4079 agere
3202 4026 3304 4080 spe
3325 4009 3622 4081 placandae
3651 4026 3737 4065 se-

2099 4095 2336 4151 ditionis
2349 4099 2585 4165 aspectu
2601 4100 2656 4151 et
2669 4097 2998 4152 reverentiae
3012 4097 3313 4169 principis,
3329 4099 3739 4169 componendi-

2098 4200 2210 4253 que
2234 4188 2378 4239 nutu
2402 4184 2529 4254 ejus
2550 4183 2610 4238 in
2630 4185 2978 4241 modestiam
2999 4185 3290 4257 inquietos
3312 4188 3536 4242 furores
3551 4187 3738 4258 plebis

2101 4273 2192 4326 57
2230 4272 2498 4328 eifraenis.
2516 4272 2794 4329 Utautem
2814 4274 3040 4345 objecto
3065 4275 3315 4346 publicis
3330 4275 3738 4348 conspectibus

2097 4360 2536 4416 adolescentulo
2569 4363 2757 4432 major
2783 4362 3058 4418 sublatus
3085 4367 3174 4419 est
3197 4363 3417 4420 clamor
3445 4368 3502 4420 et
3547 4363 3736 4436 impo-

2097 4449 2319 4505 tentius
2348 4449 2806 4518 bacchabantur,
2840 4459 3160 4523 suggerunt
3191 4452 3241 4508 ei
3263 4452 3358 4523 qui
3379 4451 3736 4523 circaipsum

357 4552 589 4609 semper
615 4539 976 4595 delectantur
998 4538 1292 4607 homines;
1312 4544 1368 4594 et
1394 4539 1620 4596 facilius
1639 4539 1770 4609 quis
1792 4538 1995 4593 videns
2027 4529 2072 4590 D
2103 4543 2531 4595 erantutmanu
2549 4541 3189 4597 innueret.Eratautem
3205 4542 3258 4597 id
3275 4542 3510 4614 signum
3527 4558 3739 4614 anceps

363 4643 581 4682 novum
615 4629 932 4700 quodpiam
965 4628 1267 4699 inaliquos
1297 4626 2002 4699 malumingruere,mali-

360 4729 544 4785 gnum
569 4716 640 4772 de
669 4715 860 4771 aliena
889 4717 1217 4772 calamitate
1246 4717 1455 4772 sentiat
1485 4717 1764 4787 gaudium
1823 4733 2000 4786 quam

359 4803 514 4859 bono
543 4804 869 4860 fruentibus
890 4805 1250 4877 collaztetur),
1268 4805 1704 4876 tunc,inquam,
1722 4804 2002 4860 militares

367 4892 677 4965 utriusque
707 4894 938 4966 generis
971 4895 1171 4966 copim,
1223 4895 1434 4966 partim
1479 4895 1756 4963 furentes,
1792 4893 2001 4962 partim

364 4980 622 5038 faventes
656 4982 1005 5049 furentibus,
1052 4982 1205 5055 plebi
1239 4983 1420 5038 nihilo
1477 4981 1678 5036 mitius
1735 4981 2002 5036 animata:

366 5069 588 5140 passim
622 5069 828 5136 mistae,
857 5071 1093 5128 insanos
1126 5071 1472 5127 attollebant
1491 5069 1771 5125 clamores
1788 5086 1854 5125 ex
1885 5069 2002 5124 imo

366 5160 422 5210 et
454 5156 620 5213 atriis
651 5158 846 5229 palatii
876 5177 1112 5216 sursum
1141 5169 1193 5215 et
1223 5160 1505 5215 fenestras
1523 5175 1745 5225 versus,
1780 5159 1878 5212 ubi
1902 5158 2004 5212 im-

367 5250 716 5317 peratorem,
750 5249 848 5319 qui
875 5265 989 5304 non
1014 5248 1349 5320 apparebat,
1371 5264 1494 5303 esse
1512 5249 1815 5319 putabant,
1839 5248 2004 5318 depo-

370 5338 600 5390 scentes
626 5336 697 5390 ad
730 5353 960 5408 pcenam
986 5337 1258 5408 perﬁdos,
1281 5354 1393 5408 quo
1413 5338 1650 5392 nomine
1674 5335 2006 5390 Muzalones

368 5421 716 5492 innuebant,
739 5425 928 5480 zelum
960 5426 1021 5480 in
1046 5430 1373 5496 Augustum
1394 5431 1448 5481 et
1467 5442 1651 5498 genus
1678 5426 2008 5496 ejusosten-

371 5513 564 5567 tantes
595 5517 654 5568 et
677 5513 907 5586 egregie
936 5513 1278 5570 simulantes
1309 5515 1630 5584 ardentem,
1659 5529 1723 5568 ac
1780 5512 2006 5584 signiﬁ—

374 5604 573 5658 cantes
607 5605 768 5658 metu
801 5618 863 5658 se
921 5602 1206 5660 malorum
1259 5605 1522 5675 Augusto
1571 5601 2007 5659 imminentium

691 5721 953 5786 Peraea.
998 5722 1109 5787 Gn.
1153 5721 1409 5786 CXLIII.

2109 4632 2165 4684 et
2197 4629 2254 4684 in
2273 4630 2563 4684 contraria
2613 4630 2831 4701 pariter
2885 4631 3250 4702 ambiguum,
3284 4648 3414 4687 cum
3475 4637 3532 4688 et
3559 4633 3741 4688 videri

2110 4723 2306 4788 posset
2335 4718 2720 4789 comprimere
2749 4719 3072 4774 tumultum
3098 4736 3163 4774 eo
3192 4725 3359 4791 gestu
3390 4719 3665 4792 voluisse,
3687 4726 3746 4777 et

2110 4807 2587 4876 interpretatione
2619 4822 2732 4861 non
2765 4806 3130 4862 inverisimili
3162 4809 3316 4864 trahi
3367 4813 3561 4880 posset
3589 4810 3743 4865 idem

2110 4895 2169 4949 in
2202 4893 2482 4949 indicium
2511 4911 2796 4950 concessae
2821 4913 2852 4950 a
2884 4895 3218 4967 principein
3242 4913 3445 4968 parum
3471 4898 3747 4968 ipsiﬁdos

2112 4982 2384 5036 saeviendi
2416 4982 2731 5037 facultatis.
2766 4983 2965 5053 Neque
2996 4984 3052 5039 id
3085 4985 3384 5056 ignorasse
3406 4985 3752 5040 videbantur

2113 5071 2209 5140 qui
2242 5071 2491 5142 principi
2525 5072 2806 5127 aderant:
2842 5073 2940 5127 sed
2973 5073 3107 5142 sibi,
3141 5073 3190 5128 si
3223 5073 3333 5129 hoc
3365 5073 3620 5145 periculo
3653 5074 3750 5128 in-

2114 5159 2280 5215 noxie
2311 5160 2768 5231 defungerentur
2793 5161 2891 5230 qui
2921 5161 3094 5217 rebus
3114 5167 3423 5234 praeerant,
3453 5167 3748 5232 receptum

2113 5248 2172 5303 in
2204 5247 2575 5304 excusatione
2606 5251 2891 5320 parabant
2919 5254 3204 5320 tanquam
3234 5252 3304 5306 ab
3334 5250 3479 5320 ipsis
3509 5266 3575 5306 eo
3619 5256 3747 5305 tan-

2114 5341 2242 5392 tum
2276 5337 2472 5393 animo
2504 5354 2680 5393 suasa
2710 5337 2810 5392 illa
2837 5337 3750 5408 protentionemanus,utseditio

2118 5443 2219 5497 per
2249 5442 2375 5481 eam
2429 5426 2935 5497 comprimeretur.
2986 5429 3059 5482 At
3116 5425 3552 5482 tumultuantes
3609 5425 3754 5481 satis

2117 5514 2268 5570 clare
2298 5513 2409 5569 sibi
2433 5530 2770 5570 concessam
2803 5529 2869 5569 eo
2900 5521 3065 5585 gestu
3096 5514 3248 5585 quod
3278 5512 3495 5570 vellent
3547 5513 3756 5586 agendi

2116 5601 2418 5660 licentiam
2444 5603 2837 5660 crediderunt.
2868 5603 3074 5659 Statim
3101 5601 3281 5674 igitur
3301 5601 3535 5661 sublata
3547 5620 3654 5660 vox
3669 5605 3759 5658 est

3365 5723 3442 5784 16
