4154 6286
433 296 535 353 491

1735 294 2036 351 GEORGII
2072 293 2533 350 PACHYMERE

3712 294 3818 350 492

438 422 776 497 ἐκχώρησιν.
821 420 996 485 Εὐθὺς
1051 422 1142 477 οὗν
1206 422 1308 498 βοὴ
1367 418 1510 497 ἤρθη
1569 422 1643 483 ὡς
1697 419 2071 495 ἐκχωροῦντος
2103 417 2355 495 Αφέρει,
2418 416 2567 491 μάλα
2642 421 2856 493 θερμῶς
2916 418 3286 493 εἱσηγοῦνται.
3345 416 3413 475 Οἱ
3472 414 3519 472 δ’
3575 416 3824 491 ἠμέλουν

424 514 523 565 τοῦ
576 509 864 586 βασιλέως,
914 510 1003 566 καί
1051 512 1163 584 ἅμα
1209 510 1430 586 ἐχέοντο
1476 507 1819 583 παμπληθεῖ,
1874 508 1964 563 καὶ
1994 509 2067 570 ὡς

424 600 672 674 τιμωρὸς
718 602 819 666 τῆς
875 598 1167 675 βασιλικῆς
1219 598 1491 675 σωτηρίας
1551 597 1787 662 συνέθεεν
1840 594 2067 658 ἕκαστος

428 688 502 749 ὡς
557 688 646 743 καὶ
698 686 1200 765 προσκινδυνεύσοι,
1242 689 1288 743 εἷ
1338 686 1470 745 δεοι.
1522 688 1616 745 Καὶ
1661 685 1944 757 ἀλλήλους
1987 685 2067 756 τῷ

428 772 644 851 θορύϐῳ
699 783 1169 853 παρακρατοῦντες
1238 777 1324 832 ἐπὶ
1389 781 1488 842 τῆς
1545 783 1714 850 μονῆς
1771 775 2066 850 ἠπείγοντο

422 869 527 919 τῶν
588 864 945 941 Σωσάνδρων,
1001 868 1070 922 τὰ
1123 861 1328 941 ἔσχατα
1383 866 1522 921 κακὰ
1573 865 1719 936 τοὺς,
1788 863 1863 927 ὠς
1914 861 2066 917 αὐτοὶ

425 948 636 1029 ἔλεγον,
703 951 925 1017 δύσνους
991 959 1071 1027 τῷ
1134 953 1395 1030 βασιλείῳ
1463 954 1646 1029 κράτει
1706 951 2064 1028 πραξείοντες.

429 1042 551 1099 Εἰσὶ
583 1040 629 1097 δ’
677 1041 731 1098 ο⁹ί
775 1044 863 1099 καὶ
915 1040 1104 1117 ἔμενον
1155 1044 1232 1117 μὴ
1280 1042 1651 1114 συναπιόντες,
1691 1042 2067 1115 προμηθέστε-

432 1151 525 1207 ρον
552 1136 833 1194 ποιοῦντες
878 1133 914 1202 ἢ
959 1132 1395 1208 τολμηρότερον,
1442 1132 1533 1186 καὶ
1574 1129 1687 1205 ἃμα
1725 1129 1772 1184 εἰ
1822 1126 2069 1185 εκποδὼν

426 1220 757 1296 γενομένους
810 1220 941 1284 τοὺς
992 1222 1110 1285 καθ’
1170 1222 1245 1276 ὧν
1303 1221 1545 1284 συνέθεον
1611 1221 1854 1292 μάθοιεν,
1898 1219 2067 1273 αὐθα-

427 1306 673 1385 δέστερον
744 1307 1078 1384 δρασείοντες
1150 1309 1236 1364 ἐπὶ
1313 1314 1432 1373 ταῖς
1502 1313 1725 1380 σκηναῖς
1788 1308 1923 1384 πρὸς
2003 1306 2065 1359 τὸ

423 1397 669 1472 ἐκφορεῖν
702 1397 772 1453 τὰ
816 1397 1100 1472 κειμήλια·
1155 1399 1231 1471 μὴ
1280 1398 1384 1474 γὰρ
1434 1399 1569 1453 εἶναι
1610 1397 1700 1452 τὸν
1747 1394 2066 1451 κωλύσοντα

424 1484 568 1541 οὕτω
631 1490 739 1542 τῶν
802 1486 1170 1561 κεκτημένωμ
1230 1484 1629 1544 ἀπολωλότων.
1686 1489 1777 1548 Ὠς
1833 1488 1962 1559 γοῦν
2013 1484 2065 1538 οἱ

430 1576 526 1649 μὶν
586 1575 794 1650 σύναιμα
847 1577 935 1631 καὶ
984 1597 1092 1631 τισι
1147 1579 1255 1631 τῶν
1326 1575 1377 1631 ἐν
1456 1573 1599 1631 τέλει
1654 1580 1756 1644 τῆς
1789 1570 2062 1646 ὑμνῳδίας

422 1662 759 1738 τελουμένης
806 1664 953 1727 ἐντὸς
1002 1665 1336 1734 εἱστήκεισαν
1392 1668 1488 1719 τοῦ
1532 1667 1685 1736 ναοῦ,
1733 1664 1786 1718 οἱ
1830 1659 1888 1717 δὲ
1939 1682 2063 1715 συν-

424 1751 571 1848 ἐθεον
629 1751 903 1827 πανδημεὶ
963 1748 1314 1829 θορυϐοῦντες
1383 1754 1528 1828 παρᾶ
1581 1754 1644 1807 τὸ
1693 1751 1920 1848 σύνηθες
1971 1748 2060 1804 καὶ
2097 1783 2142 1848 Β

422 1838 533 1912 ἤδη
563 1847 681 1904 τοῖς
714 1840 860 1905 ἐντὸς
888 1842 1142 1920 ἐμφανεῖς
1192 1842 1327 1911 ἦσαν
1379 1840 1506 1897 εὐθὺ
1534 1848 1636 1911 τῆς
1670 1846 1837 1914 μονῆς
1870 1838 2062 1911 ἰόντες,

422 1931 564 1992 τινὲς
608 1934 715 1985 τῶν
771 1928 923 1995 ἐκτὸς
988 1927 1156 1987 ὄντων
1202 1931 1486 2006 ὑπηρετῶν
1529 1931 1620 1985 τὸν
1678 1928 1893 1984 ἐκείνων
1931 1928 2061 1981 ὑποο

419 2018 750 2083 τοπάσαντες
807 2015 1077 2095 θόρυϐον,
1134 2020 1209 2092 μή
1265 2018 1319 2074 τί
1376 2040 1482 2074 που
1529 2017 1618 2074 καὶ
1674 2022 1782 2073 τῶν
1834 2018 2062 2090 ἀπειρη-

422 2108 596 2180 μένιιιν
659 2106 903 2185 δράσαιεν
961 2105 1157 2184 σχεδὸν
1236 2107 1531 2182 αὐτόνομοί
1606 2102 1776 2175 ὄντες,
1845 2107 1959 2179 ἅμα
2007 2103 2064 2159 δὲ

417 2196 508 2252 καί
556 2197 647 2253 τὸν
712 2198 1075 2275 νεωτερισμὸν
1164 2195 1579 2265 ὑποπτεύοντες,
1657 2193 1886 2265 δηλοῦσι
1969 2197 2061 2248 σὺν

415 2284 590 2362 ὠχρῷ
619 2290 698 2359 τῷ
726 2287 1009 2361 προσώπῳ
1035 2290 1153 2348 τοῖς
1183 2281 1357 2341 ἔνδονο
1407 2286 1475 2343 Οἱ
1523 2283 1580 2340 δὲ
1625 2280 1835 2357 σπουδῇ
1867 2285 1926 2355 [Ρ
1969 2283 2060 2357 33]

412 2381 529 2438 τοῖς
583 2376 794 2451 κυρίοις
855 2375 918 2431 τὸ
978 2373 1226 2445 δηλωΘὲν
1306 2372 1738 2450 ἀπαγγέλλουσι,
1795 2370 1886 2427 καὶ
1943 2370 2063 2425 έπι-

416 2467 649 2540 ζυγῶσαι
677 2465 772 2526 τὰς
808 2466 907 2534 τῆς
956 2470 1132 2538 μονῆς
1178 2461 1356 2526 πύλας
1400 2467 1518 2525 τοῖς
1568 2458 1895 2537 ἐρχομένοις
1928 2480 2064 2533 συμ-

411 2661 686 2720 assentiri
714 2664 1047 2735 Augustum
1069 2665 1128 2718 et
1156 2667 1454 2718 auctorem
1501 2658 1648 2717 ﬁeri.
1708 2660 1859 2715 Tum
1915 2672 2051 2713 vero

410 2767 516 2824 pro
547 2767 609 2808 se
639 2750 893 2823 quisque
923 2766 1286 2823 procurrere,
1337 2749 1593 2823 singulis
1649 2748 1869 2804 viritim
1925 2762 2054 2803 sese

408 2839 629 2897 ultores
661 2840 1014 2912 injuriarum
1045 2846 1102 2897 et
1117 2840 1379 2896 vindices
1401 2839 1609 2896 salutis
1632 2837 1912 2911 principis
1935 2836 2055 2908 opi-

409 2928 710 2997 nantibus,
734 2933 791 2985 et
808 2929 968 2985 velut
985 2929 1047 2984 in
1071 2929 1265 2985 studio
1286 2929 1366 2984 rei
1396 2927 1683 2999 praeclarae
1712 2929 2052 2999 praevertere

409 3017 660 3074 invicem
674 3017 1047 3075 festinatione
1059 3017 1209 3074 mira
1229 3018 1608 3086 certantibus,
1633 3032 1698 3071 ac
1724 3013 2051 3086 periculurn

406 3122 811 3178 praeoccupare
830 3105 999 3177 quasi
1014 3104 1229 3161 heroici
1250 3105 1523 3161 facinoris
1539 3103 2047 3176 perturbatissimo

410 3194 684 3251 discursu
734 3198 792 3250 et
820 3197 1028 3249 mutua
1083 3194 1417 3249 extrusione
1477 3192 1772 3249 ruentium
1823 3192 2047 3265 impetu

415 3283 665 3339 maximo
705 3298 911 3338 versus
943 3281 1366 3338 monasterium
1396 3283 1848 3349 Sosandrorum,
1896 3281 2048 3337 fero-

408 3372 577 3428 cibus
598 3375 989 3427 extremorum
1007 3370 1291 3427 malorum
1308 3371 1482 3426 minis
1502 3371 1572 3427 iis
1588 3370 2049 3437 inferendorum,

409 3476 557 3532 quos
586 3459 898 3517 invidiosis
926 3459 1224 3517 vocabulis
1252 3460 1567 3517 inﬁdorum
1591 3464 1868 3533 Augustae
1891 3463 2050 3533 pote-

409 3548 546 3606 stati
577 3548 976 3621 principisque
1006 3548 1262 3605 hostium
1282 3549 1689 3620 designabant.
1709 3549 1833 3604 Non
1852 3553 2049 3605 tamen

409 3637 646 3694 defuere
675 3637 777 3709 qui
807 3637 1219 3708 subsisterent,
1252 3638 1619 3694 continentes
1651 3655 1778 3694 sese
1834 3638 1892 3693 in
1952 3638 2050 3694 illo

413 3726 598 3782 etluso
628 3725 876 3782 aliorum
908 3742 1105 3793 cursu,
1127 3725 1212 3781 vel
1236 3727 1388 3798 quod
1412 3728 1644 3783 cautius
1662 3743 1839 3800 quam
1864 3727 2050 3782 auda-

415 3813 545 3870 cius
572 3830 745 3886 agere
771 3814 1107 3872 consultum
1159 3816 1461 3883 ducerent,
1515 3817 1604 3872 vel
1662 3817 1815 3887 quod
1871 3815 2049 3871 simul

412 3903 589 3960 etiam
619 3909 942 3976 sperarent,
973 3908 1103 3978 post
1131 3905 1429 3975 negotium
1463 3922 1496 3961 a
1525 3904 1893 3961 currentibus
1914 3921 2051 3960 con-

412 3992 627 4049 fectum
642 4009 708 4049 su
718 3993 1026 4067 blatosque
1048 3998 1313 4066 potentes
1334 4010 1552 4071 rerum,
1572 3994 2047 4066 quaestuosiorem

412 4081 985 4155 sibirelinquendam
1008 4099 1245 4155 operam
1267 4083 1628 4156 irrumpendi
1644 4085 1701 4139 in
1724 4084 1875 4140 (edes
1893 4084 2050 4156 ipso-

410 4186 542 4227 rum
573 4174 631 4227 et
684 4171 1114 4243 pretiosissima
1167 4171 1304 4228 inde
1363 4189 1611 4244 quaeque
1666 4173 2044 4245 exportandi;

411 4275 559 4331 quas
588 4258 648 4315 in
678 4260 908 4331 opimas
930 4261 1153 4332 praedas
1185 4260 1389 4315 utilius
1415 4265 1819 4331 expromerent
1866 4265 2045 4318 totam

409 4347 528 4404 vim
550 4348 954 4405 audacissima:
983 4348 1344 4421 rapacitatis,
1376 4349 1611 4405 nemine
1635 4353 1760 4405 tum
1792 4350 2048 4421 prohibi-

413 4439 572 4507 turo,
629 4437 850 4509 quippe
889 4437 1011 4505 jam
1072 4436 1320 4492 mortuis
1374 4437 1814 4508 possessoribus
1874 4454 2050 4510 opera

2180 505 2484 576 ἀκούοντες,
2535 504 2705 581 (μηδὲ
2749 509 2851 584 γὰρ
2903 505 3051 582 ἔχειν
3103 502 3400 580 συμϐαλεῖν
3463 505 3655 562 ὁπόθεν
3733 506 3821 563 ἐπὶ

2176 597 2413 673 σφετέρῳ
2468 601 2620 668 κακῷ
2698 593 2828 651 ἷόιεν
2891 597 2944 651 οἱ
3002 596 3354 669 συνθέοντες),
3423 593 3679 671 ἔρχεσθαι
3760 594 3821 651 δὲ

2172 684 2455 746 κάκείνους
2485 684 2560 747 εἷς
2614 685 2709 747 τὰς
2766 686 2949 748 κοινὰς
3005 683 3207 747 ἐκείνας
3264 682 3521 748 τελεστᾶς
3569 684 3824 757 ὑπελάμ-

2176 766 2364 828 ϐανον.
2398 773 2484 834 Ὠς
2526 770 2584 829 δὲ
2633 774 2721 828 καὶ
2769 772 2920 836 αὖθις
2973 771 3276 843 ἐξελθόντες
3336 772 3527 828 ἐκεῖνοι
3575 770 3823 845 πλησια-

2176 862 2377 915 σάντων
2406 860 2498 917 λαὶ
2559 860 2770 935 μᾶλλον
2824 862 2886 917 τὸ
2945 857 3257 937 θορυϐῶδες
3311 861 3402 917 καὶ
3459 862 3686 917 ἄτακτον
3748 863 3823 917 ὑπ

2175 948 2378 1019 ενόουν,
2424 947 2502 1004 ἔτι
2553 949 2764 1023 μᾶλλον
2810 947 3205 1027 κατωρρώδουν
3254 951 3345 1006 καὶ
3398 952 3531 1024 μετά
3575 948 3825 1021 σπουδῆς

2176 1035 2532 1113 εἰσήγγελλον
2585 1039 2652 1094 τὰ
2705 1039 3015 1116 γιγνόμενα,
3071 1038 3162 1094 καὶ
3219 1039 3303 1094 ἐπ’
3366 1039 3593 1102 ἐκείνοις
3654 1036 3825 1095 ἄλλοι

2173 1124 2669 1202 ταχυδρομοῦντες,
2721 1129 2809 1183 καὶ
2860 1127 3012 1193 αὖθις
3063 1126 3254 1184 ἅλλοιο
3283 1125 3410 1183 οὐδὲ
3437 1129 3542 1205 γὰρ
3572 1129 3637 1199 ἦν
3669 1124 3819 1192 ὅστις

2173 1214 2298 1270 τότε
2356 1215 2572 1278 βλέπων
2631 1218 2706 1289 μὴ
2777 1216 2864 1272 ἐπὶ
2937 1221 3087 1289 κακῷ
3140 1217 3376 1293 μεγίστῳ
3431 1218 3530 1286 τὴν
3601 1217 3817 1273 ἐκείνων

2176 1302 2351 1381 ἄφιξιν
2388 1304 2618 1362 ὑπενόει.
2648 1307 2801 1360 Ὅθεν
2863 1304 2954 1361 λαὶ
3005 1302 3213 1361 πολλοὶ
3274 1306 3369 1380 μὶν
3422 1305 3549 1380 περὶ
3606 1306 3819 1370 ἑαυτοῖς

2175 1388 2411 1455 δεδιότες
2443 1390 2502 1448 ἐκ
2545 1397 2654 1448 τῶν
2708 1393 2770 1449 οὐ
2821 1392 3004 1449 καλῶν
3065 1394 3283 1450 ἐκείνων
3344 1395 3591 1467 ὑποψιῶν
3646 1393 3816 1456 ἄλλος

2173 1478 2426 1555 ἀλλαχοῦ
2454 1480 2795 1539 κατεδύοντο.
2842 1485 2924 1544 οἷς
2972 1479 3019 1537 δ’
3066 1479 3230 1556 ἔμελε
3276 1487 3385 1538 τῶν
3432 1480 3815 1552 Μουζαλώνων

2171 1567 2339 1624 πλέον
2369 1574 2479 1625 τῶν
2510 1568 2717 1637 ἄλλων,
2766 1570 3083 1646 προσιόντες
3133 1570 3224 1626 καὶ
3268 1570 3421 1633 αὖθις
3451 1570 3663 1643 ἀτάκτῳ
3692 1573 3817 1640 ηθει

2170 1660 2260 1713 καὶ
2298 1659 2577 1735 προσώπῳ
2611 1661 2710 1728 τὴν
2771 1655 3029 1729 εἰσϐολὴν
3083 1663 3190 1714 τῶν
3249 1657 3460 1731 ἀνδρῶν
3489 1659 3807 1732 ὖπεμίμνη-

2172 1768 2321 1817 σκον,
2365 1747 2454 1802 καὶ
2504 1746 2748 1824 ἐφεκτέον
2795 1749 2857 1803 τὸ
2899 1749 3068 1823 τάχος
3101 1747 3289 1824 ἔλεγον
3336 1743 3813 1823 προκαταλαϐοῦσι

2176 1837 2271 1905 τὴν
2303 1835 2521 1891 ἐκείνων
2571 1837 2748 1909 ὁρμήν
2801 1834 2889 1891 διὰ
2941 1838 3037 1909 τῆς
3092 1842 3199 1892 τῶν
3232 1835 3443 1892 ’πυλῶν
3497 1836 3807 1908 ἐπιθέσεως,

2180 1928 2253 2000 μή
2311 1948 2428 1989 πως
2482 1925 2572 1981 καὶ
2631 1926 2899 2003 φθάσωσιν
2949 1925 3300 1991 εἷ’σελθόντες·
3366 1924 3508 2001 μηδὲ
3559 1926 3661 2002 γὰρ
3719 1925 3810 1983 ἐπὶ

2172 2014 2327 2087 καλῷ
2382 2035 2490 2070 τινι
2540 2015 2631 2070 τὸν
2679 2018 2935 2070 τοσοῦτον
2981 2009 3209 2089 θόρυϐον
3251 2016 3407 2088 εἶναι,
3455 2013 3579 2070 ἀλλ’
3625 2013 3703 2078 εἴς
3758 2035 3809 2071 τι

2175 2102 2357 2173 λήξειν
2385 2103 2571 2159 κακόν.
2604 2104 2671 2161 Ol.
2704 2101 2762 2158 δὲ
2787 2108 2892 2158 τῶν
2917 2098 3118 2181 φόϐους
3149 2103 3419 2177 λεγόντων
3453 2102 3551 2158 οὐκ
3577 2101 3814 2174 ἤκουσαν

2172 2191 2337 2252 ὅλως·
2371 2192 2475 2266 ἦγε
2512 2193 2635 2266 γὰρ,
2670 2191 2846 2264 οἶμαι,
2901 2190 3131 2254 τούτους
3174 2192 3238 2246 τὸ
3292 2191 3586 2268 μόρσιμον,
3632 2192 3810 2248 καὶτὸ

2173 2279 2468 2355 λεγόμενον
2527 2277 2749 2352 ἀληθὲς,
2808 2280 2881 2342 ώς
2963 2281 3268 2358 ἀφαιρεῖται
3325 2281 3423 2343 τὰς
3482 2281 3676 2357 φρένας
3732 2281 3802 2335 ὧν

2171 2368 2435 2425 ἀπολέσαι
2471 2367 2660 2442 μέλλει
2689 2369 2752 2425 τὸ
2791 2374 2963 2426 Θεῖον.
2996 2370 3073 2426 Οὐ
3110 2370 3219 2443 μὴν
3251 2367 3309 2425 δὲ
3354 2368 3480 2425 ἀλλ’
3514 2367 3643 2425 οὐδὲ
3690 2374 3803 2432 τοῖς

2170 2462 2400 2532 παροῦσι
2451 2462 2559 2513 τῶν
2622 2460 2949 2533 μεγιστάνων
3001 2454 3166 2532 ἔμελε
3218 2457 3280 2513 τὸ
3330 2455 3610 2534 δρώμενον
3640 2457 3809 2514 ἀκού-

2161 2655 2324 2712 diose
2340 2655 3069 2728 suggesserunterevideri
3100 2654 3306 2728 templi
3341 2655 3540 2714 valvas
3571 2656 3802 2713 occludi

2159 2743 2561 2812 venientibus;
2599 2744 2777 2816 idque
2830 2745 3038 2800 ardore
3087 2744 3340 2801 maximo
3391 2745 3681 2818 urgebant
3735 2750 3801 2802 ut

2161 2833 2361 2889 statim
2375 2834 2695 2889 curaretur.
2715 2831 2886 2889 Atilii
2901 2833 3207 2890 audientes
3228 2833 3622 2907 negligebant,
3640 2833 3802 2890 nulla

2159 2920 2370 2976 idonea
2398 2921 2733 2991 conjectura
2761 2921 2887 2977 fieri
2917 2922 3235 2979 verisimile
3256 2924 3479 2979 causati
3507 2924 3580 2980 ad
3613 2922 3801 2979 ullum

2157 3008 2420 3080 ipsorum
2436 3007 2943 3080 periculumistum
2957 3026 3193 3067 cursum
3210 3011 3803 3083 pertinereznimirum

2161 3098 2555 3171 opinabantur
2585 3097 2676 3171 agi
2705 3097 2987 3171 religione
3018 3111 3121 3155 aut
3160 3100 3354 3157 studio
3384 3100 3802 3157 cohonestandi

2159 3186 2444 3259 principis
2478 3187 2706 3243 turbam
2726 3187 2909 3256 illam,
2931 3191 2988 3244 et
3004 3187 3152 3244 nihil
3173 3189 3329 3245 aliud
3350 3206 3523 3262 quam
3542 3199 3803 3262 spectare

2160 3279 2262 3332 aut
2292 3275 2741 3348 frequentiorem
2771 3277 3013 3333 reddere
3049 3277 3351 3334 funebrem
3375 3278 3627 3351 Augusti
3647 3294 3799 3334 mor-

2158 3364 2245 3420 tui
2276 3365 2614 3437 panegyrim
2645 3381 2877 3437 cupere.
2911 3364 2984 3421 Ut
3014 3369 3208 3422 autem
3231 3367 3330 3439 qui
3356 3365 3477 3423 haec
3500 3366 3799 3423 suntiave-

2159 3457 2292 3509 rant
2312 3469 2548 3509 rursum
2579 3453 2798 3525 egressi
2834 3454 3075 3526 propius
3092 3455 3217 3526 jam
3241 3454 3503 3527 appulsa:
3523 3454 3792 3511 multitu-

2158 3541 2314 3598 dinis
2345 3541 2593 3598 furentis
2622 3542 2915 3598 fremitum
2955 3559 2986 3598 e
3013 3542 3207 3601 vicino
3229 3543 3790 3601 terribilioremhau-

2158 3646 2286 3687 sere
2316 3630 2609 3702 sensibus,
2643 3647 2731 3699 eo,
2790 3630 2925 3703 plus
2975 3632 3449 3689 coborresccntes
3505 3632 3793 3688 iterarunt

2156 3719 2442 3775 indicium
2472 3719 2783 3776 crescentis
2809 3719 2969 3783 mali,
2990 3721 3350 3789 nuntiantes,
3373 3723 3439 3777 ut
3454 3721 3639 3793 prius,
3661 3737 3786 3793 quae

2158 3808 2453 3865 recentius
2482 3819 2816 3879 cognorant.
2850 3810 3010 3876 Quod
3028 3811 3787 3867 moxconfirmaruntcursu

2158 3896 2369 3953 anhelo
2402 3897 2741 3954 festinantes
2772 3898 2872 3954 alii
2926 3914 3100 3970 super
3157 3898 3323 3955 alios.
3383 3899 3584 3971 Neque
3632 3898 3786 3955 enim

2156 3987 2274 4059 jam
2303 3985 2429 4055 ulli,
2459 3987 2560 4058 qui
2581 3990 2845 4043 uteretur
2870 3988 3042 4043 modo
3070 3988 3362 4057 sensibus,
3386 3988 3633 4044 dubium
3665 3990 3789 4044 erat

2156 4075 2298 4148 quin
2330 4076 2390 4131 in
2420 4074 2710 4148 tragicum
2739 4075 2957 4131 exitum
3008 4076 3294 4133 fanaticus
3350 4077 3458 4133 iste
3506 4092 3786 4133 accursus

2155 4167 2504 4237 erumperet.
2536 4166 2724 4228 Quare
2755 4162 2926 4219 multi
2977 4163 3090 4220 sibi
3146 4165 3415 4236 privatim
3467 4169 3790 4222 metuentes

2156 4254 2459 4310 admonitu
2490 4251 2841 4308 indiciorum
2875 4252 3202 4325 ingruentis
3243 4254 3381 4310 mali
3442 4254 3596 4311 alius
3650 4254 3788 4310 alibi

2155 4341 2592 4398 abscondebant
2647 4354 2796 4396 sese.
2854 4340 3079 4406 Quibus
3134 4344 3332 4396 autem
3384 4341 3574 4412 major
3612 4356 3788 4413 quam

2155 4428 2376 4485 ceteris
2402 4427 2774 4485 Muzalonum
2805 4444 2945 4485 cura
2971 4433 3116 4498 erat,
3141 4430 3333 4486 denuo
3354 4429 3586 4502 trepido
3612 4446 3787 4486 cursu

415 4540 617 4580 eorum
649 4540 797 4596 quos
827 4524 886 4579 in
918 4525 973 4579 id
1007 4540 1356 4595 praecurrere
1386 4524 1675 4581 sinebant.
1707 4525 1852 4581 Cum
1913 4541 2048 4598 ergo
2083 4512 2126 4577 D
2157 4517 2851 4591 vultuqueturbatoipsos
2865 4518 3418 4591 adibant,impetum
3432 4523 3789 4576 armatorum

415 4612 553 4667 dum
572 4610 1308 4684 hymnodiacelebraretur,
1332 4612 1661 4669 Muzalones
1682 4630 1813 4669 cum
1834 4613 2052 4686 primo-

416 4699 582 4757 ribus
646 4700 999 4772 optimatum
1053 4700 1209 4757 intra
1277 4700 1566 4773 templum
1621 4705 1890 4770 starent,
1948 4703 2049 4760 58

414 4804 615 4856 ruens,
648 4793 713 4844 ut
738 4789 960 4845 dictum
992 4793 1101 4860 est,
1131 4790 1388 4846 tumultu
1434 4790 1672 4847 insolito
1732 4791 2048 4849 multitudo

415 4878 786 4934 adventabat.
803 4879 873 4934 Et
885 4880 1007 4950 jam
1033 4878 1132 4951 qui
1159 4879 1320 4935 intus
1342 4880 1840 4953 erantintelligere
1862 4898 2050 4953 coepe-

414 4969 544 5023 rant
572 4982 702 5023 eam
736 4966 963 5023 turbam
996 4971 1149 5023 recta
1181 4966 1241 5021 in
1274 4968 1695 5025 monasterium
1728 4971 1886 5039 ferri,
1912 4987 2046 5026 cum

413 5055 648 5127 quidam
672 5071 703 5112 ο
722 5054 1011 5112 ministris
1024 5054 1396 5111 Muzalonum
1423 5055 1561 5112 foris
1583 5058 2047 5129 opperientibus,

410 5142 574 5199 veriti
592 5160 709 5216 quo
731 5148 1045 5216 tempestas
1068 5148 1350 5217 suspectae
1366 5144 1641 5201 novitatis
1657 5145 2044 5216 incumberet,

411 5234 471 5288 et
501 5248 617 5288 non
648 5234 777 5290 sine
804 5250 983 5290 causa
1012 5237 1345 5290 metuentes
1376 5248 1445 5288 ne
1478 5236 1703 5289 armata
1743 5239 1799 5290 et
1844 5234 2038 5307 legum

409 5336 618 5378 secura
637 5322 847 5379 seditio
878 5323 938 5379 in
969 5323 1186 5378 ftedum
1217 5321 1452 5392 aliquod
1486 5322 1778 5378 desineret
1795 5323 2046 5392 facinus,

406 5409 630 5483 pallido
657 5410 825 5468 vultu
851 5409 1178 5483 periculum
1212 5410 1561 5466 nuntiarunt
1608 5410 1783 5483 iisqui
1807 5428 1875 5468 ex
1904 5412 2048 5468 inte-

407 5498 547 5555 riori
564 5500 843 5557 comitatu
864 5498 1236 5556 Muzalonum
1256 5497 1707 5570 intratemplum
1729 5501 2045 5557 versaban-

405 5591 522 5644 tur.
555 5588 625 5645 ΙΙὶ
655 5604 778 5647 rem
811 5588 1010 5647 statim
1042 5588 1111 5646 ad
1145 5585 1415 5646 dominos
1446 5588 1781 5647 detulerunt
1836 5596 1893 5646 et
1921 5594 2042 5647 stu-

2159 4607 2512 4664 irruentium
2542 4605 2891 4675 indicantes,
2941 4611 2996 4663 et
3054 4624 3404 4680 magnopere
3442 4608 3793 4678 suadebant,

2151 4697 2429 4767 juberent
2459 4694 2672 4768 opponi
2703 4695 3036 4753 furentibus
3071 4701 3373 4769 portarum
3398 4696 3593 4753 obices
3608 4699 3711 4755 59
3738 4702 3797 4754 et

2156 4784 2444 4858 templum
2475 4785 2672 4840 statim
2703 4785 2895 4841 claudi
2908 4787 3159 4858 jamjam
3191 4787 3345 4843 intro
3375 4785 3720 4859 irrupturis,
3744 4786 3795 4843 si

2158 4879 2383 4947 pateret
2413 4890 2427 4930 :
2460 4890 2594 4930 nam
2626 4877 2857 4931 tantum
2884 4874 3207 4933 tumultum
3238 4874 3386 4930 nihil
3407 4874 3543 4930 boni
3565 4879 3800 4948 porten-

2157 4966 2311 5021 dere.
2343 4963 2743 5020 Narrabantur
2771 4980 2838 5020 ea
2862 4964 3074 5021 surdis.
3108 4964 3450 5021 Perstabant
3470 4964 3529 5019 in
3557 4980 3795 5021 summo

2156 5052 2414 5128 periculo
2445 5056 2664 5109 temere
2693 5052 2904 5109 securi.
2928 5053 3152 5126 Agebat
3180 5053 3397 5125 quippe
3428 5052 3562 5109 illos
3596 5052 3794 5109 fatalis

2154 5146 2296 5216 puto
2318 5141 2544 5197 caecitas
2565 5139 2624 5196 in
2649 5141 2945 5197 decretum
2967 5140 3116 5213 ipsis
3136 5141 3549 5197 infortunium.
3571 5140 3792 5198 Verum

2154 5231 2377 5289 scilicet
2403 5232 2493 5285 est
2521 5230 2670 5299 quod
2703 5230 2818 5285 dici
2841 5229 3009 5300 solet,
3029 5246 3180 5302 quos
3203 5231 3444 5302 perdere
3464 5229 3591 5285 vult
3616 5230 3792 5300 Deus,

2154 5319 2227 5375 iis
2255 5320 2390 5373 ante
2418 5315 2617 5371 omnia
2646 5320 2901 5372 mentem
2934 5316 3179 5388 eripere.
3211 5317 3321 5372 Sed
3371 5332 3477 5372 nec
3528 5317 3631 5388 qui
3688 5317 3795 5374 ad-

2152 5410 2319 5464 erant
2341 5419 2630 5477 proceres,
2647 5403 2900 5461 multum
2919 5421 3124 5462 curare
3135 5405 3487 5462 videbantur
3507 5421 3791 5477 quorsum

2150 5497 2485 5569 spectarent
2513 5509 2643 5565 quae
2672 5493 3152 5563 audiebantﬁeri,
3172 5494 3260 5551 vel
3292 5494 3545 5566 quadam
3565 5511 3794 5567 prauo-

2150 5587 2308 5643 tione
2337 5583 2750 5658 gerendorum,
2780 5582 2868 5641 vel
2892 5585 2962 5641 ad
2996 5584 3154 5655 ipsos
3179 5583 3335 5640 haud
3360 5582 3469 5639 rati
3500 5585 3796 5656 pertinere
