4182 6286
337 336 440 390 493

1395 334 1492 420 DE
1529 332 1899 389 MICHAELE
1937 329 2382 386 PALEOLOGO
2416 331 2551 386 LIB.
2590 333 2635 385 Ῑ.

3623 323 3729 381 494

331 480 505 527 ουσιν,
564 455 672 512 εἷ’τε
725 455 860 510 κατὰ
912 474 1032 508 τινα
1083 452 1390 530 πρόγνωσιν
1454 459 1561 510 τῶν
1635 452 1978 527 μελλόντων,
2009 455 2057 522 Α
2091 453 2188 520 τήν
2249 455 2512 525 μυστικὴν
2570 450 2834 528 τράπεζαν
2883 451 3129 507 ὑπελθὼν
3173 451 3371 514 ἐκεῖθεν
3430 450 3565 521 ᾤετο
3625 449 3736 502 σώ-

329 548 434 604 εἷτε
470 548 578 621 μὴν
608 545 698 601 καὶ
748 543 933 607 αὐτοῖς
990 544 1052 597 οὐ
1109 543 1270 616 μέλον
1303 543 1396 598 κᾶν
1433 545 1460 598 6'
1491 565 1542 598 τι
1586 543 1675 598 καὶ
1725 541 1972 617 δράσειαν

328 635 705 710 συναχθέντες.
757 632 913 687 Ἀλλ’
962 632 1014 687 ἐν
1061 633 1302 705 τοσούτῳ
1350 635 1443 694 τὰς
1476 630 1714 693 εἰσόδους
1767 653 1975 707 προκα-

326 722 738 798 ταλαμϐάνουσι
791 722 880 776 καὶ
939 726 1222 796 κρατοῦσιν
1293 723 1343 776 οὶ
1393 721 1651 792 ἐπιόντες,
1708 722 1798 775 καὶ
1881 721 1974 792 ἅμ’

332 813 701 890 εἰσχεομένων
780 809 927 872 ἐντὸς
987 812 1142 864 κακοὶ
1219 805 1444 883 θόρυϐοι
1518 810 1677 882 ἦσαν,
1747 810 1837 864 καὶ
1895 813 1976 873 οἷς

330 899 501 974 ἔδρων
531 923 589 956 τε
614 901 705 955 καὶ
737 898 1004 968 ἠπείλουν
1056 897 1317 971 πρότερον
1352 905 1385 966 ἦ
1415 899 1501 952 τὸν
1535 899 1660 952 ναὸν
1716 895 1972 961 εἰσελθεῖν

334 989 499 1060 δῆλοι
526 993 660 1058 ἦσαν
719 991 1003 1064 ιρονῶντες.
1065 988 1158 1039 Ἦν
1213 987 1302 1039 οὖν
1359 991 1438 1057 τῷ
1494 981 1974 1060 πρωτοϐεστιαρίῳ

333 1077 722 1152 γραμματικὸς
781 1074 1032 1140 οἰκεῖος,
1116 1074 1493 1147 Θεοφύλακτος
1566 1079 1807 1145 τοῦνομα
1888 1073 1975 1127 καὶ

336 1166 468 1238 ἐμὸς
555 1166 833 1239 συγγενὴς,
903 1163 1241 1237 προσόμοιος
1296 1168 1375 1233 τῷ
1427 1162 1598 1234 κυρίῳ
1663 1163 1728 1217 τΞι
1784 1161 1969 1217 πάντα.

335 1253 690 1324 Ἐξελθόντος
746 1256 873 1326 γοῦν
933 1251 1021 1305 ἐπὶ
1069 1255 1146 1322 τῷ
1216 1256 1401 1323 μαθεῖν
1482 1250 1684 1305 ἐκείνου
1747 1249 1971 1328 σφάλλει

333 1343 462 1404 τοὺς
517 1341 763 1401 ἐπιόντας
913 1339 1207 1412 ὁμοιότης,
1272 1339 1670 1414 συναιρομένης
1727 1341 1815 1392 καὶ
1872 1347 1973 1408 τῆς

1433 1426 1457 1446 Ἰ

330 1429 654 1504 ἀμπεχόνης
711 1428 967 1500 πενθίμου
1030 1427 1192 1497 οὔσης
1272 1428 1353 1482 ἐπ’
1433 1427 1553 1496 ἴσης
1609 1431 1697 1482 καὶ
1754 1434 1970 1500 μικροῖς

329 1519 416 1573 καὶ
474 1517 740 1591 μεγάλοις
793 1515 881 1570 διὰ
935 1517 1027 1570 τὸν
1089 1514 1357 1590 βασιλέως
1425 1517 1670 1577 Οᾶνατον,
1727 1518 1973 1571 κάκεῖνον

844 1606 935 1659 τὸν
1005 1604 1335 1676 ζητούμενον

330 1605 761 1667 ὑποτοπασαντες
844 1606 935 1659 τὸν
1005 1605 1335 1668 ζητούμενον
1422 1607 1550 1659 εἶναι
1625 1605 1778 1668 εύθὺς
1823 1605 1972 1659 ἀναι-

325 1699 479 1770 ροῦσι
510 1694 697 1749 κοπίσι
735 1692 974 1766 μυρίαιςο
1028 1692 1088 1746 οὐ
1147 1693 1249 1768 γὰρ
1307 1694 1372 1761 ἦν
1431 1692 1576 1755 ὅστις
1633 1697 1722 1748 καὶ
1780 1695 1970 1763 τεΟνη-

1750 1780 1791 1800 eu

2437 540 2478 560 Α)

2087 547 2287 609 ζεσθαι,
2328 544 2372 596 ’ὁ
2433 544 2459 595 ὃ

2085 632 2396 700 συνωΟγςσας
2451 629 2530 696 ἐφ’
2591 631 2733 701 αὑτῴ
2794 629 3011 707 ἐφεῖλκε
3063 629 3298 705 στερρῶς
3328 629 3416 682 καὶ
3452 627 3526 688 ὡς
3582 628 3728 699 εἶχεν

2084 720 2158 778 ὡς
2220 719 2511 787 συνιζάνειν
2566 719 2616 773 ἐν
2676 719 2916 790 ἐπιπέδῳ
2975 721 3026 774 οἱ
3083 721 3180 788 τὴν
3244 716 3447 791 Ούραν,
3507 716 3580 776 ὡς
3638 713 3729 768 καίἶ

2082 806 2526 880 προσκολλᾶσθαι
2572 806 2748 863 δοκεῖν
2799 809 3150 880 ἡνεῳγμένην
3200 812 3280 878 τῷ
3330 803 3598 877 ἀντιθύρῳ
3633 824 3730 876 μη·

2083 893 2229 958 δενὸς
2275 895 2529 967 ἐμποδὼν
2580 897 2754 961 «(iv-cog.
2815 899 2876 953 Ὀ
2937 894 2984 950 δ’
3043 896 3258 951 ἐκείνων
3316 889 3562 970 γαμϐρὸς
3615 892 3726 965 (καὶ

2082 985 2237 1046 οὗτος
2280 985 2377 1059 γὰρ
2457 985 2634 1061 ὥσπερ
2717 989 2813 1054 τῆς
2899 985 3192 1060 εὐπραγίας
3273 987 3392 1044 τοῖς
3443 978 3723 1057 συγγενέσι

2085 1078 2354 1146 μετεῖχεν,
2424 1073 2566 1128 οὕτω
2620 1075 2709 1128 καὶ
2767 1075 3025 1136 κοινωνὸς
3073 1071 3274 1146 ἔμελλε
3325 1070 3566 1147 γενέσθαι
3623 1076 3724 1138 τῆς

2081 1158 2435 1236 δυσπραγίας)
2497 1163 2748 1237 ἀλλαχοῦ
2804 1162 2927 1238 περί
3001 1183 3106 1218 που
3162 1164 3224 1216 τὸ
3298 1165 3404 1215 τῶν
3460 1158 3726 1234 βασιλέων

2123 1253 2261 1326 ρῴον
2311 1254 2384 1314 ὡς
2442 1255 2556 1326 εἶχε
2613 1252 3021 1328 παραδυόμενος
3077 1253 3262 1307 λαθεῖν
3339 1245 3614 1306 ἔσπευδεν⁸
3665 1250 3725 1306 Ὁ

2534 538 2722 596 ὄπισθε
2794 548 2893 609 τῆς
2963 545 3057 595 τοῦ
3114 543 3244 594 ναοῦ
3301 538 3483 606 πύλης
3545 537 3730 591 ἑαυτὸν

2084 1342 2262 1411 μέντοι
2294 1362 2355 1414 γε
2385 1337 2882 1416 πρωτοϐεστιάριος
2916 1343 2966 1396 ἐν
2999 1347 3118 1403 τοῖς
3159 1339 3375 1402 ἀδύτοις
3423 1338 3513 1393 καὶ
3561 1337 3725 1400 ἀῧτδς

2079 1428 2336 1493 εἶ’σελθὼν
2377 1435 2474 1484 τοῦ
2530 1435 2678 1498 ναοῦ,
2737 1432 2826 1486 καὶ
2884 1434 3020 1505 πρὸς
3074 1434 3144 1504 τῇ
3203 1429 3378 1505 κόγχῃ
3434 1427 3725 1503 γενόμενος

2077 1520 2173 1585 τῆς
2203 1520 2529 1589 προθέσεως,
2578 1517 2664 1573 ἐπί
2721 1541 2770 1574 τι
2830 1517 3087 1580 κιονῶδες
3149 1517 3433 1592 ἱστάμενον
3496 1515 3721 1589 ὑπανέρ-

2077 1626 2232 1680 χεται
2267 1651 2281 1677 ,
2338 1609 2424 1661 καὶ
2484 1612 2562 1662 τῶ
2618 1607 2788 1662 ἐκεῖσε
2846 1607 3108 1663 σκοτώδει
3168 1607 3260 1661 σὺν
3317 1611 3430 1667 τοῖς
3504 1603 3724 1666 ἀδύτοις

2078 1695 2282 1770 θαρρεῖ.
2317 1694 2480 1751 Ἀλλ’
2516 1697 2614 1751 οὐκ
2661 1697 2726 1764 ἦν
2779 1695 3100 1752 οἱστισινοῦν
3159 1695 3376 1752 ἐκείνων
3437 1691 3719 1768 διαδρᾶναι

361 1783 420 1837 ὁ-
474 1778 644 1818 με’..
715 1805 737 1817 ρ
939 1776 995 1804 γρ
1078 1802 1146 1818 ρ...
1221 1781 1528 1834 gina.
1608 1784 1691 1822 ε)-
1750 1780 1791 1800 M
1888 1783 1957 1816 ,ι
2113 1785 2124 1800 ε
2223 1781 2338 1815 με
2676 1791 2698 1800 υ
2925 1787 2937 1804 ε
3070 1786 3164 1818 ν.
3375 1783 3388 1802 τ
3563 1783 3590 1794 ’-

323 1804 357 1837 κ
403 1805 441 1837 ιι
485 1803 734 1856 coemo,
779 1803 882 1836 ουκ
937 1802 1162 1835 εοαπιε)
1250 1803 1286 1835 π
1358 1801 1556 1859 egw/cf.
1623 1795 1690 1843 5.-.
1747 1803 1802 1837 οε
1861 1783 2163 1884 ἐίωΒτον
2225 1803 2487 1840 κινουνον.
2561 1783 2816 1840 Πλειστοι
2881 1807 2979 1860 γαρ
3049 1788 3196 1847 ὅντες
3267 1786 3318 1839 οἱ
3372 1803 3716 1861 εφορμωντες

1544 1869 1567 1886 ’ἱ

321 1893 470 1933 τινος
527 1869 785 1939 ἤκουσα,
847 1869 1180 1946 ἀπεῤῥόφουν
1260 1871 1318 1924 ἐκ
1386 1873 1484 1939 τῆς
1541 1869 1716 1940 δεινῆς
1777 1871 1967 1942 μανίας

320 1960 418 2016 τού
451 1959 698 2033 α’ίματος.
734 1958 887 2026 ΙΙλὴν
920 1957 1046 2012 ἀλλ’
1107 1959 1261 2021 εὒθύς
1313 1959 1410 2012 οὐκ
1457 1960 1685 2034 ἠγνόουν
1734 1959 1962 2037 σφαλέν-

323 2069 429 2111 τες·
489 2049 550 2102 τὸ
607 2049 709 2123 γὰρ
765 2045 989 2101 πέδιλον
1071 2048 1335 2124 ὑποιρανῖεν
1403 2053 1498 2101 τοῦ
1569 2047 1736 2110 ποδὸς
1799 2047 1965 2120 μέλαν

329 2133 385 2190 ὅν
419 2140 477 2210 [Ρ
533 2139 622 2208 31]
679 2141 786 2190 τῶν
853 2133 1219 2209 ὃεδρακόντων
1281 2136 1508 2212 φανερὰν
1565 2135 1782 2210 ἄγνοιαν
1839 2158 1965 2190 κατ-

328 2226 534 2302 ηγόρει.
595 2227 690 2280 Καὶ
747 2223 1049 2299 παραυτίκα
1128 2226 1240 2296 μεθ’
1301 2225 1383 2278 ὅτι
1439 2224 1704 2296 πλείστης
1771 2227 1964 2297 μανίας

325 2315 413 2370 καὶ
495 2321 744 2389 ταραχῆς
819 2314 1061 2388 ξιφήρεις
1137 2313 1463 2386 ἐμπίπτουσι
1537 2319 1615 2385 τῷ
1683 2319 1817 2385 ναῷ,
1875 2315 1962 2368 καὶ

332 2409 677 2477 παραχρῆμα
719 2403 978 2477 ιρανέντων
1019 2405 1123 2456 τῶν
1171 2404 1460 2479 φονώντων
1521 2401 1734 2456 ἐκεινων
1792 2403 1819 2455 6
1871 2404 1963 2474 μὲν

340 2491 484 2562 ἱερὸς
543 2489 708 2563 ὕμνος
782 2492 1208 2563 κατασιλάζεται,
1285 2488 1470 2544 ἄλλων
1548 2489 1798 2565 ἀλλαχοῦ
1862 2495 1968 2544 τῶν

344 2578 664 2652 ψαλλόντῶν
724 2576 1148 2652 σκεδαννυμένων
1228 2580 1315 2633 καὶ
1373 2576 1796 2652 παραδυομένων
1855 2599 1969 2652 γω-

341 2668 476 2730 νίαις
521 2668 609 2722 καὶ
657 2667 845 2732 τόποις
900 2668 978 2730 οἷς
1008 2666 1247 2738 ἤλπιζον
1283 2669 1564 2736 σώζεσθαι.
1597 2669 1663 2724 Οἱ
1711 2665 1767 2721 δὲ
1817 2669 1970 2724 Μου-

343 2756 598 2828 ζάλωνες,
655 2758 680 2811 ὁ
745 2757 838 2830 μὶν
892 2762 1009 2819 τοῖς
1073 2755 1290 2818 ἀδύτοις
1346 2756 1674 2831 προστρέχει
1722 2755 1810 2810 καὶ
1870 2756 1972 2810 ὑπὸ

349 2885 501 2955 quod
534 2884 717 2940 acturi
747 2889 913 2940 erant
943 2884 1041 2957 qui
1066 2883 1756 2940 concurrebant.lnterim
1790 2883 1983 2938 aditus

346 2978 753 3046 praeoccupant
768 2977 823 3030 et
850 2973 1119 3045 praesidio
1148 2973 1423 3028 muniunt
1446 2973 1546 3044 qui
1567 2973 1690 3043 jam
1713 2987 1984 3043 pervene-

2073 1872 2198 1935 τους
2251 1875 2343 1946 μὲν
2394 1873 2597 1936 ἄλλους
2647 1874 2858 1929 ἐποίουν
2906 1874 3139 1951 φεύγειν,
3189 1875 3308 1948 περὶ
3364 1875 3432 1947 τῇ
3492 1871 3719 1947 σφετέρᾳ

2078 1966 2190 2034 ζωῇ
2242 1961 2456 2025 θέοντος
2502 1963 2762 2031 ἑκάστου,
2816 1965 3196 2026 ἀπελθενοῦσθαι
3247 1960 3304 2016 δὲ
3353 1962 3443 2016 καὶ
3490 1961 3616 2021 τοὺς
3664 1959 3717 2015 ἐν

2071 2052 2218 2104 τέλει
2272 2047 2547 2104 συνέϐαινε
2609 2050 2776 2124 μηδὲν
2854 2071 3082 2126 εχοντας
3149 2051 3424 2126 πράττειν.
3483 2052 3711 2105 Ἐκεῖνοι

2076 2134 2131 2190 δὲ
2163 2137 2220 2190 ἐκ
2257 2136 2473 2192 πολλοῦ
2528 2143 2624 2192 τοῦ
2681 2140 2814 2212 πρὸς
2874 2139 2935 2192 τὸ
2987 2137 3199 2213 Οαρῥεῖν
3259 2138 3547 2212 περιόντος
3604 2156 3713 2189 πα-

2077 2221 2350 2300 ραῧακχὸν
2380 2249 2431 2280 τι
2459 2228 2546 2282 καὶ
2585 2227 2809 2300 μανικυν
2849 2226 3213 2305 ἐφαλλόμενοι
3264 2221 3501 2300 ἀκριϐῶς
3547 2223 3710 2298 ἠρεύ-

2078 2336 2206 2386 νων,
2242 2313 2410 2386 μηδέν
2438 2321 2544 2370 τῶν
2586 2315 2682 2370 τοῦ
2738 2337 2872 2370 ναου
2929 2313 3318 2378 καταλιπόντες
3370 2312 3716 2388 ἀνεξερεύνη-

2080 2424 2190 2456 τον.
2226 2405 2381 2459 ’ΌΟεν
2414 2405 2501 2458 καὶ
2552 2402 2723 2466 ἄλλος
2775 2404 2943 2459 ἄλλον
2994 2405 3166 2478 εὑρών
3205 2423 3262 2457 τε
3291 2402 3380 2456 καὶ
3429 2402 3719 2474 κατασχὼν

2080 2489 2301 2560 ἀπηνῶς
2330 2491 2419 2544 καὶ
2460 2493 2534 2552 ὡς
2582 2491 2726 2563 αὐτῷ
2767 2489 2959 2546 δοκοῦν
3011 2489 3289 2566 διεχρᾶτο.
3341 2489 3419 2546 Οὐ
3453 2490 3560 2562 μὴν
3595 2486 3651 2541 δὲ
3674 2489 3726 2542 οἱ

2081 2577 2243 2633 ἄλλοι
2284 2579 2759 2654 κατεῤῥᾳούμουν,
2793 2578 2920 2635 ἀλλ’
2967 2578 3046 2658 ἐφ’
3079 2579 3151 2634 ἐνὶ
3202 2577 3403 2634 πολλοί
3446 2595 3587 2638 τινες
3631 2597 3726 2631 πε-

2082 2669 2353 2740 ριστάντες
2412 2663 2669 2741 ἔϐαλλον,
2728 2666 3020 2738 ἕπληττον,
3080 2668 3336 2742 ᾐκίζοντο
3393 2667 3482 2722 καὶ
3540 2665 3728 2738 νεκρὸν

2082 2755 2172 2809 τὸν
2234 2753 2444 2826 ἄθλιον,
2478 2757 2550 2818 ὡς
2609 2757 2698 2811 καὶ
2757 2757 2832 2818 εἰς
2900 2755 3087 2811 πολλὰ
3139 2757 3231 2811 τὸν
3284 2755 3377 2811 ἕνα
3427 2753 3726 2810 κατακεκό-

2093 2883 2327 2938 attraxit
2357 2884 2490 2939 nisu
2522 2887 2577 2940 et
2608 2901 2783 2956 quam
2817 2883 3010 2956 potuit
3036 2883 3228 2939 valide
3259 2883 3522 2953 adduxit,
3542 2881 3728 2954 appli-

2093 2971 2328 3043 cuitque
2352 2988 2520 3027 muro
2552 2974 2793 3029 adverso
2825 2979 2944 3029 tam
2975 2977 3131 3029 arcte
3156 2977 3221 3028 ut
3243 2971 3414 3044 plane
3437 2971 3732 3028 cohaeren-

341 3063 770 3118 rantseditiosi:
793 3059 1981 3135 quoruminfundenteseszcvaundiquevi
2018 3101 2058 3168 Ο
2093 3060 2249 3116 tibus
2282 3060 2408 3116 sine
2439 3061 2602 3118 obice
2630 3062 2796 3118 lateri
2827 3060 3006 3118 valvis
3038 3060 3294 3133 suspicio
3324 3060 3731 3118 excluderetur

348 3154 420 3168 ..
629 3152 638 3162 .
799 3153 814 3168 ,
1075 3155 1084 3168 ,
1151 3167 1160 3168 κ
1233 3150 1268 3168 ι.
1618 3150 1718 3168 ρ..
1781 3149 1983 3168 ηηιίε,
2558 3151 2570 3168 ι
2659 3167 2688 3168 η
2787 3151 2798 3162 .
2909 3167 2912 3168 ν
3194 3167 3206 3168 γ
3271 3150 3411 3168 κίε-κ
3488 3147 3721 3168 ,ηηημ

344 3154 465 3207 tota
482 3152 703 3223 passim
731 3153 853 3208 mdo
880 3168 1048 3207 sacra
1073 3150 1350 3206 tumultus
1381 3150 1586 3222 ingens
1617 3150 1746 3204 fuit.
1781 3151 1860 3204 Ex
1894 3149 1985 3204 his

343 3255 472 3310 qua:
503 3245 559 3296 et
583 3241 845 3297 fecerant
887 3245 943 3295 et
995 3240 1203 3295 minati
1252 3243 1419 3294 erant
1449 3237 1791 3310 priusquam
1843 3242 1988 3293 tem-

343 3329 504 3399 plum
536 3330 1009 3402 ingrederentur,
1043 3328 1234 3399 palam
1265 3332 1388 3383 erat
1436 3329 1643 3382 czedem
1679 3327 1838 3398 ipsos
1872 3327 1982 3397 spi-

344 3434 492 3472 rare.
524 3420 663 3474 Erat
706 3417 1151 3490 protovestiario
1199 3416 1621 3488 grammaticus
1674 3415 1982 3472 familiaris

344 3505 816 3579 Theophylactus
892 3506 1151 3575 nomine,
1239 3523 1402 3561 meus
1478 3505 1980 3575 consanguineus,

347 3593 577 3650 domino
609 3612 712 3667 per
741 3597 939 3651 omnia
991 3595 1220 3652 similis.
1271 3599 1436 3648 Hunc
1482 3594 1866 3666 prodeuntem
1921 3598 1982 3647 ut

343 3681 560 3738 videret
590 3685 729 3756 quid
764 3684 843 3739 rei
872 3691 1123 3756 geretur,
1174 3683 1495 3755 conspicati
1545 3682 1808 3738 seditiosi
1841 3698 1974 3754 pro-

339 3771 746 3826 toveatiarium
788 3788 916 3828 esse
963 3773 1157 3843 ipsum
1208 3772 1524 3836 credidere,
1557 3769 1789 3825 fallente
1821 3769 1978 3841 ipsos

339 3859 456 3914 oris
506 3865 562 3915 et
616 3864 850 3916 statura:
904 3860 1312 3926 similitudine,
1364 3863 1420 3913 et
1467 3875 1728 3927 errorem,
1765 3859 1980 3914 conﬁr-

342 3952 542 4003 mante
601 3949 724 4020 pari
787 3954 914 4005 tum
981 3965 1191 4020 genere
1250 3947 1531 4014 vestitus;
1593 3948 1745 4017 quod
1808 3953 1871 4000 ut
1920 3948 1978 4002 in

340 4035 506 4092 luctu
538 4041 594 4092 et
631 4039 923 4109 exsequiis
977 4035 1280 4108 principis,
1340 4035 1514 4091 atrati
1559 4051 1762 4090 omnes
1816 4035 1978 4105 parvi

339 4140 502 4195 mque
553 4142 618 4180 ac
671 4126 890 4196 magni,
942 4125 1102 4197 pulla
1149 4123 1364 4180 similis
1412 4123 1730 4178 admodum
1782 4123 1977 4178 forma:

340 4217 501 4269 veste
532 4215 862 4270 utebantur.
897 4215 1043 4285 Ergo
1074 4213 1438 4284 huncipsum
1475 4212 1583 4267 rati
1617 4227 1789 4282 quem
1824 4227 1976 4282 quae-

343 4302 570 4370 rebant,
604 4304 923 4358 conﬁciunt
952 4301 1484 4376 innumerabilibus
1534 4299 1723 4372 plagis
1757 4316 1771 4355 :
1807 4317 1976 4356 nemo

342 4391 500 4446 enim
531 4395 654 4448 erat
687 4392 783 4463 qui
815 4391 873 4446 in
899 4391 1025 4461 jam
1057 4390 1271 4446 mortui
1304 4406 1542 4462 corpore
1591 4389 1808 4444 ferrum
1859 4406 1974 4444 non

2093 3147 2329 3204 latebrae
2380 3149 2498 3206 illic
2557 3151 2802 3207 humani
2861 3151 3124 3222 corporis
3184 3150 3434 3222 capacis.
3487 3147 3727 3204 Illorum

2090 3251 2223 3292 vero
2255 3253 2434 3309 gener
2464 3238 2542 3311 (et
2573 3239 2666 3294 hic
2707 3241 2886 3307 enim,
2948 3244 3015 3296 ut
3071 3238 3475 3312 prosperitatis
3536 3236 3729 3291 affini-

2090 3327 2200 3382 bus
2225 3328 2516 3400 particeps
2549 3328 2758 3399 fuerat,
2791 3329 2872 3384 ita
2902 3329 2952 3384 ei
2984 3345 3225 3384 consors
3255 3326 3612 3384 calamitatis
3644 3326 3729 3380 fu-

2088 3419 2256 3471 turus
2286 3418 2430 3488 erat)
2465 3417 2725 3488 irrepens
2753 3434 2870 3488 qua
2915 3418 3108 3489 potuit
3137 3422 3196 3472 in
3248 3417 3590 3473 tenebrosas
3621 3431 3727 3470 an-

2090 3507 2321 3576 gustias
2377 3508 2529 3564 circa
2578 3511 3028 3564 monumentum
3074 3513 3476 3578 Augustorum
3547 3505 3730 3560 latere

2087 3595 2334 3651 studuit.
2369 3596 2650 3652 Caeterum
2685 3597 3163 3668 protovestiarius
3195 3597 3255 3652 in
3298 3598 3472 3668 adyta
3501 3595 3729 3666 ingres-

2088 3700 2189 3739 sus
2220 3684 2445 3755 templi,
2479 3700 2614 3742 cum
2647 3687 3012 3742 observasset
3051 3701 3229 3758 prope
3263 3701 3526 3740 mensam
3559 3682 3728 3738 altari

2087 3771 2481 3828 collateralem
2552 3772 2814 3828 vicinum
2902 3773 3134 3829 conchae
3200 3771 3724 3829 intercolumnium

2087 3862 2428 3930 obscurum,
2462 3861 2522 3917 in
2555 3860 2610 3916 id
2669 3877 2730 3916 se
2780 3861 3084 3928 abstrusit,
3139 3864 3483 3932 experturus
3525 3876 3597 3915 an
3642 3857 3724 3913 ibi

2085 3955 2284 4020 posset
2313 3950 2402 4005 vel
2451 3950 2562 4006 loci
2614 3949 2894 4020 religione
2943 3950 3030 4006 vel
3076 3951 3451 4005 tenebrarum
3500 3949 3726 4004 benefi-

2084 4039 2172 4094 cio
2205 4039 2555 4094 servari.Sed
2594 4039 2736 4094 nihil
2777 4038 2987 4093 horum
3022 4037 3165 4110 ipsis
3195 4039 3265 4094 ad
3301 4037 3600 4092 vitandum
3627 4053 3727 4108 pe-

2084 4127 2334 4182 riculum
2369 4127 2606 4196 profuit.
2655 4128 3126 4199 lrrumpentibus
3178 4127 3335 4183 enim
3387 4125 3446 4180 in
3493 4141 3723 4180 sacram

2084 4215 2263 4268 aedem
2300 4214 2520 4270 aflluxu
2549 4216 2826 4272 continuo
2858 4215 3154 4286 plurimis,
3188 4219 3245 4271 et
3291 4215 3425 4269 inde
3455 4213 3569 4269 late
3598 4211 3727 4268 vul-

2082 4307 2212 4371 gato
2241 4306 2459 4358 terrore
2482 4303 2702 4375 passim
2727 4304 2858 4359 aliis
2889 4304 3084 4359 studio
3114 4302 3243 4358 vitae
3276 4303 3504 4358 tuenda)
3531 4303 3728 4373 fugam

2082 4391 2479 4462 captantibus,
2512 4392 2671 4448 abire
2713 4410 2745 4449 ο.
2792 4392 3012 4464 templo
3062 4391 3448 4463 magistratus
3497 4407 3732 4462 quoque

343 4479 610 4551 tingeret.
654 4485 842 4551 Atque
875 4483 938 4535 ut
969 4496 1069 4549 ego
1101 4495 1170 4534 ex
1198 4479 1452 4550 quodam
1493 4478 1572 4533 ibi
1600 4479 1976 4549 praesentium
2009 4471 2053 4532 D
2087 4479 2246 4550 ipsos
2273 4481 2537 4552 contigit,
2575 4480 2720 4536 nihil
2762 4497 2891 4537 esse
2930 4481 3082 4552 quod
3136 4481 3216 4536 ibi
3263 4483 3504 4551 agerent
3550 4486 3730 4538 ratos.

342 4568 559 4637 audivi,
590 4569 766 4624 etiam
798 4569 1147 4640 sanguinem
1179 4567 1351 4623 occisi
1373 4583 1586 4623 vesana
1617 4566 1771 4622 rabie
1806 4582 1975 4623 suxe-

342 4664 500 4712 runt.
538 4657 821 4712 Caeterum
868 4657 1064 4712 statim
1122 4660 1481 4726 agnoverunt
1537 4671 1600 4709 se
1655 4655 1926 4725 deceptos
1966 4671 1977 4708 :

343 4761 481 4800 nam
513 4761 646 4800 cum
678 4745 843 4818 pedis
869 4744 1126 4800 calceum
1159 4745 1217 4798 in
1249 4749 1480 4799 mortuo
1511 4742 1746 4814 nigrum
1779 4743 1982 4798 obser-

342 4838 706 4906 vassent,per
727 4850 981 4890 errorem
1007 4849 1069 4889 se
1089 4833 1148 4887 in
1171 4832 1270 4887 illo
1295 4831 1528 4888 saevisse
1548 4829 1978 4886 intellexerunt.

341 4925 421 4978 Ac
452 4924 552 4978 60
583 4923 891 4979 confestim
920 4922 1078 4978 rabie
1109 4939 1172 4978 ac
1204 4921 1451 4992 strepitu
1473 4936 1649 4990 quam
1686 4920 1980 4991 maximis,

345 5017 572 5068 armata
602 5012 822 5068 strictis
853 5011 1064 5082 gladiis
1105 5028 1306 5075 manu,
1355 5009 1416 5064 in
1450 5009 1732 5079 templum
1774 5009 1980 5065 irrum-

349 5106 521 5174 punt,
570 5101 669 5157 ubi
727 5100 1039 5156 homicidis
1104 5099 1523 5171 apparentibus
1590 5099 1787 5153 statim
1821 5115 1985 5154 sacer

353 5194 562 5246 cantus
594 5189 899 5258 conticuit,
934 5189 1271 5245 cantoribus
1303 5187 1435 5243 aliis
1468 5186 1580 5242 alio
1613 5187 1895 5258 dispersis
1927 5193 1984 5243 et

347 5278 579 5334 variein
614 5279 882 5350 angulos,
915 5281 1016 5333 aut
1041 5277 1375 5347 ubicunque
1421 5292 1594 5347 posse
1638 5275 1817 5331 latere
1849 5293 1985 5348 spe-

350 5371 716 5435 raverant,se
745 5367 1203 5423 abdeutibus.At
1223 5364 1591 5421 Muzalonum
1622 5363 1716 5443 hic
1747 5365 1983 5436 quidem

351 5455 412 5512 in
455 5457 627 5528 adyta
685 5456 972 5528 confugit,
1009 5462 1066 5511 et
1114 5455 1222 5510 sub
1269 5453 1576 5525 mysticam
1635 5467 1696 5508 se
1728 5453 1986 5509 condens

351 5561 616 5602 mensam
651 5544 1068 5616 ibiputabatse
1099 5543 1326 5599 salvum
1348 5541 1658 5598 forezalter
1677 5541 1986 5599 insinuans

349 5649 410 5690 se
440 5638 596 5690 retro
646 5637 878 5705 portam
936 5631 1162 5703 templi,
1222 5647 1350 5687 eam
1408 5647 1584 5703 super
1617 5647 1679 5687 se
1736 5631 1987 5688 maximo

2088 4568 2262 4623 Porro
2294 4569 2579 4639 seditiosi,
2613 4571 2908 4625 crescente
2942 4585 3054 4624 usu
3103 4572 3160 4624 et
3209 4583 3514 4625 successus
3547 4568 3730 4624 scele-

2091 4655 2171 4711 ris
2203 4657 2468 4725 audacia,
2513 4656 2801 4712 furiosum
2855 4655 3030 4727 plane
3059 4657 3118 4710 in
3171 4657 3262 4711 6|
3323 4656 3563 4711 modum
3595 4655 3731 4711 bac-

2091 4745 2388 4800 chabundi
2420 4746 2735 4802 cursabant
2767 4749 3098 4800 scrutantes
3131 4744 3524 4801 attentissime
3556 4761 3731 4801 cunc-

2089 4837 2168 4900 ta,
2202 4834 2543 4904 nullamque
2589 4833 2794 4904 templi
2851 4838 3078 4905 partem
3111 4851 3226 4890 non
3285 4834 3612 4907 inspectam
3671 4840 3731 4891 et

2091 4922 2450 4994 exploratam
2491 4921 2894 4979 curiosissime
2924 4923 3282 4995 linquentes.
3324 4924 3486 4979 Unde
3508 4925 3728 4980 factum

2092 5016 2158 5066 ut
2187 5011 2284 5066 alii
2307 5011 2487 5066 alium
2508 5017 2803 5083 repertum
2835 5017 2890 5068 et
2910 5018 3244 5084 correptum
3270 5012 3583 5069 crudeliter
3613 5029 3729 5084 quo

2091 5099 2304 5156 vellent
2336 5101 2508 5156 modo
2541 5101 2957 5173 interficerent,
2990 5100 3120 5156 aliis
3148 5101 3383 5157 interim
3415 5102 3570 5157 haud
3604 5117 3733 5157 ces-

2095 5189 2364 5245 santibus
2401 5207 2412 5243 :
2448 5207 2584 5246 nam
2635 5206 3120 5262 unumquemque
3174 5191 3733 5262 comprehensorum

2094 5279 2264 5334 multi
2288 5279 2734 5336 circumstantes
2767 5277 3739 5350 pulsabant,c:edebant,excarnili-

2096 5369 2325 5437 cabant,
2357 5368 2534 5424 etiam
2564 5369 2624 5423 in
2674 5369 2870 5440 ipsum
2905 5369 3106 5424 saevire
3159 5371 3464 5438 pergentes
3495 5366 3740 5423 cadaver

2096 5456 2472 5523 exanime,ita
2492 5462 2554 5514 ut
2573 5457 2827 5513 unumin
2848 5457 3037 5512 multa
3058 5456 3380 5511 dissectum
3404 5456 3734 5527 fragmenta

2094 5543 2210 5601 late
2242 5551 2616 5617 spargeretur
2646 5562 2879 5618 corpus.
2915 5547 3100 5600 Tanta
3125 5543 3272 5599 istos
3301 5543 3539 5600 vesania
3563 5557 3740 5613 urge-

2101 5634 2223 5704 bat,
2254 5650 2320 5691 eo
2352 5641 2658 5707 provectos
2698 5633 2949 5689 amentis
2981 5633 3171 5700 im,ut
3202 5648 3382 5704 supra
3413 5633 3737 5688 humanum
