4154 6286
429 362 536 421 495

1725 351 2026 409 GEORGII
2062 348 2523 405 PACHYMERE

3711 344 3818 399 496

433 497 583 565 φθαιο
614 481 785 545 οὕτως
813 477 1051 549 ὣπλιζεν
1100 474 1296 537 αὐτοῦς
1350 476 1387 545 ἠ
1441 474 1624 545 κακία,
1675 470 1767 528 καί
1818 472 1846 526 ὁ
1905 470 2075 544 θυμὸς
2104 477 2159 544 Α
2189 467 2368 525 δύσνοι
2424 473 2544 532 τοῖς
2589 466 2919 545 βασιλεῦσιν.
2990 469 3043 524 οἱ
3100 469 3502 545 βασιλειῶντες,
3548 466 3601 521 οἱ
3655 465 3817 522 παντὶ

439 555 756 650 μεμηνότας
807 572 977 646 θῆρας
1035 566 1260 623 ἐδείκνυ.
1317 565 1422 622 Τὸν
1461 564 1637 638 μίντοι
1689 583 1749 637 γε
1795 555 2076 650 πρωτοϐε-

438 649 679 740 στιάριον
750 657 1032 734 Κάρουλός
1087 677 1170 719 τις
1228 658 1335 709 τῶν
1395 651 1601 708 ἀδύτων
1654 649 2077 740 κατατολμήσας

345 756 350 762 ’
438 752 533 807 καὶ
568 739 657 806 7τά
705 748 891 806 πολλά
941 745 1442 820 διερευνησάμενος,
1489 741 1603 796 ἐπεὶ
1657 740 1765 814 οὐχ
1820 739 2079 813 εὕρισκεν,

438 841 679 896 ἀπειπὼν
741 834 969 911 ἔμελλεν
1023 834 1397 908 ύποστρέφειν.
1448 827 1604 887 Ἀλλ’
1646 832 1681 898 ἠ
1736 833 1901 902 μοῖρα
1968 823 2080 880 οὐδ’

439 930 641 986 ἐκεῖνον
689 927 772 983 εἴα
812 930 909 980 τοῦ
983 926 1187 988 πάθους
1262 920 1431 982 ἐκτος·
1508 920 1607 987 τὴν
1666 917 1769 993 γὰρ
1827 915 2079 991 πρόθεσιν

440 1013 697 1073 εἰσελθὼν
786 1012 875 1068 καὶ
956 1008 1090 1085 τῇδε
1165 1010 1381 1064 κάκεῖσε
1443 1000 1917 1082 περιϐλεψαμενος
1994 1003 2079 1056 ἐπὶ

439 1106 623 1182 γόνασι
654 1103 1000 1172 συνιζάνοντα
1044 1098 1282 1162 κάτωθεν
1345 1094 1453 1152 εἶδε
1504 1096 1596 1150 τὸν
1656 1092 1943 1159 οἷ’κτιστον,
1994 1090 2082 1145 καὶ

442 1178 575 1250 ίδὼν
626 1194 772 1268 ὁρμᾷ
824 1191 1096 1265 καθαιρεῖν
1150 1189 1394 1257 ἀπηνῶς.
1460 1183 1561 1238 Καὶ
1619 1185 1677 1246 ὅς
1732 1178 2085 1268 δυσωπεῖ

447 1262 834 1353 οἰκεῖοναῖμα
883 1262 1099 1333 πολλοῦ
1148 1294 1294 1334 τινος
1348 1271 1730 1344 ἐξωνούμενος.
1778 1270 1835 1322 Ὀ
1884 1265 1940 1322 8‘s
1966 1262 2089 1321 οὔτε

446 1374 584 1450 πρὸς
623 1371 686 1427 τὸ
717 1376 911 1446 σχῆμα
956 1373 1056 1436 τῆς
1102 1363 1331 1427 ἱκετείας
1380 1358 1594 1417 ἀπεῖδεν
1647 1357 1768 1450 οὔτε
1828 1360 1934 1431 μὴν
1985 1357 2087 1411 ὑπ-

449 1446 684 1529 εκλάσθη
736 1463 853 1521 τοῖς
908 1450 1376 1531 ἐπηγγελμένοις,
1434 1448 1559 1504 ἀλλ’
1616 1446 1775 1512 εὐθὺς
1835 1447 2087 1519 ατασχὼν

449 1551 658 1624 ἀναιρεῖ
688 1544 926 1623 ξιφιδίῳ.
959 1550 1022 1619 [Ρ
1072 1545 1160 1616 35]
1213 1541 1311 1599 Καὶ
1361 1538 1535 1610 δῆλον
1566 1538 1794 1624 γεγονὸς
1839 1536 1902 1624 τό
1950 1555 2089 1624 πρα-

452 1622 584 1715 χθὲν
615 1636 714 1692 οὐκ
741 1622 808 1705 ἦν
838 1633 985 1697 ὅστις
1018 1634 1183 1701 ἀπῆν,
1215 1625 1592 1715 έκεῖθεν,ἀλλ’
1621 1622 1841 1715 ἕκαστος
1873 1622 2092 1715 ἐπιστάς

453 1708 526 1789 ὧς
573 1725 717 1800 εἶχεν
778 1721 1064 1790 οὖτάωζων
1102 1718 1194 1774 καὶ
1256 1718 1368 1790 μεθ’
1426 1710 1631 1789 ὕϐρεων
1664 1708 1840 1787 ᾕκιζε,
1893 1712 1982 1767 καὶ
2040 1710 2093 1765 ἐς

452 1799 712 1871 τοσοῦτον
767 1810 1009 1885 μελεϊστὶ
1076 1804 1435 1863 κατεδάσαντο
1504 1803 1642 1858 ὥστε
1681 1801 1772 1856 καὶ
1816 1800 1945 1863 τοῦς
2013 1799 2095 1854 έν-

454 1902 749 1981 ταφιαστάς
781 1899 1000 1975 ὕστερον
1046 1896 1228 1968 σάκκῳ
1255 1894 1322 1950 τὰ
1357 1892 1499 1966 μέλη
1547 1891 1871 1955 καταθέντας
1921 1888 2093 1951 οὕτως

460 1977 757 2068 ἐκφορῆσαι
808 1990 899 2043 καὶ
937 1985 1090 2064 τάφῳ
1134 1983 1340 2042 δοῦναι.
1385 1983 1533 2038 Ἐπεὶ
1579 1977 1622 2034 δ’
1673 1980 1748 2042 είς
1776 1978 1931 2041 τέλος
1980 1982 2096 2068 τοῖς

461 2066 759 2153 ἀνημέροις
803 2075 1028 2138 ἐκείνοις
1080 2073 1328 2148 ἐπράχθη
1361 2071 1423 2127 τὸ
1464 2070 1751 2144 τόλμημα,
1799 2068 1922 2129 συὸς
1966 2066 2098 2141 τρό-

464 2190 566 2223 πον
589 2167 840 2238 θήξαντες
866 2163 993 2226 τοὺς
1032 2159 1253 2223 ὀδόντας
1285 2163 1359 2224 ὡς
1390 2156 1532 2233 μηδὲ
1580 2157 1669 2214 καὶ
1697 2157 1824 2220 τοὺς
1871 2156 1922 2210 ἐν
1951 2154 2099 2210 τέλει

463 2253 776 2318 κατωπαδὶς
834 2252 1048 2309 ἐκείνων
1115 2249 1260 2326 ἔχειν
1313 2254 1558 2311 ῖστασθαι
1609 2246 1698 2301 καὶ
1755 2243 2001 2319 ἐλέγχειν
2062 2244 2097 2312 ἢ

466 2347 574 2418 μὴν
607 2343 809 2418 ἐρωτᾷν
840 2343 893 2396 τί
926 2341 1187 2404 παθόντες
1214 2336 1305 2393 καὶ
1335 2335 1482 2399 τίνος
1508 2336 1850 2408 ὁρμήσαντος
1879 2335 2102 2386 τοιαῦτα

460 2433 772 2511 πράττοιεν,
824 2428 916 2485 ¹ἐπὶ
944 2429 1039 2491 τὰς
1068 2428 1268 2498 σκηνὰς
1326 2423 1479 2489 εὐθὺς
1510 2423 1712 2496 ὥρμων
1768 2425 1877 2477 τῶν
1909 2439 2100 2497 φονευ-

463 2510 684 2591 θέντων,
741 2520 832 2576 καὶ
880 2520 926 2591 ᾧ
993 2514 1349 2592 προστετύχει
1394 2511 1618 2575 ἕκαστος
1677 2510 1791 2584 μεθ’
1851 2510 1933 2565 ὅτι
1990 2528 2104 2582 γεν-

459 2611 614 2667 ναίου
665 2610 762 2666 τοῦ
819 2608 1266 2682 παράστήματος,
1314 2604 1387 2664 ὡς
1435 2598 1651 2662 οὐδενὸς
1705 2601 1889 2654 καινοῦ
1941 2617 2102 2671 γεγο-

460 2700 638 2771 νότος,
667 2696 949 2775 ἐξεφόρουν
1006 2691 1424 2768 ἐπεγγελῶντες,
1481 2689 1571 2746 καὶ
1615 2688 1678 2742 τὸ
1732 2686 1818 2742 ἐπὶ
1849 2684 2102 2775 γλῴσσης

465 2787 720 2865 ἔγκλημα
764 2772 1031 2861 ’συχνάκις
1091 2780 1382 2858 λεγόμενον
1435 2782 1525 2849 ἦν,
1583 2799 1612 2832 ιι
1653 2777 1720 2834 Οἱ
1772 2774 1963 2850 ἐχθροὶ
2014 2772 2104 2829 καὶ

469 2896 709 2952 modum
733 2892 919 2949 ferina
956 2905 1201 2963 prorsus
1239 2887 1400 2944 rabie
1429 2888 1686 2942 ruerent.
1718 2885 1992 2950 Querens
2010 2881 2107 2936 de-

472 2985 648 3055 nique
673 2977 1181 3055 protovestiarium
1227 2974 1466 3031 Carolus
1516 2973 1755 3044 quidam
1807 2973 2109 3042 penetrare

472 3088 654 3130 ausus
675 3071 735 3127 in
758 3070 1012 3142 adyta,et
1040 3067 1122 3122 ibi
1152 3063 1339 3120 multa
1360 3061 1758 3133 nequidquam
1790 3062 2108 3125 scrutatus,

2181 560 2388 635 τρόπῳ,
2424 558 2469 613 εἷ
2515 559 2590 631 μὴ
2622 557 2955 629 κεκώλυντο,
2987 558 3095 613 οἷοί
3142 559 3192 613 τ’
3242 558 3414 631 ἄρξαι,
3447 556 3498 610 οἱ
3528 559 3624 610 τοῦ
3656 575 3818 629 στρα-

2179 652 2443 702 τιωτικοῦ
2471 645 2772 723 ἀλιτήριοι,
2832 648 2885 700 οἱ
2944 645 3282 723 μαγγανείαις
3334 646 3428 718 μὲν
3478 645 3567 699 τὸν
3618 642 3825 718 πατέρα

2188 738 2304 809 μεθ’
2337 734 2711 805 ὑπουλότητος
2768 731 3110 805 ὑπελθόντες,
3144 734 3390 812 φυλακῆς
3449 732 3506 788 δὲ
3545 730 3672 806 δόξῃ
3731 733 3824 786 καὶ

2186 823 2477 896 ἀσφαλείας
2554 828 2634 895 τῷ
2710 825 2813 895 υἱῷ
2869 821 3292 901 ἐφεδρεύοντες,
3369 823 3443 885 ὡς
3528 819 3825 876 δεδώκασιν

2187 912 2332 983 ἀξίας
2361 914 2451 967 καὶ
2484 913 2557 975 ὡς
2585 910 2690 967 ἔδει
2737 912 2833 974 τὰς
2893 910 3065 983 δίκας,
3116 914 3189 973 ὡς
3244 910 3466 973 εἷκότως
3522 907 3826 984 διαπεπρά-

2188 1023 2375 1077 χαται,
2407 1002 2496 1056 καὶ
2526 1001 2599 1063 ὡς
2630 1000 2887 1064 εὐνοϊκῶς
2939 1005 3036 1055 τοῦ
3094 1002 3291 1055 λοιποῦ
3348 997 3713 1071 δουλεύσομεν
3746 1003 3827 1070 τῷ

2192 1089 2423 1164 δεσπότῃ
2477 1095 2582 1145 τῶν
2641 1089 2839 1153 ἐκεῖθεν
2899 1089 3305 1164 ἀπαλλαγέντες
3358 1093 3559 1143 κακῶν.
3599 1112 3619 1139 ι
3671 1087 3832 1142 Ταῦτ’

2192 1177 2401 1255 ἕΛεγον,
2459 1180 2548 1233 καὶ
2603 1176 2751 1232 λείαν
2800 1180 2995 1235 Μυσῶν
3052 1176 3308 1232 τάκείνων
3351 1176 3594 1245 ἐποίουν,
3647 1176 3831 1254 ἀμφο-

2190 1267 2371 1342 τέραις
2427 1265 2803 1338 ἐξαντλοῦντες
2871 1266 2961 1321 τὸν
3024 1267 3262 1322 πλοῦτον
3318 1266 3377 1320 ἐκ
3426 1266 3534 1321 τῶν
3590 1271 3828 1336 σκηνῶν.

2192 1356 2415 1413 Τούτων
2464 1354 2558 1409 οὖν
2608 1354 2748 1410 οὕτω
2789 1353 3171 1427 τελεσθέντων,
3220 1352 3452 1429 μηδενὸς
3502 1352 3622 1409 οἵου
3667 1351 3824 1425 τε,δο

2193 1449 2416 1507 κοῦντος
2501 1448 2774 1520 μαργῶντι
2855 1443 3054 1514 πλήθει
3135 1443 3226 1497 καὶ
3300 1443 3537 1518 ἀναρχίᾳ
3581 1440 3834 1517 ἐμποδὼν

2190 1533 2457 1602 ἵστασθαι,
2487 1536 2593 1587 τῶν
2656 1532 2748 1604 μὲν
2792 1536 2911 1594 ταῖς
2968 1530 3248 1602 ἀληθείαις
3294 1527 3574 1602 δεδιότων,
3623 1536 3726 1586 τῶν
3779 1528 3839 1586 δὲ

2197 1621 2288 1678 καί
2341 1621 2477 1677 κατὰ
2521 1621 2885 1696 προσποίησιν
2955 1622 3208 1693 (σημεῖον
3274 1616 3387 1673 δέ’
3440 1620 3530 1674 καὶ
3583 1621 3683 1695 γάρ
3737 1622 3839 1689 τῆς

2198 1715 2295 1766 τοῦ
2364 1704 2862 1784 πρωτοϐεστιαρίου
2932 1708 3165 1784 συζύγου
3233 1707 3346 1762 ἐκεῖ
3412 1704 3689 1784 παρούσης
3746 1707 3841 1763 καὶ

2204 1797 2351 1854 δεινά
2378 1796 2642 1867 ποιούσης
2679 1796 2769 1851 καὶ
2817 1795 3083 1871 λεγούσης
3142 1794 3229 1851 ἐπὶ
3283 1801 3399 1858 τοῖς
3452 1795 3841 1869 τολμηθεῖσιν,

2200 1884 2612 1962 ἐμϐριθέστερον
2662 1888 2690 1942 ὁ
2743 1888 2904 1963 μέγας
2955 1876 3438 1948 κονοσταῦλοςκαὶ
3490 1888 3632 1949 θεῖος
3676 1886 3844 1942 αὐτό-

2206 1981 2288 2033 θεν
2337 1977 2552 2052 ἐπεῖχεν
2585 2020 2604 2049 ,
2655 1974 2949 2031 ἐπιτάττων
3023 1980 3179 2050 σιγᾷν
3234 1970 3547 2052 φοϐουμένη
3622 1996 3696 2048 μη
3750 1976 3840 2030 καὶ

2206 2066 2341 2135 αῦτη
2390 2066 2575 2137 πάθοι,
2633 2064 2682 2119 εἷ’
2740 2066 2814 2137 μὴ
2876 2065 3077 2139 σιγῴη,
3125 2064 3193 2118 τά
3249 2065 3457 2138 ὅμοια),
3490 2064 3661 2125 -ὡς
3714 2068 3841 2138 γοῦν

2208 2154 2577 2230 συνεχύθησαν
2638 2151 2883 2221 ἅπαντες,
2935 2152 3023 2207 καὶ
3067 2152 3247 2226 κύριοι
3303 2154 3391 2207 καὶ
3456 2152 3719 2227 ὑπηρέται
3762 2152 3844 2207 ἐπ’

2209 2240 2333 2313 ἴσης
2383 2242 2531 2316 εἶχον
2571 2244 2677 2296 τῶν
2729 2235 2998 2317 φοϐερῶν,
3050 2239 3274 2295 έκάστου
3326 2244 3616 2310 ζητοῦντος
3644 2240 3707 2295 τό
3734 2242 3837 2295 σώ-

2211 2336 2408 2401 ζεσθαι,
2469 2331 2787 2404 ἀπαίρουσιν
2861 2328 3056 2383 ἐκεῖθεν
3143 2327 3321 2402 εὐθὺς,
3400 2328 3484 2406 ἐφ’
3542 2328 3573 2384 8'
3644 2351 3693 2384 τι
3748 2330 3835 2384 καὶ

2208 2417 2596 2495 παραγένοιντο
2632 2420 2707 2491 μή
2741 2417 3138 2494 φροντίσαντες,
3167 2418 3256 2473 καὶ
3304 2417 3395 2472 σὺν
3447 2415 3625 2472 οῦδενὶ
3653 2417 3840 2490 κόσμῳ

2209 2507 2514 2585 φεύγοντες.
2564 2510 2659 2579 Τῷ
2691 2507 2785 2579 μὲν
2850 2504 3064 2580 βασιλεῖ
3120 2503 3335 2581 ἀσφαλῆ
3388 2504 3555 2562 πλέον
3588 2506 3624 2575 ἢ
3652 2527 3844 2583 προτε-

2211 2617 2301 2671 ρον
2354 2596 2422 2652 τά
2448 2602 2547 2666 τῆς
2588 2594 2834 2672 φυλακῆς
2882 2595 3161 2671 ἐφιστῶσι,
3211 2596 3343 2668 μήτι
3382 2595 3474 2649 καὶ
3519 2597 3847 2671 νεωτερισθῇ

2209 2684 2399 2742 πλέον.
2471 2682 2628 2741 Οὕτω
2704 2685 3081 2759 συγχυθέντων
3159 2682 3410 2738 ἀπάντων
3445 2727 3459 2755 ,
3506 2680 3733 2748 ἕκαστος
3786 2684 3851 2740 τὰ

2209 2772 2328 2836 καθ’
2357 2771 2567 2842 ἑαυτὸν,
2597 2771 2671 2832 ὡς
2704 2772 2842 2846 εἶχε,
2873 2768 3147 2847 κατησφα)
3169 2770 3327 2839 ίζετο.

2215 2878 2569 2945 affectantes,
2604 2880 2663 2933 et
2692 2876 2896 2948 quovis
2927 2878 3120 2948 modo,
3153 2870 3266 2934 nisi
3290 2878 3374 2934 sic
3404 2878 3852 2950 prohiberentur

2214 2968 2284 3023 ad
2309 2966 2680 3039 tyrannidem
2707 2966 3344 3038 perventuri,militaris
3367 2968 3592 3024 ordinis
3609 2984 3844 3040 oppres-

2216 3072 2378 3113 sores
2409 3054 2801 3121 detestabiles,
2832 3054 3195 3126 magicarum
3225 3056 3441 3112 artium
3488 3055 3852 3112 clandestino

474 3164 783 3233 desperata
809 3155 1141 3212 inventione
1171 3152 1438 3208 recedere
1485 3149 1746 3221 parabat.
1787 3148 1897 3204 Sed
1922 3147 2108 3203 fatum
2138 3146 2181 3214 C
2219 3143 2503 3201 maleficio
2531 3143 2591 3199 in
2621 3147 2843 3215 patrem
2872 3148 3208 3215 Augustum
3257 3144 3527 3215 grassati,
3579 3145 3701 3201 ﬁlio
3748 3161 3853 3217 pu.

475 3266 591 3306 non
623 3247 757 3305 sivit
774 3245 943 3300 illum
966 3243 1209 3299 evadere
1236 3240 1565 3295 immunem
1588 3237 1790 3293 damni
1824 3253 1837 3293 :
1863 3252 1996 3292 nam
2021 3252 2110 3291 re-

475 3340 713 3408 sumpta
755 3337 989 3404 repente
1033 3328 1278 3388 Carolus
1335 3326 1637 3383 scrutandi
1695 3342 1834 3381 cura
1881 3340 2109 3381 sacram

480 3439 745 3481 mensam
773 3420 1037 3488 subiens,
1068 3423 1125 3474 et
1155 3418 1269 3473 huc
1296 3415 1554 3487 illucque
1600 3430 1842 3469 versans
1889 3413 2111 3481 oculos,

478 3514 826 3584 depressum
857 3508 1067 3565 subtus
1108 3507 1169 3562 in
1218 3521 1410 3579 genua
1459 3501 1859 3559 miserrimum
1903 3503 2111 3574 depre-

479 3600 705 3667 hendit,
733 3614 839 3655 nec
869 3595 1105 3653 distulit
1145 3596 1204 3651 in
1250 3610 1386 3650 eum
1435 3592 1839 3648 trucidaturus
1869 3592 2112 3660 irruere,

472 3688 698 3746 frustra
726 3688 826 3743 illo
856 3687 1224 3758 deprecante,
1257 3687 1314 3738 et
1344 3686 1633 3754 quantum
1659 3679 1830 3736 vellet
1858 3681 1951 3735 sui
1983 3697 2114 3734 san-

479 3778 674 3851 guinis
703 3776 979 3834 oﬂ‘erente
1009 3770 1576 3843 pretium,siquidem
1605 3769 1753 3825 latro
1778 3785 1882 3824 nec
1911 3768 2115 3823 habitu

482 3865 768 3938 supplicis
798 3864 1115 3928 ﬂexus,nec
1135 3860 1324 3932 rigore
1346 3858 1528 3914 animi
1559 3857 1963 3929 magnitudine
1985 3873 2117 3929 pro-

484 3957 805 4012 missorum
834 3952 923 4009 vel
959 3949 1253 4007 tantillum
1276 3947 1750 4015 infracto,statim
1790 3945 2119 4017 apprehen-

484 4061 618 4102 sum
648 4044 900 4116 pugione
930 4039 1198 4096 confecit.
1227 4037 1389 4101 Quod
1423 4052 1555 4109 cum
1587 4052 1722 4091 mox
1749 4040 1904 4091 esset
1924 4035 2121 4107 publi-

486 4138 706 4201 catum,
738 4129 939 4187 nullus
970 4128 1083 4184 fuit
1111 4127 1209 4197 qui
1242 4142 1309 4182 eo
1342 4141 1458 4179 non
1487 4129 1816 4180 accurreret
1845 4140 1912 4180 ac
1942 4140 2123 4196 supra

485 4228 650 4279 stans
661 4221 903 4277 crederet
921 4234 991 4273 cu
1000 4230 1170 4286 mque
1187 4211 1544 4270 contumelia
1557 4213 1962 4270 conscinderet
1974 4230 2124 4269 mor-

484 4302 955 4378 tuum.Adeoque
972 4304 1141 4361 illum
1158 4301 1511 4359 menbratim
1536 4300 2011 4373 conciderunt,ut
2024 4302 2123 4374 qui

488 4398 701 4455 deinde
716 4395 959 4468 sepelire
976 4392 1553 4457 voluerunt,necesse
1565 4389 2126 4447 habneruntlaceros

2214 3234 2356 3307 pillo
2388 3235 2580 3305 specie
2605 3233 2883 3289 custodiae
2915 3237 2972 3290 et
3011 3235 3356 3306 praestanda
3405 3235 3741 3291 securitatis
3764 3234 3855 3289 in-

2217 3324 2597 3391 sidiantes,ut
2626 3339 2827 3394 pcnnas
2859 3323 3146 3379 dederunt
3166 3327 3339 3394 prout
3366 3324 3626 3395 Oportuit
3647 3322 3858 3395 digna!

2218 3418 2284 3470 ut
2304 3413 2439 3485 jure
2469 3428 2534 3467 ac
2566 3411 2787 3467 merido
2806 3412 2961 3483 quod
2992 3411 3187 3468 decuit
3215 3411 3433 3468 factum
3463 3417 3553 3469 est
3577 3413 3588 3469 l
3616 3415 3680 3467 ut
3700 3408 3862 3465 fideli

2218 3518 2284 3558 ac
2312 3501 2518 3556 devoto
2550 3498 2772 3555 alacres
2806 3500 3020 3567 animo,
3054 3500 3183 3556 dira
3212 3499 3596 3556 scelestorum
3628 3497 3861 3555 liberati

2218 3589 2555 3662 tyrannide,
2614 3588 2858 3645 Domino
2916 3589 3190 3661 deinceps
3244 3589 3672 3645 serviemus!»
3727 3592 3863 3645 Haec

2221 3678 2400 3735 simul
2430 3677 2844 3749 loquebantur,
2880 3678 3055 3733 simul
3098 3678 3337 3747 impune
3388 3678 3548 3735 velut
3589 3694 3619 3733 e
3677 3677 3860 3750 Mysis

2222 3767 2479 3840 praedam
2510 3766 2920 3837 congerebant,
2951 3769 3192 3838 agentes
3223 3766 3591 3839 ferentesque
3621 3782 3711 3822 res
3739 3767 3867 3839 opi-

2226 3873 2354 3912 mas
2377 3870 2406 3911 e
2429 3855 2601 3927 plena
2620 3854 2990 3910 Muzalonum
3009 3854 3342 3911 domo.Hzec
3365 3854 3428 3911 in
3449 3854 3604 3910 hunc
3623 3856 3868 3911 modum

2238 3949 2376 4000 sunt
2429 3946 2578 4011 acta,
2630 3942 2864 3999 nemine
2910 3942 3022 3999 sibi
3070 3946 3303 3998 tantum
3355 3943 3721 3999 auctoritatis
3766 3947 3875 3999 aut

2226 4032 2436 4088 virium
2468 4031 2663 4088 inesse
2715 4035 2978 4103 putante,
3022 4035 3242 4102 quanto
3288 4036 3446 4088 esset
3494 4048 3640 4103 opus
3671 4033 3744 4088 ad
3776 4047 3873 4088 re-

2230 4121 2605 4194 primendum
2652 4120 2911 4175 furorem
2961 4119 3252 4176 effrenatas
3294 4120 3715 4188 multitudinis,
3768 4121 3878 4177 ob-

2229 4210 2542 4282 standique
2555 4214 2726 4266 contu
2737 4208 2938 4264 maciaa
2958 4207 3155 4281 legum
3175 4214 3232 4265 et
3248 4208 3877 4281 imperiivictrici,aliis

2230 4315 2429 4355 revera
2456 4297 2823 4365 timentibus,
2855 4296 2986 4354 aliis
3016 4296 3436 4354 simulantibus
3462 4298 3875 4355 timorem.Ar-

2231 4392 2503 4458 gumento
2535 4387 2792 4459 sitquod
2825 4386 3251 4458 protovestiarii
3300 4403 3540 4444 uxorem
3572 4387 3695 4444 illic
3726 4405 3879 4459 prm-

488 4493 548 4545 et
574 4485 909 4543 abinvicem
923 4482 1200 4538 discissos
1214 4477 1451 4535 artusin
1465 4494 1701 4533 saccum
1716 4479 1988 4550 colligere
2009 4497 2124 4552 quo
2158 4513 2204 4577 D
2235 4481 2480 4544 sentem,
2512 4480 2571 4532 et
2600 4492 2728 4547 quae
2761 4491 2868 4547 par
2911 4479 3038 4531 erat
3075 4475 3366 4532 videntem
3393 4475 3537 4531 talia
3566 4476 3881 4548 deploran-

491 4577 561 4632 ad
592 4573 956 4646 sepulturam
986 4571 1186 4625 efferre
1222 4570 1482 4640 possent.
1515 4566 1829 4637 Postquam
1863 4584 1996 4623 vero
2026 4569 2132 4623 im-

492 4679 694 4721 manes
724 4658 1089 4733 sanguinarii
1110 4657 1223 4714 voti
1253 4673 1318 4713 se
1346 4659 1642 4727 compotes
1672 4661 1999 4727 perpetrato
2029 4673 2128 4712 au-

492 4751 806 4809 dacissimo
838 4747 1053 4805 scelere
1081 4747 1375 4814 viderunt,
1405 4750 1531 4800 tum
1552 4761 1684 4801 vero
1714 4744 1958 4802 stridere
1984 4747 2123 4801 den-

492 4843 655 4898 tibus
686 4839 876 4894 instar
905 4852 1183 4908 aprorum
1214 4835 1633 4904 frendentium,
1665 4839 1730 4890 ut
1760 4850 1929 4890 nemo
1950 4835 2128 4891 etiam

494 4929 850 5003 optimatum
868 4929 971 4981 aut
990 4924 1441 4995 magistratuum
1457 4925 1556 4979 62
1580 4911 1923 5001 propeipsis
1942 4927 2133 4980 astare

495 5018 836 5082 sustineret,
864 5013 1049 5070 multo
1087 5013 1285 5067 minus
1337 5011 1782 5082 reprehendere,
1842 5016 1945 5068 aut
1987 5012 2128 5083 quid

496 5105 658 5181 passi
689 5120 872 5177 quove
898 5103 1212 5172 instigante
1244 5098 1383 5155 talia
1411 5099 1665 5154 facerent
1692 5101 2129 5172 rogare.Subito

497 5196 709 5252 deinde
766 5194 918 5249 aedes
974 5191 1316 5261 irruperunt
1390 5187 1854 5257 interfectorum,
1934 5189 2132 5261 ibique

487 5267 781 5356 quidquid
814 5281 1027 5352 cuique
1077 5278 1234 5348 quod
1279 5274 1551 5347 placeret,
1604 5280 1954 5345 occurrerat,
2010 5283 2131 5334 tam

493 5390 699 5430 secura
724 5367 1033 5426 ludibundi
1063 5382 1130 5421 ac
1161 5366 1420 5420 ridentes
1442 5363 1761 5421 efferebant
1788 5365 2036 5421 audacia
2066 5384 2131 5423 ac

491 5462 542 5517 si
569 5460 715 5515 nihil
748 5458 879 5515 novi
911 5453 1279 5525 contigisset,
1310 5453 1368 5507 iu
1397 5468 1495 5507 ore
1527 5450 1807 5509 habentes
1837 5470 1903 5509 ac
1928 5455 2129 5513 crebro

491 5555 770 5606 iterantes
795 5549 1164 5602 mortuorum
1187 5541 1409 5597 crimen
1423 5539 1516 5597 his
1534 5557 1878 5612 expressum
1909 5544 2125 5600 verbis:

496 5657 527 5691 κ
553 5642 761 5694 Hostes
793 5641 850 5692 et
887 5630 1215 5706 proditores
1258 5630 1702 5702 imperatorum,
1734 5631 2127 5704 principatum

2241 4570 2360 4620 tem
2381 4581 2446 4620 ac
2468 4564 3088 4636 loquentem,magnus
3108 4562 3486 4619 conostaulus
3508 4566 3639 4635 ejus
3678 4570 3882 4637 patrus

2241 4653 2492 4727 graviter
2520 4653 2868 4725 increpitam
2900 4653 3185 4725 corripuit
3213 4656 3271 4708 et
3298 4652 3471 4708 silere
3480 4654 3684 4725 jussit,
3722 4658 3882 4709 metu

2244 4759 2316 4798 ne
2347 4746 2644 4815 pateretur
2662 4742 2785 4797 viro
2816 4741 3116 4809 similia,si
3144 4740 3336 4797 verbis
3367 4740 3600 4797 irritare
3621 4743 3883 4798 furentes

2242 4835 2683 4904 pergeret.Ergo
2705 4829 2977 4886 cohibitis
2998 4831 3056 4886 in
3079 4830 3307 4902 direpta
3327 4830 3501 4886 domo
3524 4829 3653 4903 pari
3675 4832 3891 4887 timore

2244 4921 2345 4976 63
2368 4921 2595 4976 cunctis
2625 4935 2789 4991 mque
2818 4918 3075 4974 dominis
3113 4923 3171 4974 et
3219 4918 3479 4990 famulis,
3530 4935 3892 4991 unoquoque

2243 5009 2304 5065 in
2336 5009 2500 5063 lucro
2531 5012 2783 5080 ponente
2812 5006 2863 5063 si
2892 5005 3090 5063 salvus
3111 5007 3731 5078 evaderet,abscedunt
3751 5008 3891 5064 inde

2244 5096 2504 5152 tandem.
2538 5094 2684 5149 nihil
2735 5094 2902 5166 pensi
2950 5094 3235 5151 habentes
3283 5112 3398 5167 quo
3456 5095 3768 5163 ferrentur,
3820 5112 3889 5152 ac

2246 5184 2414 5256 quasi
2444 5183 2733 5255 fugientes
2765 5182 2927 5238 nullo
2955 5183 3181 5254 ordine,
3212 5183 3463 5256 principi
3484 5185 3725 5255 quidem
3740 5184 3887 5240 vali-

2244 5272 2465 5329 diorem
2498 5288 2676 5343 quam
2708 5270 2873 5343 prius
2903 5271 3231 5328 custodiam
3262 5279 3589 5344 apponunt,
3623 5288 3697 5327 ne
3741 5272 3887 5343 quid

2243 5379 2313 5418 ex
2342 5377 2408 5417 eo
2435 5377 2591 5416 novre
2619 5360 2700 5416 rei
2734 5363 2931 5431 posset
2961 5376 3293 5433 exsurgere.
3322 5361 3411 5416 Sic
3443 5361 3706 5418 confusis
3734 5377 3881 5417 cun-

2243 5448 2789 5519 ctis,unusqnisque
2812 5448 3112 5505 securitati
3133 5466 3200 5505 ac
3228 5448 3403 5506 saluti
3436 5450 3686 5523 propriae
3707 5464 3884 5522 quam

2246 5541 2477 5611 poterat
2506 5535 2958 5609 diligentissime
2987 5538 3248 5595 cavebat.
