4154 6286
379 351 487 408 497

740 540 1008 618 εχώρουν,
1033 540 1095 596 ὀἱ
1137 541 1192 597 δὲ
1231 540 1666 619 διεφυλάττοντο.

383 659 464 726 [Ρ
519 656 625 725 36]
683 653 786 707 Καὶ
849 651 900 704 οἱ
963 651 1056 723 μέν
1135 649 1270 727 ἀμφῖ
1329 652 1419 704 τὸν
1488 647 1830 723 Καρυανίτην
1884 668 2031 722 πρω-

376 740 795 816 τοϐεστιαρίτην
853 737 974 794 τότε
1027 738 1390 814 τυγχάνοντα,
1443 736 1607 813 ἄνδρα
1664 738 1892 812 γεραρὸν
1939 735 2027 790 καὶ

377 830 601 888 πολλοῦ
656 850 804 890 τινος
866 829 1010 898 ἄξιον
1047 874 1062 900 ,
1123 831 1268 903 φυγῇ
1326 826 1569 900 ἐχρῶντο
1627 827 1762 900 πρὸς
1821 826 2023 900 Πέρσας

377 918 841 992 αὑτομολοῦντεςε
893 916 954 970 ού
1008 917 1223 991 βασιλεῖ
1289 915 1648 982 ἐγκοτοῦντες,
1699 912 1846 969 ἀλλὰ
1901 914 2021 987 περὶ

381 1012 596 1068 ἑαυτοῖς
631 1003 932 1064 δεδοικότες
964 1000 1056 1057 δεδι
1091 1004 1190 1071 τὴν
1221 1007 1326 1056 τῶν
1361 1001 1695 1076 πραγμάτων
1741 1001 2022 1075 σύγχυσιν.

384 1095 514 1154 Εἶίτε
543 1097 645 1171 γὰρ
675 1088 1029 1156 αύτοϐούλως
1077 1093 1277 1166 ὥρμων
1321 1093 1371 1144 οἱ
1419 1088 1726 1162 ἐπιθέμενοι
1757 1092 1829 1162 μή
1877 1110 2024 1150 τινος

389 1189 806 1260 παρορμῶντος,
857 1177 1002 1257 ἔχειν
1065 1181 1154 1235 καὶ
1222 1179 1385 1234 πάλιν
1445 1179 1618 1240 οὕτως
1668 1180 1840 1252 ὁρμᾷν
1895 1175 2024 1250 μηδ’

391 1276 572 1330 ὁτιοῦν
619 1269 992 1330 κολασθέντας·
1045 1267 1150 1323 εἴτε
1215 1269 1301 1323 καὶ
1354 1265 1514 1322 ἄλλοι
1567 1272 1698 1343 σφᾶς
1741 1267 2025 1342 ὁρμῶντας

385 1363 780 1436 παρώτρυναν,
847 1358 1080 1421 ἐκείνους
1127 1356 1215 1412 καὶ
1271 1358 1384 1410 κατ’
1444 1356 1616 1411 αὐτῶν
1669 1355 2022 1430 παροτρύνειν

381 1449 532 1525 ἔχειν
583 1493 600 1519 ,
684 1445 961 1502 κάντεῦθεν
1044 1443 1366 1500 κινδυνεύειν
1457 1447 1530 1516 μή
1611 1443 2024 1518 προσδοκῶντας

457 1537 529 1592 λλ
572 1537 583 1554 ε
781 1536 794 1556 \
893 1541 919 1551 -ι
1181 1533 1193 1570 ‘\
1293 1534 1306 1552 ν
1361 1535 1372 1554 ν
1416 1533 1464 1566 ,ῃ-
1578 1533 1588 1554 r
1709 1528 1732 1550 ν
1972 1534 1990 1550 ν

378 1561 451 1594 πο
539 1559 655 1606 ους,
708 1558 796 1590 και
851 1534 1061 1608 μαλλον
1114 1555 1239 1598 τούς
1291 1555 1355 1588 επ
1416 1555 1655 1603 εςουσιας
1706 1554 1880 1602 οντας,
1940 1553 2021 1593 οις

377 1630 407 1684 6
440 1626 638 1704 φθόνος
683 1626 908 1701 ὑφεῖρπε
943 1621 1117 1686 πολὺς
1171 1622 1259 1677 καὶ
1311 1620 1499 1686 δεινός.
1549 1623 1610 1675 Οἱ
1664 1623 1756 1694 μέν
1805 1621 1893 1675 οὖν
1938 1618 2024 1675 διά

371 1720 548 1772 ταῦτα
579 1712 864 1788 αὐτονυχεὶ
911 1711 1035 1775 εὐθῦ
1083 1709 1339 1786 Περσίδος
1390 1711 1490 1765 ἀνα
1538 1710 1731 1785 κράτος
1760 1708 2020 1778 ἤλαυνον,

684 1445 961 1502 κάντεῦθεν
1044 1443 1366 1500 κινδυνεύειν
1457 1447 1530 1516 μὴ

1455 349 1551 401 DE
1591 345 1962 401 MICHAELE
1999 342 2444 400 PALJEOLOGO
2481 347 2614 402 LIB.
2655 351 2700 402 Ι.

376 477 425 533 κ’
459 518 474 534 .
534 476 726 538 ’Όπως
780 477 888 546 τῶν
951 469 1280 546 μεγιστάνων
1355 467 1450 546 διὰ.
1498 467 1663 524 ταῦτὰ
1717 491 1855 532 τινες
1929 468 2021 522 ὑπ·
2053 467 2255 537 Ακα“.

3673 345 3780 402 498

2329 470 2516 532 ..Οπως
2590 458 2964 566 ἐφιὶονεεκρυν
3055 473 3106 566 οξ
3161 469 3422 566 ἄρχοντες
3483 469 3606 549 περί
3676 472 3776 542 τὴν

2557 541 2652 597 τοῦ
2696 543 2962 618 βασιλέως
3002 541 3325 617 κηδεμονίαν
3337 586 3352 600 .

2208 649 2394 720 Ὅμως
2471 649 2559 703 καὶ
2645 651 2781 723 πρὸς
2871 649 3154 721 ἀλλήλους
3228 645 3598 725 ἐφιλονείκουν
3686 647 3776 702 καὶ

2137 733 2330 810 ἐρίζειν
2377 738 2722 811 άπηρχοντο.
2753 741 2812 795 Ἡ
2872 737 2928 793 δὲ
2986 737 3292 816 φιλονεικία
3343 735 3402 792 ἐκ
3457 735 3777 814 φιλοτιμίας

2136 824 2310 900 σφίσιν
2365 824 2677 900 ἐτύγχανεν·
2733 823 3116 905 ἠμφισϐήτουν
3183 826 3284 901 γὰρ
3350 823 3624 896 ἀλλήλοις
3676 831 3776 894 τῆς

2134 913 2255 987 περὶ
2303 913 2394 968 τὸν
2449 913 2674 990 βασιλέα
2719 914 3026 992 φροντίδος,
3083 916 3304 970 ἑκάστου
3348 918 3457 969 τῶν
3516 912 3569 968 ἐν
3623 914 3779 984 ἀξιώ-

2138 1023 2263 1074 ματι
2297 1000 2465 1058 ὄντων
2519 1005 2594 1076 μή
2646 1005 2904 1081 φέροντος
2951 1010 3069 1068 τοῖς
3122 1004 3337 1078 ὁμοίοις
3387 1004 3776 1078 ὑποτετάχθαι.

2133 1094 2298 1148 Ἧσαν
2358 1093 2459 1166 γὰρ
2521 1089 2662 1156 ἔνθεν
2745 1095 2837 1166 μέν
2909 1095 2962 1148 οἱ
3021 1092 3081 1148 ἐκ
3140 1093 3456 1168 Λασκαρίων
3530 1092 3775 1166 Τζαμάν-

2132 1201 2340 1255 τουροι,
2414 1183 2559 1256 γήρᾳ
2636 1203 2692 1236 τε
2757 1183 2848 1236 καὶ
2930 1184 3133 1237 συνέσει
3211 1181 3638 1254 κεκοσμημένοι,
3712 1180 3775 1234 οὐ

2135 1271 2241 1342 μὴν
2278 1267 2333 1324 δέ
2365 1269 2507 1324 ἀλλά
2536 1271 2625 1324 καὶ
2655 1272 2717 1325 τὸ
2748 1271 2885 1346 πρὸς
2915 1273 3005 1326 τὸν
3058 1273 3173 1327 νέον
3227 1269 3454 1346 βασιλέα
3505 1273 3776 1344 συγγενῶς

2131 1353 2276 1433 ἔχειν
2308 1359 2396 1413 καὶ
2423 1363 2720 1421 παππικῶς
2771 1358 2989 1430 πολλήν
3036 1359 3265 1415 ἐνεποίει
3312 1361 3412 1427 τὴν
3465 1363 3562 1412 τοῦ
3609 1362 3776 1412 ταῦτα

2134 1451 2312 1516 ζητεῖν
2384 1445 2708 1523 παρρησίαν·
2790 1445 2933 1511 ἔνθεν
2991 1445 3047 1503 δὲ
3106 1451 3158 1502 οἱ
3215 1447 3273 1502 έκ
3348 1445 3651 1522 Τορνικίων
3711 1447 3772 1500 τὸ

2129 1533 2278 1608 γένος
2305 1531 2575 1607 ἕλκοντες,
2607 1537 2678 1590 ὢν
2719 1536 2745 1588 6
2777 1541 2993 1610 πρῶτος
3039 1535 3128 1590 καὶ
3191 1536 3354 1612 μέγας
3412 1536 3774 1611 πριμικῆριος

2130 1626 2216 1691 ἦν.
2250 1625 2415 1698 Εἶχον
2448 1629 2575 1699 γοῦν
2606 1625 2694 1679 καὶ
2726 1625 2875 1680 οὗτοι
2907 1625 2966 1679 τὸ
3006 1625 3141 1700 πρὸς
3192 1625 3254 1678 τὸ
3285 1619 3772 1697 ἀμφιϐαλλόμενον

2135 1711 2354 1788 ἰσχυρὸν
2401 1715 2462 1768 τὸ
2523 1714 2626 1767 ἀπὸ
2681 1713 2884 1788 πατρὸς
2962 1712 3163 1768 οἰκεῖον
3225 1714 3316 1767 καὶ
3369 1711 3659 1789 ἀδελφικὸν
3721 1710 3771 1765 ἐν

376 1803 550 1858 ἄλλοι
594 1801 638 1856 δ’
687 1799 938 1876 ἀλλαχοῦ
981 1800 1314 1875 ἀνεχώρουν,
1359 1797 1636 1862 κινδύνους
1678 1799 2020 1876 ὑφορώμενοι
2052 1839 2100 1904 Β
2132 1801 2414 1874 γράμματι
2453 1803 2587 1874 πρὸς
2645 1801 2736 1855 τδν
2794 1806 2891 1856 τοῦ
2943 1803 3065 1856 νέου
3123 1800 3340 1856 πάππον
3399 1800 3490 1855 καὶ
3551 1798 3775 1873 βασιλέα

447 1893 458 1904 ι
656 1893 665 1904 ι
891 1887 935 1904 Ἰ.
957 1889 976 1904 κ
1082 1887 1124 1904 ἢκ
1234 1890 1247 1904 \
1317 1888 1330 1904 9
1423 1901 1428 1904 Α
1458 1891 1479 1904 ν
1523 1888 1533 1904 1
1600 1890 1610 1904 ﬁ
1665 1889 1687 1904 ν
1839 1885 1862 1904 ἢ
2130 1891 2167 1904 11·
2236 1889 2246 1904 Ι
2473 1891 2486 1904 ι
2589 1899 2596 1904 .
2663 1891 2675 1904 Ι
2859 1892 2912 1904 I—
2982 1890 3028 1904 \A
3179 1891 3192 1904 ρ
3250 1897 3284 1904 .-
3514 1891 3524 1904 1
3642 1889 3662 1904 κ

374 1893 508 1954 τοὺς
545 1893 854 1965 μεγίστους,
883 1887 1044 1944 ἄλλοι
1079 1887 1250 1943 δὲκαὶ
1299 1888 1374 1950 ὠς
1422 1888 1610 1942 οἷοίτ’
1655 1889 1790 1955 ἦσαν
1835 1885 2014 1965 διεφυ-

373 1981 643 2036 λάττοντο
702 1980 757 2030 Ὁ
844 1979 1025 2050 μέντοι
1084 1998 1144 2052 γε
1219 1976 1382 2052 μέγας
1456 1975 1819 2039 κονοσταῦλος
1893 1976 2019 2040 τοὺς

377 2068 650 2147 ἀδελφοὺς
709 2068 1025 2137 ἐπιστήσας,
1074 2067 1225 2128 νέους
1277 2064 1432 2127 ὄντας
1478 2065 1568 2119 καὶ
1622 2063 1894 2133 σῦνετοὺς,
1943 2067 2016 2118 ὧν

380 2161 570 2220 ἅτερος
634 2160 726 2231 μὲν
787 2159 1062 2227 Ἰωάννης,
1121 2158 1148 2210 ὁ
1209 2154 1266 2210 δὲ
1323 2154 1569 2232 δεύτερος
1648 2157 1759 2228 μετ’
1818 2155 2018 2210 ἐκεῖνον

380 2252 780 2308 Κωνσταντῖνος
853 2245 1125 2319 ἐλέγοντο,
1175 2244 1454 2320 ὀφφικίοις
1530 2241 1687 2298 οὔπω
1758 2264 2019 2316 σεμνυνο-

388 2339 605 2409 μένους,
650 2336 740 2397 τάς
826 2333 1136 2409 πρεπούσας
1220 2331 1392 2404 ἐαυτῷ
1467 2330 1708 2408 φυλακὰς
1769 2333 2018 2401 καθίστη.

389 2426 658 2487 Ἐντεῦθεν
711 2424 798 2496 μὶν
869 2424 955 2478 καὶ
1023 2423 1401 2497 συνεχέστερον
1451 2420 1679 2498 ἐφοίτων
1728 2422 1862 2496 πρὸς
1925 2421 2023 2495 βα-

392 2511 548 2568 σιλέα
633 2513 716 2565 γαί
773 2509 821 2565 δι
915 2511 936 2552 έ
1208 2510 1220 2528 ‘
1318 2509 1424 2562 ἐ·”
1613 2511 1632 2563 ἰ
1732 2507 1837 2564 λ”
1891 2532 1908 2542 ·
1969 2505 2012 2526 M

492 2545 514 2566 ε
571 2555 584 2580 ,
650 2555 662 2565 .
828 2530 1096 2582 ημνρευον
1174 2531 1264 2564 συν
1347 2531 1523 2581 κεινῳ,
1581 2530 1607 2563 ο
1689 2530 1727 2562 π
1770 2529 1908 2572 ειου..
1965 2527 2021 2562 οε

385 2601 476 2656 καὶ
523 2599 931 2676 διενυκτέρευον.
984 2601 1063 2654 Τὰ
1129 2596 1184 2652 δέ
1230 2602 1329 2663 τῆς
1377 2599 1512 2671 πρὸς
1559 2598 1753 2652 ἐκεῖνον
1813 2596 2020 2658 εύνοίας

379 2690 470 2745 καὶ
503 2691 734 2751 πίστεως
765 2694 856 2743 καῖ
906 2693 1118 2761 μᾶλλον
1165 2685 1620 2764 φιλοτιμούμενοι
1658 2686 1794 2760 πρὸς
1840 2684 2018 2755 ἀλλή-

376 2779 512 2840 λους
545 2776 937 2833 ἐνεδεικνύοντο
968 2779 1030 2850 [Ρ
1062 2779 1152 2849 37]
1185 2775 1396 2852 ἐμφανῆ
1440 2775 1527 2828 καὶ
1560 2776 1632 2836 ὡς
1677 2775 1778 2828 οὐκ
1830 2772 2016 2836 ἄλλως

374 2889 440 2944 γε
470 2867 708 2942 μείζονα.

2129 1889 2383 1960 Ἰωάννην
2433 1891 2525 1945 τὸν
2575 1891 2799 1948 Δούκαν.
2859 1890 3088 1945 Ἐκεὶοεν
3146 1891 3197 1946 οἱ
3246 1889 3773 1966 Στρατηγόπουλοι,

2128 1979 2325 2032 ὢντοῦ
2379 1987 2562 2052 γένους
2618 1980 2865 2053 ἐπίδοξος
2924 1983 2951 2036 ὁ
3003 1979 3269 2052 ’Δλέξιος,
3320 1977 3539 2048 πολλὴν
3594 1979 3770 2056 φέρων

2127 2071 2227 2137 τήν
2296 2067 2430 2124 αἶῖδῶ
2503 2071 2576 2133 ὡς
2655 2071 2883 2148 εὕγερῶς
2955 2071 3059 2125 ἀπὸ
3117 2068 3332 2124 πάντων
3406 2067 3495 2122 καὶ
3542 2065 3772 2122 πλεῖστα

2130 2157 2349 2233 προσέτι
2392 2159 2782 2234 κατωρθωκώς.
2837 2160 2913 2218 Ού
2965 2159 3056 2214 καὶ
3106 2158 3133 2212 ὁ
3192 2162 3319 2219 παῖς
3371 2160 3772 2218 Κωνσταντῖνος

2130 2243 2379 2321 γαμϐρὸς
2442 2247 2524 2302 ἐπ’
2590 2247 2856 2326 άδελφιδῇ
2915 2252 3012 2303 τοῦ
3090 2244 3358 2322 βασιλέως
3418 2246 3674 2302 Ἰωάννου
3723 2245 3773 2315 ἐξ

2132 2335 2399 2409 αριστείας
2451 2337 2630 2413 φανεὶς
2685 2335 2907 2411 ὕστερον
2969 2341 3231 2412 στερεῖται
3288 2339 3397 2389 τῶν
3445 2332 3774 2408 ὀφθαλμῶν,

2131 2419 2248 2497 ἄρτι
2282 2421 2562 2498 Θεοδώρου
2611 2430 2706 2480 τοῦ
2765 2427 3002 2498 Λάσκαρι
3055 2425 3527 2498 μοναρχήσαντος.
3582 2421 3772 2476 Αἶτίαν

2132 2507 2178 2564 δ’
2234 2505 2389 2585 ἔσχεν
2465 2515 2537 2574 ὡς
2608 2513 3179 2588 καθυπερηφανεύοιτο
3254 2515 3350 2565 τοῦ
3405 2510 3772 2584 κρατοῦντος,

2132 2599 2507 2674 ὑπεροπτικῶς
2564 2603 2701 2674 πρὸς
2757 2601 2960 2656 ἐκεῖνον
3016 2595 3160 2676 ἔχων
3230 2599 3422 2654 νεωστὶ
3483 2598 3617 2672 μετὰ
3675 2597 3771 2652 τὸν

2128 2690 2335 2764 πατέρα
2387 2693 2493 2744 τῶν
2554 2693 2842 2767 σκήπτρων
2915 2689 3345 2762 ἐπειλημμένον.
3416 2688 3523 2744 Καὶ
3582 2687 3634 2740 οἱ
3709 2684 3768 2740 ἐκ

2127 2781 2223 2830 τοῦ
2280 2776 2478 2834 Ῥαοὺλ
2528 2779 2757 2855 εὐγενεῖς
2829 2776 3014 2848 ἄλλοι,
3081 2778 3213 2851 μετὰ
3263 2776 3467 2853 πατέρα
3523 2777 3611 2831 τὸν
3668 2777 3766 2829 τοῦ

2126 2866 2434 2939 ἀξιώματος
2494 2868 2785 2924 ἐκπεσόντα
2820 2912 2834 2941 ,
2883 2868 2956 2930 ὠς
3018 2869 3310 2946 φθάσαντες
3367 2864 3588 2940 εἴπομεν
3627 2913 3642 2936 ν
3689 2861 3769 2920 ἔτι

368 2995 469 3050 20.
506 2995 570 3051 Ut
604 2994 821 3065 quidam
878 3000 1214 3065 magnetem
1242 2995 1458 3063 propter
1487 2990 1628 3065 _hazc
1670 2989 2013 3057 recesserint,
2047 2994 2090 3058 C
2131 2991 2380 3049 habebat
2403 2993 2696 3050 aemulatio
2717 2993 2997 3050 sollicitos
3026 2993 3392 3065 invicemque
3414 2991 3766 3048 commissos

842 3065 949 3119 alii
972 3063 1136 3119 aliter
1165 3063 1278 3118 sibi
1307 3063 1558 3118 caverint

452 3176 531 3228 At
563 3171 896 3243 Caryanites
929 3170 1165 3241 quidem
1196 3173 1335 3224 tunc
1388 3166 1904 3239 protovesliarites,
1934 3166 2021 3221 vir

372 3265 550 3318 aetate
573 3263 696 3332 jam
758 3264 993 3315 matura
1025 3256 1373 3314 venerabilis
1406 3256 1716 3327 meritique
1758 3256 2014 3322 maximi,

375 3367 515 3406 cum
549 3348 893 3404 necessariis
924 3352 979 3403 et
1011 3346 1404 3402 familiaribus
1434 3345 1561 3416 ipsa
1592 3349 1758 3400 nocte
1779 3344 2020 3399 recessit

378 3439 787 3509 transfugiens
818 3438 888 3492 ad
923 3443 1156 3502 Persas,
1190 3452 1302 3490 non
1337 3435 1487 3504 quod
1521 3434 1856 3506 imperatori
1886 3449 2017 3488 suc-

378 3527 775 3594 censeret,sed
803 3527 956 3598 quod
983 3525 1096 3582 sibi
1115 3528 1397 3579 metueret
1424 3524 1496 3579 ob
1518 3523 2015 3594 perturbationem

382 3633 597 3672 rerum.
635 3616 761 3672 Sive
785 3616 940 3670 enim
969 3615 1025 3670 id
1057 3631 1158 3686 per
1189 3630 1250 3668 se
1272 3613 1504 3669 nemine
1527 3613 1842 3684 instigante
1864 3611 2016 3667 sedi-

378 3706 516 3761 tiosi
547 3705 675 3760 ausi
707 3709 896 3771 erant,
945 3707 1079 3774 jure
1111 3703 1304 3758 timeri
1353 3701 1516 3774 paria
1545 3718 1751 3758 rursus
1782 3701 2013 3757 eosdem

377 3798 772 3851 attentaturos
795 3793 1052 3864 impune,
1070 3808 1302 3848 summo
1329 3791 1666 3847 discrimine
1690 3791 2014 3862 gerentium

379 3884 791 3954 magistratus,
808 3883 866 3937 in
888 3898 1036 3954 quos
1051 3879 1880 3954 gravisincumbebatinvidia:
1899 3880 2018 3934 sive

373 3973 540 4044 ipsos
559 3971 655 4026 alii
670 3970 1047 4042 impulerant,
1062 3971 1239 4026 etiam
1253 3970 1463 4048 iterum
1481 3969 1884 4024 concitandam
1902 3968 2015 4022 vim

374 4060 700 4117 militarem
733 4061 804 4115 ab
836 4059 1041 4115 iisdem
1074 4060 1132 4114 in
1185 4058 1430 4114 minime
1462 4057 1768 4129 opinantes
1800 4056 2018 4112 multos

365 4152 507 4222 jure
540 4148 864 4204 formidari.
925 4149 1036 4203 Alii
1101 4147 1373 4203 similiter
1403 4147 1514 4202 alio
1547 4164 1610 4202 se
1656 4151 2018 4216 receperunt,

375 4238 640 4295 maxima
670 4253 915 4310 quasque
943 4238 1050 4293 rati
1082 4237 1237 4292 domi
1283 4236 1654 4292 manentibus
1685 4235 2019 4306 impendere

376 4327 658 4400 pericula.
691 4327 866 4382 Porro
897 4327 995 4381 alii
1027 4326 1084 4380 in
1108 4330 1326 4382 attenta
1357 4327 1444 4381 sui
1471 4326 1730 4396 ipsorum
1758 4325 2020 4380 custodia

378 4417 744 4490 perstabant.
775 4417 845 4470 At
877 4431 1126 4488 magnus
1151 4414 1529 4471 conostaulus
1551 4415 1824 4470 fratribus
1847 4418 2016 4485 (quo-

2127 3097 2359 3152 unoque
2389 3082 2502 3138 sibi
2553 3082 2848 3138 ambiente
2892 3099 2996 3138 nec
3029 3082 3131 3138 ulli
3165 3082 3264 3138 alii
3306 3081 3509 3137 cedere
3555 3085 3761 3153 parato

2123 3187 2320 3227 curam
2370 3171 2722 3242 peculiarem
2754 3189 2820 3228 ac
2864 3172 3108 3227 tutelam
3159 3170 3530 3243 imperatoris
3563 3170 3753 3225 adhuc

2125 3261 2306 3330 pueri.
2337 3261 2472 3315 Erat
2500 3278 2566 3316 ea
2591 3261 2960 3333 singulorum
2995 3259 3268 3316 nobilitas
3298 3276 3364 3315 ac
3395 3259 3674 3330 dignitas,
3709 3262 3766 3313 et

2124 3364 2192 3404 ex
2217 3350 2425 3405 harum
2443 3351 2801 3406 conscientia
2823 3351 2915 3406 sui
2933 3350 3149 3421 opinio,
3171 3353 3234 3404 ut
3256 3347 3468 3420 subjici
3487 3347 3764 3419 cuiquam

2124 3454 2326 3493 eorum
2383 3439 2596 3508 quibus
2627 3456 2690 3495 se
2744 3455 2911 3510 pares
2943 3437 3361 3494 existimabant
3394 3453 3560 3492 nemo
3606 3452 3759 3492 unus

2126 3543 2290 3598 aequo
2323 3526 2514 3582 animo
2549 3545 2830 3598 passurus
2850 3528 3163 3582 videretur.
3191 3527 3335 3581 Hinc
3357 3542 3419 3581 se
3441 3525 3766 3581 offerebant

2125 3633 2156 3672 e
2183 3615 2559 3671 Lascaridum
2617 3621 2788 3686 gente
2817 3613 3218 3680 Tzamanturi,
3251 3613 3351 3685 qui
3395 3613 3553 3685 gravi
3597 3628 3764 3668 sensa

2127 3709 2282 3761 ctute
2313 3704 2674 3759 venerabiles
2697 3711 2752 3759 et
2774 3706 2928 3760 fama
2946 3704 3269 3776 prudentiae
3291 3701 3616 3773 conspicui,
3639 3702 3764 3756 efﬁ-

2126 3793 2338 3850 caciter
2368 3792 2476 3848 sibi
2511 3791 2821 3861 suffragari
2843 3793 3212 3847 conﬁdebant
3239 3791 3310 3846 ad
3333 3790 3759 3861 impetrandam

2126 3882 2596 3954 procurationem
2637 3879 2844 3952 pupilli
2879 3880 3156 3951 principis
3187 3883 3244 3935 ct
3285 3877 3760 3933 communionem

2126 3989 2260 4029 cum
2305 3988 2369 4026 eo
2399 3970 2669 4026 intimam
2700 3968 3008 4039 sanguinis
3059 3972 3116 4023 et
3146 3966 3552 4022 auctoritatem
3593 3965 3764 4035 quasi

2127 4066 2428 4132 paternam
2463 4076 2497 4113 a
2547 4063 2755 4113 natura
2788 4057 2932 4128 ipsis
2963 4057 3160 4112 datam
3195 4055 3254 4110 in
3287 4058 3429 4110 natu
3478 4053 3763 4108 minorem

2128 4167 2245 4206 suae
2305 4147 2534 4204 familia:
2565 4146 2894 4202 alumnum.
2928 4145 2969 4200 E
3025 4145 3253 4199 diverso
3285 4159 3346 4199 se
3393 4142 3769 4198 ostentabant

2127 4241 2237 4297 orti
2261 4237 2708 4294 e'I‘orniciorum
2733 4251 2964 4308 genere,
2984 4249 3234 4306 quorum
3261 4232 3486 4304 primus
3511 4245 3769 4300 magnus

2128 4334 2251 4386 erat
2279 4326 2666 4400 primicerius.
2704 4325 2800 4380 His
2823 4324 3093 4379 ﬁduciam
3115 4319 3418 4378 auferendi
3450 4317 3769 4390 praaomni-

2128 4422 2238 4477 bus
2251 4416 2453 4474 ambiti
2469 4413 2690 4472 caeteris
2704 4411 3314 4482 honorisdabatpatris
3328 4409 3590 4481 ipsorum
3614 4408 3767 4476 apud

378 4523 514 4561 rum
549 4510 688 4560 natu
724 4505 1198 4574 majorJoannes,
1220 4503 1836 4560 minorConstantinus
1853 4519 2019 4558 voca-
2050 4522 2095 4586 Β
2125 4503 2934 4577 avumimperatorisJoanem
2950 4502 3168 4556 Ducam
3187 4501 3517 4569 Augustum
3537 4511 3770 4551 summa

377 4596 574 4664 batur)
609 4594 680 4648 ad
720 4607 1092 4649 communem
1140 4591 1382 4647 tutelam
1416 4592 1695 4647 adhibitis
1742 4592 2014 4647 idoneam
2054 4585 2072 4586 ί
2123 4598 2310 4672 gratia
2341 4591 2967 4650 familiaritateintima
2995 4589 3330 4658 conjuncta.
3373 4585 3770 4642 Occurrebant

375 4684 594 4755 cuique
614 4682 862 4752 subjecit
880 4680 1366 4753 praesidiariorum
1391 4697 1652 4736 manum.
1679 4679 2020 4736 Adolescen-

375 4778 469 4828 tes
500 4773 604 4827 64
636 4771 695 4826 hi
727 4772 1042 4843 prudentes
1072 4774 1257 4841 erant,
1287 4771 1548 4826 nondum
1591 4771 1660 4824 ad
1695 4770 2015 4825 ofﬁciorum

377 4861 632 4934 promoti
666 4860 967 4927 honorem,
1017 4875 1222 4931 eoque,
1276 4864 1473 4930 utpote
1505 4859 1617 4913 alia
1647 4860 1810 4914 vacui
1859 4876 2018 4924 cura,

379 4951 538 5021 apud
571 4949 980 5020 imperatorem
1013 4948 1199 5019 magis
1230 4947 1477 5014 assidui,
1508 4963 1572 5001 ac
1605 4963 1737 5001 cum
1768 4963 1833 5002 eo
1864 4945 2020 5001 soliti

379 5057 500 5096 non
533 5039 658 5094 dies
689 5038 883 5094 solum
915 5041 1067 5092 totos
1099 5037 1348 5107 exigere,
1379 5037 1479 5091 sed
1511 5035 1688 5090 etiam
1734 5053 1848 5090 non
1892 5052 2021 5090 raro

378 5131 750 5201 pernoctare,
782 5127 854 5181 de
885 5127 995 5180 ﬁde
1027 5126 1087 5180 in
1122 5124 1288 5181 illum
1321 5141 1384 5180 ac
1416 5124 1699 5180 charitate
1739 5129 2023 5180 certantes

376 5219 533 5273 inter
567 5231 653 5286 se,
701 5213 1046 5285 nullamque
1103 5214 1466 5269 occasionem
1519 5213 2022 5284 praetermittentes

377 5304 721 5362 declarandi
756 5319 934 5376 quam
967 5303 1502 5374 maximepoterant
1531 5303 1619 5357 sul
1652 5319 1789 5374 erga
1808 5302 2021 5373 princi-

377 5412 512 5468 pem
545 5393 736 5451 studii
769 5393 1123 5468 praestantis.

377 5467 466 5558 έί.
532 5497 819 5556 Contenlio
878 5467 1025 5554 inte?
1087 5498 1361 5581 principes
1415 5497 1480 5553 de
1534 5499 1704 5552 tutela
1757 5497 2027 5569 principis

1116 5585 1298 5640 puera

453 5663 674 5719 Verum
717 5673 925 5716 omnes
971 5658 1070 5729 qui
1104 5662 1507 5714 remanserant
1553 5657 1848 5729 principes
1879 5657 2028 5715 acris

2127 4671 2364 4743 aliunde
2407 4678 2816 4751 Strategopuli,
2880 4678 2939 4732 in
2993 4676 3209 4748 quibus
3257 4689 3469 4746 genere
3511 4671 3766 4727 illustris

2127 4773 2566 4841 Alexius,cujus
2588 4784 2788 4824 omnes
2812 4766 2868 4822 in
2888 4765 3100 4822 canitie
3113 4765 3318 4820 decora
3340 4761 3569 4833 magnis
3592 4761 3767 4815 rebus

2129 4863 2306 4936 gestis
2330 4861 2602 4916 virtutem
2623 4873 2688 4912 ac
2714 4857 2923 4911 famam
2944 4854 3372 4910 reverebantur.
3396 4851 3587 4920 Hujus
3611 4849 3766 4905 ﬁlius

2129 4949 2548 5008 Constantinus
2563 4945 2896 5017 Gregorius,
2919 4942 3114 4999 afﬁnis
3137 4941 3212 4995 im
3225 4939 3506 5012 peratoris
3523 4938 3768 4994 Joannis

2131 5041 2306 5094 ducta
2333 5037 2461 5106 ejus
2509 5038 2681 5106 nepte
2717 5050 2782 5088 ac
2805 5031 2980 5088 claris
3024 5029 3192 5086 factis
3239 5028 3516 5100 inclytus,
3565 5031 3771 5099 postea

2134 5127 2390 5199 privatus
2440 5123 2536 5180 65
2587 5122 2775 5178 oculis
2819 5121 3007 5175 fuerat
3048 5118 3349 5174 Theodoro
3399 5116 3629 5172 Lascari
3670 5131 3771 5170 re-

2132 5219 2367 5288 gnante,
2401 5212 2560 5286 gravi
2593 5209 2933 5280 arrogantiae
2959 5224 3129 5279 poena
3158 5224 3274 5279 qua
3295 5223 3360 5261 su
3373 5204 3677 5277 perciliose
3704 5203 3776 5259 de

2133 5305 2393 5377 spexisse
2425 5304 2836 5374 imperatorem
2881 5300 3044 5353 visus
3076 5300 3218 5363 erat,
3252 5311 3384 5349 cum
3417 5294 3466 5348 is
3499 5297 3632 5365 post
3672 5309 3774 5363 pa-

2135 5394 2236 5449 tris
2296 5395 2543 5447 mortem
2603 5405 2798 5444 rerum
2859 5387 3121 5442 habenas
3178 5385 3238 5439 in
3270 5399 3480 5437 manus
3538 5396 3776 5435 sumere

2135 5483 2426 5554 cmpisset.
2479 5478 2843 5534 Accedebant
2873 5480 2929 5531 et
2979 5474 3081 5528 ﬁlii
3114 5471 3337 5540 Baulis,
3371 5469 3469 5525 alii
3517 5468 3774 5542 patricii,

2135 5572 2233 5642 qui
2266 5573 2395 5641 post
2425 5567 2649 5623 obitum
2678 5564 2923 5620 Joannis
2954 5559 3197 5632 Augusti
3228 5558 3616 5629 dignitatibus
3665 5573 3765 5612 cx-

2135 5660 2393 5716 cideraut
2436 5677 2450 5725 ;
2513 5654 2676 5710 alteri
2738 5656 3005 5723 praeterea
3060 5646 3388 5719 Palwologi,
3421 5651 3640 5703 etcum
3677 5645 3774 5700 his
