4182 6286
429 380 538 439 499

1728 387 2029 445 GEORGII
2066 387 2528 442 ΡΔΟΗῩΜΕΒΔΕ

3713 381 3827 437 500

424 508 728 580 νεάζοντες,
758 505 848 562 καὶ
880 504 1275 581 Παλαιολόγοι.
1309 506 1413 562 Σὺν
1439 509 1521 571 οἷς
1559 509 1649 563 καὶ
1679 510 1943 579 Βατάτζαι
1973 511 2061 565 καὶ
2098 516 2151 580 Α
2178 510 2283 586 κβ¹.
2339 509 2530 571 Ὅπως
2607 506 2953 586 προετιμήρη
3019 504 3101 586 εἷς
3154 505 3313 559 τοῦτο
3396 506 3502 559 τῶν
3560 501 3735 560 ἄλλον
3794 493 3824 561 ὃ

428 596 481 651 οἱ
508 597 605 651 τοῦ
636 594 809 663 Φιλῆ,
842 593 914 650 ὧν
949 597 977 650 ὁ
1008 597 1184 670 πατὴρ
1217 594 1495 671 Θεόδωρος
1520 598 1834 676 τετύφλωτο
1864 600 1952 653 καὶ
1975 598 2072 654 αὐ-

423 686 518 749 τὸς
546 684 640 740 σὺν
676 688 754 757 τῷ
787 684 1269 761 Στρατηγοπούλῳ
1315 692 1415 755 τῆς
1457 686 1623 757 αὐτῆς
1673 686 1862 760 ἐκείνῳ
1911 687 2070 763 χάριν

428 773 630 847 αῗτίας,
663 773 756 829 σὺν
807 769 1218 848 Καϐαλλαρίοις
1248 796 1305 829 τε
1335 776 1387 830 οἱ
1417 776 1721 853 Νοστόγγοι
1749 777 1837 831 καὶ
1884 779 1935 831 οἱ
1969 784 2074 831 Κα-

433 863 649 938 μῦτζαι,
682 862 773 918 σύν
805 884 863 917 τε
904 864 992 918 καὶ
1047 864 1341 936 ’Δπρηνοῖς
1390 867 1478 919 καὶ
1510 864 1791 941 Ἀγγέλοις
1822 867 1873 921 οἱ
1904 861 2075 922 Λιϐα-

433 950 642 1029 δάριοι,
671 956 1080 1027 Ταρχανειῶται
1140 952 1596 1029 Φιλανθρωπηνοὶ
1625 954 1716 1009 καὶ
1747 955 1800 1009 οἱ
1848 954 2074 1030 εὐγενεῖς

433 1041 895 1113 Καντακυυζηνοὶ,
930 1042 1016 1096 καὶ
1070 1039 1187 1096 ὅσοι
1243 1040 1407 1097 ἄλλοι
1467 1045 1547 1103 οῖς
1603 1045 1638 1113 ἡ
1701 1043 2077 1118 μεγαλογενὴς

435 1131 588 1205 σειρὰ
614 1130 705 1187 καὶ
735 1136 914 1206 χρυσῆ
948 1132 1368 1207 συγκεκρότητο.
1424 1132 1484 1189 Ὁ
1518 1132 1696 1205 μέντοι
1739 1153 1799 1205 γε
1826 1132 2077 1206 Νοστόγ-

433 1241 534 1295 γος
578 1220 848 1296 Γεώργιος
899 1218 987 1274 καὶ
1035 1218 1575 1297 προσεφιλοτιμεῖτο·
1636 1218 1924 1296 ἐκυδροῦτο
1972 1220 2075 1295 γὰρ

433 1313 541 1364 τῶν
589 1305 775 1363 ἄλλων
827 1306 904 1370 εἷς
947 1304 1116 1377 κῆδος
1166 1308 1447 1383 βασιλικὸν
1500 1311 1943 1383 προτιμώμενος.
1977 1309 2076 1363 Καὶ

433 1399 538 1473 γὰρ
569 1396 648 1452 ἔτι
698 1399 804 1465 ζῶν
836 1396 863 1450 ὁ
892 1400 1106 1469 κρατῶν
1155 1396 1407 1471 ἀρμόξειν
1455 1397 1533 1459 εἷς
1561 1400 1734 1473 γάμον
1785 1397 1931 1469 αὐτῷ
1975 1399 2075 1467 τὴν

430 1482 602 1541 παῖδα
630 1482 719 1539 διὰ
766 1481 972 1560 βουλῆς
1004 1482 1147 1558 ἔχων
1174 1484 1412 1541 πολλοῖς
1462 1485 1551 1540 καὶ
1595 1485 1789 1548 ἄλλοις
1838 1484 2078 1540 ἐπίστευε

430 1577 531 1646 τήν
584 1571 814 1651 βουλὴν,
875 1569 972 1628 κᾶν
1026 1570 1272 1650 ἐπλήρου
1330 1573 1418 1629 καὶ
1476 1575 1537 1628 τὸ
1589 1572 1968 1648 συνάλλαγμα,
2030 1574 2075 1628 εἰ

436 1665 513 1737 μή
556 1684 616 1737 γε
667 1665 729 1734 [Ρ
783 1664 872 1734 38]
924 1662 1148 1726 θάνατος
1200 1666 1281 1733 τῷ
1342 1661 1556 1737 βασιλεῖ
1607 1659 1847 1725 ἐπελθὼν
1909 1662 2077 1735 ἐμπο-

433 1750 540 1808 δὼν
596 1748 727 1822 ἔστη
786 1754 855 1825 τῇ
913 1750 1121 1823 πράξει.
1180 1749 1318 1805 Τότε
1373 1747 1421 1804 δ’
1474 1749 1625 1814 αὖθις
1682 1750 2076 1826 ἐπιθαρῥοῦντα

429 1845 550 1904 τοῖς
581 1838 937 1915 ἐγνωσμένοις
983 1839 1057 1900 ὡς
1098 1839 1188 1893 καὶ
1224 1836 1390 1894 πάλιν
1436 1842 1626 1913 τυχεῖν
1674 1837 1819 1894 ἔσται
1870 1839 1924 1893 οἶ
1974 1845 2074 1895 τοῦ

390 1916 391 1923 γ
432 1927 638 2001 κήδους
682 1926 822 2003 μέγα
867 1931 1081 2004 φρονεῖν
1113 1928 1147 1997 ἡ
1183 1923 1342 1989 ἐλπὶς
1390 1926 1586 1995 ἐποίει,
1634 1926 1723 1981 καὶ
1769 1927 2075 1998 κατηλαζο-

432 2017 612 2075 νεόετο
658 2017 794 2092 πρὸς
848 2015 977 2077 τοὺς
1024 2013 1257 2087 ἄλλους,
1307 2014 1396 2070 καὶ
1456 2014 1667 2088 μᾶλλον
1716 2016 1806 2071 τὸν
1857 2016 2078 2073 αὐτανέ-

434 2111 580 2182 ψιον,
638 2106 700 2168 ’ὸς
752 2106 818 2174 ἦν
878 2106 906 2160 ὁ
967 2107 1134 2181 μέγας
1189 2104 1586 2175 κονοσταῦλὸς,
1655 2103 2075 2183 διαφιλοτιμού-

441 2215 624 2268 μενος.
655 2196 812 2258 ’Όθεν
856 2192 951 2248 κάν
998 2197 1112 2255 τοῖς
1164 2191 1471 2267 βασιλικοῖς
1515 2190 1838 2268 προαυλίοις
1885 2191 2076 2263 ἀνέδην

436 2280 672 2353 ἐσκήνει,
734 2280 823 2335 καὶ
881 2281 1001 2344 καθ’
1059 2277 1263 2350 ἡδονὴν
1337 2275 1623 2354 διατριϐῆς
1684 2281 2078 2353 ἱππαζομένοις

434 2375 556 2432 τοῖς
620 2368 881 2444 ἄρχουσιν
963 2368 1051 2423 ἐπὶ
1119 2371 1323 2423 κοντῶν
1396 2362 1652 2443 συντριϐῇ
1711 2374 1745 2437 ἤ
1798 2368 1887 2423 καὶ
1946 2369 2083 2424 κατὰ

434 2459 681 2536 παίγνιον
710 2457 938 2529 σύνηθες
971 2456 1114 2535 σφίσι
1162 2464 1262 2527 τῆς
1306 2456 1533 2535 σφαίρας
1587 2456 1645 2512 έκ
1697 2456 1941 2533 μεγάλου
1985 2462 2081 2513 τοῦ

437 2547 671 2626 θάρρους
753 2546 1115 2617 συνιππάζετο
1169 2547 1260 2602 καὶ
1312 2544 1643 2616 συνέπαιζεν,
1711 2545 1869 2621 ἔγγὺς
1934 2546 2082 2601 ἰστα-

433 2639 623 2714 μέναις
678 2637 765 2692 καὶ
822 2637 1057 2712 ὁρώσαις
1114 2640 1236 2698 ταῖς
1287 2634 1556 2711 βασιλίσιν
1618 2632 2079 2708 ἐπιδεικνύμενος.

425 2842 674 2897 Batalzae
702 2841 760 2895 et
788 2836 976 2894 Philis
1006 2835 1134 2903 ﬁlii,
1168 2851 1421 2908 quorum
1478 2850 1693 2907 parens
1730 2833 2075 2891 Theodorus

425 2944 561 2986 cum
574 2926 980 2999 Strategopulo
995 2926 1260 2981 eamdem
1277 2925 1349 2980 ob
1372 2940 1613 2981 causam
1627 2926 1945 2980 excecatus
1960 2927 2071 2991 est,

427 3021 487 3075 et
516 3033 651 3074 cum
680 3013 1024 3073 Caballariis
1079 3012 1361 3086 Nostongi
1393 3029 1459 3069 ac
1489 3016 1789 3085 Camytzas,
1851 3014 1907 3067 et
1936 3027 2069 3067 cum

428 3104 676 3180 Aprenis
697 3108 875 3176 atque
892 3103 1130 3175 Angelis
1146 3102 1460 3169 Libadarii,
1480 3099 1899 3167 Tarchaniotze,
1929 3099 2070 3155 Phi-

2803 575 3203 654 Παλαιολόγος.

2255 689 2405 749 Τέως
2437 707 2499 761 γε
2541 687 2672 759 μὴν,
2722 684 2835 739 ἐπεὶ
2885 684 2990 739 οὐκ
3030 686 3095 752 ἦν
3147 682 3599 758 ἀνεπιτρόπευτον
3643 685 3825 755 μένειν

2184 777 2275 831 τὸν
2320 774 2569 851 βασιλέα,
2624 772 2675 828 ἐν
2736 772 2962 848 ἆφήλιξι
3013 771 3406 847 γνωριζόμενον
3466 770 3557 826 καὶ
3615 770 3828 828 ἁπαλὸν

2181 867 2318 940 ἦτορ
2384 865 2652 941 φέροντα,
2712 860 3060 925 συνελθόντες
3118 858 3231 933 ἅμα
3298 860 3351 913 ο¹ι
3409 858 3462 914 ἐν
3520 858 3666 915 τέλει
3740 863 3827 917 καὶ

2188 952 2609 1030 βουλευσάμενοι
2636 952 2711 1015 ὡς
2765 950 2865 1005 οὐκ
2916 949 3149 1022 ἀσφαλὲς
3199 946 3331 1022 δίχα
3372 954 3470 1017 τῆς
3504 950 3823 1019 Ἐκκλησέας

2182 1042 2271 1098 καὶ
2302 1046 2398 1097 τοῦ
2436 1042 2636 1111 ταύτης
2694 1042 3038 1115 προεστῶτος
3097 1037 3396 1112 (Ἄρσένιος
3452 1035 3498 1091 δ’
3548 1038 3710 1101 οὗτος
3731 1041 3811 1112 ἦν)

2182 1135 2435 1201 καθιστᾷν
2478 1129 2546 1184 τὰ
2589 1126 2834 1200 τοιαῦτα,
2882 1128 3017 1199 πρὸς
3069 1127 3163 1199 μὲν
3207 1126 3296 1181 τὸν
3342 1126 3393 1195 ἐξ
3441 1126 3822 1201 Αὐτωρειανῶν

2182 1220 2529 1296 πατριάρχην
2610 1216 2889 1292 πέμπουσι
2959 1218 3058 1286 τήν
3141 1216 3409 1288 ταχίστην
3489 1213 3828 1288 μετακαλού-

2188 1331 2338 1383 μενοι
2406 1307 2702 1377 Νικαίηθεν
2777 1309 2992 1373 τοῦτον,
3061 1303 3236 1359 αὐτῶν
3310 1301 3368 1358 δὲ
3437 1305 3555 1358 καθ’
3610 1303 3832 1367 ἑαυτοὺς

2184 1399 2266 1477 ἐφ’
2334 1396 2566 1472 ἡμέραις
2645 1393 3163 1468 διασκεπτομένων,
3243 1391 3413 1449 ἄλλον
3500 1392 3671 1449 ἄλλου
3752 1396 3829 1461 εἷς

2183 1485 2511 1559 κηδεμονίαν
2572 1490 2668 1539 τοῦ
2730 1481 2998 1559 βασιλέως
3060 1487 3473 1558 προκρῖνοντος,
3531 1484 3691 1546 τέλος
3740 1482 3832 1539 ἐπὶ

2182 1575 2261 1648 τῷ
2294 1574 2509 1651 ῥηθέντι
2556 1571 2919 1648 Παλαιολόγῳ
2959 1574 2994 1641 ἡ
3034 1573 3190 1641 κοινή
3247 1571 3425 1645 βουλὴ
3471 1577 3704 1642 καταντᾷ
3751 1572 3829 1635 ὡς

2186 1665 2346 1719 αὐτοῦ
2395 1683 2456 1736 γε
2498 1660 2587 1716 καὶ
2641 1660 2808 1734 μόνου
2856 1660 3003 1735 παρὰ
3039 1658 3165 1720 τοὺς
3216 1656 3420 1720 ἄλλους
3466 1659 3655 1714 ἱκανοῦ
3687 1660 3828 1734 πρὸς

2181 1758 2342 1808 τοῦτο
2401 1749 2675 1828 φανέντος·
2749 1747 2897 1823 εἴπερ
2974 1748 3077 1821 γὰρ
3126 1745 3319 1818 ἄλλον,
3380 1747 3827 1822 στρατηγικώτα-

2182 1862 2274 1897 τον
2334 1841 2464 1894 εἶναι
2521 1838 2613 1891 τὸν
2670 1833 2872 1909 ἄνδρα,
2921 1836 3011 1890 καί
3069 1836 3121 1889 οἱ
3172 1835 3232 1889 ἐκ
3281 1833 3516 1890 παλαιοῦ
3571 1832 3835 1910 αὔταρκες

2186 1930 2319 1986 εἶναι
2360 1928 2421 1982 τὸ
2454 1927 2685 2000 εὐγενὲς,
2729 1924 2818 1979 καὶ
2864 1923 3044 1998 τρίτον
3093 1924 3155 1978 τὸ
3201 1924 3337 1998 πρὸς
3390 1923 3481 1978 τὸν
3526 1928 3836 1997 κρατοῦντα

2186 2016 2430 2094 συγγενές
2480 2016 2593 2088 ἅμα
2644 2014 2736 2087 μὲν
2787 2013 3035 2085 αὐτόθεν,
3082 2013 3194 2084 ἅμα
3244 2010 3301 2066 δὲ
3343 2013 3434 2067 καὶ
3483 2011 3543 2067 ἐκ
3588 2020 3688 2083 τῆς
3740 2035 3834 2068 συ-

2190 2105 2348 2179 ζύγου
2407 2108 2526 2175 (τῆς
2586 2103 2680 2175 μὲν
2739 2102 2843 2176 γὰρ
2904 2098 3151 2175 δεύτερος
3211 2099 3529 2174 αὐτανέψιος
3584 2102 3678 2174 ἦν,
3730 2107 3832 2157 τοῦ

2189 2191 2245 2248 δὲ
2275 2191 2523 2268 δευτέρου
2572 2190 2892 2264 αὐτανεψίου
2942 2190 3078 2262 υἱὸς)
3126 2188 3344 2258 πολλὴν
3393 2188 3641 2262 ἐμποιεῖν
3682 2192 3829 2263 σῦτῷ

2186 2283 2286 2350 τήν
2347 2281 2426 2343 εἷς
2477 2281 2539 2335 τὸ
2591 2276 2953 2352 κηδεμονικὸν
3013 2282 3108 2333 τοῦ
3171 2277 3446 2353 βαφιλέως
3503 2280 3646 2354 παρὰ
3696 2278 3821 2341 τοὺς

2189 2367 2394 2431 ἄλλους
2443 2368 2751 2443 ἐκχώρησιν
2781 2412 2793 2425 .
2846 2366 3019 2424 Ἀλλά
3070 2365 3139 2422 τὰ
3190 2368 3281 2440 μὲν
3333 2366 3539 2421 ἐκείνου
3584 2368 3711 2443 πρὸς
3760 2369 3823 2423 τὸ

2189 2464 2559 2533 προτιμᾶσθαι
2614 2461 2720 2512 τῶν
2776 2455 2961 2512 ἄλλων
3020 2454 3199 2510 δίκαια
3253 2457 3402 2510 ταῦτ’
3458 2457 3617 2528 ἦσαν,
3672 2456 3760 2511 καὶ
3803 2458 3832 2511 ὂ

2195 2547 2323 2621 ὑπὲρ
2385 2546 2590 2601 ἐκείνου
2664 2543 2836 2621 λέγων
2911 2548 3081 2599 ταῦτα
3149 2539 3555 2619 προύϐάλλετο·
3607 2565 3839 2622 παρέχει

2195 2633 2251 2690 δὲ
2300 2633 2389 2689 καὶ
2446 2635 2506 2689 τὸ
2582 2632 2725 2694 εἰκὸς
2800 2632 2995 2688 ἐννοεῖν
3071 2633 3145 2694 ὡς
3199 2632 3448 2695 κάκεῖνος
3496 2634 3558 2689 τὸ
3609 2638 3841 2711 πρᾶγμα

2184 2833 2396 2889 tutoris
2427 2830 2793 2905 providentia
2837 2831 3159 2888 destitutus
3190 2831 3464 2904 relinqui,
3497 2833 3568 2889 ad
3601 2832 3836 2890 electio-

2188 2938 2320 2978 nem
2354 2921 2475 2992 apti
2528 2921 2599 2976 ad
2649 2920 2708 2974 id
2755 2936 2970 2976 munus
3000 2923 3277 2977 coeuntes
3325 2937 3538 2993 magno
3586 2939 3835 2979 numero

2188 3008 2466 3081 praecipui
2516 3008 2730 3080 quippe
2759 3008 3137 3080 magistratus
3167 3012 3340 3080 atque
3373 3008 3523 3065 aulae
3561 3026 3837 3080 proceres

2179 3103 2312 3153 ante
2325 3096 2521 3153 omnia
2534 3097 2914 3153 decreverunt
2932 3096 3390 3169 haudquaquam
3416 3102 3609 3155 tutum
3642 3098 3831 3155 videri

429 3192 805 3265 lanthropeni
824 3195 882 3247 et
902 3188 1128 3246 nobiles
1149 3187 1535 3244 Cantacuzeni
1561 3206 1574 3256 ;
1603 3192 1730 3243 tum
1749 3187 1799 3245 si
1819 3188 1915 3259 qui
1945 3188 2066 3259 alii,
2107 3192 2150 3256 C
2188 3189 2354 3242 tanta
2384 3186 2455 3241 de
2485 3200 2546 3241 re
2577 3188 2830 3242 statuere
2850 3185 2975 3241 sine
3006 3185 3145 3241 cleri
3176 3185 3507 3242 etEcclesiaa
3538 3202 3831 3243 consensu

436 3282 655 3355 quibus
687 3280 789 3335 illa
819 3277 1130 3350 magniﬁca
1152 3276 1334 3332 series
1365 3279 1422 3332 et
1443 3276 1610 3348 quasi
1631 3293 1808 3332 aurea
1837 3276 2081 3332 nobilis-

442 3372 726 3428 simorum
788 3382 1091 3441 procerum
1138 3382 1353 3422 corona
1382 3367 1707 3422 constabat.
1744 3366 2077 3437 Nostongus

437 3461 592 3517 inter
622 3474 718 3514 eos
751 3455 1034 3528 Georgius
1063 3454 1453 3511 aemulationis
1485 3454 1813 3510 communis
1836 3456 2075 3511 modum

437 3546 719 3622 peculiari
741 3544 1079 3602 ambitionis
1100 3543 1433 3614 arrogantia
1454 3544 1791 3616 superabat,
1813 3560 1877 3600 eo
1897 3543 2070 3599 maxi~

438 3653 532 3693 me
554 3636 613 3692 in
642 3634 979 3707 superbiam
1011 3632 1198 3689 elatus
1224 3633 1378 3704 quod
1408 3631 1726 3704 imperator
1766 3632 1959 3688 adhuc
1990 3633 2079 3687 vi-

436 3742 582 3782 vens
616 3723 797 3780 ﬁliam
817 3721 904 3777 illi
927 3721 1213 3778 collocare
1242 3721 1300 3776 in
1321 3721 1695 3777 matrimonio
1726 3722 2075 3788 decreverat,

437 3820 494 3874 et
525 3813 743 3870 multos
772 3811 947 3867 istius
978 3810 1070 3867 sui
1105 3809 1337 3866 consilii
1386 3811 1699 3882 participes
1756 3813 1989 3866 iecerat.
2022 3814 2080 3866 et

437 3902 677 3961 omnino
734 3901 1125 3957 mandaturus
1177 3899 1534 3955 exsecutioni
1562 3915 1834 3954 remeam
1866 3898 2075 3968 fuerat,

436 3992 552 4050 nisi
585 3994 771 4048 morte
788 3988 995 4046 fuisset
1016 3992 1473 4062 praeoccupatus.
1505 3992 1682 4043 Porro
1712 3990 1854 4042 tunc
1885 3987 2077 4044 adhuc

437 4082 721 4154 Georgius
751 4079 810 4134 in
840 4093 908 4135 ea
937 4082 1208 4150 perstans
1239 4077 1457 4132 ﬁducia
1504 4076 1869 4149 perﬁciendae
1901 4076 2078 4148 hujus

438 4169 742 4228 afﬁnitatis
764 4169 890 4239 jam
925 4170 1060 4222 ante
1089 4165 1415 4233 destinatae,
1447 4165 1561 4221 ista
1589 4165 1719 4236 ipsa
1759 4181 1863 4237 spe
1891 4164 1950 4220 in
1982 4169 2074 4221 tu-

438 4275 660 4316 morem
680 4274 796 4313 non
820 4255 1118 4312 modicum
1140 4253 1481 4323 inﬂabatur,
1504 4269 1637 4307 cum
1658 4253 1806 4309 alios
1829 4255 2077 4325 superbe

436 4346 785 4419 despiciens,
819 4348 945 4400 tum
976 4343 1173 4415 ipsum
1205 4341 1457 4397 maxime
1488 4344 1755 4412 nepotem
1782 4357 1850 4397 ex
1880 4358 2078 4399 sorore

437 4451 719 4510 magnum
742 4429 1547 4502 conostaulumimpotentius
1568 4429 1871 4487 aemulans.
1892 4433 2077 4496 Quare

432 4526 495 4582 in
517 4524 686 4582 atriis
706 4520 1068 4595 imperatorii
1087 4519 1286 4592 palatii
1304 4536 1446 4575 vane
1468 4533 1535 4574 ac
1556 4518 1927 4590 impudenter
1948 4536 2075 4576 sese

427 4614 711 4686 jactabat,
746 4612 889 4666 adeo
920 4614 1122 4664 utnon
1153 4608 1449 4663 dubitaret
1474 4607 1799 4679 puerilibus
1828 4608 2076 4679 Augusti

434 4702 592 4758 ludis
622 4717 684 4757 sc
713 4698 1064 4766 immiscere,
1099 4697 1450 4753 collusorem
1481 4712 1545 4752 se
1574 4696 1826 4768 principi
1880 4696 2078 4752 obtru-

435 4795 602 4861 dens,
634 4792 691 4845 et
721 4802 855 4842 cum
887 4802 953 4841 eo
985 4784 1163 4841 simul
1193 4784 1466 4856 equitans
1497 4783 1555 4839 in
1589 4784 1898 4852 arundine,
1923 4784 2075 4856 pari-

434 4885 660 4949 terque,
693 4879 760 4931 ut
788 4873 1028 4930 solitum
1083 4872 1224 4942 illis,
1284 4873 1404 4944 pila
1459 4874 1559 4929 66
1618 4873 1850 4944 ludens,
1912 4878 1970 4930 et
2015 4874 2073 4930 in

436 4966 665 5025 similes
690 4964 815 5035 ejus
844 4962 1033 5017 aetatis
1062 4961 1441 5017 remissiones
1473 4977 1599 5017 sese
1619 4962 1891 5035 ingerens
1915 4962 2081 5018 fami-

435 5057 692 5113 liaritate
720 5051 897 5107 nimis
928 5049 1154 5119 audaci,
1178 5050 1378 5120 sicque
1401 5065 1527 5105 sese
1547 5052 1758 5121 reginis
1777 5052 2076 5109 sororibus

435 5140 809 5215 imperatoris
822 5155 1018 5195 coram
1044 5155 1075 5194 e
1105 5137 1432 5211 propinquo
1455 5140 1854 5209 spectantibus
1874 5140 2075 5197 vendi-

437 5236 571 5289 tans
600 5246 747 5287 vano
778 5227 1033 5302 gloriolae
1068 5226 1318 5298 pruritu.

436 5385 526 5440 22.
564 5384 629 5441 Ut
670 5382 941 5454 praelatus
967 5380 1173 5454 exteris
1209 5379 1571 5454 _Paneologus
1603 5382 1819 5454 fuerit,
1852 5379 2075 5435 deman-

854 5452 981 5508 data
1004 5452 1057 5506 ei
1085 5451 1255 5506 tutela
1287 5449 1658 5522 imperatoris.

508 5585 1017 5643 Verhmenimvero
1039 5599 1172 5639 cum
1194 5583 1417 5640 diutius
1439 5600 1552 5640 non
1577 5588 1778 5657 posset
1801 5583 2073 5655 parvulus

436 5678 757 5749 imperator
786 5674 846 5731 in
878 5677 998 5732 tam
1028 5671 1323 5730 imbecilla
1379 5689 1445 5730 ac
1495 5677 1693 5731 tenera
1724 5676 1907 5747 atate
1936 5675 2075 5730 certi

2188 3276 2433 3346 ejusque
2482 3273 2727 3330 consilio
2758 3289 2826 3330 ac
2864 3277 3010 3330 nutu
3063 3274 3163 3346 qui
3196 3276 3370 3330 rebus
3414 3275 3830 3333 ecclesiasticis

2186 3368 2326 3419 tunc
2356 3366 2601 3435 praeerat
2632 3362 2705 3433 (is
2731 3365 2856 3419 erat
2884 3362 3209 3435 Arsenius).
3248 3365 3447 3435 Itaque
3504 3381 3606 3436 per
3638 3365 3827 3420 Exau-

2186 3451 2547 3507 torianorum
2581 3450 2972 3522 patriarcham
2990 3450 3157 3507 illum
3190 3468 3258 3508 ex
3280 3452 3423 3508 urbe
3438 3453 3628 3509 Nicaea
3650 3453 3828 3509 curri-

2186 3541 2316 3596 culo
2348 3543 2673 3597 accersunt.
2705 3539 2820 3612 Ipsi
2855 3556 2987 3595 vero
3018 3538 3252 3596 interim
3283 3542 3432 3596 serio
3458 3542 3517 3597 in
3548 3541 3830 3599 delibera-

2185 3630 2402 3685 tionem
2436 3629 2684 3700 ingressi
2717 3633 2849 3700 post
2874 3628 3119 3685 multam
3145 3634 3202 3685 et
3229 3634 3513 3686 attentam
3538 3630 3826 3703 disquisi-

2186 3718 2403 3775 tionem
2436 3717 3006 3790 disceptationesque
3034 3719 3248 3789 varias,
3273 3718 3384 3775 alio
3415 3719 3592 3776 alium
3614 3722 3821 3792 praefe-

2188 3810 2368 3876 rente,
2403 3807 2635 3863 tandem
2674 3806 2734 3863 in
2764 3822 2891 3862 eam
2939 3807 3289 3864 sententiam
3322 3809 3527 3880 majori
3558 3825 3627 3864 ex
3655 3815 3823 3881 parte

2189 3895 2535 3952 conveniunt
2565 3912 2691 3967 qum
2725 3912 2926 3951 curam
2959 3895 3328 3967 imperatoris
3353 3913 3419 3952 ac
3440 3897 3692 3954 tutulam
3715 3916 3822 3955 sae-

2187 3984 2320 4056 pius
2363 3989 2683 4041 memorato
2705 4000 2916 4056 magno
2936 3984 3274 4041 conostaulo
3307 3985 3624 4059 Palaaologo
3659 4004 3822 4044 com-

2188 4072 2533 4128 mittendam
2568 4073 2876 4128 censebat:
2900 4072 3080 4128 videri
3112 4073 3267 4128 enim
3297 4073 3466 4130 illum
3492 4091 3672 4132 unum
3703 4094 3820 4149 prae

2187 4162 2414 4218 cunctis
2428 4161 2671 4233 reliquis
2689 4162 2757 4217 ad
2775 4176 2900 4216 eam
2916 4177 3037 4216 rem
3051 4161 3325 4219 idoneum
3343 4164 3822 4238 maxime,utpote

2184 4250 2375 4305 virum
2431 4252 2639 4306 fortem
2696 4254 2752 4305 et
2803 4249 2884 4305 rei
2917 4249 3188 4307 militaris
3226 4252 3818 4324 experientissimum,

2187 4338 2399 4410 cuique
2434 4340 2655 4395 affatim
2679 4342 3016 4411 suppeteret
3028 4340 3821 4411 antiqusanobilitatis.Acce-

2187 4428 2361 4484 debat
2391 4428 2561 4483 tertio
2589 4427 2714 4484 loco
2749 4429 3071 4485 domestica
3100 4430 3405 4502 sanguinis
3448 4434 3820 4488 necessitudo

2186 4535 2319 4573 cum
2344 4516 2794 4589 imperatoribus
2811 4534 2915 4573 avo
2932 4522 3161 4590 elpatre
3184 4518 3465 4592 principis
3493 4523 3820 4595 regnantis,

2184 4622 2253 4662 ex
2284 4608 2531 4677 utraque
2554 4604 2734 4676 stirpe
2765 4609 3008 4676 paterna
3029 4609 3427 4680 maternaque.
3457 4609 3601 4665 Nam
3621 4613 3824 4683 Augu-

2184 4705 2284 4750 sta:
2302 4693 2534 4766 quidem
2561 4709 2869 4765 pronepos,
2891 4710 2958 4750 ex
2975 4695 3344 4766 imperatoris
3357 4713 3487 4754 vero
3502 4704 3823 4772 pronepote

2183 4787 2355 4841 natus
2386 4787 2527 4838 erat.
2562 4782 2663 4838 His
2692 4798 2824 4839 vere
2854 4783 3244 4840 ﬁrmamentis
3277 4786 3570 4843 nitebatur
3600 4787 3822 4846 Palazo-

2181 4872 2297 4944 logi
2356 4887 2509 4943 spes,
2568 4887 2751 4942 eaque
2783 4870 3071 4944 allegabat
3119 4873 3496 4945 potissimum
3543 4876 3642 4948 qui
3690 4877 3823 4948 ejus

2184 4961 2527 5017 electionem
2558 4960 2842 5016 suadebat
2870 4964 3083 5016 orator.
3116 4961 3445 5019 Verisimile
3483 4968 3681 5020 tamen
3730 4972 3823 5023 est

2182 5049 2339 5105 haud
2373 5048 3323 5121 planehisargumentisconﬁsum
3355 5068 3509 5121 eum,
3534 5057 3822 5125 praeterea

2184 5156 2311 5210 qua:
2345 5138 2539 5210 palam
2566 5137 2893 5208 agebantur
2921 5139 3015 5193 67
3071 5138 3553 5213 dicebanturque,
3613 5143 3822 5198 admo-

2182 5230 2335 5282 visse
2388 5225 2719 5281 clanculum
2782 5242 3024 5283 arcanas
3056 5232 3213 5283 artes
3243 5231 3619 5300 corrogandis
3655 5232 3823 5288 varia

2182 5315 2476 5371 industria
2499 5314 2795 5386 suffragiis
2814 5315 3144 5387 studiisque
3173 5317 3451 5372 velificari
3476 5320 3603 5390 ejus
3634 5322 3823 5377 ambi-

2182 5404 2324 5459 tioni
2380 5402 2725 5469 valentium,
2785 5401 3052 5474 qualium
3084 5404 3302 5460 multos
3339 5410 3580 5477 putatur
3612 5407 3821 5479 amplis

2183 5493 2292 5549 sibi
2328 5490 2821 5564 promissionibus
2878 5492 3237 5564 adjunxisse,
3270 5494 3586 5565 praesertim
3644 5512 3714 5551 ex
3745 5496 3816 5552 iis

2183 5583 2279 5652 qui
2314 5580 2551 5653 nuperis
2581 5580 2728 5637 aulze
2757 5582 3203 5652 tempestatibus
3236 5583 3525 5652 jacturam
3566 5585 3823 5655 dignita.

2185 5676 2311 5728 tum
2345 5673 2616 5728 fecerant.
2651 5670 2718 5725 Et
2740 5669 2977 5727 suberat
2998 5687 3175 5728 causa
3196 5688 3298 5727 cur
3321 5673 3684 5730 occasionem
3703 5691 3821 5731 non
