4154 6286
393 385 501 442 503
1696 385 1993 441 GEORGII
2030 387 2491 443 PACHYMRRB
3683 379 3795 434 504

404 510 576 587 μύρας
628 509 692 564 τὸ
727 504 1009 584 βασιλικὸν
1061 504 1238 580 ἔλεος,
1294 507 1356 563 τὸ
1413 506 1611 563 λοιπὸν
1649 513 1757 563 τῶν
1819 508 2040 584 χρημά-
2071 515 2125 583 Α
2150 509 2204 565 τί
2231 509 2333 585 γὰρ
2366 511 2394 566 6
2431 513 2527 566 τοῦ
2559 512 2796 583 Χριστοῦ
2846 508 3017 581 νόμος
3063 505 3205 564 ἄλλο
3239 503 3543 582 βούλεταιὸ
3583 500 3791 558 διδόναι

400 619 509 655 των
584 603 701 660 τοῖς
776 595 1047 669 ταμιείοις
1118 594 1587 670 ἐντεθησαύριστο.
1663 598 1741 653 Τὸ
1804 598 1905 672 γὰρ
1954 597 2041 652 ἐπὶ
2150 605 2307 654 πᾶσιν
2358 598 2652 655 ἐπιτάττων
2704 598 2942 653 αἰτοῦσιν
2997 598 3032 666 ἢ
3068 597 3203 652 ὥστε
3249 594 3452 655 πάντας
3502 587 3650 668 ἔχειν
3699 594 3790 647 καὶ

404 687 580 764 Κύρου
609 687 696 741 καὶ
758 685 981 760 Δαρείου
1031 686 1093 739 τὸ
1132 683 1300 739 πάλαι
1332 683 1627 759 λεγόμενον
1685 684 1765 741 ἐπ’
1821 686 2046 747 ἐκείνοις
2150 686 2519 762 ἐξαπορεῖσθαι
2565 685 2791 760 μηδένα,
2844 690 3031 741 κοινοῦ
3076 683 3435 760 προκειμένου
3468 684 3564 735 τοῦ
3593 680 3791 753 νόμου,

406 775 658 852 ἄντικρυς
690 774 781 843 ἧν,
813 774 903 829 καὶ
953 774 981 827 ὁ
1035 774 1127 846 μὲν
1190 774 1444 844 Ἰωάννης
1497 776 1675 848 πατὴρ
1732 772 2046 848 Ῥωμαίων,

412 867 440 922 ὁ
472 864 517 922 δ’
546 865 610 920 αὖ
640 861 923 938 Θεόδωρος
971 859 1236 932 δεσπότης
1286 860 1722 936 ἐπωνομάζοντο.
1758 863 1849 924 Εἷς
1892 863 2049 918 τόσον

407 953 499 1010 καὶ
538 954 642 1029 γὰρ
673 952 701 1006 6
736 952 831 1025 μὲν
882 950 1138 1022 Ἰωάννης
1186 956 1640 1024 προμηθευτικῶς
1684 956 1802 1014 τοῖς
1860 952 2051 1006 ἅπασιν

414 1044 583 1117 εἶχεν,
611 1039 749 1096 ὥστε
775 1042 864 1095 καὶ
912 1038 1050 1095 ἰδίαν
1099 1039 1354 1115 πρόνοιαν
1402 1046 1502 1109 τῆς
1554 1037 1847 1114 βασιλικῆς
1898 1040 2051 1111 ἐξου-

416 1132 537 1193 σίας
614 1131 681 1185 τὰ
762 1127 1035 1204 λεγόμενα
1112 1127 1457 1202 ζευγιλατεῖα
1534 1126 1842 1201 ἡδούμενος
1926 1131 2052 1202 παρ’

415 1218 639 1277 ἕκαστον
695 1216 923 1291 κάστρον
994 1214 1085 1271 καὶ
1138 1216 1394 1294 φρούριον
1452 1217 1643 1290 κώμας
1699 1216 1787 1271 ἐπὶ
1840 1217 2055 1277 τούτοις

418 1308 668 1379 καθίστη,
730 1307 811 1383 ἐφ’
868 1307 1015 1380 ᾧπερ
1073 1304 1133 1360 ἐκ
1194 1311 1295 1374 τῆς
1342 1304 1559 1359 ἐκείνων
1627 1303 1909 1381 ἐπικαρίας
1966 1305 2055 1359 καὶ

421 1397 676 1472 εῗσφορᾶς
705 1399 1013 1469 σιταρκοῖτο
1064 1394 1158 1466 μὲν
1205 1395 1295 1448 καί
1336 1394 1397 1448 τὸ
1445 1394 1840 1466 παρακείμενον
1887 1393 2057 1471 φρού-

420 1508 562 1562 ριον,
593 1481 714 1560 ἔχοι
747 1482 804 1539 δέ
853 1505 915 1559 γε
968 1486 1054 1539 καὶ
1090 1485 1117 1539 6
1166 1487 1376 1558 κρατῶν
1435 1484 1669 1547 ἐντεῦθεν
1729 1482 1968 1545 πολλοῖς
2022 1482 2057 1551 ἢ

421 1575 510 1631 καὶ
568 1573 727 1628 πὰσιν
783 1570 1051 1642 ἐξαντλεῖν
1125 1574 1220 1634 τὰς
1273 1579 1373 1642 τῆς
1452 1572 1754 1648 εὐεργεσίας
1825 1572 2060 1645 ἀμάρας,

420 1667 484 1722 Ὀ
533 1662 591 1718 δέ
620 1682 683 1735 γε
719 1658 1000 1733 Θεόδωρος
1048 1660 1094 1714 εἰ
1142 1661 1231 1715 καὶ
1282 1658 1708 1736 δραστικώτερον
1760 1659 2063 1735 ἐχρυσολό-

423 1773 504 1827 γει
548 1749 609 1806 ἐκ
660 1754 856 1805 κοινῶν
916 1746 1237 1819 συνδόσεων,
1268 1748 1393 1804 ἀλλ’
1424 1747 1501 1812 εἷς
1529 1748 1591 1803 τὸ
1646 1747 2067 1804 πολλαπλάσιον

428 1841 667 1912 ἐξεκένου
709 1839 935 1915 γνώμης
988 1836 1282 1908 ἁπλότητι,
1332 1835 1382 1907 ἐξ
1431 1838 1502 1892 ὧν
1555 1834 1870 1909 ἀμπώτιδές
1929 1858 2069 1899 τινες

432 1928 521 1985 καὶ
560 1922 855 2003 χαρύϐδεις
911 1926 985 1988 ὡς
1042 1924 1153 1980 ἐκεῖ
1201 1931 1302 1994 τῆς
1357 1922 1632 1994 Θαλάσσης
1688 1923 1912 1989 ἐνταῦθα
1964 1929 2072 1980 τῶν

430 2016 728 2094 χρημάτων
786 2013 1109 2069 ἐδείκνυντοο
1167 2013 1228 2067 τὸ
1284 2014 1385 2089 γὰρ
1443 2012 1837 2089 ἀφαιρούμενον
1905 2012 2069 2082 ἐπλη-

432 2110 594 2182 ροῦτο
633 2106 797 2160 πάλιν
857 2102 918 2158 ἐκ
968 2106 1067 2157 τοῦ
1126 2099 1345 2176 ῥᾳδίως,
1404 2102 1494 2156 καὶ
1547 2102 1614 2171 ἦν
1673 2104 1708 2171 ἡ
1765 2106 1861 2155 τοῦ
1916 2100 2070 2162 ὄντος

428 2192 708 2272 ἀφαίρεσις
752 2196 847 2247 τοῦ
894 2190 1323 2265 προσγινομένου
1368 2194 1487 2251 τοῖς
1534 2189 1868 2265 ἀφαιρεθεῖσι
1898 2189 2068 2264 πρόσ-

424 2286 567 2346 θεσις
622 2282 855 2350 πλείων,
912 2279 1138 2335 ἑκάστου
1194 2283 1344 2351 μεῖον
1426 2279 1519 2351 μὲν
1589 2275 1931 2340 συνδιδόντος
1980 2275 2071 2332 διὰ

419 2373 519 2440 τὴν
548 2371 733 2439 κοινήν
763 2368 1062 2443 εἴσπραξιν,
1091 2365 1257 2422 πλέον
1302 2364 1345 2420 δ’
1392 2363 1621 2442 ἔχοντος
1653 2368 1818 2441 οὗπερ
1851 2366 2070 2442 ἀφῄρη-

418 2481 506 2517 ται
566 2459 626 2515 ἐκ
679 2463 775 2514 τοῦ
830 2459 1037 2519 πάντας
1103 2456 1164 2511 ἐκ
1230 2453 1499 2531 βασιλέως
1557 2453 1729 2530 ἔχειν,
1786 2455 2064 2511 κάντεῦθεν

420 2551 511 2605 καὶ
554 2550 909 2624 ἐπιχόρηγεῖν
968 2545 1094 2601 ὅτου
1135 2543 1311 2601 δέοιτό
1367 2564 1451 2607 τις
1499 2544 1560 2599 ἐκ
1586 2548 1683 2598 τοῦ
1740 2544 2067 2618 προχείρου,

422 2640 519 2695 κάν
548 2638 628 2711 τῷ
654 2634 859 2692 διδόναι
894 2633 1105 2707 μᾶλλον
1157 2632 1368 2709 χαίρειν
1399 2633 1435 2701 ἢ
1465 2636 1545 2704 τῷ
1589 2627 1907 2705 λαμϐάνειν.
1961 2633 2064 2687 Καὶ

431 2856 531 2913 nia
550 2854 797 2911 ﬂumina
812 2851 1229 2909 redundarent.
1244 2849 1408 2915 Quod
1429 2849 1529 2905 69
1553 2864 1683 2906 vero
1715 2849 1847 2905 istis
1870 2864 2073 2920 super-

432 2948 556 3002 erat
585 2942 941 3015 sumptibus,
976 2939 1180 2996 sedulo
1212 2935 1688 2995 conservabatur.
1723 2938 1883 3003 Quod
1914 2937 2071 2992 enim

433 3036 507 3090 de
537 3035 679 3105 Cyro
713 3030 998 3101 Darioque
1029 3028 1354 3095 dicebatur,
1379 3026 1541 3083 hisce
1572 3042 1804 3098 quoque
1833 3025 2070 3081 omnino

434 3120 816 3179 conveniebat
837 3116 1310 3191 principibus.Ac
1323 3116 1579 3171 Joannes
1599 3114 1839 3186 quidem
1853 3119 2070 3169 Roma-

2154 777 2227 837 ὡς
2260 774 2439 831 άλλου
2475 776 2794 851 παρέξοντος
2847 774 3093 848 ἐτοίμου,
3144 771 3251 847 εἷ’γε
3298 768 3469 833 ἄλλος
3525 771 3792 845 ἀπορήσει

2156 862 2357 926 διδούς.
2390 863 2601 926 Τοῖςδέ
2630 885 2692 940 γε
2741 862 3114 937 μικροψύχοις
3157 861 3247 916 καὶ
3301 861 3364 915 τὸ
3421 859 3539 913 κατ’
3595 856 3792 933 ἐγγύην

2155 953 2321 1028 χρέος
2350 953 2426 1017 εἰς
2462 951 2880 1008 πολλαπλάσιον
2924 952 3198 1028 πρόσεστι,
3227 949 3316 1005 καὶ
3347 947 3614 1024 ἐγγυητὴς
3641 948 3797 1018 Θεὸς,

2155 1043 2218 1097 τὸ
2244 1042 2565 1114 θαυμάσιον.

2158 1144 2257 1203 κδ’.
2320 1150 2509 1210 Ὅπως
2557 1149 2790 1221 νοσήσας
2818 1147 2846 1200 6
2882 1143 3133 1221 βασιλεὺς
3162 1144 3418 1214 Ἰωάννης
3449 1139 3636 1197 πολλᾶ
3681 1144 3802 1203 τοῖς

2672 1216 2896 1287 πένησιν
2928 1216 3287 1292 ἐχορήγησεν.

2236 1309 2295 1379 [Ρ
2326 1309 2437 1380 41]·
2472 1306 2750 1379 Βούλομαι
2792 1305 2972 1361 τοίνυν
3019 1305 3109 1360 καὶ
3156 1302 3296 1360 ἄλλο
3343 1324 3397 1358 τι
3444 1300 3809 1377 διηγήσασθαι

2167 1396 2291 1469 περὶ
2340 1394 2569 1464 τούτων,
2617 1399 2986 1469 παραιτοῦμαι
3032 1391 3110 1465 δὲ,
3157 1392 3240 1448 ὅτι
3278 1394 3371 1447 καὶ
3421 1391 3449 1445 ὁ
3499 1388 3665 1465 λόγος
3721 1386 3813 1444 διὰ

2165 1482 2229 1537 τὸ
2290 1484 2582 1557 ,χρήσιμον
2658 1478 3095 1558 παραϐἐϐασταί.
3154 1480 3331 1544 Νόσος
3405 1479 3665 1552 ἐνέσκηψε
3729 1482 3813 1549 τῷ

2173 1568 2391 1644 βασιλεῖ
2443 1571 2665 1643 Ἰωάννῃ
2718 1571 2853 1625 ποτὶ
2904 1570 3237 1648 ἀφαιρεθέντι
3291 1570 3393 1638 τήν
3449 1566 3533 1622 ἐπ’
3585 1566 3810 1641 ἀγαθοῖς

2176 1658 2376 1732 βοηθὸν
2408 1658 2659 1733 σύζυγον,
2709 1660 2809 1727 τήν
2856 1657 2955 1712 οὐκ
3005 1656 3112 1712 οἶδ’
3143 1659 3173 1711 6'
3202 1678 3253 1711 τι
3296 1656 3385 1711 καὶ
3416 1660 3502 1733 φῶ
3545 1659 3652 1710 τῶν
3676 1664 3807 1718 θαυ-

2179 1746 2384 1819 μασίων
2413 1747 2698 1819 ὀνομάτων
2743 1746 3008 1822 Εἰρήνην.
3058 1746 3147 1801 καὶ
3178 1748 3213 1815 ἡ
3244 1747 3403 1807 νόσος
3451 1746 3526 1808 ὡς
3560 1740 3805 1819 χαλεπή·

2176 1833 2474 1904 ἐπείληπτο
2520 1834 2620 1909 γὰρ
2668 1832 2759 1889 διὰ
2798 1835 2861 1889 τὸ
2907 1841 3103 1910 γῆρας,
3153 1835 3325 1906 οἶμαι.
3376 1836 3499 1890 Τῶν
3543 1836 3673 1908 γοῦν
3722 1830 3809 1885 ia-

2175 1927 2319 1996 τρῶν
2361 1921 2711 1996 ἀπορούντων
2756 1921 2840 1996 ἐφ’
2872 1921 2976 1977 ὅτι
3024 1922 3113 1978 καί
3157 1923 3471 1997 τράποιντο,
3520 1920 3678 1982 αὐτὸς
3723 1917 3814 1974 ἐπὶ

2179 2011 2309 2065 Θεὸν
2347 2010 2690 2087 καταφεύγει,
2740 2011 2830 2065 καὶ
2875 2012 2939 2066 τὸ
2981 2010 3187 2066 ἐκείνου
3236 2011 3371 2087 πρὸς
3420 2007 3620 2070 πάντας
3662 2004 3819 2071 ἔλεος

2176 2099 2313 2153 κατᾶ
2365 2099 2428 2153 τὸ
2487 2098 2709 2154 δυνατὸν
2766 2099 3099 2173 ἐκμιμεῖται·
3173 2106 3394 2175 Ὣριστο
3446 2096 3670 2169 τοίνυν,
3723 2097 3816 2151 καὶ

2178 2208 2398 2249 σακκοις
2428 2189 2455 2241 6
2486 2189 2690 2263 χρυσὸς
2737 2187 3088 2258 ἐξαντλεῖται,
3137 2189 3228 2243 καὶ
3284 2187 3385 2243 ἀνὰ
3429 2183 3485 2257 ἓξ
3527 2187 3617 2240 καὶ
3661 2186 3816 2261 τριά-

2176 2296 2341 2330 κοντα
2411 2280 2517 2331 τῶν
2593 2272 2909 2347 ἀκιϐδήλων
2995 2277 3344 2351 νομισμάτων
3419 2275 3627 2347 ἑκάστῳ
3705 2278 3811 2329 τῶν

2177 2362 2525 2435 ὁπουδήποτε
2572 2365 2780 2442 άοόρων
2833 2363 3063 2437 δίδοται,
3126 2365 3302 2440 χωρὶς
3356 2369 3464 2420 τῶν
3511 2363 3591 2426 εἷς
3641 2362 3814 2427 θείους

2174 2452 2331 2515 ναοὺς
2361 2452 2449 2508 καὶ
2510 2455 2679 2526 μονὰς
2732 2454 2822 2509 καὶ
2879 2452 3152 2530 θεοφιλεῖς
3209 2450 3407 2527 ἄνδρας
3465 2450 3814 2525 ἐξαντληθέν-

2173 2563 2304 2614 των,
2352 2541 2821 2617 ἐπιμετρουμένου
2866 2547 2964 2598 τοῦ
3012 2543 3200 2605 ὲλέους
3247 2541 3527 2605 πλείστοις
3560 2540 3811 2614 ἡμιόνων

2176 2629 2460 2706 σάγμασιν.
2509 2630 2664 2688 Ἀλλ’
2706 2632 3074 2707 ἐπιμετρεῖται
3114 2636 3193 2704 τῷ
3236 2628 3375 2686 ἐλέει
3416 2630 3481 2685 τὸ
3526 2634 3624 2686 τοῦ
3676 2632 3814 2684 Θεοῦ

2183 2863 2360 2918 quam
2394 2848 2702 2919 acciperet:
2736 2848 2879 2918 quin
2909 2847 3066 2904 enim
3102 2848 3200 2903 70
3225 2846 3387 2903 aliud
3445 2846 3664 2904 Christi
3723 2847 3817 2905 lex

2182 2936 2525 3006 praescribit,
2560 2937 2694 2991 dare
2726 2936 2910 2992 cuivis
2954 2937 3173 3008 petenti
3228 2936 3618 3008 praecipiens?
3649 2937 3819 3009 cujus

2181 3024 2333 3079 beati
2368 3025 2596 3079 fructus
2626 3027 2714 3080 est
2744 3025 3044 3081 abundare
3074 3024 3398 3095 universos,
3425 3040 3599 3096 egere
3628 3028 3820 3082 nemi-

2181 3128 2336 3180 nem,
2366 3117 2782 3185 compensante
2814 3113 3216 3169 vicissitudine
3246 3113 3640 3169 communiter
3683 3111 3817 3171 utili

434 3226 641 3268 norum
676 3211 857 3280 pater,
890 3205 1232 3261 Theodorus
1260 3218 1394 3258 vero
1424 3202 1700 3258 dominus
1728 3203 2064 3258 vocabatur.
2097 3218 2140 3285 C
2180 3206 2418 3258 mutuos
2442 3202 2726 3270 defectus,
2759 3203 2901 3258 dum
2934 3206 3143 3274 praesto
3173 3207 3264 3259 est
3296 3203 3396 3273 qui
3444 3203 3720 3259 refundat
3748 3221 3817 3260 ex

428 3302 569 3356 Tam
602 3295 846 3369 provida
873 3306 1131 3363 namque
1162 3290 1569 3347 curaJoannes
1590 3292 1828 3361 quidem
1853 3294 2065 3346 cuncta

432 3384 829 3462 gubernabat,
887 3384 955 3437 ut
1004 3396 1109 3436 nec
1173 3379 1481 3450 indignum
1543 3379 1772 3450 fastigio
1831 3379 2067 3434 duceret

433 3478 501 3533 ad
529 3471 994 3547 procurationem
1017 3467 1298 3525 humilem
1320 3468 1670 3523 descendere
1686 3467 2066 3523 instrumenti

435 3564 611 3621 etiam
644 3560 847 3617 rustici
878 3576 945 3615 ac
965 3560 1374 3631 jumentorum
1396 3558 1467 3612 ad
1495 3556 1866 3628 agriculturae
1898 3556 2068 3611 mini-

439 3651 641 3720 steria,
672 3650 761 3706 vel
794 3652 988 3705 aratra
1019 3647 1108 3703 vel
1163 3662 1399 3705 sarraca
1454 3645 1856 3712 trahentium;
1900 3645 2070 3716 cujus

440 3740 670 3815 generis
702 3738 1029 3811 provisores
1059 3750 1126 3791 ac
1152 3735 1456 3801 praefectos
1487 3750 1588 3805 per
1618 3738 1808 3790 castra
1839 3732 2074 3803 singula

443 3825 1155 3894 constituerat,attributis
1175 3825 1388 3896 cuique
1402 3824 1518 3879 arci
1538 3826 1787 3895 ejusque
1804 3821 2073 3893 praesidio

442 3918 617 3976 certis
633 3917 822 3990 pagis,
845 3915 999 3972 unde
1020 3912 1364 3970 sufﬁcientis
1394 3929 1636 3968 annona:
1661 3911 1826 3981 copia
1848 3927 1964 3966 non
1984 3926 2078 3966 so-

443 4008 567 4063 lum
599 4005 889 4062 militibus
913 4009 1268 4076 suppeteret,
1302 4002 1403 4058 sed
1435 4016 1503 4056 ex
1547 3998 1870 4056 abundanti
1899 3998 2077 4053 etiam

442 4095 578 4151 inde
608 4094 877 4167 princeps
908 4092 1150 4149 haberet
1179 4091 1333 4163 quod
1365 4088 1605 4161 largain
1630 4088 1847 4144 multos
1864 4087 2080 4143 benefi-

443 4183 632 4241 centia
661 4183 1061 4255 profunderet.
1090 4179 1425 4235 Theodorus
1458 4194 1629 4250 porro
1660 4177 1766 4234 etsi
1791 4177 2083 4233 efficacior

443 4273 503 4328 in
534 4289 677 4329 auro
707 4288 777 4327 ex
795 4269 1094 4327 communi
1113 4267 1421 4324 collatione
1446 4267 2080 4337 congregando,tamen

444 4363 603 4419 idem
634 4364 760 4416 erat
789 4375 904 4431 prae
926 4356 1299 4428 simplicitate
1322 4355 1535 4409 mentis
1553 4354 1711 4409 haud
1735 4355 1878 4409 satis
1900 4358 2081 4409 cauta;

445 4453 506 4508 in
538 4450 742 4506 eodem
774 4446 1017 4520 prodige
1047 4444 1436 4517 dispergendo
1469 4443 1781 4514 profusior,
1813 4448 1877 4497 ut
1925 4443 2079 4513 quod

448 4540 509 4595 in
536 4535 851 4594 maritimis
881 4534 1123 4590 aestibus
1138 4534 1482 4605 Euriporum
1500 4548 1564 4588 ac
1585 4530 2081 4603 Charybdum,hic

452 4642 685 4700 quoque
698 4625 950 4697 quadam
971 4622 1196 4679 alterna
1217 4620 1973 4693 reciprocationeefﬂuentis
1994 4637 2081 4675 re-

453 4714 807 4786 fluentisque
836 4712 1093 4785 pecunias
1134 4715 1487 4780 cerneretur,
1521 4709 1787 4766 exhausti
1820 4726 1922 4781 per
1967 4709 2086 4765 lar-

453 4802 902 4878 gitionesaerarii
916 4801 1150 4856 damnis
1165 4800 1318 4855 facili
1340 4817 1474 4856 mox
1494 4800 1895 4871 corrogatione
1916 4813 2087 4869 repo-

455 4893 731 4961 sitis,imo
750 4892 901 4963 quod
922 4905 1241 4959 expensum
1256 4895 1380 4945 erat
1396 4889 1795 4945 abundantius
1809 4889 2088 4944 redeunte

440 4998 558 5055 'per
588 4982 849 5036 modicas
878 4979 1012 5034 licet
1038 4977 1307 5047 singulis,
1331 4983 1600 5034 caeterum
1627 4983 1864 5051 propter
1894 4977 2090 5033 multi-

450 5070 720 5127 tudinem
775 5066 1202 5123 conferentium
1257 5066 1313 5120 in
1369 5082 1634 5122 summas
1665 5068 1751 5122 vel
1802 5067 2087 5122 maximas

451 5159 794 5216 excedentes
832 5154 1294 5211 contributiones
1350 5154 1720 5210 subditorum
1752 5172 1766 5222 ;
1800 5172 1905 5210 nec
1950 5156 2086 5210 inde

452 5248 740 5304 exhausta
773 5245 997 5317 privata
1026 5260 1519 5314 quorumcumque
1552 5243 1848 5312 facultate,
1891 5244 2087 5315 utique

453 5334 760 5407 quamlate
781 5334 849 5389 ad
867 5349 1072 5388 omnes
1089 5337 1504 5404 promanantes
1525 5337 1581 5387 et
1593 5332 1746 5387 varie
1763 5332 1820 5387 in
1844 5332 2083 5389 domum

457 5441 523 5479 ac
554 5424 849 5479 fortunam
877 5437 1174 5495 quamque
1206 5421 1441 5490 perenni
1467 5421 1718 5492 quodam
1743 5437 1918 5477 cursu
1954 5439 2086 5492 pro-

457 5514 703 5568 fluentes
767 5509 1110 5583 principalis
1176 5509 1566 5565 beneficentiae
1624 5509 1844 5566 alerent
1894 5511 2086 5567 rivuli.

462 5607 734 5670 Prompta
752 5602 967 5672 quippe
991 5603 1196 5671 praesto
1216 5600 1416 5655 aderat
1437 5600 1698 5655 omnium
1725 5601 2087 5656 necessitati-

461 5691 572 5744 bus
604 5687 764 5760 larga
796 5688 1126 5761 benignitas
1157 5689 1437 5759 principis
1467 5689 1746 5746 libentius
1778 5689 2086 5748 tribuentis

2180 3290 2410 3361 publico
2444 3299 2729 3363 quantum
2747 3308 2815 3348 ex
2835 3292 3052 3363 privato
3071 3291 3316 3362 quilibet
3336 3290 3602 3347 contulit.
3625 3295 3670 3347 A
3695 3308 3811 3363 quo

2174 3395 2243 3434 ne
2273 3378 2625 3435 abhorreant
2653 3380 3003 3436 commercio
3034 3380 3213 3435 animi
3244 3379 3465 3452 pusilli,
3492 3381 3808 3451 fidejusso-

2175 3485 2317 3538 rem,
2349 3472 2499 3541 quod
2533 3472 2746 3526 mirum
2788 3474 2899 3539 est,
2945 3487 3009 3526 se
3062 3476 3216 3526 Deus
3275 3471 3465 3537 offert,
3523 3469 3804 3542 pollicens

2176 3576 2239 3615 se
2269 3575 2655 3631 repensurum
2687 3559 3080 3634 multiplicato
3139 3561 3358 3616 foenore
3417 3562 3568 3632 quod
3601 3561 3807 3617 datum

2180 3649 2374 3705 fuerit.

2181 3756 2272 3811 24.
2310 3757 2372 3813 Ut
2399 3759 2685 3828 aegrotans
2714 3756 3021 3827 imperator
3065 3756 3302 3812 Joanne:
3332 3755 3519 3812 multa
3566 3758 3831 3828 pauperi-

2769 3829 2866 3884 bus
2894 3829 3231 3901 eragaverit.

2256 3915 2400 3972 Nolo
2430 3919 2487 3971 et
2532 3914 2690 3971 aliud
2738 3915 2917 3987 hujus
2970 3915 3201 3986 generis
3261 3932 3521 3983 narrare,
3580 3920 3836 3989 petoque

2186 4005 2439 4072 veniam,
2474 4004 2522 4059 si
2554 4004 2883 4076 argumenti
2914 4004 3165 4060 utilitate
3194 4008 3482 4061 tractatus
3509 4005 3835 4078 digressio-

2190 4093 2364 4149 nibus
2384 4093 2679 4165 indulgeo.
2713 4093 2912 4149 Morbo
2938 4099 3240 4166 correptus
3271 4094 3586 4166 aliquando
3609 4096 3835 4151 estim-

2191 4184 2419 4252 perntor
2446 4180 2705 4236 Joannes
2729 4195 2930 4235 recens
2960 4179 3236 4237 viduatus
3269 4181 3545 4253 praeclara
3564 4182 3623 4236 in
3655 4181 3834 4238 rebus

2190 4269 2361 4324 bonis
2385 4267 2669 4340 adjutrice
2700 4269 2970 4341 conjuge,
3003 4268 3124 4339 illa,
3176 4270 3442 4340 inquam,
3493 4269 3835 4326 admirabili

2194 4357 2377 4422 Irene,
2409 4358 2503 4413 cui
2533 4374 2635 4429 pro
2659 4357 2866 4413 merito
2899 4357 3205 4413 laudandis
3239 4359 3414 4414 verba
3445 4359 3838 4414 desunt.Erat

2195 4451 2388 4501 autem
2443 4446 2681 4502 morbus
2748 4448 2888 4502 sane
2943 4446 3209 4502 sonticus
3238 4451 3295 4501 et
3350 4446 3565 4517 gravis,
3612 4447 3835 4519 quippe

2193 4550 2363 4591 casus
2388 4533 2701 4590 inducebat
2722 4534 3047 4607 epilepticis
3091 4534 3529 4591 accessionibus
3581 4535 3830 4605 similes,

2191 4624 2297 4680 etsi
2333 4625 2477 4680 forte
2507 4624 2566 4679 hi
2597 4624 2883 4681 debilitati
2914 4626 3099 4681 aetatis
3128 4626 3252 4697 jam
3282 4630 3562 4697 provectis
3606 4626 3833 4697 justius

2197 4712 2473 4785 imputari
2508 4714 2860 4785 potuissent.
2893 4714 3136 4769 Incertis
3170 4714 3411 4770 medicis
3442 4732 3558 4785 quo
3591 4731 3655 4771 se
3698 4732 3831 4770 ver-

2194 4804 2402 4869 terent,
2440 4817 2589 4873 aeger
2620 4803 2691 4857 ad
2723 4801 2907 4857 Deum
2934 4802 3217 4874 confugit,
3252 4809 3308 4857 et
3337 4803 3468 4873 ejus
3500 4802 3727 4876 largam
3768 4805 3830 4859 in

2196 4904 2398 4945 omnes
2432 4890 2897 4945 misericordiam
2930 4894 3102 4961 prout
3132 4894 3357 4963 poterat
3386 4892 3831 4965 imitatur.Ergo

2195 4978 2323 5049 ejus
2356 4979 2625 5034 mandato
2657 4979 2927 5034 hauritur
2954 4984 3010 5034 et
3041 4979 3335 5036 thesauris
3376 4997 3588 5036 aurum
3639 4982 3832 5053 plenis

2196 5067 2401 5135 saccis,
2435 5073 2491 5122 et
2519 5068 2589 5122 ad
2613 5084 2713 5123 sex
2742 5072 2799 5123 et
2829 5066 3067 5139 triginta
3097 5068 3288 5138 probae
3321 5074 3566 5124 monetis
3598 5071 3833 5125 nummi

2195 5171 2505 5227 egenorum
2520 5154 2760 5210 cuilibet
2775 5156 3110 5226 ubicunque
3129 5156 3467 5227 degentium
3483 5157 3653 5213 divisi
3668 5163 3831 5228 sunt,

2199 5249 2403 5315 praeter
2431 5261 2495 5299 ea
2526 5262 2650 5316 quae
2676 5245 2733 5299 in
2758 5261 2923 5300 sacra
2953 5244 3052 5299 Dei
3086 5244 3326 5316 templa,
3359 5245 3418 5299 in
3472 5248 3838 5303 monasteria

2196 5339 2252 5388 ct
2282 5333 2432 5389 viros
2460 5334 2573 5389 Deo
2596 5333 2833 5389 devotos
2864 5337 3003 5388 sunt
3031 5350 3305 5403 expensa,
3362 5333 3717 5391 liberalitate
3763 5353 3837 5392 ea

2200 5439 2299 5493 per
2328 5421 2545 5477 multos
2575 5426 2822 5477 onustos
2855 5422 3045 5477 mulos
3075 5438 3191 5493 quo
3207 5422 3465 5493 oportuit
3488 5424 3835 5480 missaJlaec

2198 5511 2443 5582 Augusti
2487 5510 2888 5566 misericordia
2943 5510 3203 5566 divinam
3258 5511 3313 5565 in
3374 5527 3510 5566 eum
3566 5514 3830 5569 attraxit.

2199 5605 2341 5671 Ergo
2372 5600 2421 5655 is
2452 5600 2796 5669 a'gritudine
2828 5600 3085 5671 primum
3130 5600 3280 5656 facta
3331 5599 3557 5665 leviori,
3619 5601 3835 5658 deinde

2196 5690 2367 5764 plane
2396 5689 2709 5760 convaluit,
2737 5689 2951 5760 gaudio
2982 5689 3110 5760 ejus
3127 5693 3185 5745 et
3217 5690 3404 5744 fructu
3419 5689 3626 5757 animi,
3645 5705 3835 5761 quan-
