4182 6286
375 338 494 395 505
1462 339 1558 392 DE
1595 334 1967 392 MICHAELE
2002 337 2026 388 Ι

2136 331 2444 390 .EOLOGO
2482 332 2616 386 LIB.
2659 335 2705 385 Ῑ.
3681 322 3787 379 506

377 457 563 532 ἔλεος,
591 458 682 514 καὶ
732 455 905 535 ῥαίζει
949 463 1049 526 τῆς
1097 457 1256 512 νόσου
1288 459 1315 512 ὁ
1345 457 1599 529 ἀσθενων,
1656 456 1747 512 καὶ
1807 456 2025 531 ἐπιγάν-
2057 454 2308 524 Ατινᾶς,
2340 453 2400 508 οὐ
2454 452 2664 525 μᾶλλον
2711 451 2846 507 κατά
2895 450 3215 528 φιλοτιμίαν
3265 447 3300 517 ἢ
3346 447 3482 503 κατὰ
3519 448 3782 522 πρόνοιαν

378 549 560 622 νυτάι,
619 549 694 608 ὡς
750 547 915 615 εἰκὸς,
963 551 1041 618 τῷ
1097 545 1254 602 ἐλέει.
1314 549 1413 601 Καὶ
1468 545 1760 620 Ῥωμαίοις
1821 547 2028 600 ἀποΑο-
2135 548 2241 597 τῶν
2289 542 2625 615 μελλόντων,
2660 543 2734 602 ὡς
2765 537 2949 612 ἔδειξε.
3000 540 3111 607 Τὴν
3153 535 3200 592 δ’
3248 537 3452 592 ἐκείνου
3486 538 3670 592 πενίαν
3707 539 3784 592 εί-

385 644 603 713 γεῖσθαι
661 633 834 699 θέλων
892 635 966 696 ὡς
1019 634 1264 707 ἀμείωτα
1311 635 1378 689 τὰ
1419 634 1574 688 κοινὰ
1618 638 1713 688 τοῦ
1766 631 2029 688 τοσούτου
2136 633 2333 694 πόντος
2381 630 2586 685 ἐκείνου
2629 631 2761 685 ποτέ
2802 628 2988 704 παρὼν
3038 628 3129 682 καὶ
3171 625 3399 689 ἀκούσας
3434 628 3460 681 ὁ
3489 629 3705 703 γράφων
3740 627 3785 681 εἰ

388 722 694 802 προϐάντος
744 723 937 791 ἐλὲου,
986 724 1144 777 αὐτὸν
1195 723 1396 778 ἐκείνον
1444 723 1537 777 τὸν
1582 721 1876 792 ἐλεήσαντα
1921 725 2027 775 τῶν
2142 719 2443 794 μαρτυροίη
2473 763 2488 789 ,
2538 716 2768 791 ψεύδους
2817 716 3021 771 ἁλῶναι
3071 716 3132 770 οὐ
3183 713 3455 781 δέδοικεν,
3520 714 3634 769 ἐπεὶ
3690 714 3786 769 κά-

391 800 704 888 λεγομένων
775 807 931 888 ἔφερε
1005 812 1250 884 μάρτυρα
1319 811 1454 884 πρὸς
1526 811 1616 864 τὸν
1686 808 2027 883 πατρίάρχην
2138 810 2302 879 κείνῳ
2351 807 2428 870 εἷς
2469 808 2737 881 καύχημα
2786 805 2912 878 δόξη
2964 809 3029 873 ἦν
3078 808 3112 874 ἡ
3164 804 3319 858 πενία
3372 800 3496 859 τότε
3540 803 3782 878 λέγοντι.

395 900 659 970 Μανουὴλ
709 899 881 972 λέγων
933 899 1007 958 ὡς
1055 895 1206 952 οὐδὲν
1259 898 1580 971 ἐξήντληται
1626 903 1732 952 τῶν
1791 901 2031 965 κοινῶν,
2140 897 2295 971 Τρισὶ
2354 896 2456 971 γάρ
2516 896 2704 969 μόνοις
2775 894 3067 967 νομίσματι
3129 894 3265 948 κατὰ
3318 892 3414 953 τὰς
3470 893 3584 946 κατ’
3639 894 3784 947 οἶκον

397 990 523 1046 ἀλλ’
580 990 640 1044 ἐκ
696 987 1034 1061 προμηθείας
1106 989 1367 1056 κτήσαιτο
1422 992 1589 1042 ταῦτα
1652 986 1740 1040 καὶ
1803 985 2033 1059 μελέτης
2141 985 2326 1060 χρείας
2373 986 2436 1040 τὸ
2480 986 2645 1040 ποσὸν
2690 983 2858 1055 αὐτῷ,
2907 983 2994 1038 ὅτε
3030 981 3336 1058 βασὶλεύοι,
3370 982 3442 1043 ὡς
3474 979 3649 1056 ἔλεγε,
3698 1003 3789 1036 πε-

399 1079 566 1146 ίδίας,
597 1078 648 1148 ἐξ
697 1078 768 1131 ὧν
817 1079 1105 1151 γεωπονῶν
1157 1077 1258 1130 οὐκ
1302 1074 1430 1130 ἀνίει
1481 1073 1550 1129 δι’
1599 1073 1902 1148 είδημόνων
1948 1075 2031 1128 ἀν·
2140 1073 2404 1147 ριίστατο.
2459 1073 2560 1129 Καὶ
2605 1074 2694 1127 τὸν
2738 1070 3002 1147 ’Ἄγγελον
3050 1070 3278 1148 ἀδελφὸν
3322 1065 3451 1124 ὅντα
3483 1077 3582 1138 τῆς
3627 1071 3787 1124 αὐτοῦ

402 1167 568 1242 δρῶν,
617 1162 693 1220 ἔτι
745 1163 802 1219 δὲ
846 1165 934 1218 καὶ
978 1168 1083 1218 τῶν
1137 1163 1187 1217 ἐν
1240 1163 1422 1224 αὐτοῖς
1488 1160 1554 1232 δὴ
1621 1169 1736 1225 τοῖς
1797 1162 2032 1235 κτήμασί
2140 1166 2441 1233 πενθερᾶς,
2503 1161 2558 1215 ὅν
2623 1161 2789 1236 μέγον
2845 1161 3209 1234 πριμικήριον
3262 1159 3424 1219 αὐτὸς
3470 1156 3789 1233 βασιλεύσας

402 1255 721 1332 θρεμμάτων
756 1252 1026 1331 διαφόρων
1079 1251 1496 1325 ἐπιμελόμενος.
1530 1250 1720 1322 Οὕτως
1749 1252 1815 1320 ἦν
1848 1251 2030 1312 αὐτοῖς
2139 1246 2430 1321 ἀπέδειξεν,
2456 1249 2635 1305 ἐκάλει
2667 1248 2934 1324 παρόντα,
2986 1248 3137 1310 ὅπως
3168 1248 3328 1309 αὐτὸς
3361 1246 3632 1321 λαγχάνοι
3663 1250 3792 1322 παρ’

398 1347 459 1401 τὸ
487 1343 750 1420 θεοφιλὲς,
782 1343 870 1396 καὶ
901 1342 1043 1396 οὕτω
1059 1341 1118 1395 τὸ
1148 1340 1565 1418 φιλορρώμαιον
1595 1337 1849 1415 ἔγνωστο.
2141 1337 2304 1392 αὐτοῦ
2354 1336 2504 1402 δίκας
2562 1339 2692 1412 ὑπερ
2741 1345 2841 1407 τῆς
2882 1345 2982 1407 τῆς
3020 1335 3316 1413 ἀδελφιδῆς
3367 1336 3594 1408 προικὸς
3649 1357 3785 1410 μαρ-

398 1466 486 1514 κε’.
563 1459 750 1518 ’Ὀπως
819 1454 1155 1516 ἐπιπολαίως
1213 1457 1240 1509 ὁ
1304 1456 1466 1530 μὲγας
1531 1453 1654 1524 δοὺξ
1695 1459 1801 1508 τῶν
1882 1455 2028 1529 βασι·
2137 1428 2490 1501 πρήσοντα·
2556 1425 2807 1530 Κοὲκεῖνος
2866 1425 3022 1502 ἐγγὺς
3087 1427 3364 1500 napus-15“
3448 1424 3734 1499 ἐμαρτύρει
3771 1469 3785 1493 ν

465 1529 649 1602 λςκῶγ-
727 1527 1030 1602 χρημάτων
1117 1514 1416 1600 ἀπτόμὲνοζς
1454 1514 1788 1602 -περιεῖποίει
1860 1514 2032 1598 {au-EQ,
2138 1517 2226 1569 καὶ
2279 1517 2441 1588 ἡμεῖς
2492 1515 2770 1588 ἠκούομεν
2821 1515 3080 1590 λὲγοντος
3120 1516 3210 1570 καὶ
3261 1514 3417 1588 ὅρκον
3473 1515 3789 1588 προστιθὲν-

458 1601 558 1668 τῆν
593 1597 859 1654 εἷίνοίᾶνιν-
1265 1597 1272 1600 ⁷
1561 1597 1570 1602 ⁷
2009 1597 2012 1598 ν
2137 1624 2230 1667 τος
2273 1609 2394 1665 τοῖς
2441 1602 2780 1679 λεγομένοις.
2831 1604 2966 1662 Τότε
3012 1608 3296 1678 τοιγαροῦν
3347 1601 3474 1664 τοὺς
3523 1599 3791 1669 πολλοὺς,

459 1697 590 1752 Τόαε
622 1695 679 1752 δὲ
721 1695 939 1751 πολλοῦ
986 1716 1133 1758 τινος
1180 1695 1230 1748 ἐν
1281 1695 1571 1770 Μαγνησίᾳ
1616 1695 2034 1770 τεθησαυρισμέ-
2139 1691 2229 1746 καὶ
2265 1691 2478 1764 μᾶλλον
2513 1699 2596 1755 οἷς
2636 1691 2842 1767 εὐγενὲς
2873 1693 2936 1748 τὸ
2974 1691 3154 1769 γένος,
3185 1691 3619 1763 ὑποποιούμενος
3649 1711 3792 1765 παρ-

386 1807 480 1841 νου
523 1788 842 1861 χρήματος,
886 1784 985 1839 οὐκ
1029 1783 1143 1854 ἐξὸν
1173 1783 1235 1850 ἦν
1287 1787 1366 1854 τῷ
1403 1782 1625 1858 μεγάλῳ
1675 1781 1825 1837 δουκί
1854 1804 1912 1836 τε
1940 1783 2028 1836 καὶ
2069 1821 2113 1861 η
2145 1785 2290 1854 εἶχεν
2342 1779 2393 1850 ἐξ
2461 1779 2693 1854 εὐλόγου
2743 1781 2900 1849 δῆθεν
2960 1783 3281 1857 προφάσεως
3321 1784 3427 1835 τῶν
3492 1777 3787 1853 βασιλικῶν

387 1874 669 1950 ἐπιτρόπῳ
727 1875 896 1950 ῥᾷστα
954 1868 1252 1944 λαμϐάνειν
1313 1873 1401 1926 καὶ
1456 1877 1720 1945 χορηγεῖν
1781 1869 1918 1926 ὅπου
1968 1871 2034 1939 ἦν
2069 1867 2114 1886 ³³
2145 1867 2448 1943 χρημάτων
2498 1868 2816 1938 ἀπόνασθαι,
2861 1868 2990 1924 αὐτὸ
3020 1869 3156 1932 τὲως
3211 1870 3284 1930 ὡς
3343 1868 3459 1942 εἶχε
3509 1871 3786 1943 συντηρῶν

394 1962 714 2038 βουλομένῳ
746 1963 818 2016 o't'
867 1960 1174 2038 ἐφειστήκει
1203 1961 1305 2036 γάρ
1333 1959 1395 2014 τὸ
1447 1959 1702 2015 Κελτικὸν
1753 1960 1842 2014 καὶ
1886 1959 2042 2014 πελε-
2148 1957 2333 2010 ἑαυτὸν
2359 1960 2465 2010 τῶν
2499 1956 2808 2030 λημμάτων
2840 1958 3133 2031 ἀνώτερον.

395 2050 652 2126 κυφόρον,
702 2049 882 2126 ἐφέξον
932 2047 998 2118 ἤν
1050 2070 1132 2111 τις
1181 2047 1515 2122 ἐπιχειροίη,
1565 2047 1654 2102 καὶ
1705 2047 1919 2124 φυλακὴ
1972 2048 2040 2115 ἦν

393 2114 507 2201 «eoi:
533 2114 803 2211 ταμιείοις
849 2139 913 2212 [Ρ
945 2139 1070 2210 42],
1121 2137 1193 2198 ὠς
1223 2140 1476 2212 γνωστῶς
1521 2114 1760 2190 δίδοσθαι
1813 2134 1948 2190 ὅπου
1979 2135 2041 2188 τὸ
2147 2117 2246 2181 κςό
2307 2118 2523 2222 ’Ότξωί
2568 2116 3040 2222 ξζρένξξ-ξῂῖξξη
3067 2114 3704 2222 τξοξλῖξιῇἱεξείηπολλήν
3761 2119 3789 2172 ὁ

396 2187 678 2301 ἀναγκαίον
707 2233 806 2295 τῆς
839 2187 1296 2302 χρείαξῖἀπῂτέι.
1330 2187 1606 2281 Ἐδίδοντο
1661 2222 1718 2278 δὲ
1769 2221 2043 2287 πολλάκις
2362 2188 2523 2266 μέγας
2568 2187 2692 2260 δοὺξ
2735 2187 3040 2259 ἐπεδείξατο
3091 2188 3188 2256 τὴν
3241 2187 3575 2242 ὑπόπτωσιν⁸

399 2317 488 2370 καί
515 2337 653 2370 τισιν
701 2314 1074 2375 ἐπιτάττοντος
1117 2313 1414 2388 προφάσετι
1465 2313 1651 2388 χρείας
1700 2315 1801 2366 οὐκ
1849 2310 2039 2382 οὔσης.
2220 2313 2307 2367 Ἐν
2358 2312 2601 2384 τοσούτῳ
2653 2311 2710 2366 δὲ
2759 2312 2911 2368 λαὶὸ
2943 2311 3267 2388 πατράρχης
3316 2309 3406 2364 σύν
3453 2332 3510 2366 τε
3559 2316 3674 2374 τοῖς
3703 2312 3789 2367 ἐκ-

405 2403 697 2467 Κάντεῦθεν
761 2404 930 2478 ἀρχάς
977 2403 1150 2474 ἐαυτῷ
1199 2401 1477 2474 εὐμενείας
1521 2396 2038 2473 προκατεϐάλλετο,
2148 2398 2356 2471 κρίτοις
2410 2403 2507 2453 τοῦ
2563 2398 2774 2474 κλήρου
2821 2401 2907 2454 καὶ
2989 2405 3107 2462 τοῖς
3175 2401 3486 2475 ἀρχιερεῦσι
3543 2407 3794 2476 παρεῖναι

410 2491 490 2551 οἷς
523 2489 620 2544 οὐκ
647 2490 713 2558 ἧν
752 2497 850 2558 τῆς
893 2489 1190 2565 εὐεργεσίας
1243 2485 1630 2558 ὑπιλελῆσθαι,
1679 2487 1766 2541 καὶ
1822 2483 2042 2546 δικαίως
2149 2486 2399 2556 ἧκούετο’
2432 2489 2522 2542 καὶ
2552 2489 2610 2550 ’ὸς
2643 2487 2834 2543 αὐτίκα
2885 2491 3065 2560 μαθὼν
3111 2488 3219 2564 πρὺ
3259 2493 3362 2543 τῶν
3415 2487 3599 2542 ἄλλων
3633 2490 3795 2552 αὐτὸς

407 2576 467 2633 ἂν
518 2576 1022 2653 ἀπολογησόμενος,
1075 2578 1121 2632 εί
1174 2579 1246 2651 μή
1297 2597 1405 2632 τινι
1450 2581 1712 2650 παρεῖχεν
1748 2575 1905 2636 αὐτὸς
1955 2571 2044 2628 διὰ
2155 2577 2361 2646 ὑπαντᾷ
2411 2575 2698 2652 μακρόθεν,
2727 2578 2894 2650 τιμὴν
2935 2579 3032 2646 τὴν
3088 2577 3342 2652 μεγίστην
3391 2575 3795 2652 ἀφοσιούμενος

403 2669 503 2736 τὴν
533 2667 749 2722 ἐνοῦσαν
781 2669 984 2740 πενίαν,
1020 2665 1156 2740 ὅμος
1205 2667 1456 2744 ἀφορμὰς
1509 2662 1689 2719 ἐδιδου
1742 2658 2038 2737 λαμϐάνειν
2151 2663 2230 2734 τῷ
2261 2667 2577 2740 πατριάρχῃ
2625 2666 2715 2720 καὶ
2743 2667 2901 2720 παντῖ
2952 2669 3031 2737 τῷ
3075 2667 3208 2741 ἱερῷ
3249 2664 3608 2739 πληρώματι,
3656 2669 3792 2737 πεζῇ

405 2798 534 2851 tum
565 2795 651 2850 fas
681 2797 803 2850 erat
833 2810 902 2849 ex
958 2797 1078 2848 tam
1128 2793 1378 2849 evidenti
1409 2791 1804 2864 experimento
1834 2789 2041 2844 divinae
2156 2804 2270 2844 non
2304 2791 2490 2862 magis
2524 2791 2581 2846 id
2613 2807 2793 2863 agens
2823 2791 3163 2847 ambitionis
3185 2791 3469 2847 instinctu
3493 2807 3670 2862 quam
3704 2809 3796 2848 sa-

413 2882 824 2940 misericordias
856 2898 1085 2954 capere.
1121 2883 1270 2938 Tum
1306 2897 1552 2954 purgare
1603 2897 1666 2936 se
1725 2879 1877 2950 apud
1927 2878 2042 2932 Ro-
2151 2877 2333 2948 pienti
2355 2879 2694 2950 praevisione
2726 2880 3080 2951 futurorum,
3107 2884 3281 2953 prout
3311 2881 3391 2934 rei
3409 2880 3597 2936 exitus
3627 2897 3798 2936 mon—

411 2971 903 3039 manosvolens,si
930 2971 1073 3027 forte
1087 2969 1738 3040 quererentureﬂusain
1755 2983 2041 3041 pauperes
2152 2967 2376 3022 stravit.
2409 2967 2487 3023 De
2517 2967 2676 3023 illius
2700 2985 2868 3040 porro
2883 2970 3054 3025 modo
3083 2973 3406 3025 memorata
3431 2974 3799 3040 paupertate,

403 3060 760 3118 liberalitate
812 3058 1114 3132 publicum
1186 3061 1277 3114 71
1331 3058 1601 3114 aerarium
1667 3058 2041 3120 exhaustum,
2152 3054 2200 3109 si
2234 3071 2359 3127 qua:
2417 3056 2640 3112 audivit
2668 3073 2738 3112 ex
2790 3056 2917 3128 ipso
2971 3057 3247 3128 quondan
3309 3073 3567 3128 praesens
3618 3057 3796 3128 hujus

405 3151 576 3207 illum
634 3150 831 3221 ipsum
882 3149 1052 3218 cujus
1105 3147 1293 3220 gratia
1348 3150 1589 3202 sanatus
1645 3147 1829 3202 fuerat
1858 3146 2041 3202 Deum
2086 3213 2116 3221 ᾧ
2155 3143 2409 3200 historiae
2451 3145 2715 3216 scriptor,
2751 3145 2842 3201 hic
2887 3162 2990 3218 pro
3043 3145 3382 3202 testimonio
3411 3145 3644 3214 dixerit,
3677 3163 3791 3200 non

405 3242 615 3295 testem
647 3213 1320 3308 allegavit,'patriarchae
1351 3233 1606 3291 Manueli
1633 3241 1830 3290 sancte
1886 3235 2044 3289 afﬁr-
2077 3213 2118 3280 ι’]
2157 3247 2298 3287 sane
2328 3213 2661 3289 veretur—ne
2693 3213 3048 3306 coarguatur
3079 3236 3350 3303 mendax,
3383 3251 3525 3290 neve
3565 3213 3673 3290 hoc
3707 3233 3797 3288 illi

407 3344 575 3384 mans
606 3326 758 3383 nihil
789 3342 1031 3398 prorsus
1060 3340 1129 3380 ex
1159 3325 1231 3380 iis
1263 3341 1388 3396 qua:
1416 3325 1551 3379 data
1583 3325 1831 3391 fuerant,
1864 3340 1894 3379 e
1923 3322 2045 3379 tho-
2157 3322 2323 3376 cedat
2372 3322 2430 3376 in
2490 3321 2743 3377 dedecus
2802 3324 2955 3394 quod
3016 3323 3377 3396 Palaologus
3435 3322 3631 3394 gloriae
3689 3323 3801 3378 sibi

409 3417 598 3473 sauris
625 3414 958 3488 reipublicm
979 3414 1525 3486 depromptum,sed
1545 3429 1614 3469 ex
1629 3413 1853 3484 privata
1891 3428 2042 3483 penu
2157 3409 2275 3465 fore
2306 3413 2622 3466 autumans
2655 3411 2725 3466 de
2757 3427 2818 3466 se
2841 3412 3132 3481 jactabat,
3194 3417 3502 3468 ostentans
3535 3428 3796 3483 pauper-

412 3510 468 3562 et
496 3521 562 3560 ex
595 3505 778 3577 partis
808 3521 874 3559 ac
923 3502 1182 3560 collectis
1227 3501 1462 3574 propria
1490 3502 1783 3557 industria
1813 3518 1879 3556 ac
1909 3518 2043 3572 pro-
2157 3501 2338 3553 tatem
2371 3514 2538 3553 suam
2567 3515 2710 3556 sane
2741 3503 2967 3555 tantam
3002 3505 3068 3555 ut
3096 3500 3416 3556 afﬁrmaret
3446 3499 3622 3556 etiam
3672 3501 3798 3570 jam

409 3593 684 3659 videntis,
736 3591 1058 3647 exercenda
1109 3590 1332 3646 scilicet
1377 3605 1480 3662 per
1504 3606 1721 3662 gnavos
1746 3594 1802 3645 et
1866 3605 2044 3661 expe-
2160 3586 2257 3641 72
2309 3585 2601 3656 imperans
2661 3589 2968 3645 domestici
3028 3589 3135 3644 sibi
3191 3593 3332 3661 quot
3387 3590 3595 3644 diebus
3656 3605 3799 3644 usus

406 3679 620 3736 rientes
638 3678 874 3735 colonos
901 3695 1174 3750 agrorum
1199 3678 1848 3751 cultura,gregibusque
1871 3682 2048 3749 atque
2165 3690 2369 3730 omnes
2393 3690 2678 3746 expensas
2710 3677 2899 3732 tribus
2933 3677 3074 3733 solis
3123 3678 3386 3734 nummis
3429 3681 3796 3733 constare.Et

405 3768 685 3824 armentis
716 3783 818 3839 per
849 3767 1089 3824 idoneos
1139 3767 1407 3824 homines
1461 3767 1758 3824 curandis.
1817 3767 1911 3823 Sic
1960 3766 2044 3820 illi
2161 3763 2271 3819 hoc
2297 3765 2684 3834 jurejurando
2716 3765 3104 3836 confirmavit,
3153 3782 3288 3821 cum
3320 3766 3377 3821 in
3412 3767 3668 3838 quadam
3699 3766 3800 3822 lite

403 3856 505 3912 Dei
546 3859 829 3925 amantes,
872 3856 956 3913 sic
989 3857 1209 3928 pariter
1234 3855 1314 3910 rei
1347 3856 1621 3912 Romanas
1661 3855 1955 3911 studiosos
1987 3870 2048 3911 se
2157 3853 2359 3907 fratris
2410 3868 2528 3906 sum
2579 3868 2782 3908 socrus
2813 3853 3038 3922 Angeli,
3094 3871 3268 3924 quem
3321 3854 3445 3924 ipse
3502 3854 3799 3925 imperans

407 3945 836 4001 monstrabant.
2158 3957 2437 4012 magnum
2469 3940 2869 4011 primicerium
2898 3942 3133 4010 creavit,
3167 3944 3239 3997 de
3269 3943 3403 3997 dote
3435 3958 3554 3997 suis
3604 3942 3799 4012 neptis

403 4052 494 4107 25.
533 4054 596 4109 Ut
621 4068 864 4122 magnus
894 4052 1010 4108 dum
1039 4052 1148 4107 levi
1207 4051 1549 4106 delibatione
1585 4051 1756 4122 regiae
1807 4049 2048 4120 pecuniae

2148 4028 2375 4098 judicio
2429 4029 2732 4098 certantis,
2794 4033 3030 4098 rogatus
3061 4029 3120 4084 in
3156 4029 3556 4085 testimonium
3590 4030 3793 4086 adesse

571 4117 855 4179 homihum
881 4124 993 4179 sibi
1023 4124 1451 4180 benevolentiam
1480 4117 1884 4178 conciliaverit.
2157 4119 2429 4188 gravatus
2461 4133 2575 4172 non
2612 4117 2842 4184 fuisset,
2871 4133 2939 4173 ea
2970 4133 3096 4188 qua:
3117 4118 3376 4173 diximus
3400 4119 3659 4190 proferre
3682 4123 3796 4175 Deo

476 4212 860 4284 Hocporrode
879 4212 1323 4284 quoscribimus
1349 4220 1604 4283 tempore
1635 4227 1768 4266 cum
1796 4225 2046 4282 magnus
2154 4205 2212 4259 in
2249 4209 2453 4260 testem
2484 4209 2705 4262 vocato.
2739 4208 2903 4262 Tunc
2935 4207 3117 4279 igitur
3166 4206 3405 4274 multos,
3469 4207 3791 4277 praesertim

405 4302 558 4371 apud
608 4300 964 4372 Magnesiam
1019 4300 1266 4370 publicae
1298 4301 1554 4372 pecuniae
1585 4314 1864 4355 numerus
1892 4303 2048 4354 esset
2152 4309 2361 4364 genere
2392 4294 2639 4364 nobiles,
2673 4294 2846 4350 variis
2881 4295 2950 4349 ad
2981 4295 3038 4348 id
3073 4293 3327 4364 quaesitis
3360 4294 3790 4366 'praetextibus,

405 4391 728 4461 depositus,
798 4406 912 4445 non
959 4394 1084 4445 erat
1133 4388 1298 4444 facile
1345 4405 1553 4462 magno
1585 4389 1720 4444 duci
1753 4392 1809 4443 et
1863 4387 2044 4442 tutori
2152 4389 2207 4437 et
2237 4381 2576 4454 plausibiles
2605 4382 2667 4438 in
2702 4384 2954 4454 speciem
2988 4384 3355 4453 praetendens
3381 4398 3586 4438 causas
3607 4384 3795 4438 dona-

403 4478 687 4551 principis
715 4478 855 4534 inde
888 4476 1108 4549 aliquid
1145 4493 1378 4533 sumere
1407 4479 1770 4550 erogandum
1803 4477 1863 4531 in
1897 4491 2041 4546 quos
2153 4471 2309 4540 tivis,
2342 4487 2373 4525 e
2405 4471 2639 4542 publico
2670 4472 2895 4526 curavit
2951 4471 3250 4540 honorari,
3282 4471 3408 4540 ipse
3461 4469 3696 4525 interim
3728 4471 3791 4526 in

403 4567 615 4622 vellet:
677 4566 948 4622 obstabat
999 4565 1156 4620 enim
1225 4565 1518 4622 Celtarum
1578 4565 2042 4635 securigerorum
2074 4574 2118 4638 Ι)
2151 4563 2406 4632 egestate
2438 4559 2715 4614 familiari
2764 4575 3114 4630 permanens
3147 4559 3415 4629 superior
3471 4559 3792 4631 cupiditate

408 4654 799 4712 enexorabilis
851 4654 902 4710 ei
950 4654 1228 4710 thesauro
1260 4654 1537 4726 imposita
1566 4654 1850 4722 custodia,
1884 4653 2040 4708 haud
2153 4665 2448 4720 purasque
2477 4648 2634 4702 omni
2659 4664 2830 4702 avaro
2862 4650 3128 4701 contactu
3163 4663 3375 4702 manus
3408 4663 3670 4702 servans.

404 4745 602 4800 sinens
653 4743 789 4798 inde
838 4742 1006 4798 aliter
1057 4759 1233 4814 quam
1293 4743 1520 4798 cunctis
1578 4741 1958 4812 praesentibus
1991 4745 2047 4796 et

405 4849 599 4889 coram
630 4831 997 4886 intuentibus
1029 4830 1357 4902 dispensari
1400 4831 1741 4902 quidquam.
1796 4828 2045 4885 Jubebat

405 4925 603 4977 tamen
635 4936 750 4976 non
782 4937 911 4976 raro
934 4920 1290 4992 quibusdam
1323 4918 1460 4974 inde
1489 4918 1693 4974 donari
1724 4917 1880 4973 haud
1941 4933 2044 4973 ne-

407 5010 678 5066 cessariis
709 5011 780 5064 de
807 5008 1005 5064 causis
1036 5033 1049 5075 ;
1082 5024 1208 5078 quae
1239 5007 1574 5080 benignitas
1606 5007 1690 5062 illi
1721 5005 1892 5077 quasi
1914 5007 2042 5061 fun-
2225 5002 2463 5058 Interim
2498 5002 2829 5073 patriarcha
2859 5019 2993 5058 cum
3053 5001 3256 5058 electis
3284 5018 3352 5057 ex
3408 5002 3560 5058 clero
3587 5007 3644 5058 et
3701 5020 3793 5059 ar-

406 5100 750 5154 damentum
812 5097 922 5152 fuit
975 5096 1275 5168 popularis
1323 5097 1381 5151 in
1413 5113 1546 5152 eum
1605 5095 2041 5151 benevolentiae.
2153 5090 2540 5162 chiepiscopis
2603 5092 2918 5146 adventare
2965 5091 3368 5158 audiebatur;
3404 5093 3560 5162 quod
3619 5091 3796 5146 simul

405 5191 688 5243 Caterum
748 5185 798 5240 si
855 5185 985 5256 quis
1042 5201 1107 5240 eo
1166 5185 1401 5240 nomine
1435 5186 1503 5240 de
1535 5185 1662 5256 ipso
1704 5187 2045 5255 quereretur
2151 5180 2514 5251 Palazologus
2545 5180 2832 5251 cognovit,
2891 5185 3025 5235 ante
3055 5197 3259 5235 omnes
3293 5180 3416 5251 ipse
3450 5180 3793 5250 longissime

409 5275 573 5348 quasi
591 5292 704 5330 non
732 5273 874 5329 satis
891 5290 1088 5330 severo
1108 5274 1353 5346 publicae
1369 5273 1625 5344 pecuniae
1648 5272 2044 5337 custode,eise
2153 5269 2437 5341 processit
2467 5270 2718 5334 obviam,
2753 5267 2896 5324 nihil
2930 5269 3000 5323 ad
3041 5285 3337 5324 summam
3367 5273 3489 5322 tum
3517 5284 3654 5339 erga
3687 5285 3790 5338 pa-

410 5364 695 5438 purgabat
709 5379 928 5434 negans
956 5363 1014 5416 in
1042 5363 1306 5434 proprios
1327 5379 1389 5417 se
1411 5380 1554 5418 usus
1575 5359 2044 5432 quidquaminde
2149 5357 2464 5413 triarcbam
2498 5364 2620 5412 tum
2652 5373 2789 5428 erga
2819 5373 3051 5412 sacrum
3107 5355 3415 5425 collegium
3473 5355 3789 5411 veneratio-

411 5469 662 5520 sumere;
689 5452 747 5506 in
771 5451 940 5522 cujus
965 5450 1043 5506 rei
1063 5452 1235 5506 ﬁdem
1260 5468 1426 5507 suam
1449 5451 1829 5507 domesticam
1848 5453 2041 5505 osten-
2153 5462 2282 5501 nem
2325 5445 2436 5499 sibi
2468 5445 2678 5516 reliqui
2713 5445 2952 5509 iaciens,
2986 5445 3199 5514 quippe
3231 5443 3329 5513 qui
3352 5442 3784 5513 pedibusince—

411 5545 582 5598 debat
612 5543 1032 5611 paupertatem.
1067 5543 1280 5595 Tamen
1322 5541 1583 5612 quaesitis
1637 5539 2042 5594 occasionibus
2151 5537 2317 5598 dens,
2349 5535 2626 5605 cerreptis
2658 5549 2834 5588 manu
2879 5531 3018 5586 muli
3063 5549 3177 5601 quo
3237 5531 3566 5602 patriarcha
3624 5531 3784 5586 vehe-

413 5631 725 5688 identidem
759 5629 1109 5701 procurabat
1138 5631 1199 5684 ut
1231 5630 1470 5700 quidam
1502 5629 1638 5684 inde
1690 5629 2040 5699 acciperent,
2151 5624 2322 5678 batur
2352 5622 2616 5689 habenis,
2649 5637 2783 5678 cum
2817 5637 3003 5691 usque
3037 5621 3186 5676 intro
3219 5619 3504 5691 palatium
3560 5620 3784 5691 regium

2207 4800 2299 4853 26.
2337 4801 2399 4857 Ut
2425 4798 2729 4854 venientem
2757 4797 2830 4852 ad
2859 4813 2914 4852 se
2942 4796 3323 4868 patriarcham
3346 4796 3459 4852 dum
3507 4813 3737 4868 magnus

2538 4885 2753 4924 summa
2782 4868 3108 4924 demissione
3137 4870 3426 4939 exceperit.
