4182 6286
407 360 514 416 507

1707 358 2010 416 GEORGII
2045 358 2507 415 PACHYMERB

3689 357 3801 413 508

395 506 455 542 τε
488 476 722 559 βαδίζων
755 477 844 533 καὶ
875 479 966 532 τάν
992 483 1092 548 τῆς
1131 479 1368 551 ἡμιόνου
1415 482 1510 533 τοῦ
1555 478 1714 554 ίερως
1765 477 2032 554 χαλινοὺς
2067 481 2122 548 Α
2151 480 2250 548 τήν
2301 478 2516 535 ἐκείνων
2571 479 2947 536 ὑποποιεῖσθαι
3001 478 3230 537 εὔνοιαν.
3269 482 3336 539 Ὅ
3381 481 3467 535 καὶ
3511 479 3797 553 γινόμενον

403 575 674 647 κατέχων,
707 570 806 630 ἐως
835 569 921 622 καὶ
976 563 1147 622 αότῶν
1196 566 1344 630 ἐντὸς
1394 573 1502 622 τῶν
1550 569 1857 643 ἀνακτόρων
1912 588 2047 643 προ-

405 661 714 738 ηγούμενος
768 663 1034 727 καθιστᾷ.
1065 649 1177 710 Καὶ
1225 654 1291 724 δὴ
1344 658 1547 726 σκηνὴν
1601 658 1694 729 μὲν
1759 655 2046 731 βασιλικήν

405 751 613 807 ἐκείνου
645 749 803 824 χάριν
859 747 1152 814 ὑποστῆναι
1199 744 1430 815 κελεύει,
1483 746 1594 818 ἅμα
1646 747 1738 818 μέν
1772 746 1859 800 καὶ
1916 745 2051 800 κατὰ

404 843 502 910 τήν
539 840 614 901 εἰς
638 837 838 892 ἐκεῖνον
881 837 1072 909 τιμὴν,
1121 836 1440 909 ὑποτρέχων
1489 835 1542 888 ἐν
1591 839 1720 889 πᾶσι
1759 835 1846 888 καὶ
1893 846 2050 908 θερα-

407 929 614 996 πούων,
650 929 762 999 ἅμα
793 924 848 980 δὲ
877 926 966 979 καὶ
1018 924 1069 985 ἐς
1111 924 1378 1000 πρόφασιν
1427 923 1712 996 ἀναγκοίαν
1761 921 1857 977 τοῦ
1904 920 2049 997 ἔχειν

416 1017 475 1073 ἐκ
513 1021 608 1071 τοῦ
669 1015 866 1091 ῥᾴστου
925 1013 1242 1082 πλησιάξειν
1303 1017 1381 1083 τῷ
1441 1011 1655 1086 βασιλεῖ
1709 1016 1804 1065 τοῦ
1859 1015 2052 1085 καιροῦ

413 1103 659 1168 διδόντος
684 1103 840 1158 αὐτὸν
874 1101 1074 1156 ἐκεῖνον
1123 1103 1186 1172 [Ρ
1224 1103 1316 1172 45]
1364 1101 1452 1155 τὸν
1503 1102 1851 1175 πατριάρχην
1887 1098 2053 1173 μηδε-

415 1201 539 1269 μιᾶς
583 1193 726 1268 ὥρας
779 1196 880 1246 τοῦ
927 1194 1248 1266 κρατοῦντος
1305 1188 1798 1260 ἀπολιμπάνεσθαι.
1852 1196 2053 1263 Συγκε-

414 1285 660 1359 χωρήκει
695 1280 751 1335 δέ
782 1282 833 1333 οἱ
866 1279 1112 1351 ἀσμένως
1146 1281 1318 1331 πάντα
1349 1279 1421 1338 ὡς
1475 1277 1576 1330 οὐκ
1606 1275 1792 1334 ἄλλως
1839 1275 2056 1349 ἐπιτρο·

411 1371 667 1441 πεόσων,
725 1368 769 1422 εἰ
834 1369 909 1439 μὴ
971 1366 1130 1428 αὐτός
1197 1387 1260 1440 γε
1315 1365 1529 1420 κελεύοι
1591 1367 1680 1420 καὶ
1725 1365 1960 1420 ἐπινεῦοι
2019 1370 2053 1434 ἡ

412 1456 659 1520 σύνοδος.
690 1460 846 1520 Ὅθεν
878 1454 965 1509 καὶ
997 1455 1172 1530 φέρων
1211 1455 1301 1526 μὲν
1329 1454 1419 1508 τὸν
1451 1455 1567 1508 νέον
1620 1453 1697 1516 εἷς
1744 1459 1936 1530 χεῖρας
1979 1460 2056 1526 τῷ

412 1548 730 1622 πατριάρχῃ
762 1548 996 1598 ποιεῖται
1030 1542 1171 1608 οὕτω
1215 1542 1303 1596 καὶ
1351 1547 1469 1604 τοῖς
1515 1539 1711 1603 ἄλλοις
1747 1543 1926 1614 μέσον,
1958 1550 2058 1610 τῆς

420 1634 627 1711 βουλῆς
678 1632 722 1687 δ’
753 1631 951 1686 ἐκείνου
1000 1629 1190 1702 ἐξαρτᾷ
1234 1631 1301 1682 τά
1344 1629 1606 1702 παρόντα,
1657 1629 1746 1684 καὶ
1783 1628 2057 1693 πολλάκις

423 1723 538 1799 ἄγει
567 1724 656 1778 καὶ
690 1719 924 1776 δείκνυσι
969 1720 1036 1772 τά
1075 1717 1363 1790 κειμήλια,
1413 1717 1710 1789 σιωπηλῶς
1757 1720 1855 1787 τὴν
1915 1718 2059 1789 ἐξου-

413 1813 527 1867 σίαν
586 1810 857 1886 ἐμφαίνων
934 1807 1245 1880 ἐξημμένην
1304 1804 1506 1860 ἐκείνου
1559 1806 1647 1860 καὶ
1710 1805 1914 1878 μόνου,
1958 1806 2051 1862 κᾶν

411 1901 571 1962 αὐτὸς
603 1897 840 1969 κελεύοι,
885 1896 1080 1951 ἐκεῖθεν
1130 1893 1255 1955 τοὺς
1309 1892 1511 1956 ἄλλους
1560 1892 1793 1964 ἕξοντας.
1842 1897 1942 1951 Ἦν
1998 1893 2054 1950 δὲ

411 1988 516 2063 ἄρα
548 1989 598 2043 οἱ
627 1987 689 2042 τὸ
735 1987 896 2062 σοφὸν
949 1983 1132 2056 ἐκείνῳ
1179 1984 1272 2055 μὲν
1324 1981 1586 2038 ἐνδιδόναι
1634 1988 1742 2038 τῶν
1791 1983 1936 2039 ὅλων
1968 1983 2056 2058 ἄρ-

414 2099 556 2153 χειν,
597 2076 754 2130 αὖτὸν
790 2072 836 2128 δ’
890 2073 1325 2144 ὑποποιούμενον
1374 2072 1466 2126 τὸν
1509 2071 1804 2147 ἐξάρχοντα
1844 2069 2056 2145 λαμϐά-

408 2188 516 2221 νειν
551 2165 664 2220 οἶόν
695 2166 744 2218 τ’
789 2164 920 2217 εἶναι
963 2163 1036 2224 ὡς
1093 2161 1174 2215 ἐπ’
1231 2160 1541 2236 ἀναγκαίοις
1594 2161 1913 2235 παρέξοντα·
1967 2162 2056 2215 καὶ

411 2253 526 2310 ἐπεὶ
587 2253 792 2327 ἀνάγκη
828 2251 894 2319 ἦν
947 2250 1006 2304 ἐκ
1060 2255 1168 2303 τῶν
1228 2254 1421 2303 κοινῶν
1469 2254 1585 2310 τοῖς
1644 2250 1768 2323 περὶ
1824 2251 1914 2304 τὸν
1960 2271 2056 2303 παι

409 2343 677 2418 τριάρχην
714 2342 1143 2412 οἰκονομεῖσθαι,
1181 2340 1272 2392 καὶ
1308 2337 1520 2410 μᾶλλον
1563 2343 1680 2399 τοῖς
1724 2338 2054 2414 ἀρχιερεῦσι,

407 2433 473 2488 τὰ
501 2429 803 2501 ἐπιτήδεια,
857 2427 1016 2490 αὐτὸς
1077 2422 1372 2500 λαμϐάνων
1433 2423 1635 2498 ἐδίδου,
1674 2427 1763 2480 καὶ
1790 2447 2054 2501 προσεπε-

413 2519 760 2597 φιλοτιμεῖτο
790 2516 857 2572 τά
885 2515 1130 2587 πλείονα,
1176 2516 1238 2570 τὸ
1290 2516 1384 2587 μὲν
1434 2513 1714 2590 πρόδηλον
1767 2515 1848 2570 ἐπ’
1897 2515 2057 2588 ἀναγ-

409 2609 593 2671 καίαις
633 2613 752 2669 ταῖς
806 2607 1130 2683 προφάσεσι,
1158 2605 1222 2660 τὸ
1274 2603 1331 2658 δέ
1361 2625 1420 2679 γε
1450 2602 1887 2676 σπουδαζόμενον
1930 2606 2056 2677 παρ’

411 2697 619 2753 ἐκεῖνου
671 2699 852 2770 σοφῶν
904 2692 1224 2772 ὀφθαλμοὺς
1273 2691 1665 2769 ἐκτυφλώττειν
1717 2690 1914 2766 δώροις
1963 2693 2056 2747 καὶ

418 2913 666 2986 praiens
699 2911 949 2977 duxerit,
981 2914 1108 2965 tum
1143 2909 1222 2963 ibi
1265 2909 1611 2981 Augustalis
1641 2908 1948 2981 fastigium
1995 2909 2055 2962 in

415 3005 543 3074 ejus
574 3000 826 3074 gratiam
857 2998 1077 3054 dimitti
1101 2997 1369 3068 jusserit,
1413 2997 1593 3053 simul
1649 2997 1920 3052 discursu
1953 3012 2055 3068 per

414 3105 543 3149 sese
574 3089 632 3145 in
667 3105 897 3146 omnem
931 3091 1157 3158 partem
1190 3086 1438 3142 sollicito
1470 3090 1744 3154 satagens
1769 3084 1829 3139 in
1871 3086 2059 3139 omni-

2155 570 2273 631 καθ’
2305 567 2531 639 ἑκάστην
2563 569 2734 645 ῥοπὴν
2770 570 3044 643 εὐμενείας
3087 570 3314 626 ἐνεποίει
3369 568 3622 642 μεγίστην
3672 570 3797 642 παρ’

2157 656 2372 712 ἐκείνων
2409 659 2581 730 έαυτῷ
2612 657 2837 732 διδόντι,
2869 660 2959 715 καὶ
3000 662 3067 715 τὰ
3093 667 3192 729 τῆς
3236 661 3370 732 πρὸς
3421 653 3639 714 ἕκαστον
3672 657 3803 713 ἐκεί-

2157 768 2262 800 νων
2293 754 2460 819 τιμῆς
2481 769 2540 802 τε
2568 748 2659 802 καὶ
2684 748 3030 824 ὑροπιὼσεως
3079 750 3213 818 ἦσαν
3259 749 3334 809 ὡς
3387 745 3570 822 ὀλίγον
3601 746 3665 801 τὸ
3711 767 3804 819 με-

2156 834 2283 904 ταξὺ
2317 833 2548 899 διελθεῖν
2581 837 2670 891 καὶ
2719 837 2920 900 πάντας
2965 833 3111 912 ἔχειν
3169 836 3402 898 ἐκείνους
3464 834 3523 889 ἐκ
3570 839 3677 890 τῶν
3713 835 3798 910 ῥι-

2157 929 2265 978 νῶν
2295 925 2383 978 καὶ
2417 923 2563 999 ἄγειν
2597 923 2849 980 δύνασθαι
2897 927 3002 994 ὅπη
3041 923 3318 1000 βούλοιτο.
3369 921 3509 981 Οὑδὲ
3556 923 3660 998 γὰρ
3709 925 3798 995 ἦν,

2160 1012 2258 1068 οὐκ
2277 1015 2343 1081 ἦν
2374 1013 2590 1068 ἐκείνων
2625 1013 2768 1076 ὅστις
2815 1014 2879 1069 οὐ
2940 1013 3010 1068 δι’
3060 1013 3306 1091 εὐφήμου
3339 1016 3566 1086 μνήμης
3599 1011 3796 1066 ἐκεῖνον

2164 1103 2239 1174 μή
2272 1100 2508 1174 παρόντα
2539 1099 2625 1156 ἐπὶ
2673 1106 2768 1155 τοῦ
2817 1107 3001 1156 κοινοῦ
3049 1099 3324 1177 συνεδρίου
3377 1100 3572 1172 ἐποίει,
3602 1099 3692 1154 καὶ
3737 1102 3791 1162 ’ὀς

2162 1189 2261 1244 οὐκ
2286 1189 2438 1259 ἠξίου
2471 1191 2600 1266 ὑπὲρ
2634 1192 2758 1251 τοὺς
2790 1189 2994 1252 ἄλλους
3030 1191 3120 1244 τὸν
3169 1188 3548 1261 Παλαιολόγον
3597 1187 3687 1242 ἐπὶ
3724 1189 3800 1241 τῶ

2161 1282 2358 1332 κοινῶν
2392 1277 2525 1332 εἶναι
2575 1279 2986 1349 κατασταθέντα,
3035 1276 3180 1346 πλὴν
3239 1278 3328 1331 καὶ
3385 1276 3472 1331 ἐπὶ
3528 1274 3818 1350 μεγίσταις-

2164 1365 2334 1436 ἆξίαις
2388 1367 2479 1420 καὶ
2541 1366 2998 1442 βασιλεωπάτορα
3048 1365 3464 1444 φημιζόμενον.
3524 1369 3704 1420 Ταῦτα
3752 1362 3798 1418 δ’

2162 1455 2295 1524 ἦσαν
2343 1455 2398 1508 αἱ
2446 1455 2748 1530 νυκτεριναὶ
2805 1455 2940 1529 πρὸς
2991 1454 3225 1519 ἐκείνους
3268 1456 3501 1527 πεμψεις
3548 1451 3636 1507 καὶ
3684 1452 3803 1507 σκέο

2163 1546 2280 1617 ψεις
2309 1543 2397 1598 καὶ
2427 1543 2563 1616 πρὸς
2611 1544 2672 1599 τὸ
2724 1541 2925 1615 μέλλον
2980 1543 3300 1621 ὑπδσχέσεις
3350 1543 3624 1618 μεγίσταις
3674 1562 3804 1616 συγ-

2163 1634 2331 1705 κροτή
2343 1652 2474 1688 σεσι.

2164 1749 2275 1817 κζ’.
2340 1749 2540 1836 ξὈπως
2617 1745 3315 1836 κατεδημξγώγουνῌτοὺε
3390 1744 3677 1836 πλείσταρς
3749 1747 3801 1834 οἱ

2234 1819 2356 1891 περὶ
2403 1822 2502 1894 τοῦ
2563 1815 3054 1892 μεγάλουἺδόυκὸς
3109 1817 3398 1894 λέγοντες,
3464 1817 3554 1872 καὶ
3607 1815 3803 1872 δεσπό-

2232 1890 2332 1959 της
2359 1890 2569 1964 γέγονε.

2233 1987 2449 2060 Τῴγὰρ
2511 1985 2737 2059 ὑπούλῳ
2791 1993 2890 2056 τῆς
2958 1988 3186 2062 γνώμης
3255 1987 3346 2041 καὶ
3402 1989 3479 2058 τῷ
3507 1990 3616 2040 τῶν
3672 1987 3799 2059 τρό-

2165 2096 2280 2130 πων
2324 2077 2642 2146 Οωπευτικῴ
2687 2073 2857 2136 οὕτως
2910 2074 3150 2130 ἑάλωσαν
3200 2076 3418 2143 πάντες,
3476 2075 3548 2135 ὡς
3600 2071 3800 2143 ἐκκλη-

2168 2164 2282 2226 σίας
2321 2163 2620 2239 γενομένης
2680 2163 2760 2241 ἐφ’
2817 2165 2862 2235 ᾧ
2919 2163 3044 2225 τοὺς
3102 2164 3364 2238 ἱεράρχας
3420 2163 3630 2235 σόναμα
3681 2169 3795 2224 τοῖς

2166 2252 2217 2308 ἐν
2249 2251 2393 2306 τέλει
2452 2273 2472 2304 τ
2496 2251 2575 2326 ερὶ
2632 2258 2731 2320 τῆς
2780 2251 2960 2326 ἀρχῆς
3015 2251 3329 2316 σκέπτεσθαι
3367 2251 3428 2325 [Ρ
3486 2252 3576 2326 44]
3610 2296 3622 2320 ,
3653 2250 3737 2306 καὶ
3765 2252 3793 2306 ὁ

2165 2342 2352 2412 καιρὸς
2407 2339 2584 2410 ἐζήτει
2637 2340 2728 2394 τὸν
2785 2361 2876 2401 τςν
2934 2341 3270 2414 πραγμάτων
3330 2339 3746 2416 ἀφηγησόμενον
3779 2383 3792 2408 ,

2163 2430 2290 2492 τοὺς
2317 2433 2414 2483 τοῦ
2457 2430 2605 2502 ἱεροῦ
2655 2425 2964 2503 καταλόγου
3015 2429 3218 2489 πάντας
3271 2428 3403 2503 ὑπὲρ
3453 2427 3657 2482 ἐκείνου
3707 2427 3798 2483 λέ-

2164 2537 2273 2591 γειν
2304 2515 2392 2570 καὶ
2428 2517 2503 2588 μὴ
2537 2515 2854 2588 λαλοῦντος,
2888 2517 2960 2577 ὡς
3004 2515 3064 2570 οὐ
3109 2517 3219 2590 χρή
3250 2516 3356 2570 τὸπ
3390 2521 3490 2584 τῆς
3525 2515 3800 2590 βασιλείας

2165 2605 2477 2679 ἐπίτροπον,
2525 2605 2615 2659 καὶ
2662 2609 2829 2659 ταῦτα
2871 2609 3121 2659 τοιοῦτον
3179 2606 3326 2672 ὅντα,
3355 2604 3491 2658 κατὰ
3534 2603 3666 2668 τοὺς
3704 2603 3800 2659 ἆλ-

2166 2693 2297 2754 λους
2349 2695 2505 2765 εἶναι,
2553 2690 2678 2747 ἀλλ’
2737 2692 3064 2768 ἐξῃρημένον
3119 2695 3226 2747 τῶν
3279 2690 3504 2747 πολλῶν
3564 2692 3798 2766 μεγίστῳ

2167 2910 2366 2966 oculos
2415 2909 2662 2981 ingestis
2719 2908 2888 2965 donis
2918 2913 2999 2964 et
3053 2925 3254 2966 eorum
3305 2909 3415 2965 sibi
3449 2908 3802 2966 conciliandi

2167 2999 2400 3056 amoris.
2434 3002 2716 3054 Iteratum
2747 2998 2901 3053 enim
2929 2998 3188 3069 quotidie
3218 2997 3274 3053 id
3307 2997 3567 3053 officium
3596 3014 3800 3070 sugge-

2170 3089 2362 3145 renda
2395 3103 2638 3143 annona
2671 3086 2923 3158 singulis
2954 3086 3391 3158 erogationibus
3441 3095 3800 3143 momentum

415 3183 526 3237 bus
550 3195 677 3250 qua
710 3179 778 3234 ad
813 3177 1096 3231 honorem
1131 3174 1421 3228 faciebant
1453 3172 1709 3229 antistiis
1733 3175 2060 3245 prasentis,
2091 3177 2134 3246 C
2168 3178 2422 3234 addebat
2451 3193 2675 3232 novum
2705 3175 3118 3232 benevolentia
3158 3175 3420 3247 ipsorum
3489 3191 3628 3246 erga
3682 3181 3801 3232 tam

415 3267 593 3326 simul
623 3268 801 3322 etiam
853 3262 1182 3320 necessario
1239 3262 1488 3333 fungens
1543 3262 1821 3333 obsequio
1876 3263 2058 3317 turba

417 3353 853 3424 submovenda,
888 3368 959 3407 ne
990 3351 1131 3422 quid
1164 3349 1424 3406 obstaret
1455 3350 1774 3421 quominus
1797 3349 1964 3405 facile
1986 3351 2057 3405 ad

416 3447 750 3516 Augustum
781 3441 1087 3497 accederet
1118 3437 1455 3512 patriarcha
1485 3438 1544 3492 in
1579 3439 1708 3510 ipso
1763 3444 2058 3494 momento

417 3531 795 3590 admissionis
822 3546 887 3584 ac
920 3528 1079 3585 nullo
1111 3527 1320 3584 deinde
1349 3532 1609 3598 tempore
1629 3527 1700 3582 ab
1720 3542 1786 3583 eo
1821 3529 1916 3583 73
1939 3528 2056 3583 dis-

409 3623 782 3694 jungeretur.
839 3618 969 3675 Jam
1030 3635 1145 3690 pra
1213 3633 1276 3672 se
1335 3617 1556 3672 ferebat
1612 3617 1948 3688 permittere
1996 3633 2058 3672 se

417 3725 658 3783 prorsus
725 3708 963 3764 arbitrio
1040 3705 1384 3778 patriarcha
1442 3704 1780 3762 electionem
1863 3723 2055 3772 suam,

418 3815 610 3870 neque
640 3797 810 3853 aliter
838 3812 1014 3867 quam
1038 3795 1166 3866 ipso
1189 3795 1428 3864 iubente
1444 3798 1502 3850 et
1526 3800 1820 3850 annuente
1838 3795 2057 3865 synodo

418 3888 632 3943 tutoris
663 3885 919 3942 officium
955 3884 1314 3940 subiturum.
1367 3884 1528 3949 Quod
1569 3888 1634 3938 ut
1683 3882 2056 3954 significaret,

422 3977 775 4049 productum
826 3989 1072 4045 puerum
1122 3972 1447 4044 principem
1504 3971 1684 4026 tradit
1726 3972 1785 4026 in
1849 3987 2059 4027 manus

417 4063 783 4137 patriarchae,
816 4062 1076 4118 medium
1106 4061 1260 4116 inter
1317 4059 1745 4117 ecclesiasticos
1789 4077 2057 4132 proceres

421 4153 852 4210 circumdantes
884 4151 1164 4222 undique,
1195 4148 1360 4220 quasi
1392 4165 1460 4204 ex
1489 4150 1616 4220 ejus
1659 4154 1718 4204 et
1747 4149 1896 4205 sacri
1945 4148 2060 4205 eol-

421 4242 558 4315 legii
585 4239 880 4298 sententia
937 4242 993 4294 et
1031 4242 1192 4294 nutu
1226 4238 1476 4308 pendere
1529 4236 1700 4292 unice
1755 4240 2055 4309 negotium

421 4329 802 4403 promotionis
834 4344 955 4384 sua
974 4327 1194 4383 volens.
1228 4325 1689 4389 Quameamdem
1713 4325 1772 4380 in
1805 4327 2055 4398 speciem

417 4436 568 4492 sape
583 4419 940 4491 producebat
965 4416 1414 4485 ostentabatque
1441 4413 1694 4485 insignia
1715 4414 1916 4472 delata
1941 4417 2052 4472 sibi

423 4507 752 4581 potestatis,
783 4508 868 4563 sic
898 4505 1072 4561 tacite
1100 4505 1369 4559 indicans
1399 4518 1711 4574 agnoscere
1741 4521 1803 4560 se
1848 4521 2052 4575 prove-

423 4597 672 4654 ctionem
705 4595 797 4652 sui
855 4596 916 4649 in
946 4609 1075 4650 eam
1106 4592 1453 4665 dignitatem
1485 4607 1552 4647 ex
1570 4591 1691 4648 solo
1711 4592 2052 4664 patriarcha

424 4690 571 4743 nutu
597 4685 939 4756 judicioque
971 4697 1342 4754 suspensam,
1375 4680 1457 4736 ita
1485 4685 1569 4746 ut,
1602 4680 1918 4752 sijuberet,
1952 4682 2054 4738 alii

423 4793 558 4834 cum
588 4775 892 4831 haberent.
925 4771 986 4826 Id
1017 4786 1149 4826 vero
1179 4769 1275 4825 ille
1331 4769 1628 4842 sapienter
1673 4770 1912 4827 omnino
1969 4771 2052 4828 sic

425 4866 652 4938 agebat,
686 4867 875 4920 totum
907 4860 988 4916 rei
1017 4857 1327 4916 arbitrium
1374 4859 1714 4932 patriarcha
1763 4861 2050 4930 deferens,

423 4971 530 5011 nec
590 4952 703 5008 sibi
762 4950 906 5006 alias
939 4964 1115 5019 quam
1147 4945 1581 5018 obtemperandi
1625 4955 1818 5020 patres
1874 4950 2049 5006 relin~

425 5059 633 5116 quens,
667 5040 715 5096 si
742 5056 772 5095 e
799 5056 859 5094 re
889 5036 1124 5111 publica
1154 5041 1415 5092 censeret
1447 5039 1736 5107 praeficere
1767 5056 1829 5095 se
1862 5039 2050 5096 tutela

422 5130 725 5205 principis,
753 5131 809 5182 et
839 5127 897 5180 in
929 5141 1061 5180 eum
1095 5122 1288 5179 locum
1313 5125 1899 5198 conscenderejussis
1925 5130 2051 5184 suis

419 5222 669 5290 cogeret.
703 5217 767 5270 Et
811 5213 1087 5286 quoniam
1119 5212 1477 5283 suppeditari
1508 5212 1696 5268 victus
1735 5231 1766 5269 e
1819 5217 2049 5287 publico

436 5308 686 5363 debebat
719 5302 1060 5374 patriarcha
1077 5318 1140 5356 ac
1159 5301 1550 5357 familiaribus
1563 5303 1712 5372 ejus,
1733 5307 2050 5374 praesertim

419 5393 898 5466 archiepiscopis,
930 5391 988 5446 id
1021 5407 1201 5446 manu
1234 5389 1360 5461 ipse
1389 5406 1497 5446 sua
1528 5391 1780 5447 faciebat
1804 5392 1964 5465 large
1988 5410 2053 5450 ac

422 5486 594 5557 plane
625 5482 923 5549 munifice,
954 5481 1014 5537 in
1066 5481 1320 5552 speciem
1354 5479 1588 5551 quidem
1639 5496 1757 5535 rem
1804 5497 1871 5536 ex
1900 5499 2052 5538 more

423 5573 679 5629 debitam
711 5571 983 5641 reddens,
1016 5585 1230 5626 arcana
1259 5585 1392 5625 vero
1441 5569 1835 5626 destinatione
1875 5572 2051 5628 animi

422 5661 785 5719 occasionem
832 5675 958 5717 eam
1007 5662 1250 5730 captans
1327 5659 1650 5715 excacandi
1717 5660 2052 5732 sapientum

2083 4552 2131 4617 D

2167 3265 2466 3321 liberalem
2502 3264 2889 3335 prabitorem.
2924 3264 3126 3335 Itaque
3156 3267 3386 3319 tantum
3421 3264 3666 3336 profecit
3705 3264 3801 3319 illa

2167 3354 2470 3425 diligentia
2493 3353 2730 3408 honoris
2761 3357 2817 3408 et
2830 3351 3082 3408 demissa
3096 3353 3455 3422 professione
3473 3355 3800 3410 reverentia

2165 3458 2304 3513 erga
2337 3458 2535 3498 sacras
2567 3440 2696 3496 illas
2730 3457 3026 3512 personas,
3059 3445 3125 3496 ut
3156 3441 3359 3512 paucis
3389 3441 3600 3498 diebus
3648 3446 3801 3514 post-

2166 3547 2341 3602 quam
2373 3530 2454 3586 ita
2485 3546 2618 3584 cum
2650 3528 2766 3585 illis
2798 3545 2968 3601 agere
2993 3533 3267 3602 coeperat,
3300 3545 3506 3586 omnes
3533 3528 3665 3587 illos
3686 3529 3796 3586 sibi

2165 3619 2445 3676 obnoxios
2493 3618 2753 3685 haberet,
2802 3623 3116 3690 possetque
3155 3619 3322 3689 quasi
3380 3635 3524 3675 naso
3582 3623 3799 3676 tractos

2165 3722 2515 3780 quocunque
2571 3707 2744 3762 vellet
2799 3708 3256 3764 circumducere.
3318 3707 3433 3763 Nec
3491 3723 3632 3764 sane
3681 3709 3804 3780 jam

2163 3801 2292 3853 erat
2326 3795 2563 3852 illorum
2597 3796 2904 3866 quisquam
2939 3795 3040 3866 qui
3071 3812 3186 3851 non
3220 3810 3326 3868 per
3379 3811 3529 3868 sese,
3579 3796 3804 3854 nullius

2165 3885 2493 3951 admonitu,
2538 3885 2733 3954 ipsum
2783 3884 3087 3939 absentem
3121 3887 3182 3938 in
3233 3884 3470 3940 Patrum
3523 3901 3803 3942 concessu

2169 3975 2415 4046 loquens
2444 3973 2721 4029 laudibus
2752 3972 2810 4027 in
2838 3975 2937 4028 74
2988 3972 3201 4028 coelum
3252 3973 3448 4042 ferret,
3508 3978 3564 4030 et
3619 3991 3802 4031 unum

2163 4063 2427 4121 omnium
2460 4061 2878 4133 dignissimum
2911 4061 3256 4132 praedicaret
3285 4061 3676 4136 Palaologum
3707 4065 3804 4135 qui

2165 4151 2625 4225 praessetrebus
2668 4153 2954 4221 potestate
2987 4165 3159 4219 quam
3176 4150 3560 4221 amplissima,
3593 4151 3805 4224 cuique

2165 4245 2368 4312 prater
2408 4237 2903 4311 exquisitissimos
2963 4254 3195 4310 quoque
3252 4243 3488 4296 caeteros
3554 4240 3806 4298 honores

2163 4331 2341 4386 etiam
2374 4328 2685 4400 appellatio
2718 4327 2903 4399 patris
2937 4327 3220 4399 principis
3264 4327 3471 4384 merito
3518 4328 3806 4386 tribuere-

2163 4422 2279 4472 tur.
2312 4417 2418 4473 Hic
2447 4417 2497 4472 ei
2531 4415 2840 4472 constabat
2871 4415 3100 4471 fructus
3127 4420 3541 4472 nocturnarum
3559 4417 3805 4490 adipsos

2164 4505 2622 4562 missitationum
2688 4509 2744 4560 et
2793 4504 3246 4561 artiﬁciosarum
3304 4505 3804 4577 signiﬁcationum

2162 4595 2452 4666 obsequii,
2487 4592 2782 4663 adjunctis
2814 4593 3205 4664 amplissimis
3237 4593 3297 4649 in
3329 4598 3626 4666 posterum
3667 4612 3804 4668 pro-

2163 4685 2384 4740 missis.

2158 4793 2248 4847 27.
2271 4793 2332 4849 Ut
2373 4805 2604 4860 magnus
2632 4789 2750 4866 dua:
2781 4791 2995 4866 ingenti
3023 4791 3327 4866 amicorum
3356 4791 3568 4847 ambitu
3597 4791 3798 4866 despo-

2655 4865 2713 4916 ta
2734 4865 3096 4917 renuntiatus
3115 4863 3304 4933 fuerit.

2231 4953 2376 5008 Nam
2409 4951 2526 5007 ista
2553 4949 2765 5006 callida
2795 4950 3029 5005 utilium
3063 4950 3135 5005 ad
3190 4949 3448 5007 occultos
3470 4950 3806 5010 ambitionis

2163 5042 2302 5097 ﬁnes
2344 5039 2766 5096 blanditiarum
2810 5042 2932 5094 arte
2961 5042 3019 5094 et
3047 5037 3444 5110 pellacissima
3485 5042 3802 5098 commodi-

2162 5135 2277 5186 tate
2309 5145 2536 5185 morum
2568 5129 2648 5184 ita
2678 5143 2878 5184 omnes
2909 5127 3062 5197 capti
3095 5131 3253 5196 sunt,
3286 5131 3352 5184 ut
3373 5144 3503 5185 cum
3554 5145 3802 5188 conven-

2163 5227 2255 5274 tus
2289 5218 2598 5274 haberetur
2629 5233 2745 5288 quo
2791 5231 3091 5272 sacrorum
3156 5215 3429 5286 prasides
3487 5235 3604 5273 una
3659 5235 3795 5275 cum

2162 5307 2493 5378 reipubliea
2553 5305 2893 5378 proceribus
2953 5305 3025 5360 de
3082 5303 3328 5375 imperio
3387 5304 3797 5378 deliberarent,

2163 5394 2417 5452 universi
2440 5395 2591 5451 sacri
2621 5393 2899 5465 praesules
2927 5391 3086 5448 velut
3115 5407 3183 5446 ex
3212 5393 3532 5464 composito
3561 5411 3696 5450 eum
3729 5396 3801 5452 de

2162 5501 2224 5541 se
2267 5485 2540 5540 silentem
2588 5483 2857 5539 certatim
2938 5480 3283 5538 extollerent
3347 5483 3800 5540 studiosissimis

2162 5573 2526 5631 orationibus
2558 5573 2736 5642 hujus
2782 5572 2962 5628 ferme
3009 5572 3347 5627 sententia:
3393 5571 3549 5627 haud
3598 5573 3802 5630 decere

2165 5663 2398 5735 imperii
2429 5667 2706 5732 tutorem,
2740 5660 3064 5733 prasertim
3087 5659 3158 5718 iis
3173 5660 3458 5730 moribus,
3479 5677 3544 5719 ac
3559 5661 3798 5719 dotibus
