4182 6286
346 318 450 373 509

344 441 700 518 σεμνύνεσθαι
759 438 848 495 καὶ
911 438 1177 514 βασιλικῷ
1230 441 1542 514 ἀξιώματι.

341 535 433 588 καὶ
485 529 788 608 φροντίζων
845 530 1108 603 ὁσημέραι
1161 529 1352 600 πονοίη
1394 530 1482 585 καὶ
1515 527 1681 609 φόϐον
1732 531 1782 586 ἐν
1818 533 1992 605 ἑαυτῷ

344 624 435 678 τὸν
488 621 739 694 μέγιστον
787 616 965 689 ἕλκοι,
1011 617 1055 672 εἷ
1112 621 1184 691 μή
1237 640 1288 673 τι
1331 621 1418 674 καὶ
1465 619 1760 695 κερδαίνειν
1820 621 1994 696 ἔχοιό

345 711 506 766 τόσον
557 707 733 782 ὄχλον
776 705 1210 778 ἀναδεξάμενος;
1257 707 1344 762 καὶ
1396 708 1582 772 ἄλλως
1627 709 1797 771 οὕτως
1849 709 1992 781 αύτῷ

349 800 441 855 καὶ
491 798 554 852 τὸ
602 803 702 865 τῆς
750 795 1007 868 ἐπιταγῆς
1053 796 1298 867 ἀνυστὸν,
1347 802 1492 870 εἴπερ
1548 798 1677 871 ὑπὲρ
1727 798 1851 860 τοὺς
1898 797 1996 851 ἀλ-

351 888 486 948 λους
564 883 636 939 ὥν
690 883 960 938 ἐπιτάττει
995 927 1006 938 .
1063 882 1238 938 Καλὸν
1299 885 1645 954 σεμνύνεσθαι
1717 884 1997 956 δεσποτειᾳ

354 976 446 1030 τὸν
494 979 589 1029 τοῦ
641 970 909 1047 βασιλέως
967 970 1277 1045 ἐπίτροπον·
1339 973 1480 1027 οὕτω
1537 974 1623 1027 καὶ
1681 975 1780 1050 γὰρ
1838 977 1995 1036 αὐτὸς

354 1065 588 1137 τηρήσει
627 1061 693 1115 τὰ
739 1067 837 1128 τῆς
871 1058 1076 1120 εὐνοίας
1106 1059 1378 1128 ἀθόλωτα,
1426 1063 1562 1136 πρὸς
1589 1064 1677 1116 τὸν
1713 1063 1770 1116 ἐκ
1812 1064 1998 1138 γένους

364 1148 722 1225 βασιλεύοντα
779 1147 926 1216 ἀξίαν
974 1146 1212 1218 νομίζων
1260 1144 1497 1219 ἀμοιϐὴν
1547 1151 1608 1202 τὸ
1653 1149 1886 1223 ἀξίωμα.
1940 1151 1998 1205 Τί

363 1237 538 1293 δὲκαὶ
587 1237 729 1309 ξένον
779 1234 1072 1304 κεκλῆσθαι
1132 1233 1388 1304 δεσπότη,
1443 1242 1488 1308 ᾧ
1538 1235 1603 1304 δὴ
1655 1239 1741 1293 καὶ
1792 1240 1818 1293 ὁ
1862 1240 1996 1314 πρὸς

364 1328 570 1401 μητρὸς
602 1326 818 1384 πάππος
851 1321 1114 1393 δεσπότης
1168 1324 1240 1377 ὥν
1282 1327 1396 1378 κατ’
1444 1324 1669 1379 Ἰταλῶν
1716 1329 1997 1402 κατώρθου

358 1416 425 1470 τὰ
457 1411 719 1487 μέγιστα;
753 1413 822 1466 ’Ἠ
854 1410 953 1485 γὰρ
989 1411 1091 1464 οὐκ
1125 1409 1346 1484 οἴδαμεν
1377 1417 1566 1467 τοῦτον
1619 1415 1690 1475 ὡς
1741 1415 1994 1492 θεοφιλῆ,

359 1505 434 1567 ὡς
467 1502 632 1571 ζῆλον
683 1499 878 1574 ἔχοντα
923 1503 1018 1553 τοῦ
1064 1499 1258 1570 καλοῦ,
1291 1503 1364 1563 ὡς
1406 1501 1785 1578 φιλομόναχον
1814 1505 1903 1559 καὶ
1933 1504 1999 1559 τὰ

347 1598 448 1661 τῆς
481 1588 811 1659 Ἐκκλησίας
841 1587 1084 1650 ἐκτόπως
1118 1585 1376 1659 σέϐοντας
1416 1598 1673 1664 μαρτυρεῖ
1719 1592 1782 1647 τὸ
1827 1613 1994 1666 προσ-

345 1682 400 1736 ὸν
450 1679 598 1749 αύτῷ
646 1677 904 1732 τῖιπεινὸν
961 1678 1047 1731 καὶ
1112 1675 1410 1750 δημοτικὸν
1466 1682 1553 1733 καὶ
1613 1678 1802 1748 ἱλαρὸν
1862 1682 1998 1755 πρὸς

350 1770 609 1837 ἅπαντας,
636 1766 699 1819 τὸ
731 1763 789 1820 δὲ
835 1787 894 1838 γε
937 1763 1246 1842 φιλόδωρόν
1291 1786 1349 1820 τε
1395 1767 1483 1821 καὶ
1537 1767 1885 1840 μεταδοτικὸν
1933 1771 1996 1824 τὸ

344 1864 443 1927 τῆς
475 1855 791 1930 περιουσίας
838 1856 1156 1910 πενέστατον
1221 1859 1553 1928 παραστήσει
1581 1901 1594 1925 ,
1646 1856 1782 1912 ὥστε
1812 1859 1997 1922 καλῶς

352 1949 410 2002 ἂν
470 1944 590 2020 ἔχοι
649 1945 740 1998 καὶ
797 1943 1186 2019 συμῳερόντως
1229 1949 1345 2006 τοῖς
1390 1965 1718 2018 πραγμασιν,
1772 1945 1814 1999 εἶ
1863 1948 1996 2020 πρὸς

355 2038 422 2105 τῇ
474 2031 947 2109 βασιλεωπατορίᾳ
990 2032 1079 2084 καὶ
1124 2032 1284 2101 ἀξίως
1329 2038 1540 2104 τιμῷτο
1573 2036 1599 2087 ὁ
1630 2033 1996 2108 ἐπιτροπεύων

353 2128 449 2179 τοῦ
491 2121 892 2198 βασιλεύοντος.
919 2122 1097 2177 Ταῦτά
1140 2143 1296 2174 τινων
1346 2122 1763 2194 προτεινόντων,
1796 2123 1998 2178 πολλοὶ

360 2213 451 2285 μὲν
482 2217 586 2265 τῶν
630 2209 926 2285 ἀρχιερέων
972 2211 1046 2271 ὡς
1091 2207 1318 2271 δικαίοις
1370 2208 1591 2264 δοκοῦσι
1642 2218 1758 2272 τοῖς
1811 2210 1995 2286 λόγοις

360 2299 754 2372 συνῄνουν,καὶ
802 2303 906 2353 τῶν
958 2298 1008 2352 ἐν
1060 2296 1201 2352 τέλει
1249 2300 1358 2353 τισὶ
1410 2298 1778 2354 συνεὸέὸοκτο⁶
1823 2303 1872 2353 o't
1906 2300 1998 2353 αλ-

365 2388 453 2444 λοι
486 2386 543 2442 δὲ
583 2385 1000 2462 ὃιεσιλονείκουν
1029 2387 1117 2440 καὶ
1165 2387 1261 2448 τὰς
1315 2391 1536 2460 γνώμας
1576 2386 1848 2456 ἀλλήλοις
1903 2389 1996 2442 οὐ·

365 2603 694 2676 ρτωάίῐυω,
719 2603 918 2658 eadem
950 2603 1128 2658 teneri
1163 2602 1496 2658 conditione
1527 2618 1643 2673 qua
1675 2601 1884 2674 vulgus
1901 2601 2004 2658 ho-

367 2691 618 2761 minum,
635 2691 734 2746 sed
749 2690 1024 2745 eximium
1045 2690 1472 2745 eteminentem
1497 2705 1677 2760 supra
1696 2689 2006 2760 plerosque

371 2780 625 2837 maxima
650 2785 705 2835 et
735 2779 891 2851 regia
921 2778 1280 2835 venerationi
1312 2778 1562 2850 publica:
1605 2778 2003 2834 commendari

371 2869 671 2942 dignitate.
698 2868 812 2923 Cur
841 2868 996 2924 enim
1021 2871 1106 2923 tot
1138 2885 1199 2922 se
1229 2867 1489 2938 quotidie
1522 2866 1675 2921 curis
1711 2869 2006 2933 attereret,

364 2963 594 3015 tantum
627 2973 902 3029 angorem
933 2971 1002 3011 ex
1033 2961 1190 3011 metu
1224 2956 1461 3011 assiduo
1477 2955 1869 3026 periculorum
1898 2955 2006 3008 im-

367 3047 746 3119 pendentium
780 3045 1027 3114 subiret,
1052 3046 1103 3099 si
1133 3043 1362 3100 nullum
1398 3044 1509 3114 ipsi
1543 3044 1773 3100 lucrum
1798 3044 2010 3098 rediret

1429 321 1526 373 DE
1563 321 1936 375 MICHAELE
1975 321 2401 377 PALEOLOGO
2440 323 2570 376 LIB.
2616 325 2660 376 Ι.

3644 314 3749 370 510

1603 443 1726 500 Ἐπι
1781 443 1832 498 τί
1889 444 1991 519 γὰρ
2024 452 2077 519 Α
2109 449 2304 520 μενοῦν
2332 445 2391 499 οὗ
2424 441 2757 502 συνέϐαινον.
2787 445 2853 502 Οἱ
2906 445 3000 517 μὲν
3049 443 3174 518 γὰρ,
3224 441 3310 497 καὶ
3347 439 3560 515 μᾶλλον
3599 441 3649 496 οἱ
3687 441 3746 496 ἐκ

2101 539 2205 587 τῶν
2276 535 2591 607 Λασκαρίων
2663 534 3096 607 Τζαμάντουροι,
3149 530 3242 586 σὺν
3294 533 3377 592 οἷς
3423 531 3512 584 καὶ
3562 532 3590 584 ὁ
3637 536 3746 586 Νο-

2104 621 2330 696 στόγγος
2383 624 2651 697 Γεώργιος
2681 666 2694 688 ,
2731 623 2792 677 τὸ
2838 623 2932 694 μὶν
2977 618 3411 696 βασιλεοπάτορα
3470 618 3559 673 καὶ
3615 619 3752 673 εἶναι

2102 711 2189 765 καὶ
2223 710 2578 781 ὀνομάζεσθαι
2617 709 2778 782 μόλις
2815 712 2906 782 μὲν
2960 709 3084 764 ἀλλ’
3128 704 3281 781 ὅμως
3313 711 3397 762 καὶ
3438 709 3512 780 μή
3561 705 3748 771 Θέλον-

2924 800 3057 852 εἶναι
3106 803 3184 869 τῷ
3230 797 3509 869 ἐπιτρόπῳ
3557 796 3619 850 τὸ
3651 803 3748 864 τῆς

2106 885 2362 956 δουκικῆς
2400 887 2690 961 μεγαλεῖον
2726 887 2874 956 ἀξίας
2921 884 3343 960 διισχυρίζοντο.
3396 886 3662 962 Ὀφςοικίῳ
3693 882 3750 938 δὲ

2109 975 2381 1049 βασιλείας
2450 975 2664 1052 φέροντι
2742 978 2916 1048 ὄνομα
2998 974 3345 1047 σεμνύνεσθαι
3414 978 3604 1028 τοῦτον
3658 973 3749 1027 καὶ

2827 798 2869 818 ἢ,

2102 819 2188 858 τες
2238 796 2525 867 ἐνεδίδουν,
2589 800 2770 853 ἱκανὸν
2824 798 2850 852 δ

2102 1063 2374 1125 τοιαύταις
2425 1064 2594 1133 ἀξίαις
2640 1065 2895 1136 τιμᾶσθαι
2965 1063 3264 1135 κρείττοσιν
3311 1062 3345 1130 ἢ
3395 1064 3510 1116 κατ’
3570 1061 3751 1133 αὐτὸν,

2109 1154 2184 1224 μὴ
2214 1152 2301 1206 καὶ
2332 1151 2416 1206 ἐπὶ
2444 1159 2562 1215 τοῖς
2617 1152 2893 1226 μεγίστοις
2940 1173 2996 1206 τε
3043 1151 3133 1205 καὶ
3185 1152 3394 1224 τιμίοις
3451 1145 3754 1226 παράϐασις

2107 1241 2210 1310 εἷἠ,
2242 1241 2388 1296 Εἶναι
2439 1241 2539 1315 γὰρ
2589 1238 2872 1315 βασιλίδας
2927 1241 3130 1311 ὡραίας
3180 1248 3393 1313 γαμων,
3442 1240 3501 1300 ἅς
3540 1239 3749 1313 ἀνάγκη

2105 1335 2389 1402 γαμεῖσθαι
2421 1334 2536 1390 τοῖς
2568 1330 2824 1402 προέχειν
2859 1327 3134 1382 δοκοῦσιν·
3178 1327 3223 1381 εἷ
3273 1325 3318 1382 δ’
3352 1329 3463 1396 οὖν,
3501 1326 3627 1383 ἀλλ’
3660 1327 3753 1381 αυ-

2104 1423 2220 1478 ταῖς
2251 1416 2301 1486 ἐξ
2329 1417 2500 1470 αὐτῶν
2552 1417 2686 1491 μέγα
2715 1418 2776 1471 τὸ
2827 1415 3036 1472 δίκαιον
3087 1417 3236 1491 ἒχειν
3287 1416 3562 1480 τοιούτοις
3621 1417 3754 1488 μετά

2107 1509 2211 1559 τῶν
2273 1505 2516 1579 συζύγων
2573 1505 2923 1577 σεμνύνεσθαι
2983 1506 3280 1578 ἀξιώμασιν
3316 1549 3329 1574 ,
3389 1503 3751 1579 αὐτοδέλφαις

2111 1591 2380 1667 βασιλέως
2431 1591 2616 1655 οὔσαις
2671 1593 2760 1648 καὶ
2823 1594 3092 1668 βασιλίσιν
3153 1591 3212 1647 ἐκ
3265 1591 3539 1669 τριγονίας
3583 1592 3617 1661 ἢ
3661 1592 3750 1646 καὶ

2105 1682 2450 1754 τετραγονίας
2488 1679 2698 1752 μαλλον
2737 1681 3045 1755 βασιλικῆς.
3089 1681 3154 1738 Οἱ
3201 1682 3337 1757 ἀμφὶ
3376 1681 3467 1735 τὸν
3509 1686 3752 1754 Στρατη-

2107 1769 2384 1844 γόπουλον
2419 1767 2476 1823 δὲ
2501 1768 2740 1840 Ἀλέξιον
2772 1771 2860 1823 καὶ
2903 1772 2953 1823 οἱ
2985 1771 3078 1824 τοῦ
3112 1769 3284 1841 Φιλῆ,
3317 1769 3406 1823 καὶ
3438 1769 3529 1823 σὺν
3566 1769 3748 1828 αὐτοῖς

2109 1859 2158 1912 ei.
2190 1858 2470 1929 Τορνίκιοι
2502 1859 2591 1912 καὶ
2641 1859 2691 1912 οἱ
2723 1855 2918 1933 τυφλοὶ
2977 1856 3210 1930 μᾶλλον,
3245 1857 3294 1913 o'i
3325 1857 3390 1927 δὴ
3424 1859 3512 1912 καὶ
3556 1858 3752 1912 παθόν-

2106 1966 2194 2007 τες
2241 1945 2462 2017 ἀμύνειν
2518 1943 2738 2015 ἤθελον,
2799 1949 2864 2014 [Ρ
2920 1949 3008 2016 45]
3053 1945 3142 1999 σὺν
3177 1945 3222 1999 δ’
3267 1947 3449 2008 αὐτοῖς
3493 1947 3581 2000 καὶ
3629 1945 3748 2000 ὅσοι

2107 2035 2242 2089 κατὰ
2274 2031 2584 2108 συγγένειαν
2614 2036 2647 2102 ἢ
2689 2036 2846 2088 αὖταν
2878 2033 2913 2102 ἢ
2947 2034 3312 2107 ἐλπιζομένην
3367 2040 3483 2097 τοῖς
3516 2034 3726 2092 Ηαλαιο

2109 2123 2298 2198 λόγοις
2329 2122 2695 2196 προσέκειντο,
2751 2122 2994 2196 ἰσχυρῶς
3042 2122 3333 2192 ἀντέσπων,
3372 2121 3581 2177 δίκαιον
3613 2124 3748 2176 εἶναι

2109 2209 2358 2286 λέγοντες
2409 2213 2494 2266 καὶ
2553 2209 2741 2273 ἄλλως
2793 2209 3063 2288 συμφέρον
3121 2210 3211 2264 τὸν
3264 2210 3422 2287 ἐγγὺς
3478 2209 3749 2286 βασιλέως

2109 2297 2235 2354 ὄντα
2266 2300 2353 2354 καὶ
2398 2301 2599 2372 πατρὸς
2640 2296 2812 2371 ὄνομα
2845 2299 3073 2376 φέροντα
3120 2305 3376 2370 τιμᾶσοαι
3425 2299 3513 2353 καὶ
3554 2298 3749 2354 δεσπο-

2106 2387 2242 2458 τεία.
2276 2385 2431 2444 Οὕτω
2479 2388 2581 2461 γὰρ
2641 2388 2772 2440 εἶναι
2827 2389 2889 2441 τὸ
2948 2387 3370 2462 συγκεχωρηκὸς
3430 2389 3579 2458 αὐτῷ
3609 2390 3755 2460 παρά

2114 2603 2345 2659 ratoris.
2396 2607 2528 2658 Haec
2587 2601 3014 2672 proferentibus
3072 2601 3429 2673 quibusdam
3489 2601 3658 2658 multi
3715 2619 3746 2658 e

2127 2691 2396 2746 Patribus
2421 2690 2798 2746 ecclesiastici
2843 2706 3159 2746 concessus
3182 2692 3533 2762 praesidibus
3556 2709 3750 2748 sacro-

2115 2795 2243 2834 rum
2263 2779 2720 2851 applaudebant,
2737 2779 2992 2849 utjustis
3009 2783 3066 2834 et
3089 2778 3296 2834 rationi
3321 2781 3752 2848 consentaneis,

2115 2871 2286 2938 prout
2316 2867 2462 2938 ipsis
2493 2867 2837 2923 videbatur:
2872 2865 3141 2923 nonnulli
3183 2866 3326 2938 quin
3379 2869 3554 2924 etiam
3586 2886 3754 2925 sena-

2115 2961 2270 3011 tores
2299 2960 2357 3011 et
2387 2972 2454 3011 ex
2485 2957 2824 3027 gerentibus
2856 2957 3078 3027 primos
3103 2957 3483 3027 magistratus
3506 2975 3753 3014 consen-

2115 3044 2475 3102 tiebant.Alii
2498 3049 2702 3100 contra
2718 3044 3578 3108 tendebant,sententiistamen
3601 3047 3753 3101 inter

362 3155 431 3193 ex
488 3141 610 3192 tam
663 3134 1032 3190 tumultuosa
1094 3132 1505 3205 procuratione
1575 3132 1634 3186 in
1706 3132 2004 3203 publicum
2038 3169 2080 3235 Ο
2119 3150 2244 3189 sese
2278 3134 2666 3189 discordibus.
2699 3133 2842 3188 Nam
2872 3132 2931 3187 hi
2967 3131 3225 3204 quidem,
3256 3134 3509 3188 maxime
3540 3135 3752 3190 Lasca-

369 3231 644 3298 suscepta
675 3225 1074 3293 commodum,
1099 3222 1361 3294 prmserti
1386 3239 1578 3277 meum
1610 3221 1723 3277 ista
1754 3238 1930 3292 quam
1955 3220 2006 3275 ei

367 3322 637 3389 optamus
695 3330 875 3384 supra
931 3320 1167 3368 caeteros
1221 3311 1562 3367 excellentia
1606 3310 2008 3366 elﬁcacitatem

369 3404 702 3476 reipublicae
725 3403 926 3458 utilem
947 3403 1295 3472 adjunclura
1317 3401 1395 3456 sit
1412 3399 1701 3456 mandatis
1724 3399 2012 3470 imperiis-

377 3511 497 3565 quae
528 3491 1113 3561 salubribus,absque
1145 3487 1353 3560 majori
1375 3505 1551 3560 quam
1578 3505 1704 3558 quae
1732 3503 1887 3542 nunc
1923 3492 2012 3542 est

369 3582 628 3654 jubentis
660 3579 945 3638 auctorite
977 3578 1142 3634 facile
1187 3579 1548 3650 impuneque
1601 3576 2010 3648 negligendis?

376 3674 625 3745 Dignum
659 3686 900 3742 prorsus
931 3684 1280 3740 aequumque
1312 3671 1400 3722 est
1432 3666 1624 3721 ornari
1659 3666 1879 3720 domini
1905 3683 2004 3736 ap-

373 3760 686 3834 pellatione
717 3763 972 3814 tutorem
1005 3755 1373 3828 imperatoris
1399 3772 1411 3810 :
1434 3755 1518 3810 sic
1547 3756 1702 3809 enim
1735 3755 1859 3824 ipse
1890 3754 2010 3810 sin-

373 3866 572 3907 cerum
607 3850 877 3904 affectum
908 3850 1159 3918 paternae
1213 3843 1516 3900 charitatis
1547 3859 1682 3913 erga
1729 3859 1887 3910 eum,
1920 3843 2010 3898 cui

371 3957 499 3997 sors
531 3937 807 3994 nascendi
832 3937 934 4006 jus
978 3933 1209 4005 imperii
1261 3931 1530 4000 contulit,
1561 3933 1849 3996 turbetur,
1881 3947 2010 3986 eam

379 4031 564 4084 vicem
595 4024 770 4082 olfieii
802 4028 1069 4078 mutuam
1103 4023 1312 4077 debere
1343 4036 1406 4075 se
1454 4019 1712 4074 sentiens
1743 4019 1791 4074 ei
1841 4020 2010 4089 cujus

377 4133 556 4173 causa
587 4120 642 4171 et
673 4129 916 4170 assensu
976 4111 1086 4166 isto
1121 4127 1183 4165 se
1235 4109 1442 4164 viderit
1490 4108 1705 4163 honore
1754 4114 2009 4163 auctum-

379 4206 526 4272 Quid
551 4204 644 4259 75
669 4217 836 4273 porto
867 4199 1392 4256 extraordinarium
1425 4201 1481 4252 et
1507 4213 1716 4252 novum
1752 4200 1839 4251 est
1877 4213 2009 4251 eum

383 4295 498 4352 dici
542 4295 862 4361 despotam,
910 4290 1079 4359 cujus
1119 4292 1417 4342 maternus
1467 4303 1610 4342 avus
1653 4287 1850 4340 eadem
1900 4285 2015 4340 ista

372 4387 623 4457 despota:
654 4379 905 4449 insignis
936 4380 1216 4447 potestate
1238 4375 1528 4446 praeclaris
1562 4390 1623 4430 se
1653 4374 2013 4429 facinoribus

376 4470 683 4547 permultis
715 4467 866 4522 bello
898 4471 1099 4521 contra
1126 4463 1304 4520 Italos
1353 4463 1618 4518 inclitum
1666 4463 1909 4518 fecerit?
1938 4479 2009 4515 an

2120 3223 2254 3278 ridae
2288 3221 2680 3288 Tzamanturi,
2713 3238 2846 3276 cum
2879 3222 3094 3292 quibus
3125 3228 3182 3277 et
3212 3222 3548 3295 Nostongus
3579 3224 3759 3279 Geor-

2117 3311 2270 3381 gius,
2304 3310 2496 3366 vocari
2527 3314 2582 3365 et
2612 3325 2739 3365 esse
2770 3309 3160 3381 Paleeologum
3194 3315 3419 3380 patrem
3469 3311 3750 3384 principis

2116 3415 2264 3468 aegre
2296 3399 2432 3453 licet
2461 3416 2524 3454 ac
2581 3398 2859 3453 subinviti
2901 3399 3327 3467 concedebant;
3362 3403 3556 3456 tamen
3603 3401 3750 3456 illud

2118 3487 2394 3542 tenebant
2424 3487 2721 3541 mordicus
2744 3487 3156 3558 praefracteque
3184 3487 3612 3543 contendebant
3638 3491 3758 3544 suf-

2119 3575 2288 3630 ﬁcere
2321 3575 2529 3629 debere
2559 3575 2736 3629 tutori
2789 3573 3159 3646 imperatoris
3209 3576 3756 3645 pmstantissimam

2119 3663 2459 3732 dignitatem
2491 3663 2656 3716 ducis
2690 3663 2920 3733 magni:
2955 3662 3146 3717 ofﬁcio
3175 3679 3310 3717 vero
3345 3665 3506 3734 regni
3555 3668 3611 3719 et
3653 3681 3755 3720 su-

2119 3752 2301 3823 premi
2333 3749 2577 3805 dominii
2611 3765 2821 3803 nomen
2865 3749 3115 3804 habento
3147 3750 3427 3820 insignire
3471 3752 3664 3822 ipsum
3697 3757 3756 3810 et

2117 3839 2453 3896 istiusmodi
2484 3837 2804 3893 honoribus
2839 3837 3126 3906 privatum
3157 3839 3395 3893 modum
3427 3840 3754 3896 excedenti-

2119 3930 2228 3984 bus
2241 3929 2464 3995 efferre,
2481 3927 2619 3997 quid
2642 3925 2858 3992 minus,
2874 3924 3128 3994 aiebant,
3144 3925 3396 3995 quamin
3412 3927 3679 3983 maximis
3698 3933 3755 3984 et

2119 4017 2336 4072 summi
2380 4014 2661 4070 momenti
2722 4013 2898 4067 rebus
2957 4013 3320 4082 przevaricari
3381 4013 3599 4070 fuerit?
3630 4033 3761 4073 esse

2120 4106 2274 4160 enim
2331 4103 2524 4174 regias
2574 4101 2852 4172 virgines,
2885 4116 3116 4156 sorores
3165 4101 3558 4173 imperatoris,
3590 4108 3756 4160 aetate

2120 4195 2236 4264 jam
2272 4191 2480 4260 nubili,
2515 4207 2640 4261 quae
2686 4189 2928 4246 honeste
2945 4205 3009 4245 ac
3028 4194 3418 4246 consentanea
3459 4191 3756 4248 natalibus

2121 4297 2321 4337 earum
2354 4279 2622 4336 collocari
2659 4281 2754 4334 76
2788 4296 2900 4334 non
2953 4282 3194 4349 possent
3226 4279 3338 4334 nisi
3388 4279 3526 4334 viris
3573 4281 3758 4335 excel-

2121 4369 2262 4426 leuti
2295 4368 2577 4439 dignitate
2606 4365 2961 4438 conspicuis,
2993 4382 3165 4436 quam
3199 4367 3546 4437 dignitatem
3570 4367 3658 4422 vel
3690 4384 3759 4424 ex

2122 4475 2183 4514 se
2207 4459 2328 4528 jam
2360 4457 2612 4512 habeant
2641 4453 2730 4509 vel
2762 4454 2819 4507 in
2846 4453 2976 4508 talis
3002 4453 3362 4508 matrimonii
3388 4455 3641 4511 favorem
3662 4473 3757 4512 ac-

376 4531 673 4619 hcscimus
731 4559 952 4626 quanta
978 4553 1118 4608 insit
1147 4553 1198 4607 ei
1220 4551 1479 4609 Charitas
1512 4552 1566 4605 ίη
1600 4557 1805 4621 Deum,
1835 4566 2008 4622 quam
2042 4531 2086 4595 D
2119 4548 2354 4619 cipiant.
2385 4547 2571 4610 Quare
2598 4542 2757 4598 hisce
2791 4542 3109 4597 servandos
3155 4540 3356 4597 titulos
3407 4543 3572 4610 istos,
3609 4561 3757 4616 quos

379 4653 590 4708 ardens
626 4647 884 4703 studium
924 4658 1116 4698 rerum
1136 4641 1540 4705 honestarum,
1561 4645 1814 4710 quantus
1845 4655 2009 4694 amor

376 4743 434 4798 in
468 4737 853 4796 monasticam
885 4733 1170 4798 ordinem,
1194 4749 1285 4787 res
1309 4732 1559 4802 denique
1582 4746 1784 4785 omnes
1803 4733 1858 4785 et
1881 4747 2005 4802 per-

379 4848 551 4889 sonas
564 4823 984 4884 ecclesiasticas
1002 4838 1179 4892 quam
1207 4821 1466 4892 impense
1494 4819 1827 4873 veneretur?
1845 4817 2010 4872 testis

377 4938 500 4992 quae
531 4918 684 4972 inest
734 4911 846 4984 ipsi
903 4908 1336 4966 modestissima
1385 4907 1686 4976 demissio,
1721 4906 2011 4976 populari-

376 5015 467 5066 tas
517 5003 721 5060 hilaris
753 5002 823 5056 ad
869 5015 1092 5055 omnes.
1125 4996 1509 5067 Benignitatis
1568 5013 1736 5066 porro
1780 4997 1906 5065 ejus
1955 5000 2013 5050 et

377 5092 734 5171 profusionis
765 5091 824 5144 in
858 5089 1125 5143 donando
1156 5086 1440 5141 indicium
1473 5085 1626 5140 idem
1661 5085 2012 5154 ell'eclusque

377 5190 487 5252 cst,
519 5195 750 5237 summa
782 5179 1095 5249 paupertas
1128 5189 1320 5229 rerum
1373 5189 1552 5244 supra
1582 5187 1752 5225 usum
1800 5171 2012 5226 redun-

379 5271 667 5338 dantium,
699 5282 876 5338 quam
910 5263 1102 5320 sciens
1150 5262 1466 5333 volensque
1499 5262 1556 5315 in
1609 5275 1670 5315 se
1718 5261 1901 5315 ambit
1949 5275 2012 5312 ac

379 5363 651 5436 procurat
682 5353 1100 5412 liberalissima
1129 5351 1434 5422 largitione
1466 5352 1751 5405 bonorum
1786 5348 2010 5402 talium.

376 5450 657 5516 Quocirca
688 5445 998 5514 etjustum
1047 5445 1103 5495 et
1157 5439 1490 5512 reipublicae
1545 5439 1687 5494 utile
1742 5437 1930 5499 fuerit,
1962 5437 2012 5490 si

380 5545 586 5612 praeter
618 5532 1068 5606 appellationem
1101 5529 1281 5601 patris
1306 5528 1587 5600 principis
1619 5528 1749 5582 aliis
1775 5527 2014 5597 lDSDpCl‘

381 5626 652 5700 congruis
687 5622 786 5680 tali
818 5621 1088 5692 dignitati
1109 5618 1295 5676 titulis
1319 5619 1813 5675 honoreturtutor
1835 5617 2010 5688 impe-

2116 4637 2354 4707 quidam
2386 4631 2771 4688 cumulandos
2795 4630 2852 4684 in
2878 4645 3060 4684 unum
3078 4631 3203 4699 jam
3227 4630 3458 4686 abunde
3481 4637 3754 4688 ornatum

2118 4724 2554 4786 contenderent,
2581 4735 2650 4772 ne
2683 4719 2987 4788 occupatis
3018 4718 3247 4790 cunctis
3268 4720 3549 4790 gradibus
3571 4719 3755 4776 subli-

2120 4812 2322 4867 mioris
2351 4807 2588 4864 honoris
2612 4805 2779 4876 regia:
2808 4804 3084 4875 virgines,
3112 4822 3226 4861 non
3256 4823 3324 4861 ex
3347 4811 3507 4878 patre
3537 4807 3754 4877 solum,

2119 4902 2217 4956 sed
2252 4915 2355 4954 avo
2383 4897 2577 4961 etiam,
2603 4909 2816 4966 proavo
2845 4898 2902 4948 et
2923 4895 3101 4949 abavo
3121 4896 3501 4964 regnantibus
3523 4896 3756 4968 geniti»,

2119 4987 2368 5060 deprimi
2402 4985 2581 5040 nutiis
2614 4982 2791 5038 nimis
2840 4983 3168 5054 imparibus
3201 4989 3258 5038 et
3309 4985 3518 5040 misere
3552 4985 3610 5040 in
3663 5002 3757 5039 or-

2119 5079 2315 5133 dinem
2347 5093 2416 5131 ex
2446 5076 2694 5145 augusto
2727 5071 2963 5142 fastigio
2997 5072 3177 5140 redigi
3211 5088 3448 5129 necesse
3478 5074 3752 5128 habeant.

2118 5170 2159 5222 Ε
2193 5165 2482 5222 contrario
2529 5160 2974 5231 Strategopulus
3005 5159 3244 5216 Alcxius
3299 5166 3355 5217 et
3403 5160 3584 5216 Phila:
3624 5161 3754 5230 lilii,

2119 5270 2350 5326 cunque
2410 5253 2499 5308 his
2556 5249 2834 5316 Tornicii,
2892 5253 2950 5304 et
3008 5249 3258 5304 maxime
3319 5249 3419 5319 qui
3487 5250 3755 5305 excwcati

2120 5348 2368 5413 fuerant,
2401 5344 2716 5413 utpoteque
2744 5338 3022 5408 injuriam
3054 5337 3507 5409 passi,vindicta3
3539 5337 3754 5409 cupidi,

2122 5437 2454 5508 pariterque
2494 5447 2627 5487 cum
2680 5427 2806 5482 istis
2860 5427 3121 5498 quinque
3177 5428 3523 5496 cognatione
3580 5432 3754 5497 atque

2121 5524 2405 5580 allinitate
2437 5517 2706 5593 praesenti
2739 5520 2842 5572 aut
2871 5520 3102 5586 sperata
3136 5515 3206 5570 ad
3239 5514 3590 5586 l’alaeologos
3621 5531 3754 5586 pro-

2122 5613 2469 5688 pendebant,
2506 5624 2716 5680 magno
2751 5607 2885 5662 nisu
2923 5606 3201 5661 aliorsum
3254 5621 3374 5660 rem
3425 5603 3750 5673 trahebant,
