4182 6286
451 307 554 363 511

1748 314 2046 373 GEORGII
2083 316 2543 374 PACHYMERE

3730 312 3844 369 512

448 434 686 501 πάντων,
717 434 807 487 καὶ
857 434 997 487 οὕτω
1052 436 1117 489 τὰ
1182 438 1472 512 πράγματα
1531 436 1875 502 διιθῦνεσοαι.
1927 437 2083 493 Παιδὶ
2116 441 2165 507 Α
2197 445 2364 495 ταῦτα
2394 460 2406 511 ;
2442 439 2598 497 Ἀλλ’
2628 440 2782 514 ὅμως
2811 444 2890 512 τῷ
2925 442 2999 513 μή
3044 438 3177 495 κατά
3226 437 3427 515 τρόπον
3477 434 3738 512 ἄρχεσθαι
3785 436 3844 509 ἐξ

445 524 547 597 γὰρ
583 524 657 594 μὴ
692 522 791 594 οἵῳ
820 544 876 577 τε
908 529 1121 598 φρονεῖν
1154 526 1241 578 τίσ
1270 522 1330 579 ἂν
1362 527 1448 579 καὶ
1483 530 1729 601 προσέξει
1761 547 1772 596 ;
1821 528 1883 584 Ei
1919 526 1975 582 δὲ
2004 529 2092 582 καὶ

448 612 475 665 ὁ
507 612 616 665 ἀντ’
650 611 851 666 ἐκείνου
882 615 1231 687 προστάσσων
1261 612 1484 685 ἰδιώτης
1516 614 1622 688 εἷή,
1668 614 1821 671 οὐδὲν
1851 619 1912 671 τὸ
1962 618 2093 690 πρὸς

446 698 678 773 ἀνάγκην
740 702 921 754 πεῖθον
972 700 1188 757 έσεῖται.
1252 703 1535 775 Μιμητέον
1589 706 1765 759 τοίνυν
1826 704 1952 766 τοὺς
2005 706 2091 759 ἐπὶ

442 792 550 842 τῶν
597 792 752 844 νεῶν.
811 790 1039 843 Ἐκεῖνοι
1097 790 1195 864 γάρ
1254 812 1322 845 κα
1364 793 1374 811 ’
1437 792 1630 854 αὐτοὺς
1691 794 1753 847 τὸ
1809 792 2090 867 ἐλεύθερον

445 876 663 949 ἔχοντες
710 877 798 931 καὶ
848 878 1223 951 αὖτόγνωμον,
1258 882 1390 934 κατά
1420 881 1594 935 πλοῦν
1654 883 1942 955 ἀναγκαῖον
1996 881 2091 951 έμ-

444 960 633 1027 ϐἀντες
690 964 980 1034 ἐπίτροπον
1045 966 1388 1039 ἐκλεξάμενοι
1467 968 1709 1042 ἐφιστᾶσι
1772 974 1886 1032 τοῖς
1943 974 2089 1045 σφῶν

444 1052 789 1127 πράγμασιν,
848 1056 892 1125 ᾧ
938 1052 1002 1123 δὴ
1062 1055 1150 1108 καὶ
1208 1056 1480 1110 πείΟονται
1538 1054 1900 1118 δουλωθέντες
1946 1058 2093 1111 ἑκόν-

440 1163 549 1211 τες,
586 1142 639 1196 εἷ’
681 1165 732 1196 τι
765 1141 937 1216 λέγοιο
973 1146 999 1197 ὁ
1035 1140 1089 1197 δέ
1144 1146 1192 1217 γ’
1248 1144 1481 1208 ἀπειθῶν
1545 1143 1733 1199 δίδωσι
1789 1146 1881 1206 τὰς
1942 1144 2089 1207 δίκας

374 1252 377 1259 ’
440 1231 587 1299 ἀξίας
620 1232 693 1293 ὡς
728 1231 802 1293 εἷς
850 1230 1113 1301 δεσπότην
1174 1232 1240 1286 τὰ
1301 1234 1525 1307 μέγιστα
1583 1234 1866 1309 ἁμαρτών.
1930 1233 2085 1302 Πλὴν

442 1320 502 1374 οὐ
535 1322 649 1373 καθ’
681 1320 873 1381 αὐτοὺς
902 1321 990 1374 καὶ
1023 1321 1096 1381 ὡς
1142 1320 1232 1375 ’ὲνα
1274 1321 1486 1376 πάντων
1538 1322 1708 1378 αὐτων
1757 1328 2089 1392 καθιστᾶσιν,

442 1407 587 1463 ἀλλά
616 1408 751 1483 πρὸς
780 1409 841 1462 τὸ
883 1409 1205 1485 σεμνότερον
1266 1413 1824 1485 μετασχηματίζουσι,
1892 1411 1981 1466 καὶ
2012 1417 2091 1482 τῷ

442 1504 542 1565 τῆς
582 1498 957 1558 καταστάσεως
1014 1498 1418 1571 μεγαλειοτέρῳ
1449 1501 1508 1553 τὸ
1540 1501 1675 1573 πρὸς
1708 1500 1837 1561 τοὺς
1888 1498 2091 1560 ἄλλους

446 1585 536 1639 ἀπ’
567 1585 730 1639 αὐτοῦ
763 1581 993 1661 φοϐερὸν
1028 1584 1426 1659 σχεδιάζουσιν.
1473 1588 1629 1643 Οὕτω
1673 1589 1763 1641 καὶ
1794 1585 1955 1648 πόλις
2002 1588 2089 1641 καὶ

444 1674 593 1748 ἀρχῆ
628 1675 1015 1742 συσταθήσεται
1066 1680 1207 1727 πᾶσα
1261 1679 1355 1728 τοῦ
1420 1675 1715 1751 ἐφεστῶτος
1781 1677 1911 1749 ὑπὲρ
1963 1674 2089 1737 τοὺς

445 1760 691 1824 πολλοὺς
720 1758 895 1824 ὄντος.
930 1763 995 1818 Οἱ
1034 1759 1089 1815 δέ
1118 1783 1176 1836 γε
1204 1762 1400 1839 τυφλοί
1450 1765 1535 1817 καὶ
1584 1762 2086 1839 ἡλευΟεροστὸμουν

445 1850 536 1905 καὶ
568 1849 1194 1925 παῤῥησίαστικώτερον.
1247 1876 1275 1902 ‹‹
1311 1854 1401 1920 Μὴ
1457 1852 1545 1906 διὰ
1578 1854 1775 1927 βρέφος
1809 1851 1883 1909 ἐν,
1918 1877 1944 1902 ››
1979 1850 2091 1905 ἔλε-

444 1961 557 2013 γον,
621 1963 649 1991 ‹‹
679 1941 827 2014 ἀρχὴ
860 1940 1092 2010 τοσαύτη
1155 1941 1244 1994 καὶ
1302 1942 1435 1996 τὸσα
1476 1955 1770 2017 πράγματα
1820 1941 2091 1997 κινδυνεῦ·

448 2051 625 2096 σειαν,
674 2030 821 2085 ἀλλά
862 2029 1218 2085 καταστατέον
1272 2032 1346 2093 εἷς
1406 2034 1582 2107 ἀρχὴν
1630 2033 1695 2087 τὰ
1735 2035 1995 2106 παρόντα,
2048 2031 2093 2085 εἰ

454 2118 629 2191 μέλλο
668 2140 761 2190 μεν
796 2119 1083 2187 σώζεσθαι.
1115 2121 1181 2174 Ἤ
1219 2120 1317 2174 οὐκ
1349 2118 1573 2193 οἴδαμεν
1613 2120 1665 2183 ἐς
1714 2121 1910 2175 ὁπόσον
1962 2118 2087 2173 δυσ-

443 2207 642 2281 τυχίας
674 2209 708 2275 ἡ
747 2211 853 2261 τῶν
908 2208 1195 2279 Ῥωμαίων
1258 2209 1535 2283 προῆλθεν
1575 2210 1745 2283 ἀρχὴ,
1806 2208 1942 2263 ὥστε
1996 2208 2086 2261 καὶ

449 2294 784 2364 ἀπελαθῆναι
833 2302 932 2364 τῆς
986 2293 1249 2369 πατρίδος
1308 2296 1396 2351 καὶ
1444 2296 1506 2351 τὸ
1550 2302 1651 2351 πᾶν
1712 2297 2096 2368 ἀπολέσαιμι-

447 2389 600 2458 κροῖς
662 2386 1132 2460 περιγραφομένην
1194 2385 1392 2459 ὁρίοις,
1456 2384 1720 2461 βασιλέων
1781 2387 1949 2441 ὅντων
2005 2385 2091 2440 καὶ

449 2614 682 2669 aequum
717 2612 853 2653 esse
883 2598 1106 2653 cientes
1130 2601 1186 2651 et
1208 2598 1425 2669 alioqui
1450 2599 1613 2669 utile,
1636 2599 1823 2655 virum
1844 2599 2104 2671 proxime

460 2688 764 2741 admotum
796 2686 1156 2757 imperatori.
1191 2691 1247 2742 et
1279 2688 1463 2759 patris
1496 2703 1634 2760 erga
1658 2704 1792 2744 cum
1824 2693 1879 2743 et
1912 2703 2101 2742 neces-

459 2775 779 2829 situdinem
808 2780 1104 2845 gerentem
1136 2780 1194 2831 et
1223 2792 1460 2843 nomen,
1484 2778 1756 2833 honorari
1780 2776 1951 2831 titulo
1979 2776 2104 2829 des-

462 2868 631 2933 potas.
666 2863 805 2919 Cedi
836 2864 992 2919 enim
1026 2865 1161 2919 huic
1194 2866 1263 2920 ab
1295 2866 1572 2921 omnibus
1614 2866 1941 2930 convenire,
1973 2880 2100 2934 quas

460 2948 728 3004 omnium
761 2954 970 3021 praeter
999 2950 1325 3021 principem
1358 2953 1457 3007 uni
1505 2953 1792 3022 subjectio
1824 2952 1936 3006 isto
1969 2952 2100 3005 des-

457 3040 604 3108 potaa
636 3039 905 3107 signatur
945 3039 1247 3094 vocabulo.
1281 3039 1374 3094 Sic
1429 3056 1671 3094 cursum
1724 3037 1967 3109 publicae
2018 3038 2097 3092 rei

459 3141 803 3195 prosperum
838 3126 979 3180 fore.
1009 3126 1191 3179 Puero
1248 3127 1405 3180 enim
1464 3126 1687 3181 ratione
1745 3126 1937 3181 adhuc
1997 3142 2098 3197 per

2202 527 2460 591 εὐπλοίας
2488 530 2568 584 ὅτι
2612 533 2923 602 Θαυμαστῇς
2973 528 3323 604 ἐναυάγησαν.
3377 526 3437 583 Εἰ
3467 531 3592 601 γοῦν
3624 530 3702 597 τῷ
3760 529 3839 599 μὴ

2201 619 2384 680 καλῶς
2412 618 2461 680 ἐς
2481 620 2542 673 τὸ
2593 614 2809 693 ἀκριϐὲς
2858 617 3119 693 ἄρχεσθαι
3164 619 3295 671 τόσα
3347 610 3540 685 συνέϐη
3598 616 3666 669 τὰ
3721 612 3841 670 δυσ-

2204 714 2365 779 χερῆ,
2413 708 2477 761 τὸ
2534 710 2608 779 μὴ
2670 707 2815 768 ὅλως
2875 705 3135 781 ἄρχεσθαι
3183 707 3349 759 πόσον
3411 702 3487 765 εἷς
3539 701 3836 775 κίνδυνον;

2202 797 2360 866 Ἡμῖν
2394 797 2489 867 μὲν
2528 795 2615 850 οὖν
2648 794 2815 849 καλὸν
2852 795 2942 868 μὲν
2977 794 3066 850 καὶ
3117 796 3177 848 τὸ
3228 794 3361 865 πρὸς
3410 794 3506 860 τὴν
3564 792 3835 866 βασιλέίαν

2200 885 2387 938 πιστὸν
2421 885 2643 957 ἥγηται,
2676 884 2843 938 καλὸν
2896 884 2952 937 δὲ
2982 882 3069 936 καὶ
3102 883 3162 936 τὸ
3193 887 3308 943 τοῖς
3342 880 3525 953 ὅρκοις
3579 880 3840 952 ἐμμένον-

2198 994 2292 1033 τας
2348 974 2626 1041 σώζεσθαι·
2689 977 2785 1025 κᾶν
2844 972 2955 1043 ἀπῇ
3013 972 3073 1025 τὸ
3123 972 3433 1038 σώζεσθαι.
3497 968 3721 1041 μάταιον
3775 972 3831 1024 τὸ

2199 1061 2405 1114 πιστόν.
2454 1063 2595 1114 Κατά
2636 1061 2688 1113 τί
2739 1058 2795 1114 δὲ
2846 1061 2935 1113 καὶ
2994 1060 3309 1131 λυμανεῖται
3368 1060 3436 1128 τῇ
3498 1056 3754 1130 βασιλείᾳ,
3784 1057 3826 1111 εἶ

2199 1150 2485 1222 προσέσται
2516 1148 2595 1219 τῷ
2626 1153 2917 1225 φροντιστῇ
2948 1148 3009 1203 τὸ
3062 1146 3271 1219 ἀξίωμα
3305 1164 3318 1214 ;
3378 1144 3591 1217 μᾶλλον
3628 1147 3719 1218 μὲν
3749 1145 3832 1199 οὖν

2198 1239 2283 1291 καὶ
2320 1238 2550 1291 συνοίσει
2610 1240 2675 1290 τὰ
2732 1235 2984 1293 πλεῖστα.
3033 1238 3245 1307 ’Όνομα
3273 1235 3372 1309 γάρ
3422 1233 3606 1305 τίμιον
3640 1234 3844 1308 περιθέο

2204 1346 2358 1397 μενος
2412 1326 2491 1379 ἐπ’
2550 1324 2722 1379 αὐτῶν
2767 1328 2872 1379 τῶν
2935 1323 3266 1397 πραγμάτων
3320 1326 3572 1396 κρατυνεῖ
3630 1319 3840 1394 μᾶλλον

2199 1414 2295 1480 τὴν
2342 1413 2520 1487 ἀρχὴν
2548 1418 2625 1484 τῷ
2662 1418 2967 1487 κρατοῦντι·
3024 1412 3083 1466 ἐκ
3107 1420 3205 1487 γαρ
3258 1410 3473 1466 πολλοῦ
3502 1415 3598 1465 τοῦ
3628 1411 3844 1484 περιόν-

2198 1522 2289 1562 τος
2320 1496 2571 1575 πρέσϐεσι
2610 1502 2702 1573 μὲν
2733 1501 3094 1575 χρηματίσοι,
3140 1499 3294 1561 λαοῖς
3338 1497 3385 1553 δ’
3416 1497 3701 1572 ὁμιλήσοι,
3735 1499 3851 1553 ἐπι-

2197 1591 2346 1659 τάξοι
2379 1587 2435 1643 δὲ
2468 1591 2821 1661 στρατιώταις
2866 1590 2955 1643 καὶ
3015 1587 3267 1663 ἄρχουσι,
3314 1590 3400 1641 καὶ
3436 1586 3588 1642 οὐδὲν
3624 1586 3653 1641 ὅ
3679 1608 3729 1640 τι
3767 1588 3845 1658 μὴ

2201 1678 2276 1739 ὡς
2308 1678 2448 1740 si.qu
2486 1679 2836 1746 καταστήσοι,
2869 1674 3301 1749 δυσωπουμένων
3342 1677 3405 1730 τὸ
3454 1675 3665 1747 ἀξίωμα
3711 1675 3849 1728 πάν-

2199 1786 2328 1821 των.
2364 1764 2425 1819 Εἰ
2460 1762 2516 1818 δέ
2544 1784 2625 1825 τις
2656 1769 2772 1824 τοῖς
2806 1763 2855 1833 ἐξ
2909 1760 3027 1816 ἴσου
3082 1761 3176 1816 κᾶν
3236 1762 3399 1836 ἀρχοι
3459 1762 3849 1839 προσφέροιτο.

2201 1851 2261 1905 οὐ
2296 1852 2467 1905 πείσει
2518 1849 2713 1926 ῥᾳδίως
2747 1850 2851 1904 ὅτι
2898 1852 3247 1924 προστάσσοι,
3300 1846 3465 1922 μηδὲν
3517 1849 3568 1918 ἐξ
3622 1850 3849 1921 ὑπερτέ-

2202 1961 2295 2015 ρας
2350 1941 2535 2015 χειρὸς
2593 1940 2858 2012 ἐπιτιμῶν
2924 1944 3039 1999 τοῖς
3100 1940 3521 2010 ἄνθισταμένοις.
3580 1940 3667 2009 [Ρ
3727 1940 3852 2008 46]

2203 2028 2491 2101 Ῥωμαίων
2516 2027 2573 2083 δὲ
2604 2026 2885 2082 πολιτείαν
2946 2026 2991 2081 εἰ
3047 2024 3232 2090 ἄλλως
3338 2026 3476 2080 κατὰ
3534 2025 3853 2100 μοναρχίαν

2206 2114 2425 2171 διοικεῖν
2461 2117 2639 2180 ἐθέλοι
2669 2138 2775 2182 τις,
2828 2115 3194 2187 Θαυμάζοιμεν
3244 2114 3323 2168 ἄν.
3362 2112 3588 2185 Ἀμέλει
3618 2134 3702 2167 τοι
3762 2115 3855 2166 καὶ

2204 2205 2550 2279 προηγείσθω
2584 2205 2703 2277 μὲν,
2734 2202 2828 2258 κᾶν
2862 2202 3060 2271 ἀτελής
3093 2204 3120 2257 ὁ
3154 2207 3365 2277 κρατῶν
3396 2208 3503 2272 εἴη,
3536 2203 3598 2256 τὸ
3643 2221 3849 2275 μοναρ-

2208 2298 2349 2367 χεῖν·
2397 2299 2547 2365 μενεῖ
2602 2294 2704 2367 γὰρ
2754 2292 2842 2346 καὶ
2876 2291 3040 2363 οὕτω,
3093 2290 3189 2346 κᾶν
3222 2288 3436 2361 δοκοίη,
3486 2290 3548 2344 τὸ
3602 2289 3845 2359 σύνηθες.

2739 2378 2792 2434 δὲ
2840 2381 2954 2434 κατ’
3004 2382 3240 2454 ἀνάγκην
3285 2381 3347 2433 τὸ
3392 2379 3509 2434 καθ’
3554 2381 3697 2450 ἡμᾶς
3745 2398 3852 2450 μα-

2203 2383 2688 2455 Ἀρισταρχήσεται
2736 2383 2792 2434 δὲ

2214 2596 2540 2668 scriptum?
2562 2597 2630 2650 Et
2660 2595 2780 2650 haec
2810 2595 3145 2650 acciderunt
3169 2593 3621 2665 imperatoribus
3642 2591 3721 2647 ibi
3748 2592 3859 2648 do-

2212 2685 2593 2739 minantibus.
2620 2686 2730 2740 Sed
2762 2685 2914 2756 quod
2949 2684 2986 2737 ii
3010 2688 3166 2738 recte
3193 2700 3306 2738 non
3340 2684 3755 2754 gubernarent,
3792 2698 3864 2737 ex

2212 2789 2447 2828 summa
2489 2772 2763 2827 felicitate
2794 2771 3182 2841 navigationis
3212 2772 3271 2825 in
3297 2771 3578 2825 miserum
3610 2770 3857 2825 naufra-

2210 2862 2373 2932 gium
2406 2861 2751 2915 decidimus.
2784 2860 2842 2914 Si
2874 2876 3009 2929 ergo
3063 2864 3227 2914 tanta
3257 2860 3316 2913 in
3378 2875 3483 2913 nos
3543 2856 3858 2914 calamitas

2208 2950 2478 3003 incubuit
2508 2965 2575 3002 ex
2608 2965 2672 3003 eo
2724 2948 2877 3018 quod
2937 2964 3053 3002 non
3113 2948 3259 3002 bene
3315 2947 3683 3017 regebamur,
3714 2948 3859 3016 quid

2211 3053 2325 3092 non
2358 3037 2689 3092 timendum
2722 3036 2891 3090 nobis
2953 3036 3243 3090 malorum
3301 3035 3496 3103 fuerit,
3528 3034 3577 3089 si
3608 3034 3857 3090 omnino

2209 3143 2325 3180 non
2358 3126 2661 3197 regimur?
2690 3124 2942 3179 Ilonesta
2973 3124 3091 3179 sine
3122 3125 3299 3179 dubio
3331 3128 3387 3178 et
3415 3123 3711 3178 laudanda
3759 3141 3857 3179 res

457 3217 688 3268 aetatem
710 3213 794 3266 uti
819 3230 931 3267 non
951 3212 1163 3267 valenti
1187 3213 1319 3284 quis
1342 3215 1777 3270 obaudiendum
1807 3215 2095 3286 putel?Si
2132 3204 2173 3269 C
2212 3215 2461 3269 habetur
2494 3214 2635 3269 fides
2680 3214 2738 3267 in
2797 3212 3231 3284 principatum:
3268 3213 3365 3268 sed
3428 3216 3550 3266 tum
3611 3213 3857 3267 demum

461 3317 594 3356 vero
625 3301 725 3371 qui
757 3300 885 3369 ejus
915 3301 1037 3355 vice
1068 3301 1318 3371 imperat
1348 3304 1608 3372 privatus
1640 3304 1717 3359 sit
1767 3320 1936 3358 nemo
1987 3304 2097 3359 erit

464 3389 563 3459 qui
596 3406 709 3443 non
742 3393 907 3459 putet
938 3389 1109 3458 plane
1142 3390 1521 3445 arbitrarium
1577 3408 1802 3462 parere,
1837 3392 1997 3447 nulla
2043 3393 2097 3446 vi

460 3477 699 3546 majoris
732 3477 1095 3532 auctoritatis
1127 3479 1487 3549 obsequendi
1518 3479 1953 3535 neccessitatem
1988 3480 2096 3534 im-

457 3568 727 3636 ponente.
764 3564 1087 3621 Imitandos
1110 3566 1293 3637 igitur
1315 3583 1442 3622 esse
1458 3571 1716 3623 vectores
1738 3568 1795 3622 in
1819 3568 1946 3623 navi
1976 3584 1987 3621 :
2014 3567 2099 3621 illi

457 3652 615 3708 enim
648 3657 950 3725 utcunque
1007 3654 1357 3725 singillatim
1418 3655 1583 3713 liberi
1624 3661 1679 3713 et
1736 3658 1827 3712 sui
1882 3657 2101 3728 quique

453 3741 626 3811 juris,
651 3743 801 3810 quod
834 3742 1111 3797 omnibus
1143 3744 1411 3814 expedire
1437 3746 1826 3801 communiter
1846 3745 2103 3800 sentiant

462 3828 531 3882 ad
554 3829 727 3884 finem
745 3831 974 3885 cunctis
999 3847 1161 3901 aeque
1183 3834 1553 3904 propositum
1598 3833 1934 3888 fortunandi
1972 3848 2102 3886 cur-

461 3933 563 3971 sus
613 3916 671 3971 in
731 3920 900 3988 cujus
958 3918 1141 3974 aleam
1193 3936 1254 3975 se
1302 3921 1611 3985 dederunt,
1652 3921 2099 3991 gubernatorem

460 4005 686 4075 eligunt
705 4005 932 4077 sibique
956 4008 1481 4078 prmﬁciunt,cujus
1502 4009 1759 4080 etjussis
1777 4014 1833 4065 et
1857 4009 2100 4065 nutibus

461 4094 865 4164 obtemperant
896 4096 1175 4151 servitute
1204 4096 1533 4153 voluntaria
1561 4118 1574 4165 ;
1608 4098 1708 4168 qui
1738 4115 1871 4153 vero
1904 4103 2104 4153 contra

462 4183 591 4251 ejus
647 4184 994 4254 praescripta
1052 4184 1277 4254 fecerit,
1338 4186 1547 4256 dignas
1604 4187 1704 4240 dat
1762 4204 1983 4258 pmnas,
2040 4192 2104 4242 ut

463 4269 563 4340 qui
588 4272 840 4326 maxime
872 4272 929 4324 in
964 4272 1269 4327 dominum
1304 4274 1645 4343 peccaverit.
1670 4276 1951 4330 Craterum
1984 4293 2100 4330 non

460 4374 594 4412 eum
619 4359 1057 4426 sicinstituunt,
1077 4366 1140 4415 ut
1158 4377 1224 4416 eo
1249 4365 1555 4429 provectus
1577 4362 1789 4417 similis
1811 4362 2102 4418 nihilomi-

463 4462 575 4500 nus
632 4446 909 4518 deinceps
968 4465 1101 4503 cum
1152 4448 1375 4505 caeteris
1406 4449 1581 4505 sortis
1611 4452 1687 4505 sit
1744 4452 1845 4506 sed
1900 4453 1971 4507 ad
2002 4469 2101 4506 ve-

462 4534 827 4633 nerationem
862 4536 1247 4634 77-quodam
1282 4537 1449 4593 illum
1497 4538 1698 4593 habitu
1731 4539 2097 4634 induuntin-
2136 4570 2176 4634 D

461 4621 740 4692 signioris
764 4624 1159 4694 auctoritatis;
1176 4630 1232 4681 et
1253 4630 1319 4680 ut
1339 4642 1473 4681 eum
1498 4626 1752 4681 universi
1771 4632 2097 4693 vereantur,

462 4710 720 4780 quodam
752 4710 864 4781 ipsi
887 4711 1047 4766 velut
1070 4715 1356 4783 impresso
1376 4714 1588 4769 minaci
1611 4716 1941 4789 charactere
1974 4732 2101 4770 ma—

461 4796 688 4866 jestatis
722 4804 1142 4868 assequuntur.
1176 4802 1264 4855 Sic
1296 4807 1353 4857 et
1391 4803 1555 4869 urbs,
1586 4808 1643 4858 et
1672 4803 1981 4874 imperium
2013 4808 2097 4858 to-

460 4888 585 4938 tum
620 4890 775 4940 recte
807 4887 1201 4955 ordinabitur,
1238 4889 1286 4943 si
1319 4892 1417 4960 qui
1473 4897 1681 4962 praeest
1736 4909 1864 4948 vere
1920 4909 2099 4963 supra

462 4973 904 5029 multitudinem
965 4976 1239 5031 emineat.
1288 4978 1514 5033 Fortior
1568 4980 1941 5052 liberiorque,
1975 4986 2099 5037 erat

460 5078 743 5116 cascorum
777 5062 983 5129 oratio,
1011 5082 1037 5115 ι»
1064 5068 1147 5120 Ne
1179 5071 1412 5137 propter
1433 5069 1743 5138 puerulum
1766 5094 1792 5119 ››
1818 5070 2095 5125 aientium

461 5172 488 5199 «
527 5154 752 5204 tantum
786 5150 1098 5221 imperium
1154 5158 1353 5225 totque
1393 5173 1487 5213 res
1532 5158 1952 5227 periclitentur.
1986 5158 2093 5214 Sed

460 5238 907 5295 constituendus
940 5240 997 5295 in
1023 5243 1145 5296 veri
1178 5244 1423 5299 formam
1459 5245 1687 5316 imperii
1721 5262 1976 5316 praesens
2008 5265 2095 5303 re-

463 5344 593 5381 rum
626 5332 835 5397 status,
862 5329 911 5383 si
934 5329 1075 5384 salvi
1109 5348 1235 5387 esse
1258 5332 1549 5388 volumus.
1575 5338 1662 5387 An
1684 5333 2011 5405 ignoramus
2036 5336 2095 5391 in

461 5421 743 5485 quantam
780 5418 1179 5474 infelicitatem
1212 5421 1538 5477 Romanum
1592 5422 1900 5493 imperium
1962 5442 2094 5494 pro-

459 5504 691 5572 lapsum
726 5505 820 5572 sit,
854 5507 996 5562 adeo
1030 5516 1093 5562 ut
1126 5510 1313 5579 patria
1352 5511 1479 5581 ipsa
1518 5511 2004 5567 exterminaretur
2036 5517 2091 5568 et

462 5608 655 5647 rerum
687 5610 977 5651 summam
1002 5598 1268 5667 perderet
1284 5600 1549 5672 angustis
1574 5600 1811 5658 niuibus
1843 5601 2091 5658 circum-

2209 3303 2453 3358 bonesta
2485 3318 2613 3356 cum
2644 3302 2805 3356 salus
2834 3301 2893 3355 in
2918 3302 3059 3371 jura
3089 3302 3202 3356 fide
3255 3300 3649 3372 perstantium
3708 3301 3852 3355 inde

2208 3390 2605 3461 consequitur
2656 3392 2727 3444 At
2784 3391 2833 3443 si
2889 3390 3116 3444 fructus
3166 3390 3295 3444 ﬁdei
3356 3388 3517 3443 salus
3575 3389 3853 3457 abfuerit,

2208 3479 2389 3535 stulta
2419 3480 2562 3533 fides
2594 3483 2698 3533 est.
2735 3477 2875 3541 Quid
2910 3483 3106 3533 autem
3139 3477 3368 3533 nocebit
3397 3477 3777 3548 principatui,
3801 3478 3853 3532 si

2209 3570 2335 3637 ejus
2366 3567 2619 3622 curatori
2652 3567 2959 3622 accesserit
2990 3567 3295 3639 dignitas?
3320 3566 3466 3630 Quin
3488 3566 3683 3637 potius
3710 3566 3855 3623 inde

2202 3655 2503 3725 juvabitur
2528 3654 2872 3726 plurimum.
2905 3655 3151 3709 Nomine
3183 3655 3398 3726 quippe
3415 3652 3727 3709 venerabili
3752 3671 3853 3708 as-

2209 3761 2335 3799 sum
2350 3748 2444 3815 pto
2459 3745 2583 3813 ejus
2604 3743 2669 3799 ad
2684 3744 3043 3797 ministrator
3061 3744 3244 3813 magis
3262 3742 3853 3813 ﬁrmabitimperium

2210 3833 2481 3905 principi.
2513 3833 2605 3887 Sic
2638 3831 2789 3886 enim
2822 3832 3357 3903 incomparabiliter
3406 3831 3855 3885 convenientius

2209 3926 2265 3977 et
2294 3921 2583 3976 cfﬁcatius
2614 3920 2833 3989 legatos
2867 3920 3084 3988 audiet,
3118 3919 3391 3975 tractabit
3421 3936 3553 3974 cum
3588 3919 3847 3990 populis,

2210 4010 2498 4065 militibus
2531 4025 2597 4065 ac
2649 4011 2742 4064 74
2777 4008 3219 4077 magistratibus
3255 4009 3573 4080 prescribet
3624 4008 3781 4077 quod
3818 4024 3850 4063 e

2210 4115 2271 4154 re
2306 4099 2500 4167 fuerit,
2535 4097 2678 4152 nihil
2700 4113 2813 4151 non
2838 4096 3089 4167 denique
3112 4102 3266 4151 recte
3288 4096 3623 4161 constituet,
3642 4111 3847 4151 veren-

2208 4188 2366 4243 tibus
2398 4186 2743 4257 dignitatem
2776 4186 3020 4240 cunctis.
3056 4185 3116 4240 Si
3151 4202 3283 4241 vero
3302 4184 3433 4256 quis
3452 4184 3629 4239 simul
3653 4184 3842 4254 impe-

2210 4280 2317 4342 ret,
2352 4275 2523 4330 simul
2559 4275 2615 4329 in
2633 4273 2925 4345 patricum
2943 4273 3198 4329 subditis
3213 4273 3493 4328 consistat
3516 4273 3723 4344 gradu,
3763 4290 3850 4327 nae

2210 4363 2259 4419 is
2293 4364 2447 4418 haud
2484 4366 2831 4433 assequetur
2862 4362 3026 4417 facile
3057 4366 3121 4417 ut
3153 4363 3462 4417 mandetur
3493 4360 3856 4417 exsecutioni

2211 4451 2619 4523 quodjusserit
2642 4450 2883 4521 ;quippe
2910 4451 3079 4521 cujus
3098 4466 3310 4505 manus
3330 4448 3639 4521 principali
3658 4453 3855 4504 aucto-

2209 4538 2377 4593 ritate
2410 4538 2567 4591 nuda
2598 4540 2653 4591 et
2684 4535 3118 4606 quodammodo
3139 4534 3690 4590 inermisvindicare
3713 4551 3850 4589 con-

2211 4627 2524 4681 tumaciam
2543 4624 2820 4679 mandata
2847 4624 3248 4694 spernentium
3289 4622 3850 4692 nequeat.Miremur

2207 4720 2401 4771 autem
2434 4714 2481 4769 si
2511 4714 2644 4784 quis
2693 4714 3013 4783 speraverit
3062 4712 3384 4767 Romanam
3417 4711 3844 4782 rempublicam

2207 4803 2320 4859 alio
2349 4819 2520 4873 quam
2555 4801 2925 4857 monarcbico
2957 4801 3398 4873 gubernationis
3451 4816 3663 4871 genere
3720 4801 3840 4871 regi

2206 4908 2397 4962 posse.
2434 4891 2611 4961 Igitur
2642 4895 2775 4945 ante
2803 4889 2999 4946 omnia
3032 4907 3139 4945 sua
3177 4905 3413 4945 summa
3467 4892 3843 4943 conservetur

2205 4980 2524 5035 auctoritas
2555 4978 2927 5045 monarchiee,
2960 4978 3066 5033 etsi
3098 4979 3197 5049 qui
3231 4993 3357 5033 eam
3388 4977 3619 5031 interim
3651 4977 3841 5031 admi-

2205 5067 2877 5138 nistrathomoprivatus
2894 5066 3003 5121 sit:
3038 5066 3138 5121 illo
3172 5066 3327 5121 enim
3360 5066 3501 5120 dum
3534 5065 3839 5136 principali

2204 5157 2468 5229 fungitur
2515 5172 2777 5224 munere,
2822 5155 3232 5210 convenienter
3298 5158 3525 5222 ornato,
3584 5154 3843 5208 manebit

2203 5246 2365 5318 regni
2396 5248 2675 5300 consueta
2731 5259 2838 5298 sua
2871 5244 3115 5314 species.
3168 5242 3427 5313 Populus
3458 5246 3656 5297 autem
3688 5242 3826 5296 obe-

2202 5336 2429 5390 dienter
2460 5333 2705 5405 parebit,
2742 5332 2838 5386 uni
2872 5332 3117 5403 obsequi
3150 5331 3379 5397 solitus,
3414 5347 3528 5385 uno
3562 5330 3825 5400 praefecto

2203 5425 2440 5491 czeteris,
2474 5422 2573 5493 qui
2601 5420 2778 5477 simul
2811 5424 3095 5493 potestate
3126 5419 3448 5491 praevaleat,
3485 5418 3661 5473 simul
3694 5434 3832 5488 prte-

2203 5514 2371 5568 ccllat
2402 5512 2705 5583 dignitate.
2739 5510 2847 5575 Qui
2878 5510 3111 5580 quidem
3145 5526 3209 5565 eo
3242 5509 3393 5581 quod
3427 5523 3579 5561 unus
3610 5506 3687 5561 sit
3716 5521 3833 5561 ωο-

2202 5601 2451 5658 uarchiae
2484 5599 2797 5671 imaginem
2833 5600 3061 5670 prafert
3088 5598 3273 5669 :quod
3292 5599 3487 5653 autem
3510 5612 3577 5651 ex
3605 5594 3835 5666 privatae
