4182 6286
341 349 450 404 513

1420 353 1518 405 ΒΕ
1554 349 1926 406 MICHAELE
1963 346 2408 404 PALJEOLOGO
2443 347 2576 402 LIB.
2620 350 2665 400 Ι.

3638 350 3745 404 514

342 474 434 529 Θὸν
468 476 884 547 μοναρχεῖσθαι,
935 472 1079 546 ἄρξει
1111 467 1155 525 δ’
1208 473 1285 533 εἷς
1343 477 1449 527 τῶν
1498 473 1709 528 λοιπῶν
1765 471 1987 544 δυνάμει
2019 477 2069 543 Α
2101 469 2408 541 κονομάτου
2458 472 2784 540 κατηντήκει
2835 469 2970 524 κατᾶ
3018 471 3116 538 τὴν
3175 470 3336 526 πόλιν
3369 471 3422 534 ἐς
3481 472 3747 549 ὓστερον),

341 561 604 638 προύχων
636 564 726 615 καί
759 560 1049 632 ἀξιώματι,
1109 561 1181 622 ὡς
1241 560 1299 615 ἄν
1354 567 1435 633 τῷ
1493 563 1584 635 μὶν
1646 564 1719 626 εἷς
1749 561 1881 616 εἶναι
1927 560 1992 613 τὸ

346 648 620 725 μόναρχον
665 647 1011 720 εἷκονίζοιτο,
1070 647 1149 720 τῷ
1208 647 1265 703 δέ
1323 649 1412 704 συν
1471 648 1706 712 πολλοῖς
1737 652 1989 724 πράττειν

343 737 624 793 ἀδυνατεῖν
673 734 995 790 κινδυνεύων
1045 741 1141 790 τοῦ
1191 740 1464 812 μονήρους
1499 741 1658 814 χάριν
1691 739 1864 808 νικῴη
1914 741 1992 807 τῷ

344 828 637 900 ἀξιώματιο
698 824 888 885 Οὕτως
949 824 1088 879 ἐστὶν
1133 825 1428 900 ἐπάναγκες
1467 827 1557 880 τὸν
1611 825 1993 901 ἐκλελεγμένον

347 922 426 983 εἴς
494 918 844 994 ἐπιτροπείαν
917 922 994 988 τῷ
1076 917 1291 990 βασ;λεῖ
1359 917 1498 991 μέγα
1552 915 1726 994 οέρειν
1777 917 1868 972 καὶ
1931 917 1992 970 τὸ

351 1007 584 1078 ἀξίωμα.
648 1005 755 1062 Κᾶν
816 1005 842 1058 ὁ
872 1004 1096 1078 ταχθεὶς
1125 1005 1176 1074 ἐξ
1206 1008 1365 1076 ἡμῶν
1392 1004 1502 1076 είή,
1535 1007 1681 1076 αύτῷ
1709 1005 1994 1079 προσέσται

352 1095 442 1149 καὶ
470 1099 654 1149 τοῦτο.
685 1092 745 1149 Εἰ
804 1090 849 1146 δ’
881 1093 1000 1159 οὖν,
1032 1090 1158 1148 ἀλλ’
1189 1091 1356 1155 ἄλλος
1389 1093 1674 1165 ζητείσθω,
1735 1095 1815 1146 ὅτι
1869 1091 1993 1164 μηδ’

357 1183 519 1244 αὐτὸς
596 1179 804 1244 ἀκλεῶς
875 1181 969 1242 τὰς
1030 1180 1115 1234 ἐπὶ
1171 1181 1351 1253 τούτῳ
1403 1179 1694 1258 φροντίδας
1748 1180 1992 1255 εὐμαρῶς

362 1269 672 1345 ὑπέρχεται.
734 1269 836 1322 Κὲιν
896 1267 1101 1330 ἐκεῖνος
1147 1271 1234 1324 καὶ
1287 1269 1416 1343 δίχα
1449 1271 1801 1343 σεμνώματος
1829 1290 1994 1324 κατα-

357 1357 576 1432 δέχοιτο
632 1357 730 1424 τήν
791 1357 879 1410 ἐπὶ
937 1362 1055 1418 τοῖς
1106 1357 1380 1431 πράγμασι
1438 1356 1811 1432 προσεδρείαν,
1873 1355 1996 1411 ἄλλ’

355 1446 445 1500 οὖν
480 1446 507 1499 6
534 1451 635 1513 τῆς
683 1443 918 1520 ἀνάγκης
969 1445 1130 1520 λόγος
1189 1445 1361 1507 οὕτως
1402 1445 1639 1518 ἀπαιτεῖ,
1671 1445 1849 1510 καθὼς
1904 1445 1994 1500 καὶ

354 1531 630 1600 λέλεκται,
655 1532 756 1599 τήν
791 1530 1134 1605 ἐπιτροπείαν
1159 1532 1454 1606 γίγνεσθαι.
1489 1553 1515 1585 ι

348 1645 452 1707 κη’.
510 1639 703 1697 ’Ὁπως
770 1635 798 1689 6
855 1637 1058 1708 πατριά
1099 1655 1208 1709 χης
1268 1637 1480 1710 συνῄνει
1537 1643 1654 1699 τοῖς
1715 1640 1845 1713 ὑπὲρ
1901 1642 1996 1691 τοῦ

848 1655 1233 1763 Παλαιολόγου
1260 1706 1500 1763 λέγουσι.

848 1706 1233 1782 Παλαιολκξγου
1260 1706 1500 1782 λέγουσι.

416 1794 634 1850 Τούτων
668 1793 937 1871 ῥηθέντων
984 1800 1092 1850 τῶν
1153 1795 1354 1870 λόγων,
1414 1797 1526 1851 ἐπεὶ
1552 1799 1642 1851 καὶ
1690 1799 1716 1851 ὁ
1776 1816 1996 1869 πρωτο-

349 1883 515 1954 ούτης
545 1887 644 1953 τήν
668 1859 949 1953 ¹’πλείστην
1016 1883 1190 1959 ῥοπὴν
1224 1859 1404 1938 ἐδίδου
1433 1891 1547 1946 τοῖς
1582 1887 1712 1958 ὑπὲρ
1740 1859 1836 1941 τού
1885 1890 1995 1938 Ιια-
2029 1859 2073 1922 Β

347 1969 651 2046 λαιολόγου
686 1970 930 2046 λέγοοσι,
968 1999 1031 2018 =
1080 1972 1521 2046 προκατείληπτο
1551 1974 1651 2048 γάρ
1693 1972 1783 2026 καὶ
1834 1973 1994 2034 αὐτὸς

353 2060 440 2114 ἐπὶ
490 2061 666 2132 τούτῳ
723 2061 795 2121 ὡς
824 2059 1012 2122 καλῶς
1044 2060 1278 2136 ἄρξοντι,
1310 2066 1637 2132 προσπαθῶν
1672 2060 1730 2115 ἐκ
1756 2059 1994 2128 πολλοῦ,

354 2145 428 2202 ἔτι
459 2147 514 2204 δὲ
543 2149 631 2202 καὶ
688 2149 750 2202 τὸ
813 2148 996 2220 μεῖζόν
1029 2171 1079 2203 τι
1112 2150 1308 2221 πρᾶξαι
1340 2149 1397 2204 ἐκ
1445 2148 1671 2204 πολλῶν
1724 2151 1996 2223 συνηρπά-

355 2242 493 2304 ζετο.
555 2235 658 2291 Καὶ
703 2234 871 2300 δῆλον
923 2235 973 2308 ἐξ
1006 2237 1079 2290 ὧν
1122 2238 1373 2313 ἀγγελθὲν
1410 2237 1554 2309 αὐτῷ
1587 2237 1636 2292 ἐν
1669 2238 1867 2307 Νικαίᾳ
1922 2238 1998 2300 ὡς

353 2326 605 2393 τεθνήκει
657 2325 683 2377 6
735 2322 1008 2398 βασιλεὺς,
1069 2322 1227 2379 οὔπω
1289 2328 1564 2400 μαθόντων
1621 2331 1728 2380 τῶν
1787 2324 1997 2402 ἅΛλων,

362 2410 605 2464 ἐπίστευε
661 2412 752 2482 μὲν
806 2412 896 2464 τὸν
950 2410 1118 2486 λόγον
1147 2415 1254 2467 τινὶ
1284 2420 1393 2468 τῶν
1423 2416 1585 2468 αὐτοῦ
1632 2413 1722 2468 καὶ
1780 2413 1998 2467 οἰκείων

365 2499 418 2571 (ὁ
451 2498 709 2571 Γεμιστὸς
737 2496 782 2552 δ’
810 2499 961 2563 οὗτος
1006 2502 1096 2571 ἦν,
1127 2501 1186 2563 ’ὸς
1241 2503 1330 2556 καὶ
1394 2505 1557 2578 μέχρι
1612 2506 1709 2557 τοῦ
1743 2520 2000 2575 μεγαλοι-

365 2717 696 2773 conditione
725 2719 900 2775 sortis
921 2719 1004 2774 illi
1039 2720 1203 2775 deest
1234 2719 1596 2775 auctoritatis
1610 2723 1666 2774 et
1687 2719 1993 2775 efﬁcacita-

360 2804 440 2859 tis
468 2805 538 2859 ad
571 2805 880 2861 flectendos
908 2805 968 2862 in
1001 2807 1091 2861 sui
1123 2805 1470 2876 obsequium
1503 2805 1812 2876 plurimos,
1856 2822 1997 2876 sup-

365 2892 595 2964 pleatur
625 2893 1049 2950 accumulanda
1079 2895 1129 2949 ei
1159 2894 1461 2965 dignitate,
1495 2895 1667 2965 cujus
1695 2893 1752 2948 vi
1790 2899 2002 2950 cuncta

364 2981 558 3037 vincat
579 2982 892 3039 obstantia.
927 2987 1060 3050 Quae
1084 2999 1218 3038 cum
1243 2983 1322 3038 ita
1343 2983 1479 3050 sint,
1504 3000 1746 3055 prorsus
1768 2997 2003 3038 necesse

365 3075 456 3125 est
483 3071 732 3127 electum
765 3071 824 3125 in
844 3072 1087 3127 tutelam
1114 3071 1394 3143 principis
1413 3072 1668 3126 eminere
1690 3071 2003 3127 subnixum

363 3158 702 3215 excellentis
733 3159 904 3214 titulo
931 3159 1236 3231 dignitatis
1262 3163 1465 3229 ,atque
1487 3160 1628 3214 adeo
1650 3159 1879 3215 etiamsi
1902 3159 2001 3228 qui

363 3247 431 3302 ad
465 3247 521 3302 id
556 3264 775 3303 munus
807 3247 1106 3302 adhibitus
1137 3248 1312 3302 fuerit
1343 3264 1410 3302 ex
1441 3253 1640 3303 nostro
1676 3247 1752 3303 sit
1781 3248 2004 3312 ordine,

360 3335 530 3390 debet
559 3335 800 3390 omnino
833 3335 915 3390 sic
947 3337 1140 3390 ornari
1171 3341 1236 3390 ut
1265 3336 1366 3390 ﬁat
1388 3336 1630 3391 idoneus
1649 3335 1840 3391 ofﬁcio
1855 3339 2007 3389 recte

365 3424 637 3493 gerendo.
667 3423 833 3479 Dicet
859 3423 1073 3495 aliquis
1099 3441 1111 3479 :
1139 3427 1286 3495 Ergo
1317 3424 1468 3480 alius
1500 3429 1818 3496 quaeratur,
1851 3423 1898 3478 si
1926 3439 2008 3478 re-

369 3511 541 3580 periri
574 3512 721 3566 forte
759 3513 964 3583 possit,
997 3512 1097 3582 qui
1131 3513 1286 3567 curis
1342 3518 1399 3568 et
1452 3513 1749 3568 laboribus
1813 3511 2006 3566 tutclze

369 3599 652 3670 principis
693 3616 756 3654 se
806 3615 1007 3670 parem
1065 3599 1359 3656 existimet
1418 3601 1591 3657 etiam
1654 3603 1781 3656 sine
1836 3600 2010 3655 istius

369 3688 744 3758 adjunctione
775 3688 1100 3760 dignitatis.
1135 3689 1218 3744 Ad
1251 3689 1306 3744 id
1341 3691 1764 3761 respondemus
1812 3706 1916 3744 nos
1949 3688 2008 3742 in

369 3774 474 3829 hoc
508 3791 620 3829 non
653 3791 912 3844 personae
931 3773 1256 3841 consulere,
1274 3776 1372 3830 sed
1394 3775 1795 3846 praefecturam
1821 3776 2008 3843 ipsam

364 3878 594 3918 armare
644 3865 1034 3919 instrumento
1096 3864 1376 3918 navandae
1432 3879 1617 3934 opera:
1660 3863 2006 3918 necessario.

365 3950 554 4014 Quare
584 3967 699 4005 non
732 3967 860 4016 nos,
893 3953 992 4007 sed
1021 3966 1112 4006 res
1147 3950 1343 4022 ipsaet
1372 3950 1808 4022 naturanegotii
1838 3951 2011 4019 exigit

369 4039 522 4110 quod
549 4039 828 4108 diximus,
844 4056 1052 4113 nempe
1066 4043 1274 4095 utcum
1288 4039 1471 4095 tutela
1483 4040 1765 4112 principis
1778 4055 2012 4095 summa

369 4128 630 4199 dignitas
653 4129 959 4200 jungatur.
988 4152 1016 4179 »

364 4233 453 4288 28.
484 4234 546 4290 Ut
572 4236 890 4305 patriarcha
920 4237 1230 4362 faventiubm
1267 4236 1582 4359 (ialaeologo
1628 4235 1811 4292 studia
1866 4250 2013 4291 com-

1055 4323 1157 4362 vro
1198 4323 1283 4361 arz
1315 4348 1325 4361 .

1054 4323 1325 4376 pronam.

447 4393 540 4447 79
572 4393 718 4449 Cum
749 4394 871 4450 haec
903 4394 1181 4466 utrinque
1211 4395 1367 4450 dicta
1395 4400 1614 4466 essent,
1649 4395 1719 4451 iis
1752 4413 1878 4468 quae
1924 4395 2013 4451 al-

367 4481 558 4553 legata
588 4500 691 4554 pro
723 4483 1043 4556 Palaaologo
1075 4485 1304 4540 fuerant
1330 4501 1609 4555 magnum
1641 4485 1714 4539 ab
1755 4483 2010 4541 auctori-

2104 559 2187 630 [P.
2221 560 2310 630 47]
2338 557 2452 611 ἐπεὶ
2513 555 2570 612 δὲ
2623 558 2712 612 καὶ
2768 558 2889 633 περὶ
2947 566 3045 628 τῆς
3081 564 3186 613 τῶν
3241 564 3579 635 πραγμάτων
3614 560 3748 617 διοι-

2100 648 2310 716 κήσεως
2343 648 2370 700 6
2429 643 2592 720 λόγος
2648 645 2868 707 ἐκείνοις
2923 648 3133 717 ’ἧν,τὸν
3193 648 3571 723 Παλαιολὸγον
3608 651 3745 706 ἐκεῖ·

2101 757 2191 794 νος
2221 735 2499 807 προύτίθει
2551 734 2783 790 πάντων.
2846 737 2965 790 Ἐπὶ
3016 736 3229 799 τούτοις
3260 738 3350 792 οὖν
3409 740 3436 792 ὁ
3483 739 3747 814 πατριάρ-

2102 843 2212 896 χης
2241 821 2788 895 προκατειλημμένος
2817 822 2890 878 ὢν
2923 824 3073 886 εὐθὺς
3133 828 3483 899 συγκάταινος
3512 829 3574 897 ἦν
3630 834 3745 889 τοῖς

2105 912 2234 984 ὑπὲρ
2287 914 2382 964 τοῦ
2415 910 2798 986 ΙΙαλαιολόγου
2851 911 3191 986 λεγομένοις,
3251 915 3339 968 καὶ
3397 916 3494 983 τὴν

3559 913 3581 931 λ

3555 935 3753 970 οεσπο-

2100 1003 2248 1056 τείαν
2283 1003 2430 1074 αὐτῷ
2462 1001 2770 1079 ἐψηφίζετο.
2834 1003 2934 1058 Καὶ
2995 1001 3061 1071 δὴ
3123 1006 3149 1058 ὁ
3210 1006 3303 1077 μὲν
3366 1004 3749 1081 Παλαιολόγος

2100 1090 2190 1145 τὸν
2229 1092 2389 1166 μέγαν
2423 1089 2588 1145 δοῦκα
2636 1091 2711 1152 εἷς
2766 1092 2855 1144 τὸν
2909 1089 3173 1162 δεσπότηε
3225 1094 3661 1165 μετεσκευάζετο,
3723 1096 3750 1148 6

2105 1175 2161 1231 δέ
2223 1178 2475 1252 βασιλεὺς
2523 1184 2759 1253 παρεῖχε
2803 1179 3191 1253 συναιρομένου
3248 1180 3337 1234 καὶ
3394 1185 3490 1234 τοῦ
3555 1203 3750 1256 πατρι-

2105 1267 2280 1341 άρχου
2308 1267 2373 1321 τά
2401 1273 2501 1335 τῆς
2556 1265 2867 1328 δεσποτείας
2913 1269 3000 1322 καὶ
3059 1264 3331 1340 σύμϐολα.
3395 1269 3616 1341 Ἀμέλει
3675 1271 3750 1332 ὡς

2105 1353 2370 1425 δεσπότης
2429 1352 2762 1410 ἐπεϐάλλετο
2823 1358 2917 1428 μὲν
2976 1356 3168 1427 ἀνέδην
3226 1364 3342 1421 τοῖς
3396 1363 3579 1427 πᾶσιν,
3651 1360 3750 1414 ὑπ-

2107 1450 2343 1498 εποιεῖτο
2403 1441 2459 1497 δὲ
2514 1443 2641 1506 τοὺς
2697 1443 2748 1497 ἐν
2801 1444 2943 1498 τέλει
3003 1445 3346 1522 φιλοτιμίαις
3381 1447 3612 1508 ἀπάσαις
3662 1453 3755 1501 καί

2102 1539 2220 1594 τοῖς
2253 1534 2310 1587 ἐκ
2347 1537 2453 1586 τῶν
2494 1537 2694 1586 κοινῶν
2729 1532 3049 1606 χαρίσμασι.
3105 1529 3336 1594 Βεϐαίας
3403 1532 3458 1588 δὲ
3515 1536 3603 1588 καὶ
3660 1535 3754 1596 τὰς

2104 1623 2240 1693 πρὸς
2272 1620 2505 1683 ἐκείνους
2537 1621 2856 1696 ὑποσχέσεις
2900 1626 3130 1694 παρεῖχε
3183 1618 3362 1675 δοκεῖν
3424 1621 3476 1683 ἐς
3536 1621 3757 1695 ὕστερον

2106 1709 2153 1781 ἐξ
2187 1711 2258 1762 ὧν
2292 1708 2460 1763 ἐποίει
2492 1714 2569 1780 τῷ
2597 1709 2739 1778 τότε,
2772 1709 2860 1763 καὶ
2893 1710 3313 1787 φιλοτιμότερον
3360 1709 3746 1785 προσεφέρετο.

2106 1801 2234 1859 Τοῖς
2264 1796 2319 1851 δέ
2348 1818 2407 1871 γε
2436 1802 2532 1851 τοῦ
2561 1798 2708 1872 ἱεροῦ
2756 1796 3068 1870 καταλόγου
3108 1799 3194 1852 καὶ
3236 1798 3295 1853 ἐκ
3326 1797 3752 1874 φιλοτιμοτέροις

2103 1887 2288 1960 χειρὸς
2320 1883 2596 1959 ἐχορήγει,
2631 1886 2721 1939 καὶ
2752 1885 2928 1962 κρύφα
2957 1886 3046 1939 καὶ
3097 1890 3363 1961 φανερῶς,
3413 1888 3472 1940 τὸ
3530 1887 3623 1958 μὶν
3677 1887 3754 1948 ὡς

2103 1973 2343 2046 ἀνάγκης
2377 1971 2541 2042 οὔσης
2577 1973 2656 2049 ἐφ’
2684 1974 2728 2043 ᾧ
2760 1972 2949 2045 διαζῆν
2988 1973 3244 2042 ἐκείνους,
3294 1975 3357 2028 τὸ
3414 1972 3470 2028 δέ
3516 1970 3757 2048 κριύϐδην

2103 2063 2293 2122 νυκτὸς
2338 2063 2729 2134 πεμπομένων,
2779 2062 2868 2115 καὶ
2908 2063 2969 2116 τὸ
3004 2068 3187 2133 μεῖζον
3221 2062 3618 2135 ὐπορύττοντος
3664 2060 3756 2117 καὶ

2109 2155 2420 2220 ζητοῦντος,
2468 2151 2542 2211 ὡς
2587 2147 2738 2203 ούπω
2789 2147 3044 2224 αὔταρκες
3095 2150 3152 2203 ’ὸν
3194 2147 3404 2221 ἐκείνῳ,
3468 2150 3512 2204 εἰ
3545 2146 3758 2223 συμϐα-

2108 2238 2310 2293 σιλεύει
2381 2244 2460 2310 τῷ
2538 2238 2770 2313 βασιλεῖ.
2848 2233 3234 2315 Προύϐάλλετο
3307 2237 3407 2312 γὰρ
3479 2236 3758 2302 κινδύνους

2105 2327 2194 2381 καὶ
2228 2323 2428 2403 φόϐους
2461 2325 2873 2402 ἐπηρτημένους
2928 2329 3096 2398 αὐτῷ,
3156 2328 3246 2381 καὶ
3300 2328 3366 2380 τά
3395 2331 3500 2380 τῶν
3533 2329 3756 2396 Μουζα-

2110 2417 2302 2469 λώνων
2335 2415 2549 2488 εἰσῆγεν
2603 2416 2676 2476 ὡς
2727 2415 2986 2470 κάκείνων
3049 2415 3224 2475 οὕτως
3277 2412 3647 2468 ἀπολωκότων
3700 2414 3758 2467 ἐκ

2110 2503 2331 2579 φθόνου,
2362 2503 2450 2558 καὶ
2480 2503 2543 2557 τὸ
2567 2505 2666 2571 τῆς
2697 2503 2929 2576 ὑποψίας
2963 2500 3137 2556 δεινὸν
3185 2500 3466 2557 ὐπεδείκνυ
3523 2503 3596 2564 ὡς
3655 2502 3755 2557 αύ-

2106 2719 2392 2774 dubitavit
2420 2719 2804 2790 Palaeologum
2827 2719 3090 2774 omnium
3113 2720 3182 2774 ad
3201 2736 3328 2775 eam
3353 2736 3474 2774 rem
3503 2718 3743 2790 aptissi-

2109 2823 2269 2862 mum
2301 2807 2510 2862 dicere.
2547 2809 2656 2862 Isto
2689 2807 2870 2878 igitur
2891 2807 3131 2879 antiquo
3162 2809 3220 2862 in
3244 2806 3630 2878 Palasologum
3656 2808 3739 2864 fa-

2112 2912 2245 2950 vore
2279 2902 2720 2967 praeoccupatus
2752 2895 3080 2967 patriarcha
3109 2897 3383 2967 suffragio
3411 2897 3609 2952 statim
3642 2914 3748 2952 suo

2112 2983 2510 3054 comprobavit
2535 3000 2664 3056 qua
2692 2983 2752 3039 in
2783 2986 2912 3055 ejus
2944 2985 3190 3056 gratiam
3225 2984 3378 3040 dicta
3407 2983 3661 3054 fuerant,
3697 2990 3754 3041 et

2114 3071 2365 3144 despotae
2389 3072 2731 3144 dignitatem
2755 3073 2863 3144 ipsi
2885 3073 3255 3128 tribuendam
3279 3073 3526 3129 censuit.
3567 3075 3754 3138 Quare

2116 3159 2472 3233 Palazologus
2503 3177 2570 3217 ex
2601 3178 2814 3233 magno
2845 3162 2990 3217 duce
3023 3162 3216 3216 factus
3247 3165 3336 3217 est
3383 3162 3643 3232 despota.
3690 3165 3758 3214 Et

2116 3247 2451 3319 imperator,
2485 3250 2798 3319 adjuvante
2830 3250 3184 3320 patriarcha,
3218 3249 3268 3305 ei
3300 3249 3600 3321 dignitatis
3625 3250 3755 3319 ejus

2116 3334 2373 3406 insignia
2403 3336 2669 3392 contulit.
2693 3342 3120 3409 Despotamque
3151 3337 3359 3393 exinde
3390 3355 3524 3393 cum
3558 3337 3751 3408 palam

2116 3424 2240 3495 ipse
2270 3441 2331 3479 se
2363 3425 2602 3491 ferebat,
2628 3431 2751 3480 tum
2783 3425 2956 3497 vulgo
3015 3426 3273 3482 universi
3333 3427 3750 3498 agnoscebant.

2115 3511 2531 3567 Dcmerebatur
2559 3519 2756 3569 autem
2789 3515 3101 3584 optimates
3131 3514 3291 3569 omni
3324 3530 3532 3586 genere
3555 3513 3754 3569 indul-

2115 3599 2320 3670 gentias
2354 3617 2419 3655 ac
2448 3600 2857 3672 largitionibus
2888 3618 2918 3657 e
2952 3601 3205 3674 publico,
3239 3602 3413 3657 simul
3441 3602 3753 3674 praesentia

2115 3687 2395 3743 beneficia
2427 3689 2805 3759 promissisin
2827 3694 3125 3760 posterum
3145 3689 3534 3760 amplissimis
3549 3706 3756 3744 cumu-

2116 3776 2282 3845 lans;
2318 3777 2518 3848 sicque
2548 3782 2670 3832 arte
2701 3779 3040 3833 ambitionis
3086 3795 3296 3849 magna
3327 3779 3524 3834 studia
3554 3795 3754 3833 eorum

2116 3865 2227 3920 sibi
2253 3867 2516 3937 parabat.
2535 3865 2809 3920 Eamdem
2825 3882 3058 3936 quoque
3080 3866 3449 3922 liberalitatis
3465 3865 3756 3937 prtelarga:

2119 3953 2452 4009 machinam
2472 3956 2541 4010 ad
2562 3953 2980 4010 ecclesiasticss
3005 3971 3271 4025 proceres
3298 3954 3410 4009 sibi
3432 3955 3762 4025 adjungen-

2117 4042 2224 4095 dos
2255 4043 2591 4110 adhibebat,
2621 4042 2862 4114 prodiga
2894 4043 2949 4096 in
3002 4059 3101 4098 eos
3159 4059 3336 4097 manu
3397 4043 3758 4113 profundens

2122 4133 2224 4188 80
2257 4129 2462 4194 multa,
2492 4134 2619 4183 tum
2652 4128 2846 4200 palam
2877 4133 3004 4184 tum
3046 4129 3287 4184 occulte.
3322 4129 3469 4184 Nam
3519 4133 3756 4200 prester-

2120 4238 2299 4295 quam
2333 4235 2459 4291 quae
2491 4218 2618 4272 dari
2649 4217 2733 4273 eis
2765 4232 2795 4272 θ
2829 4218 3063 4289 publico
3091 4217 3374 4286 solebant,
3411 4217 3642 4288 publice
3694 4233 3760 4271 ac

2119 4313 2279 4383 large
2338 4307 2691 4373 conferebat,
2725 4305 2897 4362 etiam
2957 4311 3127 4361 noctu
3192 4307 3262 4362 ad
3322 4306 3558 4361 eosdem
3609 4305 3761 4359 dona

2122 4397 2475 4463 missitabat,
2507 4395 2890 4450 insusurrans
2935 4394 3170 4449 interim
3226 4409 3291 4448 ac
3347 4393 3560 4448 blande
3615 4391 3764 4446 insi-

2126 4504 2315 4545 nuans
2347 4485 2606 4540 nondum
2635 4484 2776 4538 satis
2806 4487 3045 4538 cautum
3070 4483 3368 4538 securitati
3401 4498 3540 4550 suae,
3575 4496 3764 4552 neque

371 4574 488 4625 tate
513 4571 858 4642 patriarcha
891 4577 1254 4627 momentum
1275 4573 1538 4628 accessit.
1563 4573 2010 4644 Praeoccupatus
2040 4561 2086 4625 D
2117 4577 2281 4651 prius
2313 4575 2370 4629 in
2393 4579 2515 4628 tuto
2542 4589 2603 4628 se
2628 4572 2890 4626 futurum
2924 4587 3099 4642 quam
3131 4569 3365 4641 imperii
3399 4569 3691 4641 particeps
3712 4572 3770 4625 et

374 4659 425 4713 is
457 4659 678 4715 dudum
702 4660 887 4716 fuerat
917 4661 1124 4716 aiI'ectu
1161 4661 1218 4714 in
1251 4660 1469 4732 ipsum,
1503 4667 1635 4715 nato
1653 4678 1718 4717 ex
1742 4661 2014 4732 Opinione

374 4763 489 4817 qua
517 4764 651 4803 eum
683 4749 756 4803 iis
789 4749 1025 4804 dotibus
1057 4754 1114 4805 et
1144 4749 1369 4804 artibus
1401 4749 1651 4804 ducebat
1709 4750 2014 4820 praeditum

373 4850 500 4905 quae
532 4835 603 4890 ad
636 4835 783 4891 bene
806 4835 1219 4907 imperandum
1248 4841 1385 4892 sunt
1443 4838 1807 4892 necessariae.
1864 4837 2014 4902 Quin

370 4927 429 4977 et
457 4923 525 4977 ad
561 4923 756 4993 majus
788 4924 1008 4994 aliquid
1026 4941 1129 4996 pro
1150 4925 1576 4980 eotentandum
1601 4925 1802 4981 multis
1824 4927 2016 4982 causis

375 5009 756 5067 incitabatur.
787 5014 1075 5084 Apparuit
1104 5013 1162 5067 id
1195 5029 1264 5068 ex
1293 5028 1562 5068 sermone
1595 5014 1850 5084 quodam
1892 5015 2018 5084 ejus

374 5115 610 5170 arcano,
644 5099 745 5171 qui
776 5101 942 5156 nobis
971 5102 1225 5156 innotuit
1255 5143 1269 5171 ,
1300 5100 1529 5156 Perlato
1557 5102 1627 5156 ad
1651 5118 1783 5157 eum
1816 5102 2016 5160 Nicena

377 5187 686 5258 degentem
723 5193 928 5245 nuntio
959 5191 1028 5246 de
1049 5193 1234 5244 morte
1257 5189 1644 5260 imperatoris,
1668 5191 2015 5262 priusquam

371 5290 465 5330 res
484 5275 542 5330 in
568 5276 851 5348 populum
878 5277 1235 5350 vulgaretur,
1274 5278 1868 5335 communicaviteam
1891 5279 2018 5334 cui-

373 5363 509 5420 dam
539 5379 568 5419 e
597 5365 988 5421 familiaribus
1021 5366 1146 5421 suis
1178 5365 1581 5438 Gemisto,qui
1613 5372 1813 5438 postea
1831 5384 2018 5438 usque

375 5451 447 5506 ad
481 5467 762 5524 magnum
792 5459 1219 5510 oeconomatum
1248 5454 1308 5509 in
1357 5456 1496 5511 urbe
1544 5456 1824 5527 pervenit.
1875 5462 2016 5513 Cum

374 5554 512 5613 ergo
543 5541 698 5598 inter
727 5558 826 5599 eos
870 5542 974 5598 illa
1027 5543 1331 5601 occasione
1389 5545 1461 5600 de
1509 5545 2019 5602 administratione

377 5628 718 5702 reipublicae
747 5647 938 5690 sermo
986 5634 1140 5690 esset
1190 5636 1451 5704 exortus,
1511 5633 1842 5706 patriarcha
1899 5652 2016 5694 non

2121 4665 2368 4738 Augusti
2401 4661 2620 4730 collega
2651 4659 2980 4715 declaratus
3010 4663 3180 4716 esset.
3212 4659 3330 4714 Hoc
3354 4663 3418 4713 ut
3448 4658 3762 4730 persuade-

2122 4759 2231 4822 ret,
2263 4751 2552 4822 allegabat
2579 4755 2795 4803 metum
2827 4748 3218 4818 periculorum
3274 4745 3761 4819 impendentium,

2125 4847 2181 4898 et
2213 4855 2420 4896 casum
2461 4833 2822 4890 Muzalonum
2847 4836 3231 4891 memorabat.
3265 4837 3336 4891 Se
3368 4852 3534 4906 porro
3574 4834 3768 4889 aiebat

2125 4947 2242 4986 non
2276 4925 2490 4982 minori
2520 4940 2697 4994 quam
2718 4924 2809 4978 cui
2835 4922 2915 4978 illi
2937 4923 3635 4980 succubuissentinvidiaa
3663 4923 3769 4976 ob-

2120 5021 2363 5090 jectum,
2397 5014 2644 5084 ideoque
2676 5012 2910 5068 anxium
2935 5012 2992 5067 in
3025 5012 3142 5068 acri
3165 5011 3558 5067 sollicitudine
3579 5011 3768 5064 vivere

2125 5104 2436 5179 perniciem
2470 5101 2530 5156 in
2563 5105 2856 5156 momenta
2895 5101 3149 5172 singula,
3182 5103 3232 5156 si
3259 5099 3676 5155 velminimum
3697 5098 3770 5152 de

2126 5210 2358 5250 summa
2389 5189 2655 5246 custodia
2688 5191 2995 5255 remiserit,
3019 5189 3334 5244 timentem.
3365 5188 3562 5257 Neque
3597 5201 3766 5256 porro

2124 5287 2212 5341 tot
2240 5284 2564 5340 distentum
2601 5278 3043 5349 suspicionibus
3075 5277 3223 5334 satis
3253 5291 3423 5348 posse
3453 5273 3772 5330 commissa

2127 5374 2239 5431 sibi
2271 5387 2409 5427 cura
2436 5367 2800 5424 custodiendi
2820 5366 3100 5438 principis
3131 5365 3387 5434 defungi,
3410 5363 3612 5432 utique
3635 5377 3768 5416 cum

2126 5475 2402 5534 magnam
2435 5455 2771 5513 attentionis
2802 5471 2868 5512 ac
2898 5453 3106 5526 vigiliae
3138 5457 3360 5522 partem
3395 5450 3452 5504 in
3485 5449 3576 5504 sui
3600 5465 3767 5504 nece-

2125 5551 2340 5610 sariam
2373 5547 2707 5603 cautionem
2739 5543 2999 5600 derivare
3031 5557 3267 5597 necesse
3318 5539 3548 5595 habeat.
3597 5536 3769 5593 Mise-

2126 5656 2254 5699 rum
2287 5636 2467 5697 nimis
2497 5651 2624 5694 esse
2657 5636 2900 5690 aestuare
2921 5628 3156 5688 assidue
3176 5627 3335 5686 intea
3358 5626 3617 5685 diversas
3638 5625 3770 5683 ofﬁ-
