4154 6286
463 320 571 376 515

1761 319 2060 377 GEORGII
2098 317 2559 373 PACHYMERE

3754 314 3860 370 516

462 441 589 498 τίκα
617 439 972 497 κινδυνεύσων
1033 442 1189 516 εἰμὴ
1242 442 1531 518 προσέχοι.
1588 444 1650 500 Ὁ
1704 439 1761 497 δὲ
1788 439 2100 519 φυλάττειν,
2132 436 2479 522 Αδεσπότης
2537 439 2625 493 καὶ
2676 441 2777 493 τοῦ
2837 437 3084 510 μείζονος
3142 436 3492 511 ἐπιλήψαιτο.
3548 435 3716 492 Αὐτὸν
3759 439 3861 514 γάρ

464 530 636 587 ἄλλον
668 531 1005 606 ἐπιτραπεὶς,
1060 530 1220 594 αὐτὸς
1275 530 1522 595 πολλοὺς
1550 530 1976 609 φυλαττόμενος,
2010 530 2111 583 οὐκ

463 617 705 692 ἔμμονον
758 617 862 688 ἕξει
919 623 998 690 τῷ
1055 618 1444 696 φυλαττομένῳ
1489 621 1589 688 τὴν
1644 618 1932 693 ἀσχολίαν,
1985 616 2108 692 περὶ

460 712 634 781 ἑαυτῷ
665 705 922 770 δεδοικὼς
951 709 1017 763 τά
1047 708 1295 763 πλεῖστα.
1354 709 1520 763 Παντὶ
1579 706 1625 762 δ’
1676 707 1937 783 ἐγχωρεῖν
1970 704 2109 779 μᾶλ-

462 795 558 851 λον
660 796 859 872 φύλακι
893 793 1097 850 δεῖσθαι
1130 796 1390 873 φόλακος.

460 902 566 965 κθ’.
650 903 841 977 Ὅπως
914 901 1352 977 ὐ-ποποιοόμεν-ος
1431 904 1459 958 6
1519 896 1907 977 ΔΠοιλοιιολόγος
1980 900 2107 963 τοὺς

639 973 886 1036 πολλοὺς
929 973 1121 1044 ἁπήτει
1155 971 1202 1028 δἱ
1242 974 1414 1029 αὐτῶν
1447 974 1535 1028 καὶ
1564 975 1625 1029 τὸ
1660 971 1927 1050 μέγιστον.

529 1066 709 1119 Ταῦτα
736 1063 821 1117 καὶ
854 1062 920 1117 τὰ
947 1067 1169 1117 τοιαῦτα
1200 1063 1496 1139 προτείνων
1547 1061 1724 1124 πολὺς
1784 1063 1850 1132 ἦν
1901 1059 1990 1116 καὶ
2044 1058 2106 1113 τὸ

463 1155 649 1224 μεῖζον
681 1155 1088 1227 προσαπαιτῶν.
1146 1149 1369 1223 Ἀμέλει
1395 1171 1480 1205 τοι
1520 1150 1609 1206 καὶ
1658 1150 1803 1213 δοοις
1850 1149 2109 1209 ὑπόπτως

460 1240 576 1313 εἶχε
603 1239 694 1294 καὶ
723 1241 859 1314 πρὸς
888 1240 953 1295 τὸ
982 1241 1153 1316 παρὸν
1212 1237 1659 1315 δυσχεραίνοντας
1706 1240 1794 1294 καὶ
1851 1238 1987 1312 πρὸς
2043 1236 2107 1291 τὸ

461 1325 667 1400 μέλλον
716 1329 1215 1404 προστησομένους,
1274 1326 1436 1402 ΐσχὺν
1495 1327 1727 1391 ἐντεῦθεν
1771 1322 1957 1381 λαϐὼν
2016 1323 2108 1378 καὶ

457 1416 657 1490 κράτος
703 1414 848 1492 ἔχων
904 1418 967 1471 τὸ
1023 1418 1271 1491 μέγιστον
1328 1414 1573 1471 ἐκποδών
1626 1413 1821 1486 ἐποίει,
1848 1414 1978 1477 τοὺς
2013 1413 2108 1485 μὲν

459 1503 737 1578 ἐκρυσίους
789 1505 1215 1580 ὀποχωροῦντας
1278 1509 1362 1579 [Ρ.
1422 1508 1512 1578 48]
1568 1504 1657 1560 καὶ
1713 1505 1827 1567 καθ’
1887 1503 2104 1563 ἑαυτοὺς

462 1589 770 1667 διάγοντας,
800 1593 926 1655 τοὺς
960 1590 1017 1648 δὲ
1043 1594 1134 1649 καὶ
1179 1593 1337 1656 αὐτὸς
1389 1592 1722 1669 καθειργνυς,
1754 1592 1840 1646 καὶ
1901 1588 2105 1651 ἄλλους

464 1681 557 1754 μὲν
617 1680 893 1757 ἀλλαχοῦ,
923 1684 1015 1737 τὸν
1047 1680 1103 1737 δὲ
1153 1680 1571 1755 Τζαμάντουρον
1622 1680 1711 1742 εἲς
1743 1682 1992 1755 ΙῙροῦσαν
2025 1677 2105 1750 ἐξ·

456 1768 783 1833 ἀποστείλας
852 1770 942 1826 καὶ
991 1771 1043 1825 οἱ
1105 1769 1367 1849 φυλακὴν⁸
1399 1771 1472 1832 ὡς
1519 1769 1826 1843 κατακρίτῳ
1877 1766 2102 1843 ἐγκατα-

457 1860 678 1929 στήσας.
737 1860 804 1916 Οἱ
854 1856 911 1913 δέ
952 1881 1013 1935 γε
1058 1858 1437 1935 προσκείμενοι
1489 1858 1672 1931 τούτῳ
1724 1858 1813 1912 καὶ
1872 1854 1994 1912 λίαν
2049 1857 2100 1911 ἐν

458 1943 675 2022 ἐλπίσιν
744 1948 879 2016 ἦσαν
948 1952 1219 2022 χρησταῖς
1281 1947 1372 2002 καὶ
1433 1946 1625 2017 ἀνέδην
1691 1948 1991 2021 συνήργουν
2052 1945 2104 2010 ές

459 2034 542 2089 ὅτι
597 2016 851 2109 μάλιστα,
874 2034 1101 2111 Θάτερον
1161 2033 1217 2090 δὲ
1270 2040 1378 2090 τῶν
1432 2033 1677 2106 ἀδελφῶν
1716 2036 1968 2105 Ἰωάννην
2026 2039 2104 2107 τῷ

456 2126 554 2177 τοῦ
587 2121 829 2198 μεγάλου
862 2121 1186 2196 δομεστίκου
1218 2123 1509 2196 ἀξιώματι,
1554 2128 1650 2179 τοῦ
1704 2121 1971 2197 βασιλέως
2021 2120 2105 2176 δι-

457 2206 645 2273 δόντος
678 2209 861 2282 δῆθεν,
906 2218 1189 2289 περιφαμῆ
1240 2214 1467 2282 καθιστᾷ
1518 2210 1609 2266 καὶ
1654 2212 1739 2265 ἐπὶ
1798 2212 1906 2265 τῶν
1966 2230 2103 2267 ποα-

453 2298 681 2374 γμάτων
744 2300 880 2375 μέγα
941 2298 1257 2373 δυνάμενον.
1320 2299 1453 2355 Τότε
1507 2299 1686 2355 τοίνυν
1742 2300 1830 2354 καὶ
1893 2299 2101 2372 μείζοσι

457 2389 841 2463 θερμανθέντες
888 2387 1093 2459 ἐλπίσι,
1136 2388 1282 2463 παρὰ
1333 2390 1426 2444 τὸν
1479 2390 1824 2465 πατριάρχην
1880 2388 2104 2463 γενόμε-

453 2495 538 2531 νοι
585 2476 676 2532 καὶ
715 2477 817 2546 τὴν
846 2474 1070 2532 σύνοδον
1104 2476 1202 2532 οὐκ
1254 2476 1471 2548 ἀνήσειν
1521 2476 1775 2554 ἐφασκου,
1810 2477 1855 2531 εἰ
1892 2478 1967 2550 μή
1994 2479 2045 2551 γ’
2076 2478 2104 2532 6

458 2691 534 2748 cii
563 2690 779 2762 publici
813 2695 870 2747 et
890 2691 1249 2764 privatorum
1271 2691 1681 2749 discriminum
1708 2707 1879 2747 curas
1905 2709 1919 2760 ;
1944 2691 2098 2746 unde

454 2779 625 2836 illum
657 2780 758 2852 qui
789 2780 1008 2837 electus
1037 2781 1108 2836 ad
1148 2780 1259 2836 hoc
1307 2781 1386 2836 sit
1445 2784 1508 2835 ut
1556 2779 1805 2837 salutem
1864 2783 2099 2835 tueatur

456 2868 741 2941 principis
772 2870 1039 2925 omnium
1061 2869 1318 2940 undique
1340 2867 1473 2923 telis
1495 2875 1548 2923 et
1568 2867 2096 2923 innumerabilibus
2120 2887 2128 2894 ·

453 2957 688 3013 insidiis
719 2958 1045 3030 expositum
1069 2958 1158 3013 vel
1191 2957 1441 3013 maxime
1471 2957 1669 3029 ipsum
1727 2956 1997 3027 prmsidio
2041 2960 2099 3011 et

455 3045 718 3104 excubiis
749 3062 937 3118 egere.
971 3048 1159 3113 Quare
1215 3046 1608 3117 praestabilius
1665 3044 1845 3099 videri
1901 3043 2096 3100 locum

2218 527 2464 582 εἶναικαὶ
2525 525 2687 598 μόνον
2731 527 2792 581 τὸ
2825 526 2960 599 μετά
3013 526 3105 581 τὸν
3131 524 3191 580 ἐκ
3240 526 3427 601 γένους
3461 524 3685 599 βασιλέα
3716 526 3859 596 ἄξιον

2216 614 2402 689 ἄρχειν
2460 616 2549 669 καὶ
2608 616 2700 670 σὺν
2750 615 2955 688 ἐκείνῳ,
3014 615 3101 670 καὶ
3144 614 3251 669 δεῖν
3286 615 3458 676 οῧτως
3486 608 3673 688 ἔχουσι
3711 615 3862 687 βασι’

2218 703 2357 766 λέως
2417 702 2665 765 ἐντελοῦς
2720 704 2773 766 ἐς
2811 705 2839 758 '6
2887 725 2938 757 τι
2969 704 3058 758 καὶ
3094 705 3309 780 πραξοι.
3339 703 3409 757 Τὸ
3469 704 3562 775 μὲν
3599 700 3689 757 οὖν
3734 703 3862 758 ἀνα-

2222 794 2395 865 μένειν
2439 795 2537 862 τὴν
2596 797 2692 847 τοῦ
2742 792 3010 869 άίρήλικος
3059 793 3322 862 ἡλικίαν,
3384 793 3460 864 μὴ
3521 791 3611 846 καὶ
3670 794 3862 869 φθάσει

2213 904 2297 944 τις
2326 880 2657 954 κηδεμονίας
2707 881 2963 953 δεόμενος
3006 879 3257 954 ἐμποδὼν
3309 881 3546 955 γεγονὼς
3590 880 3715 955 πρὶν
3766 879 3801 948 ἢ
3836 881 3863 934 6

2217 972 2272 1025 εὗ
2330 973 2541 1044 πράξων
2601 969 2801 1024 ἐκεῖνον
2860 968 3067 1025 τελείαν
3130 965 3273 1044 λάϐῃ
3304 972 3404 1038 τήν
3445 967 3687 1037 ἠλικίαν’
3719 969 3782 1023 τὸ
3814 966 3862 1023 δ’

2217 1058 2304 1114 ἐπὶ
2333 1064 2438 1113 τῶν
2471 1079 2802 1135 πραγμάτων
2844 1055 2969 1114 ὄντα
2999 1060 3087 1113 τὸν
3120 1057 3400 1132 κηδεμόνα
3460 1059 3537 1131 μὴ
3569 1057 3644 1120 ὡς
3709 1058 3861 1132 βασι-

2217 1147 2315 1204 λέα
2343 1150 2619 1223 πράττειν,
2649 1150 2724 1221 μή
2758 1150 2845 1203 καὶ
2908 1143 3162 1210 ἀϐέϐαιος
3212 1150 3247 1217 ἡ
3281 1148 3443 1223 χάρις
3492 1147 3581 1202 καὶ
3636 1145 3861 1209 ἄστατος

2214 1236 2268 1311 ᾖ.
2302 1239 2465 1294 Ταῦτ’
2515 1235 2698 1313 ἔλεγον
2731 1238 2783 1291 οἱ
2813 1236 2865 1291 έν
2901 1235 3071 1309 τέλει,
3101 1238 3189 1292 καί
3221 1237 3314 1292 τὸν
3370 1234 3715 1310 πατριάρχην
3762 1255 3862 1308 μα-

2216 1325 2573 1399 λακιζόμενον
2631 1324 2863 1390 ἔπειθον·
2926 1324 3053 1381 οὐδὲ
3099 1326 3198 1400 γάρ
3243 1323 3356 1380 οὐδ’
3408 1324 3609 1386 ἐκεῖνος
3662 1323 3858 1397 ἡμέλει

2213 1419 2318 1469 τῶν
2348 1414 2697 1485 καθηκόντων
2725 1414 2815 1469 καὶ
2842 1418 2925 1476 οἷς
2956 1415 2983 1468 6
3013 1416 3157 1489 ἱερὸς
3194 1413 3531 1487 μαλάσσοιτο
3560 1410 3856 1487 σύλλογος.

2214 1505 2435 1577 ’Ὠριστο
2471 1504 2563 1576 μὶν
2597 1504 2687 1558 οὖν
2721 1506 2755 1572 ἡ
2780 1504 2961 1576 ἡμέρα
2988 1506 3089 1572 τῆς
3117 1502 3487 1579 ἀναρρήσεως,
3537 1504 3571 1571 ἡ
3606 1498 3663 1556 δὲ
3706 1502 3772 1569 ἧν
3823 1502 3858 1571 ἡ

2213 1597 2309 1647 τοῦ
2339 1588 2815 1665 Ἑκατομϐαιῶνος
2847 1593 3138 1665 νουμηνία,
3161 1599 3260 1661 τῆς
3279 1590 3402 1647 τότε
3428 1590 3731 1666 τρεχοόσης
3750 1586 3861 1645 δευο

2213 1682 2369 1757 τέρας
2400 1681 2794 1754 ἐπινεμήσεως.

2215 1786 2284 1843 λ’.
2315 1788 2501 1848 Ὃπως
2533 1787 2560 1841 6
2591 1785 2643 1842 ἐν
2670 1790 2738 1861 τῇ
2772 1784 2918 1841 δόσει
2961 1784 3224 1862 δεσπότης
3274 1784 3510 1862 Μιχαὴλ
3541 1787 3853 1861 κατεπήροη

2772 1863 2880 1912 τῶν
2930 1858 3288 1933 πραγμάτων.

2281 1948 2368 2004 Ἐν
2400 1946 2643 2019 τοσούτῳ
2703 1945 2877 2001 δὲκαὶ
2925 1948 2953 2001 6
3002 1946 3054 2001 ἐν
3100 1951 3169 2021 τῇ
3213 1945 3359 2002 δόσει
3420 1944 3684 2014 δεσπότης
3744 1947 3852 2003 Μι-

2210 2035 2386 2112 χαὴλ,
2430 2037 2457 2090 6
2512 2040 2609 2090 τοῦ
2664 2030 3225 2111 προϐεϐασιλευκότος
3285 2033 3569 2111 Θεοδώρου
3620 2034 3858 2108 ἀνεψιὸς,

2210 2123 2441 2186 ἀκούσας
2468 2125 2535 2178 τά
2562 2125 2677 2179 κατ’
2723 2122 2995 2193 ἀνατολὴν
3057 2126 3131 2187 ὡς
3189 2125 3360 2200 εἶχον,
3419 2125 3509 2179 καὶ
3566 2124 3648 2178 ὅτι
3701 2121 3858 2178 ἐκπο-

2213 2211 2320 2267 δὼν
2369 2211 2651 2287 γεγονότος
2697 2216 2793 2267 τοῦ
2841 2212 3084 2288 Αάσκαρι
3115 2212 3164 2267 ἐν
3212 2211 3627 2287 μειρακυλλίοις
3683 2212 3776 2284 μὲν
3826 2213 3855 2266 6

2212 2300 2263 2370 ἐξ
2310 2299 2512 2355 ἐκείνου
2544 2300 2799 2369 Ἰωάννης
2855 2300 3024 2372 τελεῖ,
3081 2300 3156 2363 εἷς
3205 2302 3492 2377 προνομὴν
3555 2298 3613 2355 δὲ.
3655 2302 3692 2369 ἡ
3750 2304 3857 2354 τῶν

2212 2388 2498 2461 Ῥωμαίων
2531 2389 2779 2465 βασιλεία
2808 2395 2982 2445 κεῖται
3006 2394 3084 2462 τῷ
3138 2387 3486 2466 βουλομένῳ,
3516 2388 3697 2464 ἀνάγει
3764 2388 3854 2443 τὸν

2212 2481 2338 2532 νοῦν
2367 2478 2501 2553 πρὸς
2531 2479 2622 2533 τὸν
2654 2480 2793 2533 Οεῖον
2827 2476 3128 2554 Θεόδωρον,
3160 2476 3308 2541 ὅπως
3338 2477 3586 2540 κάκεῖνος
3633 2475 3855 2552 εὐγενὴς

2208 2707 2342 2764 pem
2374 2692 2756 2764 praerogativa
2785 2692 3065 2748 nascendi
3088 2693 3191 2763 jus
3222 2692 3521 2763 adeptum,
3568 2690 3852 2762 dignissi-

2206 2781 2610 2852 musimperio
2638 2782 2747 2836 sit:
2802 2782 3049 2852 ideoque
3099 2780 3381 2851 collegam
3413 2779 3465 2836 ei
3525 2780 3848 2852 adjungen-

2207 2869 2371 2925 dum.
2413 2870 2591 2940 Egere
2651 2869 2903 2941 profecto
2962 2868 3384 2939 rempublicam
3443 2871 3673 2923 maturo
3727 2868 3847 2939 jam

2205 2957 2464 3028 principe
2495 2963 2552 3013 et
2582 2960 2649 3014 ad
2682 2975 2781 3031 per
2811 2975 2872 3015 se
2903 2960 3198 3031 agendum
3230 2959 3381 3030 quod
3415 2958 3491 3013 sit
3520 2974 3668 3029 opus
3692 2964 3848 3029 apte,

2214 3063 2319 3102 nec
2347 3048 2668 3117 exspectari
2702 3063 2870 3118 posse
2909 3049 3044 3103 dum
3070 3047 3423 3119 puerulusin
3447 3045 3635 3102 virum
3657 3046 3851 3101 adole-

450 3136 654 3192 eedere
707 3134 953 3190 cuilibet
980 3133 1196 3190 volenti
1229 3149 1407 3206 quam
1437 3133 1497 3188 in
1531 3148 1596 3189 eo
1628 3148 1844 3205 angore
1883 3148 1949 3189 ac
1970 3136 2093 3188 tor-
2126 3167 2169 3234 Ο
2207 3134 2371 3203 verit,
2399 3152 2469 3191 ne
2497 3136 2760 3192 Romana
2789 3154 2880 3192 res
2904 3136 3175 3209 praesenti
3208 3135 3455 3208 vigentis
3482 3134 3852 3206 imperatoris

454 3227 649 3279 mento
678 3223 889 3278 vivere.

449 3329 539 3384 29.
568 3331 630 3387 Ut
656 3328 906 3385 delinih’s
935 3328 1285 3397 Palaeologus
1309 3328 1602 3401 plerisque
1619 3330 1931 3401 principum
1946 3345 2098 3385 sum-

824 3416 979 3455 mum
1006 3401 1264 3456 honorem
1292 3400 1604 3455 ebtanditus
1624 3400 1722 3455 δίε.

522 3488 653 3543 Haec
682 3491 740 3543 et
768 3488 896 3558 ejus
926 3487 1156 3558 generis
1190 3487 1375 3544 multa
1408 3489 1707 3559 proferens
1728 3488 2098 3546 vehementer

451 3577 831 3633 incumbebat
860 3578 918 3633 in
949 3576 1292 3648 petitionem
1325 3577 1584 3648 supremi
1617 3577 1877 3633 honoris.
1920 3579 2094 3634 Porro

451 3665 686 3722 interim
712 3682 861 3737 quos
883 3670 1189 3738 suspectos
1219 3666 1492 3735 habebat,
1526 3666 1863 3738 quibusque
1883 3666 2095 3723 intelli-

450 3754 625 3826 gebat
654 3754 963 3825 displicere
987 3754 1314 3825 praesentia,
1346 3754 1507 3811 cordi
1537 3771 1665 3811 esse
1686 3771 1853 3825 nova,
1877 3754 1936 3809 in
1960 3770 2095 3825 spes

450 3842 782 3898 futurorum
802 3842 1574 3915 inquietasimminentibus,
1591 3860 1688 3899 eos
1703 3860 1843 3899 sane
1861 3860 2095 3899 summa

450 3947 625 4002 quam
657 3932 962 3988 obtinebat
992 3935 1277 4004 potestate
1307 3938 1546 3989 strenue
1602 3936 1775 3987 utens
1818 3933 2036 3989 amovit
2064 3949 2094 3989 e

451 4021 666 4086 medio,
696 4021 907 4094 partim
938 4021 1152 4091 injecto
1182 4025 1402 4078 terrore
1424 4021 1683 4077 efﬁciens
1713 4024 1778 4076 ut
1798 4025 2003 4093 sponte
2021 4020 2092 4076 ad

450 4125 563 4166 sua
591 4126 654 4166 se
685 4110 1007 4182 reciperent
1036 4114 1094 4165 et
1124 4110 1282 4165 domi
1338 4126 1397 4166 se
1453 4114 1738 4176 tenerent,
1797 4110 2012 4181 partim
2040 4109 2093 4165 vi

451 4197 688 4269 publica
716 4214 1013 4254 coercens.
1046 4199 1168 4262 Quo
1201 4198 1261 4253 in
1316 4213 1528 4269 genere
1587 4214 1720 4253 cum
1778 4197 1925 4255 alios
1979 4198 2091 4254 alio

447 4287 807 4354 amandavit,
840 4291 969 4342 tum
1000 4288 1458 4343 Tzamanturum
1492 4285 1814 4357 relegatum
1848 4288 2090 4344 Prusam

446 4374 529 4430 ibi
559 4374 827 4431 custodia
857 4379 1041 4432 teneri
1072 4375 1230 4430 velut
1260 4390 1422 4430 reum
1446 4373 1648 4444 jussit.
1682 4375 1921 4431 Interim
1970 4375 2091 4432 ala-

448 4478 576 4519 cres
606 4463 663 4518 in
698 4464 914 4535 spebus
944 4463 1185 4535 optimis
1212 4463 1603 4533 ﬂorentesque
1632 4463 1723 4517 8|
1775 4462 2096 4519 volitabant

2208 3238 2315 3295 ope
2346 3223 2616 3294 indigens
2645 3224 2734 3279 ael
2768 3226 3042 3291 maxime,
3079 3228 3162 3280 tot
3206 3224 3395 3279 cincta
3425 3223 3725 3295 periculis,
3753 3239 3851 3295 per

2205 3316 2430 3368 tantam
2464 3329 2688 3367 moram
2722 3313 2890 3384 prius
2923 3320 3119 3385 pereat
3167 3317 3516 3383 corruatquo
3564 3312 3849 3377 funditus,

2206 3418 2382 3472 quam
2408 3402 2507 3473 qui
2537 3419 2665 3458 eam
2696 3402 3102 3458 vindicaturus
3133 3402 3204 3458 ab
3230 3401 3472 3457 interitu
3503 3400 3600 3468 sit,
3633 3401 3694 3456 in
3744 3400 3847 3455 flo-

2204 3495 2429 3546 rentem
2464 3490 2778 3547 adoleverit
2808 3495 3064 3547 aetatem.
3094 3491 3442 3563 Impositum
3471 3493 3664 3545 autem
3685 3505 3851 3545 cura-

2202 3584 2387 3635 torem
2421 3580 2671 3652 negotiis
2696 3597 2811 3635 non
2833 3579 3231 3651 utprincipem
3255 3594 3446 3651 agere,
3472 3579 3573 3635 sed
3592 3578 3852 3649 precaria

2204 3669 2457 3739 quadam
2489 3673 2545 3723 et
2564 3668 2929 3724 auctoritatis
2952 3667 3293 3740 principalis
3315 3683 3498 3739 egena
3514 3666 3850 3738 ,functionc,

2203 3760 2259 3810 et
2280 3755 2581 3812 infirmum
2610 3760 2667 3812 et
2695 3756 2969 3813 instabile
3000 3755 3329 3829 reipublicm
3362 3755 3639 3811 solatium
3700 3770 3847 3810 esse.

2202 3843 2366 3899 Talia
2396 3860 2530 3900 cum
2562 3844 2872 3917 optimates
2934 3845 3213 3909 dicerent,
3265 3845 3691 3915 persuaserunt
3747 3860 3849 3914 pa-

2200 3932 2467 3988 triarchae
2492 3950 2595 4005 per
2614 3950 2697 3990 se.
2718 3934 3075 4000 utdiximus,
3090 3932 3349 3989 emollito
3364 3932 3420 3987 in
3438 3931 3845 4003 Palaeologum.

2200 4020 2309 4075 Sed
2327 4036 2429 4074 nec
2444 4019 2569 4092 ipse
2583 4037 2751 4091 cu3us
2778 4036 2869 4075 res
2892 4020 3173 4092 agebatur
3189 4020 3459 4076 cessabat
3472 4018 3851 4092 Palmologus:

2201 4108 2342 4179 quin
2372 4110 2674 4181 satagebat
2703 4110 2763 4164 in
2794 4109 3021 4165 cunctis
3055 4110 3123 4164 ad
3150 4108 3274 4180 spei
3315 4109 3586 4164 affectum
3634 4110 3853 4164 facien-

2199 4197 2381 4265 tibus,
2412 4196 2473 4252 in
2504 4196 2711 4270 primis
2741 4197 2813 4253 ad
2845 4197 2957 4253 sibi
2992 4197 3361 4253 deliniendos
3392 4195 3530 4252 cleri
3561 4212 3627 4251 ac
3653 4210 3847 4252 sacro-

2203 4301 2333 4340 rum
2364 4284 2697 4341 antistitum
2729 4286 2978 4342 animos.
3012 4285 3277 4356 Denique
3300 4285 3392 4340 his
3414 4284 3643 4340 artibus
3667 4288 3851 4356 impe-

2201 4377 2421 4429 tratum
2452 4378 2517 4429 ut
2548 4374 2673 4429 dies
2695 4374 2986 4430 diceretur
3017 4372 3444 4445 proclamando
3476 4372 3535 4428 in
3568 4371 3852 4444 collegam

2203 4462 2571 4533 imperatoris
2594 4462 2938 4535 Palaaologo.
2974 4463 3051 4518 Ea
3082 4462 3191 4517 fuit
3223 4462 3528 4517 neomenia
3553 4461 3855 4519 Hecatom-

449 4550 551 4622 qui
609 4534 904 4607 fortunam
962 4534 1362 4623 sequebantur
1423 4549 1757 4623 Pataeologi,
1830 4551 2093 4622 clientes,
2125 4534 2169 4598 Π
2202 4550 2418 4606 ὺίεοηίε
2451 4567 2553 4607 seu
2577 4534 3202 4622 KalendzeJanuarias,
3230 4550 3703 4607 indietionetune
3726 4566 3850 4606 cur-

453 4638 629 4695 amici
685 4655 751 4695 ac
822 4655 1175 4712 quocunque
1231 4639 1470 4695 nomine
1521 4640 1853 4708 necessarii,
1909 4640 2095 4712 parati

454 4743 687 4798 semper
715 4728 787 4783 ad
820 4732 1032 4783 nutum
1066 4773 1081 4800 ,
1114 4728 1481 4801 impigreque
1503 4732 1777 4784 curantes
1809 4729 2094 4802 quit’quid

455 4815 528 4871 ad
560 4831 903 4871 communes
933 4817 1194 4872 rationes
1222 4817 1492 4888 expedire
1537 4816 1848 4873 videretur.
1909 4818 1971 4873 In
2003 4818 2098 4874 his

454 4903 703 4959 alterum
737 4904 974 4961 fratrem
1005 4905 1290 4961 Joannem
1323 4905 1519 4977 magni
1536 4906 1840 4962 domestici
1863 4908 2098 4979 amplis-

454 4990 607 5047 sima
627 4990 911 5063 dignitate
942 4992 1138 5048 ornari
1172 5008 1274 5063 per
1301 4992 1707 5063 imperatorem
1739 4995 1980 5065 despota
2003 5012 2095 5051 cu-

454 5079 625 5149 ravit,
654 5080 738 5136 sic
768 5096 901 5135 eum
933 5088 986 5135 et
1016 5080 1230 5135 illustri
1262 5081 1482 5137 honore
1511 5085 1570 5136 et
1600 5082 1855 5137 maxima
1893 5099 2097 5153 geren-

456 5168 668 5224 darum
700 5183 892 5223 rerum
926 5172 1211 5239 potestate
1242 5169 1562 5224 instruens.
1596 5170 1718 5233 Quo
1776 5169 1927 5225 facto
1970 5171 2096 5241 jam

456 5257 779 5327 majoribus
810 5255 1035 5312 incensi
1065 5256 1284 5328 spebus
1334 5256 1634 5328 Palazologi
1692 5257 1949 5313 fautores
1997 5275 2098 5330 pa-

454 5343 743 5401 tiarcham
774 5350 832 5402 et
861 5361 1090 5402 sacram
1134 5347 1423 5417 synodum
1476 5344 1720 5414 ambire,
1781 5362 1848 5400 ac
1907 5346 2099 5403 dicere

455 5432 678 5490 nullam
710 5434 965 5506 quietem
990 5434 1163 5490 rebus
1181 5434 1300 5490 fore
1315 5438 1416 5489 aut
1434 5433 1809 5490 securitatem
1830 5434 2096 5507 imperio,

453 5523 641 5593 quoad
670 5523 912 5596 despota
940 5524 999 5580 in
1034 5539 1216 5579 unum
1247 5523 1439 5580 adhuc
1460 5522 1706 5595 gradum
1751 5524 2101 5596 provehatur

456 5609 651 5667 altius.
686 5615 886 5684 Ipsum
917 5610 1104 5670 solum
1140 5627 1268 5670 esse
1298 5612 1562 5669 omnium
1582 5610 1704 5685 qui,
1726 5618 1856 5685 post
1878 5614 2101 5687 princi-

2205 4643 2368 4695 rente
2398 4640 2678 4695 secunda.

2202 4747 2290 4802 50.
2329 4746 2392 4803 Ut
2421 4745 2483 4801 in
2516 4745 2806 4803 Occidente
2859 4747 3089 4819 despota
3114 4746 3351 4803 Michael
3379 4746 3557 4819 elatus
3596 4745 3658 4801 in
3713 4761 3860 4818 spem

2611 4820 2881 4889 majorem
2908 4818 3045 4875 neua
3083 4819 3314 4874 molitus
3342 4818 3434 4873 sit.

2278 4907 2425 4961 Dum
2456 4906 2577 4963 haec
2611 4911 2915 4979 geruntur,
2949 4907 3192 4979 despota
3220 4905 3550 4962 Occidentis
3582 4904 3847 4976 Michael,

2205 4994 2515 5065 Theodori,
2545 4994 2646 5051 82
2678 4996 2779 5066 qui
2811 4996 2894 5051 ibi
2937 4996 3349 5068 imperaverat,
3407 4995 3604 5050 fratris
3660 4993 3839 5064 ﬁlius,

2206 5082 2405 5138 audito
2437 5099 2631 5139 rerum
2662 5083 3030 5140 orientalium
3061 5083 3478 5156 statu,sublato
3518 5082 3788 5138 videlicet
3815 5097 3846 5137 e

2207 5170 2399 5225 medio
2436 5170 2667 5226 Laseari
2697 5171 2982 5227 Joannem
3014 5172 3143 5243 ejus
3166 5171 3350 5227 filium
3378 5186 3508 5227 esse
3537 5170 3730 5226 adhuc
3758 5169 3847 5224 in-

2205 5257 2519 5325 fantulum,
2555 5259 2886 5315 Romanum
2915 5276 3052 5316 vero
3083 5260 3396 5332 imperium
3423 5258 3609 5315 cuivis
3639 5272 3840 5330 rapere

2205 5347 2420 5403 volenti
2456 5347 2514 5402 in
2547 5349 2803 5419 praedam
2836 5349 3167 5421 expositum
3199 5350 3412 5420 jacere,
3473 5351 3728 5404 mentem
3783 5345 3841 5399 in

2209 5450 2343 5507 spes
2369 5435 2597 5507 amplas
2612 5436 2839 5504 extulit,
2855 5439 3149 5509 proposito
3163 5438 3273 5494 sibi
3289 5436 3551 5508 exemplo
3563 5432 3843 5492 Theodori

2209 5524 2423 5597 patrui.
2459 5526 2516 5580 Is
2546 5525 2763 5583 nobilis
2793 5530 2969 5598 atque
2998 5528 3142 5588 adeo
3172 5542 3242 5583 ex
3271 5527 3458 5599 prima
3471 5524 3838 5589 nobilitate,e

2207 5614 2397 5686 priore
2410 5612 2509 5670 illa
2522 5614 2919 5672 Romanarum
2940 5616 3373 5688 perturbatione
3387 5631 3580 5672 rerum
3596 5610 3846 5685 sumptis
