4154 6286
486 325 594 381 519

1787 330 2087 388 GEORGII
2125 331 2584 386 PACHYMERE

3779 327 3894 382 520

491 446 546 512 ἐς
581 449 774 505 ταυτὸν
817 451 870 503 αἱ
920 447 1174 521 δυνάμεις
1220 455 1448 517 συνῆσαν
1499 450 1588 504 καὶ
1637 447 1746 520 ἤδη
1792 451 1926 525 πρὸς
1973 448 2132 505 πόλε-
2162 454 2215 520 Α
2250 449 2332 522 εἷή
2389 452 2573 528 φάναι,
2603 451 2694 505 τὸν
2756 453 3071 528 Νικηφόρον
3107 448 3300 521 δείξας,
3354 452 3382 504 ὸ
3440 449 3570 523 ἐμὸς
3629 447 3888 526 ἀδελφὸς,

491 559 590 610 μον
640 539 1009 610 ἡτοιμάζοντο
1055 536 1201 609 (οὖδέ
1248 538 1350 612 γὰρ
1397 535 1506 592 οὐδ’
1557 539 1610 593 οἱ
1660 539 1949 613 στρατηγοὶ
2003 557 2131 613 ηρε-

488 632 606 698 μεῖν
657 628 828 700 εἶχον,
880 626 1035 680 τόσον
1085 627 1464 699 συνηθροῖσθαι
1522 628 1584 681 τὸ
1631 625 1892 682 Ἰταλικὸν
1941 639 2132 689 πυνθα-

481 716 725 787 νόμενοι,
761 714 904 769 ἀλλά
951 716 1038 769 καὶ
1092 716 1245 770 αὐτοὶ
1302 714 1553 790 ἐτέρωθεν
1601 714 2020 790 εὐτρεπίζοντο),
2055 716 2129 776 ὡς

483 809 612 877 γοῦν
675 806 797 858 ὅσον
876 804 1027 858 οὔπω
1098 805 1547 878 ὁμαιχμήσαντες
1605 805 1660 857 o't
1709 809 1805 858 τοῦ
1866 801 2127 858 δεσπότου

487 889 720 964 ἔμελλον
779 889 1138 968 προσϐαλεῖν,
1177 896 1210 962 ἡ
1261 893 1602 966 μυθευομένη
1653 894 1805 967 Ἔρις
1863 892 2040 962 ἐκείνη
2086 895 2119 961 ἡ

488 981 684 1054 μεταξὺ
745 987 852 1036 τῶν
896 986 1060 1056 τριῶν
1115 985 1338 1036 Οεαινῶν
1377 983 1439 1036 τὸ
1502 981 1679 1054 μῆλον
1737 981 1932 1056 ῥιψασα
1990 982 2125 1056 πρὸς

485 1069 814 1144 φιλονεικίαν
847 1071 944 1138 τὴν
979 1071 1102 1146 περὶ
1141 1069 1404 1139 κάλλους,
1445 1069 1621 1139 ἐκείνη
1655 1071 1744 1124 καὶ
1783 1069 2000 1132 τούτοις
2029 1069 2126 1143 ἐμ-

483 1157 690 1217 πίπτει.
725 1159 827 1215 Καὶ
860 1161 894 1228 ἡ
930 1159 1074 1214 αἰτια
1103 1160 1250 1235 παρά
1284 1159 1474 1234 μικρὸν
1507 1158 1768 1236 ἐμφερής.

587 1309 695 1367 λαέ.
755 1313 949 1373 ’Όπως
993 1317 1093 1380 τῆς
1125 1309 1357 1436 Ἀχαίῗς
1389 1311 1416 1364 ὁ
1443 1308 1673 1384 πρίγκιψ
1726 1308 2014 1382 Ῥωμαίοις

1230 1403 1288 1435 ea:
1331 1405 1394 1436 ω.

1230 1403 1394 1440 εαΛω.

552 1513 773 1588 Λέγεται
806 1516 908 1587 γάρ
956 1513 1082 1574 τοὺς
1135 1513 1258 1588 περὶ
1313 1514 1402 1568 τὸν
1455 1512 1720 1588 πρίγκιπα
1780 1517 2119 1586 μεγιστᾶνας,

485 1602 575 1657 οὕς
633 1602 828 1658 ἐκεῖνοι
890 1599 1297 1677 καϐαλλαρίους
1380 1601 1637 1676 λέγουσι,
1691 1601 1896 1656 τούτων
1971 1603 2122 1664 τινάς

481 1691 910 1767 ἐποφθαλμίζειν
967 1692 1083 1744 κατ’
1140 1688 1342 1765 ἔρωτας
1391 1694 1460 1764 τῇ
1504 1695 1601 1745 τοῦ
1649 1689 1823 1744 Δούκα
1869 1689 2120 1746 Ἰωάννου

487 1779 702 1853 συζύγῳ
736 1827 750 1851 ,
811 1781 874 1849 ἢν
933 1779 1022 1833 καὶ
1095 1783 1190 1833 τοῦ
1248 1783 1474 1852 Ταρωνᾶ
1549 1778 1814 1853 θυγατέρα
1867 1780 1894 1832 ὁ
1955 1776 2122 1852 λόγος

487 1866 709 1923 ἐδείκνυ.
761 1871 936 1924 Τοῦτο
985 1865 1031 1921 δ’
1071 1869 1136 1935 ἦν
1177 1870 1277 1940 ἄρα
1323 1866 1400 1938 τῷ
1448 1865 1657 1937 ἐκείνης
1680 1865 1832 1940 ἀνδρὶ
1883 1867 1956 1928 εἷς
1987 1887 2125 1942 προ-

485 1963 622 2033 φανῆ
671 1977 788 2009 τινα
845 1951 995 2029 ὕϐριν
1054 1956 1144 2009 καὶ
1201 1955 1622 2031 καταφρόνησιν,
1654 1953 1742 2008 καὶ
1803 1952 1868 2023 δὴ
1932 1951 2120 2029 ὑϐριο-

482 2049 667 2108 παθῶν
728 2044 929 2104 ἐκεῖνος
1003 2043 1053 2096 ἐν
1114 2042 1328 2104 τούτοις
1404 2040 1548 2118 δεινρ
1614 2042 1785 2096 ἐποίει
1852 2041 1940 2096 καὶ
2002 2048 2120 2105 τοῖς

483 2128 757 2207 ὑϐρίσασιν
818 2131 1206 2203 ἀνταμύνεσθαι
1281 2130 1638 2199 κατηπείλει.
1715 2131 1813 2185 Καὶ
1886 2127 1995 2204 ἔρις
2052 2132 2118 2199 ἦν

481 2221 859 2298 ἀμφοτέρωθεν
938 2220 1139 2295 ἰσχυρά
1198 2220 1288 2274 καὶ
1345 2218 1422 2281 είς
1476 2219 1720 2292 πόλεμον
1778 2218 2118 2294 ἐκορύσσετο,

479 2310 570 2364 καὶ
646 2310 696 2363 οἱ
772 2309 845 2370 εἷς
915 2309 1219 2382 ὁμαίχμίαν
1295 2307 1584 2378 κληθέντες
1661 2309 1776 2363 κατ’
1853 2305 2118 2378 ἀλλήλων

482 2397 816 2454 συνίσταντο.
866 2399 996 2452 Τότε
1052 2396 1268 2471 λέγεται
1322 2396 1410 2451 καὶ
1464 2395 1621 2451 αὐτὸν
1689 2398 1781 2451 τὸν
1849 2398 2121 2472 πρίγκιπα

481 2489 688 2561 ὁρῶντα
743 2489 841 2555 τήν
895 2486 1078 2560 μάχην
1131 2488 1440 2560 ἀγανακτεῖν
1469 2529 1482 2556 ,
1540 2478 1800 2549 καὶτοῖς
1841 2487 1934 2558 μὲν
1995 2507 2122 2562 σφε-

476 2576 658 2650 τέροις
720 2575 806 2648 μὼ
862 2573 1008 2648 ἔχειν
1060 2573 1435 2646 ἐπιπλήττειν,
1493 2579 1570 2645 τῷ
1619 2572 1676 2628 δέ
1702 2595 1762 2650 γε
1801 2575 1977 2644 Δούκᾳ
2030 2574 2120 2628 καὶ

480 2663 602 2720 λίαν
664 2664 1153 2736 ἐπιμωκησάμενον
1215 2662 1520 2737 χλευάσαι,
1567 2663 1654 2716 καὶ
1711 2662 1777 2716 τά
1833 2662 1907 2725 εἷς
1948 2663 2120 2737 γένος,

482 2753 554 2813 ὡς
612 2752 791 2821 νόθος,
849 2751 974 2806 λίαα
1033 2751 1299 2825 λαμπρῶς
1350 2747 1629 2808 ὀνειδίσαι.
1689 2749 1788 2807 Καὶ
1837 2751 1912 2813 ὼς
1967 2752 2122 2814 οὗτος

476 2969 762 3020 conventu
805 2964 961 3020 haud
1011 2965 1365 3020 cessandum
1417 2963 1550 3028 rati,
1581 2964 1652 3019 ad
1697 2979 1954 3035 pugnam
2007 2963 2122 3035 ipsi

482 3070 716 3125 quoque
756 3053 1037 3125 procincti
1069 3069 1098 3109 e
1130 3053 1364 3124 regione
1387 3054 1664 3123 stabant),
1708 3052 1807 3107 tali
1853 3053 2116 3123 inquam,

487 3142 734 3199 articulo
767 3158 960 3196 rerum
993 3157 1059 3195 ac
1090 3141 1391 3211 temporis,
1423 3157 1556 3195 cum
1584 3144 1810 3195 tantum
1841 3157 1954 3196 non
1997 3141 2118 3196 acie

483 3232 758 3287 instructi
779 3231 1030 3301 despolia
1048 3231 1264 3286 milites
1283 3232 1518 3302 signum
1539 3231 1843 3286 conﬂictus
1859 3239 2118 3302 expecta-

483 3322 632 3382 rent,
659 3317 916 3373 medium
938 3317 1247 3372 intervenit
1265 3317 1458 3373 simile
1475 3319 1756 3388 quiddam
1778 3319 1860 3374 illi
1883 3323 2028 3374 nota:
2047 3336 2116 3375 ex

2242 538 2304 592 σὺ
2363 535 2418 592 δὲ
2477 539 2726 610 σκότιος,
2787 540 2863 609 μὴ
2913 538 3021 612 οὐχ
3077 538 3226 600 ὅπως
3283 537 3563 611 ἐλεύθερος
3621 537 3766 593 ἀλλὰ
3804 539 3892 593 καὶ

2240 625 2436 689 δοῦλος
2479 627 2661 684 αὐτοῦ.
2717 632 2892 682 Ταῦτα
2952 631 3062 700 μετ’
3125 623 3437 701 ἐμϐριθείας
3486 627 3729 688 εἰπόντος
3789 631 3885 681 τοῦ

2240 721 2542 791 Πρίγκιπος
2599 715 2895 790 Ἀχιλλεὺς
2925 718 2986 786 ἦν
3042 715 3210 779 ἄλλος
3265 716 3292 769 ὁ
3340 717 3594 786 Ἰωάννης
3637 715 3885 788 μηνίσας.

2238 804 2375 859 Τότε
2435 804 2602 868 θέλων
2665 801 2830 876 δεῖξαι
2873 803 3031 868 αὐτὸς
3069 802 3141 858 ὢν
3191 805 3252 858 τὸ
3328 810 3428 858 πᾶν
3483 807 3579 856 τοῦ
3637 807 3888 878 στρατοῦ,

2235 892 2323 946 καὶ
2379 894 2458 954 οἷς
2519 893 2578 947 ἀν
2646 893 2992 966 προσκέοιτο,
3048 891 3280 954 ἐκείνους
3327 897 3609 963 νικῶντας,
3666 894 3884 966 πέμψας

2240 977 2309 1034 δι’
2367 981 2692 1057 ἀπορρήτων
2738 984 2928 1043 νυκτὸς
2985 987 3103 1043 τοῖς
3149 986 3476 1056 στρατηγοῖς
3533 978 3890 1052 διαμηνόεται

2239 1069 2314 1131 ὡς
2346 1069 2506 1132 αὐτὸς
2557 1071 2671 1143 μετ’
2722 1071 2898 1125 αὐτῶν
2931 1067 3079 1125 ἔσται
3126 1070 3216 1124 καὶ
3275 1069 3350 1131 ὡς
3406 1069 3722 1140 ἐπιθήσοιτο
3772 1073 3888 1130 τοῖς

2238 1158 2352 1230 μετ’
2413 1157 2576 1212 αὐτοῦ
2634 1158 2886 1227 Ἰταλοῖς,
2949 1160 3032 1230 [Ρ.
3085 1161 3177 1230 51]
3242 1156 3399 1233 βλαξὶ
3455 1157 3545 1212 καὶ
3600 1162 3889 1231 τρυφεροῖς

2233 1244 2409 1316 οὖσιν,
2487 1247 2532 1300 εἰ
2601 1246 2765 1320 μόνον
2841 1246 3040 1301 ἐκεῖνον
3119 1247 3354 1323 ὀρφῷεν,
3410 1243 3562 1314 Πλὴν
3618 1247 3884 1300 καθιστῶν

2231 1337 2366 1409 πρὸς
2422 1334 2660 1399 ἐκείνους
2714 1335 2841 1398 τοὺς
2893 1335 3091 1409 ὅρκους
3123 1381 3138 1407 ,
3198 1335 3264 1389 τά
3307 1333 3470 1390 πιστά
3527 1331 3709 1407 ἐτήρει
3771 1341 3888 1398 τοῖς

2230 1424 2354 1497 περὶ
2382 1424 2472 1477 τὸν
2522 1423 2727 1498 πατέρα
2779 1425 2870 1478 καὶ
2926 1425 3020 1478 τὸν
3057 1422 3221 1476 αὐτοῦ
3251 1420 3484 1498 ἀδελφὸν
3546 1422 3883 1498 ΝικηφόρονΙ

2233 1509 2370 1566 ὥστε
2428 1507 2751 1580 ἀλωϐήτους
2822 1509 3019 1575 αὺτοὺς
3076 1508 3528 1587 διατηρήσαντας,
3586 1517 3704 1573 τοῖς
3764 1510 3883 1566 lo:-

2231 1605 2355 1661 ποῖς
2385 1597 2614 1662 Ἰταλοῖς
2645 1601 2787 1671 οὖσι,
2813 1600 2904 1654 καὶ
2956 1597 3319 1677 διαφερόντως
3365 1606 3508 1666 τοῖς,
3555 1603 3651 1654 τοῦ
3709 1600 3875 1676 ιίρίγ-

2230 1709 2430 1756 κιπος,
2486 1687 2656 1760 ὁμόσε
2711 1693 2911 1763 χωρεῖν
2949 1731 2962 1745 .
3011 1689 3184 1742 Ταῦτα
3241 1689 3578 1762 συνθεμένων
3637 1687 3880 1756 ἐκείνων,

2229 1778 2316 1831 καὶ
2378 1773 2822 1848 ἀνταλλαξάντων
2853 1775 2928 1838 εἷς
2957 1775 3083 1838 τοὺς
3116 1778 3313 1850 ἀρκους
3360 1778 3427 1830 τά
3475 1777 3596 1852 ἰερά
3645 1776 3884 1849 περιάμ-

2237 1886 2397 1936 ματα,
2456 1864 2816 1940 συρρήγνυται
2875 1864 3027 1939 μάχη
3093 1864 3320 1939 μεγίστη
3375 1864 3522 1928 ὲνθεν
3591 1865 3682 1937 μὲν
3741 1865 3882 1920 Ῥω-

2237 1953 2416 2024 μαίοις
2463 1951 2554 2006 σὺν
2618 1952 2848 2026 Πέρσαις
2911 1953 3000 2006 καὶ
3054 1953 3306 2024 Σκυθικῷ
3357 1950 3622 2024 πλείστῳ,
3682 1951 3924 2016 ἐκεῖθεν·

2230 2039 2287 2095 δὲ
2357 2046 2473 2102 τοῖς
2541 2045 2638 2096 τοῦ
2717 2042 3018 2116 Πρίγκιπος
3067 2039 3321 2104 Ἰταλοῖς·
3379 2042 3482 2096 τὸν-
3523 2042 3624 2117 γάρ
3674 2042 3880 2116 πατέρα

2228 2129 2317 2184 καὶ
2347 2127 2577 2205 ἀδελφὸν
2634 2130 2725 2183 σὺν
2783 2135 2900 2191 τοῖς
2957 2129 3082 2204 περὶ
3141 2128 3374 2193 ἐκείνους
3431 2151 3582 2207 σφισι
3610 2130 3678 2184 τὰ
3731 2127 3881 2184 δεινά

2229 2218 2498 2279 ἐπισείσας
2566 2220 2872 2293 ἀποναρκᾷν
2944 2218 3082 2293 πρὸς
3128 2220 3227 2286 τὴν
3283 2218 3467 2293 μάχην
3537 2217 3730 2288 ἐποίει,
3789 2217 3879 2272 καὶ

2230 2306 2335 2382 οὐχ
2367 2308 2514 2368 ὅπως
2537 2308 2629 2361 τὸν
2653 2305 2897 2380 πόλεμον
2942 2301 3365 2377 ἀναϐάλλεσθαι,
3422 2304 3571 2362 ἀλλὰ
3626 2306 3715 2361 καὶ
3775 2307 3882 2361 ὑπὸ

2227 2393 2369 2449 πόδα
2426 2395 2754 2469 ἀναχωρεῖν,
2787 2394 2949 2456 αὐτὸς
2981 2392 3040 2448 δὲ
3070 2396 3205 2449 κατά
3258 2395 3436 2450 νώτου
3467 2400 3581 2457 τοῖς
3642 2392 3876 2457 Ἰταλοῖς

2228 2488 2744 2560 προσεπιτιθέμενος
2806 2483 2954 2539 δεινά
3009 2483 3228 2540 ἐποίει.
3289 2485 3392 2540 Καὶ
3450 2483 3573 2539 τότε
3631 2480 3872 2560 ἔγνωσαν

2229 2573 2432 2629 Ἰταλοὶ
2483 2571 2938 2649 παραδεδομένοι,
3000 2574 3086 2627 καὶ
3151 2571 3575 2647 ἀπεδίδρασκον.
3637 2573 3714 2630 Οὐ
3768 2574 3874 2646 μὴν

2231 2661 2288 2717 δέ
2342 2662 2433 2717 καὶ
2489 2665 2579 2718 τὸν
2625 2660 2868 2717 κίνδυνον
2934 2661 3280 2740 ὑπεξέφυγον,
3339 2661 3484 2718 ἀλλά
3532 2660 3742 2718 πολλοὶ
3790 2667 3873 2734 τῷ

2233 2755 2482 2823 Σκυθικῷ
2558 2749 2913 2826 στρατεύματι
2995 2747 3661 2825 συγκαταλαμϐανόμενοι,
3747 2771 3878 2826 συχ-

2229 2963 2312 3019 ait
2341 2963 2617 3035 Princeps
2646 2979 2782 3020 voce
2808 2964 3060 3039 sublata,
3083 2965 3251 3021 oculo
3283 2981 3418 3020 eum
3446 2967 3870 3036 comtemptore

2229 3051 2452 3122 ﬁgens:
2487 3074 2514 3101 «
2545 3052 2630 3107 Tu
2662 3052 2819 3108 enim
2851 3053 3092 3124 spurius
3118 3070 3222 3108 nec
3265 3051 3415 3108 liber
3464 3053 3755 3123 tenebrio,
3785 3054 3872 3109 vix

2235 3156 2302 3195 eo
2325 3141 2459 3210 jure
2491 3141 2715 3212 aspires
2765 3145 2829 3195 ut
2866 3158 3071 3197 servus
3121 3141 3225 3197 sis.
3261 3164 3289 3190 »
3321 3141 3423 3197 His
3472 3141 3667 3197 verbis
3717 3142 3870 3197 haud

2227 3228 2428 3284 mitius
2461 3245 2635 3300 quam
2664 3228 2760 3284 ille
2787 3233 2956 3286 vetus
2989 3230 3447 3302 Agamemnonis
3469 3229 3747 3286 conviciis
3771 3247 3870 3286 no-

2224 3333 2331 3371 vus
2353 3315 2608 3372 Achilles
2633 3319 2889 3372 Joannes
2919 3317 3267 3385 concitatus,
3286 3317 3345 3373 in
3365 3317 3509 3373 iram
3535 3333 3653 3373 non
3674 3319 3869 3373 minus

484 3406 698 3461 fabulis
729 3405 1199 3476 discordim,quzn
1231 3404 1383 3461 inter
1413 3406 1551 3461 deas
1583 3411 1700 3462 tres
1720 3407 1939 3463 malum
1972 3425 2116 3480 praa-
2150 3390 2191 3456 C
2230 3421 2549 3461 memorem
2581 3410 2637 3460 et
2682 3406 2836 3461 exitu
2888 3406 3122 3462 noxiam
3167 3406 3494 3462 excanduit.
3527 3412 3776 3478 Moxque
3806 3411 3870 3462 ut

487 3495 699 3551 stantis
723 3495 920 3548 formae
944 3493 1492 3565 prazmiumjaciens
1519 3495 1737 3565 tragica
1755 3513 1854 3552 eas
1877 3496 2114 3552 aemula-

481 3582 697 3638 latione
727 3582 1025 3637 conmisit.
1061 3583 1155 3637 Sic
1185 3583 1339 3636 enim
1364 3586 1420 3636 et
1446 3599 1600 3638 nunc
1618 3584 1879 3640 foederati
1900 3585 2117 3656 princi-

482 3686 583 3741 pes
614 3669 756 3738 rixa,
791 3669 884 3724 hic
917 3685 1146 3741 quoque
1177 3687 1290 3725 non
1318 3671 1594 3726 dissimili
1632 3689 1700 3728 ex
1749 3691 1927 3731 causa
1957 3679 2114 3740 nata,

479 3757 744 3813 distracti
776 3759 848 3813 ab
879 3757 1128 3813 invicem
1163 3763 1301 3814 sunt
1331 3759 1579 3816 discidio
1615 3764 1864 3819 funesto.

588 3891 674 3946 31.
713 3891 776 3946 Ut
807 3890 1030 3947 Achaiae
1055 3890 1306 3962 princeps
1334 3899 1525 3964 captus
1554 3910 1586 3948 a
1633 3895 1885 3949 Romanis
1915 3896 2006 3950 sit.

549 4005 726 4061 Aiunt
755 4006 910 4061 cnim
943 4007 1226 4078 quosdam
1249 4023 1278 4061 e
1300 4007 1578 4062 comitatu
1600 4009 1889 4081 Principis
1916 4025 2119 4080 proce-

479 4111 594 4160 res,
618 4111 764 4164 quos
783 4093 1128 4150 caballarios
1149 4093 1232 4148 illi
1247 4097 2117 4168 vocant,cupiditatisadjecisse

479 4181 678 4237 oculos
709 4182 766 4236 in
800 4183 966 4237 ducis
994 4182 1238 4238 Joannis
1287 4185 1619 4254 conjugem,
1651 4202 1826 4256 quam
1882 4191 2117 4242 Taronaz

477 4271 662 4326 fuisse
692 4270 872 4324 ﬁliam
896 4270 1176 4337 diximus,
1197 4271 1256 4324 in
1288 4272 1662 4327 manifestam
1696 4274 1802 4328 viri
1835 4276 1962 4343 ejus
1979 4292 2116 4330 con-

478 4358 786 4414 tumeliam
805 4365 857 4412 et
875 4359 1178 4428 praesentis
1199 4364 1598 4430 contemptum
1619 4381 1632 4429 ;
1652 4363 1821 4433 cujus
1843 4362 1942 4418 ille
1963 4364 2115 4419 haud

481 4445 868 4502 dissimulans
887 4445 1139 4502 dolerem
1163 4447 1510 4518 gravissime
1530 4457 1770 4519 questus
1795 4456 1904 4517 est,
1926 4451 2117 4507 mina-

481 4538 580 4589 tus
613 4534 788 4589 etiam
837 4551 1072 4605 gravem
1135 4534 1415 4592 ultionem
1470 4537 1806 4592 auctoribus
1868 4539 2115 4611 injuria},

482 4622 697 4693 quibus
728 4623 798 4676 ad
829 4638 897 4678 ea
927 4623 1174 4693 superbe
1199 4625 1682 4696 responsantibus
1706 4630 1997 4683 certamen
2023 4645 2116 4684 ac-

483 4727 724 4765 censum
739 4715 824 4765 est
844 4715 1157 4782 utrumque
1172 4713 1508 4783 vehemens,
1527 4713 1740 4785 imaque
1760 4713 2116 4786 iguescentes

483 4799 544 4853 in
565 4798 784 4854 bellum
805 4797 1232 4854 internecivum
1255 4801 1796 4872 inﬁammabantur,
1819 4803 1967 4860 mira
1992 4806 2118 4862 bre-

484 4887 572 4942 vis
601 4887 1060 4943 commutatione
1089 4890 1391 4957 momenti,
1416 4891 1594 4962 utqui
1617 4891 1790 4963 paulo
1817 4897 1951 4949 ante
1972 4896 2114 4950 socii

484 4991 855 5031 communem
889 4977 1073 5031 aciem
1106 4981 1308 5031 contra
1337 4977 1535 5035 hostes
1562 4997 1629 5034 ex
1658 4981 1900 5038 adverso
1933 4983 2115 5038 intru-

483 5069 607 5120 ctos
637 5064 990 5130 conflabant,
1026 5080 1087 5119 se
1120 5064 1367 5119 invicem
1399 5065 1595 5122 infesti
1639 5073 1920 5138 peterent.
1953 5073 2117 5127 Tunc

483 5151 806 5223 principem
831 5151 951 5206 haec
975 5156 1308 5207 cernentem
1333 5153 1528 5208 ferunt
1551 5154 1915 5227 indignatum
1936 5161 2120 5231 gravi-

483 5242 569 5292 ter
583 5256 722 5295 suos
736 5239 973 5311 quidem
999 5241 1308 5311 objurgare
1331 5257 1445 5296 non
1471 5243 1845 5315 sustinuisse,
1865 5247 1962 5303 85
1984 5249 2119 5304 duci

481 5332 680 5383 autem
713 5335 776 5384 ut
807 5328 1100 5382 tumultus
1130 5329 1349 5384 auctori
1400 5335 1758 5400 succentem,
1795 5351 1930 5391 eum
1985 5353 2119 5394 con-

477 5416 788 5472 tumeliose
818 5416 1168 5488 appellasse,
1200 5419 1547 5488 exprobrata
1583 5419 1759 5478 etiam
1793 5423 2123 5483 luculenter

483 5518 549 5558 ac
570 5504 764 5574 palam
788 5506 1067 5562 dedecore
1091 5504 1400 5563 natalium.
1419 5509 1563 5577 Cum
1584 5509 1740 5566 enim
1763 5511 1814 5569 is
1835 5513 2120 5587 Nicepho-

484 5607 614 5646 rum
637 5593 952 5650 ostendens
976 5617 1002 5644 ιε
1024 5593 1202 5650 frater
1224 5609 1388 5654 meus
1411 5616 1438 5646 »
1459 5595 1721 5671 dixisset,
1747 5631 1812 5642 -—
1833 5603 2117 5677 «Apage,»

2223 3494 2650 3548 demonstraret
2681 3493 3036 3565 praecipuam
3069 3511 3131 3549 se
3161 3498 3388 3565 partem
3429 3494 3641 3550 harum
3674 3495 3864 3566 cupia-

2225 3597 2355 3636 rum
2385 3597 2533 3650 esse,
2569 3597 2636 3636 ac
2667 3598 3019 3654 quocunque
3051 3583 3393 3639 inclinasset
3441 3599 3639 3639 secum
3690 3583 3868 3640 victo-

2225 3669 2371 3723 riam
2405 3673 2756 3735 tracturum,
2789 3670 2989 3726 missis
3039 3671 3267 3726 arcanis
3317 3674 3492 3726 noctu
3546 3671 3756 3726 litteris
3788 3672 3862 3726 ad

2223 3759 2401 3812 duces
2431 3756 2690 3812 hostium
2723 3758 3017 3828 signiﬁcat
3046 3776 3108 3815 se
3141 3775 3276 3814 cum
3308 3758 3453 3830 ipsis
3486 3759 3627 3829 fore,
3660 3764 3718 3815 et
3749 3759 3863 3814 im-

2224 3850 2422 3917 petum
2453 3861 2587 3900 eum
2619 3845 2744 3900 suis
2779 3847 3067 3902 facturum
3099 3847 3159 3902 in
3189 3846 3493 3903 Italiorum
3539 3847 3864 3902 multitudi-

2225 3949 2358 3988 nem
2379 3931 2648 3988 mollium
2669 3933 3140 4006 imbelliumque,
3161 3933 3211 3990 si
3233 3950 3330 3990 eos
3355 3934 3438 3990 illi
3467 3935 3859 3991 adorirentur.

2223 4023 2383 4078 Cavit
2413 4026 2637 4091 tamen,
2659 4028 2858 4078 exacto
2889 4023 2946 4077 in
2983 4023 3039 4077 id
3072 4025 3143 4079 ab
3167 4023 3680 4094 eisjurejurando,
3712 4023 3859 4096 patri

2224 4127 2333 4164 suo
2362 4110 2619 4180 despotae
2649 4127 2714 4165 ac
2747 4109 2910 4165 fratri
2941 4110 3289 4181 Nicephoro,
3323 4115 3388 4167 ut
3431 4111 3576 4166 salvi
3623 4117 3864 4181 uterque

2222 4197 2564 4268 innoxiique
2595 4197 3048 4254 dimitterentur.
3079 4205 3144 4254 In
3167 4199 3421 4271 reliquos
3454 4199 3651 4268 Italos,
3687 4201 3868 4256 maxi-

2224 4301 2432 4356 meque
2458 4285 2518 4340 in
2547 4285 2763 4341 milites
2791 4285 3104 4357 Principis,
3125 4287 3287 4342 omni
3310 4287 3366 4342 vi
3384 4285 3520 4344 belli
3545 4289 3864 4344 saaviretur.

2225 4373 2327 4429 His
2358 4374 2511 4428 inter
2539 4391 2640 4430 eos
2671 4374 2994 4444 conventis,
3025 4380 3083 4430 et
3121 4375 3354 4431 ﬁrmata
3396 4375 3675 4447 utrinque
3708 4377 3870 4448 jure-

2217 4463 2474 4532 jurando
2505 4463 2618 4518 ﬁde
2648 4479 2752 4533 per
2778 4465 3295 4520 commutationem
3327 4481 3630 4521 sacrorum
3659 4464 3874 4522 amule-

2223 4555 2440 4616 torum,
2474 4555 2638 4606 atrox
2669 4567 2864 4622 pugna
2895 4552 3305 4623 committitur,
3334 4553 3466 4608 hinc
3496 4553 3735 4624 quidem
3767 4559 3871 4609 Ro-

2226 4639 2417 4694 manis
2476 4655 2610 4694 cum
2659 4640 2854 4696 Persis
2897 4645 2955 4695 et
3007 4641 3356 4712 Scytharum
3422 4658 3602 4696 manu
3664 4659 3874 4715 magna

2150 4755 2193 4818 Β
2223 4726 2611 4818 irruentibus,
2644 4728 2943 4818 stantibus
2972 4733 3176 4818 contra
3207 4728 3390 4818 Italis,
3421 4729 3523 4799 qui
3568 4731 3680 4785 sub
3713 4731 3875 4785 Prin-

2225 4815 2353 4887 cipe
2387 4816 2709 4871 merebant.
2737 4816 2882 4874 Nam
2915 4817 3065 4888 patri
3088 4821 3145 4873 et
3175 4817 3339 4873 fratri
3360 4818 3613 4874 Joannes
3632 4835 3873 4890 persua-

2231 4908 2408 4972 serat,
2436 4919 2608 4976 grave
2653 4905 2712 4959 ni
2764 4898 3030 4961 facerent
3066 4905 3394 4977 periculum
3437 4906 3765 4975 intentans,
3812 4912 3878 4963 ut

2227 5009 2340 5048 non
2372 4997 2603 5048 tantum
2636 4993 3001 5050 abstinerent
3043 5011 3261 5066 pugna,
3295 4995 3397 5050 sed
3443 4995 3650 5067 pedem
3700 4997 3873 5052 etiam

2227 5081 2508 5136 referrent
2537 5086 2712 5152 atque
2739 5082 2791 5137 in
2835 5089 3028 5138 tutum
3061 5099 3123 5138 se
3155 5083 3499 5155 reciperent.
3538 5085 3668 5156 Ipse
3699 5101 3873 5157 porro

2226 5185 2260 5223 a
2288 5173 2450 5240 tergo
2483 5169 2658 5226 Italos
2692 5171 2933 5226 adortus
2955 5187 3231 5243 magnam
3253 5187 3456 5227 eorum
3489 5176 3746 5244 stragem
3771 5175 3873 5228 de-

2228 5257 2332 5312 dit.
2366 5258 2517 5312 Tum
2571 5259 2806 5314 demum
2839 5275 2968 5315 sese
3025 5258 3153 5314 Itali
3215 5259 3477 5328 proditos
3522 5265 3872 5326 senserunt;

2229 5345 2421 5416 sparsi
2437 5362 2551 5416 que
2574 5346 2632 5402 in
2648 5346 2842 5418 fugam
2865 5348 3084 5418 passim
3103 5362 3208 5403 nec
3226 5346 3308 5402 sic
3325 5347 3426 5402 86
3442 5347 3772 5420 periculum
3791 5348 3878 5403 fu-

2230 5438 2444 5504 gerunt
2498 5435 2874 5491 circumventi
2918 5454 2952 5491 a
3009 5434 3298 5507 Scythicis
3355 5435 3614 5492 maxime
3670 5436 3874 5508 copiis,

2233 5538 2486 5594 quarum
2517 5523 2886 5581 creberrimis
2919 5524 3128 5581 conﬁxi
3151 5522 3371 5596 jaculis
3395 5525 3700 5592 cadebant,
3721 5523 3815 5580 alii
3840 5540 3874 5580 a

2232 5609 2424 5668 Persis
2485 5611 2888 5685 capiebantur.
2924 5613 3054 5688 Ipse
3101 5612 3172 5670 ad
3223 5617 3548 5670 extremum
3601 5614 3869 5683 Princeps
