4182 6286
347 378 449 432 521

1430 368 1521 419 DE
1558 363 1926 418 MICHABLR
1966 360 2411 417 PALBOLOGO
2446 364 2577 416 LIB.
2622 368 2665 418 Ι.

3644 365 3750 419 522

340 506 458 560 νοῐς
506 500 623 555 τοῖς
685 492 893 552 ὀϊστοῖς
945 487 1367 563 τιτρωσκόμενοι
1427 482 1673 554 ἔπιπτον,
1706 480 1877 537 ἄλλοι
1928 479 1985 533 δὶ
2014 484 2067 550 Α
2100 477 2191 541 δας
2220 481 2435 536 πίπτειν
2473 483 2691 556 βασιλεῖ
2717 505 2775 559 γε
2818 481 2929 541 ὄντι
2988 486 3199 561 τελείῳ.
3230 488 3293 545 Εἰ
3354 485 3410 541 δὲ
3461 486 3742 561 βούλοιτο,

342 592 459 648 τοῖς
493 585 728 659 Πέρσαις
785 577 1103 648 ἡλίσκοντο.
1135 576 1240 631 Καὶ
1295 572 1455 635 τέλος
1506 572 1667 634 αὐτὸς
1696 571 1723 624 6
1755 570 1991 643 πρίγκιψ

346 677 536 747 θάμνῳ
573 654 703 724 ⁷τινὶ
759 662 1050 741 παρεισδὺς
1105 664 1302 727 ἐκεῖθεν
1361 660 1569 737 ἐθάῥρει
1627 659 1833 726 λαθεῖν,
1867 654 1994 711 ἀλλ’

347 764 451 817 οὐκ
505 759 638 828 ἤνυε
688 756 752 810 τὸ
808 754 1057 828 παράπαν
1094 770 1107 783 °
1160 752 1468 812 ἐπιστάντες
1521 750 1625 823 γὰρ
1691 747 1779 801 καὶ
1837 744 1996 799 αὐτὸν

351 852 561 910 ἀκλεῶς
593 848 789 921 ᾕρουν.
822 844 923 897 Καὶ
974 840 1115 915 μέγα
1141 862 1191 895 τι
1250 838 1456 894 ἀκονιτὶ
1504 836 1556 891 ἐν
1612 839 1777 906 στενῷ
1804 832 1997 906 κατόρ-

352 942 515 1010 θωμα
557 920 670 990 τότ’
702 932 1014 1007 ἐπράττετο,
1049 928 1100 983 ἐν
1162 927 1333 1003 ὀλίγῳ
1388 926 1538 997 πόνῳ
1578 920 1765 995 κέρδος
1819 942 1998 976 νεανι-

354 1027 470 1082 κόν.
502 1026 636 1079 Τότε
688 1020 869 1075 τοίνυν
921 1020 987 1072 τὰ
1044 1016 1323 1090 θαυμαστᾶ
1367 1015 1459 1069 καὶ
1504 1011 1715 1087 μεγάλα
1746 1011 1799 1065 οἱ
1840 1029 1997 1084 στρα-

355 1113 524 1188 τηγοὶ
572 1109 987 1183 ἀπενεγκάμενοι
1051 1102 1396 1181 λάφυρα,ἐφ’
1429 1104 1511 1162 οἷς
1569 1099 1658 1155 καὶ
1715 1097 1870 1153 αὐτὸν
1931 1093 1997 1163 δὴ

359 1204 453 1257 τὸν
510 1203 605 1269 τῆς
663 1195 884 1271 Ἀχαΐας
968 1193 1254 1266 πρίγκιπα,
1312 1191 1392 1244 ἐπ’
1450 1186 1714 1254 ἀνατολήν
1792 1185 2002 1255 σύναμα

355 1292 445 1344 καὶ
475 1294 552 1360 τῷ
592 1285 715 1361 περὶ
750 1282 942 1343 αὐτοὺς
975 1279 1330 1355 στρατεύματι
1381 1276 1645 1346 ἤλαυνον,
1677 1273 1999 1349 κατοχυρώ-

358 1396 543 1430 σαντες
594 1376 671 1434 ὡς
728 1372 842 1425 οἷόν
916 1390 972 1422 τε
1028 1368 1290 1442 πρότερον
1342 1367 1429 1419 καὶ
1489 1364 1613 1425 τοὺς
1669 1364 1802 1417 κατᾶ
1850 1361 1996 1416 δύσιν

355 1466 577 1528 τόπους,
657 1460 730 1521 ὡς
803 1458 890 1512 ἐπὶ
973 1455 1228 1510 πλεῖστον
1290 1452 1672 1530 φυλάττοιντο.
1730 1454 1817 1512 Ὠς
1868 1454 1996 1525 γοῦν

350 1551 624 1618 ἐπανῆκον
687 1546 821 1620 μετᾶ
879 1544 1147 1618 λαμπρῶν
1205 1548 1312 1597 τῶν
1362 1540 1659 1616 τροπαίων,
1684 1538 1999 1614 κατειλήφει

354 1640 448 1711 μὲν
512 1638 603 1692 καὶ
663 1634 739 1691 ἔτι
797 1636 824 1689 ὁ
883 1632 1377 1708 Στρατηγόπουλος
1434 1630 1485 1684 ἐν
1517 1627 1878 1683 ἀκαταστασία
1934 1624 2001 1680 τᾶ

350 1726 664 1800 πράγματα,
699 1723 799 1777 οὐκ
828 1721 985 1795 ὀλίγα
1042 1718 1216 1774 δὲκαὶ
1276 1719 1433 1780 αὐτὸς
1491 1722 1570 1789 τῷ
1630 1713 2001 1787 Παλαιολόγῳ

2101 570 2189 622 καὶ
2217 567 2386 645 λύτρα
2417 568 2624 626 διδόναι
2660 574 2791 648 ὑπὲρ
2824 574 2986 629 αὐτοῦ
3034 577 3106 629 ὧν
3166 575 3281 651 ἔχει
3334 575 3402 630 τὰ
3450 573 3745 643 κάλλιστα,

2104 656 2207 711 ’ἀεί
2242 661 2316 729 μή
2346 680 2408 734 γε
2436 660 2536 714 ἀνὰ
2560 668 2750 737 χεῖρας
2794 666 2822 733 ἡ
2877 664 3037 727 πόλις
3096 660 3291 738 ἔκειτο,
3350 664 3447 720 οὐκ
3503 664 3562 720 ἃν
3622 665 3742 735 ἠξί-

2108 767 2246 801 ωντο
2304 753 2422 811 τοῖς
2468 750 2760 822 Ῥωμαίοις
2820 757 2916 807 τοῦ
2977 752 3212 826 μηδενός
3240 773 3252 786 ·
3288 756 3369 828 [Ρ.
3428 757 3520 826 52]
3557 758 3647 807 νῦν
3691 752 3748 822 δι

2106 834 2194 887 καὶ
2242 831 2427 890 λαϐεῖν
2485 837 2733 909 ἀσμένως
2784 840 3051 895 πιστεύειν
3118 842 3206 897 καὶ
3263 840 3492 917 ἔχοντας
3548 843 3748 902 ἱκανῶς

2112 920 2523 995 μεγαλύνεσθαι.
2586 928 2645 984 Ὀ
2730 929 2825 1001 μὶν
2893 929 3120 1004 πρίγκιψ
3200 935 3387 1000 ταῦτα,
3438 929 3601 1001 ἀξιῶν
3657 930 3751 983 καὶ

2110 1008 2307 1073 δοῦλος
2339 1011 2393 1074 ἐς
2453 1015 2531 1068 ἀεὶ
2590 1014 2889 1085 κεκλῆσθαι
2944 1017 3035 1072 καί
3091 1039 3143 1073 τι
3206 1024 3435 1091 σημεῖον
3497 1015 3643 1091 ἔχειν
3696 1016 3757 1072 ἐκ

2114 1097 2388 1171 βασιλείας
2418 1104 2514 1169 τῆς
2547 1100 2795 1167 δουλείας
2852 1102 3130 1178 σύμϐολον
3168 1126 3180 1141 ο
3215 1106 3242 1159 6
3275 1103 3332 1161 δέ
3381 1126 3441 1179 γε
3500 1104 3758 1180 βασιλεὺς

2108 1186 2339 1252 ἀκούσας
2397 1190 2491 1261 μὲν
2549 1192 2638 1244 καὶ
2694 1192 2760 1246 τὰ
2812 1192 2981 1267 λύτρα
3038 1195 3125 1248 καὶ
3163 1191 3408 1270 διαγνοὺς
3435 1194 3593 1247 ἱκανᾶ
3621 1193 3747 1264 (πό-

2110 1274 2223 1338 λεις
2280 1278 2380 1352 γὰρ
2438 1276 2617 1333 ἐδίδου
2671 1279 2761 1334 καὶ
2813 1282 3001 1356 χώρας
3085 1283 3394 1359 ἀπόμοιραν
3451 1283 3642 1336 ἑαυτοῦ
3696 1281 3750 1336 ἐν

2110 1362 2511 1439 Πελοποννήσῳ
2541 1369 2727 1430 ἱκανὰς
2758 1367 2833 1430 εἲς
2880 1368 3194 1433 δεσποτείας
3254 1372 3516 1445 σέμνωμα
3575 1370 3759 1444 μέγαν,

2111 1454 2426 1530 ἀποϐλέψας
2486 1455 2542 1512 δὲ
2597 1461 2684 1512 καὶ
2744 1460 2879 1534 πρὸς
2935 1462 3033 1529 τὴν
3094 1461 3359 1516 εἷσέπειτα
3385 1466 3482 1517 τοῦ
3527 1460 3758 1516 Λατίνου

2111 1544 2382 1615 δουλείαν,
2436 1546 2510 1607 ὡς
2570 1545 2803 1611 ἐντεῦθεν
2861 1548 2949 1603 καὶ
3013 1547 3402 1626 μεγαλύνεσοαι
3456 1549 3582 1609 τοὺς
3625 1551 3759 1605 Ῥω-

2115 1634 2305 1706 μαίους
2358 1633 2446 1688 καί
2503 1656 2566 1710 γε
2623 1632 2940 1710 κερδαίνειν,
2972 1632 3107 1711 ἔγνω
3160 1637 3471 1692 σπείσασθαι
3528 1636 3594 1690 τα
3623 1636 3758 1710 πρὸς

2109 1727 2325 1778 τοῦτον.
2387 1724 2507 1779 Ἐπί
2572 1723 2760 1797 ῥητοῖς
2799 1725 2929 1801 γοῦν
2981 1721 3237 1781 ἐκὸόίλλει
3292 1726 3485 1780 τοῦτόν
3541 1746 3599 1779 τε
3652 1729 3755 1790 τῆς

353 1814 653 1888 συναίρεται
710 1818 811 1879 τῆς
868 1809 1111 1883 ὀρέξεως.
1172 1808 1272 1862 Τὸν
1340 1805 1517 1879 μέντοι
1595 1825 1658 1879 γε
1737 1809 2357 1906 πριγκιπαΒιρυλακῆς
2442 1809 2531 1863 καὶ
2605 1815 2713 1864 τῶν
2792 1812 2925 1889 ἀμφ’
2983 1813 3145 1868 αὐτὸν
3221 1812 3339 1867 ὅσοι
3388 1818 3651 1887 περιῆσαν
3704 1814 3757 1867 έν

468 1905 474 1906 γ
592 1901 602 1906 -
885 1899 894 1906 .
1046 1898 1058 1906 .
1205 1896 1215 1906 .
1371 1900 1396 1906 _
1501 1896 1520 1906 -
1618 1893 1645 1904 ..
1708 1890 1817 1906 ...η
2188 1895 2206 1906 .
2330 1901 2353 1906 _
2638 1898 2653 1906 -
2908 1901 2918 1906 .
3322 1899 3359 1906 --
3495 1902 3505 1906 -
3564 1899 3635 1906 --

355 1905 491 1958 κατᾶ
545 1901 608 1956 τὸ
666 1899 946 1975 παρεστὼς
1007 1898 1100 1969 μὲν
1157 1896 1279 1950 τότε
1333 1900 1399 1969 τῇ
1429 1893 1645 1971 φυλακῇ
1705 1890 1949 1949 ἐδίδοσαν
1984 1911 1994 1922 ·

361 1992 643 2065 μετέπειτα
701 1986 759 2042 δὲ
808 1986 1055 2055 ἁλούσης
1098 1991 1195 2053 τῆς
1246 1982 1460 2045 πόλεως
1504 1983 1597 2053 (ὡς
1630 1982 1688 2035 ἂν
1741 1981 1856 2035 καθ’
1889 1980 1998 2054 εἱρ-

366 2084 461 2153 μὸν
492 2080 581 2134 καὶ
610 2082 777 2133 ταῦτα
809 2076 995 2153 ῥηθείη
1030 2076 1117 2128 καὶ
1154 2074 1229 2146 μή
1260 2073 1321 2127 τὸ
1367 2078 1466 2141 τῆς
1518 2068 1823 2144 διηγήσεως
1873 2090 1997 2122 συνο

364 2169 485 2243 εχὶς
544 2162 916 2231 διακόπτοιτο,
974 2162 1019 2217 εί
1095 2162 1183 2216 καὶ
1241 2161 1514 2230 ξυνέπεσεν
1594 2158 1830 2231 ὕστερον)
1902 2164 1999 2225 τῆς

362 2242 488 2330 γοῦν
546 2256 760 2314 πόλεως
807 2252 1069 2322 ἀλούσης,
1111 2249 1251 2303 ἐτοῖν
1297 2246 1766 2321 παραδραμόντων
1827 2242 1997 2311 δυοῖν,

366 2347 394 2399 6
443 2346 534 2417 μὶν
588 2342 821 2417 πρίγκιψ
866 2341 956 2394 τὸν
1008 2332 1237 2411 σοϐαρὸν
1289 2337 1492 2410 αὺχένα
1539 2334 1724 2396 κλίνας
1771 2337 1850 2404 τῷ
1906 2333 2002 2407 βα-

369 2432 514 2487 σιλεῖ
541 2430 631 2485 καὶ
690 2430 808 2501 ἄρτι
857 2425 1334 2502 πρῶτον-βλέπειν
1385 2423 1587 2477 ἐκεῖνον
1644 2424 1842 2476 ἄνακτα
1869 2423 2005 2473 Ῥω-

374 2520 564 2594 μανίας
597 2514 779 2584 ἔλεγεν
833 2513 1231 2588 ἐπειλημμένον
1291 2514 1365 2575 ὡς
1420 2511 1592 2587 ἐχρῆν
1642 2514 1739 2565 τοῦ
1789 2509 2004 2583 θρόνου,

368 2611 457 2664 καί
492 2628 554 2681 γε
602 2606 785 2660 ἑαυτὸν
830 2604 1025 2667 πείθειν
1084 2599 1571 2663 καθυποκλίνεσοαι
1629 2599 1717 2654 καὶ
1778 2598 1854 2660 εἷς
1908 2597 2008 2651 πό-

371 2790 588 2846 saltum
614 2787 910 2859 ingressus
942 2784 1199 2840 arbustis
1222 2783 1471 2838 densum
1502 2779 1583 2834 ibi
1614 2782 1773 2835 tutas
1803 2795 1866 2834 se
1922 2779 2013 2833 in-

368 2880 680 2932 venturum
711 2874 961 2930 latebras
993 2872 1265 2943 sperabat
1295 2871 1513 2925 frustra
1539 2884 1552 2922 :
1588 2884 1712 2922 ram
1752 2868 2013 2923 detectus

365 2965 613 3037 ingloria
642 2968 846 3035 captus
876 2966 933 3018 et
964 2962 1088 3034 ipse
1116 2965 1224 3017 est.
1285 2964 1489 3029 Magna
1517 2961 1656 3012 tunc
1713 2972 1805 3011 res
1856 2956 2012 3011 brevi

364 3057 660 3109 momento
692 3068 758 3108 ac
780 3049 948 3107 facile
967 3053 1218 3121 peracta,
1234 3046 1542 3117 exiguique
1564 3044 1780 3100 laboris
1805 3044 2013 3115 ingens

2113 1895 2381 1970 φυλακαῖς
2421 1898 3104 1974 προσταλαιπωρούμενοι,
3136 1906 3271 1974 τιμᾷ
3318 1899 3375 1956 δὲ
3422 1902 3511 1956 καὶ
3562 1899 3765 1971 δεξιοῦ-

2108 2006 2193 2039 ται
2224 1990 2342 2046 τοῖς
2373 1984 2659 2057 πρέπουσι,
2682 1986 2771 2040 καὶ
2802 1987 2974 2049 οὕτως
3029 1990 3203 2061 ἑαυτῷ
3263 1989 3557 2044 οἰκειοῦται
3616 1989 3724 2043 ὥστ

2107 2075 2196 2127 καὶ
2254 2070 2526 2149 ἆνὸίδοχον
2579 2074 2738 2129 αὐτὸν
2813 2084 3143 2147 καταστῆσαι
3224 2076 3418 2139 παιδὸς
3502 2076 3642 2132 ἰδίου
3701 2078 3760 2133 ἐκ

2105 2167 2201 2217 τοῦ
2260 2163 2412 2236 ἁγίου
2500 2163 2875 2238 βαπτίσματος
2957 2163 3095 2220 κατᾶ
3172 2187 3292 2220 τινα
3373 2165 3756 2244 πληροφορίαν

2113 2249 2388 2325 μεγίστην.
2452 2251 2741 2315 Συνέθεντό
2792 2274 2849 2308 τε
2908 2255 3042 2327 μετὰ
3114 2258 3280 2308 ταῦτα
3355 2253 3483 2316 τοὺς
3554 2253 3750 2328 ὅρκους

2112 2336 2396 2412 φρικτοὺς,
2453 2339 2527 2400 ὡς
2607 2340 2824 2413 Λέγουσί
2904 2362 3065 2408 τινες,
3124 2340 3263 2396 ὥστε
3318 2342 3405 2396 καὶ
3464 2341 3757 2419 φρύκτωρα

2112 2424 2412 2497 ἀνάψαντας
2447 2426 2557 2497 ἅμα
2603 2430 2719 2487 τοῖς
2775 2425 3050 2502 λεχθεῖσιν
3097 2428 3173 2491 εἲς
3230 2429 3423 2504 ὅρκους
3478 2430 3567 2485 καὶ
3628 2430 3757 2505 ἀρὰς

2112 2514 2206 2572 τὰς
2255 2511 2731 2585 παλαμναιοτᾶτας
2783 2510 2976 2585 σϐῆναι
3034 2524 3282 2588 ποιῆσαι,
3327 2518 3355 2571 ’ὁ
3414 2515 3480 2585 δὴ
3537 2519 3626 2573 καὶ
3684 2518 3761 2581 είς

2120 2596 2352 2674 ἀσφαλὲς
2404 2605 2523 2663 τοῖς
2582 2599 2810 2664 Ἰταλοῖς
2855 2605 2962 2660 τῶν
3005 2606 3130 2679 παρ’
3164 2604 3386 2667 ἐκείνοις
3440 2605 3760 2682 ἀφορισμῶν

2122 2796 2189 2835 ea
2209 2780 2455 2836 libenter
2484 2797 2818 2853 accepuros,
2852 2786 3071 2839 etcum
3112 2784 3446 2852 habuerint,
3497 2801 3611 2840 non
3661 2801 3763 2857 pa-

2123 2884 2252 2923 rum
2284 2869 2419 2925 inde
2450 2870 2698 2926 crevisse
2728 2887 2896 2927 suam
2926 2873 3394 2944 magnitudinem
3456 2889 3756 2930 sensuros.

2121 2958 2386 3013 Addebat
2414 2975 2527 3014 non
2562 2975 2831 3015 recusare
2855 2976 2938 3028 se,
2971 2960 3110 3031 quin
3142 2960 3316 3016 etiam
3348 2960 3501 3017 ultro
3527 2976 3759 3032 cupere,

2125 3046 2337 3116 subjici
2370 3046 2726 3119 imperatori,
2751 3052 2809 3103 et
2829 3046 3112 3104 clientela
3152 3064 3299 3105 nexu
3347 3053 3637 3122 perpetua
3699 3067 3760 3106 se

362 3159 467 3198 nec
524 3140 923 3212 prudentibus
974 3136 1265 3210 sperabile
1303 3134 1553 3205 pretium
1585 3132 1866 3188 constitit.
1889 3132 2010 3188 Sub
2042 3150 2084 3218 α
2126 3151 2418 3206 suumque
2448 3134 2841 3207 principatum
2871 3137 2922 3192 ei
2954 3136 3210 3210 obligare
3242 3158 3257 3207 ;
3293 3137 3546 3208 velleque
3579 3138 3758 3209 hujus

363 3232 482 3287 hac
514 3228 765 3285 Romani
797 3229 977 3283 duces
1008 3223 1338 3281 incredibili
1369 3221 1691 3294 spoliorum
1722 3222 1775 3276 vi
1817 3220 2009 3291 ditati,

366 3319 653 3390 captivum
690 3316 920 3371 Achaia
952 3312 1275 3386 principem
1302 3302 1581 3366 ducentes
1604 3325 1733 3364 cum
1756 3308 2011 3365 exercitu

368 3407 429 3462 in
461 3406 756 3462 Orientem
790 3407 1173 3469 reverterunt,
1219 3398 1466 3455 munitis
1515 3397 1679 3470 prius
1727 3401 2013 3468 quantum

374 3496 460 3550 fas
491 3495 598 3550 iuit
630 3498 687 3549 et
718 3508 959 3548 necesse
988 3490 1179 3545 visum
1211 3492 1319 3555 est,
1372 3491 1438 3543 ut
1466 3503 1641 3558 quam
1684 3484 2017 3541 diutissime

386 3601 583 3641 secure
608 3586 971 3649 tenerentur,
1004 3578 1242 3635 Occidui
1273 3577 1476 3632 limitis
1506 3576 1669 3633 locis.
1698 3575 1897 3630 Redux
1920 3590 2018 3629 au-

381 3677 495 3728 tem
529 3672 780 3745 postilla
798 3668 1107 3742 splendida
1135 3674 1353 3737 tropaa
1399 3663 1843 3737 Strategopulus
1883 3678 2016 3717 cum

382 3761 556 3818 sociis
587 3778 681 3817 res
711 3759 1171 3829 haudquaquam
1202 3754 1393 3811 adhuc
1417 3753 1472 3808 in
1506 3752 1640 3808 aula
1672 3751 1899 3823 quietas
1930 3766 2020 3807 re-

374 3851 544 3922 perit,
572 3867 639 3905 ac
662 3848 1025 3921 perstudiose
1054 3843 1375 3914 Palaologo
1408 3843 1607 3897 favens
1638 3840 1890 3895 multum
1947 3840 2016 3893 ad

382 3941 510 4009 ejus
541 3943 813 3994 votorum
845 3936 1116 3992 effectum
1151 3930 1418 3989 contulit.
1460 3932 1530 3984 At
1561 3929 1883 4000 principem
1918 3944 2016 3983 cu-

387 4027 587 4083 stodia
618 4032 745 4082 tum
776 4025 1011 4096 quidem
1042 4021 1433 4078 tradiderunt.
1467 4018 1672 4073 Postea
1700 4032 1832 4073 vero
1851 4020 2021 4087 capta

380 4115 611 4172 civitate
640 4115 757 4186 (hic
787 4114 944 4169 enim
976 4113 1145 4183 juvat
1174 4125 1267 4165 res
1317 4106 1599 4179 principis
1626 4104 1855 4161 Achaia
1905 4120 2022 4159 una

379 4203 554 4260 simul
585 4204 734 4259 serie
792 4202 1005 4271 dicere,
1036 4215 1108 4255 ne
1139 4199 1189 4255 si
1222 4198 1345 4254 suis
1406 4195 1664 4267 quidque
1729 4193 2020 4265 posterius

380 4296 612 4364 gestum
646 4290 1008 4362 temporibus
1040 4290 1321 4353 servetur,
1366 4283 1736 4340 incommode
1776 4282 2021 4353 abrupta

381 4381 506 4436 hiet
535 4380 814 4450 narratio)
834 4377 1088 4449 quando,
1123 4375 1385 4446 inquam,
1416 4373 1556 4429 urbs
1588 4369 1910 4427 aRomanis
1940 4385 2024 4424 re-

380 4474 548 4541 cepta
604 4472 715 4535 est,
747 4466 918 4523 annis
967 4469 1097 4537 post
1148 4463 1268 4518 hac
1299 4462 1547 4527 duobus,
1601 4459 1757 4516 ﬂexit
1784 4458 2022 4513 tandem

384 4558 696 4629 superbam
729 4555 1012 4611 cervicem
1048 4568 1115 4607 ea
1163 4566 1405 4607 suorum
1462 4548 1802 4605 Latinorum
1860 4545 2024 4601 clade

382 4647 598 4701 fractus
632 4644 870 4700 animus
922 4640 1225 4714 principis,
1258 4647 1312 4695 et
1338 4644 1476 4694 tunc
1529 4637 1784 4709 primum
1844 4650 2021 4707 agno-

384 4750 542 4790 scere
568 4733 679 4789 sibi
712 4732 867 4788 visus
900 4732 961 4786 in
993 4727 1271 4785 Michaele
1298 4742 1495 4783 veram
1510 4724 1763 4795 speciem
1800 4740 1865 4779 ac
1899 4739 2021 4778 ma-

378 4823 653 4892 jestatem
728 4818 1121 4892 imperatoris,
1166 4833 1297 4872 curn
1348 4813 1645 4870 Romania
1700 4812 2024 4883 principem

390 4909 554 4979 dixit,
592 4910 863 4965 eumdem
898 4906 1194 4979 professus
1226 4908 1315 4959 est
1347 4902 1455 4957 rite
1484 4917 1549 4956 ac
1580 4900 1836 4971 legitime
1868 4899 2032 4954 thro-

389 5015 533 5054 num
565 5012 903 5069 occupasse.
937 4993 1194 5064 Denique
1218 4989 1529 5047 afﬁrmavit
1558 4987 1753 5057 sejam
1791 4987 2031 5042 minime

390 5085 796 5141 dubitaturum
819 5083 1121 5155 procidere
1154 5081 1224 5136 ad
1246 5080 1420 5151 pedes
1446 5075 1775 5148 ejus,eique
1798 5092 1858 5131 se
1890 5075 2032 5131 sub-

384 5175 567 5244 jicere
597 5175 845 5243 utjusto
876 5169 1237 5242 imperatori,
1286 5169 1344 5222 in
1376 5183 1490 5238 quo
1520 5164 1766 5235 Augusti
1816 5162 2034 5233 fastigii

392 5267 581 5318 totum
604 5262 788 5317 instar
817 5263 991 5316 esset.
1022 5258 1114 5313 87
1150 5258 1427 5312 Praeterea
1459 5255 1509 5310 si
1535 5250 1770 5308 tractari
1818 5251 1889 5306 de
1928 5267 2037 5306 sua

396 5350 740 5406 liberatione
800 5347 994 5417 vellet,
1053 5345 1241 5418 pretia
1287 5343 1574 5399 libertatis
1614 5340 1664 5395 ei
1705 5338 2032 5395 soluturum

403 5454 530 5508 qua
562 5439 795 5494 haberet
824 5436 1065 5508 optima.
1104 5436 1233 5489 Hac
1268 5438 1563 5504 utcunque
1594 5429 1861 5499 Romani,
1930 5446 2035 5485 an-

404 5533 641 5598 tequam
672 5526 876 5583 urbem
908 5525 967 5578 in
1024 5523 1296 5579 manibus
1346 5522 1628 5576 haberent
1667 5520 2038 5573 contemnere

408 5615 552 5670 forte
584 5615 929 5686 potuissent,
964 5629 1115 5667 nunc
1150 5616 1346 5665 tamen
1378 5609 1666 5665 conﬁdere
1718 5619 1779 5661 se
1828 5613 1879 5661 et
1910 5605 2040 5662 illos

723 5731 979 5789 PATROL.
1029 5726 1135 5786 GR.
1183 5723 1435 5785 CXLIII.

2123 3224 2503 3294 subjectionis
2534 3225 2768 3297 signum
2792 3244 2857 3282 ac
2887 3227 3221 3300 symbolum
3261 3244 3489 3285 sumere
3521 3227 3760 3284 titulum

2124 3311 2297 3366 ofﬁcii
2317 3312 2388 3367 ab
2418 3328 2484 3368 eo
2524 3313 2803 3384 impositi.
2828 3314 2930 3370 His
2951 3314 3269 3387 imperator
3289 3316 3526 3383 auditis,
3560 3320 3617 3372 et
3638 3333 3766 3387 pro-

2123 3400 2256 3455 bat:
2282 3400 2464 3471 pretio
2495 3418 2687 3457 rerum
2719 3402 2779 3457 in
2808 3404 3268 3475 redemptionem
3289 3405 3581 3461 libertatis
3607 3404 3763 3461 obla-

2124 3492 2317 3542 tarum
2350 3504 2381 3541 a
2414 3488 2675 3559 principe
2704 3492 2894 3559 (erant
2923 3490 3008 3546 ha
3030 3491 3208 3548 urbes
3237 3496 3294 3547 et
3323 3492 3612 3565 regiones,
3633 3509 3765 3564 pars

2126 3588 2239 3627 non
2271 3573 2500 3628 modica
2519 3574 2880 3645 principatus
2909 3576 3038 3647 eius
3057 3576 3115 3632 in
3138 3577 3556 3649 Peloponneso,
3581 3596 3767 3649 quan-

2125 3666 2246 3718 tam
2279 3662 2379 3733 qui
2413 3664 2739 3733 possideret
2769 3666 2976 3722 merito
3000 3668 3147 3723 ferre
3177 3666 3414 3724 titulum
3470 3685 3537 3725 ac
3588 3668 3767 3724 susti-

2127 3766 2264 3807 nere
2293 3750 2634 3823 dignitatern
2665 3753 2920 3825 despota
2944 3756 3185 3827 posset),
3213 3757 3393 3813 simul
3422 3757 3598 3813 etiam
3630 3773 3768 3813 con-

2126 3841 2381 3896 siderato
2412 3856 2585 3912 quem
2618 3840 2881 3912 amplum
2915 3843 2998 3898 illi
3029 3850 3182 3901 esset
3199 3850 3429 3901 tantum
3462 3845 3766 3901 interLati-

2128 3945 2233 3984 nos
2264 3930 2569 4001 dynastam
2605 3928 2873 3986 clientem
2902 3931 2961 3987 in
2995 3937 3290 4003 posterum
3339 3951 3405 3989 ac
3463 3933 3765 3990 subditum

2128 4016 2363 4087 habere,
2397 4018 2552 4073 unde
2581 4022 2639 4073 et
2670 4019 2848 4075 decus
2879 4020 3154 4076 Romana
3188 4021 3268 4076 rei
3300 4026 3358 4078 et
3388 4021 3617 4078 lucrum
3669 4039 3766 4078 ac-

2129 4110 2433 4175 cresceret,
2467 4105 2755 4177 optimum
2790 4109 2942 4163 tactu
2985 4109 3279 4179 judicavit
3324 4110 3584 4182 accipere
3638 4127 3769 4182 qua

2130 4193 2542 4261 offerebantur,
2574 4198 2631 4249 et
2662 4195 2850 4252 foedus
2873 4197 3125 4253 ostensis
3140 4198 3575 4254 conditionibus
3597 4199 3768 4255 icere.

2130 4279 2323 4336 Paetis
2354 4280 2536 4353 igitur
2566 4284 2892 4340 secundum
2924 4285 3079 4341 dicta
3108 4283 3296 4353 initis,
3324 4285 3521 4342 educit
3551 4285 3773 4358 princi-

2131 4383 2263 4439 pem
2303 4384 2332 4423 e
2363 4386 2613 4438 carcere,
2646 4375 2703 4427 et
2753 4377 3040 4445 quotquot
3082 4389 3152 4429 ex
3207 4374 3335 4445 ejus
3388 4372 3776 4430 familiaribus

2140 4459 2519 4530 susperstites
2550 4463 2691 4515 sunt
2711 4462 2961 4533 reperti:
2996 4477 3131 4517 nam
3191 4462 3422 4534 aliquos
3482 4461 3773 4520 diuturna

2132 4546 2409 4602 custodia
2426 4547 2673 4603 miseriae
2688 4549 3597 4622 absumpserant.Honoravitque
3611 4550 3778 4607 illum

2132 4640 2191 4690 et
2221 4635 2525 4707 splendide
2556 4636 2848 4705 tractavit,
2876 4642 2941 4693 ut
2971 4638 3248 4695 decebat:
3283 4642 3630 4711 tantumque
3666 4638 3780 4695 sibi

2134 4724 2409 4790 admovit,
2438 4728 2503 4779 ut
2528 4724 2744 4796 suscipi
2789 4725 2860 4781 ab
2888 4741 2952 4782 eo
2975 4742 3043 4781 ex
3073 4742 3239 4783 sacro
3268 4726 3619 4799 baptismate
3648 4744 3782 4799 pro-

2136 4812 2329 4885 prium
2356 4812 2564 4868 Filium
2596 4812 2767 4868 vellet
2796 4813 2856 4868 in
2884 4814 3118 4886 signum
3151 4820 3209 4871 et
3258 4815 3471 4888 pignus
3530 4816 3782 4873 certissi-

2152 4917 2316 4955 mum
2349 4900 2736 4956 reconciliata
2763 4902 2878 4958 fide
2930 4903 3155 4975 optima
3195 4905 3414 4975 gratia.
3474 4904 3781 4961 Celebrata

2141 4989 2347 5045 deinde
2377 4989 2683 5044 conventio
2714 4994 2803 5045 est
2832 4992 3782 5063 mutuojurejurando,horrificis

2142 5079 2342 5145 etiam,
2375 5080 2440 5131 ut
2469 5077 2654 5146 aiunt,
2683 5079 2963 5152 utrinque
2994 5080 3220 5136 sancito
3249 5080 3461 5136 ritibus
3485 5097 3499 5135 :
3533 5096 3662 5136 nam
3691 5082 3785 5136 fu-

2145 5165 2274 5222 nale
2304 5182 2615 5224 accensum
2649 5171 3043 5241 praeferentes,
3078 5170 3176 5226 ubi
3205 5186 3376 5227 suum
3408 5170 3660 5241 quisque
3689 5186 3788 5225 ca-

2146 5259 2270 5326 put,
2303 5255 2352 5310 si
2385 5273 2418 5311 a
2438 5260 2607 5327 pacto
2635 5258 3069 5326 resilirct,diris
3097 5275 3272 5330 quam
3305 5260 3559 5314 maxime
3590 5257 3791 5313 formi-

2146 5343 2365 5399 dolosis
2403 5346 2813 5416 devovit,illud
2846 5347 3285 5414 exstinxerunt;
3319 5345 3650 5417 cujusmodi
3682 5363 3789 5401 ca-

2148 5433 2407 5489 remonia
2423 5438 2632 5504 putant
2662 5436 3299 5492 Italiexsecrationibus
3315 5452 3417 5491 seu
3458 5450 3792 5491 excommu-

2149 5520 2544 5578 nicationibus
2563 5540 2720 5579 more
2740 5525 3000 5597 ipsorum
3025 5524 3123 5579 88
3148 5525 3207 5578 in
3241 5522 3795 5595 quospiamintortis

2151 5609 2549 5668 efficacitatem
2566 5612 2969 5669 etﬁrmitatem
3005 5612 3243 5685 adjungi
3276 5611 3795 5668 maximam.Porro

3395 5731 3467 5788 17
