4154 6286
436 314 542 370 523

1729 316 2025 373 GEORGII
2066 318 2522 379 PACHYMERIE

3707 320 3814 375 524

431 435 691 493 τελεῖται.
724 441 889 494 Ἦσαν
952 433 1007 490 δὲ
1065 457 1239 513 σφισιν
1296 438 1349 491 αἱ
1408 438 1695 510 συνθεσίαι,
1730 439 1763 509 ἦ
1810 440 1916 513 μὴν
1974 438 2063 493 τὸν
2096 443 2149 511 Α
2184 440 2465 513 μετ’ἐπειτα
2492 451 2735 521 συνεχεῖς
2764 447 2853 502 καὶ
2888 445 3113 522 μεγάλοι
3148 446 3291 523 σφίσι
3351 447 3437 501 καὶ
3490 444 3819 518 ἀμφοτέροις

439 527 531 597 μὲν
590 525 861 602 πρίγκιπα
917 525 1211 597 Ῥωμαίοις
1291 523 1471 581 δοῦναι
1550 527 1637 582 καὶ
1732 526 1946 601 βασιλεῖ
2021 525 2071 598 ἐξ

435 614 604 684 αὐτῆς
683 618 973 688 κατασχεῖν
1046 613 1118 675 εἷς
1202 611 1511 671 δεσποτείαν
1592 615 1937 694 ἀναφαίρετον
2009 617 2077 670 τὰ

436 705 572 759 κατὰ
631 702 1043 774 Πελοπόννησον
1128 706 1315 775 ταῦτα,
1372 698 1779 776 Μονεμϐασίαν,
1838 702 2077 776 Μαίνην,

440 793 695 868 Ἰεράκιον
780 793 1065 865 Μυζηορᾶν
1126 790 1436 863 ιἈνάπλιον
1510 790 1566 845 δὲ
1632 793 1722 847 καὶ
1781 797 1977 869 ’Ἄργος
2025 793 2074 846 ἐν

439 874 775 956 ἀμφιϐόλοις
832 876 1017 952 ἐτίθει)
1062 880 1148 934 καὶ
1206 880 1319 953 ἅμα
1376 886 1477 935 πᾶν
1530 880 1591 934 τὸ
1649 881 1769 957 περὶ
1820 882 1917 950 τὴν
1952 883 2077 939 Κιν-

441 969 659 1043 στὲρναν
693 967 831 1043 θὲμα
867 965 1012 1021 πολύ
1042 988 1101 1044 γε
1130 967 1185 1023 ’ὃν
1218 970 1278 1022 τὸ
1314 973 1488 1043 μῆκος
1520 968 1608 1024 καὶ
1638 966 1872 1030 πολλοῖς
1918 969 2077 1045 βρύον

441 1062 559 1121 τοῖς
614 1058 859 1134 ἀγαθοῖς,
890 1058 979 1113 καί
1038 1077 1099 1130 γε
1156 1056 1313 1113 αὐτὸν
1365 1056 1414 1120 ἐς
1445 1057 1525 1111 ἀεὶ
1560 1055 1753 1113 δοῦλον
1787 1056 2080 1127 κεκλῆσθαι

444 1146 725 1219 Ῥωμαίων
808 1144 896 1201 καὶ
975 1145 1265 1221 βασιλέως,
1337 1147 1426 1201 καὶ

446 1236 521 1298 εἷς
572 1234 818 1296 δουλείας
879 1240 1105 1309 σημεῖον
1158 1236 1587 1312 ἀποφερόμενον,
1619 1237 1708 1291 τὸν
1762 1234 1816 1289 δὲ
1872 1257 1932 1311 γε
1990 1238 2082 1309 βα-

447 1322 601 1379 σιλέα
658 1320 985 1400 σεμνύναντα
1013 1327 1207 1378 τοῦτον
1251 1328 1329 1396 τῷ
1379 1328 1478 1378 τοῦ
1534 1324 1772 1401 μεγάλου
1822 1324 2086 1397 ἀξιώματι

448 1407 773 1485 δομεστίκου
829 1412 963 1484 μετᾶ
1034 1418 1205 1485 τιμῆς
1282 1409 1603 1466 ἀποστεῖλαι
1689 1411 1897 1485 σύναμα
1972 1416 2088 1485 τοῖς

446 1502 535 1578 ἀφ’
593 1499 775 1573 αὐτὸν,
832 1498 949 1554 ὅσοι
1016 1500 1105 1555 καὶ
1163 1499 1438 1575 περιόντες
1499 1502 1656 1569 ἦσαν,
1717 1500 1811 1555 Καὶ
1873 1498 1938 1569 δὴ
2001 1483 2087 1555 Eni

446 1588 662 1650 τούτοις
693 1588 992 1665 γεγονότων
1022 1586 1265 1643 σπονδῶν
1317 1590 1477 1643 αὐτὸν
1532 1589 1624 1662 μὲν
1668 1587 1964 1644 ἀπέστελλε
1996 1588 2086 1644 σὺν

448 1683 634 1752 τιμαῖς
668 1675 1018 1754 πρεπούσαις,
1051 1676 1180 1740 τοὺς
1214 1674 1270 1730 δὲ
1299 1697 1357 1754 γε
1406 1675 1749 1752 ληψομένους
1804 1678 1870 1731 τὰ
1923 1676 2092 1751 λύτρα

1514 1145 1765 1223 ὀφφίκιον
1845 1146 2079 1210 ἐντεῦθεν

2179 528 2508 607 ἀνερρώγασι
2542 533 2800 607 πόλεμοι.
2837 536 2929 590 Καὶ
2962 535 3127 591 ταῦτα
3179 536 3272 607 μὲν
3324 532 3611 608 ἐπράττετο
3666 530 3819 605 τῇδε.

2184 697 2289 774 λβ’.
2350 704 2533 765 Ὅπως
2593 705 2619 759 ὁ
2681 702 2915 795 Μιχαὴλ
2967 702 3263 795 νδνεσπότης
3330 707 3449 774 νικᾷ
3524 701 3825 774 Ῥωμαίους

2726 776 2813 830 καὶ
2849 777 2987 853 αἱρεῖ
3018 776 3280 852 Καίσαρα.

2256 889 2315 945 Ὀ
2352 889 2534 959 μέντοι
2570 888 2833 961 δεσπότης
2862 892 3092 965 Μιχαὴλ
3124 895 3215 947 νῦν
3252 892 3347 963 μὶν
3399 890 3488 945 καὶ
3540 889 3646 945 ἀπὸ
3703 889 3832 945 τού-

2186 996 2292 1029 των
2344 976 2629 1041 κολουθεὶς
2684 986 2784 1047 τῆς
2832 976 3110 1053 δυνάμεως
3161 978 3413 1051 (πλείστῃ
3471 978 3570 1054 γὰρ
3629 978 3832 1051 ἐχρᾶτο

2187 1065 2275 1119 καὶ
2327 1065 2472 1139 παρὰ
2517 1070 2614 1121 τοῦ
2662 1074 2760 1135 τῆς
2788 1066 3015 1142 Ἀχαΐας
3045 1069 3341 1141 πρίγκιπος
3373 1071 3441 1140 τῇ
3494 1066 3832 1139 συμμαχίᾳ),

2191 1148 2267 1206 ἔτι
2323 1149 2379 1207 δὲ
2432 1156 2523 1209 καὶ
2575 1157 2721 1227 παρά
2775 1160 2882 1210 τῶν
2917 1157 3051 1232 ἀμφὶ
3085 1156 3178 1209 τὸν
3208 1156 3330 1211 τότε
3359 1150 3835 1228 σεϐαστοκράτορα

2193 1240 2450 1310 Ἰωάννην
2498 1243 2587 1296 τὸν
2646 1241 3028 1315 Παλαιολόγον
3091 1245 3202 1314 μεθ’
3253 1242 3472 1317 ὕστερον
3524 1243 3591 1297 τὰ
3646 1241 3837 1297 πολλὰ

2191 1330 2480 1400 κακωθεὶς,
2513 1330 2585 1391 ὡς
2617 1330 2707 1385 καὶ
2752 1330 2803 1385 ἐν
2852 1335 3019 1404 στενῷ
3077 1337 3402 1399 καταστῆναι
3451 1331 3677 1402 πάμπαν
3728 1332 3835 1383 τῶν

2192 1437 2249 1472 τε
2293 1422 2492 1491 χωρῶν
2542 1417 2631 1473 καὶ
2687 1418 2886 1488 ταύτης
2940 1425 3039 1487 τῆς
3093 1425 3485 1493 στρατιωτικῆς
3542 1415 3838 1490 δυνάμεως,

2194 1505 2411 1578 πεμψας
2458 1505 2590 1577 πρὸς
2638 1507 2828 1583 Μαρφὶ
2873 1506 2963 1561 τὸν
3013 1514 3111 1575 τῆς
3162 1507 3402 1569 Πουλίας
3451 1506 3591 1581 ῥῆγα
3646 1505 3732 1560 καί
3788 1506 3839 1579 γ’

2198 1590 2283 1646 ἐπὶ
2339 1594 2556 1666 θυγατρὶ
2618 1589 2862 1666 γαμϐρὸν
2923 1594 3246 1662 ἑαυτοῦ,καὶ
3303 1593 3565 1663 πλείστην
3624 1614 3842 1665 συμμαο

2200 1677 2322 1751 χίαν
2359 1672 2562 1750 λαϐὼν,
2594 1678 2931 1753 παραδίδωσι
2962 1682 3058 1744 τὰς
3088 1678 3340 1753 δυνάμεις
3395 1683 3475 1753 τῷ
3523 1682 3624 1752 υἱῷ
3680 1680 3841 1735 αὐτοῦ

450 1766 914 1843 προσεπεπόμφει.
948 1766 1053 1822 Καί
1100 1788 1159 1842 γε
1203 1767 1230 1819 ὁ
1284 1765 1512 1841 πρίγκιψ
1561 1767 1627 1822 τὰ
1676 1763 1788 1821 ἴδια
1816 1766 2091 1838 κατελάμ·
2124 1800 2170 1866 Β
2202 1766 2498 1841 Νικηφὸρῳ
2543 1767 2942 1841 συμπράττοντι
3002 1769 3248 1840 κάκείνῳ,
3284 1770 3344 1833 ’ὀς
3400 1770 3490 1825 καὶ
3548 1764 3840 1840 συμϐαλὼν

452 1852 595 1927 ϐανε,
628 1856 854 1933 πρίγκιψ
911 1853 1145 1931 Ἀχαίας
1200 1856 1286 1909 καὶ
1352 1856 1518 1929 μέγας
1578 1852 1896 1929 δομὲστικος
1954 1857 2092 1913 Ῥω-

454 1945 643 2018 μανίας
724 1943 1217 2022 ἐπιφημιζόμενος,
1292 1943 1380 1998 καὶ
1464 1944 1577 2017 ἅμα
1648 1942 1728 2016 τῷ
1814 1944 2096 2013 ἐπιστῆναι

454 2032 621 2109 μηδὲν
654 2032 936 2109 μελλήσας
966 2029 1222 2087 ἀπεδίδου
1248 2031 1313 2086 τὰ
1370 2031 1543 2108 λύτρα
1594 2032 1665 2093 ὼς
1722 2033 2099 2108 προϋπέσχετο

448 2124 560 2179 Κᾶν
617 2122 852 2196 ἐνέμεινε
908 2121 994 2175 κσὶ
1052 2120 1105 2184 ἐς
1156 2120 1314 2183 τέλος
1372 2118 1677 2184 ἐνσπόνδως
1747 2117 1891 2197 ἔχων
1965 2122 2100 2195 πρὸς

450 2211 756 2286 Ῥωμαίους
816 2214 894 2282 τῷ
949 2217 1049 2281 τῆς
1098 2208 1375 2283 Ῥωμαίος
1433 2206 1791 2282 κλεϊζόμενος
1840 2208 2100 2286 ὀφφικίῳ,

453 2300 497 2356 εἶ
534 2302 609 2375 μή
666 2320 725 2376 γε
757 2300 784 2353 ὁ
814 2301 1036 2362 πάππας
1093 2298 1346 2366 ἀκούσας,
1380 2297 1728 2374 παροξυνθεὶς
1786 2299 1872 2352 καὶ
1933 2302 2099 2352 ταῦτα

458 2390 594 2466 πρὸς
651 2392 746 2444 τοῦ
795 2386 980 2465 ῥηγὸς,
1013 2388 1102 2443 καὶ
1161 2387 1324 2442 αὐτοῦ
1382 2407 1441 2461 γε
1497 2384 1948 2461 προσδραμόντος
2006 2386 2097 2441 καὶ

456 2475 823 2540 ἱκετεύσαντος
851 2475 936 2553 (οὐ
993 2476 1096 2553 γὰρ
1152 2474 1228 2537 εἷς
1287 2480 1532 2531 συνοῖσον
1583 2471 1756 2530 ἐδόκει
1790 2476 1840 2529 οἱ
1889 2474 1949 2528 τὸ
2010 2471 2099 2527 διὰ

451 2566 644 2632 τέλους
704 2563 1016 2632 σπένδεσθαι
1075 2566 1209 2641 πρὸς
1261 2562 1610 2637 Ῥωμαίους),
1666 2562 1759 2625 τὰς
1830 2566 2096 2632 συνθήκας

454 2655 652 2717 ἐκείνας
711 2658 790 2729 [Ρ.
823 2657 912 2727 53]
975 2651 1154 2707 διέλυε
1204 2652 1294 2706 καὶ
1352 2652 1479 2713 τοὺς
1528 2650 1727 2725 ὅρκους
1785 2651 1908 2725 παρ’
1941 2648 2094 2704 οὐδὲν

452 2745 615 2811 ἐτίθει
674 2746 747 2806 ὡς
801 2743 852 2799 ἐν
900 2741 1116 2822 φυλακῇ
1165 2741 1255 2796 καὶ
1306 2740 1563 2820 ἀφύκτοις
1607 2738 1848 2815 δεσμοῖς,
1880 2740 1969 2796 καὶ
2013 2741 2088 2811 μὴ

449 2833 728 2905 ἑκουσίως,
782 2832 855 2896 ὡς
915 2830 1083 2908 ἐχρῆν
1136 2828 1491 2907 πράττοντος.
1544 2830 1699 2895 Ὀθεν
1753 2829 1838 2884 καὶ
1901 2828 1975 2890 εἷς
2028 2828 2089 2883 τὸ

452 3018 905 3077 conventionum
937 3018 1091 3075 inter
1112 3032 1209 3073 eos
1237 3016 1483 3073 istarum
1507 3013 1697 3085 capita
1737 3014 1858 3069 haec
1902 3017 2090 3080 erant,

2204 1855 2325 1928 περὶ
2355 1856 2453 1922 τὴν
2481 1855 2819 1931 Τρικόρφυον
2846 1863 2963 1919 τοῖς
2993 1858 3132 1932 ἀμφὶ
3154 1858 3245 1912 τὸν
3274 1856 3631 1932 Καίσαρα,καὶ
3657 1859 3842 1932 μάχην

2211 1940 2469 2016 συρράξας
2495 1940 2985 2013 δεινὴν,πλείστους
3016 1966 3074 2001 τε
3094 1950 3271 2001 πεσεῖν
3304 1950 3411 2002 τῶν
3444 1944 3682 2002 Νικαέων
3709 1965 3845 2019 παρ-

2214 2031 2479 2099 εσκεύασε,
2512 2029 2798 2093 πλείστους
2828 2053 2886 2086 τε
2910 2032 2998 2087 καὶ
3026 2032 3230 2096 ἄλλους
3278 2034 3368 2096 οὓς
3422 2035 3515 2106 μὶν
3566 2033 3846 2111 φονεύσας,

2213 2118 2303 2181 οὓς
2337 2116 2392 2174 δὲ
2418 2120 2692 2195 περισχὼν
2716 2121 2805 2175 καὶ
2837 2120 2995 2177 αὐτὸν
3030 2122 3171 2194 αἱρεῖ
3196 2122 3461 2195 Καίσαρα.
3501 2124 3588 2183 Ὠς
3622 2120 3667 2176 δ’
3696 2122 3847 2184 αὖθις

2213 2204 2455 2263 σπονδῶν
2506 2210 2813 2282 γενομένων
2872 2208 3082 2281 ἐλύετο,
3111 2212 3233 2265 τότε
3294 2214 3388 2283 μὶν
3436 2212 3504 2267 τὰ
3561 2212 3694 2267 κατὰ
3748 2212 3850 2278 τήν

2208 2296 2370 2351 πόλιν
2422 2298 2776 2370 συμπράττει,
2826 2297 2948 2370 περὶ
3007 2299 3079 2352 ὧν
3122 2298 3312 2353 αὐτίκα
3344 2298 3663 2373 ῥηθήσεται,
3695 2298 3851 2355 ὕστε-

2209 2405 2301 2458 ρον
2337 2382 2382 2438 δ’
2413 2382 2562 2448 αὖθις
2594 2390 2711 2449 τοῖς
2753 2383 2990 2449 δυτικοῖς
3047 2384 3135 2442 καὶ
3192 2373 3559 2458 προσϐἓὶλλων
3621 2389 3850 2462 αἱρεῖται

2207 2472 2369 2529 πάλιν
2404 2475 2490 2528 καὶ
2522 2473 2644 2530 τότε
2674 2476 2819 2550 παρὰ
2847 2478 2943 2531 τοῦ
2971 2472 3232 2531 δεσπότου
3264 2476 3527 2549 Μιχαὴλ,
3566 2476 3655 2532 καὶ
3714 2476 3850 2532 ἀπο-

2207 2562 2485 2619 στέλλεται
2532 2564 2667 2637 πρὸς
2709 2563 2802 2619 τὸν
2853 2564 2994 2639 ῥῆγα
3044 2563 3283 2629 Πουλίας
3312 2567 3402 2621 τὸν
3435 2567 3644 2642 Μαφρὶ,
3673 2566 3761 2621 καί
3792 2586 3849 2639 γε

2203 2657 2280 2723 τῷ
2309 2655 2437 2725 παρ’
2470 2651 2654 2723 ἐκείνῳ
2685 2650 2889 2707 δίδοται
2933 2658 3171 2730 φυΛᾳκ-ῇ,
3199 2651 3388 2729 χρόνῳ
3421 2652 3465 2709 δ’
3496 2653 3717 2728 ὕστερον
3748 2661 3846 2723 τῆς

2205 2741 2491 2812 δεσποίνης
2521 2743 2718 2811 ’Ὰννης
2778 2740 3017 2816 ἀδελφῆς
3078 2740 3243 2812 οὔσης
3297 2744 3487 2821 Μαφρὶ
3535 2739 3847 2817 ἀνταμείϐε-

2200 2850 2308 2887 ται.
2343 2829 2523 2887 Ἀλλὰ
2548 2834 2717 2886 ταῦτα
2748 2832 2843 2903 μὶν
2873 2830 3086 2893 ἐσαῦθις
3117 2831 3367 2906 ἐροῦμεν.

2201 3013 2449 3070 vinculis
2480 3015 2816 3079 constricto,
2856 3032 2921 3071 ac
2949 3033 3050 3087 per
3082 3017 3188 3074 hoc
3220 3034 3334 3074 non
3391 3017 3483 3072 sui
3518 3020 3707 3089 juris,
3743 3035 3844 3074 nec

454 3108 779 3182 principem
836 3108 1038 3166 cedere
1097 3105 1376 3163 Romanis
1432 3108 1487 3159 et
1532 3101 1894 3191 imperatori,
1957 3102 2164 3191 jurec
2204 3101 2333 3171 ejus
2390 3100 2676 3159 libertatis
2720 3120 2784 3158 ac
2834 3104 3056 3173 proprii
3111 3105 3341 3161 arbitrii
3392 3106 3491 3161 80
3552 3111 3842 3177 compote,

455 3215 628 3270 quam
662 3197 883 3270 optimo
915 3194 1274 3268 possidenda
1302 3197 1359 3249 et
1389 3191 1447 3248 in
1472 3193 1819 3264 perpetuum
1842 3190 1971 3260 ejus
1997 3190 2093 3245 do-

457 3288 706 3344 minium
739 3302 808 3342 ex
855 3300 1011 3341 nunc
1060 3282 1401 3352 transitura,
1436 3280 1555 3335 haec
1603 3279 1660 3335 in
1692 3277 2090 3349 Peloponneso

457 3375 591 3447 sita,
625 3372 1106 3440 Monembasiam,
1153 3369 1428 3437 Mainam,
1486 3367 1839 3438 Hieracium,
1905 3369 2089 3437 Myze-

455 3465 672 3521 thram.
706 3460 1009 3533 Anaplium
1041 3474 1172 3518 vero
1200 3463 1255 3515 et
1284 3463 1469 3529 Argos
1521 3461 1583 3512 ut
1632 3459 2005 3512 controversa
2033 3458 2090 3511 et

456 3552 608 3624 juris
640 3549 804 3608 dubii
836 3548 1040 3607 relicta
1066 3548 1128 3605 in
1160 3546 1522 3615 mediosunt,
1540 3544 1622 3601 uti
1636 3549 1693 3601 et
1712 3547 1936 3601 tractus
1953 3543 2088 3599 uni-

454 3656 658 3698 versus
687 3638 841 3696 circa
866 3638 1231 3696 Cinsternam
1252 3634 1419 3692 valde
1450 3634 1507 3689 in
1541 3634 1775 3705 longum
1798 3638 2003 3706 patens
2032 3636 2089 3688 et

455 3728 660 3786 multis
689 3733 920 3786 scatens
948 3726 1139 3783 bonis.
1163 3723 1490 3797 Principem
1514 3727 1711 3780 autem
1738 3722 1934 3794 ipsum
1958 3737 2089 3792 per-

454 3822 699 3890 petuum
730 3817 851 3874 fore
880 3816 1276 3873 Romanorum
1303 3817 1362 3869 et
1386 3811 1757 3884 imperatoris
1790 3810 2085 3879 clientem,

456 3911 513 3966 et
540 3906 599 3964 in
613 3904 992 3978 subjectionis
1005 3903 1241 3976 signum
1255 3900 1511 3959 ofﬁcium
1534 3900 1669 3956 inde
1686 3901 2084 3971 sumpturum.

453 3995 726 4054 Vicissim
758 3994 833 4052 ab
862 3994 1205 4067 imperatore
1238 3991 1562 4065 principem
1595 3992 1867 4045 ornatum
1894 3986 2083 4057 digni-

455 4088 573 4143 tate
587 4082 786 4158 magni
816 4080 1121 4139 domestici
1141 4079 1458 4137 honoriﬁce
1474 4077 1891 4135 dimittendum
1947 4075 2088 4132 libe-

457 4189 611 4241 rum,
644 4188 780 4231 cum
811 4171 885 4228 iis
909 4186 1153 4229 suorum
1184 4168 1286 4241 qui
1318 4173 1458 4226 tunc
1516 4166 1866 4238 superstites
1920 4180 2089 4235 repe-

454 4246 731 4320 rirentur.
788 4262 852 4317 In
884 4258 1006 4315 haec
1062 4257 1274 4314 lmdere
1313 4257 1463 4313 facto
1494 4255 1721 4311 dimisit
1764 4254 2087 4325 principem

456 4352 773 4424 imperator
829 4363 895 4405 eo
926 4364 1040 4420 quo
1090 4363 1195 4420 par
1252 4348 1375 4403 erat
1414 4344 1654 4414 honore,
1680 4342 1876 4400 missis
1910 4342 2090 4400 simul

453 4455 590 4499 cum
621 4437 720 4496 illo
750 4436 852 4507 qui
882 4436 1069 4509 pretia
1098 4433 1405 4501 libertatis,
1438 4434 1509 4490 de
1540 4433 1757 4504 quibus
1811 4447 2092 4489 convene-

453 4532 563 4597 rat,
613 4526 961 4600 reciperent.
1008 4523 1199 4582 Rediit
1254 4523 1433 4595 igitur
1491 4522 1727 4579 domum
1795 4520 2093 4599 princeps,

450 4614 681 4675 Achaia:
715 4613 1001 4688 principis
1022 4611 1289 4684 etmagni
1311 4610 1618 4669 domestici
1633 4608 1928 4667 Romaniae
1956 4609 2093 4666 tilu-

450 4706 540 4767 los
569 4703 848 4775 referens,
883 4718 985 4760 nec
1017 4702 1341 4774 quidquam
1356 4702 1665 4758 cunctatus
1687 4702 1819 4771 post
1840 4698 2094 4757 reditum

453 4797 664 4852 cuncta
681 4809 806 4866 quae
818 4789 1186 4865 promiserat.
1203 4788 1616 4861 redemptionis
1629 4788 1816 4860 pretia
1828 4787 2091 4846 exsolvit.

452 4881 876 4953 Mausissetque
921 4884 1199 4953 perpetuo
1238 4878 1297 4935 in
1325 4878 1439 4937 fide
1497 4882 1826 4950 pactorum,
1878 4878 2093 4948 quippe

454 4973 785 5030 auctoratus
825 4968 1106 5026 Romanis
1162 4971 1481 5025 memorato
1534 4966 1728 5037 magni
1787 4964 2092 5024 domestici

454 5059 668 5129 ofﬁcio,
700 5056 815 5117 nisi
845 5072 995 5130 papa
1025 5072 1086 5114 re
1115 5055 1337 5123 audita,
1362 5071 1496 5112 cum
1520 5071 1623 5126 per
1642 5070 1704 5111 se
1728 5054 2092 5125 indignatus,

455 5153 582 5207 tum
626 5147 686 5204 in
730 5146 791 5203 id
821 5146 1018 5216 ipsum
1042 5142 1332 5217 impulsus
1364 5142 1635 5215 precibus
1662 5142 1817 5213 regis
1847 5140 2093 5212 Apuliae,

454 5251 705 5309 quorum
733 5234 1001 5292 neutrius
1033 5230 1361 5289 rationibus
1393 5231 1902 5287 accommodatum
1933 5229 2092 5286 vide-

452 5326 628 5384 batur
653 5327 885 5383 tantum
907 5335 1148 5379 suarum
1175 5319 1457 5375 hactenus
1485 5317 1740 5390 partium
1769 5317 2093 5389 principem

451 5412 900 5487 stipendiarium
928 5406 1207 5467 Romanis
1230 5423 1591 5479 permanere,
1651 5412 1888 5477 pactum
1945 5405 2093 5463 illud

452 5500 837 5567 dissolvisset,
859 5499 1321 5570 juramentaque
1350 5495 1511 5551 irrita
1542 5494 1897 5554 declarasset
1923 5496 2095 5567 quasi

452 5584 1064 5648 extortaineluctahili
1097 5584 1149 5639 vi
1181 5584 1545 5643 necessitatis
1586 5584 1656 5640 ab
1690 5584 1923 5642 homine
1955 5584 2099 5642 diris

2201 3205 2326 3262 qua:
2358 3191 2807 3260 requirebantur
2836 3192 2908 3247 ad
2930 3192 3040 3249 hoc
3073 3197 3139 3248 ut
3170 3193 3471 3250 conventio
3531 3199 3658 3250 rata
3714 3194 3843 3249 vali-

2200 3278 2386 3347 daque
2416 3282 2590 3347 esset,
2620 3280 2773 3335 unde
2804 3280 3135 3337 consecutis
3158 3280 3292 3337 inde
3306 3282 3673 3352 temporibus
3705 3300 3841 3339 con-

2200 3366 2363 3422 tinua
2392 3371 2449 3422 et
2482 3383 2688 3435 magna
2719 3368 2871 3423 inter
2900 3373 3181 3440 utrosque
3235 3376 3507 3426 arserunt
3546 3371 3704 3428 bella
3735 3388 3753 3426 :
3781 3375 3839 3426 et

2198 3470 2262 3512 ea
2292 3455 2526 3525 quidem
2552 3456 2636 3511 sic
2666 3472 2729 3512 se
2752 3456 3105 3513 habuerunt.

2268 3624 2908 3695 32.UtMichacchespota
2930 3627 3195 3707 Romanos
3226 3628 3441 3686 vicerit.
3485 3634 3538 3687 et
3568 3630 3841 3688 Caesarem

2868 3703 3159 3771 acceperit.

2265 3813 2337 3867 At
2360 3811 2600 3882 despota
2629 3812 2871 3869 Michael
2904 3813 2962 3869 in
2997 3815 3503 3885 prmensquidem
3534 3816 3606 3872 ob
3635 3820 3837 3871 eventa

2199 3905 2425 3956 narrata
2456 3900 2722 3957 minutus
2744 3902 2949 3973 copiis,
2982 3918 3111 3972 quae
3142 3902 3229 3958 illi
3260 3902 3550 3975 plerisque
3572 3920 3835 3960 accesse-

2199 3993 2329 4046 rant
2360 3989 2629 4046 societale
2654 3989 2938 4061 principis
2977 3990 3227 4058 Achaiae,
3281 3996 3558 4063 praterea
3589 4009 3622 4048 a
3671 3994 3835 4048 seba-

2199 4082 2513 4135 stocratore
2542 4078 2764 4134 Joanne
2794 4077 3109 4149 Palmologo
3141 4079 3433 4150 plurimus
3448 4090 3642 4152 postea
3672 4082 3839 4137 dam-

2202 4167 2291 4223 nis
2331 4167 2596 4234 alfectus,
2628 4167 2771 4224 adeo
2804 4171 2868 4223 ut
2892 4167 3146 4223 multum
3177 4168 3239 4225 iu
3270 4173 3427 4225 arcto
3459 4169 3573 4241 ipsi
3631 4186 3724 4226 res
3754 4186 3839 4225 es-

2199 4258 2330 4311 sent
2358 4271 2490 4311 cum
2523 4254 2953 4325 provinciarum
2986 4262 3111 4311 tum
3144 4257 3671 4327 exercitus,missis
3687 4274 3753 4312 ea
3770 4258 3839 4314 de

2200 4342 2486 4413 relegatis
2516 4344 2587 4399 ad
2621 4358 2816 4414 regem
2830 4342 3431 4414 ApuliaeManl'redum
3447 4362 3619 4402 suum
3654 4360 3837 4417 gene-

2199 4447 2350 4499 rum,
2384 4434 2440 4488 et
2471 4446 2715 4503 magnas
2747 4432 2819 4488 ab
2850 4449 2916 4489 eo
2965 4432 3272 4491 auxiliares
3320 4434 3518 4505 copias
3574 4436 3841 4506 adeptus,

2205 4536 2299 4577 eas
2326 4520 2563 4576 tradidit
2591 4536 2698 4576 suo
2738 4519 2857 4577 ﬂlio
2900 4521 3247 4593 Nicephoro,
3297 4539 3436 4578 suas
3490 4528 3730 4580 strenue
3784 4524 3841 4579 in

2204 4609 2356 4667 idem
2388 4610 2748 4681 propositum
2783 4615 2840 4666 et
2871 4626 3010 4683 opes
3038 4616 3094 4667 et
3118 4628 3354 4683 operam
3373 4614 3718 4669 conferenti.
3743 4614 3845 4668 Hic

2204 4716 2336 4756 cum
2369 4703 2587 4757 Caesare
2619 4700 2771 4756 circa
2828 4700 3255 4773 Tricoryphum
3313 4701 3432 4757 acri
3459 4702 3657 4774 praillo
3711 4720 3847 4759 con-

2203 4804 2440 4859 gressus
2458 4788 2771 4845 maximam
2787 4792 3042 4860 stragem
3096 4789 3482 4847 Niceensium
3507 4791 3846 4860 dedit,alios

2204 4876 2487 4948 plurimos
2520 4878 2732 4948 partim
2754 4877 2986 4944 occidit,
3006 4879 3219 4949 partim
3252 4879 3429 4950 cepit,
3454 4880 3649 4951 ipsum
3684 4879 3847 4936 deni-

2202 4982 2311 5035 que
2341 4966 2633 5037 captivum
2664 4965 2907 5023 abduxit
2934 4967 3214 5024 Caesarem
3248 4987 3262 5035 ;
3296 4968 3397 5037 qui
3443 4983 3579 5039 pace
3635 4968 3849 5024 deinde

2202 5054 2354 5110 facta
2398 5054 2545 5111 liber
2606 5054 2891 5113 dimissus
2950 5070 3015 5111 ea
3073 5070 3203 5125 quas
3250 5072 3388 5111 mox
3416 5058 3735 5113 referemus
3774 5054 3844 5110 ad

2206 5141 2407 5197 urbem
2432 5142 2635 5213 gessit,
2667 5147 2725 5198 et
2761 5158 2996 5200 rursum
3028 5159 3165 5199 cum
3215 5144 3689 5201 Occidentalibus
3745 5160 3847 5214 pu-

2204 5245 2318 5300 gna
2361 5230 2507 5287 inita
2542 5235 2750 5302 captus
2780 5231 2997 5287 iterum
3030 5237 3122 5288 est
3150 5249 3181 5287 a
3204 5231 3451 5288 Michael
3482 5233 3745 5304 despola,
3790 5235 3848 5286 et

2205 5319 2275 5374 ad
2308 5334 2503 5389 regem
2528 5319 3135 5390 ApulimManfredum
3151 5320 3372 5376 missus
3390 5320 3461 5376 ab
3483 5337 3547 5376 eo
3568 5320 3847 5375 custodiae

2206 5407 2451 5464 traditus
2482 5412 2591 5477 est,
2624 5408 2888 5465 insccuto
2920 5408 3129 5464 deinde
3152 5413 3412 5480 tempore
3442 5425 3573 5464 cum
3606 5408 3841 5465 domina

2201 5497 2365 5552 Anna
2394 5512 2591 5553 sorore
2620 5496 2901 5553 Manfredi
2949 5501 3341 5568 permutatas.
3395 5498 3504 5553 Sed
3539 5497 3658 5552 haec
3713 5496 3837 5552 suis

2203 5583 2346 5643 locis
2370 5586 2578 5643 deinde
2609 5585 2954 5642 referemus.
