  <div class='ocr_page' id='page_1' title='image "/cluster/home/n/w/nwhite01/storage/ocr_20150623/143/mdp.39015078384784/270.png"; bbox 0 0 4182 6286; ppageno 0'>
   <div class='ocr_carea' id='block_1_1' title="bbox 341 380 449 438">
    <p class='ocr_par' dir='ltr' id='par_1_1' title="bbox 341 380 449 438">
     <span class='ocr_line' id='line_1_1' title="bbox 341 380 449 438; baseline 0.019 -2"><span class='ocrx_word' id='word_1_1' title='bbox 341 380 449 438; x_wconf 84' lang='grc'><strong>525</strong></span> 
     </span>
    </p>
   </div>
   <div class='ocr_carea' id='block_1_2' title="bbox 1408 378 2657 445">
    <p class='ocr_par' dir='ltr' id='par_1_2' title="bbox 1408 378 2657 445">
     <span class='ocr_line' id='line_1_2' title="bbox 1408 378 2657 445; baseline -0.007 -4"><span class='ocrx_word' id='word_1_2' title='bbox 1408 390 1504 441; x_wconf 77' lang='lat' dir='ltr'><strong>DE</strong></span> <span class='ocrx_word' id='word_1_3' title='bbox 1544 383 1911 441; x_wconf 77' lang='lat' dir='ltr'><strong>MICHABLB</strong></span> <span class='ocrx_word' id='word_1_4' title='bbox 1951 378 2373 445; x_wconf 72' lang='lat' dir='ltr'><strong>PALBOLOGO</strong></span> <span class='ocrx_word' id='word_1_5' title='bbox 2410 382 2540 435; x_wconf 86' lang='lat' dir='ltr'><strong>LIB.</strong></span> <span class='ocrx_word' id='word_1_6' title='bbox 2586 384 2657 434; x_wconf 88' lang='lat' dir='ltr'><strong>II.</strong></span> 
     </span>
    </p>
   </div>
   <div class='ocr_carea' id='block_1_3' title="bbox 3636 380 3741 435">
    <p class='ocr_par' dir='ltr' id='par_1_3' title="bbox 3636 380 3741 435">
     <span class='ocr_line' id='line_1_3' title="bbox 3636 380 3741 435; baseline -0.01 0"><span class='ocrx_word' id='word_1_7' title='bbox 3636 380 3741 435; x_wconf 84' lang='lat'><strong>526</strong></span> 
     </span>
    </p>
   </div>
   <div class='ocr_carea' id='block_1_4' title="bbox 1973 529 2106 621">
    <p class='ocr_par' dir='ltr' id='par_1_4' title="bbox 1973 529 2106 621">
     <span class='ocr_line' id='line_1_4' title="bbox 1973 529 2106 621; baseline -0.015 0"><span class='ocrx_word' id='word_1_8' title='bbox 1973 529 2106 621; x_wconf 89' lang='lat' dir='ltr'><strong>B’.</strong></span> 
     </span>
    </p>
   </div>
   <div class='ocr_carea' id='block_1_5' title="bbox 341 669 3745 767">
    <p class='ocr_par' dir='ltr' id='par_1_5' title="bbox 341 669 3745 767">
     <span class='ocr_line' id='line_1_5' title="bbox 341 669 3745 767; baseline 0.001 -40"><span class='ocrx_word' id='word_1_9' title='bbox 341 695 373 727; x_wconf 89' lang='grc' dir='ltr'><strong>α</strong></span> <span class='ocrx_word' id='word_1_10' title='bbox 416 676 607 737; x_wconf 82' lang='grc' dir='ltr'><strong>Ὅπως</strong></span> <span class='ocrx_word' id='word_1_11' title='bbox 636 674 663 728; x_wconf 84' lang='grc' dir='ltr'>ὁ</span> <span class='ocrx_word' id='word_1_12' title='bbox 695 677 1056 764; x_wconf 44' lang='grc' dir='ltr'>πατριάρχης.</span> <span class='ocrx_word' id='word_1_13' title='bbox 1085 678 1356 767; x_wconf 53' lang='grc' dir='ltr'>’λξρσὲνιος</span> <span class='ocrx_word' id='word_1_14' title='bbox 1387 678 1437 734; x_wconf 76' lang='lat' dir='ltr'><strong>tv</strong></span> <span class='ocrx_word' id='word_1_15' title='bbox 1472 677 1740 755; x_wconf 76' lang='grc' dir='ltr'><strong>φροντίσιν</strong></span> <span class='ocrx_word' id='word_1_16' title='bbox 1771 679 1834 744; x_wconf 74' lang='grc' dir='ltr'><strong>ἦν</strong></span> <span class='ocrx_word' id='word_1_17' title='bbox 1868 674 1990 746; x_wconf 87' lang='grc' dir='ltr'>περὶ</span> <span class='ocrx_word' id='word_1_18' title='bbox 2019 684 2074 750; x_wconf 75' lang='grc' dir='ltr'><strong>Α</strong></span> <span class='ocrx_word' id='word_1_19' title='bbox 2106 669 2467 743; x_wconf 70' lang='grc' dir='ltr'><strong>ἐπιστήσομεν</strong></span> <span class='ocrx_word' id='word_1_20' title='bbox 2514 674 2582 745; x_wconf 79' lang='grc' dir='ltr'>τῇ</span> <span class='ocrx_word' id='word_1_21' title='bbox 2641 670 2758 743; x_wconf 71' lang='grc' dir='ltr'>νηΐ.</span> <span class='ocrx_word' id='word_1_22' title='bbox 2817 670 3148 729; x_wconf 80' lang='grc' dir='ltr'>Κινδυνεύειν</span> <span class='ocrx_word' id='word_1_23' title='bbox 3208 670 3253 728; x_wconf 86' lang='grc' dir='ltr'>δ’</span> <span class='ocrx_word' id='word_1_24' title='bbox 3312 672 3453 729; x_wconf 71' lang='grc' dir='ltr'>οὕτω</span> <span class='ocrx_word' id='word_1_25' title='bbox 3509 675 3595 730; x_wconf 84' lang='grc' dir='ltr'><strong>καὶ</strong></span> <span class='ocrx_word' id='word_1_26' title='bbox 3654 673 3745 729; x_wconf 82' lang='grc' dir='ltr'>τὸν</span> 
     </span>
    </p>
   </div>
   <div class='ocr_carea' id='block_1_6' title="bbox 992 754 1325 824">
    <p class='ocr_par' dir='ltr' id='par_1_6' title="bbox 992 754 1325 824">
     <span class='ocr_line' id='line_1_6' title="bbox 992 754 1325 824; baseline 0.003 -7"><span class='ocrx_word' id='word_1_27' title='bbox 992 754 1091 817; x_wconf 77' lang='grc' dir='ltr'>τῆς</span> <span class='ocrx_word' id='word_1_28' title='bbox 1123 754 1325 824; x_wconf 71' lang='grc' dir='ltr'><strong>ἀρχῆς·</strong></span> 
     </span>
    </p>
   </div>
   <div class='ocr_carea' id='block_1_7' title="bbox 416 850 1993 929">
    <p class='ocr_par' dir='ltr' id='par_1_7' title="bbox 416 850 1993 929">
     <span class='ocr_line' id='line_1_7' title="bbox 416 850 1993 929; baseline -0.006 -18"><span class='ocrx_word' id='word_1_29' title='bbox 416 854 498 924; x_wconf 66' lang='grc' dir='ltr'><strong>ίΡ.</strong></span> <span class='ocrx_word' id='word_1_30' title='bbox 558 854 649 923; x_wconf 82' lang='grc'><strong>57]</strong></span> <span class='ocrx_word' id='word_1_31' title='bbox 711 852 975 927; x_wconf 82' lang='grc' dir='ltr'>Ἀρσενίῳ</span> <span class='ocrx_word' id='word_1_32' title='bbox 1053 850 1111 908; x_wconf 70' lang='grc' dir='ltr'>δὲ</span> <span class='ocrx_word' id='word_1_33' title='bbox 1166 858 1243 924; x_wconf 79' lang='grc' dir='ltr'>τῷ</span> <span class='ocrx_word' id='word_1_34' title='bbox 1306 856 1620 929; x_wconf 81' lang='grc' dir='ltr'>πατριάρχῃ</span> <span class='ocrx_word' id='word_1_35' title='bbox 1678 850 1809 907; x_wconf 77' lang='grc' dir='ltr'>νέων</span> <span class='ocrx_word' id='word_1_36' title='bbox 1864 850 1993 924; x_wconf 76' lang='grc' dir='ltr'>ἦρξε</span> 
     </span>
    </p>
   </div>
   <div class='ocr_carea' id='block_1_8' title="bbox 345 937 1991 1016">
    <p class='ocr_par' dir='ltr' id='par_1_8' title="bbox 345 937 1991 1016">
     <span class='ocr_line' id='line_1_8' title="bbox 345 937 1991 1016; baseline -0.002 -22"><span class='ocrx_word' id='word_1_37' title='bbox 345 937 646 1015; x_wconf 75' lang='grc' dir='ltr'><strong>φροντίδων</strong></span> <span class='ocrx_word' id='word_1_38' title='bbox 695 942 729 1009; x_wconf 79' lang='grc' dir='ltr'>ἡ</span> <span class='ocrx_word' id='word_1_39' title='bbox 777 948 876 1009; x_wconf 81' lang='grc' dir='ltr'>τῆς</span> <span class='ocrx_word' id='word_1_40' title='bbox 922 939 1009 996; x_wconf 74' lang='grc' dir='ltr'>ἐπὶ</span> <span class='ocrx_word' id='word_1_41' title='bbox 1057 946 1126 1014; x_wconf 77' lang='grc' dir='ltr'>τῇ</span> <span class='ocrx_word' id='word_1_42' title='bbox 1181 941 1430 1016; x_wconf 74' lang='grc' dir='ltr'><strong>βασιλείᾳ</strong></span> <span class='ocrx_word' id='word_1_43' title='bbox 1476 943 1844 1001; x_wconf 72' lang='grc' dir='ltr'><strong>καταστάσεως</strong></span> <span class='ocrx_word' id='word_1_44' title='bbox 1897 942 1991 993; x_wconf 72' lang='grc' dir='ltr'><strong>τοῦ</strong></span> 
     </span>
    </p>
   </div>
   <div class='ocr_carea' id='block_1_9' title="bbox 346 1025 1989 1105">
    <p class='ocr_par' dir='ltr' id='par_1_9' title="bbox 346 1025 1989 1105">
     <span class='ocr_line' id='line_1_9' title="bbox 346 1025 1989 1105; baseline -0.002 -23"><span class='ocrx_word' id='word_1_45' title='bbox 346 1025 736 1102; x_wconf 80' lang='grc' dir='ltr'>Παλαιολόγου</span> <span class='ocrx_word' id='word_1_46' title='bbox 786 1028 1012 1102; x_wconf 77' lang='grc' dir='ltr'>ἀνάγκη,</span> <span class='ocrx_word' id='word_1_47' title='bbox 1048 1028 1259 1105; x_wconf 81' lang='grc' dir='ltr'><strong>μεγάλη</strong></span> <span class='ocrx_word' id='word_1_48' title='bbox 1310 1052 1393 1093; x_wconf 91' lang='grc' dir='ltr'><strong>τις</strong></span> <span class='ocrx_word' id='word_1_49' title='bbox 1446 1031 1577 1085; x_wconf 82' lang='grc' dir='ltr'>οὖσα</span> <span class='ocrx_word' id='word_1_50' title='bbox 1629 1031 1714 1084; x_wconf 86' lang='grc' dir='ltr'><strong>καὶ</strong></span> <span class='ocrx_word' id='word_1_51' title='bbox 1762 1026 1989 1099; x_wconf 86' lang='grc' dir='ltr'>ἀπαραί-</span> 
     </span>
    </p>
   </div>
   <div class='ocr_carea' id='block_1_10' title="bbox 347 1113 1996 1191">
    <p class='ocr_par' dir='ltr' id='par_1_10' title="bbox 347 1113 1996 1191">
     <span class='ocr_line' id='line_1_10' title="bbox 347 1113 1996 1191; baseline -0.001 -22"><span class='ocrx_word' id='word_1_52' title='bbox 347 1137 535 1185; x_wconf 79' lang='grc' dir='ltr'>τητος.</span> <span class='ocrx_word' id='word_1_53' title='bbox 614 1113 768 1184; x_wconf 78' lang='grc' dir='ltr'>Πλὴν</span> <span class='ocrx_word' id='word_1_54' title='bbox 833 1118 931 1191; x_wconf 74' lang='grc' dir='ltr'><strong>γὰρ</strong></span> <span class='ocrx_word' id='word_1_55' title='bbox 988 1116 1212 1191; x_wconf 83' lang='grc' dir='ltr'><strong>ὀλίγων,</strong></span> <span class='ocrx_word' id='word_1_56' title='bbox 1266 1120 1356 1173; x_wconf 85' lang='grc' dir='ltr'><strong>καὶ</strong></span> <span class='ocrx_word' id='word_1_57' title='bbox 1414 1123 1602 1174; x_wconf 69' lang='grc' dir='ltr'>τοῦτο)</span> <span class='ocrx_word' id='word_1_58' title='bbox 1662 1117 1846 1190; x_wconf 84' lang='grc' dir='ltr'>καιρὸν</span> <span class='ocrx_word' id='word_1_59' title='bbox 1901 1114 1996 1169; x_wconf 85' lang='grc' dir='ltr'><strong>ούκ</strong></span> 
     </span>
    </p>
   </div>
   <div class='ocr_carea' id='block_1_11' title="bbox 351 1200 1997 1278">
    <p class='ocr_par' dir='ltr' id='par_1_11' title="bbox 351 1200 1997 1278">
     <span class='ocr_line' id='line_1_11' title="bbox 351 1200 1997 1278; baseline -0.001 -21"><span class='ocrx_word' id='word_1_60' title='bbox 351 1200 592 1278; x_wconf 78' lang='grc' dir='ltr'>ἐχὸντων</span> <span class='ocrx_word' id='word_1_61' title='bbox 623 1202 709 1258; x_wconf 75' lang='grc' dir='ltr'><strong>διὰ</strong></span> <span class='ocrx_word' id='word_1_62' title='bbox 736 1206 833 1274; x_wconf 80' lang='grc' dir='ltr'>τὴν</span> <span class='ocrx_word' id='word_1_63' title='bbox 866 1209 971 1260; x_wconf 82' lang='grc' dir='ltr'>τῶν</span> <span class='ocrx_word' id='word_1_64' title='bbox 1002 1204 1188 1261; x_wconf 79' lang='grc' dir='ltr'>ἄλλων</span> <span class='ocrx_word' id='word_1_65' title='bbox 1222 1205 1446 1262; x_wconf 79' lang='grc' dir='ltr'>πολλῶν</span> <span class='ocrx_word' id='word_1_66' title='bbox 1476 1206 1563 1260; x_wconf 87' lang='grc' dir='ltr'><strong>καὶ</strong></span> <span class='ocrx_word' id='word_1_67' title='bbox 1609 1205 1855 1278; x_wconf 76' lang='grc' dir='ltr'><strong>μεγάλων</strong></span> <span class='ocrx_word' id='word_1_68' title='bbox 1906 1200 1997 1257; x_wconf 83' lang='grc' dir='ltr'><strong>ὅν-</strong></span> 
     </span>
    </p>
   </div>
   <div class='ocr_carea' id='block_1_12' title="bbox 349 1291 1997 1369">
    <p class='ocr_par' dir='ltr' id='par_1_12' title="bbox 349 1291 1997 1369">
     <span class='ocr_line' id='line_1_12' title="bbox 349 1291 1997 1369; baseline -0.002 -20"><span class='ocrx_word' id='word_1_69' title='bbox 349 1315 459 1349; x_wconf 87' lang='grc' dir='ltr'><strong>των</strong></span> <span class='ocrx_word' id='word_1_70' title='bbox 494 1292 755 1366; x_wconf 73' lang='grc' dir='ltr'>βού).ησιν</span> <span class='ocrx_word' id='word_1_71' title='bbox 787 1292 868 1369; x_wconf 83' lang='grc' dir='ltr'><strong>ἐφ’</strong></span> <span class='ocrx_word' id='word_1_72' title='bbox 907 1294 953 1366; x_wconf 83' lang='grc' dir='ltr'>ᾦ</span> <span class='ocrx_word' id='word_1_73' title='bbox 977 1294 1274 1369; x_wconf 75' lang='grc' dir='ltr'>ἐπίσχοιεν,</span> <span class='ocrx_word' id='word_1_74' title='bbox 1310 1300 1553 1369; x_wconf 78' lang='grc' dir='ltr'><strong>φανερῶς</strong></span> <span class='ocrx_word' id='word_1_75' title='bbox 1584 1296 1636 1348; x_wconf 81' lang='grc' dir='ltr'>οἱ</span> <span class='ocrx_word' id='word_1_76' title='bbox 1670 1291 1831 1349; x_wconf 81' lang='grc' dir='ltr'>ἄλλοι</span> <span class='ocrx_word' id='word_1_77' title='bbox 1864 1292 1997 1347; x_wconf 84' lang='grc' dir='ltr'>πάν-</span> 
     </span>
    </p>
   </div>
   <div class='ocr_carea' id='block_1_13' title="bbox 350 1379 1994 1458">
    <p class='ocr_par' dir='ltr' id='par_1_13' title="bbox 350 1379 1994 1458">
     <span class='ocr_line' id='line_1_13' title="bbox 350 1379 1994 1458; baseline -0.001 -22"><span class='ocrx_word' id='word_1_78' title='bbox 350 1401 437 1442; x_wconf 90' lang='grc' dir='ltr'>τες</span> <span class='ocrx_word' id='word_1_79' title='bbox 488 1387 615 1452; x_wconf 77' lang='grc' dir='ltr'>μιᾶς</span> <span class='ocrx_word' id='word_1_80' title='bbox 671 1379 876 1455; x_wconf 85' lang='grc' dir='ltr'>βουλῆς</span> <span class='ocrx_word' id='word_1_81' title='bbox 919 1383 1052 1450; x_wconf 77' lang='grc' dir='ltr'>ἦσαν</span> <span class='ocrx_word' id='word_1_82' title='bbox 1085 1383 1174 1438; x_wconf 87' lang='grc' dir='ltr'><strong>καὶ</strong></span> <span class='ocrx_word' id='word_1_83' title='bbox 1206 1384 1452 1458; x_wconf 85' lang='grc' dir='ltr'><strong>γνώμης,</strong></span> <span class='ocrx_word' id='word_1_84' title='bbox 1488 1382 1779 1458; x_wconf 78' lang='grc' dir='ltr'><strong>ἀγαπητῶς</strong></span> <span class='ocrx_word' id='word_1_85' title='bbox 1829 1380 1994 1453; x_wconf 83' lang='grc' dir='ltr'>ἔχον..</span> 
     </span>
    </p>
   </div>
   <div class='ocr_carea' id='block_1_14' title="bbox 349 1467 1995 1546">
    <p class='ocr_par' dir='ltr' id='par_1_14' title="bbox 349 1467 1995 1546">
     <span class='ocr_line' id='line_1_14' title="bbox 349 1467 1995 1546; baseline 0 -24"><span class='ocrx_word' id='word_1_86' title='bbox 349 1489 435 1530; x_wconf 88' lang='grc' dir='ltr'><strong>τες</strong></span> <span class='ocrx_word' id='word_1_87' title='bbox 466 1467 516 1523; x_wconf 72' lang='grc' dir='ltr'>εἴ</span> <span class='ocrx_word' id='word_1_88' title='bbox 564 1467 937 1542; x_wconf 84' lang='grc' dir='ltr'>βασιλεύοιντο</span> <span class='ocrx_word' id='word_1_89' title='bbox 983 1471 1073 1526; x_wconf 85' lang='grc' dir='ltr'>ὑπ’</span> <span class='ocrx_word' id='word_1_90' title='bbox 1122 1471 1333 1544; x_wconf 76' lang='grc' dir='ltr'>ἐκείνῳ.</span> <span class='ocrx_word' id='word_1_91' title='bbox 1386 1472 1638 1546; x_wconf 84' lang='grc' dir='ltr'>Ἀρίστην</span> <span class='ocrx_word' id='word_1_92' title='bbox 1688 1472 1791 1545; x_wconf 74' lang='grc' dir='ltr'><strong>γὰρ</strong></span> <span class='ocrx_word' id='word_1_93' title='bbox 1845 1471 1995 1541; x_wconf 88' lang='grc' dir='ltr'>βασι-</span> 
     </span>
    </p>
   </div>
   <div class='ocr_carea' id='block_1_15' title="bbox 348 1556 1994 1633">
    <p class='ocr_par' dir='ltr' id='par_1_15' title="bbox 348 1556 1994 1633">
     <span class='ocr_line' id='line_1_15' title="bbox 348 1556 1994 1633; baseline 0.001 -22"><span class='ocrx_word' id='word_1_94' title='bbox 348 1556 493 1611; x_wconf 80' lang='grc' dir='ltr'>λείαν</span> <span class='ocrx_word' id='word_1_95' title='bbox 527 1557 658 1613; x_wconf 72' lang='grc' dir='ltr'>εἶναι</span> <span class='ocrx_word' id='word_1_96' title='bbox 688 1558 755 1613; x_wconf 84' lang='grc' dir='ltr'>οὐ</span> <span class='ocrx_word' id='word_1_97' title='bbox 782 1558 879 1627; x_wconf 77' lang='grc' dir='ltr'><strong>τήν</strong></span> <span class='ocrx_word' id='word_1_98' title='bbox 925 1556 1250 1633; x_wconf 79' lang='grc' dir='ltr'>κληρωτὴν,</span> <span class='ocrx_word' id='word_1_99' title='bbox 1298 1561 1357 1628; x_wconf 79' lang='grc' dir='ltr'>ἦν</span> <span class='ocrx_word' id='word_1_100' title='bbox 1414 1558 1619 1630; x_wconf 81' lang='grc' dir='ltr'>ὀλίσθῳ</span> <span class='ocrx_word' id='word_1_101' title='bbox 1664 1559 1839 1632; x_wconf 81' lang='grc' dir='ltr'>τύχης</span> <span class='ocrx_word' id='word_1_102' title='bbox 1889 1558 1994 1612; x_wconf 80' lang='grc' dir='ltr'>τινὶ</span> 
     </span>
    </p>
   </div>
   <div class='ocr_carea' id='block_1_16' title="bbox 342 1638 1993 1721">
    <p class='ocr_par' dir='ltr' id='par_1_16' title="bbox 342 1638 1993 1721">
     <span class='ocr_line' id='line_1_16' title="bbox 342 1638 1993 1721; baseline 0.001 -23"><span class='ocrx_word' id='word_1_103' title='bbox 342 1638 454 1699; x_wconf 79' lang='grc' dir='ltr'>ἔστι</span> <span class='ocrx_word' id='word_1_104' title='bbox 487 1642 783 1718; x_wconf 86' lang='grc' dir='ltr'>λαγχάνειν</span> <span class='ocrx_word' id='word_1_105' title='bbox 816 1646 902 1705; x_wconf 85' lang='grc' dir='ltr'><strong>καὶ</strong></span> <span class='ocrx_word' id='word_1_106' title='bbox 927 1647 1018 1701; x_wconf 87' lang='grc' dir='ltr'><strong>τὸν</strong></span> <span class='ocrx_word' id='word_1_107' title='bbox 1051 1645 1286 1716; x_wconf 79' lang='grc' dir='ltr'>ἀνάξιον,</span> <span class='ocrx_word' id='word_1_108' title='bbox 1340 1644 1557 1721; x_wconf 67' lang='grc' dir='ltr'>ούδέξγε</span> <span class='ocrx_word' id='word_1_109' title='bbox 1604 1648 1702 1715; x_wconf 78' lang='grc' dir='ltr'><strong>τήν</strong></span> <span class='ocrx_word' id='word_1_110' title='bbox 1752 1646 1857 1700; x_wconf 85' lang='grc' dir='ltr'><strong>ἀπὸ</strong></span> <span class='ocrx_word' id='word_1_111' title='bbox 1905 1643 1993 1719; x_wconf 76' lang='grc' dir='ltr'><strong>γὲ-</strong></span> 
     </span>
    </p>
   </div>
   <div class='ocr_carea' id='block_1_17' title="bbox 339 1732 1982 1811">
    <p class='ocr_par' dir='ltr' id='par_1_17' title="bbox 339 1732 1982 1811">
     <span class='ocr_line' id='line_1_17' title="bbox 339 1732 1982 1811; baseline 0.001 -24"><span class='ocrx_word' id='word_1_112' title='bbox 339 1753 486 1803; x_wconf 81' lang='grc' dir='ltr'>νους,</span> <span class='ocrx_word' id='word_1_113' title='bbox 539 1732 615 1795; x_wconf 85' lang='grc' dir='ltr'>εἰς</span> <span class='ocrx_word' id='word_1_114' title='bbox 661 1734 721 1802; x_wconf 78' lang='grc' dir='ltr'>ἦν</span> <span class='ocrx_word' id='word_1_115' title='bbox 790 1736 1272 1811; x_wconf 72' lang='grc' dir='ltr'>παρεισφοαρὲντες</span> <span class='ocrx_word' id='word_1_116' title='bbox 1331 1734 1603 1797; x_wconf 79' lang='grc' dir='ltr'>πολλάκις</span> <span class='ocrx_word' id='word_1_117' title='bbox 1663 1734 1982 1789; x_wconf 77' lang='grc' dir='ltr'>λανθάνουσι</span> 
     </span>
    </p>
   </div>
   <div class='ocr_carea' id='block_1_18' title="bbox 338 1819 1992 1896">
    <p class='ocr_par' dir='ltr' id='par_1_18' title="bbox 338 1819 1992 1896">
     <span class='ocr_line' id='line_1_18' title="bbox 338 1819 1992 1896; baseline 0.002 -22"><span class='ocrx_word' id='word_1_118' title='bbox 338 1819 429 1875; x_wconf 87' lang='grc' dir='ltr'><strong>καὶ</strong></span> <span class='ocrx_word' id='word_1_119' title='bbox 494 1821 546 1875; x_wconf 79' lang='grc' dir='ltr'>οἱ</span> <span class='ocrx_word' id='word_1_120' title='bbox 617 1820 884 1891; x_wconf 82' lang='grc' dir='ltr'>κάκιστοι,</span> <span class='ocrx_word' id='word_1_121' title='bbox 934 1822 1027 1884; x_wconf 79' lang='grc' dir='ltr'>οὓς</span> <span class='ocrx_word' id='word_1_122' title='bbox 1072 1821 1138 1891; x_wconf 81' lang='grc' dir='ltr'>δὴ</span> <span class='ocrx_word' id='word_1_123' title='bbox 1194 1824 1281 1877; x_wconf 88' lang='grc' dir='ltr'><strong>καὶ</strong></span> <span class='ocrx_word' id='word_1_124' title='bbox 1337 1821 1783 1896; x_wconf 70' lang='grc' dir='ltr'><strong>ἀποδοκιμάσειεν</strong></span> <span class='ocrx_word' id='word_1_125' title='bbox 1844 1822 1903 1876; x_wconf 77' lang='grc' dir='ltr'>ἂν</span> <span class='ocrx_word' id='word_1_126' title='bbox 1964 1824 1992 1877; x_wconf 77' lang='grc' dir='ltr'><strong>ὁ</strong></span> 
     </span>
    </p>
   </div>
   <div class='ocr_carea' id='block_1_19' title="bbox 341 1907 1995 1985">
    <p class='ocr_par' dir='ltr' id='par_1_19' title="bbox 341 1907 1995 1985">
     <span class='ocr_line' id='line_1_19' title="bbox 341 1907 1995 1985; baseline 0.004 -23"><span class='ocrx_word' id='word_1_127' title='bbox 341 1908 542 1982; x_wconf 78' lang='grc' dir='ltr'>ἀγαθὸς</span> <span class='ocrx_word' id='word_1_128' title='bbox 601 1907 790 1985; x_wconf 75' lang='grc' dir='ltr'>ἅρχων</span> <span class='ocrx_word' id='word_1_129' title='bbox 848 1911 937 1966; x_wconf 80' lang='grc' dir='ltr'><strong>καὶ</strong></span> <span class='ocrx_word' id='word_1_130' title='bbox 992 1910 1046 1968; x_wconf 72' lang='grc' dir='ltr'>ἐν</span> <span class='ocrx_word' id='word_1_131' title='bbox 1104 1910 1362 1981; x_wconf 80' lang='grc' dir='ltr'><strong>ὑπηκόων</strong></span> <span class='ocrx_word' id='word_1_132' title='bbox 1424 1912 1753 1983; x_wconf 79' lang='grc' dir='ltr'>ἐξετάζεσθαι</span> <span class='ocrx_word' id='word_1_133' title='bbox 1809 1911 1995 1985; x_wconf 72' lang='grc' dir='ltr'>μοίρᾳ,</span> 
     </span>
    </p>
   </div>
   <div class='ocr_carea' id='block_1_20' title="bbox 344 1995 1999 2077">
    <p class='ocr_par' dir='ltr' id='par_1_20' title="bbox 344 1995 1999 2077">
     <span class='ocr_line' id='line_1_20' title="bbox 344 1995 1999 2077; baseline 0.01 -26"><span class='ocrx_word' id='word_1_134' title='bbox 344 1995 490 2053; x_wconf 84' lang='grc' dir='ltr'><strong>ἀλλᾶ</strong></span> <span class='ocrx_word' id='word_1_135' title='bbox 532 1998 632 2066; x_wconf 82' lang='grc' dir='ltr'>τὴν</span> <span class='ocrx_word' id='word_1_136' title='bbox 680 1997 731 2069; x_wconf 74' lang='grc' dir='ltr'><strong>ἐξ</strong></span> <span class='ocrx_word' id='word_1_137' title='bbox 776 2000 972 2076; x_wconf 79' lang='grc' dir='ltr'>ἄρετῆς</span> <span class='ocrx_word' id='word_1_138' title='bbox 1021 1999 1111 2055; x_wconf 78' lang='grc' dir='ltr'>καί</span> <span class='ocrx_word' id='word_1_139' title='bbox 1162 1998 1486 2073; x_wconf 77' lang='grc' dir='ltr'>δοκιμασίας</span> <span class='ocrx_word' id='word_1_140' title='bbox 1538 1999 1759 2077; x_wconf 81' lang='grc' dir='ltr'>ἀρίστης</span> <span class='ocrx_word' id='word_1_141' title='bbox 1792 2001 1866 2054; x_wconf 76' lang='grc' dir='ltr'>ὧν</span> <span class='ocrx_word' id='word_1_142' title='bbox 1900 1996 1999 2073; x_wconf 79' lang='grc' dir='ltr'><strong>ἅρ-</strong></span> 
     </span>
    </p>
   </div>
   <div class='ocr_carea' id='block_1_21' title="bbox 346 2086 1991 2164">
    <p class='ocr_par' dir='ltr' id='par_1_21' title="bbox 346 2086 1991 2164">
     <span class='ocr_line' id='line_1_21' title="bbox 346 2086 1991 2164; baseline 0.001 -25"><span class='ocrx_word' id='word_1_143' title='bbox 346 2104 463 2159; x_wconf 75' lang='grc' dir='ltr'>χειν</span> <span class='ocrx_word' id='word_1_144' title='bbox 519 2086 732 2158; x_wconf 64' lang='grc' dir='ltr'>μέλλει.</span> <span class='ocrx_word' id='word_1_145' title='bbox 782 2087 930 2158; x_wconf 76' lang='grc' dir='ltr'>Αὕτη</span> <span class='ocrx_word' id='word_1_146' title='bbox 981 2088 1080 2164; x_wconf 76' lang='grc' dir='ltr'>γὰρ</span> <span class='ocrx_word' id='word_1_147' title='bbox 1112 2090 1199 2144; x_wconf 82' lang='grc' dir='ltr'><strong>καὶ</strong></span> <span class='ocrx_word' id='word_1_148' title='bbox 1238 2087 1530 2158; x_wconf 71' lang='grc' dir='ltr'>λυσιτελὴς</span> <span class='ocrx_word' id='word_1_149' title='bbox 1559 2094 1677 2151; x_wconf 86' lang='grc' dir='ltr'>τοῖς</span> <span class='ocrx_word' id='word_1_150' title='bbox 1704 2088 1991 2157; x_wconf 75' lang='grc' dir='ltr'>πλήθεσιν,</span> 
     </span>
    </p>
   </div>
   <div class='ocr_carea' id='block_1_22' title="bbox 349 2171 1988 2251">
    <p class='ocr_par' dir='ltr' id='par_1_22' title="bbox 349 2171 1988 2251">
     <span class='ocr_line' id='line_1_22' title="bbox 349 2171 1988 2251; baseline 0.002 -24"><span class='ocrx_word' id='word_1_151' title='bbox 349 2171 566 2232; x_wconf 81' lang='grc' dir='ltr'>είδότων</span> <span class='ocrx_word' id='word_1_152' title='bbox 625 2180 732 2231; x_wconf 80' lang='grc' dir='ltr'><strong>τῶν</strong></span> <span class='ocrx_word' id='word_1_153' title='bbox 791 2174 868 2239; x_wconf 76' lang='grc' dir='ltr'>εἷς</span> <span class='ocrx_word' id='word_1_154' title='bbox 925 2176 1103 2251; x_wconf 81' lang='grc' dir='ltr'>ἀρχὴν</span> <span class='ocrx_word' id='word_1_155' title='bbox 1168 2179 1542 2234; x_wconf 72' lang='grc' dir='ltr'>καταστάντων</span> <span class='ocrx_word' id='word_1_156' title='bbox 1601 2176 1688 2233; x_wconf 81' lang='grc' dir='ltr'>ἐπὶ</span> <span class='ocrx_word' id='word_1_157' title='bbox 1745 2176 1848 2231; x_wconf 85' lang='grc' dir='ltr'>τίνι</span> <span class='ocrx_word' id='word_1_158' title='bbox 1901 2176 1988 2232; x_wconf 84' lang='grc' dir='ltr'><strong>καὶ</strong></span> 
     </span>
    </p>
   </div>
   <div class='ocr_carea' id='block_1_23' title="bbox 347 2261 1990 2340">
    <p class='ocr_par' dir='ltr' id='par_1_23' title="bbox 347 2261 1990 2340">
     <span class='ocr_line' id='line_1_23' title="bbox 347 2261 1990 2340; baseline 0.001 -24"><span class='ocrx_word' id='word_1_159' title='bbox 347 2261 819 2335; x_wconf 77' lang='grc' dir='ltr'>προσεκλήθησαν.</span> <span class='ocrx_word' id='word_1_160' title='bbox 854 2264 1053 2338; x_wconf 84' lang='grc' dir='ltr'>Ἰατρόν</span> <span class='ocrx_word' id='word_1_161' title='bbox 1102 2264 1199 2340; x_wconf 75' lang='grc' dir='ltr'><strong>γὰρ</strong></span> <span class='ocrx_word' id='word_1_162' title='bbox 1235 2263 1357 2320; x_wconf 70' lang='grc' dir='ltr'>οὕτε</span> <span class='ocrx_word' id='word_1_163' title='bbox 1398 2267 1490 2320; x_wconf 87' lang='grc' dir='ltr'><strong>τὸν</strong></span> <span class='ocrx_word' id='word_1_164' title='bbox 1540 2264 1599 2319; x_wconf 79' lang='grc' dir='ltr'>ἐκ</span> <span class='ocrx_word' id='word_1_165' title='bbox 1638 2264 1818 2338; x_wconf 78' lang='grc' dir='ltr'>τύχης</span> <span class='ocrx_word' id='word_1_166' title='bbox 1868 2262 1990 2318; x_wconf 73' lang='grc' dir='ltr'>οὔτε</span> 
     </span>
    </p>
   </div>
   <div class='ocr_carea' id='block_1_24' title="bbox 346 2350 1990 2427">
    <p class='ocr_par' dir='ltr' id='par_1_24' title="bbox 346 2350 1990 2427">
     <span class='ocr_line' id='line_1_24' title="bbox 346 2350 1990 2427; baseline 0.002 -22"><span class='ocrx_word' id='word_1_167' title='bbox 346 2352 437 2406; x_wconf 86' lang='grc' dir='ltr'>τὸν</span> <span class='ocrx_word' id='word_1_168' title='bbox 466 2350 525 2406; x_wconf 68' lang='grc' dir='ltr'>ἑκ</span> <span class='ocrx_word' id='word_1_169' title='bbox 551 2354 737 2427; x_wconf 69' lang='grc' dir='ltr'>γένους</span> <span class='ocrx_word' id='word_1_170' title='bbox 768 2353 843 2416; x_wconf 86' lang='grc' dir='ltr'>εἷς</span> <span class='ocrx_word' id='word_1_171' title='bbox 868 2354 928 2408; x_wconf 85' lang='grc' dir='ltr'>τὸ</span> <span class='ocrx_word' id='word_1_172' title='bbox 959 2358 1134 2410; x_wconf 78' lang='grc' dir='ltr'>ποιεῖν</span> <span class='ocrx_word' id='word_1_173' title='bbox 1162 2353 1338 2427; x_wconf 86' lang='grc' dir='ltr'>ὑγείαν</span> <span class='ocrx_word' id='word_1_174' title='bbox 1388 2359 1504 2418; x_wconf 88' lang='grc' dir='ltr'>τοῖς</span> <span class='ocrx_word' id='word_1_175' title='bbox 1549 2357 1790 2409; x_wconf 79' lang='grc' dir='ltr'>νοσοῦσιν</span> <span class='ocrx_word' id='word_1_176' title='bbox 1842 2352 1990 2424; x_wconf 83' lang='grc' dir='ltr'>ἀξιό-</span> 
     </span>
    </p>
   </div>
   <div class='ocr_carea' id='block_1_25' title="bbox 351 2438 1993 2516">
    <p class='ocr_par' dir='ltr' id='par_1_25' title="bbox 351 2438 1993 2516">
     <span class='ocr_line' id='line_1_25' title="bbox 351 2438 1993 2516; baseline 0.002 -24"><span class='ocrx_word' id='word_1_177' title='bbox 351 2458 531 2513; x_wconf 77' lang='grc' dir='ltr'>χρεων</span> <span class='ocrx_word' id='word_1_178' title='bbox 582 2439 843 2515; x_wconf 77' lang='grc' dir='ltr'>εἷ’ποιμεν·</span> <span class='ocrx_word' id='word_1_179' title='bbox 889 2442 973 2496; x_wconf 85' lang='grc' dir='ltr'><strong>καὶ</strong></span> <span class='ocrx_word' id='word_1_180' title='bbox 1022 2440 1072 2497; x_wconf 85' lang='grc' dir='ltr'><strong>εἷ’</strong></span> <span class='ocrx_word' id='word_1_181' title='bbox 1124 2440 1182 2496; x_wconf 75' lang='grc' dir='ltr'>ἐκ</span> <span class='ocrx_word' id='word_1_182' title='bbox 1230 2443 1419 2516; x_wconf 68' lang='grc' dir='ltr'>γένους</span> <span class='ocrx_word' id='word_1_183' title='bbox 1455 2442 1546 2498; x_wconf 86' lang='grc' dir='ltr'>τὸν</span> <span class='ocrx_word' id='word_1_184' title='bbox 1589 2438 1993 2515; x_wconf 72' lang='grc' dir='ltr'>κυϐερνήσοντα</span> 
     </span>
    </p>
   </div>
   <div class='ocr_carea' id='block_1_26' title="bbox 358 2525 1989 2605">
    <p class='ocr_par' dir='ltr' id='par_1_26' title="bbox 358 2525 1989 2605">
     <span class='ocr_line' id='line_1_26' title="bbox 358 2525 1989 2605; baseline 0.001 -24"><span class='ocrx_word' id='word_1_185' title='bbox 358 2526 745 2602; x_wconf 75' lang='grc' dir='ltr'>ἐγκρινοῦμεν,</span> <span class='ocrx_word' id='word_1_186' title='bbox 808 2532 1229 2599; x_wconf 71' lang='grc' dir='ltr'>καταποντιστήν</span> <span class='ocrx_word' id='word_1_187' title='bbox 1294 2530 1505 2605; x_wconf 74' lang='grc' dir='ltr'>μᾶλλον</span> <span class='ocrx_word' id='word_1_188' title='bbox 1563 2532 1597 2602; x_wconf 69' lang='grc' dir='ltr'><strong>ἢ</strong></span> <span class='ocrx_word' id='word_1_189' title='bbox 1655 2525 1989 2604; x_wconf 73' lang='grc' dir='ltr'>κυϐερνήτην</span> 
     </span>
    </p>
   </div>
   <div class='ocr_carea' id='block_1_27' title="bbox 2106 758 3740 833">
    <p class='ocr_par' dir='ltr' id='par_1_27' title="bbox 2106 758 3740 833">
     <span class='ocr_line' id='line_1_27' title="bbox 2106 758 3740 833; baseline 0.003 -19"><span class='ocrx_word' id='word_1_190' title='bbox 2106 758 2318 833; x_wconf 78' lang='grc' dir='ltr'>μᾶλλον</span> <span class='ocrx_word' id='word_1_191' title='bbox 2351 759 2657 833; x_wconf 78' lang='grc' dir='ltr'>καθάρσεως</span> <span class='ocrx_word' id='word_1_192' title='bbox 2691 760 2787 817; x_wconf 71' lang='grc' dir='ltr'>εἴτ’</span> <span class='ocrx_word' id='word_1_193' title='bbox 2819 760 2907 817; x_wconf 77' lang='grc' dir='ltr'>οὖν</span> <span class='ocrx_word' id='word_1_194' title='bbox 2966 759 3295 826; x_wconf 79' lang='grc' dir='ltr'>παιδεύσεως</span> <span class='ocrx_word' id='word_1_195' title='bbox 3326 762 3403 827; x_wconf 73' lang='grc' dir='ltr'><strong>εἷς</strong></span> <span class='ocrx_word' id='word_1_196' title='bbox 3455 765 3515 818; x_wconf 87' lang='grc' dir='ltr'>τὸ</span> <span class='ocrx_word' id='word_1_197' title='bbox 3558 761 3740 827; x_wconf 81' lang='grc' dir='ltr'>καλῶς</span> 
     </span>
    </p>
   </div>
   <div class='ocr_carea' id='block_1_28' title="bbox 2108 846 3743 925">
    <p class='ocr_par' dir='ltr' id='par_1_28' title="bbox 2108 846 3743 925">
     <span class='ocr_line' id='line_1_28' title="bbox 2108 846 3743 925; baseline 0.004 -23"><span class='ocrx_word' id='word_1_198' title='bbox 2108 847 2411 923; x_wconf 74' lang='grc' dir='ltr'>βασιλεύειν</span> <span class='ocrx_word' id='word_1_199' title='bbox 2461 846 2713 922; x_wconf 89' lang='grc' dir='ltr'>δεόμενον</span> <span class='ocrx_word' id='word_1_200' title='bbox 2767 849 3064 925; x_wconf 75' lang='grc' dir='ltr'>ἀκάθαρτον</span> <span class='ocrx_word' id='word_1_201' title='bbox 3115 851 3247 907; x_wconf 79' lang='grc' dir='ltr'>εἶναι</span> <span class='ocrx_word' id='word_1_202' title='bbox 3299 850 3573 924; x_wconf 85' lang='grc' dir='ltr'>μάλιστα,</span> <span class='ocrx_word' id='word_1_203' title='bbox 3630 853 3743 925; x_wconf 78' lang='grc' dir='ltr'>ἅμα</span> 
     </span>
    </p>
   </div>
   <div class='ocr_carea' id='block_1_29' title="bbox 2104 936 3743 1015">
    <p class='ocr_par' dir='ltr' id='par_1_29' title="bbox 2104 936 3743 1015">
     <span class='ocr_line' id='line_1_29' title="bbox 2104 936 3743 1015; baseline 0.002 -22"><span class='ocrx_word' id='word_1_204' title='bbox 2104 936 2423 1011; x_wconf 72' lang='grc' dir='ltr'>γεννηθέντα</span> <span class='ocrx_word' id='word_1_205' title='bbox 2479 937 2567 992; x_wconf 83' lang='grc' dir='ltr'><strong>καὶ</strong></span> <span class='ocrx_word' id='word_1_206' title='bbox 2628 940 2739 1010; x_wconf 80' lang='grc' dir='ltr'><strong>ἅμα</strong></span> <span class='ocrx_word' id='word_1_207' title='bbox 2795 944 3019 1015; x_wconf 74' lang='grc' dir='ltr'>τρυφαῖς</span> <span class='ocrx_word' id='word_1_208' title='bbox 3076 940 3164 996; x_wconf 88' lang='grc' dir='ltr'><strong>καὶ</strong></span> <span class='ocrx_word' id='word_1_209' title='bbox 3223 938 3519 1003; x_wconf 85' lang='grc' dir='ltr'>σπατάλαις</span> <span class='ocrx_word' id='word_1_210' title='bbox 3568 944 3743 1015; x_wconf 80' lang='grc' dir='ltr'>παρα-</span> 
     </span>
    </p>
   </div>
   <div class='ocr_carea' id='block_1_30' title="bbox 2108 1024 3745 1104">
    <p class='ocr_par' dir='ltr' id='par_1_30' title="bbox 2108 1024 3745 1104">
     <span class='ocr_line' id='line_1_30' title="bbox 2108 1024 3745 1104; baseline 0.002 -24"><span class='ocrx_word' id='word_1_211' title='bbox 2108 1024 2383 1101; x_wconf 75' lang='grc' dir='ltr'>ληφθέντα</span> <span class='ocrx_word' id='word_1_212' title='bbox 2433 1024 2762 1099; x_wconf 81' lang='grc' dir='ltr'>βασιλικαῖς,</span> <span class='ocrx_word' id='word_1_213' title='bbox 2828 1024 3223 1104; x_wconf 75' lang='grc' dir='ltr'>ὑφεδρευούσης</span> <span class='ocrx_word' id='word_1_214' title='bbox 3283 1029 3376 1101; x_wconf 73' lang='grc' dir='ltr'>μὲν</span> <span class='ocrx_word' id='word_1_215' title='bbox 3434 1026 3745 1101; x_wconf 87' lang='grc' dir='ltr'>κολακείας,</span> 
     </span>
    </p>
   </div>
   <div class='ocr_carea' id='block_1_31' title="bbox 2107 1110 3747 1185">
    <p class='ocr_par' dir='ltr' id='par_1_31' title="bbox 2107 1110 3747 1185">
     <span class='ocr_line' id='line_1_31' title="bbox 2107 1110 3747 1185; baseline 0.002 -17"><span class='ocrx_word' id='word_1_216' title='bbox 2107 1110 2350 1169; x_wconf 85' lang='grc' dir='ltr'>ἐκποδὼν</span> <span class='ocrx_word' id='word_1_217' title='bbox 2403 1112 2448 1167; x_wconf 86' lang='grc' dir='ltr'>δ’</span> <span class='ocrx_word' id='word_1_218' title='bbox 2489 1111 2654 1183; x_wconf 69' lang='grc' dir='ltr'>οὔσης</span> <span class='ocrx_word' id='word_1_219' title='bbox 2711 1113 2987 1185; x_wconf 84' lang='grc' dir='ltr'>ἀληθείας,</span> <span class='ocrx_word' id='word_1_220' title='bbox 3039 1118 3124 1171; x_wconf 81' lang='grc' dir='ltr'><strong>καὶ</strong></span> <span class='ocrx_word' id='word_1_221' title='bbox 3185 1121 3290 1172; x_wconf 81' lang='grc' dir='ltr'><strong>τῶν</strong></span> <span class='ocrx_word' id='word_1_222' title='bbox 3351 1117 3615 1173; x_wconf 77' lang='grc' dir='ltr'>κακίστων</span> <span class='ocrx_word' id='word_1_223' title='bbox 3671 1118 3747 1182; x_wconf 84' lang='grc' dir='ltr'>ὡς</span> 
     </span>
    </p>
   </div>
   <div class='ocr_carea' id='block_1_32' title="bbox 2107 1200 3749 1280">
    <p class='ocr_par' dir='ltr' id='par_1_32' title="bbox 2107 1200 3749 1280">
     <span class='ocr_line' id='line_1_32' title="bbox 2107 1200 3749 1280; baseline 0.002 -22"><span class='ocrx_word' id='word_1_224' title='bbox 2107 1200 2416 1258; x_wconf 85' lang='grc' dir='ltr'>καλλίστων</span> <span class='ocrx_word' id='word_1_225' title='bbox 2494 1204 3009 1277; x_wconf 83' lang='grc' dir='ltr'>ὡποκοριζομένων,</span> <span class='ocrx_word' id='word_1_226' title='bbox 3076 1207 3149 1270; x_wconf 82' lang='grc' dir='ltr'>ὡς</span> <span class='ocrx_word' id='word_1_227' title='bbox 3206 1207 3233 1261; x_wconf 85' lang='grc' dir='ltr'>ὁ</span> <span class='ocrx_word' id='word_1_228' title='bbox 3292 1204 3525 1270; x_wconf 85' lang='grc' dir='ltr'>παλαιὸς</span> <span class='ocrx_word' id='word_1_229' title='bbox 3583 1206 3749 1280; x_wconf 82' lang='grc' dir='ltr'>λόγος</span> 
     </span>
    </p>
   </div>
   <div class='ocr_carea' id='block_1_33' title="bbox 2108 1288 3748 1368">
    <p class='ocr_par' dir='ltr' id='par_1_33' title="bbox 2108 1288 3748 1368">
     <span class='ocr_line' id='line_1_33' title="bbox 2108 1288 3748 1368; baseline 0.002 -22"><span class='ocrx_word' id='word_1_230' title='bbox 2108 1288 2247 1365; x_wconf 65' lang='grc' dir='ltr'>ἕχει,</span> <span class='ocrx_word' id='word_1_231' title='bbox 2281 1291 2369 1345; x_wconf 84' lang='grc' dir='ltr'><strong>ὅτε</strong></span> <span class='ocrx_word' id='word_1_232' title='bbox 2399 1292 2485 1345; x_wconf 85' lang='grc' dir='ltr'><strong>καὶ</strong></span> <span class='ocrx_word' id='word_1_233' title='bbox 2514 1291 2576 1347; x_wconf 87' lang='grc' dir='ltr'>τὸ</span> <span class='ocrx_word' id='word_1_234' title='bbox 2607 1289 2843 1364; x_wconf 61' lang='grc' dir='ltr'>ἐμμελὲς</span> <span class='ocrx_word' id='word_1_235' title='bbox 2878 1295 3091 1368; x_wconf 81' lang='grc' dir='ltr'>βήττειν</span> <span class='ocrx_word' id='word_1_236' title='bbox 3124 1293 3340 1351; x_wconf 82' lang='grc' dir='ltr'>ἀκούειν</span> <span class='ocrx_word' id='word_1_237' title='bbox 3384 1296 3451 1365; x_wconf 83' lang='grc' dir='ltr'>ἦν</span> <span class='ocrx_word' id='word_1_238' title='bbox 3478 1294 3536 1350; x_wconf 71' lang='grc' dir='ltr'>ἐκ</span> <span class='ocrx_word' id='word_1_239' title='bbox 3580 1291 3748 1351; x_wconf 85' lang='grc' dir='ltr'>κολά-</span> 
     </span>
    </p>
   </div>
   <div class='ocr_carea' id='block_1_34' title="bbox 2110 1376 3751 1458">
    <p class='ocr_par' dir='ltr' id='par_1_34' title="bbox 2110 1376 3751 1458">
     <span class='ocr_line' id='line_1_34' title="bbox 2110 1376 3751 1458; baseline 0.002 -23"><span class='ocrx_word' id='word_1_240' title='bbox 2110 1402 2217 1435; x_wconf 89' lang='grc' dir='ltr'><strong>κων</strong></span> <span class='ocrx_word' id='word_1_241' title='bbox 2266 1385 2343 1450; x_wconf 82' lang='grc' dir='ltr'>τῷ</span> <span class='ocrx_word' id='word_1_242' title='bbox 2391 1376 2504 1451; x_wconf 75' lang='grc' dir='ltr'>ἅμα</span> <span class='ocrx_word' id='word_1_243' title='bbox 2559 1381 2652 1451; x_wconf 69' lang='grc' dir='ltr'>μὲν</span> <span class='ocrx_word' id='word_1_244' title='bbox 2694 1382 2924 1458; x_wconf 79' lang='grc' dir='ltr'>ἄρχοντι</span> <span class='ocrx_word' id='word_1_245' title='bbox 2954 1384 3067 1456; x_wconf 77' lang='grc' dir='ltr'>ἅμα</span> <span class='ocrx_word' id='word_1_246' title='bbox 3098 1379 3153 1438; x_wconf 65' lang='grc' dir='ltr'>δὲ</span> <span class='ocrx_word' id='word_1_247' title='bbox 3180 1381 3466 1458; x_wconf 81' lang='grc' dir='ltr'>πάσχοντι,</span> <span class='ocrx_word' id='word_1_248' title='bbox 3514 1381 3607 1438; x_wconf 78' lang='grc' dir='ltr'><strong>κᾶν</strong></span> <span class='ocrx_word' id='word_1_249' title='bbox 3667 1403 3751 1447; x_wconf 89' lang='grc' dir='ltr'><strong>τις</strong></span> 
     </span>
    </p>
   </div>
   <div class='ocr_carea' id='block_1_35' title="bbox 2110 1468 3751 1543">
    <p class='ocr_par' dir='ltr' id='par_1_35' title="bbox 2110 1468 3751 1543">
     <span class='ocr_line' id='line_1_35' title="bbox 2110 1468 3751 1543; baseline 0.002 -21"><span class='ocrx_word' id='word_1_250' title='bbox 2110 1468 2373 1524; x_wconf 77' lang='grc' dir='ltr'>νουθετῶν</span> <span class='ocrx_word' id='word_1_251' title='bbox 2438 1468 2753 1543; x_wconf 81' lang='grc' dir='ltr'>ὑπογρύξῃ,</span> <span class='ocrx_word' id='word_1_252' title='bbox 2814 1470 2889 1532; x_wconf 84' lang='grc' dir='ltr'><strong>ὡς</strong></span> <span class='ocrx_word' id='word_1_253' title='bbox 2946 1468 3171 1535; x_wconf 79' lang='grc' dir='ltr'>δύσνους</span> <span class='ocrx_word' id='word_1_254' title='bbox 3221 1472 3310 1526; x_wconf 84' lang='grc' dir='ltr'>καὶ</span> <span class='ocrx_word' id='word_1_255' title='bbox 3361 1473 3615 1533; x_wconf 79' lang='grc' dir='ltr'>κάκιστος</span> <span class='ocrx_word' id='word_1_256' title='bbox 3672 1468 3751 1526; x_wconf 80' lang='grc' dir='ltr'>διο</span> 
     </span>
    </p>
   </div>
   <div class='ocr_carea' id='block_1_36' title="bbox 2112 1553 3753 1633">
    <p class='ocr_par' dir='ltr' id='par_1_36' title="bbox 2112 1553 3753 1633">
     <span class='ocr_line' id='line_1_36' title="bbox 2112 1553 3753 1633; baseline 0 -20"><span class='ocrx_word' id='word_1_257' title='bbox 2112 1553 2400 1626; x_wconf 77' lang='grc' dir='ltr'>εϐάλλετο,</span> <span class='ocrx_word' id='word_1_258' title='bbox 2434 1557 2506 1617; x_wconf 84' lang='grc' dir='ltr'>ὡς</span> <span class='ocrx_word' id='word_1_259' title='bbox 2564 1560 2662 1628; x_wconf 74' lang='grc' dir='ltr'>τὴν</span> <span class='ocrx_word' id='word_1_260' title='bbox 2721 1557 3033 1633; x_wconf 84' lang='grc' dir='ltr'>παραίνεσιν</span> <span class='ocrx_word' id='word_1_261' title='bbox 3080 1559 3367 1633; x_wconf 77' lang='grc' dir='ltr'>πρόσταξιν</span> <span class='ocrx_word' id='word_1_262' title='bbox 3401 1559 3659 1633; x_wconf 69' lang='grc' dir='ltr'>ἑχόντων.</span> <span class='ocrx_word' id='word_1_263' title='bbox 3689 1560 3753 1614; x_wconf 82' lang='lat' dir='ltr'><strong>O&#39;t</strong></span> 
     </span>
    </p>
   </div>
   <div class='ocr_carea' id='block_1_37' title="bbox 2112 1643 3752 1723">
    <p class='ocr_par' dir='ltr' id='par_1_37' title="bbox 2112 1643 3752 1723">
     <span class='ocr_line' id='line_1_37' title="bbox 2112 1643 3752 1723; baseline 0.002 -24"><span class='ocrx_word' id='word_1_264' title='bbox 2112 1643 2169 1700; x_wconf 71' lang='grc' dir='ltr'>δὲ</span> <span class='ocrx_word' id='word_1_265' title='bbox 2200 1646 2287 1701; x_wconf 85' lang='grc' dir='ltr'><strong>καὶ</strong></span> <span class='ocrx_word' id='word_1_266' title='bbox 2317 1648 2382 1699; x_wconf 79' lang='grc' dir='ltr'>τὰ</span> <span class='ocrx_word' id='word_1_267' title='bbox 2411 1646 2668 1720; x_wconf 82' lang='grc' dir='ltr'>γινόμενα</span> <span class='ocrx_word' id='word_1_268' title='bbox 2702 1644 3144 1723; x_wconf 80' lang='grc' dir='ltr'>δυσχεραίνοντες</span> <span class='ocrx_word' id='word_1_269' title='bbox 3194 1645 3343 1704; x_wconf 74' lang='grc' dir='ltr'>οὐδὲν</span> <span class='ocrx_word' id='word_1_270' title='bbox 3376 1648 3539 1717; x_wconf 76' lang='grc' dir='ltr'>ἦττον</span> <span class='ocrx_word' id='word_1_271' title='bbox 3580 1644 3752 1703; x_wconf 79' lang='grc' dir='ltr'>κολα-</span> 
     </span>
    </p>
   </div>
   <div class='ocr_carea' id='block_1_38' title="bbox 2110 1730 3751 1809">
    <p class='ocr_par' dir='ltr' id='par_1_38' title="bbox 2110 1730 3751 1809">
     <span class='ocr_line' id='line_1_38' title="bbox 2110 1730 3751 1809; baseline 0.004 -24"><span class='ocrx_word' id='word_1_272' title='bbox 2110 1730 2377 1799; x_wconf 84' lang='grc' dir='ltr'>κεύουσιν,</span> <span class='ocrx_word' id='word_1_273' title='bbox 2452 1732 2907 1805; x_wconf 80' lang='grc' dir='ltr'>ἀποσεμνύνοντες</span> <span class='ocrx_word' id='word_1_274' title='bbox 2984 1733 3147 1790; x_wconf 70' lang='grc' dir='ltr'>πλέον</span> <span class='ocrx_word' id='word_1_275' title='bbox 3222 1739 3317 1791; x_wconf 79' lang='grc' dir='ltr'>τοῦ</span> <span class='ocrx_word' id='word_1_276' title='bbox 3391 1735 3611 1809; x_wconf 85' lang='grc' dir='ltr'>μετρίου</span> <span class='ocrx_word' id='word_1_277' title='bbox 3661 1736 3751 1791; x_wconf 89' lang='grc' dir='ltr'>τὸν</span> 
     </span>
    </p>
   </div>
   <div class='ocr_carea' id='block_1_39' title="bbox 2111 1818 3749 1898">
    <p class='ocr_par' dir='ltr' id='par_1_39' title="bbox 2111 1818 3749 1898">
     <span class='ocr_line' id='line_1_39' title="bbox 2111 1818 3749 1898; baseline 0.004 -24"><span class='ocrx_word' id='word_1_278' title='bbox 2111 1818 2372 1894; x_wconf 73' lang='grc' dir='ltr'>ἄρχοντα,</span> <span class='ocrx_word' id='word_1_279' title='bbox 2406 1821 2495 1875; x_wconf 86' lang='grc' dir='ltr'><strong>καὶ</strong></span> <span class='ocrx_word' id='word_1_280' title='bbox 2567 1822 2657 1876; x_wconf 87' lang='grc' dir='ltr'><strong>τὸν</strong></span> <span class='ocrx_word' id='word_1_281' title='bbox 2730 1826 2894 1898; x_wconf 78' lang='grc' dir='ltr'>τῦφον</span> <span class='ocrx_word' id='word_1_282' title='bbox 2971 1823 3335 1898; x_wconf 79' lang='grc' dir='ltr'>συναύξουσιν.</span> <span class='ocrx_word' id='word_1_283' title='bbox 3404 1827 3634 1882; x_wconf 83' lang='grc' dir='ltr'>Ἐκεῖνοι</span> <span class='ocrx_word' id='word_1_284' title='bbox 3691 1823 3749 1880; x_wconf 72' lang='grc' dir='ltr'>δὶ</span> 
     </span>
    </p>
   </div>
   <div class='ocr_carea' id='block_1_40' title="bbox 2114 1907 3756 1988">
    <p class='ocr_par' dir='ltr' id='par_1_40' title="bbox 2114 1907 3756 1988">
     <span class='ocr_line' id='line_1_40' title="bbox 2114 1907 3756 1988; baseline 0.004 -26"><span class='ocrx_word' id='word_1_285' title='bbox 2114 1907 2294 1981; x_wconf 84' lang='grc' dir='ltr'>ὥσπερ</span> <span class='ocrx_word' id='word_1_286' title='bbox 2371 1908 2458 1962; x_wconf 71' lang='grc' dir='ltr'>ἰπὶ</span> <span class='ocrx_word' id='word_1_287' title='bbox 2535 1915 2740 1979; x_wconf 82' lang='grc' dir='ltr'>σκηνῆς</span> <span class='ocrx_word' id='word_1_288' title='bbox 2817 1907 3046 1987; x_wconf 76' lang='grc' dir='ltr'>διάφορα</span> <span class='ocrx_word' id='word_1_289' title='bbox 3116 1918 3431 1986; x_wconf 86' lang='grc' dir='ltr'>προσωπεῖα</span> <span class='ocrx_word' id='word_1_290' title='bbox 3481 1910 3756 1988; x_wconf 76' lang='grc' dir='ltr'>περιτιθὲ-</span> 
     </span>
    </p>
   </div>
   <div class='ocr_carea' id='block_1_41' title="bbox 2117 1996 3751 2078">
    <p class='ocr_par' dir='ltr' id='par_1_41' title="bbox 2117 1996 3751 2078">
     <span class='ocr_line' id='line_1_41' title="bbox 2117 1996 3751 2078; baseline 0.004 -28"><span class='ocrx_word' id='word_1_291' title='bbox 2117 2016 2289 2068; x_wconf 69' lang='grc' dir='ltr'>μενοι,</span> <span class='ocrx_word' id='word_1_292' title='bbox 2322 1996 2459 2064; x_wconf 85' lang='grc' dir='ltr'>πρὸς</span> <span class='ocrx_word' id='word_1_293' title='bbox 2484 1997 2545 2051; x_wconf 89' lang='grc' dir='ltr'>τὸ</span> <span class='ocrx_word' id='word_1_294' title='bbox 2577 1996 2807 2071; x_wconf 79' lang='grc' dir='ltr'>άρίστως</span> <span class='ocrx_word' id='word_1_295' title='bbox 2843 1996 3144 2070; x_wconf 86' lang='grc' dir='ltr'>βασιλεύειν</span> <span class='ocrx_word' id='word_1_296' title='bbox 3188 2002 3249 2056; x_wconf 90' lang='grc' dir='ltr'>τὸ</span> <span class='ocrx_word' id='word_1_297' title='bbox 3295 2000 3446 2075; x_wconf 75' lang='grc' dir='ltr'>γένος</span> <span class='ocrx_word' id='word_1_298' title='bbox 3492 2000 3751 2078; x_wconf 75' lang='grc' dir='ltr'>ἆχὲγγυον</span> 
     </span>
    </p>
   </div>
   <div class='ocr_carea' id='block_1_42' title="bbox 2106 2083 3750 2164">
    <p class='ocr_par' dir='ltr' id='par_1_42' title="bbox 2106 2083 3750 2164">
     <span class='ocr_line' id='line_1_42' title="bbox 2106 2083 3750 2164; baseline 0.002 -25"><span class='ocrx_word' id='word_1_299' title='bbox 2106 2083 2332 2155; x_wconf 79' lang='grc' dir='ltr'>ο’ίονται,</span> <span class='ocrx_word' id='word_1_300' title='bbox 2410 2083 2589 2159; x_wconf 81' lang='grc' dir='ltr'>ὥσπερ</span> <span class='ocrx_word' id='word_1_301' title='bbox 2666 2084 2719 2140; x_wconf 82' lang='grc' dir='ltr'>ἐν</span> <span class='ocrx_word' id='word_1_302' title='bbox 2788 2091 2906 2148; x_wconf 85' lang='grc' dir='ltr'>ταῖς</span> <span class='ocrx_word' id='word_1_303' title='bbox 2966 2088 3207 2162; x_wconf 86' lang='grc' dir='ltr'>πρώταις</span> <span class='ocrx_word' id='word_1_304' title='bbox 3261 2092 3370 2144; x_wconf 82' lang='grc' dir='ltr'>τῶν</span> <span class='ocrx_word' id='word_1_305' title='bbox 3430 2089 3750 2164; x_wconf 84' lang='grc' dir='ltr'>σπερμάτων</span> 
     </span>
    </p>
   </div>
   <div class='ocr_carea' id='block_1_43' title="bbox 2100 2168 3751 2250">
    <p class='ocr_par' dir='ltr' id='par_1_43' title="bbox 2100 2168 3751 2250">
     <span class='ocr_line' id='line_1_43' title="bbox 2100 2168 3751 2250; baseline 0.005 -23"><span class='ocrx_word' id='word_1_306' title='bbox 2100 2168 2430 2236; x_wconf 75' lang='grc' dir='ltr'>καταϐολαῖς</span> <span class='ocrx_word' id='word_1_307' title='bbox 2490 2172 2786 2247; x_wconf 82' lang='grc' dir='ltr'>βασιλικῶν</span> <span class='ocrx_word' id='word_1_308' title='bbox 2839 2194 3000 2231; x_wconf 90' lang='grc' dir='ltr'>τινων</span> <span class='ocrx_word' id='word_1_309' title='bbox 3061 2172 3338 2249; x_wconf 79' lang='grc' dir='ltr'>δυνάμεων</span> <span class='ocrx_word' id='word_1_310' title='bbox 3399 2175 3478 2241; x_wconf 84' lang='grc' dir='ltr'><strong>εἷς</strong></span> <span class='ocrx_word' id='word_1_311' title='bbox 3527 2177 3751 2250; x_wconf 80' lang='grc' dir='ltr'>ἀρίστην</span> 
     </span>
    </p>
   </div>
   <div class='ocr_carea' id='block_1_44' title="bbox 2100 2260 3750 2337">
    <p class='ocr_par' dir='ltr' id='par_1_44' title="bbox 2100 2260 3750 2337">
     <span class='ocr_line' id='line_1_44' title="bbox 2100 2260 3750 2337; baseline 0.002 -23"><span class='ocrx_word' id='word_1_312' title='bbox 2100 2260 2390 2336; x_wconf 74' lang='grc' dir='ltr'>ἡγεμονίαν</span> <span class='ocrx_word' id='word_1_313' title='bbox 2443 2262 2696 2319; x_wconf 75' lang='grc' dir='ltr'>ἐνουσῶν.</span> <span class='ocrx_word' id='word_1_314' title='bbox 2745 2266 2919 2317; x_wconf 75' lang='grc' dir='ltr'>Ταῦτα</span> <span class='ocrx_word' id='word_1_315' title='bbox 2968 2261 3214 2337; x_wconf 72' lang='grc' dir='ltr'>λέγοντες</span> <span class='ocrx_word' id='word_1_316' title='bbox 3254 2263 3526 2320; x_wconf 74' lang='grc' dir='ltr'>ἐπέκειντο</span> <span class='ocrx_word' id='word_1_317' title='bbox 3584 2265 3750 2320; x_wconf 71' lang='grc' dir='ltr'>πλέον</span> 
     </span>
    </p>
   </div>
   <div class='ocr_carea' id='block_1_45' title="bbox 2103 2347 3755 2430">
    <p class='ocr_par' dir='ltr' id='par_1_45' title="bbox 2103 2347 3755 2430">
     <span class='ocr_line' id='line_1_45' title="bbox 2103 2347 3755 2430; baseline 0.004 -27"><span class='ocrx_word' id='word_1_318' title='bbox 2103 2347 2233 2404; x_wconf 77' lang='grc' dir='ltr'>ἰδεῖν</span> <span class='ocrx_word' id='word_1_319' title='bbox 2266 2350 2359 2404; x_wconf 87' lang='grc' dir='ltr'>τὸν</span> <span class='ocrx_word' id='word_1_320' title='bbox 2392 2347 2657 2419; x_wconf 78' lang='grc' dir='ltr'>δεσπότην</span> <span class='ocrx_word' id='word_1_321' title='bbox 2688 2351 2777 2406; x_wconf 84' lang='grc' dir='ltr'><strong>καὶ</strong></span> <span class='ocrx_word' id='word_1_322' title='bbox 2816 2353 3181 2430; x_wconf 75' lang='grc' dir='ltr'>στεφηφόρον,</span> <span class='ocrx_word' id='word_1_323' title='bbox 3210 2352 3300 2409; x_wconf 86' lang='grc' dir='ltr'><strong>καὶ</strong></span> <span class='ocrx_word' id='word_1_324' title='bbox 3332 2350 3529 2423; x_wconf 72' lang='grc' dir='ltr'>ἤνυτον</span> <span class='ocrx_word' id='word_1_325' title='bbox 3576 2374 3755 2430; x_wconf 84' lang='grc' dir='ltr'>προσ-</span> 
     </span>
    </p>
   </div>
   <div class='ocr_carea' id='block_1_46' title="bbox 2104 2438 3757 2519">
    <p class='ocr_par' dir='ltr' id='par_1_46' title="bbox 2104 2438 3757 2519">
     <span class='ocr_line' id='line_1_46' title="bbox 2104 2438 3757 2519; baseline 0.004 -26"><span class='ocrx_word' id='word_1_326' title='bbox 2104 2438 2485 2514; x_wconf 82' lang='grc' dir='ltr'>αναγκάζοντες</span> <span class='ocrx_word' id='word_1_327' title='bbox 2538 2443 2806 2514; x_wconf 78' lang='grc' dir='ltr'>συνεχῶς.</span> <span class='ocrx_word' id='word_1_328' title='bbox 2868 2443 2949 2512; x_wconf 88' lang='grc' dir='ltr'><strong>[Ρ.</strong></span> <span class='ocrx_word' id='word_1_329' title='bbox 2984 2444 3075 2514; x_wconf 86' lang='grc'><strong>58]</strong></span> <span class='ocrx_word' id='word_1_330' title='bbox 3124 2444 3222 2501; x_wconf 84' lang='grc' dir='ltr'>Ἦν</span> <span class='ocrx_word' id='word_1_331' title='bbox 3265 2441 3367 2519; x_wconf 81' lang='grc' dir='ltr'><strong>γὰρ</strong></span> <span class='ocrx_word' id='word_1_332' title='bbox 3416 2445 3508 2499; x_wconf 84' lang='grc' dir='ltr'>καί</span> <span class='ocrx_word' id='word_1_333' title='bbox 3567 2445 3594 2498; x_wconf 87' lang='grc' dir='ltr'>ὁ</span> <span class='ocrx_word' id='word_1_334' title='bbox 3653 2447 3757 2499; x_wconf 83' lang='grc' dir='ltr'>Παι-</span> 
     </span>
    </p>
   </div>
   <div class='ocr_carea' id='block_1_47' title="bbox 2102 2525 3759 2619">
    <p class='ocr_par' dir='ltr' id='par_1_47' title="bbox 2102 2525 3759 2619">
     <span class='ocr_line' id='line_1_47' title="bbox 2102 2525 3759 2619; baseline 0.003 -36"><span class='ocrx_word' id='word_1_335' title='bbox 2102 2527 2401 2602; x_wconf 82' lang='grc' dir='ltr'>λαιολόγος</span> <span class='ocrx_word' id='word_1_336' title='bbox 2438 2525 2672 2590; x_wconf 79' lang='grc' dir='ltr'>ἐντεῦθεν</span> <span class='ocrx_word' id='word_1_337' title='bbox 2721 2530 3105 2604; x_wconf 82' lang='grc' dir='ltr'>συγκροτηθεὶς</span> <span class='ocrx_word' id='word_1_338' title='bbox 3136 2529 3202 2586; x_wconf 79' lang='grc' dir='ltr'><strong>τὰ</strong></span> <span class='ocrx_word' id='word_1_339' title='bbox 3232 2530 3364 2589; x_wconf 84' lang='grc' dir='ltr'><strong>αὐτᾶ</strong></span> <span class='ocrx_word' id='word_1_340' title='bbox 3408 2530 3609 2608; x_wconf 78' lang='grc' dir='ltr'>λέγων,</span> <span class='ocrx_word' id='word_1_341' title='bbox 3664 2553 3759 2619; x_wconf 50' lang='grc' dir='ltr'>καὶ</span> 
     </span>
    </p>
   </div>
   <div class='ocr_carea' id='block_1_48' title="bbox 1992 2681 2108 2775">
    <p class='ocr_par' dir='ltr' id='par_1_48' title="bbox 1992 2681 2108 2775">
     <span class='ocr_line' id='line_1_48' title="bbox 1992 2681 2108 2775; baseline 0 0"><span class='ocrx_word' id='word_1_342' title='bbox 1992 2681 2108 2775; x_wconf 89' lang='grc' dir='ltr'><strong>Π.</strong></span> 
     </span>
    </p>
   </div>
   <div class='ocr_carea' id='block_1_49' title="bbox 355 2823 1991 2911">
    <p class='ocr_par' dir='ltr' id='par_1_49' title="bbox 355 2823 1991 2911">
     <span class='ocr_line' id='line_1_49' title="bbox 355 2823 1991 2911; baseline 0.001 -34"><span class='ocrx_word' id='word_1_343' title='bbox 355 2823 406 2878; x_wconf 89' lang='grc'><strong>1.</strong></span> <span class='ocrx_word' id='word_1_344' title='bbox 446 2824 507 2879; x_wconf 79' lang='lat' dir='ltr'><strong>Ut</strong></span> <span class='ocrx_word' id='word_1_345' title='bbox 536 2823 801 2879; x_wconf 64' lang='lat' dir='ltr'><strong>Artemius</strong></span> <span class='ocrx_word' id='word_1_346' title='bbox 827 2824 1153 2907; x_wconf 62' lang='lat' dir='ltr'><strong>patriarcha</strong></span> <span class='ocrx_word' id='word_1_347' title='bbox 1181 2825 1244 2879; x_wconf 76' lang='lat' dir='ltr'><strong>in</strong></span> <span class='ocrx_word' id='word_1_348' title='bbox 1298 2824 1673 2911; x_wconf 47' lang='lat' dir='ltr'><strong>sollicitudine</strong></span> <span class='ocrx_word' id='word_1_349' title='bbox 1728 2826 1898 2894; x_wconf 73' lang='lat' dir='ltr'><strong>fuerit</strong></span> <span class='ocrx_word' id='word_1_350' title='bbox 1929 2825 1991 2879; x_wconf 90' lang='lat' dir='ltr'><strong>ob</strong></span> 
     </span>
    </p>
   </div>
   <div class='ocr_carea' id='block_1_50' title="bbox 989 2912 1351 2967">
    <p class='ocr_par' dir='ltr' id='par_1_50' title="bbox 989 2912 1351 2967">
     <span class='ocr_line' id='line_1_50' title="bbox 989 2912 1351 2967; baseline 0 -17"><span class='ocrx_word' id='word_1_351' title='bbox 989 2912 1078 2954; x_wconf 75' lang='lat' dir='ltr'><strong>res</strong></span> <span class='ocrx_word' id='word_1_352' title='bbox 1101 2912 1351 2967; x_wconf 76' lang='lat' dir='ltr'><strong>zmpem.</strong></span> 
     </span>
    </p>
   </div>
   <div class='ocr_carea' id='block_1_51' title="bbox 424 3000 1995 3073">
    <p class='ocr_par' dir='ltr' id='par_1_51' title="bbox 424 3000 1995 3073">
     <span class='ocr_line' id='line_1_51' title="bbox 424 3000 1995 3073; baseline 0 -18"><span class='ocrx_word' id='word_1_353' title='bbox 424 3000 525 3055; x_wconf 74' lang='lat'><strong>00</strong></span> <span class='ocrx_word' id='word_1_354' title='bbox 544 3002 614 3056; x_wconf 85' lang='lat' dir='ltr'><strong>At</strong></span> <span class='ocrx_word' id='word_1_355' title='bbox 646 3000 890 3057; x_wconf 82' lang='lat' dir='ltr'><strong>Arsenio</strong></span> <span class='ocrx_word' id='word_1_356' title='bbox 923 3000 1269 3073; x_wconf 67' lang='lat' dir='ltr'><strong>patriarchas</strong></span> <span class='ocrx_word' id='word_1_357' title='bbox 1324 3017 1607 3058; x_wconf 89' lang='lat' dir='ltr'><strong>novarum</strong></span> <span class='ocrx_word' id='word_1_358' title='bbox 1642 3001 1995 3057; x_wconf 86' lang='lat' dir='ltr'><strong>sollicitudi-</strong></span> 
     </span>
    </p>
   </div>
   <div class='ocr_carea' id='block_1_52' title="bbox 354 3088 1996 3161">
    <p class='ocr_par' dir='ltr' id='par_1_52' title="bbox 354 3088 1996 3161">
     <span class='ocr_line' id='line_1_52' title="bbox 354 3088 1996 3161; baseline 0 -17"><span class='ocrx_word' id='word_1_359' title='bbox 354 3106 495 3145; x_wconf 87' lang='lat' dir='ltr'><strong>num</strong></span> <span class='ocrx_word' id='word_1_360' title='bbox 527 3088 762 3145; x_wconf 88' lang='lat' dir='ltr'><strong>initium</strong></span> <span class='ocrx_word' id='word_1_361' title='bbox 797 3088 995 3145; x_wconf 75' lang='lat' dir='ltr'><strong>attulit</strong></span> <span class='ocrx_word' id='word_1_362' title='bbox 1017 3105 1232 3161; x_wconf 88' lang='lat' dir='ltr'><strong>magna</strong></span> <span class='ocrx_word' id='word_1_363' title='bbox 1252 3094 1309 3145; x_wconf 91' lang='lat' dir='ltr'><strong>et</strong></span> <span class='ocrx_word' id='word_1_364' title='bbox 1328 3089 1720 3146; x_wconf 89' lang='lat' dir='ltr'><strong>ineluctabilis</strong></span> <span class='ocrx_word' id='word_1_365' title='bbox 1744 3090 1996 3145; x_wconf 85' lang='lat' dir='ltr'><strong>necessi-</strong></span> 
     </span>
    </p>
   </div>
   <div class='ocr_carea' id='block_1_53' title="bbox 351 3177 1992 3249">
    <p class='ocr_par' dir='ltr' id='par_1_53' title="bbox 351 3177 1992 3249">
     <span class='ocr_line' id='line_1_53' title="bbox 351 3177 1992 3249; baseline -0.001 -16"><span class='ocrx_word' id='word_1_366' title='bbox 351 3182 443 3233; x_wconf 89' lang='lat' dir='ltr'><strong>tas</strong></span> <span class='ocrx_word' id='word_1_367' title='bbox 474 3177 796 3233; x_wconf 81' lang='lat' dir='ltr'><strong>imminens</strong></span> <span class='ocrx_word' id='word_1_368' title='bbox 828 3178 1108 3234; x_wconf 89' lang='lat' dir='ltr'><strong>evehendi</strong></span> <span class='ocrx_word' id='word_1_369' title='bbox 1131 3177 1520 3249; x_wconf 65' lang='lat' dir='ltr'><strong>Palmologum</strong></span> <span class='ocrx_word' id='word_1_370' title='bbox 1553 3179 1623 3234; x_wconf 91' lang='lat' dir='ltr'><strong>ad</strong></span> <span class='ocrx_word' id='word_1_371' title='bbox 1656 3178 1992 3249; x_wconf 89' lang='lat' dir='ltr'><strong>imperium.</strong></span> 
     </span>
    </p>
   </div>
   <div class='ocr_carea' id='block_1_54' title="bbox 351 3266 1993 3338">
    <p class='ocr_par' dir='ltr' id='par_1_54' title="bbox 351 3266 1993 3338">
     <span class='ocr_line' id='line_1_54' title="bbox 351 3266 1993 3338; baseline -0.001 -16"><span class='ocrx_word' id='word_1_372' title='bbox 351 3266 497 3322; x_wconf 88' lang='lat' dir='ltr'><strong>Nam</strong></span> <span class='ocrx_word' id='word_1_373' title='bbox 521 3274 729 3337; x_wconf 61' lang='lat' dir='ltr'><strong>prater</strong></span> <span class='ocrx_word' id='word_1_374' title='bbox 749 3283 968 3338; x_wconf 90' lang='lat' dir='ltr'><strong>paucos</strong></span> <span class='ocrx_word' id='word_1_375' title='bbox 992 3272 1355 3322; x_wconf 79' lang='lat' dir='ltr'><strong>momentum</strong></span> <span class='ocrx_word' id='word_1_376' title='bbox 1381 3282 1494 3322; x_wconf 90' lang='lat' dir='ltr'><strong>non</strong></span> <span class='ocrx_word' id='word_1_377' title='bbox 1522 3266 1823 3334; x_wconf 79' lang='lat' dir='ltr'><strong>habentes,</strong></span> <span class='ocrx_word' id='word_1_378' title='bbox 1841 3267 1993 3337; x_wconf 91' lang='lat' dir='ltr'><strong>quod</strong></span> 
     </span>
    </p>
   </div>
   <div class='ocr_carea' id='block_1_55' title="bbox 354 3354 1998 3426">
    <p class='ocr_par' dir='ltr' id='par_1_55' title="bbox 354 3354 1998 3426">
     <span class='ocr_line' id='line_1_55' title="bbox 354 3354 1998 3426; baseline 0.001 -17"><span class='ocrx_word' id='word_1_379' title='bbox 354 3370 555 3410; x_wconf 90' lang='lat' dir='ltr'><strong>eorum</strong></span> <span class='ocrx_word' id='word_1_380' title='bbox 589 3354 875 3426; x_wconf 80' lang='lat' dir='ltr'><strong>suffragia</strong></span> <span class='ocrx_word' id='word_1_381' title='bbox 903 3354 1283 3411; x_wconf 73' lang='lat' dir='ltr'><strong>multitudine</strong></span> <span class='ocrx_word' id='word_1_382' title='bbox 1327 3355 1754 3412; x_wconf 89' lang='lat' dir='ltr'><strong>contrariorum</strong></span> <span class='ocrx_word' id='word_1_383' title='bbox 1789 3355 1998 3410; x_wconf 85' lang='lat' dir='ltr'><strong>obrue-</strong></span> 
     </span>
    </p>
   </div>
   <div class='ocr_carea' id='block_1_56' title="bbox 356 3443 2000 3513">
    <p class='ocr_par' dir='ltr' id='par_1_56' title="bbox 356 3443 2000 3513">
     <span class='ocr_line' id='line_1_56' title="bbox 356 3443 2000 3513; baseline 0.002 -17"><span class='ocrx_word' id='word_1_384' title='bbox 356 3446 577 3513; x_wconf 83' lang='lat' dir='ltr'><strong>rentur,</strong></span> <span class='ocrx_word' id='word_1_385' title='bbox 610 3443 885 3500; x_wconf 89' lang='lat' dir='ltr'><strong>concordi</strong></span> <span class='ocrx_word' id='word_1_386' title='bbox 926 3459 1130 3498; x_wconf 91' lang='lat' dir='ltr'><strong>omnes</strong></span> <span class='ocrx_word' id='word_1_387' title='bbox 1181 3444 1372 3499; x_wconf 91' lang='lat' dir='ltr'><strong>studio</strong></span> <span class='ocrx_word' id='word_1_388' title='bbox 1422 3445 1480 3501; x_wconf 92' lang='lat' dir='ltr'><strong>in</strong></span> <span class='ocrx_word' id='word_1_389' title='bbox 1535 3460 1716 3499; x_wconf 88' lang='lat' dir='ltr'><strong>unam</strong></span> <span class='ocrx_word' id='word_1_390' title='bbox 1764 3448 2000 3500; x_wconf 88' lang='lat' dir='ltr'><strong>senten-</strong></span> 
     </span>
    </p>
   </div>
   <div class='ocr_carea' id='block_1_57' title="bbox 362 3530 2002 3604">
    <p class='ocr_par' dir='ltr' id='par_1_57' title="bbox 362 3530 2002 3604">
     <span class='ocr_line' id='line_1_57' title="bbox 362 3530 2002 3604; baseline 0.001 -19"><span class='ocrx_word' id='word_1_391' title='bbox 362 3530 508 3585; x_wconf 85' lang='lat' dir='ltr'><strong>tiam</strong></span> <span class='ocrx_word' id='word_1_392' title='bbox 531 3530 1011 3602; x_wconf 77' lang='lat' dir='ltr'><strong>desideriumque</strong></span> <span class='ocrx_word' id='word_1_393' title='bbox 1032 3533 1450 3603; x_wconf 90' lang='lat' dir='ltr'><strong>conspirabant</strong></span> <span class='ocrx_word' id='word_1_394' title='bbox 1470 3531 1789 3604; x_wconf 71' lang='lat' dir='ltr'><strong>Palaologo</strong></span> <span class='ocrx_word' id='word_1_395' title='bbox 1816 3536 1879 3587; x_wconf 92' lang='lat' dir='ltr'><strong>ut</strong></span> <span class='ocrx_word' id='word_1_396' title='bbox 1900 3532 2002 3587; x_wconf 81' lang='lat' dir='ltr'><strong>im-</strong></span> 
     </span>
    </p>
   </div>
   <div class='ocr_carea' id='block_1_58' title="bbox 363 3618 2002 3693">
    <p class='ocr_par' dir='ltr' id='par_1_58' title="bbox 363 3618 2002 3693">
     <span class='ocr_line' id='line_1_58' title="bbox 363 3618 2002 3693; baseline 0.002 -20"><span class='ocrx_word' id='word_1_397' title='bbox 363 3618 610 3689; x_wconf 80' lang='lat' dir='ltr'><strong>peratori</strong></span> <span class='ocrx_word' id='word_1_398' title='bbox 649 3619 961 3675; x_wconf 75' lang='lat' dir='ltr'><strong>serviendi.</strong></span> <span class='ocrx_word' id='word_1_399' title='bbox 996 3620 1184 3692; x_wconf 82' lang='lat' dir='ltr'><strong>Vulgo</strong></span> <span class='ocrx_word' id='word_1_400' title='bbox 1238 3626 1303 3676; x_wconf 92' lang='lat' dir='ltr'><strong>ut</strong></span> <span class='ocrx_word' id='word_1_401' title='bbox 1350 3621 1632 3693; x_wconf 81' lang='lat' dir='ltr'><strong>optimam</strong></span> <span class='ocrx_word' id='word_1_402' title='bbox 1685 3621 2002 3678; x_wconf 77' lang='lat' dir='ltr'><strong>laudabant</strong></span> 
     </span>
    </p>
   </div>
   <div class='ocr_carea' id='block_1_59' title="bbox 364 3708 2001 3781">
    <p class='ocr_par' dir='ltr' id='par_1_59' title="bbox 364 3708 2001 3781">
     <span class='ocr_line' id='line_1_59' title="bbox 364 3708 2001 3781; baseline 0.002 -19"><span class='ocrx_word' id='word_1_403' title='bbox 364 3722 489 3762; x_wconf 89' lang='lat' dir='ltr'><strong>eam</strong></span> <span class='ocrx_word' id='word_1_404' title='bbox 544 3708 784 3763; x_wconf 90' lang='lat' dir='ltr'><strong>demum</strong></span> <span class='ocrx_word' id='word_1_405' title='bbox 835 3708 1201 3780; x_wconf 82' lang='lat' dir='ltr'><strong>principatus</strong></span> <span class='ocrx_word' id='word_1_406' title='bbox 1257 3709 1527 3777; x_wconf 85' lang='lat' dir='ltr'><strong>formam,</strong></span> <span class='ocrx_word' id='word_1_407' title='bbox 1562 3726 1689 3781; x_wconf 77' lang='lat' dir='ltr'><strong>quae</strong></span> <span class='ocrx_word' id='word_1_408' title='bbox 1722 3708 2001 3781; x_wconf 87' lang='lat' dir='ltr'><strong>principis</strong></span> 
     </span>
    </p>
   </div>
   <div class='ocr_carea' id='block_1_60' title="bbox 359 3795 2000 3871">
    <p class='ocr_par' dir='ltr' id='par_1_60' title="bbox 359 3795 2000 3871">
     <span class='ocr_line' id='line_1_60' title="bbox 359 3795 2000 3871; baseline 0.002 -21"><span class='ocrx_word' id='word_1_409' title='bbox 359 3795 652 3851; x_wconf 86' lang='lat' dir='ltr'><strong>delectum</strong></span> <span class='ocrx_word' id='word_1_410' title='bbox 706 3813 823 3853; x_wconf 92' lang='lat' dir='ltr'><strong>non</strong></span> <span class='ocrx_word' id='word_1_411' title='bbox 869 3797 1262 3869; x_wconf 63' lang='lat' dir='ltr'><strong>praerogativa</strong></span> <span class='ocrx_word' id='word_1_412' title='bbox 1312 3799 1541 3871; x_wconf 82' lang='lat' dir='ltr'><strong>generis</strong></span> <span class='ocrx_word' id='word_1_413' title='bbox 1590 3799 1903 3868; x_wconf 84' lang='lat' dir='ltr'><strong>addiceret,</strong></span> <span class='ocrx_word' id='word_1_414' title='bbox 1936 3813 2000 3853; x_wconf 87' lang='lat' dir='ltr'><strong>ac</strong></span> 
     </span>
    </p>
   </div>
   <div class='ocr_carea' id='block_1_61' title="bbox 360 3884 2004 3957">
    <p class='ocr_par' dir='ltr' id='par_1_61' title="bbox 360 3884 2004 3957">
     <span class='ocr_line' id='line_1_61' title="bbox 360 3884 2004 3957; baseline 0.001 -17"><span class='ocrx_word' id='word_1_415' title='bbox 360 3885 445 3940; x_wconf 88' lang='lat' dir='ltr'><strong>sic</strong></span> <span class='ocrx_word' id='word_1_416' title='bbox 473 3885 839 3955; x_wconf 85' lang='lat' dir='ltr'><strong>permitteret</strong></span> <span class='ocrx_word' id='word_1_417' title='bbox 867 3884 1106 3941; x_wconf 87' lang='lat' dir='ltr'><strong>arbitrio</strong></span> <span class='ocrx_word' id='word_1_418' title='bbox 1138 3885 1335 3952; x_wconf 88' lang='lat' dir='ltr'><strong>sortis,</strong></span> <span class='ocrx_word' id='word_1_419' title='bbox 1367 3887 1537 3955; x_wconf 81' lang='lat' dir='ltr'><strong>cujus</strong></span> <span class='ocrx_word' id='word_1_420' title='bbox 1568 3887 1876 3942; x_wconf 86' lang='lat' dir='ltr'><strong>temerario</strong></span> <span class='ocrx_word' id='word_1_421' title='bbox 1903 3887 2004 3957; x_wconf 90' lang='lat' dir='ltr'><strong>ju-</strong></span> 
     </span>
    </p>
   </div>
   <div class='ocr_carea' id='block_1_62' title="bbox 361 3971 2002 4045">
    <p class='ocr_par' dir='ltr' id='par_1_62' title="bbox 361 3971 2002 4045">
     <span class='ocr_line' id='line_1_62' title="bbox 361 3971 2002 4045; baseline 0.002 -18"><span class='ocrx_word' id='word_1_422' title='bbox 361 3971 514 4028; x_wconf 89' lang='lat' dir='ltr'><strong>dicio</strong></span> <span class='ocrx_word' id='word_1_423' title='bbox 544 3972 703 4029; x_wconf 90' lang='lat' dir='ltr'><strong>velut</strong></span> <span class='ocrx_word' id='word_1_424' title='bbox 734 3990 883 4030; x_wconf 70' lang='lat' dir='ltr'><strong>caaco</strong></span> <span class='ocrx_word' id='word_1_425' title='bbox 932 3973 1068 4029; x_wconf 71' lang='lat' dir='ltr'><strong>alam</strong></span> <span class='ocrx_word' id='word_1_426' title='bbox 1116 3990 1256 4030; x_wconf 90' lang='lat' dir='ltr'><strong>casu</strong></span> <span class='ocrx_word' id='word_1_427' title='bbox 1308 3990 1422 4030; x_wconf 91' lang='lat' dir='ltr'><strong>non</strong></span> <span class='ocrx_word' id='word_1_428' title='bbox 1474 3974 1667 4030; x_wconf 87' lang='lat' dir='ltr'><strong>solum</strong></span> <span class='ocrx_word' id='word_1_429' title='bbox 1724 3974 2002 4045; x_wconf 87' lang='lat' dir='ltr'><strong>indignus</strong></span> 
     </span>
    </p>
   </div>
   <div class='ocr_carea' id='block_1_63' title="bbox 362 4059 2002 4134">
    <p class='ocr_par' dir='ltr' id='par_1_63' title="bbox 362 4059 2002 4134">
     <span class='ocr_line' id='line_1_63' title="bbox 362 4059 2002 4134; baseline 0.002 -19"><span class='ocrx_word' id='word_1_430' title='bbox 362 4059 656 4117; x_wconf 85' lang='lat' dir='ltr'><strong>interdum</strong></span> <span class='ocrx_word' id='word_1_431' title='bbox 689 4063 1100 4133; x_wconf 79' lang='lat' dir='ltr'><strong>praeﬁceretur,</strong></span> <span class='ocrx_word' id='word_1_432' title='bbox 1130 4063 1233 4119; x_wconf 88' lang='lat' dir='ltr'><strong>sed</strong></span> <span class='ocrx_word' id='word_1_433' title='bbox 1278 4063 1337 4118; x_wconf 91' lang='lat' dir='ltr'><strong>in</strong></span> <span class='ocrx_word' id='word_1_434' title='bbox 1388 4079 1686 4119; x_wconf 91' lang='lat' dir='ltr'><strong>summum</strong></span> <span class='ocrx_word' id='word_1_435' title='bbox 1736 4078 1886 4134; x_wconf 81' lang='lat' dir='ltr'><strong>saepe</strong></span> <span class='ocrx_word' id='word_1_436' title='bbox 1914 4062 2002 4119; x_wconf 83' lang='lat' dir='ltr'><strong>lo-</strong></span> 
     </span>
    </p>
   </div>
   <div class='ocr_carea' id='block_1_64' title="bbox 361 4149 2003 4222">
    <p class='ocr_par' dir='ltr' id='par_1_64' title="bbox 361 4149 2003 4222">
     <span class='ocr_line' id='line_1_64' title="bbox 361 4149 2003 4222; baseline 0.001 -18"><span class='ocrx_word' id='word_1_437' title='bbox 361 4165 495 4205; x_wconf 91' lang='lat' dir='ltr'><strong>cum</strong></span> <span class='ocrx_word' id='word_1_438' title='bbox 527 4150 850 4222; x_wconf 90' lang='lat' dir='ltr'><strong>irreperent</strong></span> <span class='ocrx_word' id='word_1_439' title='bbox 877 4150 1125 4222; x_wconf 81' lang='lat' dir='ltr'><strong>pessimi</strong></span> <span class='ocrx_word' id='word_1_440' title='bbox 1154 4150 1445 4221; x_wconf 86' lang='lat' dir='ltr'><strong>homines,</strong></span> <span class='ocrx_word' id='word_1_441' title='bbox 1477 4155 1535 4207; x_wconf 92' lang='lat' dir='ltr'><strong>et</strong></span> <span class='ocrx_word' id='word_1_442' title='bbox 1581 4152 1816 4207; x_wconf 87' lang='lat' dir='ltr'><strong>omnino</strong></span> <span class='ocrx_word' id='word_1_443' title='bbox 1856 4149 2003 4207; x_wconf 87' lang='lat' dir='ltr'><strong>tales</strong></span> 
     </span>
    </p>
   </div>
   <div class='ocr_carea' id='block_1_65' title="bbox 360 4238 2005 4310">
    <p class='ocr_par' dir='ltr' id='par_1_65' title="bbox 360 4238 2005 4310">
     <span class='ocr_line' id='line_1_65' title="bbox 360 4238 2005 4310; baseline 0.002 -18"><span class='ocrx_word' id='word_1_444' title='bbox 360 4254 509 4308; x_wconf 89' lang='lat' dir='ltr'><strong>quos</strong></span> <span class='ocrx_word' id='word_1_445' title='bbox 540 4238 589 4294; x_wconf 87' lang='lat' dir='ltr'><strong>si</strong></span> <span class='ocrx_word' id='word_1_446' title='bbox 621 4238 764 4295; x_wconf 85' lang='lat' dir='ltr'><strong>satis</strong></span> <span class='ocrx_word' id='word_1_447' title='bbox 802 4238 1131 4310; x_wconf 80' lang='lat' dir='ltr'><strong>exploraret</strong></span> <span class='ocrx_word' id='word_1_448' title='bbox 1176 4240 1366 4310; x_wconf 79' lang='lat' dir='ltr'><strong>gravis</strong></span> <span class='ocrx_word' id='word_1_449' title='bbox 1411 4245 1469 4296; x_wconf 91' lang='lat' dir='ltr'><strong>et</strong></span> <span class='ocrx_word' id='word_1_450' title='bbox 1514 4245 1820 4296; x_wconf 89' lang='lat' dir='ltr'><strong>accurrata</strong></span> <span class='ocrx_word' id='word_1_451' title='bbox 1868 4255 2005 4296; x_wconf 86' lang='lat' dir='ltr'><strong>cen-</strong></span> 
     </span>
    </p>
   </div>
   <div class='ocr_carea' id='block_1_66' title="bbox 361 4326 2004 4400">
    <p class='ocr_par' dir='ltr' id='par_1_66' title="bbox 361 4326 2004 4400">
     <span class='ocr_line' id='line_1_66' title="bbox 361 4326 2004 4400; baseline 0.002 -19"><span class='ocrx_word' id='word_1_452' title='bbox 361 4341 522 4393; x_wconf 87' lang='lat' dir='ltr'><strong>sura,</strong></span> <span class='ocrx_word' id='word_1_453' title='bbox 546 4326 643 4382; x_wconf 84' lang='lat' dir='ltr'><strong>vix</strong></span> <span class='ocrx_word' id='word_1_454' title='bbox 673 4326 732 4381; x_wconf 88' lang='lat' dir='ltr'><strong>in</strong></span> <span class='ocrx_word' id='word_1_455' title='bbox 765 4327 1034 4383; x_wconf 80' lang='lat' dir='ltr'><strong>intimum</strong></span> <span class='ocrx_word' id='word_1_456' title='bbox 1072 4328 1445 4383; x_wconf 88' lang='lat' dir='ltr'><strong>subditorum</strong></span> <span class='ocrx_word' id='word_1_457' title='bbox 1500 4329 1746 4400; x_wconf 89' lang='lat' dir='ltr'><strong>gradum</strong></span> <span class='ocrx_word' id='word_1_458' title='bbox 1791 4329 2004 4385; x_wconf 87' lang='lat' dir='ltr'><strong>admit-</strong></span> 
     </span>
    </p>
   </div>
   <div class='ocr_carea' id='block_1_67' title="bbox 364 4414 2003 4489">
    <p class='ocr_par' dir='ltr' id='par_1_67' title="bbox 364 4414 2003 4489">
     <span class='ocr_line' id='line_1_67' title="bbox 364 4414 2003 4489; baseline 0.001 -21"><span class='ocrx_word' id='word_1_459' title='bbox 364 4415 925 4472; x_wconf 87' lang='lat' dir='ltr'><strong>teret.Tutissimum</strong></span> <span class='ocrx_word' id='word_1_460' title='bbox 943 4431 1070 4470; x_wconf 88' lang='lat' dir='ltr'><strong>esse</strong></span> <span class='ocrx_word' id='word_1_461' title='bbox 1086 4414 1252 4472; x_wconf 90' lang='lat' dir='ltr'><strong>illum</strong></span> <span class='ocrx_word' id='word_1_462' title='bbox 1270 4416 1451 4488; x_wconf 89' lang='lat' dir='ltr'><strong>igitur</strong></span> <span class='ocrx_word' id='word_1_463' title='bbox 1472 4418 1721 4489; x_wconf 89' lang='lat' dir='ltr'><strong>eligendi</strong></span> <span class='ocrx_word' id='word_1_464' title='bbox 1739 4418 2003 4485; x_wconf 89' lang='lat' dir='ltr'><strong>modum,</strong></span> 
     </span>
    </p>
   </div>
   <div class='ocr_carea' id='block_1_68' title="bbox 2101 2824 3757 2905">
    <p class='ocr_par' dir='ltr' id='par_1_68' title="bbox 2101 2824 3757 2905">
     <span class='ocr_line' id='line_1_68' title="bbox 2101 2824 3757 2905; baseline 0.005 -26"><span class='ocrx_word' id='word_1_465' title='bbox 2101 2824 2430 2896; x_wconf 86' lang='lat' dir='ltr'><strong>perantium</strong></span> <span class='ocrx_word' id='word_1_466' title='bbox 2481 2829 2694 2896; x_wconf 84' lang='lat' dir='ltr'><strong>pestes,</strong></span> <span class='ocrx_word' id='word_1_467' title='bbox 2729 2826 3100 2884; x_wconf 88' lang='lat' dir='ltr'><strong>adulatorum</strong></span> <span class='ocrx_word' id='word_1_468' title='bbox 3150 2844 3381 2902; x_wconf 87' lang='lat' dir='ltr'><strong>greges,</strong></span> <span class='ocrx_word' id='word_1_469' title='bbox 3416 2829 3495 2886; x_wconf 87' lang='lat' dir='ltr'><strong>ita</strong></span> <span class='ocrx_word' id='word_1_470' title='bbox 3546 2830 3757 2905; x_wconf 87' lang='lat' dir='ltr'><strong>depra-</strong></span> 
     </span>
    </p>
   </div>
   <div class='ocr_carea' id='block_1_69' title="bbox 2102 2915 3760 2977">
    <p class='ocr_par' dir='ltr' id='par_1_69' title="bbox 2102 2915 3760 2977">
     <span class='ocr_line' id='line_1_69' title="bbox 2102 2915 3760 2977; baseline 0.006 -9"><span class='ocrx_word' id='word_1_471' title='bbox 2102 2916 2690 2970; x_wconf 88' lang='lat' dir='ltr'><strong>vantutnecsensum</strong></span> <span class='ocrx_word' id='word_1_472' title='bbox 2725 2915 2938 2973; x_wconf 89' lang='lat' dir='ltr'><strong>habere</strong></span> <span class='ocrx_word' id='word_1_473' title='bbox 2973 2917 3234 2974; x_wconf 84' lang='lat' dir='ltr'><strong>veritatis</strong></span> <span class='ocrx_word' id='word_1_474' title='bbox 3268 2919 3760 2977; x_wconf 89' lang='lat' dir='ltr'><strong>assentationibus</strong></span> 
     </span>
    </p>
   </div>
   <div class='ocr_carea' id='block_1_70' title="bbox 2106 3001 3757 3078">
    <p class='ocr_par' dir='ltr' id='par_1_70' title="bbox 2106 3001 3757 3078">
     <span class='ocr_line' id='line_1_70' title="bbox 2106 3001 3757 3078; baseline 0.004 -22"><span class='ocrx_word' id='word_1_475' title='bbox 2106 3001 2375 3070; x_wconf 63' lang='lat' dir='ltr'><strong>exclusis,</strong></span> <span class='ocrx_word' id='word_1_476' title='bbox 2406 3017 2509 3058; x_wconf 90' lang='lat' dir='ltr'><strong>nec</strong></span> <span class='ocrx_word' id='word_1_477' title='bbox 2535 3002 2825 3073; x_wconf 82' lang='lat' dir='ltr'><strong>judicium</strong></span> <span class='ocrx_word' id='word_1_478' title='bbox 2873 3005 3013 3061; x_wconf 90' lang='lat' dir='ltr'><strong>recti</strong></span> <span class='ocrx_word' id='word_1_479' title='bbox 3066 3010 3122 3061; x_wconf 90' lang='lat' dir='ltr'><strong>et</strong></span> <span class='ocrx_word' id='word_1_480' title='bbox 3158 3006 3333 3078; x_wconf 67' lang='lat' dir='ltr'><strong>aequi,</strong></span> <span class='ocrx_word' id='word_1_481' title='bbox 3362 3011 3463 3063; x_wconf 87' lang='lat' dir='ltr'><strong>aut</strong></span> <span class='ocrx_word' id='word_1_482' title='bbox 3506 3008 3757 3063; x_wconf 83' lang='lat' dir='ltr'><strong>formam</strong></span> 
     </span>
    </p>
   </div>
   <div class='ocr_carea' id='block_1_71' title="bbox 2110 3091 3755 3167">
    <p class='ocr_par' dir='ltr' id='par_1_71' title="bbox 2110 3091 3755 3167">
     <span class='ocr_line' id='line_1_71' title="bbox 2110 3091 3755 3167; baseline 0.004 -22"><span class='ocrx_word' id='word_1_483' title='bbox 2110 3106 2318 3161; x_wconf 88' lang='lat' dir='ltr'><strong>capere</strong></span> <span class='ocrx_word' id='word_1_484' title='bbox 2371 3092 2654 3147; x_wconf 90' lang='lat' dir='ltr'><strong>moderati</strong></span> <span class='ocrx_word' id='word_1_485' title='bbox 2702 3091 3009 3163; x_wconf 85' lang='lat' dir='ltr'><strong>regiminis</strong></span> <span class='ocrx_word' id='word_1_486' title='bbox 3055 3094 3304 3162; x_wconf 86' lang='lat' dir='ltr'><strong>valeant,</strong></span> <span class='ocrx_word' id='word_1_487' title='bbox 3354 3095 3559 3167; x_wconf 89' lang='lat' dir='ltr'><strong>utique</strong></span> <span class='ocrx_word' id='word_1_488' title='bbox 3619 3110 3755 3152; x_wconf 88' lang='lat' dir='ltr'><strong>cum</strong></span> 
     </span>
    </p>
   </div>
   <div class='ocr_carea' id='block_1_72' title="bbox 2110 3179 3756 3250">
    <p class='ocr_par' dir='ltr' id='par_1_72' title="bbox 2110 3179 3756 3250">
     <span class='ocr_line' id='line_1_72' title="bbox 2110 3179 3756 3250; baseline 0.006 -17"><span class='ocrx_word' id='word_1_489' title='bbox 2110 3179 2211 3250; x_wconf 90' lang='lat' dir='ltr'><strong>qui</strong></span> <span class='ocrx_word' id='word_1_490' title='bbox 2247 3195 2448 3235; x_wconf 90' lang='lat' dir='ltr'><strong>eorum</strong></span> <span class='ocrx_word' id='word_1_491' title='bbox 2491 3185 2545 3235; x_wconf 88' lang='lat' dir='ltr'><strong>et</strong></span> <span class='ocrx_word' id='word_1_492' title='bbox 2574 3181 2753 3236; x_wconf 81' lang='lat' dir='ltr'><strong>tatem</strong></span> <span class='ocrx_word' id='word_1_493' title='bbox 2779 3182 3047 3238; x_wconf 89' lang='lat' dir='ltr'><strong>obsident</strong></span> <span class='ocrx_word' id='word_1_494' title='bbox 3065 3186 3120 3238; x_wconf 90' lang='lat' dir='ltr'><strong>et</strong></span> <span class='ocrx_word' id='word_1_495' title='bbox 3137 3184 3379 3240; x_wconf 89' lang='lat' dir='ltr'><strong>auribus</strong></span> <span class='ocrx_word' id='word_1_496' title='bbox 3401 3184 3756 3242; x_wconf 82' lang='lat' dir='ltr'><strong>insidiantur</strong></span> 
     </span>
    </p>
   </div>
   <div class='ocr_carea' id='block_1_73' title="bbox 2108 3266 3753 3345">
    <p class='ocr_par' dir='ltr' id='par_1_73' title="bbox 2108 3266 3753 3345">
     <span class='ocr_line' id='line_1_73' title="bbox 2108 3266 3753 3345; baseline 0.005 -27"><span class='ocrx_word' id='word_1_497' title='bbox 2108 3266 2387 3325; x_wconf 87' lang='lat' dir='ltr'><strong>individui</strong></span> <span class='ocrx_word' id='word_1_498' title='bbox 2421 3269 2685 3339; x_wconf 87' lang='lat' dir='ltr'><strong>comites,</strong></span> <span class='ocrx_word' id='word_1_499' title='bbox 2714 3271 2783 3325; x_wconf 92' lang='lat' dir='ltr'><strong>ad</strong></span> <span class='ocrx_word' id='word_1_500' title='bbox 2816 3272 3064 3342; x_wconf 89' lang='lat' dir='ltr'><strong>gratiam</strong></span> <span class='ocrx_word' id='word_1_501' title='bbox 3106 3271 3266 3344; x_wconf 90' lang='lat' dir='ltr'><strong>loqui</strong></span> <span class='ocrx_word' id='word_1_502' title='bbox 3298 3274 3497 3331; x_wconf 87' lang='lat' dir='ltr'><strong>omnia</strong></span> <span class='ocrx_word' id='word_1_503' title='bbox 3542 3275 3753 3345; x_wconf 85' lang='lat' dir='ltr'><strong>parati,</strong></span> 
     </span>
    </p>
   </div>
   <div class='ocr_carea' id='block_1_74' title="bbox 2104 3356 3756 3434">
    <p class='ocr_par' dir='ltr' id='par_1_74' title="bbox 2104 3356 3756 3434">
     <span class='ocr_line' id='line_1_74' title="bbox 2104 3356 3756 3434; baseline 0.004 -23"><span class='ocrx_word' id='word_1_504' title='bbox 2104 3356 2361 3428; x_wconf 89' lang='lat' dir='ltr'><strong>pessima</strong></span> <span class='ocrx_word' id='word_1_505' title='bbox 2408 3372 2673 3428; x_wconf 70' lang='lat' dir='ltr'><strong>quaeque,</strong></span> <span class='ocrx_word' id='word_1_506' title='bbox 2725 3362 2788 3413; x_wconf 91' lang='lat' dir='ltr'><strong>ut</strong></span> <span class='ocrx_word' id='word_1_507' title='bbox 2843 3366 3009 3415; x_wconf 88' lang='lat' dir='ltr'><strong>vetus</strong></span> <span class='ocrx_word' id='word_1_508' title='bbox 3064 3362 3306 3417; x_wconf 88' lang='lat' dir='ltr'><strong>verbum</strong></span> <span class='ocrx_word' id='word_1_509' title='bbox 3374 3362 3569 3432; x_wconf 80' lang='lat' dir='ltr'><strong>habet,</strong></span> <span class='ocrx_word' id='word_1_510' title='bbox 3619 3362 3756 3434; x_wconf 88' lang='lat' dir='ltr'><strong>pul-</strong></span> 
     </span>
    </p>
   </div>
   <div class='ocr_carea' id='block_1_75' title="bbox 2108 3445 3757 3520">
    <p class='ocr_par' dir='ltr' id='par_1_75' title="bbox 2108 3445 3757 3520">
     <span class='ocr_line' id='line_1_75' title="bbox 2108 3445 3757 3520; baseline 0.005 -20"><span class='ocrx_word' id='word_1_511' title='bbox 2108 3445 2530 3502; x_wconf 89' lang='lat' dir='ltr'><strong>cherrimarum</strong></span> <span class='ocrx_word' id='word_1_512' title='bbox 2564 3462 2759 3501; x_wconf 89' lang='lat' dir='ltr'><strong>rerum</strong></span> <span class='ocrx_word' id='word_1_513' title='bbox 2791 3448 3183 3519; x_wconf 89' lang='lat' dir='ltr'><strong>appellatione</strong></span> <span class='ocrx_word' id='word_1_514' title='bbox 3213 3449 3626 3520; x_wconf 83' lang='lat' dir='ltr'><strong>cohonestent,</strong></span> <span class='ocrx_word' id='word_1_515' title='bbox 3646 3467 3757 3509; x_wconf 87' lang='lat' dir='ltr'><strong>usu</strong></span> 
     </span>
    </p>
   </div>
   <div class='ocr_carea' id='block_1_76' title="bbox 2108 3534 3763 3606">
    <p class='ocr_par' dir='ltr' id='par_1_76' title="bbox 2108 3534 3763 3606">
     <span class='ocr_line' id='line_1_76' title="bbox 2108 3534 3763 3606; baseline 0.005 -18"><span class='ocrx_word' id='word_1_516' title='bbox 2108 3534 2369 3589; x_wconf 88' lang='lat' dir='ltr'><strong>subactis</strong></span> <span class='ocrx_word' id='word_1_517' title='bbox 2402 3534 2732 3606; x_wconf 87' lang='lat' dir='ltr'><strong>principum</strong></span> <span class='ocrx_word' id='word_1_518' title='bbox 2771 3536 2985 3592; x_wconf 86' lang='lat' dir='ltr'><strong>animis</strong></span> <span class='ocrx_word' id='word_1_519' title='bbox 3019 3537 3088 3593; x_wconf 87' lang='lat' dir='ltr'><strong>ad</strong></span> <span class='ocrx_word' id='word_1_520' title='bbox 3122 3538 3236 3593; x_wconf 89' lang='lat' dir='ltr'><strong>ista</strong></span> <span class='ocrx_word' id='word_1_521' title='bbox 3288 3542 3345 3594; x_wconf 89' lang='lat' dir='ltr'><strong>et</strong></span> <span class='ocrx_word' id='word_1_522' title='bbox 3374 3538 3677 3596; x_wconf 89' lang='lat' dir='ltr'><strong>toleranda</strong></span> <span class='ocrx_word' id='word_1_523' title='bbox 3704 3543 3763 3596; x_wconf 87' lang='lat' dir='ltr'><strong>et</strong></span> 
     </span>
    </p>
   </div>
   <div class='ocr_carea' id='block_1_77' title="bbox 2108 3620 3756 3685">
    <p class='ocr_par' dir='ltr' id='par_1_77' title="bbox 2108 3620 3756 3685">
     <span class='ocr_line' id='line_1_77' title="bbox 2108 3620 3756 3685; baseline 0.007 -11"><span class='ocrx_word' id='word_1_524' title='bbox 2108 3620 2416 3683; x_wconf 90' lang='lat' dir='ltr'><strong>credenda,</strong></span> <span class='ocrx_word' id='word_1_525' title='bbox 2440 3621 2581 3675; x_wconf 87' lang='lat' dir='ltr'><strong>adeo</strong></span> <span class='ocrx_word' id='word_1_526' title='bbox 2608 3622 2869 3677; x_wconf 87' lang='lat' dir='ltr'><strong>utetiam</strong></span> <span class='ocrx_word' id='word_1_527' title='bbox 2893 3623 3141 3680; x_wconf 87' lang='lat' dir='ltr'><strong>libenter</strong></span> <span class='ocrx_word' id='word_1_528' title='bbox 3161 3625 3401 3681; x_wconf 89' lang='lat' dir='ltr'><strong>audiant</strong></span> <span class='ocrx_word' id='word_1_529' title='bbox 3422 3624 3563 3683; x_wconf 85' lang='lat' dir='ltr'><strong>viles</strong></span> <span class='ocrx_word' id='word_1_530' title='bbox 3584 3626 3756 3685; x_wconf 80' lang='lat' dir='ltr'><strong>istius</strong></span> 
     </span>
    </p>
   </div>
   <div class='ocr_carea' id='block_1_78' title="bbox 2109 3707 3757 3782">
    <p class='ocr_par' dir='ltr' id='par_1_78' title="bbox 2109 3707 3757 3782">
     <span class='ocr_line' id='line_1_78' title="bbox 2109 3707 3757 3782; baseline 0.004 -20"><span class='ocrx_word' id='word_1_531' title='bbox 2109 3708 2265 3763; x_wconf 75' lang='lat' dir='ltr'><strong>faacis</strong></span> <span class='ocrx_word' id='word_1_532' title='bbox 2288 3707 2595 3762; x_wconf 89' lang='lat' dir='ltr'><strong>hominum</strong></span> <span class='ocrx_word' id='word_1_533' title='bbox 2612 3711 3039 3782; x_wconf 88' lang='lat' dir='ltr'><strong>voces,quibus</strong></span> <span class='ocrx_word' id='word_1_534' title='bbox 3062 3712 3423 3769; x_wconf 89' lang='lat' dir='ltr'><strong>modulatam</strong></span> <span class='ocrx_word' id='word_1_535' title='bbox 3448 3712 3622 3771; x_wconf 88' lang='lat' dir='ltr'><strong>etiam</strong></span> <span class='ocrx_word' id='word_1_536' title='bbox 3644 3713 3757 3771; x_wconf 84' lang='lat' dir='ltr'><strong>sibi</strong></span> 
     </span>
    </p>
   </div>
   <div class='ocr_carea' id='block_1_79' title="bbox 2108 3794 3759 3872">
    <p class='ocr_par' dir='ltr' id='par_1_79' title="bbox 2108 3794 3759 3872">
     <span class='ocr_line' id='line_1_79' title="bbox 2108 3794 3759 3872; baseline 0.002 -22"><span class='ocrx_word' id='word_1_537' title='bbox 2108 3795 2288 3851; x_wconf 87' lang='lat' dir='ltr'><strong>videri</strong></span> <span class='ocrx_word' id='word_1_538' title='bbox 2320 3794 2654 3865; x_wconf 83' lang='lat' dir='ltr'><strong>aegrotantis</strong></span> <span class='ocrx_word' id='word_1_539' title='bbox 2676 3795 2958 3869; x_wconf 88' lang='lat' dir='ltr'><strong>principis</strong></span> <span class='ocrx_word' id='word_1_540' title='bbox 2989 3799 3200 3854; x_wconf 88' lang='lat' dir='ltr'><strong>tussim</strong></span> <span class='ocrx_word' id='word_1_541' title='bbox 3226 3799 3600 3872; x_wconf 87' lang='lat' dir='ltr'><strong>putidissime</strong></span> <span class='ocrx_word' id='word_1_542' title='bbox 3622 3816 3759 3872; x_wconf 85' lang='lat' dir='ltr'><strong>gar-</strong></span> 
     </span>
    </p>
   </div>
   <div class='ocr_carea' id='block_1_80' title="bbox 2111 3882 3753 3959">
    <p class='ocr_par' dir='ltr' id='par_1_80' title="bbox 2111 3882 3753 3959">
     <span class='ocr_line' id='line_1_80' title="bbox 2111 3882 3753 3959; baseline 0.004 -21"><span class='ocrx_word' id='word_1_543' title='bbox 2111 3884 2290 3939; x_wconf 90' lang='lat' dir='ltr'><strong>riunt.</strong></span> <span class='ocrx_word' id='word_1_544' title='bbox 2325 3882 2549 3948; x_wconf 89' lang='lat' dir='ltr'><strong>Quibus</strong></span> <span class='ocrx_word' id='word_1_545' title='bbox 2588 3882 2637 3939; x_wconf 90' lang='lat' dir='ltr'><strong>si</strong></span> <span class='ocrx_word' id='word_1_546' title='bbox 2687 3884 2897 3939; x_wconf 89' lang='lat' dir='ltr'><strong>audeat</strong></span> <span class='ocrx_word' id='word_1_547' title='bbox 2925 3886 3275 3943; x_wconf 78' lang='lat' dir='ltr'><strong>intervenire</strong></span> <span class='ocrx_word' id='word_1_548' title='bbox 3305 3887 3601 3959; x_wconf 86' lang='lat' dir='ltr'><strong>quispiam</strong></span> <span class='ocrx_word' id='word_1_549' title='bbox 3649 3903 3753 3944; x_wconf 87' lang='lat' dir='ltr'><strong>sa-</strong></span> 
     </span>
    </p>
   </div>
   <div class='ocr_carea' id='block_1_81' title="bbox 2113 3972 3751 4043">
    <p class='ocr_par' dir='ltr' id='par_1_81' title="bbox 2113 3972 3751 4043">
     <span class='ocr_line' id='line_1_81' title="bbox 2113 3972 3751 4043; baseline 0.005 -18"><span class='ocrx_word' id='word_1_550' title='bbox 2113 3972 2300 4041; x_wconf 90' lang='lat' dir='ltr'><strong>piens,</strong></span> <span class='ocrx_word' id='word_1_551' title='bbox 2329 3974 2384 4025; x_wconf 91' lang='lat' dir='ltr'><strong>et</strong></span> <span class='ocrx_word' id='word_1_552' title='bbox 2414 3986 2542 4041; x_wconf 65' lang='lat' dir='ltr'><strong>qua</strong></span> <span class='ocrx_word' id='word_1_553' title='bbox 2568 3986 2704 4026; x_wconf 88' lang='lat' dir='ltr'><strong>vera</strong></span> <span class='ocrx_word' id='word_1_554' title='bbox 2734 3975 2792 4026; x_wconf 90' lang='lat' dir='ltr'><strong>et</strong></span> <span class='ocrx_word' id='word_1_555' title='bbox 2813 3972 2979 4043; x_wconf 81' lang='lat' dir='ltr'><strong>justa</strong></span> <span class='ocrx_word' id='word_1_556' title='bbox 3009 3978 3150 4030; x_wconf 88' lang='lat' dir='ltr'><strong>sunt</strong></span> <span class='ocrx_word' id='word_1_557' title='bbox 3195 3973 3444 4041; x_wconf 88' lang='lat' dir='ltr'><strong>hiscere,</strong></span> <span class='ocrx_word' id='word_1_558' title='bbox 3477 3974 3751 4032; x_wconf 88' lang='lat' dir='ltr'><strong>continuo</strong></span> 
     </span>
    </p>
   </div>
   <div class='ocr_carea' id='block_1_82' title="bbox 2110 4058 3753 4133">
    <p class='ocr_par' dir='ltr' id='par_1_82' title="bbox 2110 4058 3753 4133">
     <span class='ocr_line' id='line_1_82' title="bbox 2110 4058 3753 4133; baseline 0.003 -18"><span class='ocrx_word' id='word_1_559' title='bbox 2110 4058 2565 4115; x_wconf 76' lang='lat' dir='ltr'><strong>utdefectionem</strong></span> <span class='ocrx_word' id='word_1_560' title='bbox 2581 4060 2868 4116; x_wconf 90' lang='lat' dir='ltr'><strong>meditans</strong></span> <span class='ocrx_word' id='word_1_561' title='bbox 2886 4064 2941 4116; x_wconf 90' lang='lat' dir='ltr'><strong>et</strong></span> <span class='ocrx_word' id='word_1_562' title='bbox 2954 4060 3127 4117; x_wconf 83' lang='lat' dir='ltr'><strong>homo</strong></span> <span class='ocrx_word' id='word_1_563' title='bbox 3142 4061 3544 4133; x_wconf 84' lang='lat' dir='ltr'><strong>nequissimus</strong></span> <span class='ocrx_word' id='word_1_564' title='bbox 3556 4065 3753 4120; x_wconf 85' lang='lat' dir='ltr'><strong>tradu-</strong></span> 
     </span>
    </p>
   </div>
   <div class='ocr_carea' id='block_1_83' title="bbox 2110 4146 3750 4221">
    <p class='ocr_par' dir='ltr' id='par_1_83' title="bbox 2110 4146 3750 4221">
     <span class='ocr_line' id='line_1_83' title="bbox 2110 4146 3750 4221; baseline 0.002 -18"><span class='ocrx_word' id='word_1_565' title='bbox 2110 4146 2365 4211; x_wconf 80' lang='lat' dir='ltr'><strong>citur,iis</strong></span> <span class='ocrx_word' id='word_1_566' title='bbox 2397 4146 2687 4217; x_wconf 90' lang='lat' dir='ltr'><strong>siquidem</strong></span> <span class='ocrx_word' id='word_1_567' title='bbox 2711 4148 2809 4218; x_wconf 89' lang='lat' dir='ltr'><strong>qui</strong></span> <span class='ocrx_word' id='word_1_568' title='bbox 2831 4149 2915 4204; x_wconf 91' lang='lat' dir='ltr'><strong>sic</strong></span> <span class='ocrx_word' id='word_1_569' title='bbox 2943 4148 3237 4221; x_wconf 86' lang='lat' dir='ltr'><strong>imperant</strong></span> <span class='ocrx_word' id='word_1_570' title='bbox 3257 4149 3451 4207; x_wconf 89' lang='lat' dir='ltr'><strong>omnis</strong></span> <span class='ocrx_word' id='word_1_571' title='bbox 3480 4151 3750 4209; x_wconf 88' lang='lat' dir='ltr'><strong>admoni-</strong></span> 
     </span>
    </p>
   </div>
   <div class='ocr_carea' id='block_1_84' title="bbox 2110 4234 3749 4310">
    <p class='ocr_par' dir='ltr' id='par_1_84' title="bbox 2110 4234 3749 4310">
     <span class='ocr_line' id='line_1_84' title="bbox 2110 4234 3749 4310; baseline 0.004 -20"><span class='ocrx_word' id='word_1_572' title='bbox 2110 4235 2288 4291; x_wconf 90' lang='lat' dir='ltr'><strong>tionis</strong></span> <span class='ocrx_word' id='word_1_573' title='bbox 2329 4234 2453 4290; x_wconf 91' lang='lat' dir='ltr'><strong>loco</strong></span> <span class='ocrx_word' id='word_1_574' title='bbox 2475 4234 2744 4293; x_wconf 91' lang='lat' dir='ltr'><strong>absoluta</strong></span> <span class='ocrx_word' id='word_1_575' title='bbox 2762 4240 2819 4294; x_wconf 89' lang='lat' dir='ltr'><strong>ct</strong></span> <span class='ocrx_word' id='word_1_576' title='bbox 2839 4236 3141 4295; x_wconf 85' lang='lat' dir='ltr'><strong>liberrima</strong></span> <span class='ocrx_word' id='word_1_577' title='bbox 3163 4238 3397 4308; x_wconf 89' lang='lat' dir='ltr'><strong>quidvis</strong></span> <span class='ocrx_word' id='word_1_578' title='bbox 3417 4239 3749 4310; x_wconf 84' lang='lat' dir='ltr'><strong>imperandi</strong></span> 
     </span>
    </p>
   </div>
   <div class='ocr_carea' id='block_1_85' title="bbox 2113 4322 3751 4398">
    <p class='ocr_par' dir='ltr' id='par_1_85' title="bbox 2113 4322 3751 4398">
     <span class='ocr_line' id='line_1_85' title="bbox 2113 4322 3751 4398; baseline 0.006 -21"><span class='ocrx_word' id='word_1_579' title='bbox 2113 4322 2344 4379; x_wconf 87' lang='lat' dir='ltr'><strong>licentia</strong></span> <span class='ocrx_word' id='word_1_580' title='bbox 2362 4327 2469 4395; x_wconf 89' lang='lat' dir='ltr'><strong>est,</strong></span> <span class='ocrx_word' id='word_1_581' title='bbox 2494 4340 2627 4380; x_wconf 90' lang='lat' dir='ltr'><strong>cum</strong></span> <span class='ocrx_word' id='word_1_582' title='bbox 2650 4324 2881 4381; x_wconf 90' lang='lat' dir='ltr'><strong>interim</strong></span> <span class='ocrx_word' id='word_1_583' title='bbox 2905 4325 3017 4398; x_wconf 90' lang='lat' dir='ltr'><strong>ipsi</strong></span> <span class='ocrx_word' id='word_1_584' title='bbox 3041 4342 3276 4398; x_wconf 84' lang='lat' dir='ltr'><strong>quoque</strong></span> <span class='ocrx_word' id='word_1_585' title='bbox 3297 4326 3395 4397; x_wconf 91' lang='lat' dir='ltr'><strong>qui</strong></span> <span class='ocrx_word' id='word_1_586' title='bbox 3419 4342 3487 4384; x_wconf 86' lang='lat' dir='ltr'><strong>ea</strong></span> <span class='ocrx_word' id='word_1_587' title='bbox 3508 4327 3751 4387; x_wconf 86' lang='lat' dir='ltr'><strong>moleste</strong></span> 
     </span>
    </p>
   </div>
   <div class='ocr_carea' id='block_1_86' title="bbox 2111 4412 3754 4487">
    <p class='ocr_par' dir='ltr' id='par_1_86' title="bbox 2111 4412 3754 4487">
     <span class='ocr_line' id='line_1_86' title="bbox 2111 4412 3754 4487; baseline 0.004 -21"><span class='ocrx_word' id='word_1_588' title='bbox 2111 4412 2324 4483; x_wconf 78' lang='lat' dir='ltr'><strong>ferunt,</strong></span> <span class='ocrx_word' id='word_1_589' title='bbox 2356 4412 2618 4470; x_wconf 90' lang='lat' dir='ltr'><strong>accinere</strong></span> <span class='ocrx_word' id='word_1_590' title='bbox 2666 4415 3104 4470; x_wconf 86' lang='lat' dir='ltr'><strong>assentantibus</strong></span> <span class='ocrx_word' id='word_1_591' title='bbox 3152 4419 3460 4487; x_wconf 88' lang='lat' dir='ltr'><strong>cogantur,</strong></span> <span class='ocrx_word' id='word_1_592' title='bbox 3492 4420 3550 4472; x_wconf 86' lang='lat' dir='ltr'><strong>et</strong></span> <span class='ocrx_word' id='word_1_593' title='bbox 3597 4416 3754 4474; x_wconf 84' lang='lat' dir='ltr'><strong>ultra</strong></span> 
     </span>
    </p>
   </div>
   <div class='ocr_carea' id='block_1_87' title="bbox 368 4501 3753 4576">
    <p class='ocr_par' dir='ltr' id='par_1_87' title="bbox 368 4501 3753 4576">
     <span class='ocr_line' id='line_1_87' title="bbox 368 4501 3753 4576; baseline 0.001 -20"><span class='ocrx_word' id='word_1_594' title='bbox 368 4518 485 4573; x_wconf 92' lang='lat' dir='ltr'><strong>quo</strong></span> <span class='ocrx_word' id='word_1_595' title='bbox 514 4502 635 4558; x_wconf 89' lang='lat' dir='ltr'><strong>vita</strong></span> <span class='ocrx_word' id='word_1_596' title='bbox 664 4503 793 4572; x_wconf 88' lang='lat' dir='ltr'><strong>ejus</strong></span> <span class='ocrx_word' id='word_1_597' title='bbox 822 4507 877 4558; x_wconf 88' lang='lat' dir='ltr'><strong>et</strong></span> <span class='ocrx_word' id='word_1_598' title='bbox 900 4519 1093 4559; x_wconf 91' lang='lat' dir='ltr'><strong>mores</strong></span> <span class='ocrx_word' id='word_1_599' title='bbox 1118 4504 1220 4574; x_wconf 86' lang='lat' dir='ltr'><strong>qui</strong></span> <span class='ocrx_word' id='word_1_600' title='bbox 1254 4506 1683 4575; x_wconf 87' lang='lat' dir='ltr'><strong>promovendus</strong></span> <span class='ocrx_word' id='word_1_601' title='bbox 1705 4510 1814 4574; x_wconf 91' lang='lat' dir='ltr'><strong>est,</strong></span> <span class='ocrx_word' id='word_1_602' title='bbox 1847 4505 2007 4576; x_wconf 83' lang='lat' dir='ltr'><strong>ipso-</strong></span> <span class='ocrx_word' id='word_1_603' title='bbox 2111 4517 2343 4557; x_wconf 89' lang='lat' dir='ltr'><strong>omnem</strong></span> <span class='ocrx_word' id='word_1_604' title='bbox 2377 4502 2618 4557; x_wconf 90' lang='lat' dir='ltr'><strong>modum</strong></span> <span class='ocrx_word' id='word_1_605' title='bbox 2646 4501 3043 4575; x_wconf 88' lang='lat' dir='ltr'><strong>qualicunque</strong></span> <span class='ocrx_word' id='word_1_606' title='bbox 3074 4503 3324 4575; x_wconf 87' lang='lat' dir='ltr'><strong>principi</strong></span> <span class='ocrx_word' id='word_1_607' title='bbox 3354 4505 3619 4561; x_wconf 89' lang='lat' dir='ltr'><strong>encomia</strong></span> <span class='ocrx_word' id='word_1_608' title='bbox 3665 4503 3753 4561; x_wconf 93' lang='lat' dir='ltr'><strong>vel</strong></span> 
     </span>
    </p>
   </div>
   <div class='ocr_carea' id='block_1_88' title="bbox 365 4576 3755 4665">
    <p class='ocr_par' dir='ltr' id='par_1_88' title="bbox 365 4576 3755 4665">
     <span class='ocr_line' id='line_1_88' title="bbox 365 4576 3755 4665; baseline 0.002 -21"><span class='ocrx_word' id='word_1_609' title='bbox 365 4606 497 4647; x_wconf 89' lang='lat' dir='ltr'><strong>rum</strong></span> <span class='ocrx_word' id='word_1_610' title='bbox 528 4591 742 4662; x_wconf 88' lang='lat' dir='ltr'><strong>quibas</strong></span> <span class='ocrx_word' id='word_1_611' title='bbox 773 4596 863 4647; x_wconf 90' lang='lat' dir='ltr'><strong>est</strong></span> <span class='ocrx_word' id='word_1_612' title='bbox 901 4591 1262 4663; x_wconf 64' lang='lat' dir='ltr'><strong>prefuturus</strong></span> <span class='ocrx_word' id='word_1_613' title='bbox 1292 4593 1688 4663; x_wconf 83' lang='lat' dir='ltr'><strong>subjiciuntur</strong></span> <span class='ocrx_word' id='word_1_614' title='bbox 1717 4591 2008 4649; x_wconf 84' lang='lat' dir='ltr'><strong>examini:</strong></span> <span class='ocrx_word' id='word_1_615' title='bbox 2041 4576 2087 4644; x_wconf 82' lang='grc' dir='ltr'><strong>Ι)</strong></span> <span class='ocrx_word' id='word_1_616' title='bbox 2120 4590 2377 4647; x_wconf 85' lang='lat' dir='ltr'><strong>maxima</strong></span> <span class='ocrx_word' id='word_1_617' title='bbox 2407 4591 3111 4663; x_wconf 88' lang='lat' dir='ltr'><strong>dicere,quibusscillicet</strong></span> <span class='ocrx_word' id='word_1_618' title='bbox 3140 4593 3755 4665; x_wconf 80' lang='lat' dir='ltr'><strong>magismagisquetu-</strong></span> 
     </span>
    </p>
   </div>
   <div class='ocr_carea' id='block_1_89' title="bbox 364 4679 2004 4752">
    <p class='ocr_par' dir='ltr' id='par_1_89' title="bbox 364 4679 2004 4752">
     <span class='ocr_line' id='line_1_89' title="bbox 364 4679 2004 4752; baseline 0.001 -18"><span class='ocrx_word' id='word_1_619' title='bbox 364 4679 477 4735; x_wconf 87' lang='lat' dir='ltr'><strong>ista</strong></span> <span class='ocrx_word' id='word_1_620' title='bbox 519 4679 677 4736; x_wconf 88' lang='lat' dir='ltr'><strong>enim</strong></span> <span class='ocrx_word' id='word_1_621' title='bbox 730 4679 1013 4736; x_wconf 89' lang='lat' dir='ltr'><strong>rationem</strong></span> <span class='ocrx_word' id='word_1_622' title='bbox 1067 4683 1125 4735; x_wconf 93' lang='lat' dir='ltr'><strong>et</strong></span> <span class='ocrx_word' id='word_1_623' title='bbox 1181 4680 1412 4752; x_wconf 88' lang='lat' dir='ltr'><strong>populis</strong></span> <span class='ocrx_word' id='word_1_624' title='bbox 1470 4697 1632 4752; x_wconf 69' lang='lat' dir='ltr'><strong>mque</strong></span> <span class='ocrx_word' id='word_1_625' title='bbox 1689 4681 1892 4737; x_wconf 88' lang='lat' dir='ltr'><strong>utilem</strong></span> <span class='ocrx_word' id='word_1_626' title='bbox 1947 4685 2004 4736; x_wconf 89' lang='lat' dir='ltr'><strong>et</strong></span> 
     </span>
    </p>
   </div>
   <div class='ocr_carea' id='block_1_90' title="bbox 364 4767 2004 4841">
    <p class='ocr_par' dir='ltr' id='par_1_90' title="bbox 364 4767 2004 4841">
     <span class='ocr_line' id='line_1_90' title="bbox 364 4767 2004 4841; baseline 0.002 -20"><span class='ocrx_word' id='word_1_627' title='bbox 364 4767 509 4838; x_wconf 87' lang='lat' dir='ltr'><strong>ipsis</strong></span> <span class='ocrx_word' id='word_1_628' title='bbox 540 4768 929 4840; x_wconf 89' lang='lat' dir='ltr'><strong>principibus,</strong></span> <span class='ocrx_word' id='word_1_629' title='bbox 961 4769 1164 4840; x_wconf 90' lang='lat' dir='ltr'><strong>utique</strong></span> <span class='ocrx_word' id='word_1_630' title='bbox 1209 4785 1314 4840; x_wconf 91' lang='lat' dir='ltr'><strong>per</strong></span> <span class='ocrx_word' id='word_1_631' title='bbox 1358 4784 1487 4825; x_wconf 89' lang='lat' dir='ltr'><strong>eam</strong></span> <span class='ocrx_word' id='word_1_632' title='bbox 1535 4768 2004 4841; x_wconf 88' lang='lat' dir='ltr'><strong>intelligentibus</strong></span> 
     </span>
    </p>
   </div>
   <div class='ocr_carea' id='block_1_91' title="bbox 365 4857 2003 4930">
    <p class='ocr_par' dir='ltr' id='par_1_91' title="bbox 365 4857 2003 4930">
     <span class='ocr_line' id='line_1_91' title="bbox 365 4857 2003 4930; baseline 0.001 -19"><span class='ocrx_word' id='word_1_633' title='bbox 365 4872 469 4911; x_wconf 89' lang='lat' dir='ltr'><strong>cur</strong></span> <span class='ocrx_word' id='word_1_634' title='bbox 497 4862 554 4912; x_wconf 91' lang='lat' dir='ltr'><strong>et</strong></span> <span class='ocrx_word' id='word_1_635' title='bbox 598 4858 670 4912; x_wconf 88' lang='lat' dir='ltr'><strong>ad</strong></span> <span class='ocrx_word' id='word_1_636' title='bbox 730 4857 871 4928; x_wconf 91' lang='lat' dir='ltr'><strong>quid</strong></span> <span class='ocrx_word' id='word_1_637' title='bbox 930 4857 1107 4913; x_wconf 80' lang='lat' dir='ltr'><strong>ofﬁcii</strong></span> <span class='ocrx_word' id='word_1_638' title='bbox 1166 4861 1644 4914; x_wconf 83' lang='lat' dir='ltr'><strong>vocentur.8ane</strong></span> <span class='ocrx_word' id='word_1_639' title='bbox 1702 4873 2003 4930; x_wconf 87' lang='lat' dir='ltr'><strong>nunquam</strong></span> 
     </span>
    </p>
   </div>
   <div class='ocr_carea' id='block_1_92' title="bbox 366 4944 2005 5018">
    <p class='ocr_par' dir='ltr' id='par_1_92' title="bbox 366 4944 2005 5018">
     <span class='ocr_line' id='line_1_92' title="bbox 366 4944 2005 5018; baseline 0.002 -19"><span class='ocrx_word' id='word_1_640' title='bbox 366 4944 690 5003; x_wconf 82' lang='lat' dir='ltr'><strong>dixerimus</strong></span> <span class='ocrx_word' id='word_1_641' title='bbox 737 4945 1114 5018; x_wconf 86' lang='lat' dir='ltr'><strong>aptissimum</strong></span> <span class='ocrx_word' id='word_1_642' title='bbox 1163 4946 1283 5002; x_wconf 81' lang='lat' dir='ltr'><strong>fore</strong></span> <span class='ocrx_word' id='word_1_643' title='bbox 1326 4945 1494 5001; x_wconf 90' lang='lat' dir='ltr'><strong>illum</strong></span> <span class='ocrx_word' id='word_1_644' title='bbox 1538 4963 1689 5018; x_wconf 70' lang='lat' dir='ltr'><strong>aagro</strong></span> <span class='ocrx_word' id='word_1_645' title='bbox 1745 4947 2005 5003; x_wconf 91' lang='lat' dir='ltr'><strong>curando</strong></span> 
     </span>
    </p>
   </div>
   <div class='ocr_carea' id='block_1_93' title="bbox 365 5034 2003 5107">
    <p class='ocr_par' dir='ltr' id='par_1_93' title="bbox 365 5034 2003 5107">
     <span class='ocr_line' id='line_1_93' title="bbox 365 5034 2003 5107; baseline 0.003 -19"><span class='ocrx_word' id='word_1_646' title='bbox 365 5034 682 5103; x_wconf 89' lang='lat' dir='ltr'><strong>medicum,</strong></span> <span class='ocrx_word' id='word_1_647' title='bbox 707 5051 878 5107; x_wconf 90' lang='lat' dir='ltr'><strong>quem</strong></span> <span class='ocrx_word' id='word_1_648' title='bbox 909 5050 1098 5107; x_wconf 89' lang='lat' dir='ltr'><strong>genus</strong></span> <span class='ocrx_word' id='word_1_649' title='bbox 1127 5039 1229 5091; x_wconf 92' lang='lat' dir='ltr'><strong>aut</strong></span> <span class='ocrx_word' id='word_1_650' title='bbox 1255 5036 1486 5092; x_wconf 83' lang='lat' dir='ltr'><strong>fortuna</strong></span> <span class='ocrx_word' id='word_1_651' title='bbox 1507 5037 2003 5093; x_wconf 74' lang='lat' dir='ltr'><strong>commendarinti</strong></span> 
     </span>
    </p>
   </div>
   <div class='ocr_carea' id='block_1_94' title="bbox 366 5123 2006 5196">
    <p class='ocr_par' dir='ltr' id='par_1_94' title="bbox 366 5123 2006 5196">
     <span class='ocr_line' id='line_1_94' title="bbox 366 5123 2006 5196; baseline 0.002 -19"><span class='ocrx_word' id='word_1_652' title='bbox 366 5127 425 5177; x_wconf 91' lang='lat' dir='ltr'><strong>et</strong></span> <span class='ocrx_word' id='word_1_653' title='bbox 456 5123 504 5178; x_wconf 91' lang='lat' dir='ltr'><strong>si</strong></span> <span class='ocrx_word' id='word_1_654' title='bbox 535 5138 603 5178; x_wconf 81' lang='lat' dir='ltr'><strong>ex</strong></span> <span class='ocrx_word' id='word_1_655' title='bbox 637 5139 848 5195; x_wconf 88' lang='lat' dir='ltr'><strong>genere</strong></span> <span class='ocrx_word' id='word_1_656' title='bbox 876 5125 1329 5196; x_wconf 86' lang='lat' dir='ltr'><strong>gubernatorem</strong></span> <span class='ocrx_word' id='word_1_657' title='bbox 1364 5124 1705 5195; x_wconf 84' lang='lat' dir='ltr'><strong>navigantes</strong></span> <span class='ocrx_word' id='word_1_658' title='bbox 1745 5125 2006 5181; x_wconf 88' lang='lat' dir='ltr'><strong>adscive-</strong></span> 
     </span>
    </p>
   </div>
   <div class='ocr_carea' id='block_1_95' title="bbox 367 5211 2004 5284">
    <p class='ocr_par' dir='ltr' id='par_1_95' title="bbox 367 5211 2004 5284">
     <span class='ocr_line' id='line_1_95' title="bbox 367 5211 2004 5284; baseline 0.002 -19"><span class='ocrx_word' id='word_1_659' title='bbox 367 5211 579 5281; x_wconf 88' lang='lat' dir='ltr'><strong>rimus,</strong></span> <span class='ocrx_word' id='word_1_660' title='bbox 610 5213 1003 5269; x_wconf 87' lang='lat' dir='ltr'><strong>demersorem</strong></span> <span class='ocrx_word' id='word_1_661' title='bbox 1030 5213 1227 5284; x_wconf 88' lang='lat' dir='ltr'><strong>potius</strong></span> <span class='ocrx_word' id='word_1_662' title='bbox 1262 5228 1438 5284; x_wconf 88' lang='lat' dir='ltr'><strong>quam</strong></span> <span class='ocrx_word' id='word_1_663' title='bbox 1472 5212 1677 5270; x_wconf 86' lang='lat' dir='ltr'><strong>utilem</strong></span> <span class='ocrx_word' id='word_1_664' title='bbox 1722 5218 2004 5269; x_wconf 88' lang='lat' dir='ltr'><strong>rectorem</strong></span> 
     </span>
    </p>
   </div>
   <div class='ocr_carea' id='block_1_96' title="bbox 366 5300 2010 5373">
    <p class='ocr_par' dir='ltr' id='par_1_96' title="bbox 366 5300 2010 5373">
     <span class='ocr_line' id='line_1_96' title="bbox 366 5300 2010 5373; baseline 0.001 -19"><span class='ocrx_word' id='word_1_665' title='bbox 366 5300 738 5372; x_wconf 88' lang='lat' dir='ltr'><strong>imponemus</strong></span> <span class='ocrx_word' id='word_1_666' title='bbox 796 5301 952 5358; x_wconf 87' lang='lat' dir='ltr'><strong>navi.</strong></span> <span class='ocrx_word' id='word_1_667' title='bbox 984 5300 1317 5357; x_wconf 86' lang='lat' dir='ltr'><strong>Periculum</strong></span> <span class='ocrx_word' id='word_1_668' title='bbox 1371 5318 1541 5373; x_wconf 86' lang='lat' dir='ltr'><strong>porro</strong></span> <span class='ocrx_word' id='word_1_669' title='bbox 1602 5316 1729 5357; x_wconf 83' lang='lat' dir='ltr'><strong>esse</strong></span> <span class='ocrx_word' id='word_1_670' title='bbox 1785 5318 1857 5358; x_wconf 89' lang='lat' dir='ltr'><strong>ne</strong></span> <span class='ocrx_word' id='word_1_671' title='bbox 1912 5300 2010 5371; x_wconf 91' lang='lat' dir='ltr'><strong>qui</strong></span> 
     </span>
    </p>
   </div>
   <div class='ocr_carea' id='block_1_97' title="bbox 365 5389 2009 5462">
    <p class='ocr_par' dir='ltr' id='par_1_97' title="bbox 365 5389 2009 5462">
     <span class='ocr_line' id='line_1_97' title="bbox 365 5389 2009 5462; baseline 0.001 -18"><span class='ocrx_word' id='word_1_672' title='bbox 365 5393 506 5445; x_wconf 90' lang='lat' dir='ltr'><strong>sunt</strong></span> <span class='ocrx_word' id='word_1_673' title='bbox 533 5389 592 5445; x_wconf 90' lang='lat' dir='ltr'><strong>in</strong></span> <span class='ocrx_word' id='word_1_674' title='bbox 624 5406 802 5462; x_wconf 89' lang='lat' dir='ltr'><strong>regno</strong></span> <span class='ocrx_word' id='word_1_675' title='bbox 830 5390 950 5445; x_wconf 85' lang='lat' dir='ltr'><strong>nati</strong></span> <span class='ocrx_word' id='word_1_676' title='bbox 980 5390 1245 5446; x_wconf 85' lang='lat' dir='ltr'><strong>omnium</strong></span> <span class='ocrx_word' id='word_1_677' title='bbox 1270 5390 1391 5447; x_wconf 89' lang='lat' dir='ltr'><strong>sint</strong></span> <span class='ocrx_word' id='word_1_678' title='bbox 1410 5390 1759 5462; x_wconf 79' lang='lat' dir='ltr'><strong>ineptissimi</strong></span> <span class='ocrx_word' id='word_1_679' title='bbox 1788 5391 1858 5445; x_wconf 89' lang='lat' dir='ltr'><strong>ad</strong></span> <span class='ocrx_word' id='word_1_680' title='bbox 1880 5407 2009 5461; x_wconf 76' lang='lat' dir='ltr'><strong>per-</strong></span> 
     </span>
    </p>
   </div>
   <div class='ocr_carea' id='block_1_98' title="bbox 365 5477 2011 5551">
    <p class='ocr_par' dir='ltr' id='par_1_98' title="bbox 365 5477 2011 5551">
     <span class='ocr_line' id='line_1_98' title="bbox 365 5477 2011 5551; baseline 0.002 -18"><span class='ocrx_word' id='word_1_681' title='bbox 365 5477 698 5548; x_wconf 86' lang='lat' dir='ltr'><strong>cipiendam</strong></span> <span class='ocrx_word' id='word_1_682' title='bbox 719 5477 1090 5535; x_wconf 89' lang='lat' dir='ltr'><strong>institutione</strong></span> <span class='ocrx_word' id='word_1_683' title='bbox 1111 5480 1204 5534; x_wconf 75' lang='lat'><strong>91</strong></span> <span class='ocrx_word' id='word_1_684' title='bbox 1235 5479 1606 5547; x_wconf 86' lang='lat' dir='ltr'><strong>disciplinam</strong></span> <span class='ocrx_word' id='word_1_685' title='bbox 1636 5483 1807 5551; x_wconf 87' lang='lat' dir='ltr'><strong>atque</strong></span> <span class='ocrx_word' id='word_1_686' title='bbox 1828 5484 2011 5537; x_wconf 90' lang='lat' dir='ltr'><strong>artem</strong></span> 
     </span>
    </p>
   </div>
   <div class='ocr_carea' id='block_1_99' title="bbox 365 5566 2015 5640">
    <p class='ocr_par' dir='ltr' id='par_1_99' title="bbox 365 5566 2015 5640">
     <span class='ocr_line' id='line_1_99' title="bbox 365 5566 2015 5640; baseline 0.004 -21"><span class='ocrx_word' id='word_1_687' title='bbox 365 5570 518 5621; x_wconf 90' lang='lat' dir='ltr'><strong>recte</strong></span> <span class='ocrx_word' id='word_1_688' title='bbox 577 5566 1059 5622; x_wconf 60' lang='lat' dir='ltr'><strong>administranda:</strong></span> <span class='ocrx_word' id='word_1_689' title='bbox 1116 5567 1469 5638; x_wconf 66' lang='lat' dir='ltr'><strong>reipublicw,</strong></span> <span class='ocrx_word' id='word_1_690' title='bbox 1504 5568 1721 5640; x_wconf 90' lang='lat' dir='ltr'><strong>quippe</strong></span> <span class='ocrx_word' id='word_1_691' title='bbox 1755 5583 1900 5639; x_wconf 87' lang='lat' dir='ltr'><strong>quos</strong></span> <span class='ocrx_word' id='word_1_692' title='bbox 1959 5572 2015 5625; x_wconf 85' lang='lat' dir='ltr'><strong>et</strong></span> 
     </span>
    </p>
   </div>
   <div class='ocr_carea' id='block_1_100' title="bbox 366 5653 2014 5727">
    <p class='ocr_par' dir='ltr' id='par_1_100' title="bbox 366 5653 2014 5727">
     <span class='ocr_line' id='line_1_100' title="bbox 366 5653 2014 5727; baseline 0.003 -19"><span class='ocrx_word' id='word_1_693' title='bbox 366 5653 587 5711; x_wconf 60' lang='lat' dir='ltr'><strong>delicia:</strong></span> <span class='ocrx_word' id='word_1_694' title='bbox 620 5656 679 5711; x_wconf 92' lang='lat' dir='ltr'><strong>in</strong></span> <span class='ocrx_word' id='word_1_695' title='bbox 712 5670 963 5727; x_wconf 82' lang='lat' dir='ltr'><strong>quarum</strong></span> <span class='ocrx_word' id='word_1_696' title='bbox 1001 5658 1129 5711; x_wconf 88' lang='lat' dir='ltr'><strong>sinu</strong></span> <span class='ocrx_word' id='word_1_697' title='bbox 1166 5656 1595 5723; x_wconf 85' lang='lat' dir='ltr'><strong>nutriuntur,et</strong></span> <span class='ocrx_word' id='word_1_698' title='bbox 1624 5657 1873 5713; x_wconf 71' lang='lat' dir='ltr'><strong>assidue</strong></span> <span class='ocrx_word' id='word_1_699' title='bbox 1899 5658 2014 5713; x_wconf 77' lang='lat' dir='ltr'><strong>im-</strong></span> 
     </span>
    </p>
   </div>
   <div class='ocr_carea' id='block_1_101' title="bbox 2110 4680 3744 4754">
    <p class='ocr_par' dir='ltr' id='par_1_101' title="bbox 2110 4680 3744 4754">
     <span class='ocr_line' id='line_1_101' title="bbox 2110 4680 3744 4754; baseline 0.002 -20"><span class='ocrx_word' id='word_1_700' title='bbox 2110 4681 2306 4736; x_wconf 90' lang='lat' dir='ltr'><strong>midus</strong></span> <span class='ocrx_word' id='word_1_701' title='bbox 2337 4680 2463 4749; x_wconf 87' lang='lat' dir='ltr'><strong>ejus</strong></span> <span class='ocrx_word' id='word_1_702' title='bbox 2484 4681 2717 4736; x_wconf 90' lang='lat' dir='ltr'><strong>animus</strong></span> <span class='ocrx_word' id='word_1_703' title='bbox 2738 4680 2996 4735; x_wconf 82' lang='lat' dir='ltr'><strong>inflatur.</strong></span> <span class='ocrx_word' id='word_1_704' title='bbox 3032 4682 3224 4750; x_wconf 82' lang='lat' dir='ltr'><strong>Atque</strong></span> <span class='ocrx_word' id='word_1_705' title='bbox 3244 4680 3354 4736; x_wconf 91' lang='lat' dir='ltr'><strong>hoc</strong></span> <span class='ocrx_word' id='word_1_706' title='bbox 3378 4696 3568 4753; x_wconf 87' lang='lat' dir='ltr'><strong>genus</strong></span> <span class='ocrx_word' id='word_1_707' title='bbox 3589 4682 3744 4754; x_wconf 86' lang='lat' dir='ltr'><strong>prin-</strong></span> 
     </span>
    </p>
   </div>
   <div class='ocr_carea' id='block_1_102' title="bbox 2111 4767 3752 4843">
    <p class='ocr_par' dir='ltr' id='par_1_102' title="bbox 2111 4767 3752 4843">
     <span class='ocr_line' id='line_1_102' title="bbox 2111 4767 3752 4843; baseline 0.002 -20"><span class='ocrx_word' id='word_1_708' title='bbox 2111 4769 2287 4839; x_wconf 88' lang='lat' dir='ltr'><strong>cipes.</strong></span> <span class='ocrx_word' id='word_1_709' title='bbox 2322 4768 2581 4824; x_wconf 87' lang='lat' dir='ltr'><strong>diversas</strong></span> <span class='ocrx_word' id='word_1_710' title='bbox 2611 4768 2723 4823; x_wconf 86' lang='lat' dir='ltr'><strong>sibi</strong></span> <span class='ocrx_word' id='word_1_711' title='bbox 2754 4767 2943 4825; x_wconf 88' lang='lat' dir='ltr'><strong>larvas</strong></span> <span class='ocrx_word' id='word_1_712' title='bbox 2964 4767 3122 4825; x_wconf 88' lang='lat' dir='ltr'><strong>velut</strong></span> <span class='ocrx_word' id='word_1_713' title='bbox 3152 4767 3211 4824; x_wconf 92' lang='lat' dir='ltr'><strong>in</strong></span> <span class='ocrx_word' id='word_1_714' title='bbox 3240 4783 3414 4825; x_wconf 88' lang='lat' dir='ltr'><strong>scena</strong></span> <span class='ocrx_word' id='word_1_715' title='bbox 3443 4770 3752 4843; x_wconf 66' lang='lat' dir='ltr'><strong>imponeno</strong></span> 
     </span>
    </p>
   </div>
   <div class='ocr_carea' id='block_1_103' title="bbox 2112 4855 3746 4928">
    <p class='ocr_par' dir='ltr' id='par_1_103' title="bbox 2112 4855 3746 4928">
     <span class='ocr_line' id='line_1_103' title="bbox 2112 4855 3746 4928; baseline 0.002 -17"><span class='ocrx_word' id='word_1_716' title='bbox 2112 4861 2219 4924; x_wconf 89' lang='lat' dir='ltr'><strong>tes,</strong></span> <span class='ocrx_word' id='word_1_717' title='bbox 2256 4856 2326 4911; x_wconf 89' lang='lat' dir='ltr'><strong>ad</strong></span> <span class='ocrx_word' id='word_1_718' title='bbox 2343 4855 2984 4927; x_wconf 88' lang='lat' dir='ltr'><strong>optimeimperandum</strong></span> <span class='ocrx_word' id='word_1_719' title='bbox 3007 4856 3242 4913; x_wconf 88' lang='lat' dir='ltr'><strong>abunde</strong></span> <span class='ocrx_word' id='word_1_720' title='bbox 3254 4859 3746 4928; x_wconf 78' lang='lat' dir='ltr'><strong>putantsufticere</strong></span> 
     </span>
    </p>
   </div>
   <div class='ocr_carea' id='block_1_104' title="bbox 2112 4942 3748 5019">
    <p class='ocr_par' dir='ltr' id='par_1_104' title="bbox 2112 4942 3748 5019">
     <span class='ocr_line' id='line_1_104' title="bbox 2112 4942 3748 5019; baseline 0.002 -20"><span class='ocrx_word' id='word_1_721' title='bbox 2112 4943 2341 5015; x_wconf 86' lang='lat' dir='ltr'><strong>generis</strong></span> <span class='ocrx_word' id='word_1_722' title='bbox 2372 4942 2515 5014; x_wconf 84' lang='lat' dir='ltr'><strong>regii</strong></span> <span class='ocrx_word' id='word_1_723' title='bbox 2547 4942 2889 5011; x_wconf 89' lang='lat' dir='ltr'><strong>claritatem,</strong></span> <span class='ocrx_word' id='word_1_724' title='bbox 2920 4945 3087 5015; x_wconf 87' lang='lat' dir='ltr'><strong>quasi</strong></span> <span class='ocrx_word' id='word_1_725' title='bbox 3118 4945 3482 5002; x_wconf 86' lang='lat' dir='ltr'><strong>nascentium</strong></span> <span class='ocrx_word' id='word_1_726' title='bbox 3514 4947 3572 5002; x_wconf 88' lang='lat' dir='ltr'><strong>in</strong></span> <span class='ocrx_word' id='word_1_727' title='bbox 3606 4963 3748 5019; x_wconf 89' lang='lat' dir='ltr'><strong>pur-</strong></span> 
     </span>
    </p>
   </div>
   <div class='ocr_carea' id='block_1_105' title="bbox 2115 5030 3748 5104">
    <p class='ocr_par' dir='ltr' id='par_1_105' title="bbox 2115 5030 3748 5104">
     <span class='ocr_line' id='line_1_105' title="bbox 2115 5030 3748 5104; baseline 0.004 -18"><span class='ocrx_word' id='word_1_728' title='bbox 2115 5048 2262 5104; x_wconf 90' lang='lat' dir='ltr'><strong>pura</strong></span> <span class='ocrx_word' id='word_1_729' title='bbox 2290 5030 2641 5103; x_wconf 87' lang='lat' dir='ltr'><strong>primigenia</strong></span> <span class='ocrx_word' id='word_1_730' title='bbox 2698 5032 2828 5104; x_wconf 90' lang='lat' dir='ltr'><strong>ipsa</strong></span> <span class='ocrx_word' id='word_1_731' title='bbox 2857 5033 3085 5091; x_wconf 86' lang='lat' dir='ltr'><strong>semina</strong></span> <span class='ocrx_word' id='word_1_732' title='bbox 3114 5033 3210 5090; x_wconf 90' lang='lat' dir='ltr'><strong>vin</strong></span> <span class='ocrx_word' id='word_1_733' title='bbox 3238 5035 3550 5104; x_wconf 89' lang='lat' dir='ltr'><strong>quamdam</strong></span> <span class='ocrx_word' id='word_1_734' title='bbox 3585 5052 3748 5092; x_wconf 81' lang='lat' dir='ltr'><strong>arca-</strong></span> 
     </span>
    </p>
   </div>
   <div class='ocr_carea' id='block_1_106' title="bbox 2116 5121 3748 5196">
    <p class='ocr_par' dir='ltr' id='par_1_106' title="bbox 2116 5121 3748 5196">
     <span class='ocr_line' id='line_1_106' title="bbox 2116 5121 3748 5196; baseline 0.004 -21"><span class='ocrx_word' id='word_1_735' title='bbox 2116 5137 2253 5175; x_wconf 89' lang='lat' dir='ltr'><strong>nam</strong></span> <span class='ocrx_word' id='word_1_736' title='bbox 2283 5136 2481 5176; x_wconf 88' lang='lat' dir='ltr'><strong>secum</strong></span> <span class='ocrx_word' id='word_1_737' title='bbox 2514 5121 2751 5189; x_wconf 82' lang='lat' dir='ltr'><strong>ferrent,</strong></span> <span class='ocrx_word' id='word_1_738' title='bbox 2781 5122 3007 5178; x_wconf 88' lang='lat' dir='ltr'><strong>dotium</strong></span> <span class='ocrx_word' id='word_1_739' title='bbox 3039 5122 3114 5178; x_wconf 89' lang='lat' dir='ltr'><strong>ad</strong></span> <span class='ocrx_word' id='word_1_740' title='bbox 3148 5122 3421 5194; x_wconf 60' lang='lat' dir='ltr'><strong>praclare</strong></span> <span class='ocrx_word' id='word_1_741' title='bbox 3450 5124 3748 5196; x_wconf 85' lang='lat' dir='ltr'><strong>imperan-</strong></span> 
     </span>
    </p>
   </div>
   <div class='ocr_carea' id='block_1_107' title="bbox 2116 5210 3749 5282">
    <p class='ocr_par' dir='ltr' id='par_1_107' title="bbox 2116 5210 3749 5282">
     <span class='ocr_line' id='line_1_107' title="bbox 2116 5210 3749 5282; baseline 0.003 -18"><span class='ocrx_word' id='word_1_742' title='bbox 2116 5210 2259 5266; x_wconf 90' lang='lat' dir='ltr'><strong>dum</strong></span> <span class='ocrx_word' id='word_1_743' title='bbox 2318 5210 2718 5265; x_wconf 88' lang='lat' dir='ltr'><strong>necessarium</strong></span> <span class='ocrx_word' id='word_1_744' title='bbox 2804 5210 3210 5282; x_wconf 67' lang='lat' dir='ltr'><strong>praebitrirem.</strong></span> <span class='ocrx_word' id='word_1_745' title='bbox 3271 5211 3402 5268; x_wconf 68' lang='lat' dir='ltr'><strong>Haec</strong></span> <span class='ocrx_word' id='word_1_746' title='bbox 3486 5212 3749 5269; x_wconf 86' lang='lat' dir='ltr'><strong>dicentes</strong></span> 
     </span>
    </p>
   </div>
   <div class='ocr_carea' id='block_1_108' title="bbox 2119 5298 3753 5371">
    <p class='ocr_par' dir='ltr' id='par_1_108' title="bbox 2119 5298 3753 5371">
     <span class='ocr_line' id='line_1_108' title="bbox 2119 5298 3753 5371; baseline 0.002 -18"><span class='ocrx_word' id='word_1_747' title='bbox 2119 5298 2574 5355; x_wconf 82' lang='lat' dir='ltr'><strong>exardescebant</strong></span> <span class='ocrx_word' id='word_1_748' title='bbox 2604 5299 2663 5353; x_wconf 92' lang='lat' dir='ltr'><strong>in</strong></span> <span class='ocrx_word' id='word_1_749' title='bbox 2695 5298 3097 5371; x_wconf 89' lang='lat' dir='ltr'><strong>impatientem</strong></span> <span class='ocrx_word' id='word_1_750' title='bbox 3144 5300 3486 5356; x_wconf 86' lang='lat' dir='ltr'><strong>instantiam</strong></span> <span class='ocrx_word' id='word_1_751' title='bbox 3517 5299 3753 5357; x_wconf 88' lang='lat' dir='ltr'><strong>videndi</strong></span> 
     </span>
    </p>
   </div>
   <div class='ocr_carea' id='block_1_109' title="bbox 2120 5386 3756 5458">
    <p class='ocr_par' dir='ltr' id='par_1_109' title="bbox 2120 5386 3756 5458">
     <span class='ocr_line' id='line_1_109' title="bbox 2120 5386 3756 5458; baseline 0.002 -17"><span class='ocrx_word' id='word_1_752' title='bbox 2120 5386 2500 5458; x_wconf 77' lang='lat' dir='ltr'><strong>praepositum</strong></span> <span class='ocrx_word' id='word_1_753' title='bbox 2547 5387 2718 5444; x_wconf 86' lang='lat' dir='ltr'><strong>rebus</strong></span> <span class='ocrx_word' id='word_1_754' title='bbox 2768 5403 2971 5445; x_wconf 87' lang='lat' dir='ltr'><strong>verum</strong></span> <span class='ocrx_word' id='word_1_755' title='bbox 3002 5388 3307 5444; x_wconf 89' lang='lat' dir='ltr'><strong>dominum</strong></span> <span class='ocrx_word' id='word_1_756' title='bbox 3339 5391 3397 5443; x_wconf 87' lang='lat' dir='ltr'><strong>et</strong></span> <span class='ocrx_word' id='word_1_757' title='bbox 3423 5404 3637 5446; x_wconf 87' lang='lat' dir='ltr'><strong>corona</strong></span> <span class='ocrx_word' id='word_1_758' title='bbox 3666 5389 3756 5444; x_wconf 90' lang='lat' dir='ltr'><strong>di-</strong></span> 
     </span>
    </p>
   </div>
   <div class='ocr_carea' id='block_1_110' title="bbox 2120 5479 3761 5551">
    <p class='ocr_par' dir='ltr' id='par_1_110' title="bbox 2120 5479 3761 5551">
     <span class='ocr_line' id='line_1_110' title="bbox 2120 5479 3761 5551; baseline 0.004 -20"><span class='ocrx_word' id='word_1_759' title='bbox 2120 5491 2326 5547; x_wconf 87' lang='lat' dir='ltr'><strong>gnum,</strong></span> <span class='ocrx_word' id='word_1_760' title='bbox 2361 5492 2540 5547; x_wconf 90' lang='lat' dir='ltr'><strong>seque</strong></span> <span class='ocrx_word' id='word_1_761' title='bbox 2570 5482 2866 5548; x_wconf 90' lang='lat' dir='ltr'><strong>compotes</strong></span> <span class='ocrx_word' id='word_1_762' title='bbox 2893 5482 3181 5546; x_wconf 90' lang='lat' dir='ltr'><strong>votorum,</strong></span> <span class='ocrx_word' id='word_1_763' title='bbox 3227 5480 3430 5549; x_wconf 88' lang='lat' dir='ltr'><strong>utpote</strong></span> <span class='ocrx_word' id='word_1_764' title='bbox 3460 5479 3761 5551; x_wconf 85' lang='lat' dir='ltr'><strong>subjectos</strong></span> 
     </span>
    </p>
   </div>
   <div class='ocr_carea' id='block_1_111' title="bbox 2122 5564 3761 5641">
    <p class='ocr_par' dir='ltr' id='par_1_111' title="bbox 2122 5564 3761 5641">
     <span class='ocr_line' id='line_1_111' title="bbox 2122 5564 3761 5641; baseline 0.003 -21"><span class='ocrx_word' id='word_1_765' title='bbox 2122 5564 2371 5637; x_wconf 83' lang='lat' dir='ltr'><strong>principi</strong></span> <span class='ocrx_word' id='word_1_766' title='bbox 2405 5566 2534 5635; x_wconf 89' lang='lat' dir='ltr'><strong>ejus</strong></span> <span class='ocrx_word' id='word_1_767' title='bbox 2564 5566 2761 5623; x_wconf 63' lang='lat' dir='ltr'><strong>forma:</strong></span> <span class='ocrx_word' id='word_1_768' title='bbox 2786 5583 2963 5640; x_wconf 90' lang='lat' dir='ltr'><strong>quam</strong></span> <span class='ocrx_word' id='word_1_769' title='bbox 2985 5566 3435 5640; x_wconf 87' lang='lat' dir='ltr'><strong>descripserant.</strong></span> <span class='ocrx_word' id='word_1_770' title='bbox 3460 5569 3515 5624; x_wconf 91' lang='lat' dir='ltr'><strong>ls</strong></span> <span class='ocrx_word' id='word_1_771' title='bbox 3534 5582 3761 5641; x_wconf 85' lang='lat' dir='ltr'><strong>quoque</strong></span> 
     </span>
    </p>
   </div>
   <div class='ocr_carea' id='block_1_112' title="bbox 2122 5655 3763 5730">
    <p class='ocr_par' dir='ltr' id='par_1_112' title="bbox 2122 5655 3763 5730">
     <span class='ocr_line' id='line_1_112' title="bbox 2122 5655 3763 5730; baseline 0.003 -22"><span class='ocrx_word' id='word_1_772' title='bbox 2122 5655 2246 5726; x_wconf 86' lang='lat' dir='ltr'><strong>ipse</strong></span> <span class='ocrx_word' id='word_1_773' title='bbox 2282 5671 2452 5726; x_wconf 84' lang='lat' dir='ltr'><strong>quem</strong></span> <span class='ocrx_word' id='word_1_774' title='bbox 2495 5655 2625 5713; x_wconf 89' lang='lat' dir='ltr'><strong>istis</strong></span> <span class='ocrx_word' id='word_1_775' title='bbox 2672 5657 2906 5713; x_wconf 87' lang='lat' dir='ltr'><strong>vocibus</strong></span> <span class='ocrx_word' id='word_1_776' title='bbox 2956 5656 3358 5729; x_wconf 84' lang='lat' dir='ltr'><strong>designabant,</strong></span> <span class='ocrx_word' id='word_1_777' title='bbox 3408 5657 3763 5730; x_wconf 72' lang='lat' dir='ltr'><strong>Palaeologus</strong></span> 
     </span>
    </p>
   </div>
  </div>
