4154 6286
448 379 553 432 527

1737 378 2034 433 GEORGII
2074 378 2534 432 PACHYMERE

3736 370 3839 425 5‘28

449 503 523 562 ὡς
551 501 595 554 εἶ
632 502 706 572 μὴ
741 501 883 572 ἄξιος
913 506 1013 568 τῆς
1046 499 1337 574 ἡγεμονίας
1367 499 1576 575 κριθείη
1608 500 1697 553 καὶ
1744 501 1769 553 ὁ
1803 498 1853 568 ἐξ
1902 496 2089 567 αὐτοῦ,
2123 507 2175 571 Α
2204 498 2496 571 ἀργοῦντος
2529 496 2585 552 δὲ
2614 498 2701 551 καὶ
2750 502 2845 551 τοῦ
2895 495 3143 571 σιδήρου,
3195 499 3266 557 ὡς
3316 493 3696 569 ἐπηρτημένου
3747 486 3836 546 καῖ

448 590 607 652 αὐτὸς
684 589 916 643 ἐντεῦθεν
994 588 1193 643 ἐκεῖνον
1270 587 1693 663 ἀποψηφίζεται.
1772 586 1923 654 Πλὴν
1998 586 2087 640 καὶ

448 674 633 731 πολλά
662 698 782 730 τινα
810 678 1103 751 κατορθοῦν
1166 677 1504 749 ὑπισχνεῖτο,
1563 676 1660 744 τὴν
1709 675 1801 746 μὲν
1856 672 2087 742 Ἐκκλη-

448 765 563 819 σίαν
598 766 831 838 ἀνυψοῦν
866 767 1012 832 ὅσον,
1043 763 1168 824 τοὺς
1199 762 1243 817 δ’
1276 763 1607 837 ἱερωμένους
1660 764 1748 817 καὶ
1792 762 1960 818 πλέον
1994 767 2088 816 τοῦ

451 852 671 927 μετρίου
698 858 879 925 τιμᾷν,
929 853 1096 924 ἀξίαις
1150 874 1208 906 τε
1255 854 1534 925 μεγίσταις
1580 852 1668 906 καὶ
1726 851 1851 911 τοὺς
1909 851 2087 920 ἀξίους

446 947 552 996 τῶν
587 943 635 996 ἐν
677 942 822 997 τέλει
867 936 1240 1016 προῦιϐάζειν.
1289 941 1375 994 καὶ
1437 940 1638 1016 κρίσεις
1691 937 2088 1012 ὑπεραποδὲχε-

445 1042 563 1095 σθαι
624 1029 856 1101 δικαίας,
915 1029 1004 1084 καὶ
1063 1029 1190 1090 τοὺς
1241 1029 1488 1104 ἀρῥεπῶς
1535 1032 1849 1101 κρινοῦντας
1903 1028 2088 1102 ἐγκαθ-

448 1122 619 1191 ισθᾷν,
652 1121 723 1172 ὧν
772 1118 860 1173 καὶ
915 1118 1061 1189 μάλα
1109 1120 1195 1171 καὶ
1254 1119 1556 1190 πρώτιστον
1608 1116 1699 1170 τὸν
1751 1117 1925 1172 Κακὸν
1980 1118 2088 1171 Μι-

450 1206 600 1281 χαὴλ
632 1208 720 1261 καὶ
756 1207 1103 1281 Σεναχηρεῖμ
1137 1205 1591 1278 ἐπικεκλημένον,
1651 1205 1706 1258 εὖ
1751 1209 1857 1258 τῶν
1909 1202 2086 1278 λόγων

446 1298 538 1351 καὶ
588 1302 696 1350 τῶν
739 1296 919 1367 νόμων
967 1291 1183 1371 ἔχοντα,
1232 1296 1281 1349 ἐν
1313 1299 1392 1366 τῷ
1423 1293 1603 1348 δοῦναί
1652 1296 1705 1346 οἱ
1755 1294 1843 1347 καὶ
1870 1312 2089 1367 πρωτο-

446 1391 743 1459 ασηκρῆτις
817 1382 978 1438 παλαι
1056 1380 1270 1447 σϐεσθεν
1348 1383 1579 1455 ἀξίωμα,
1639 1384 1725 1435 καὶ
1802 1384 1851 1435 o't
1912 1380 2085 1443 θέλειν

447 1473 744 1547 ἇσηκρῆτις
778 1471 1053 1544 ὑποτάξαι,
1088 1471 1168 1546 ἐφ’
1217 1474 1261 1542 ᾦ
1310 1471 1617 1531 ἀδεκάστως
1666 1471 1755 1523 καὶ
1810 1469 2088 1543 ἀνεριθεύο

443 1582 553 1623 τως
611 1562 866 1635 κρίνοιεν.
929 1563 1045 1615 Ἔτι
1101 1582 1159 1615 τε
1216 1559 1380 1634 λόγον
1439 1565 1668 1630 τιμῆσαι
1725 1559 1811 1611 καὶ
1862 1556 1987 1618 τοὺς
2035 1556 2086 1611 ἐν

446 1647 599 1724 λὸγῳ
653 1649 777 1724 περὶ
839 1651 1099 1704 πλείστου
1158 1652 1263 1702 τῶν
1322 1646 1506 1703 ἄλλων
1560 1651 1756 1700 ποιεῖν.
1816 1646 1890 1700 Τὸ
1925 1642 1979 1698 δέ
2028 1665 2089 1717 γε

449 1739 834 1811 στρατιωτικὸν
884 1740 1246 1813 ὑπεραγαπᾷν,
1293 1738 1383 1791 καὶ
1431 1736 1526 1797 τὰς
1570 1734 1784 1789 ἐκείνων
1814 1731 2089 1807 προνοίας,

446 1827 540 1881 κᾶν
594 1826 645 1881 ἐν
696 1825 927 1898 πολέμῳ
974 1826 1223 1879 πίπτοιεν
1272 1824 1366 1878 κᾶν
1410 1824 1823 1893 ἀποθνήσκοιεν,
1870 1821 2088 1895 γονικᾶς

446 1916 755 1988 ἐγκαθιστᾷν
808 1922 923 1977 τοῖς
980 1917 1163 1983 παισὶ,
1216 1913 1310 1969 κᾶν
1363 1935 1501 1968 τισιν
1560 1916 1614 1967 αἱ
1663 1916 1908 1988 γυναῖκες
1952 1907 2086 1963 κατὰ

443 2006 676 2080 γαστρὸς
724 2002 925 2078 ἔχοιεῖν
982 2006 1045 2058 τὸ
1102 2003 1579 2080 κυοφορούμενον.
1639 2002 1982 2074 Εἷσπράξεων
2041 1995 2085 2050 δ’

443 2091 642 2147 ἀδίκων
676 2091 805 2165 μηδ’
837 2088 1012 2164 ὄνομα
1043 2093 1195 2159 εἶναι,
1234 2089 1375 2163 μηδὲ
1404 2094 1590 2166 χώραν
1642 2087 1847 2143 διδόναι
1899 2082 2086 2142 διαϐο-

444 2180 590 2250 λαῖς,
649 2181 944 2256 ἀργοῦντος
984 2182 1106 2253 ’μὲν
1163 2184 1259 2234 τοῦ
1314 2179 1401 2233 ἐπὶ
1448 2179 1665 2239 ταύταις
1716 2175 2083 2251 μονομαχίου,

447 2365 647 2421 eadem
702 2363 803 2418 illa
832 2363 1204 2434 loquebatur,
1262 2364 1482 2419 addens
1513 2363 1685 2418 etiam
1735 2376 1817 2429 se,
1850 2361 1898 2416 si
1946 2360 2090 2414 forte

448 2454 765 2525 imperaret
796 2455 851 2507 et
881 2451 1068 2506 filium
1107 2451 1348 2507 haberet
1379 2468 1491 2507 non
1525 2450 1831 2523 praeditum
1854 2448 2090 2503 dotibus

448 2542 796 2612 artibusque
828 2541 898 2595 ad
928 2540 1075 2595 bene
1114 2542 1432 2611 regendum
1467 2540 1640 2611 aptis,
1675 2538 1827 2593 ultro
1861 2537 2089 2591 abdica-

452 2635 654 2686 turum
690 2628 1185 2698 redaclurumque
1237 2628 1295 2681 in
1347 2628 1631 2682 ordinem.
1665 2626 1765 2679 His
1799 2624 2089 2679 inserebat

448 2717 865 2789 promissienes
898 2716 1240 2789 magniﬁcas
1272 2715 1778 2787 perﬁciendarum,
1812 2712 1860 2767 si
1893 2711 2088 2767 decla-

448 2809 675 2861 raretur
704 2805 804 2860 92
838 2804 1176 2875 imperator,
1209 2803 1580 2859 laudatarum
1612 2806 1669 2859 et
1717 2801 1942 2857 cunctis
1988 2815 2086 2855 ex-

450 2893 765 2965 petitarum
798 2910 990 2949 rerum
1023 2892 1334 2949 Ecclesiam
1368 2892 1605 2964 quidem
1656 2907 1783 2947 sese
1834 2890 1894 2944 in
1926 2889 2086 2944 altis-

444 2982 662 3038 simum
714 2981 1015 3053 fastigium
1074 2986 1431 3049 evecturum,
1468 2996 1667 3036 sacros
1726 2994 1860 3034 vero
1910 2976 2084 3031 mini-

445 3073 598 3125 stros
649 3069 1066 3125 honoraturum
1126 3069 1603 3140 exquisitissime.
1632 3069 1913 3122 Praeterea
1963 3082 2083 3120 ma-

449 3160 728 3230 gistratus
758 3163 814 3213 et
843 3158 1217 3229 praefecturas
1248 3174 1364 3212 non
1391 3157 1503 3213 nisi
1536 3155 1728 3227 dignis
1778 3172 1845 3211 ex
1895 3154 2083 3226 primo

449 3208 726 3230 D"""""
762 3208 812 3213 "
843 3208 1215 3229 1'"""""‘"‘
1249 3208 1364 3212 ’⁷⁷““
1392 3208 1501 3213 “““““
1543 3208 1671 3227 “‘0”
1712 3208 1722 3210 ν
1786 3208 1801 3211 '
1830 3208 1843 3209 "
1895 3208 1951 3226 1"

445 3248 649 3302 ordine
700 3245 1083 3301 tributurum.
1115 3244 1475 3301 Judiciorum
1531 3261 1732 3301 curam
1767 3248 2081 3314 susceptu-
2114 3208 2157 3275 Ο

448 3350 603 3403 rum,
636 3334 886 3405 utjuste
935 3349 1000 3389 ac
1034 3334 1161 3389 sine
1210 3333 1505 3389 calumnia
1562 3333 1790 3398 ﬁerent,
1823 3332 2089 3402 aequique

451 3429 685 3480 tenaces
724 3428 783 3479 et
825 3423 1173 3479 inflexibiles
1201 3425 1271 3479 ad
1310 3424 1560 3495 gratiam
1602 3421 1922 3477 eireiviros
1949 3437 2087 3492 pras-

445 3514 759 3569 fecturum.
791 3512 973 3581 Cujus
1005 3512 1087 3567 rei
1111 3513 1237 3583 jam
1282 3528 1437 3567 nunc
1487 3511 1783 3583 specimen
1831 3514 1887 3565 et
1919 3509 2086 3580 quasi

446 3602 660 3674 pignus
678 3600 839 3656 dedit
860 3601 920 3654 in
948 3617 1201 3672 quopam
1233 3600 1542 3656 notissimo
1571 3604 1709 3655 tunc
1738 3604 1794 3655 et
1823 3598 2085 3656 omnium

450 3689 641 3762 primo
657 3688 876 3759 judice,
903 3690 1172 3760 perdocte
1196 3688 1293 3745 illo
1312 3688 1547 3761 quidem
1570 3693 1626 3744 et
1651 3686 2086 3745 censultissimo

442 3777 622 3850 juris,
646 3778 747 3832 sed
772 3776 1064 3847 injustitia
1094 3777 1321 3845 infami,
1355 3777 1692 3833 undeillum
1727 3776 1952 3833 Malum
1982 3776 2086 3829 Mi-

447 3865 707 3921 chaelem
751 3865 826 3937 et}
854 3866 1309 3922 Senacheribum
1348 3868 1519 3938 vulgo
1541 3866 2084 3929 vocitabant.Quem

451 3954 645 4027 specie
696 3954 936 4010 honoris
992 3953 1050 4009 in
1102 3958 1399 4026 posterum
1448 3954 1737 4010 coercuit:
1773 3953 2083 4009 extinclam

445 4044 602 4098 enim
634 4043 798 4115 prius
829 4042 1174 4114 dignitatem
1207 4043 1381 4115 primi
1403 4061 1436 4099 a
1467 4042 1701 4099 secretis
1726 4042 2082 4098 resuscitans

446 4132 497 4187 ei
548 4130 810 4199 tradidit,
845 4131 1164 4201 subjiciens
1213 4132 1296 4188 sic
1353 4131 1439 4186 illi
1490 4147 1815 4188 assessores
1867 4130 2083 4186 multos

446 4222 661 4293 probos
692 4220 844 4275 viros
877 4238 909 4276 a
940 4222 1199 4287 secretis,
1231 4222 1340 4277 hoc
1392 4226 1481 4276 est
1510 4221 1740 4277 arcanis
1787 4219 2081 4292 suffragiis

435 4310 830 4379 judicaturos,
865 4314 921 4363 et
952 4310 1035 4365 sic
1066 4310 1213 4365 citra
1258 4326 1640 4381 personarum
1685 4310 2079 4381 acceptionem

440 4400 568 4454 sine
600 4398 779 4453 ullius
824 4402 1089 4469 respectu
1139 4414 1202 4453 ac
1250 4398 1616 4469 verecundia,
1650 4399 1802 4469 quod
1848 4399 2076 4468 justum

440 4491 596 4543 esset
625 4488 983 4541 decreturos.
1019 4486 1401 4542 Pollicebatur
1430 4486 1605 4542 etiam
1638 4503 1762 4542 sese
1792 4486 2080 4542 litteratos

2197 584 2447 640 κινδύνου
2507 586 2781 661 μεγίστου,
2832 584 2884 641 εἷ’
2934 607 3016 648 τις
3071 584 3300 655 τολμῴη
3361 587 3469 637 τῶν
3525 579 3832 653 δυναμένων

2196 674 2283 727 καὶ
2333 672 2383 727 ἐν
2445 676 2641 748 ἀρχαῖς
2713 674 2933 748 ὑπέχειν
2989 675 3078 727 τὸν
3141 669 3340 747 μύδρον
3393 671 3835 742 καταναγκάζειν.

2196 764 2275 819 Τὰ
2303 760 2359 815 δὲ
2389 769 2487 831 τῆς
2517 762 2793 823 πολιτείας
2819 762 2990 824 οὕτως
3038 756 3258 837 ἀφόϐως
3308 759 3358 813 ἐν
3410 759 3595 833 εἰρήνῃ
3647 755 3835 826 διατη-

2199 857 2426 922 ρεῖσθαι,
2488 850 2624 906 ὥστε
2679 851 2767 905 καὶ
2813 850 2939 911 τοὺς
2999 851 3333 923 ἀποροῦντας
3382 848 3471 901 καὶ
3501 849 3699 909 ἱκανῶς
3739 853 3836 915 τῆς

2196 941 2508 1011 περιουσίας
2584 934 2815 1013 ἔχοντας
2878 935 3348 1010 ἐπιδεικνυμένους
3404 936 3469 991 τὰ
3527 934 3836 1008 ὑπάρχοντα

2196 1026 2518 1099 κυδροῦσϐαι
2564 1028 2653 1082 καὶ
2698 1030 2759 1081 τὸ
2808 1029 3055 1101 παράπαν
3106 1028 3181 1098 μὴ
3234 1023 3482 1080 δεδιέναι.
3523 1023 3643 1079 Ἐπὶ
3674 1029 3833 1076 πᾶσιν

2199 1116 2486 1169 ὑπακούειν
2542 1123 2641 1184 τῆς
2696 1116 3048 1185 Ἐκκλησίας,
3098 1115 3187 1169 καὶ
3248 1114 3456 1188 μητέρα
3499 1111 3697 1180 ταύτην
3756 1112 3831 1172 ὡς

2199 1204 2338 1265 εἰκὸς
2403 1207 2683 1277 ἡγεῖσθαι,
2749 1205 2837 1259 καὶ
2893 1210 2997 1258 πᾶν
3048 1205 3111 1257 τὸ
3167 1204 3243 1265 εἷς
3300 1200 3619 1256 κατάστασιν
3670 1202 3836 1267 αὐτῆς

2198 1294 2697 1365 πραγματεύεσθαι.
2753 1297 2924 1346 Ταῦτα
2981 1290 3037 1346 δὲ
3094 1290 3445 1366 προσετίθει,
3501 1289 3582 1344 ὅτι
3639 1289 3726 1342 καὶ
3783 1287 3835 1342 ἐν

2200 1380 2478 1442 ὑπονοίαις
2512 1384 2538 1434 ὁ
2595 1377 3006 1455 προϐασιλεύων
3064 1381 3131 1448 ἦν
3181 1378 3275 1434 τοῦ
3323 1382 3673 1452 καταφρονεῖν
3731 1382 3829 1430 τῶν

2199 1467 2404 1538 ἐκείνης
2489 1472 2805 1544 προνομίων
2884 1469 2973 1523 καὶ
3044 1470 3344 1542 βασιλικῶς
3399 1465 3830 1540 κατεπαίρεσθαι,

2199 1556 2334 1610 ὥστε
2380 1559 2467 1610 καὶ
2527 1558 2612 1612 ἐπὶ
2649 1557 2882 1619 πολλοῖς
2932 1559 3019 1612 τὸν
3053 1556 3399 1630 πατριάρχην
3432 1554 3713 1617 λυπεῖσθαι
3744 1554 3831 1607 καὶ

2196 1646 2293 1712 τὴν
2350 1650 2445 1699 τοῦ
2495 1644 2629 1701 λαοῦ
2680 1646 3004 1721 προστασίαν
3060 1645 3602 1717 ἁποπροσποιεῖσθαι,
3667 1639 3833 1714 μηδὲν

2198 1733 2292 1787 κᾶν
2344 1732 2564 1796 δικαίως
2624 1735 2753 1808 ὑπὲρ
2804 1756 2965 1789 τινων
3025 1732 3177 1807 λέγοι
3239 1732 3675 1803 εἷσακουὸμενον.
3738 1732 3834 1786 Ἠν

2200 1820 2289 1875 οῦν
2348 1823 2470 1877 τότε
2526 1825 2604 1890 τῷ
2657 1826 2991 1898 πατριάρχῃ,
3047 1823 3132 1876 καὶ
3195 1824 3280 1882 οἷς
3311 1825 3418 1875 τῶν
3451 1820 3748 1894 ἀρχιερέων
3776 1819 3839 1871 τὸ

2195 1910 2268 1970 εἷς
2299 1911 2359 1963 τὸ
2422 1910 2625 1982 μέλλον
2684 1912 2965 1986 προμηθὲς
3005 1912 3094 1978 ἦν,
3156 1908 3331 1963 διττοί
3378 1928 3518 1969 τινες
3578 1906 3837 1981 λογισμοὶ

2197 1998 2333 2069 πρὸς
2388 2000 2665 2077 ἀμφότερα
2720 2000 3006 2075 κρούοντες
3064 1998 3152 2052 καὶ
3211 1996 3534 2069 ἑκατέρωθεν
3594 1995 3834 2070 ἴσχυροί.

2195 2088 2319 2143 Ὅτε
2348 2089 2447 2162 γὰρ
2479 2089 2615 2160 πρὸς
2657 2090 2755 2157 τὴν
2804 2095 2903 2157 τῆς
2958 2085 3234 2161 βασιλείας
3276 2084 3541 2140 ἐντὲλειαν
3595 2080 3837 2138 ἆποϐλὲο

2195 2178 2367 2247 ψαιεν,
2398 2174 2572 2230 καὶτὸ
2604 2180 2730 2250 παρ’
2784 2178 2984 2253 ἀμφοῖν
3018 2173 3317 2250 βασιλέοιν,
3367 2178 3461 2228 τοῦ
3515 2174 3608 2246 μὲν
3653 2193 3838 2227 νεοκο-

2201 2359 2541 2429 decertaret,
2563 2376 2732 2417 nemo
2765 2364 3029 2416 contactu
3063 2360 3199 2415 ferri
3218 2358 3521 2415 candentis
3552 2356 3839 2412 innocen-

2199 2448 2339 2503 tiam
2374 2449 2645 2519 probaret
2698 2448 2840 2505 satis
2889 2465 3068 2521 gnaro
3121 2462 3472 2519 unoquoque
3524 2445 3832 2517 magistra-

2199 2545 2365 2598 tuum
2401 2558 2679 2615 magnum
2707 2542 2841 2598 mali
2871 2540 3199 2613 gravissimi
3231 2540 3339 2596 sibi
3368 2538 3694 2611 periculum
3721 2537 3832 2592 im-

2199 2631 2470 2700 pendere,
2505 2631 2555 2685 si
2608 2629 2696 2686 vel
2756 2634 2979 2685 tantum
3009 2628 3355 2693 conniveret,
3388 2633 3452 2683 ut
3500 2627 3689 2699 quivis
3728 2628 3833 2681 de-

2199 2719 2354 2774 latus
2387 2720 2454 2774 ad
2488 2719 2950 2790 experimentum
2985 2735 3191 2774 massae
3221 2716 3524 2773 candentis
3573 2715 3834 2786 adigere-

2196 2811 2311 2861 tur.
2340 2807 2675 2878 Spondebat
2723 2806 2862 2878 quin
2895 2806 3069 2862 etiam
3119 2820 3412 2861 summam
3462 2803 3834 2859 securitatem

2196 2895 2355 2966 pacis
2388 2895 2655 2966 publicae,
2678 2912 2779 2967 per
2809 2912 2983 2967 quam
3016 2896 3193 2951 etiam
3224 2898 3431 2949 tenues
3461 2896 3517 2948 et
3547 2891 3711 2963 prius
3728 2891 3829 2945 98

2194 2991 2426 3055 egentes
2444 2986 2567 3055 jam
2589 2988 2818 3039 tantum
2838 2985 3224 3051 abundarent,
3244 2986 3421 3039 utnec
3443 2981 3591 3053 ipsis
3615 2980 3834 3035 deferet

2194 3071 2439 3127 facultas
2471 3073 2951 3128 ostentandarum
2985 3088 3163 3143 opum
3211 3076 3269 3127 et
3317 3086 3377 3125 se
3428 3068 3831 3140 familiamque

2195 3160 2515 3217 domestica
2558 3163 2723 3233 copia
2769 3160 3138 3227 honestandi,
3173 3159 3333 3215 omni
3381 3175 3624 3231 prorsus
3675 3161 3833 3212 metu

2200 3249 2414 3304 vacuis.
2449 3250 2636 3321 Super
2665 3251 2860 3305 omnia
2890 3248 3431 3305 ebedientissimum
3464 3262 3612 3314 sese,
3647 3250 3835 3316 utpar

2197 3343 2305 3407 est,
2348 3338 2612 3396 Ecclesiae
2672 3338 3077 3410 praebiturum,
3118 3342 3175 3393 et;
3232 3336 3437 3393 matris
3489 3336 3654 3391 illam
3704 3335 3829 3390 loco

2198 3430 2534 3497 ducturum,
2567 3430 2831 3500 nihilque
2864 3445 2978 3484 non
3011 3427 3352 3484 moliturum
3394 3427 3549 3499 quod
3582 3427 3653 3481 ad
3704 3427 3831 3496 ejus

2198 3523 2414 3573 statum
2431 3534 2751 3590 pacemque
2765 3518 3109 3573 servandam
3126 3516 3421 3571 videretur
3444 3513 3831 3569 conducibile.

2197 3625 2258 3675 1n
2291 3625 2406 3680 quo
2440 3614 2503 3663 ut
2550 3608 2949 3663 abundantius
2979 3606 3321 3678 religionem
3371 3607 3712 3671 ostentaret,
3746 3602 3837 3657 in-

2197 3696 2485 3751 citabatur
2514 3712 2617 3767 spe
2647 3694 3101 3765 comparationis
3132 3710 3164 3747 a
3196 3691 3409 3765 populo
3460 3690 3836 3745 instituenda:

2196 3784 2481 3839 fastorum
2534 3800 2777 3840 suorum
2840 3783 2968 3853 ejus
3023 3784 3253 3854 generis
3319 3796 3453 3835 cum
3524 3777 3834 3834 contrariis

2195 3872 2473 3943 exemplis
2506 3872 2874 3943 imperatoris
2907 3886 3092 3941 nuper
3121 3867 3401 3936 defuncti,
3430 3867 3500 3921 de
3530 3881 3644 3936 quo
3686 3864 3833 3919 scie-

2195 3962 2297 4017 bat
2324 3960 2643 4017 invaluisse
2671 3959 3061 4031 suspicionem
3088 3959 3244 4013 haud
3269 3956 3464 4028 magni
3487 3971 3620 4011 eum
3645 3954 3831 4009 facere

2195 4050 2454 4107 Ecclesiae
2488 4050 2916 4119 auctoritatem,
2949 4048 3237 4119 etl‘ereque
3276 4062 3339 4102 se
3385 4046 3440 4101 in
3494 4060 3623 4099 eam
3676 4043 3828 4097 fastu

2193 4140 2371 4211 regio.
2410 4140 2566 4195 Unde
2595 4143 2651 4194 et
2680 4138 3002 4209 contigerat
3030 4154 3096 4192 eo
3147 4139 3431 4206 regnante
3478 4132 3695 4188 multas
3744 4132 3828 4185 of-

2193 4229 2483 4285 fensiones
2515 4233 2571 4284 et
2600 4227 2832 4283 dolendi
2865 4243 3075 4282 causas
3098 4224 3438 4297 patriarchae
3470 4220 3661 4277 otl'erri
3683 4220 3827 4275 adeo

2192 4320 2256 4371 ut
2278 4318 2402 4387 jam
2435 4334 2548 4372 non
2578 4317 2814 4372 auderet
2841 4314 3137 4385 suscipere
3169 4310 3561 4384 patrocinium
3601 4307 3825 4381 populi,

2190 4420 2295 4459 nec
2325 4405 2756 4475 deprecatorem
2789 4419 2851 4458 se
2898 4401 3160 4472 ingerere
3189 4400 3248 4454 in
3280 4397 3556 4470 periculis
3584 4397 3826 4452 misere-

2190 4508 2343 4562 rum,
2380 4493 2655 4563 quoniam
2686 4510 2802 4547 non
2833 4493 3096 4562 speraret
3128 4506 3187 4546 se
3220 4490 3485 4545 auditum
3521 4487 3614 4554 iri,
3649 4503 3823 4557 quan-

439 4573 651 4630 eximie
681 4573 978 4629 culturum
1028 4574 1519 4646 praelaturumque
1563 4575 1807 4631 cunctis-
1844 4576 1929 4630 Ad
1958 4575 2076 4630 hmc
2109 4571 2157 4637 Ι)
2184 4580 2402 4637 tumvis
2428 4599 2593 4653 aequa
2623 4581 3030 4636 diceret.Tunc
3054 4595 3222 4650 porro
3247 4576 3578 4649 patriarcha
3610 4580 3669 4631 et
3698 4575 3738 4630 ii
3760 4592 3828 4629 ex

436 4662 711 4719 eximiam
743 4679 883 4734 erga
916 4663 1229 4720 militarem
1277 4664 1539 4720 ordinem
1585 4664 1913 4720 caritatem'
1946 4681 2077 4736 pro-

442 4752 727 4821 mittebat,
762 4752 1071 4823 stipendiis
1099 4755 1166 4809 ad
1202 4755 1354 4810 diem
1388 4755 1769 4810 numerandis
1793 4754 2078 4810 denativis

442 4841 950 4911 repressentandis,
982 4856 1183 4897 eorum
1232 4860 1365 4898 vero
1399 4844 1497 4915 qui
1548 4844 1607 4898 in
1639 4843 1787 4899 bello
1833 4843 2075 4899 cecidis-

441 4934 573 4984 sent
621 4933 678 4985 et
728 4929 787 4984 in
820 4930 1099 5001 obsequio
1122 4932 1453 5002 reipublicae
1476 4933 1653 4988 vitam
1679 4932 2077 5004 profudissent

436 5016 659 5089 liberis,
692 5018 741 5073 si
774 5034 921 5089 quos
970 5018 1368 5090 reliquissent,
1401 5021 1598 5076 debita
1646 5022 1791 5092 patri
1838 5021 2075 5092 praemia

434 5106 767 5162 reddendo:
800 5106 858 5159 in
891 5123 1074 5177 eoque
1100 5111 1219 5162 tam
1253 5108 1592 5179 diligentem
1628 5110 1764 5177 fere,
1799 5114 1863 5165 ut
1893 5110 1942 5165 si
1975 5126 2072 5164 cu-

426 5194 529 5263 jus
556 5193 728 5249 occisi
764 5193 966 5249 militis
1000 5211 1141 5249 uxor
1172 5210 1481 5267 praegnans
1536 5201 1888 5269 superesset,
1922 5199 2072 5254 fetus

430 5279 487 5334 in
522 5297 591 5336 ea
620 5281 883 5353 concepti
917 5282 1339 5353 providentiam
1389 5293 1610 5357 gereret
1643 5286 1810 5357 eique
1855 5286 2070 5341 servari

431 5370 646 5425 mortui
705 5371 961 5442 parentis
1021 5371 1333 5427 honoraria
1401 5378 1647 5429 curaret.
1707 5375 2067 5444 Injustarum

427 5474 597 5528 porro
629 5459 996 5516 exactionum
1029 5477 1100 5516 ne
1132 5477 1341 5517 nomen
1373 5463 1609 5533 quidem
1641 5464 1828 5519 audiri
1864 5481 2067 5536 passu-

425 5564 577 5602 rum.
644 5551 754 5607 Nec
814 5552 1008 5608 locum
1070 5554 1343 5608 daturum
1377 5554 1720 5625 calumniis;
1756 5558 2065 5628 undejam

421 5652 593 5691 nemo
627 5639 694 5693 ad
725 5656 923 5696 earum
963 5640 1365 5713 depulsionem
1410 5643 1692 5715 singulari
1750 5646 2063 5702 certamine

2190 4669 2548 4726 antistitibus
2570 4670 2667 4741 qui
2693 4670 2870 4724 futuri
2897 4666 3318 4739 providentiam
3341 4664 3827 4735 habebant,cogi-

2186 4760 2508 4816 tationibus
2538 4759 2783 4814 invicem
2831 4757 3092 4813 adversis
3124 4760 3181 4811 et
3218 4754 3405 4811 valido
3452 4752 3737 4823 utrinque
3766 4751 3825 4805 in

2188 4849 2479 4904 contraria
2535 4845 2969 4902 incurrentibus
3029 4844 3526 4900 distrahebantur.
3582 4840 3827 4904 Quando

2189 4939 2343 4995 enim
2376 4938 2595 4992 bonum
2636 4936 2865 5008 imperii
2908 4938 3126 4990 statum
3184 4932 3553 5005 reputabant,
3586 4930 3824 5003 praecla-

2184 5044 2314 5082 rum
2347 5026 2491 5098 ipsis
2540 5028 2598 5080 et
2649 5024 2863 5096 pepulo
2913 5022 3168 5079 salutare
3216 5021 3541 5089 videbatur,
3572 5018 3825 5075 admini-

2183 5115 2353 5171 strari
2414 5113 2773 5186 republicam
2834 5112 3070 5169 nomine
3101 5114 3274 5182 atque
3333 5110 3678 5165 auctoritate
3740 5106 3823 5161 si-

2183 5202 2303 5259 mul
2332 5202 2548 5273 junctis
2582 5201 2913 5273 principum
2936 5201 3226 5269 duorum;
3257 5197 3495 5254 alterius
3526 5195 3732 5268 pupilli
3766 5198 3823 5249 et

2180 5292 2238 5347 in
2264 5291 2573 5363 perfectam
2598 5293 2825 5345 zetatem
2855 5289 3052 5344 debita
3078 5303 3216 5343 cura
3237 5286 3519 5342 educandi
3547 5283 3820 5355 ;alterius

2180 5397 2281 5452 per
2313 5395 2373 5435 se
2403 5378 2650 5434 valentis
2681 5394 2888 5449 resque
2942 5392 3116 5449 opera
3166 5374 3519 5444 consilioque
3568 5371 3818 5445 propriis

2176 5468 2446 5540 gerentis.
2478 5467 2706 5522 Rursus
2726 5482 2857 5521 cum
2889 5465 3279 5521 extendebant
3300 5463 3565 5519 animum
3593 5462 3651 5516 in
3686 5478 3813 5532 pre-

2173 5558 2456 5611 visioncm
2491 5572 2685 5610 rerum
2732 5555 3084 5624 futurarum,
3117 5554 3253 5608 hinc
3283 5552 3514 5621 quidem
3548 5565 3816 5606 occurre-

2179 5648 2279 5701 bat
2318 5650 2598 5718 quantum
2660 5645 2945 5716 expectari
3010 5643 3143 5698 boni
3198 5645 3396 5713 posset
3449 5656 3516 5695 ex
3574 5638 3816 5710 imperio
