4154 6286
396 360 506 415 529
1461 365 1558 418 DE
1596 364 1964 419 MICHAELE

2109 362 2444 420 LEOLOGO
2480 368 2611 420 LIB.
2651 368 2720 420 ΙΙ.
3688 362 3796 417 530

401 483 681 556 μουμένου
738 487 834 538 τοῦ
894 481 938 537 δ’
992 484 1361 560 ἐνιργοῦντος,
1421 483 1678 560 ἄρχεσθαι
1747 487 1820 546 ὡς
1877 484 2338 555 καλὸνΑλιστον
2391 486 2637 545 ἀδικεῖν.
2711 489 2870 545 Ταῦτ’
2923 486 3146 549 ἐκείνοις
3215 485 3595 561 λογιζομένοις
3674 483 3794 548 δέος

394 575 539 645 ὁμοῦ
569 572 660 626 καὶ
687 577 768 644 τῷ
804 571 1034 644 ὑπηκόῳ
1061 576 1326 648 σωτήριον
1352 576 1662 632 κατενόουν.
1696 578 1754 648 [Ρ
1785 577 1876 648 29]
1896 576 2040 650 Πρὸς
2154 575 2307 648 ἐπῄει
2342 594 2357 610 ·
2431 577 2521 631 καὶ
2598 579 2743 652 παρά
2807 582 2976 631 ταῦτα
3053 577 3145 648 μὲν
3207 573 3440 642 πλησίον
3492 575 3625 642 ἦσαν
3697 578 3793 629 τοῦ

398 658 458 715 δὶ
484 660 577 716 καὶ
625 661 692 715 τὰ
749 657 1026 732 μέλλοντα
1069 664 1553 737 προσγενήσεσοαι,
1596 665 1707 735 ἅμα
1758 663 1850 736 μὶν
1885 662 1934 736 ἐξ
1966 665 2037 717 ὧν
2150 665 2426 737 πράττειν.
2455 665 2660 720 τούτων
2713 663 2770 720 δὲ
2818 665 3265 739 προσκρουόντων
3312 664 3437 725 τοὺς
3489 661 3790 738 λογισμοὺς

390 753 496 820 τὴν
546 750 738 818 ἱκανὴν
786 747 1170 826 πληροφορίαν
1228 749 1314 806 ἐπὶ
1361 749 1550 826 τάνδρὶ
1594 753 1740 827 εἶχον
1786 749 1845 806 ἐκ
1889 751 2036 807 πλεί-
2150 752 2309 826 ἀργοὶ
2339 753 2474 826 πρὸς
2503 753 2564 808 τὸ
2615 751 2742 827 δρᾷν
2793 755 2946 822 ἦσαν,
2997 753 3090 806 κᾶν
3140 751 3257 806 ὅσοι
3307 752 3396 805 καὶ
3445 750 3646 826 ὥρμων
3699 749 3792 805 λέ-

392 860 546 906 στου,
608 838 725 912 ἅμα
785 835 842 892 δὲ
869 837 960 892 καὶ
1005 837 1056 909 ἐξ
1089 840 1163 893 ὧν
1217 840 1338 894 τότε
1399 841 1835 914 ὑπισχνουμένου
1908 862 2035 896 κατ·
2146 859 2278 914 γειν.
2313 844 2450 909 Νικᾷ
2506 837 2552 893 δ’
2604 841 2754 911 ὅμως
2803 839 2865 893 τὸ
2919 841 3208 914 μόρσιμον.
3246 839 3341 893 Καὶ
3370 842 3467 892 τοῦ
3529 838 3622 909 μὶν
3680 838 3780 906 τὴν

393 930 624 998 ἤκουον,
682 924 1250 1001 ὑπεραποδεχομένοις
1302 927 1532 998 ἐῴκεσαν
1571 929 1637 982 τὰ
1667 929 1802 984 κατὰ
1831 929 2036 1004 βουλὴν
2145 927 2322 1001 ἀρχὴν
2402 927 2725 1002 ἐγχειρίζειν
2803 927 2994 999 ἐκείνῳ
3074 928 3126 981 ol
3182 925 3430 982 πλεὶστοι
3495 925 3780 1001 γίνονται,

316 1021 320 1025 ’
391 1013 847 1089 πραχθησόμενα.
880 1016 1010 1072 "Ora
1052 1013 1098 1069 δ’
1129 1016 1192 1070 αὗ
1231 1014 1394 1070 πάλιν
1435 1018 1569 1090 πρὸς
1601 1038 1658 1071 τε
1686 1018 1747 1072 τὸ
1776 1021 1872 1072 τοῦ
1921 1017 2035 1080 ἐνὸς
2143 1017 2230 1070 καὶ
2265 1014 2458 1091 σχεδὸν
2507 1015 2716 1080 πάντες·
2752 1015 2905 1088 ὅμως
2937 1015 2984 1070 δ’
3016 1012 3282 1088 ἐμπεδοῦν
3332 1021 3449 1076 τοῖς
3510 1013 3782 1091 φρικώδε-

389 1101 818 1176 ἀφιλονὲικητόν
872 1123 930 1156 τε
972 1101 1062 1156 καὶ
1119 1103 1456 1178 ἀνερίθευτον
1517 1103 1605 1158 καὶ
1649 1105 1711 1158 τὸ
1767 1103 1854 1158 ἐπὶ
1913 1101 2032 1158 δυσὶ
2142 1125 2223 1158 σιν
2276 1103 2481 1177 ὅρκοις,
2529 1105 2712 1177 ἀραῖον
2766 1102 2912 1178 ἔχειν
2962 1105 3092 1178 ὑπὲρ
3141 1104 3366 1178 θατέρου
3409 1103 3626 1176 θάτερον
3684 1108 3780 1157 τοῦ

394 1189 765 1244 στασιαστικόν
845 1210 902 1244 τε
975 1189 1062 1244 καὶ
1135 1189 1383 1264 μάχιμον
1457 1189 1730 1261 ἐνοήσαιεν
1766 1235 1780 1261 ,
1828 1191 1925 1246 τάσ
1983 1193 2028 1244 0'
2143 1195 2217 1264 μή
2263 1213 2313 1246 τι
2367 1190 2538 1246 δεινὸν
2593 1192 2978 1266 βουλεύσασθαι
3033 1193 3148 1246 κατ’
3199 1190 3462 1261 ἀλλήλων
3509 1190 3637 1252 τοὺς
3683 1193 3776 1265 βα·

393 1277 716 1353 ἑκατέρωθεν
760 1273 1058 1340 ἐπιϐουλὰς
1108 1279 1197 1333 καὶ
1239 1280 1333 1341 τὰς
1387 1280 1616 1352 ὑποψίας
1665 1281 1780 1341 ἐνὸς
1813 1278 1896 1334 ἐπὶ
1931 1280 2027 1334 θοὶ-
2139 1280 2343 1347 σιλέας,
2375 1284 2482 1334 τῶν
2513 1280 2735 1335 είκότων
2766 1279 3042 1353 ἐνόμισαν.

385 1387 541 1442 τερον
568 1368 653 1420 καὶ
687 1364 846 1430 τέλος
891 1367 982 1421 τὸν
1035 1365 1114 1440 ἐφ’
1154 1367 1230 1422 ἐνὶ
1264 1366 1508 1423 κίνδυνον
1560 1368 1703 1442 παρὰ
1745 1373 1840 1422 τοῦ
1890 1389 2022 1442 κρα·

2271 1387 2458 1447 "Ome:
2539 1385 2746 1441 ἀνίεσαν
2825 1387 2920 1459 τὸν
2998 1383 3376 1459 Παλαιολόγον
3469 1385 3609 1458 ἀρῶν
3688 1387 3770 1446 αἶς

378 1459 670 1526 τήσαντος,
722 1453 1012 1528 διεφώνουν
1058 1457 1143 1510 καὶ
1187 1456 1546 1532 ἀπηγόρευον.
1601 1457 1744 1513 Εἶναι
1790 1458 1891 1532 γὰρ
1922 1459 2020 1526 τήν

382 1541 664 1618 βασιλείαν
718 1543 808 1598 καὶ
867 1541 1056 1605 ἄλλως
1113 1551 1307 1618 χρῆμα
1367 1546 1458 1617 μὲν
1513 1545 1728 1619 ὀρεκτὸν
1780 1547 1866 1600 καὶ
1922 1551 2019 1600 τοῦ

374 1631 582 1693 παντὸς
613 1629 780 1702 ἄξιον,
815 1632 1108 1687 ὑποπτικὸν
1153 1630 1197 1686 δ’
1245 1631 1456 1701 ἄλλως,
1491 1632 1627 1688 ὣστε
1673 1634 1760 1687 καὶ
1816 1635 1891 1706 μὴ
1925 1635 2016 1688 οὖ-

375 1741 472 1775 σαν
505 1720 696 1775 κακίαν
728 1717 1155 1789 εἷδωλοποιῆσαι
1189 1719 1277 1775 διὰ
1306 1722 1404 1790 τήν
1439 1722 1666 1794 ὑποψίαν
1713 1722 1800 1776 καὶ
1832 1723 2013 1792 οὖσαν,

377 1809 619 1881 μετιέναι
668 1807 1049 1884 παρασκεάζειν
1098 1809 1190 1864 τὸν
1243 1808 1328 1864 ἐπὶ
1369 1817 1467 1879 τῆς
1520 1809 1719 1884 ἀρχῆς,
1752 1811 1825 1872 ὡς
1873 1810 2014 1865 οὕτω

376 1898 542 1969 μόνος
601 1896 857 1974 ἀσφαλῶς
907 1895 1326 1970 βασιλεύσοντα,
1388 1896 1445 1950 ἂν
1495 1898 1586 1952 καὶ
1627 1899 1694 1953 τὰ
1755 1901 1829 1970 μὴ
1890 1895 2013 1953 ὄντα

371 1984 552 2058 μετίῃ.
604 1990 668 2061 ᾪ
717 1983 773 2040 δέ
819 2006 902 2047 τις
951 1987 1084 2059 πρὸς
1135 1990 1299 2040 ταῦτα
1356 1988 1444 2040 καὶ
1497 1984 1877 2041 ὑποστέλλοιτ’
1922 1985 2005 2056 ἄν,

361 2075 444 2142 τῷ
478 2073 554 2143 μή
581 2092 718 2126 τισιν
763 2069 947 2134 ἄδικος
1007 2069 1156 2142 δόξαι
1209 2076 1278 2146 τῇ
1337 2073 1611 2146 μοναρχίᾳ
1667 2071 2003 2146 ἐπιθέμενος.

363 2159 529 2235 σοφόν
579 2180 700 2213 τινα
762 2158 928 2235 λόγον
977 2161 1067 2214 καὶ
1118 2159 1350 2215 παλαιὸν
1403 2159 1462 2215 ἐκ
1515 2158 1817 2234 τραγῳδίας
1873 2164 2004 2216 εἶναι

361 2249 454 2303 τὸν
488 2248 798 2324 ἐξαιροῦντα
842 2249 934 2303 τὸν
986 2247 1073 2302 ἐπὶ
1120 2251 1188 2322 τῇ
1229 2246 1356 2322 δόξῃ
1400 2255 1498 2318 τῆς
1535 2249 1745 2324 ἀγικίας
1787 2254 2000 2322 μῶμον,

365 2333 629 2412 λέγοντα,
689 2334 839 2411 εἷ’περ
889 2335 1092 2392 ἀδικεῖν
1139 2335 1273 2409 δέοι,
1327 2338 1459 2413 ὑπὲρ
1504 2336 1819 2413 τυραννίδος
1865 2337 1999 2393 καλ-

373 2531 695 2606 Ρειίιεοιοεί,
719 2535 789 2590 de
821 2535 991 2605 cujus
1025 2539 1081 2591 et
1110 2535 1402 2607 sapientia
1431 2539 1489 2592 et
1527 2536 1785 2592 bonitate
1807 2541 1863 2592 et
1893 2537 2007 2592 for-

366 2622 616 2679 titudine
673 2622 840 2694 plene
887 2623 1002 2680 sibi
1059 2624 1324 2696 persuasi
1383 2625 1772 2693 videbantur;
1824 2639 2006 2696 eoque

362 2714 665 2766 momento
697 2711 849 2766 haud
869 2711 1043 2767 dubie
1065 2713 1504 2784 propendebant
1527 2713 1584 2767 in
1608 2727 1735 2768 eam
1757 2718 2002 2785 partem,

357 2815 491 2870 quae
546 2799 649 2854 tali
678 2803 915 2871 tamque
970 2801 1210 2873 probato
1265 2805 1322 2857 et
1381 2804 1582 2873 parato
1642 2801 2002 2873 imperatori,

360 2890 492 2944 tam
527 2886 713 2942 fausta
733 2891 789 2944 et
811 2888 1089 2960 optabilia
1110 2893 1234 2945 tum
1261 2890 1619 2962 promittenti
1639 2894 1766 2945 tum
1790 2889 1999 2946 idoneo

361 2977 664 3048 praestare,
689 2981 905 3032 certam
937 2982 994 3033 et
1022 2981 1359 3049 perpetuam
1385 2977 1578 3034 collati
1601 2979 1727 3048 jam
1759 2978 1996 3034 honoris

352 3063 789 3134 possessionem
810 3066 1254 3137 optabat.lidem
1269 3071 1464 3122 tamen
1484 3067 1584 3122 ubi
1608 3067 1815 3122 deinde
1829 3083 1995 3139 repu-

2816 1458 3087 1512 ὑπέκειτο.

2203 1547 2285 1617 [Ρ.
2319 1548 2407 1618 60]
2429 1545 2696 1617 Ἑτοίμως
2721 1542 2766 1598 δ’
2789 1545 3030 1619 ἀφῄρουν
3054 1544 3142 1599 καὶ
3163 1546 3223 1598 τὸ
3247 1541 3438 1598 δοκοῦν
3464 1547 3580 1606 τοῖς
3601 1564 3769 1617 πρατ-

2127 1635 2382 1705 τομένοις
2439 1633 2823 1708 προσίστασθαι
2883 1633 3057 1706 ἐφέσει
3120 1636 3216 1688 τοῦ
3284 1635 3450 1686 ταῦτα
3505 1631 3766 1706 γενέσθαι.

2125 1723 2212 1783 Ὦς
2269 1723 2366 1798 γὰρ
2428 1724 2481 1776 αἱ
2537 1727 2808 1797 γεγονυῖαι
2877 1720 3144 1776 συνθεσίαί
3212 1725 3308 1774 τοῦ
3382 1720 3762 1794 11αΛαιολόγου

2124 1811 2258 1884 πρὸς
2281 1812 2370 1865 τὸν
2402 1811 2620 1866 πάππον
2652 1814 2748 1865 τοῦ
2783 1808 3050 1883 βασιλέως
3096 1811 3182 1864 καὶ
3234 1811 3289 1864 αἱ
3338 1806 3406 1863 δι’
3437 1808 3758 1888 ἀφορισμῶν

2123 1897 2479 1970 ἐμπεδώσεις,
2501 1901 2535 1967 ἦ
2573 1900 2678 1971 μὴν
2707 1901 2781 1971 μή
2803 1920 2854 1952 τι
2881 1898 3016 1952 κατὰ
3034 1901 3123 1952 τοῦ
3141 1897 3327 1971 γένους
3353 1902 3450 1953 τοῦ
3477 1897 3756 1973 βασιλείου

2122 1987 2537 2062 βουλεύσασθαι,
2563 1986 2707 2061 παρά
2743 2007 2849 2041 των
2891 1986 3292 2059 προὺτείνοντο,
3333 1987 3406 2047 ὡς
3453 1987 3598 2041 ἱστὸν
3647 1986 3747 2060 ἀρ-

2115 2076 2290 2149 άχνης
2315 2077 2342 2130 ὁ
2370 2080 2476 2129 τῶν
2511 2075 2810 2149 ἀρχιερέων
2860 2071 3132 2149 συλλογος
3179 2075 3274 2137 τὰς
3304 2075 3562 2144 συνθήκας
3605 2073 3745 2129 ἐκεί-

2113 2185 2204 2226 νας
2267 2162 2499 2218 διέλυον.
2554 2164 2642 2231 Μὴ
2691 2163 2792 2238 γὰρ
2851 2162 2984 2216 εἶναι
3042 2162 3102 2216 τὸ
3159 2165 3404 2215 τοιοῦτον
3461 2161 3594 2216 κατᾶ
3651 2166 3748 2215 τοῦ

2116 2251 2528 2327 βασιλευόοντος
2560 2251 2810 2307 κάκιστον
2848 2249 3146 2326 βούλευμα,
3181 2247 3324 2304 ὁλλᾶ
3373 2247 3584 2321 μᾶλλον
3635 2271 3753 2304 συν-

2110 2341 2287 2416 εργίαν
2319 2345 2417 2406 τῆς
2459 2341 2738 2415 βασιλείας
2790 2339 2880 2394 καὶ
2917 2340 3244 2412 συντήρησιν
3271 2334 3591 2412 ἀδιάδοχον,
3620 2338 3756 2393 κατὰ

2118 2536 2446 2593 subsidium
2477 2536 2815 2593 ambitionis
2847 2540 3048 2592 contra
3077 2535 3500 2606 humanitatem
3533 2539 3697 2593 vetus
3727 2553 3757 2593 e

2119 2626 2398 2697 tragmdia
2428 2625 2752 2694 oraculum,
2777 2642 2892 2698 quo
2921 2626 3192 2698 edicitur,
3211 2627 3259 2682 si
3284 2627 3386 2697 jus
3413 2624 3752 2682 violandum

2115 2731 2374 2785 unquam
2407 2714 2504 2780 sit,
2529 2714 2768 2769 minime
2790 2714 3236 2786 vituperabilem
3259 2720 3315 2771 et
3337 2713 3585 2770 maxime
3611 2717 3755 2770 tem-

2111 2803 2395 2874 pestivam
2427 2803 2554 2873 ejus
2583 2801 2838 2858 violandi
2870 2819 3108 2858 causam
3140 2818 3268 2859 esse
3299 2801 3529 2874 plenam
3561 2802 3621 2857 in
3653 2819 3750 2858 so-

2108 2891 2294 2946 lidum
2344 2890 2790 2962 acquisitionem
2840 2907 3124 2961 supremae
3169 2889 3531 2946 auctoritatis
3565 2906 3578 2946 :
3611 2889 3749 2946 talia

2107 2984 2468 3052 reputantes,
2495 2985 2551 3035 et
2582 2996 2707 3050 qua:
2737 2994 2806 3034 ex
2837 2978 2967 3034 istis
2999 2995 3249 3051 pronum
3280 2984 3404 3034 erat
3432 2978 3596 3050 sequi
3626 2994 3747 3034 me-

2104 3071 2355 3136 tuentes,
2379 3067 2756 3123 ecclesiastici
2787 3084 3051 3137 proceres
3078 3066 3302 3140 impelli
3333 3084 3396 3123 se
3417 3067 3748 3123 sentiebant

347 3151 558 3207 labant
587 3167 783 3208 secum
817 3169 994 3224 quam
1026 3153 1364 3225 tranquilla,
1384 3169 1644 3223 concors,
1668 3171 1701 3210 a
1731 3154 1990 3211 dissidiis
2021 3181 2066 3244 ο
2106 3155 2176 3209 ad
2207 3155 2520 3209 fovendum
2551 3153 2858 3209 ambitioni
2888 3153 3193 3226 Palaaologi
3218 3171 3230 3208 :
3258 3170 3468 3209 rursus
3497 3169 3631 3208 vero
3661 3151 3748 3209 in-

349 3244 412 3295 et
454 3239 810 3296 factionibus
850 3258 1060 3298 secura
1098 3242 1479 3314 sejunctaque
1509 3243 1582 3297 sit
1613 3242 1990 3312 singularitas

341 3328 688 3400 imperantis
714 3354 729 3398 ;
752 3345 782 3386 e
804 3330 1092 3386 contrario
1111 3346 1289 3400 quam
1313 3332 1416 3386 94
1446 3330 1645 3401 inﬁda,
1676 3330 1991 3401 instabilis,

347 3419 422 3474 ad
475 3420 758 3488 rixarum,
791 3420 1146 3477 seditionum
1195 3425 1253 3478 et
1309 3421 1567 3477 civilium
1625 3421 1988 3477 tumultuum

348 3524 607 3579 praesens
630 3508 960 3580 periculum
991 3509 1256 3582 exposita
1277 3511 1352 3566 sit
1375 3512 1624 3567 duorum
1648 3511 1706 3566 in
1739 3527 1855 3567 uno
1878 3512 1990 3566 im-

351 3597 509 3668 perio
543 3597 814 3667 societas,
849 3616 978 3670 quae
1028 3599 1304 3673 utrinque
1345 3599 1593 3666 insidiae,
1625 3617 1751 3672 quae
1795 3601 1988 3672 suspi-

346 3685 567 3753 ciones,
589 3703 716 3757 qua:
738 3686 1202 3744 machinationes
1230 3689 1698 3761 uniuscujusque
1730 3689 1787 3744 in
1811 3706 1990 3744 samu-

351 3773 504 3844 lum,
535 3775 606 3830 ad
639 3779 961 3832 extremum
984 3794 1108 3847 quae
1155 3778 1349 3834 clades
1397 3795 1694 3850 quamque
1732 3778 1990 3850 tragicus

350 3862 545 3919 exitus
577 3868 807 3920 maneat
850 3864 1310 3934 imbecilliorem,
1347 3883 1633 3937 posquam
1681 3867 1989 3938 potentiori

350 3954 458 4006 aut
490 3950 732 4007 feliciori
773 3953 1164 4021 succubuerit,
1197 3952 1340 4024 haec,
1372 3954 1636 4025 inquam,
1667 3955 1991 4026 cogitantes

348 4039 703 4095 revocabant
732 4041 1208 4112 damnabantque
1246 4048 1376 4097 vota
1398 4041 1498 4097 illa
1526 4059 1633 4097 sua
1662 4046 1718 4098 et
1748 4042 1991 4098 consilia

351 4125 574 4200 priora,
608 4129 714 4184 toti
744 4129 1007 4184 videlicet
1037 4130 1209 4184 deﬁxi
1241 4130 1298 4185 in
1330 4129 1584 4201 imagine
1616 4131 1988 4186 miseriarum

351 4216 588 4287 imperii
619 4217 923 4274 discordis.
955 4218 1290 4273 Existimari
1331 4219 1546 4291 quippe
1593 4219 1762 4290 vulgo
1805 4219 1990 4292 impe-

353 4305 514 4360 rium
549 4320 669 4360 rem
703 4305 758 4360 in
791 4305 997 4377 primis
1029 4307 1392 4377 expetibilem
1425 4313 1481 4362 et
1508 4310 1812 4380 quantovis
1844 4311 1988 4367 bene

353 4391 542 4465 pretio
575 4394 913 4464 parandam,
944 4395 1263 4465 praesertim
1315 4396 1386 4451 iis
1431 4397 1531 4467 qui
1576 4397 1703 4468 ejus
1746 4403 1984 4469 gustum

349 4482 702 4552 experiendo
733 4484 1113 4555 perceperint.
1148 4485 1301 4539 Idem
1345 4503 1514 4556 porro
1545 4503 1672 4541 esse
1702 4487 1987 4557 suspicio—

352 4570 661 4626 sissimum
685 4572 1014 4640 negotium;
1037 4589 1141 4628 nec
1166 4573 1459 4643 quiescere
1481 4591 1739 4645 unquam
1763 4575 1988 4631 animos

354 4657 713 4730 collegarum
750 4660 808 4714 in
841 4677 1116 4732 suprema
1150 4665 1449 4731 potestate,
1483 4662 1621 4730 quin
1667 4681 1724 4718 sc
1756 4664 1985 4735 inquie-

353 4745 584 4801 tissime
614 4751 926 4818 torqueant
956 4749 1112 4803 euris
1144 4749 1330 4804 anxiis
1383 4749 1442 4804 in
1475 4767 1538 4805 se
1565 4751 1748 4806 vicem
1798 4752 1984 4806 inten-

353 4835 432 4889 tis
491 4834 845 4905 imaginante
905 4853 1252 4906 unoquoque
1308 4838 1379 4892 de
1437 4837 1548 4891 alio
1605 4839 1987 4894 infestissima

348 4937 619 4994 qumque,
652 4927 709 4977 et
755 4941 916 4994 aeque
962 4925 1251 4980 ambobus
1282 4929 1398 4980 tam
1449 4942 1600 4997 saepe
1648 4927 1775 4982 sine
1807 4946 1985 4984 causa

350 5027 530 5082 quam
585 5028 816 5083 semper
846 5011 970 5067 sine
993 5015 1160 5068 venia
1208 5030 1334 5069 sese
1365 5013 1610 5068 invicem
1643 5015 1983 5072 insidiarum

349 5099 694 5171 capitalium
754 5105 1054 5170 suspectos
1108 5102 1224 5156 imo
1278 5117 1406 5156 reos
1462 5107 1519 5156 et
1565 5103 1854 5160 convictos
1888 5105 1984 5161 ha-

351 5189 646 5257 bentibus,
681 5193 854 5260 atque
885 5191 1026 5246 adeo
1057 5189 1114 5244 in
1158 5191 1269 5246 ista
1317 5190 1749 5262 inquietissimo
1789 5194 1988 5265 vigilia

344 5278 1140 5352 suspicionumanxiarumet
1182 5278 1683 5350 iniquissimarum
1717 5299 1879 5352 spem
1920 5302 1985 5340 ac

345 5369 637 5425 rationem
671 5384 866 5424 secure
898 5368 1178 5440 regnandi
1210 5374 1381 5422 suam
1431 5386 1559 5424 esse
1614 5371 1981 5429 ducentibus.

343 5459 508 5524 Quod
543 5456 596 5512 si
629 5456 803 5526 cujus
835 5457 981 5512 forte
1006 5474 1038 5512 a
1061 5459 1110 5510 vi
1144 5461 1424 5511 scelerata
1454 5458 1809 5532 perﬁdisque
1835 5461 1985 5515 frau-

338 5549 516 5605 dibus
571 5545 633 5600 in
694 5543 978 5615 collegam
1032 5545 1341 5600 abhorreat
1371 5545 1626 5613 animus,
1658 5552 1714 5602 et
1769 5548 1978 5603 famam

336 5630 718 5693 crudelitatis
760 5631 990 5701 injustas
1040 5635 1323 5698 vereatur,
1357 5640 1620 5688 occurret
1671 5635 1867 5689 statim
1922 5636 1978 5690 in

2105 3242 2474 3296 currentibus
2506 3257 2575 3296 ex
2621 3241 2861 3297 adverso
2913 3241 3287 3297 miseratione
3317 3239 3524 3312 pupilli
3583 3241 3744 3312 prin-

2097 3329 2244 3400 cipis
2297 3346 2362 3384 ac
2422 3330 2535 3384 ﬁde
2590 3329 2651 3385 in
2711 3330 2948 3385 domum
3009 3332 3355 3402 Augustam,
3414 3345 3623 3400 segnes
3675 3331 3747 3385 ad

2098 3417 2411 3488 agendum,
2467 3416 2640 3487 muti}
2665 3417 2840 3473 etiam
2886 3417 2959 3473 ad
3008 3415 3372 3488 loquendum
3424 3432 3551 3486 ques
3595 3433 3743 3488 opus

2097 3509 2263 3559 erant
2293 3505 2708 3561 reddebantur.
2759 3504 2914 3560 Vicit
2951 3510 3149 3560 tamen
3199 3503 3396 3559 divina
3442 3504 3742 3575 praadesti-

2098 3595 2255 3649 natio
2279 3610 2404 3664 quae
2427 3594 2738 3664 imperium
2760 3592 3027 3650 Michaeli
3052 3593 3470 3665 desponderat:
3501 3608 3636 3648 nam
3667 3594 3739 3648 ad

2097 3683 2235 3738 huic
2251 3682 2566 3754 imperium
2590 3683 3020 3738 decernendum
3038 3681 3452 3754 plerorumque
3473 3696 3541 3737 ac
3557 3681 3739 3737 ferme

2097 3769 2359 3825 omnium
2374 3768 2672 3824 sententiae
2686 3768 3527 3841 conspirarunt.Appositumid
3543 3775 3736 3824 tamen

2097 3858 2154 3915 in
2189 3863 2456 3915 mutuam
2487 3856 2772 3913 cautelam
2800 3859 3093 3915 communi
3123 3873 3413 3914 consensu
3446 3861 3733 3929 tempera-

2097 3953 2363 4005 mentum
2376 3949 2473 4004 91
2493 3950 2599 4014 est,
2615 3949 2682 4002 ut
2699 3947 2869 4002 ambo
2883 3945 3538 4018 principesjuramentis
3557 3961 3735 4015 quam

2097 4038 2350 4092 maxime
2397 4035 2729 4105 horrendis,
2756 4034 2898 4090 diris
2930 4034 3104 4090 etiam
3137 4033 3592 4090 exsecrabilibus
3642 4035 3738 4088 ad-

2097 4123 2675 4195 ditis,obligarentur
2696 4124 2766 4178 ad
2791 4123 2963 4180 ﬁdem
2988 4122 3236 4176 invicem
3274 4120 3737 4190 charitatemque

2097 4215 2488 4287 prazstandam
2513 4213 3048 4282 abstinendumque
3079 4229 3112 4267 a
3140 4213 3194 4267 vi
3227 4213 3386 4266 omni
3411 4228 3475 4266 ac
3507 4211 3732 4282 fraude,

2094 4321 2218 4373 qua:
2250 4303 2308 4357 in
2341 4302 2678 4358 alterutrius
2711 4301 3025 4373 perniciem
3061 4301 3342 4358 tenderet.

2163 4476 2216 4528 2.
2255 4475 2319 4529 Ut
2352 4473 2692 4541 Palwlogum
2719 4470 2997 4525 antisti/es
3026 4468 3287 4526 solverint
3318 4469 3651 4540 jnramentis
3681 4475 3732 4524 et

2562 4542 2700 4597 diris
2729 4542 2927 4613 quibus
2954 4541 3258 4596 tenebatur.

2165 4661 2322 4717 Sacri
2353 4677 2522 4732 porro
2556 4658 2867 4726 antistites,
2898 4658 3017 4713 haec
3050 4658 3173 4713 ﬁeri
3199 4656 3363 4714 valde
3391 4659 3727 4716 desideran-

2095 4755 2203 4820 tes,
2237 4749 2404 4804 facile
2453 4749 2846 4804 dissolverunt
2875 4763 3002 4817 quae
3057 4746 3320 4817 ipsorum
3372 4748 3727 4803 exsecutioni

2095 4839 2326 4894 obstare
2381 4837 2766 4892 videbantur:
2827 4835 3116 4906 siquidem
3177 4851 3249 4890 ne
3307 4852 3518 4891 novum
3563 4836 3726 4906 jura-

2097 4931 2358 4982 mentum
2428 4925 2534 4979 rite
2605 4941 2638 4979 a
2705 4923 3022 4993 Palaaologo
3091 4924 3512 4995 conciperetur,
3570 4925 3727 4981 vide-

2096 5015 2267 5070 batur
2311 5015 2541 5068 obstare
2592 5013 2783 5068 adhuc
2812 5013 3012 5083 vigens
3058 5011 3258 5083 religio
3307 5014 3514 5067 veteris
3547 5014 3729 5084 juris-

2095 5103 2351 5175 jurandi,
2380 5119 2493 5172 quo
2540 5101 2634 5156 ille
2689 5118 2794 5156 avo
2828 5100 2990 5172 pueri
3047 5101 3329 5171 principis
3385 5102 3608 5156 dudum
3640 5120 3728 5157 sa-

2095 5197 2392 5247 cramento
2453 5192 2622 5246 ﬁdem
2683 5190 3004 5256 addixerat,
3060 5206 3174 5243 non
3233 5191 3291 5244 in
3350 5189 3536 5261 ipsius
3593 5197 3723 5247 tan-

2094 5283 2396 5338 tummodo
2430 5297 2758 5352 personam,
2792 5279 2892 5333 sed
2952 5278 3012 5332 in
3067 5279 3308 5348 stirpem
3366 5281 3628 5350 ejusdem
3660 5276 3726 5336 ac

2095 5375 2374 5442 posteros,
2408 5370 2626 5425 additis
2666 5369 2842 5424 etiam
2901 5365 3363 5428 anathematum,
3397 5367 3444 5421 si
3478 5367 3722 5434 falleret,

2091 5459 2577 5514 incurrcndorum
2623 5455 3025 5512 devotionibus
3059 5470 3123 5507 ac
3171 5453 3339 5508 d:ris.
3374 5455 3506 5517 Quae
3565 5473 3721 5511 nunc

2091 5548 2288 5601 omnia
2322 5550 2506 5600 cmtus
2538 5545 2853 5617 praesulum
2887 5547 2950 5596 ut
2979 5540 3123 5596 telas
3152 5557 3494 5595 aranearum
3528 5543 3719 5598 disru-

2093 5635 2175 5706 pit
2233 5651 2297 5690 ac
2355 5633 2480 5687 fecit
2535 5633 2716 5700 irrita,
2778 5646 2983 5699 magno
3041 5645 3327 5684 consensu
3395 5629 3719 5700 declarans,
