4154 6286
436 344 536 399 531

1728 340 2029 397 GEORGII
2066 340 2527 400 PACHYMERE

3714 335 3824 391 532

436 466 622 540 καιρὸν
678 463 1064 538 συναιρομένου
1119 469 1217 531 τῆς
1276 464 1451 537 ἀρχῆς
1508 467 1585 534 τῷ
1642 460 1743 533 νέῳ
1793 468 1892 530 τῆς
1944 463 2075 534 βοηο
2107 462 2160 530 Α
2190 463 2309 532 νήν.
2344 465 2409 520 Et
2441 462 2486 519 δ’
2546 465 2659 537 οὗν,
2719 463 2846 519 ἀλλ’
2877 461 3028 519 οὐδὲν
3079 462 3140 517 ἃν
3189 457 3475 535 καταγνοίη
3507 478 3589 520 τις
3639 461 3826 530 μεῖζον

440 555 585 618 θείας
617 553 904 628 χρῄζοντα
939 552 1064 615 Τὰς.
1097 552 1402 607 τούντεῦθεν
1438 550 1493 606 δὲ
1540 555 1646 605 τῶν
1707 552 1882 624 ὅρκων
1944 568 2079 621 συμ-

442 636 622 704 ϐάσεις
653 640 739 696 ἐπὶ
786 645 1046 696 τοσοῦτον
1089 641 1151 695 τὸ
1185 640 1408 715 ἰσχυρὸν
1457 634 1603 716 ἔχειν
1652 639 1742 694 καὶ
1793 636 2082 693 ἀδιάλυτον

442 727 579 784 ὣστε
633 730 724 785 καὶ
780 729 873 791 τὰς
932 728 1197 803 προτέρας
1269 733 1467 783 συεῖναι
1526 727 1786 796 ταύταις,
1861 728 1935 788 ὡς
1992 726 2081 779 καὶ

441 819 773 895 ἀμφοτέραις
819 819 911 871 τὸν
970 817 1347 892 Παλαιολόγον
1409 818 1706 891 ἐνέχεσθαι,
1763 814 1817 872 εἷ’
1859 835 1950 869 ποι
2003 818 2084 885 τῷ

443 908 547 979 νὲῳ
605 901 976 963 ἐπιϐουλεύοι.
1025 906 1053 961 ὀ
1116 908 1225 979 μὴν
1303 902 1360 960 δὲ
1436 901 1579 961 ἀλλά
1649 903 1739 959 καὶ
1805 897 2083 977 ἀντιστρὸ-

444 1014 558 1068 φως
615 991 793 1065 ἐζήτει
868 996 968 1063 τήν
1043 993 1173 1068 ἀρὰν
1257 994 1493 1057 τίθεσθαι
1560 994 1651 1047 καὶ
1706 991 1831 1052 τοὺς
1891 990 2087 1065 ὅρκους

444 1084 705 1158 γίνεσθαι,
758 1081 811 1138 εἴ
850 1102 942 1138 ποι
998 1082 1086 1137 καὶ
1136 1085 1165 1138 6
1224 1084 1336 1144 νὲος
1387 1083 1503 1136 κατ’
1561 1081 1722 1136 αὐτοῦ
1787 1078 2087 1151 μελετήσας

448 1170 816 1247 διαπράξοιτο,
868 1172 941 1232 ὡς
987 1171 1037 1243 ἐξ
1096 1172 1331 1246 ἀνάγκης
1395 1175 1509 1232 τοῖς
1564 1169 1747 1229 αὐτοῖς
1793 1167 2085 1241 ἐνέχεσθαι.

450 1255 737 1336 Προϐαίνει
785 1265 972 1329 ταῦτα,
1005 1260 1093 1314 καὶ
1152 1264 1390 1335 γραφαῖσ
1441 1262 1492 1315 οἱ
1550 1260 1705 1333 ὅρκοι
1756 1254 2088 1330 κατοσφαλί-

453 1353 654 1418 ζονται,
697 1348 798 1404 Καὶ
845 1350 872 1402 6
928 1349 1146 1424 γράφων
1196 1349 1223 1403 ὁ
1268 1348 1341 1409 εἷς
1388 1353 1847 1421 πρωταστ,κρῆτις
1893 1362 2088 1417 τεταγ-

454 1435 613 1508 μένος
645 1436 817 1496 Κακὸς
849 1435 934 1502 ἦν.

454 1608 522 1679 γ’.
602 1606 766 1681 Qum;
826 1599 1057 1681 ’ὤμνυον
1121 1605 1235 1681 καὶ-
1290 1607 1370 1681 tn’
1440 1606 1766 1681 ἀμφοτέροις
1841 1603 2089 1665 δουλείας

633 1674 792 1750 ὅρκον
826 1674 1108 1748 Ῥωμαῖοι,
1151 1676 1240 1731 καὶ
1288 1676 1338 1732 ἐν
1370 1674 1550 1739 ποίοις
1582 1674 1913 1751 διορισμοῖς.

528 1793 609 1860 [Ρ.
637 1790 729 1864 6|]
760 1790 987 1847 Τάτεται
1019 1788 1075 1844 δὶ
1105 1791 1193 1845 καὶ
1231 1790 1358 1853 τοὺς
1418 1789 1764 1861 ὁπουδήποτε
1811 1797 1910 1859 τῆς
1958 1792 2088 1844 Ῥω-

464 1875 654 1950 μαίδος
685 1877 902 1951 ὀμνύειν
963 1877 1049 1933 ἐπ’
1090 1878 1415 1956 ἀμφοτέροις
1461 1878 1620 1954 ὅρκον
1672 1877 1918 1939 δουλείας
1956 1877 2092 1933 κατὰ

457 1967 520 2020 τὸ
580 1965 826 2036 σῦνηθες·
879 1965 1026 2035 πλην
1084 1967 1429 2041 προσὲκειντο
1494 1971 1610 2023 τοῖς
1669 1966 2095 2039 συντεθειμένοις

453 2055 535 2110 ἐπ’
564 2053 828 2133 ἀσφαλείᾳ
866 2058 952 2110 καὶ
1004 2056 1324 2131 ἀμφοτέρων
1380 2057 1608 2129 μείζονι.
1640 2059 1677 2124 ἦ
1709 2056 1816 2129 μὴν
1864 2052 2089 2128 ἕτοιμον

452 2144 588 2200 εἶναι
611 2143 674 2198 τὸ
709 2145 945 2214 ὑπήκοον
979 2143 1061 2198 ἐπ’
1105 2144 1310 2199 ἰκεῖνον
1357 2146 1528 2218 ὁρμᾷν
1572 2146 1791 2222 φονώσῃ
1833 2146 2001 2220 χειρὶ,
2035 2144 2093 2204 ὃς

450 2233 509 2287 ἂν
554 2228 933 2289 ἐπιϐουλεύσω
988 2229 1213 2307 Θατέρῳ.
1257 2231 1641 2307 Ὠρκωμὸτουν
1680 2233 1781 2307 γὰρ
1817 2233 1957 2305 μετά
1983 2234 2090 2287 τῶν

448 2318 635 2378 ἄλλων
667 2321 758 2377 καὶ
787 2325 971 2389 τοῦτο,
998 2321 1133 2376 κατὰ
1162 2316 1352 2398 φόϐον,
1388 2323 1560 2395 οἶμαι,
1594 2321 1629 2390 ἢ
1661 2320 1847 2396 χρείαν
1892 2320 2085 2389 ἀληθι-

450 2538 607 2613 quod
641 2539 763 2595 ﬁeri
792 2536 1178 2611 Palaeologum
1214 2538 1535 2611 contigerat
1585 2537 1929 2610 participem
1978 2536 2086 2590 im-

450 2630 616 2703 perii,
647 2644 1020 2702 nequaquam
1052 2645 1180 2686 esse
1238 2628 1530 2685 nefarium
1589 2631 1645 2684 et
1702 2625 1837 2683 ﬁdei
1876 2627 2089 2697 juratae

452 2717 807 2775 contrarium
841 2716 1085 2785 facinus,
1119 2717 1219 2773 sed
1277 2716 1482 2773 utilem
1542 2715 1872 2789 reipublica:
1919 2712 2091 2770 colla-

453 2806 672 2864 tionem
731 2822 917 2879 operae
970 2804 1029 2861 in
1080 2806 1298 2863 bonum
1332 2804 1581 2879 imperii,
1614 2808 1669 2861 et
1699 2801 2089 2861 conservatio-

457 2914 591 2954 nem
623 2896 987 2970 principatus
1045 2896 1096 2953 ei
1151 2898 1221 2953 ad
1281 2913 1454 2968 quem
1486 2897 1556 2952 de
1603 2896 1737 2967 jure
1769 2894 2086 2966 spectabat.

456 2987 585 3043 sine
616 2982 736 3041 ulla
766 3002 867 3058 spe
897 2984 1202 3057 potestatis
1235 2985 1407 3041 istius
1451 2984 1721 3058 precariae
1781 2983 1838 3038 in
1873 2980 2092 3054 prolem

457 3074 828 3133 successione
857 3074 1322 3130 transmittenda
1350 3092 1361 3129 :
1396 3090 1521 3145 quae
1555 3072 1828 3127 salutaris
1854 3074 1979 3125 tum
2013 3069 2093 3125 rei

2185 556 2292 606 τῶν
2323 557 2489 608 ταῦτα
2520 553 2867 628 πραττόντων
2901 553 2936 621 ἢ
2962 552 3024 606 τὸ
3074 547 3378 625 ἐμφυλίους
3422 547 3706 619 πολέμους
3746 550 3827 616 τῷ

2186 646 2350 713 κοινῷ
2406 642 2683 717 προξενεῖν
2717 688 2730 711 ,
2794 639 2845 695 εἷ’
2896 660 3028 696 ποτε
3082 643 3243 694 τοῦτο
3302 632 3575 711 συμϐαίη.
3634 636 3827 706 Ὅμως

2188 726 2358 785 ἐδόκει
2404 734 2589 802 ταῦτα,
2639 732 2728 785 καὶ
2780 729 2855 791 είς
2883 723 3034 803 ἔργον
3060 729 3123 781 τὰ
3157 724 3533 802 βοαλιύομενα
3562 717 3826 797 προῦϐαι-

2190 838 2299 874 νον.
2363 823 2529 893 Χεῖρα
2573 821 2858 893 τοιγαροῦν
2918 815 3151 885 ἐτίθουν,
3208 813 3297 869 καὶ
3356 812 3444 867 ἐπὶ
3499 815 3605 867 τῶν
3661 810 3825 885 ἁγίων

2190 903 2531 981 Εὐαδγελίων
2574 903 2791 978 ὤμνυον
2824 906 2859 973 ἦ
2896 906 3002 978 μὴν
3061 902 3150 957 καὶ
3181 898 3510 979 ἀμφοτέροίς
3555 896 3831 954 δουλεύειν

2191 993 2280 1048 καὶ
2302 995 2448 1048 ταῦτ’
2479 991 2739 1050 ἐκτελεῖν.

2195 1097 2255 1159 δ’.
2289 1103 2481 1162 ’Όπως
2548 1100 2756 1174 ὣμνυεν
2797 1096 3309 1174 ἔὸᾼῐῖαλαιολργος
3386 1092 3472 1148 ἐπὶ
3539 1097 3617 1165 τῷ
3677 1088 3827 1147 παιδὶ

2723 1172 2811 1225 καὶ
2854 1171 2905 1223 οἱ
2960 1171 3298 1244 μεγιστᾶτες.

2263 1263 2397 1322 τέως
2457 1257 2503 1313 δ’
2563 1263 2595 1329 ἠ
2657 1258 2817 1330 κυρία
2874 1263 3078 1331 παρῆν,
3136 1256 3257 1326 ἥτις
3316 1254 3405 1322 ἦν,
3464 1254 3537 1315 ὡς
3604 1251 3832 1328 ἐρρήθη,

2194 1342 2669 1420 Ἑκατομϐαιῶνος
2722 1347 3013 1419 νοτμηνία.
3075 1343 3173 1399 Καὶ
3228 1346 3447 1419 πρῶτος
3505 1340 3664 1403 αὐτός
3699 1342 3725 1394 6
3756 1340 3835 1403 είς

2201 1435 2474 1511 βασιλείαν
2528 1431 2998 1511 προϐιϐαζόμενος
3056 1427 3263 1505 ὤμνυεν
3310 1431 3441 1503 ὑπὲρ
3488 1433 3584 1484 τοῦ
3642 1425 3834 1488 παιδὸς

2194 1527 2260 1579 τὰ
2304 1524 2482 1579 είκότα
2538 1525 2627 1579 καὶ
2685 1521 2985 1595 Βασιλέως,
3043 1518 3191 1588 πλὴν
3249 1519 3354 1593 οὐχ
3402 1518 3476 1580 ὡς
3528 1516 3832 1572 δουλεύσων

2198 1612 2322 1668 ἀλλ’
2355 1614 2427 1675 ὡς
2470 1608 2890 1685 συμϐουλεύσων
2949 1608 3135 1681 ἐκείνῳ
3166 1607 3255 1663 καὶ
3316 1605 3485 1679 μηδὲν
3544 1604 3833 1675 ἀνήκεστον

2203 1701 2516 1774 μελετήσων
2544 1701 2660 1755 κατ’
2709 1694 3030 1768 ἐπιϐουλήν.
3091 1699 3328 1769 Ὠμνυον
3386 1692 3442 1749 δὲ
3472 1693 3562 1749 καὶ
3596 1694 3645 1748 οἱ
3681 1692 3861 1767 μεγι-’

2200 1794 2384 1851 στᾶνες
2422 1833 2435 1858 ,
2489 1809 2579 1843 και
2633 1790 2705 1849 ὡς
2767 1785 3143 1847 δουλεύσοντες
3204 1782 3570 1862 ἀμφοτέροις,
3629 1783 3717 1837 καὶ
3762 1782 3836 1843 ὡς

2202 1834 2382 1851 ν---νη
2422 1834 2435 1858 ,
2492 1834 2579 1843 m-
2635 1834 2705 1849 w.
2770 1834 3142 1847 νυν---η--νη
3208 1834 3570 1862 --ι-τ-τη--τη
3774 1834 3834 1843 νν

2122 1834 2167 1903 Β
2202 1880 2531 1950 ἀμυνοῦντεν
2590 1876 2801 1943 αὐτίκα,
2853 1873 2918 1944 ἤν
2976 1875 3081 1928 πού
3136 1893 3219 1935 τις
3251 1866 3665 1942 ἐϐουλεύοι,τῷ
3716 1868 3839 1924 ἐπι-

2205 1960 2547 2019 ϐουλευθέντι
2583 2007 2595 2018 .
2657 1963 2758 2019 Καὶ
2827 1961 2968 2016 οὕτω
3026 1958 3385 2024 τελεσθέντων
3438 1963 3546 2013 τῶν
3612 1958 3786 2034 ὅρκων
3822 1998 3837 2027 ,

2205 2050 2390 2107 ἀσπίδι
2455 2050 2711 2125 βασιλικῇ
2771 2050 2998 2119 ἐνιζάνει
3029 2050 3055 2103 6
3097 2048 3171 2111 είς
3220 2050 3320 2117 τήν
3365 2044 3642 2121 βασιλείαν
3693 2044 3840 2100 ἐτοι-

2204 2142 2528 2216 μαζόμενος,
2558 2144 2774 2216 πρῶτον
2804 2141 2882 2195 τὼ
2928 2137 3062 2193 πόδε
3110 2143 3226 2202 τοῖς
3277 2136 3586 2212 βασιλικοῖς
3629 2131 3839 2209 συμϐό-

2200 2230 2319 2293 λοις
2379 2229 2748 2305 ἐναρμοσθεὶς,
2795 2229 2885 2283 καὶ
2944 2229 3130 2303 χερσίν
3190 2224 3336 2290 ἔνθεν
3392 2225 3485 2298 μὶν
3540 2225 3839 2299 ἀρχιερέων

2196 2319 2335 2374 ἔνθεν
2371 2318 2427 2374 δὲ
2494 2317 2822 2394 μεγιστάνων
2897 2315 3077 2389 ἀρθεὶς
3149 2314 3522 2390 ἀνακτορικοῖς
3589 2315 3839 2375 παιάνοις

2199 2533 2542 2606 obligarent.
2567 2536 2674 2591 Sed
2708 2538 2776 2592 ad
2810 2534 3091 2607 majorem
3127 2537 3434 2609 utriusque
3466 2536 3839 2593 securitatem

2198 2628 2487 2679 consuetae
2520 2622 2729 2681 talium
2762 2625 3025 2682 formulae
3075 2626 3393 2698 adjungere
3443 2629 3585 2682 tunc
3627 2625 3840 2693 visum,

2200 2716 2312 2767 Deo
2343 2710 2612 2768 similiter
2640 2715 2789 2769 teste
2816 2714 3129 2780 ﬁrmatam,
3159 2712 3581 2785 professionem
3614 2718 3670 2770 et
3700 2732 3842 2786 pro-

2200 2799 2539 2856 missionem
2562 2802 2815 2858 universi
2832 2801 3058 2874 populi,
3082 2800 3234 2858 bello
3266 2805 3322 2859 et
3344 2801 3687 2874 inexpiabili
3713 2804 3845 2860 odio

2202 2889 2587 2961 persequendi
2621 2906 2753 2944 eum
2785 2906 2814 2945 e
2844 2890 3094 2957 duobus,
3128 2891 3295 2961 cujus
3326 2893 3524 2947 essent
3547 2894 3604 2947 et
3634 2891 3692 2946 in
3725 2890 3844 2947 col-

2201 2977 2340 3048 legae
2364 2976 2480 3032 vita
2500 2977 2585 3033 vel
2610 2977 2830 3033 nefaria
2850 2978 2936 3033 vis
2952 2977 3037 3034 vel
3056 2977 3281 3034 insidia:
3300 2978 3693 3050 deprehensae.
3720 2978 3845 3035 Tali

2202 3065 2659 3121 extraordinario
2687 3064 3085 3122 additamento
3117 3064 3397 3139 populare
3436 3067 3843 3138 juramentum

456 3166 728 3221 Romanis
781 3162 1108 3235 cooperatio
1166 3163 1599 3234 peropportuna
1656 3164 1711 3216 et
1770 3158 2095 3215 necessaria
2126 3174 2167 3241 ρ
2203 3152 2568 3210 cumulatum
2601 3157 2758 3209 metu
2793 3155 3001 3227 magis,
3038 3158 3100 3209 ut
3132 3154 3379 3227 opinior,
3414 3155 3596 3211 nimio
3629 3156 3843 3228 procli-

447 3254 827 3325 judicabatur
855 3249 1159 3307 imbecillas
1192 3268 1255 3306 ac
1288 3249 1387 3305 tali
1422 3248 1634 3306 auxilio
1665 3248 1855 3322 egenti
1886 3246 2091 3320 pupilli
2200 3241 2286 3296 vis
2318 3241 2377 3297 in
2408 3243 2567 3314 regni
2598 3242 2871 3299 societate
2903 3242 3311 3314 dissensionis,
3341 3260 3515 3316 quam
3547 3242 3668 3300 ulla
3697 3244 3842 3301 satis

456 3340 738 3415 pueritiae.
771 3343 973 3411 Itaque
1003 3337 1146 3396 nihil
1181 3339 1448 3397 obstante
1478 3338 1690 3411 prioris
1740 3337 2092 3394 sacramenti

456 3430 757 3503 religione,
790 3430 1421 3502 novumjuramentum
1455 3432 1643 3486 ratum
1675 3427 2095 3484 inviolabilem-

460 3534 573 3592 que
635 3514 971 3574 firmitatem
1029 3518 1392 3588 habiturum,
1433 3518 1647 3589 quippe
1697 3534 1831 3573 cum
1890 3520 2099 3571 neutra

461 3609 765 3666 conventio
787 3607 1110 3680 quidquam
1135 3608 1299 3665 alteri
1322 3609 1681 3664 contrarium
1703 3608 1934 3677 habeat,
1959 3622 2100 3676 quo-

464 3696 643 3752 minis
674 3696 857 3752 ambae
913 3696 1101 3754 valere
1149 3696 1323 3754 simul
1370 3701 1652 3771 possunt;
1688 3698 1842 3752 unde
1887 3696 2005 3750 fore
2038 3697 2103 3749 ut

465 3784 694 3841 duobus
716 3783 989 3858 deinceps
1012 3786 1250 3842 totidem
1283 3787 1564 3841 foederum
1586 3787 1949 3841 sacramento
1970 3800 2103 3838 san-

465 3874 713 3930 citorum
745 3873 995 3930 vinculis
1028 3874 1379 3932 constrictus
1410 3874 1767 3946 Palmologus
1788 3875 2104 3943 teneretur,

463 3966 520 4018 et
548 3963 598 4019 si
629 3962 782 4020 ullas
808 3980 1064 4035 unquam
1099 3962 1329 4037 collegae
1362 3981 1540 4036 puero
1564 3961 1808 4018 insidias
1830 3963 2103 4029 strueret,

461 4051 714 4123 duplicis
736 4053 974 4124 perjurii
1006 4070 1140 4109 reus
1171 4054 1336 4109 foret.
1359 4055 1492 4119 Qua:
1516 4050 1870 4124 Palaeologus
1893 4051 1961 4104 ad
1975 4050 2107 4104 mit-

462 4143 594 4195 tens
627 4140 883 4195 vicissim
917 4141 1083 4211 petiit
1113 4141 1391 4196 devineiri
1428 4144 1630 4196 mutuo
1681 4156 1914 4211 quoque
1939 4138 2105 4209 jura-

464 4232 657 4283 mento
706 4229 777 4283 ad
809 4229 1180 4285 securitatem
1213 4247 1378 4285 suam
1404 4228 1898 4284 adolescentulum
1923 4228 2107 4298 impe-

464 4320 738 4386 ratorem,
767 4310 1141 4389 imprecando
1183 4323 1239 4372 et
1268 4320 1462 4390 ipsum
1497 4317 1610 4373 sibi
1667 4318 1823 4373 diras
1882 4321 1937 4373 et
1968 4333 2110 4371 ana-

462 4405 661 4459 thema
690 4406 893 4461 statim
924 4406 1337 4462 inevitabiliter
1386 4406 1806 4462 incurrendum
1832 4406 1880 4461 si
1938 4405 2111 4476 quid-

470 4513 649 4568 quam
671 4512 933 4567 unquam
956 4497 1234 4553 adversus
1257 4495 1643 4566 Palasologum
1677 4494 2115 4549 machinaretur

469 4590 570 4641 aut
600 4590 812 4657 ageret.
848 4587 975 4641 Haec
1007 4585 1089 4641 uti
1120 4588 1465 4640 convenerat
1511 4587 1935 4655 processerunt,
1968 4599 2104 4636 con-

470 4672 653 4746 ceptis
686 4673 961 4744 utrinque
984 4672 1339 4745 juramentis
1373 4677 1426 4729 et
1451 4674 1551 4729 96
1583 4688 1643 4728 re
1672 4677 1793 4727 tota
1820 4673 1877 4727 in
1911 4670 2102 4742 publi-

472 4780 568 4817 cas
600 4762 707 4816 rite
736 4760 966 4816 tabulas
987 4760 1166 4816 relata
1190 4762 1259 4817 ad
1285 4761 1624 4818 memoriam
1656 4760 2104 4831 firmitatemque

470 4848 926 4916 irrevocabilem,
955 4850 1245 4905 scribente
1288 4851 1399 4904 ista
1431 4854 1486 4905 et
1542 4850 1893 4906 authenticis
1951 4866 2105 4904 com-

471 4937 776 4993 mentariis
808 4937 1120 4992 mandante
1147 4936 1293 4993 Malo
1315 4938 1433 4993 illo.
1456 4955 1631 5009 quem
1658 4939 1937 5004 diximus,
1957 4937 2105 4993 anti-

470 5030 646 5097 quato
679 5025 843 5097 prius
874 5030 930 5079 et
958 5027 1086 5095 ejus
1120 5042 1296 5081 causa
1327 5027 1579 5095 reposito
1604 5028 1773 5097 primi
1808 5045 1839 5081 a
1871 5027 2110 5083 secretis

470 5114 659 5170 ofﬁcio
692 5114 997 5169 donatum.

472 5230 525 5283 3.
546 5230 606 5286 Ut
635 5228 925 5302 ﬁdelitatis
952 5229 1334 5302 juramentum
1360 5232 1581 5298 utrique
1608 5231 1848 5302 principi
1873 5231 1940 5285 de
1968 5247 2107 5287 novo

540 5300 899 5425 ἴνκδιίιθνὶηι
922 5297 1025 5368 {et
1061 5298 1255 5368 quibus
1283 5299 1347 5353 (le
1400 5297 1534 5354 nouo
1580 5297 1803 5356 additis'
1834 5304 2108 5357 cautioni-

581 5386 661 5424 us.

546 5451 814 5507 Edictum
843 5468 1073 5523 quoque
1094 5462 1182 5506 est
1208 5456 1271 5507 ut
1291 5468 1390 5523 per
1411 5469 1612 5508 omnes
1637 5453 1894 5510 Romano
1926 5456 2113 5526 impe-

480 5541 564 5596 rio
598 5540 890 5610 subjectus
919 5541 1183 5612 regiones
1215 5558 1416 5597 omnes
1449 5542 1682 5613 utrique
1713 5543 1930 5614 pariter
1959 5544 2115 5615 prin-

481 5627 591 5700 cipi
618 5632 977 5685 sacramento
1002 5629 1174 5685 ﬁdem
1194 5630 1654 5703 obsequiumque
1672 5648 1844 5687 suum
1863 5634 1931 5689 de
1955 5649 2113 5690 more

2202 3345 2412 3403 magna
2441 3330 2693 3387 utilitate
2714 3331 2956 3387 remedii
2989 3332 3058 3386 ad
3078 3334 3308 3387 tantum
3334 3331 3471 3388 mali
3504 3338 3845 3404 praeverten-

2205 3420 2346 3475 dum
2396 3418 2687 3491 ancipitis.
2723 3420 2869 3475 Nam
2924 3420 2973 3476 si
3007 3423 3162 3476 recte
3196 3419 3327 3492 quis
3385 3420 3652 3492 aestimet,
3685 3420 3842 3478 istud

2205 3508 2541 3580 profitentes
2576 3506 2712 3562 belli
2744 3509 2868 3579 jam
2892 3512 3015 3563 tum
3063 3508 3249 3564 civilis
3275 3512 3330 3564 et
3380 3508 3729 3565 internecini
3768 3510 3847 3567 si-

2207 3612 2386 3669 gnum
2419 3596 2721 3667 tollebant,
2746 3614 2813 3652 ex
2834 3612 3017 3668 prona
3038 3600 3094 3652 et
3113 3596 3208 3652 vix
3228 3596 3483 3653 evitabili
3516 3598 3855 3669 suspicione

2210 3684 2379 3741 facile
2410 3701 2474 3740 ac
2498 3683 2612 3740 cito
2635 3684 2916 3741 exarsuri.
2939 3689 3222 3741 Caeterum
3252 3684 3645 3758 qualicunque
3668 3686 3861 3743 consi-

2209 3774 2308 3846 lio,
2340 3774 2453 3830 ista
2498 3773 2581 3830 sic
2628 3777 2769 3830 tunc
2814 3775 3041 3829 decreta
3079 3777 3135 3830 et
3176 3772 3532 3829 exsccutioni
3577 3775 3857 3831 mandata

2210 3866 2351 3919 sunt
2382 3863 2659 3918 Romanis
2692 3861 2912 3934 ubique
2954 3861 3171 3918 viritim
3231 3862 3524 3919 universis
3582 3861 3857 3935 imposita

2214 3951 2393 4008 sacris
2426 3950 2750 4023 Evangeliis
2770 3950 3325 4021 manu,jurantibus
3350 3967 3412 4007 se
3436 3955 3492 4008 et
3515 3951 3687 4008 tidem
3718 3953 3863 4008 utri-

2215 4057 2324 4112 que
2348 4039 3299 4112 principiconcorditer-imperanti
3318 4039 3863 4113 subjectionemque

2215 4128 2596 4201 przestituros,
2619 4131 2675 4183 et
2704 4127 2754 4183 si
2786 4127 2916 4199 quis
2951 4128 3215 4198 ipsorum
3242 4130 3298 4183 in
3325 4127 3865 4203 alteruminsurge-

2216 4223 2321 4285 ret,
2356 4221 2647 4273 auctorem
2680 4215 2905 4286 injuriae
2940 4215 3193 4275 ulturos.

2218 4325 2268 4378 4.
2330 4325 2391 4379 Ut
2444 4324 2777 4394 Palazologus
2807 4328 2859 4405 et
2890 4340 3137 4406 properes
3168 4326 3487 4406 imperatori
3540 4342 3711 4397 puero
3758 4328 3863 4398 ju-

2740 4396 3033 4466 rejurando
3064 4396 3335 4451 caverint.

2290 4482 2535 4553 Jamque
2561 4482 2759 4538 aderat
2790 4482 3220 4554 inaugurationi
3271 4482 3559 4554 designati
3610 4486 3863 4558 Augusti

2224 4571 2379 4627 dicta
2408 4570 2689 4642 dies,qua2
2720 4570 2926 4643 fuit,ut
2956 4571 3178 4627 dictum
3213 4574 3322 4643 est,
3354 4572 3617 4629 kalendae
3648 4574 3869 4631 Janua-

2216 4658 2332 4730 riae,
2362 4659 2596 4731 quando
2629 4659 2678 4715 is
2738 4659 2836 4731 qui
2875 4660 2946 4715 ad
2978 4659 3287 4732 imperium
3334 4660 3867 4734 evehebaturjura-

2215 4752 2433 4815 menta,
2463 4748 2534 4803 de
2589 4749 2800 4818 quibus
2860 4753 3224 4816 convenerat,
3281 4749 3507 4820 primus
3565 4753 3864 4824 conceptis

2214 4834 2405 4891 verbis
2436 4834 2696 4906 protulit,
2733 4837 2906 4892 fidem
2938 4854 3035 4907 per
3066 4854 3131 4892 ea
3184 4836 3452 4909 obligans
3485 4855 3666 4909 puero
3701 4841 3866 4911 prin-

2216 4926 2327 4997 cipi
2360 4944 2473 4981 non
2509 4929 2572 4982 ut
2593 4926 2643 4981 ei
2672 4926 2945 4982 subditus
2970 4928 3227 4993 futurus,
3255 4928 3355 4983 sed
3381 4932 3444 4983 ut
3477 4929 3862 4987 consulturus

2219 5031 2283 5068 ac
2314 5018 2698 5085 suggesturus
2732 5019 3079 5086 opportuna,
3104 5014 3368 5087 nihilque
3399 5017 3456 5072 in
3490 5017 3688 5087 ipsum
3722 5018 3864 5073 insi-

2220 5101 2381 5158 diose
2413 5100 2743 5157 moliturus.
2770 5104 3059 5159 Jurarunt
3083 5107 3213 5174 post
3242 5104 3437 5175 ipsum
3463 5104 3779 5177 optimates
3804 5121 3864 5164 se

2220 5192 2453 5263 utrique
2483 5192 2749 5247 subditos
2796 5192 3047 5258 futuros,
3079 5197 3135 5248 et
3177 5193 3275 5247 97
3313 5195 3359 5249 si
3413 5195 3547 5266 quis
3601 5194 3863 5267 ipsorum

2222 5280 2598 5336 insidiaretur
2627 5280 2791 5335 alteri
2828 5282 3027 5336 statim
3085 5280 3363 5337 ultionem
3396 5282 3465 5337 de
3525 5283 3867 5340 insidiatore

2222 5373 2581 5440 sumpturos.
2618 5367 2709 5424 Sic
2742 5373 3149 5424 consummata
3182 5370 3659 5439 juramentorum
3694 5389 3861 5427 caere-

2224 5457 2439 5526 monia,
2492 5455 2831 5528 designatus
2883 5456 3151 5528 princeps
3203 5461 3366 5512 scuto
3410 5457 3567 5528 regio
3626 5456 3861 5526 insedit,

2224 5550 2469 5617 utroque
2501 5544 2659 5617 prius
2691 5546 2835 5616 pede
2865 5544 3252 5616 imperatoriis
3276 5544 3608 5617 insignibus
3633 5550 3856 5615 ornato;

2225 5639 2280 5690 et
2310 5634 2579 5690 manibus
2601 5633 2735 5689 hinc
2750 5634 2986 5705 quidem
3007 5634 3334 5689 antistitum
3354 5633 3487 5689 inde
3505 5634 3853 5706 optimatum
