4154 6286
378 377 486 433 533

1444 379 1539 432 DE
1580 377 1948 433 MICHAELE
1988 378 2429 436 ΡΑιΑςοιοοο
2463 382 2596 435 LIB.
2641 384 2711 435 II.

3671 375 3781 432 534

378 503 470 557 καὶ
503 499 720 577 κρότοις
770 499 913 576 παρά
954 500 1159 557 πάντων
1216 500 1577 577 ἐμεγαλύνετό
1634 521 1690 555 τε
1744 499 1833 555 καὶ
1892 499 2021 577 ἔφη·
2053 502 2106 570 Α
2136 500 2391 557 ἀπολύων
2423 501 2549 564 τοὺς
2582 502 2928 581 ὠφληκότας,
2980 500 3378 577 ἀπορουμένοις
3427 521 3485 557 τε
3525 498 3590 556 τὰ
3644 500 3782 576 πρὶς

382 591 596 665 μίζετο.

380 699 439 753 ε’.
490 697 683 755 "Ome:
736 699 763 751 ὁ
798 696 1177 773 Πᾳαλαιολόγος
1208 698 1471 773 καταστὰς
1524 698 1599 759 είς
1628 698 1725 768 τὴν
1759 696 2034 773 βασιλείαν

833 766 1207 842 ἐφιλοτιμεῖτο
1237 772 1303 824 τὰ
1337 766 1584 843 μὲγιστα.

458 859 542 932 [Ρ.
579 859 667 926 6‘2]
699 857 776 913 Τὸ
810 852 854 910 δ’
883 857 1119 921 ἐντεῦθεν
1151 857 1201 912 οἱ
1238 857 1332 930 μὲν
1381 858 1481 925 τῆς
1528 856 1811 932 γερουσίας
1864 876 2032 934 προσ-

382 947 609 1015 ήκουσιν
667 944 940 1022 ὀφφικίοις
1010 945 1463 1019 ἑνεσεμνύνοντο,
1534 943 1623 1001 καὶ
1682 942 1875 1007 ἄλλοις
1938 946 2033 1019 μὲν

381 1032 530 1089 ἄλλα
559 1033 624 1089 τὰ
658 1035 750 1106 μὲν
785 1031 1025 1089 ἐδίδοντο
1055 1034 1121 1089 τὰ
1148 1032 1191 1090 δ’
1228 1033 1278 1090 ἐν
1334 1036 1682 1110 ὑποσχέσεσιν
1731 1037 1886 1103 ἦσαν·
1938 1035 2030 1091 τὸν

386 1120 433 1176 δ’
482 1118 814 1200 αὐτάδελφον
868 1120 1143 1193 Ἰωάννην,
1197 1125 1364 1199 μεγαν
1416 1119 1731 1195 δομὲστικον
1766 1121 1912 1191 ὄντα,
1961 1129 2028 1197 τῇ

381 1216 482 1266 τοῦ
548 1210 823 1285 Τορνικίου
882 1209 1283 1269 Κωνσταντίνου
1354 1214 1603 1287 θυγατέρι
1663 1212 1797 1286 πρὸς
1850 1211 2028 1285 γάμου

382 1300 664 1355 κοινωνίαν
699 1301 1031 1376 συνήρμοσε,
1076 1296 1172 1355 κᾶν
1223 1299 1274 1355 ἐν
1321 1295 1611 1362 ἀναϐολαῖς
1644 1299 1710 1368 ἦν
1759 1301 1818 1353 τὸ
1869 1299 2027 1373 ἀξίω-

385 1410 481 1461 μα.
560 1387 787 1465 Θάτερον
866 1386 923 1445 δὲ
993 1392 1099 1444 τῶν
1174 1388 1424 1463 ἀδελφῶν
1474 1395 1901 1458 Κωνσταντῖνον,
1948 1383 2027 1443 ἔτι

381 1475 584 1552 ἔχοντα
632 1475 682 1533 ἐν
727 1476 995 1550 ἰδιώταις,
1050 1479 1184 1533 κατά
1230 1479 1417 1554 καιρὸν
1477 1482 1638 1551 τιμᾷν
1693 1476 1848 1538 αὐτὸς
1891 1474 2026 1534 Καί-

381 1586 519 1639 σαρα
561 1567 1035 1642 προθυμούμενος,
1097 1569 1433 1641 συνήρμοττε
1476 1565 1531 1620 δῖε
1570 1568 1657 1621 καὶ
1714 1565 1858 1637 αὖτῷ
1888 1566 2022 1638 πρὸς

376 1652 559 1728 γάμον
611 1656 710 1722 τήν
760 1659 853 1709 τοῦ
899 1658 1077 1728 Βρανᾶ
1123 1651 1290 1708 παῖδα
1339 1656 1526 1730 εὐγενῆ
1561 1654 1738 1723 οὖσαν,
1776 1652 1937 1730 σοφόν
1969 1674 2021 1708 τι

374 1746 555 1797 ποιῶν
611 1744 700 1797 καὶ
752 1743 879 1804 τοὺς
937 1742 987 1797 ἐν
1038 1740 1182 1797 τέλει
1229 1744 1345 1803 τοῖς
1398 1742 1586 1813 κήδεσι
1616 1744 2021 1819 προσποιούμε-

2144 591 2286 660 ζωή)
2339 587 2520 654 διδοὺς
2575 588 2947 669 ἀφθονώτερα,
2996 592 3085 646 καί
3135 611 3197 666 γε
3254 594 3370 653 τοῖς
3425 585 3789 663 ήδικημὲνοις

2140 677 2358 751 ἀμύνων
2387 679 2475 735 καὶ
2507 678 2925 757 φιλοτιμότερον
2958 677 3214 754 προχέων
3244 678 3307 734 τὸ
3356 672 3602 753 δαψιλὲς,
3655 672 3783 731 ὥστ’

2140 768 2270 822 εῖναι
2347 767 2458 841 ἅμα
2517 770 2610 841 μὲν
2667 768 2964 843 ἀνενεγκεῖν
3024 769 3146 841 περί
3205 764 3303 823 τού
3354 786 3475 822 τινα
3524 764 3615 821 καὶ
3670 765 3784 840 ἅμα

2138 851 2449 930 προϐαίνειν
2525 857 2753 932 γράμμα
2832 852 3114 931 βασιλικὸν
3185 856 3524 928 προστάσσον
3594 851 3784 928 ἐκείνῳ

2136 946 2197 999 τὸ
2252 947 2386 1000 κατὰ
2438 941 2722 1020 βούλησιν,
2773 944 2818 999 εί
2865 941 3102 999 καὶδυσῖ
3136 943 3357 1019 χρόνοις
3413 940 3631 1018 ὕστερον
3684 939 3782 997 ἆν-

2139 1029 2407 1107 ελάμϐανε
2448 1032 2515 1089 τὰ
2559 1029 3012 1109 προστεταγμένα.
3067 1030 3173 1090 Κᾶν
3223 1032 3330 1088 πού
3358 1054 3441 1096 τις
3474 1032 3555 1112 ἐφ’
3584 1031 3666 1094 οῖς
3701 1028 3778 1086 εῖ-

2137 1142 2231 1196 χεν
2264 1119 2606 1197 ὀχλούμενος
2636 1123 2696 1176 τὸ
2745 1119 2976 1196 γράμμα
3022 1128 3119 1190 τῆς
3173 1120 3401 1195 χάριτος
3445 1113 3786 1195 προῦτεινεν,

2138 1210 2288 1275 εὐθὺς
2347 1211 2503 1287 φανὲν
2558 1208 2803 1285 δευτέρας
2856 1204 3188 1271 ίνδικτιῶνος
3238 1209 3316 1282 ὅν,
3346 1208 3444 1277 τὴν
3475 1204 3621 1263 δόσιν
3678 1208 3782 1264 ἀπ-

2136 1300 2450 1374 εψηφίζετο,
2510 1301 2582 1362 ὡς
2629 1298 2679 1353 ἐν
2731 1303 2906 1374 καιρῷ
2954 1293 3121 1370 μηδὶν
3168 1292 3441 1373 ἀκριϐείας
3492 1296 3581 1352 καὶ
3611 1313 3784 1370 προσ-

2136 1393 2279 1463 οχῆς
2314 1384 2441 1462 ἕχον
2474 1388 2533 1441 τὸ
2587 1388 2830 1462 γεγονός.
2881 1386 3019 1443 Τότε
3050 1384 3105 1441 δὲ
3133 1383 3223 1441 καί
3277 1378 3445 1441 πόλλ’
3496 1381 3627 1441 ἅττα
3682 1383 3778 1439 τοῦ

2133 1481 2316 1530 κοινοῦ
2373 1473 2623 1548 ταμιείου
2657 1474 2914 1552 ἐξεφόρει,
2946 1474 3035 1529 καὶ
3069 1471 3410 1549 δημηγορῶν
3451 1476 3568 1537 τοῖς
3611 1492 3790 1528 συνει-

2136 1562 2425 1638 λεγμένοις
2456 1565 2591 1639 πρὸς
2632 1564 2790 1637 χάριν
2838 1560 3067 1631 ἅπασαν,
3120 1562 3210 1617 εἶτ’
3264 1560 3595 1638 ἀμφοτέραις
3645 1557 3788 1616 ἐκεί-

2131 1673 2244 1715 νοις
2274 1652 2516 1723 ἐξήντλει
2548 1654 2615 1707 τὰ
2666 1654 2946 1727 χρήματα,
3002 1647 3175 1725 χύδην
3228 1647 3491 1726 ἐκρίπτων
3541 1645 3774 1719 κυνηδὸν

2130 1738 2508 1815 συλλέγουσιν·

370 1853 488 1893 νος·
527 1832 647 1935 ’Καὶ
708 1831 832 1892 τοὺς
890 1830 983 1904 μὲν
1017 1836 1115 1935 ’ξῆς
1148 1831 1444 1935 γεξουσίας,
1477 1832 1617 1935 οδξω
1679 1829 2098 1935 μεγξιλοπρεἚ
2130 1850 2193 1917 ς’,
2247 1849 2427 1910 Ὅπως
2502 1850 2598 1910 τὰς
2656 1847 2817 1935 ἄκρας
2870 1846 3105 1935 Ἇώχύρφυ
3165 1846 3254 1900 καὶ
3315 1846 3483 1919 μήπω
3541 1843 3782 1922 στεφθεὶς

370 1923 493 1982 πῶς
522 1918 827 1996 ἐθεράπευε,
851 1920 1107 1994 προνοίας
1153 1917 1369 1981 τούτοις
1427 1917 1664 1991 ἒπαῦξων
1714 1920 1801 1974 καὶ
1849 1940 2020 1995 προσ-

370 2008 544 2073 τιθεὶς
608 2006 697 2063 καὶ
767 2007 976 2083 χαίρειν
1030 2006 1206 2085 ἀφιεὶς
1263 2014 1379 2069 τοῖς
1434 2013 1583 2079 πᾶσι,
1645 2013 1749 2062 τῶν
1809 2006 2017 2081 ἀγαθῶν

370 2097 439 2151 τὰ
492 2099 585 2170 μὲν
635 2092 995 2169 λαμϐάνουσι,
1044 2094 1109 2151 τὰ
1158 2094 1203 2150 δ’
1234 2093 1541 2165 ἐλπίζουσι·
1577 2093 1637 2151 τὸ
1670 2093 1725 2150 δὲ
1756 2116 2022 2170 στρατιω-

371 2186 527 2241 τικόν
556 2205 614 2241 τε
645 2187 733 2240 καὶ
765 2184 865 2254 τὴν
889 2182 1126 2254 πληθὺν,
1176 2182 1302 2246 τοὺς
1354 2187 1446 2257 μὲν
1492 2190 1883 2259 καθημεριναῖς
1934 2205 2023 2261 φι-

369 2274 654 2347 λοτιμίαις
686 2270 925 2348 ὤφελλε,
955 2273 1043 2329 καὶ
1076 2270 1519 2349 χρυσοϐούλλοις
1549 2272 1615 2329 τὰ
1664 2275 1873 2349 ὑπεσχη
1888 2274 2021 2345 μένα

370 2364 589 2427 τοῦτοις
616 2361 884 2434 ἐπλήρου,
932 2362 1020 2416 καὶ
1068 2363 1204 2435 πρὸς
1249 2363 1309 2416 τὸ
1360 2359 1563 2434 μέλλον
1620 2362 2017 2437 εὐθυμοτέρους

377 2449 607 2505 καθίστα
642 2447 713 2512 ὡς
770 2449 1065 2510 ἀθανδίτους
1122 2448 1218 2510 τὰς
1274 2455 1373 2517 τῆς
1427 2453 1572 2518 ζωῆς
1628 2448 1886 2524 προνοίας
1928 2452 2014 2504 καὶ

378 2536 448 2592 τὰ
500 2532 747 2610 διδόμενα
798 2537 1078 2613 σινηρέσεα
1123 2542 1239 2598 τοῖς
1286 2538 1468 2592 παισὶν
1520 2535 1755 2608 ἕξοντας,
1796 2536 1919 2599 τοὺς
1973 2534 2019 2592 δ’

376 2621 731 2698 ἐθεράπευεν,
782 2624 1030 2700 ἀνοιγνὺς
1082 2625 1323 2700 φυλακὰς
1371 2628 1457 2680 καὶ
1511 2630 1687 2700 χρεῶν
1738 2622 2015 2699 δημοσίων

369 2836 666 2905 sublatus,
691 2835 1211 2893 acclamationibus
1234 2841 1291 2893 et
1321 2837 1552 2910 plausu,
1586 2838 1799 2909 quibus
1831 2839 2012 2910 excipi

376 2925 516 2983 nevi
548 2922 923 2997 imperatores
955 2925 1163 2997 solent,
1197 2926 1266 2981 ab
1300 2925 1588 2983 universis
1636 2926 1926 2984 salutatus
1957 2931 2013 2983 et

370 3017 673 3087 Augustus
703 3012 1035 3071 declaratus
1069 3018 1176 3071 est.
1230 3020 1239 3025 “

364 3123 421 3176 5.
463 3120 525 3178 Ut
552 3120 891 3194 Palaeotogus
919 3128 1128 3177 erectus
1158 3124 1215 3177 in
1247 3123 1544 3194 imperium
1590 3126 1748 3193 regia
1806 3126 2007 3180 libera-

792 3193 948 3249 litate
977 3195 1194 3249 cunctos
1225 3193 1578 3250 demeruerit.

440 3281 581 3337 Inde
616 3284 917 3337 senatores
950 3281 1187 3352 quidem
1210 3280 1418 3339 ofﬁciis
1440 3298 1542 3354 pro
1567 3284 1853 3356 cujusque
1878 3300 2003 3339 me-

361 3366 493 3425 ritis
512 3368 973 3437 honorabantur,
1005 3373 1061 3425 et
1100 3367 1228 3425 aliis
1298 3370 1409 3426 alia
1452 3372 1663 3443 partim
1705 3370 2003 3428 donaban-

360 3457 704 3529 tur,partim
738 3456 1246 3529 promittebantur.
1285 3458 1544 3516 Fratrem
1567 3476 1697 3516 vero
1719 3461 2003 3517 Joannem

362 3551 489 3601 tum
522 3545 715 3601 adhuc
759 3561 1040 3617 magnum
1092 3547 1478 3604 domesticum
1522 3549 2003 3605 sebastocrateris

364 3650 570 3691 ornare
595 3634 878 3705 dignitate
907 3651 1145 3707 aequum
1180 3636 1433 3707 censuit,
1468 3641 1524 3694 et
1557 3637 1606 3693 ei
1635 3638 2003 3695 Constantini

358 3721 618 3779 Tornicii
652 3721 829 3778 filiam
860 3723 1234 3780 matrimonio
1269 3725 1586 3795 conjunxit,
1648 3727 2000 3783 destinatam

359 3810 712 3884 dignitatem
744 3812 801 3866 in
832 3814 1063 3883 tempus
1095 3810 1250 3868 aliud
1284 3814 1839 3872 diﬁ‘erens.Alterum
1870 3833 2001 3873 vero

359 3900 611 3956 fratrum
632 3900 1086 3957 Constantinum
1102 3900 1157 3955 in
1173 3900 1546 3974 privatatunc
1563 3905 1797 3974 quidem
1811 3903 2002 3960 adhuc

358 3990 601 4062 reliquit
623 3992 798 4059 sorte,
832 4005 937 4045 suo
967 3992 1227 4061 tempore
1249 4005 1443 4046 creare
1472 3989 1667 4062 ipsum
1719 3995 2000 4048 Caesarem

358 4080 589 4136 habens
615 4078 669 4133 in
725 4076 941 4133 animo.
1001 4077 1168 4134 Dedit
1224 4081 1417 4134 autem
1475 4082 1531 4134 et
1585 4077 1720 4135 huic
1762 4096 1999 4135 uxorem

359 4169 565 4223 Branae
602 4166 780 4222 filiam
816 4184 955 4222 sane
1001 4168 1396 4238 praenebilem,
1447 4168 1695 4240 sapienti
1758 4168 1999 4225 consilio

359 4255 750 4314 alﬂnitatibus
779 4256 1056 4326 patricios
1085 4255 1194 4311 sibi
1220 4257 1573 4313 devinciens.
1607 4261 1671 4313 Et
1702 4262 1999 4314 senatores

361 4346 603 4417 quidem
636 4344 693 4399 in
725 4345 882 4399 hunc
915 4346 1151 4400 modum
1180 4346 1487 4417 magniﬁce
1520 4348 1826 4413 demeruit,
1860 4364 1998 4419 pen-

361 4433 561 4491 siones
590 4434 663 4490 iis
686 4435 1005 4504 adaugens,
1039 4438 1093 4488 et
1128 4433 1298 4490 donis
1343 4436 1734 4508 superadditis
1792 4453 2000 4491 cumu-

357 4521 862 4592 lans,cunctisque
893 4521 1187 4593 gaudendi
1221 4525 1523 4579 materiam
1548 4525 1793 4581 offerens
1817 4524 1998 4580 hone-

2722 1917 2748 1972 δ
2782 1917 3191 1993 Παλαίιόλόγος.

2204 2011 2288 2080 [Ρ.
2322 2012 2411 2082 63]
2457 2010 2556 2065 Ἦν
2605 2011 2791 2079 ταῦτα,
2833 2006 3083 2069 κάκεῖνος
3135 2008 3229 2080 μὲν
3275 2008 3618 2079 καταχυροῦν
3674 2005 3771 2067 τάς

2132 2095 2295 2172 ἄκρας
2327 2094 2606 2173 προῦργου
2637 2095 2984 2169 ποιούμενος,
3034 2093 3145 2169 ἅμα
3189 2091 3246 2149 δὶ
3292 2093 3382 2150 καὶ
3433 2091 3771 2164 δηλοποιοῦ-

2136 2206 2292 2257 μενος
2334 2184 2480 2257 αὐτῷ
2529 2185 2809 2261 προσώπῳ
2860 2187 2959 2254 τήν
3000 2190 3098 2253 τῆς
3132 2181 3409 2259 βασιλείας
3454 2179 3768 2258 ἀνάῤῥησιν,

2131 2272 2217 2327 ἐπὶ
2267 2271 2666 2352 Φιλαδελφείας
2718 2270 2857 2348 ἔγνω
2916 2278 3145 2348 χωρεῖν,
3199 2270 3374 2327 λιπὼν
3422 2269 3516 2325 τὸν
3565 2271 3682 2324 νέον
3717 2268 3767 2324 ἐν

2130 2361 2441 2438 Μαγνησίᾳ,
2528 2359 2863 2435 βασιλικῶς,
2948 2363 3022 2423 ὡς
3103 2355 3232 2429 ἔδει,
3319 2358 3769 2434 θεραπευόμενον.

2132 2450 2418 2504 Συνείπετο
2471 2446 2527 2504 δέ
2576 2450 2627 2504 οἱ
2676 2450 2762 2503 καὶ
2811 2449 2946 2504 ἅπαν
2973 2450 3034 2503 τὸ
3066 2444 3452 2523 στρατιωτικὸν
3500 2445 3773 2522 προασπί-

2132 2544 2221 2607 ζον
2301 2542 2397 2592 τοῦ
2456 2537 2722 2612 βασιλέως
2803 2537 2917 2611 μεθ’
2974 2535 3056 2592 δτι
3107 2532 3367 2607 πλείστης
3422 2532 3627 2597 εὐνοίας
3680 2534 3769 2588 καὶ

2128 2627 2262 2702 πρὸς
2319 2627 2380 2681 τὸ
2410 2631 2588 2681 πονεῖν
2623 2627 2800 2701 ὁρμῆς
2847 2626 3088 2698 ἑτοῖμον,
3143 2622 3279 2680 ὅπου
3335 2643 3395 2699 γε
3422 2622 3511 2679 καὶ
3542 2624 3660 2678 καθ’
3690 2623 3765 2678 ὧν

2124 2838 2411 2911 condigne
2442 2837 2731 2912 supplicio
2765 2837 3123 2896 multatis.Et
3152 2838 3342 2895 inerat
3370 2836 3559 2895 multa
3574 2856 3760 2911 pepu-

2122 2926 2323 2984 laritas
2355 2930 2412 2985 in
2449 2928 2621 2984 modo
2648 2926 2767 2984 haec
2791 2927 3021 3001 agendi,
3055 2926 3332 2984 facilitate
3360 2929 3416 2984 et
3458 2926 3757 2985 amabilis-

2122 3016 2270 3072 sima
2286 3016 2639 3089 benignitate
2660 3015 2960 3089 largientis
2991 3017 3143 3073 dona
3173 3033 3276 3089 per
3298 3034 3359 3074 se
3390 3022 3553 3089 grata
3570 3016 3755 3074 multo

2120 3106 2395 3161 reddente
2425 3106 2698 3177 gratiora.
2731 3105 2953 3178 Quippe
2985 3123 3098 3161 non
3131 3122 3259 3162 raro
3293 3104 3487 3161 statim
3520 3123 3586 3162 ac
3615 3098 3747 3177 quis

2035 3223 2078 3290 ϐ
2118 3192 2187 3247 de
2218 3209 2325 3249 sua
2351 3194 2626 3265 quapiam
2644 3192 2986 3250 necessitate
3011 3193 3288 3290 retulerat
3310 3193 3379 3249 ad
3404 3191 3752 3290 principem,

2115 3283 2164 3338 is
2199 3282 2324 3338 sine
2357 3298 2518 3337 mera
2540 3282 2796 3354 diploma
2827 3280 3054 3355 regium
3086 3279 3195 3355 ipsi
3228 3281 3381 3354 quod
3415 3278 3754 3353 postulabat

2113 3387 2379 3427 asserens
2402 3371 2460 3426 in
2493 3386 2733 3426 manum
2759 3370 3112 3438 dabat,unde
3138 3372 3189 3427 is
3214 3369 3380 3427 lmtus
3414 3367 3745 3442 abibat,etsi

2113 3476 2535 3531 nonnunquam
2560 3477 2672 3515 non
2699 3460 2812 3516 nisi
2837 3463 2970 3532 post
2990 3458 3295 3515 biennium
3319 3456 3519 3531 pensio
3547 3475 3751 3516 nume-

2112 3548 2296 3603 randa
2328 3547 2973 3617 prescriberetur.Quod
3006 3545 3056 3603 si
3081 3564 3277 3619 quem,
3311 3545 3409 3602 ubi
3459 3546 3746 3619 scriptum

2111 3635 2350 3706 legerat,
2382 3636 2618 3692 taederet
2649 3654 2821 3692 merae
2844 3636 3195 3707 referretque
3243 3634 3497 3708 diploma
3531 3637 3586 3691 et
3616 3653 3746 3709 gra-

2110 3724 2247 3779 tiam
2273 3724 2675 3795 repraesentari
2708 3728 2990 3796 posceret,
3008 3723 3270 3796 placidus
3303 3723 3398 3779 ille
3464 3742 3530 3781 ac
3586 3723 3745 3781 reni-

2111 3815 2253 3869 dens
2284 3812 2732 3885 recegnoscebat
2765 3814 3072 3885 scriptum,
3105 3817 3161 3869 et
3191 3812 3291 3867 ubi
3347 3830 3545 3870 revera
3598 3811 3745 3870 dila-

2108 3907 2233 3957 tum
2265 3903 2322 3957 in
2354 3902 2669 3958 secundam
2702 3900 3077 3957 indictionem
3109 3901 3327 3958 donum
3369 3898 3622 3971 videbat,
3656 3902 3747 3958 ιιι-ι

2109 3992 2198 4045 tre
2229 3990 2548 4046 damnabat
2580 3989 2929 4062 scripturam
2963 3989 3131 4061 quasi
3163 4008 3196 4045 a
3252 4007 3461 4062 parum
3520 3992 3740 4047 attento

2110 4078 2462 4148 minimeque
2485 4081 2752 4133 assccute
2785 4080 3038 4133 mentem
3070 4096 3238 4134 suam
3263 4075 3503 4134 librario
3527 4079 3743 4134 forma-

2108 4171 2249 4237 tam,
2276 4165 2637 4238 jubebatque
2667 4167 2897 4239 corrigi.
2930 4164 3030 4223 His
3062 4171 3119 4223 et
3149 4166 3443 4223 similibus
3499 4168 3571 4223 de
3608 4184 3744 4223 cau-

2108 4256 2188 4311 sis
2220 4255 2864 4328 profundebatlargiter
2892 4254 3093 4312 aararie
3126 4255 3289 4328 prius
3337 4253 3491 4329 regie
3539 4256 3741 4312 condi-

2106 4348 2195 4399 tas
2228 4361 2384 4417 opes.
2411 4346 2477 4400 Et
2500 4344 2572 4401 ab
2603 4346 2939 4401 concionem
2972 4347 3191 4417 passim
3241 4344 3487 4416 loquens
3546 4344 3745 4401 omnia

2108 4432 2177 4487 ad
2226 4433 2562 4505 popularem
2622 4434 2870 4505 gratiam
2916 4432 3257 4505 composita,
3313 4437 3561 4504 utraque
3611 4449 3743 4490 mox

2109 4538 2286 4577 manu
2321 4521 2623 4577 hauriebat
2653 4525 2708 4578 et
2739 4520 2969 4593 publico
3009 4520 3284 4577 thesauro
3315 4522 3428 4577 vim
3484 4522 3739 4593 pecunia:

359 4627 493 4668 rum
525 4612 611 4668 vel
645 4611 989 4669 collatorum
1017 4612 1289 4685 praesenti
1322 4615 1513 4671 fructu
1543 4615 1631 4671 vel
1664 4621 1818 4672 certa
1872 4634 1998 4688 pre-
2031 4594 2076 4660 Ῐ)
2109 4612 2426 4683 ingentem,
2468 4610 2817 4667 ell'usissime
2866 4609 3178 4683 projicieas
3235 4627 3360 4683 quae
3402 4608 3739 4669 avidissime

357 4701 703 4757 mitssorum
736 4702 1180 4773 exspectatione.
1211 4703 1335 4759 Jam
1353 4703 1669 4760 exercitum
1689 4722 1751 4760 ac
1769 4706 1992 4777 plebem

352 4789 514 4846 varie
546 4788 816 4845 delinivit
848 4805 861 4845 :
897 4807 1028 4846 nam
1065 4795 1121 4847 et
1153 4791 1461 4864 pleresque
1492 4792 1849 4863 quotidianis
1890 4795 1994 4848 do-

358 4877 577 4935 nativis
601 4877 755 4949 juvit
784 4880 838 4932 et
869 4878 1081 4951 quibus
1109 4897 1209 4951 per
1232 4879 1553 4951 diplomata
1581 4881 1760 4937 bullis
1804 4882 1995 4939 aureis

356 4968 591 5023 munita
604 4964 958 5038 promissum
976 4967 1194 5040 aliquid
1215 4969 1558 5037 fuerat,eum
1582 4967 1694 5023 ﬁde
1710 4986 1994 5041 repraesen

354 5053 615 5122 tavit,sic
648 5053 779 5109 illos
805 5054 862 5108 in
890 5053 1146 5110 futurum
1184 5071 1419 5111 securos
1445 5059 1499 5111 et
1533 5057 1675 5112 bene
1706 5059 1996 5114 animatos

355 5142 980 5213 efﬁciens,utpotejam
1013 5149 1201 5199 certos
1234 5160 1580 5215 processura
1602 5145 1746 5217 ipsis
1771 5152 1826 5203 et
1850 5147 1994 5203 libe-

357 5233 437 5287 ris
456 5230 721 5285 eorumin
740 5244 911 5285 omne
929 5233 1243 5302 tempusad
1260 5233 1477 5287 victum
1494 5234 1721 5289 decreta
1735 5235 1998 5292 subsidia

354 5325 409 5376 et
440 5319 541 5374 98
602 5318 878 5373 frumenti
904 5320 1178 5375 dcmcnsa
1212 5320 1545 5377 constituta.
1580 5322 1808 5378 Plebem
1865 5341 1995 5379 vero

357 5407 649 5480 praecipue
680 5406 958 5462 demulsit
991 5407 1318 5479 aperiendis
1351 5409 1653 5476 custodiis,
1696 5414 1750 5465 et
1781 5410 1854 5465 iis
1899 5413 1998 5483 qui

356 5498 494 5552 ﬁsco
537 5494 679 5566 quid
729 5494 999 5550 deberent
1059 5512 1161 5551 nec
1192 5496 1464 5552 solvendo
1529 5501 1739 5565 essent,
1797 5499 1997 5557 liberis

352 5582 1040 5655 dimittendis,pra3terca
1060 5583 1994 5659 largiendoliberaliteralimenta,

352 5681 403 5733 et
439 5690 652 5749 passes
685 5672 955 5744 injuriae)
992 5674 1751 5741 consolando,vexatoribus
1796 5694 1995 5733 eorum

2106 4700 2549 4772 colligebantur.

2053 4854 2061 4863 '
2101 4855 2156 4907 6.
2194 4856 2253 4909 Ut
2284 4868 2432 4907 arces
2461 4851 2727 4907 munierit
2772 4850 3013 4906 nondum
3041 4857 3333 4907 coronatus
3364 4852 3732 4926 Palaeologus.

2178 4969 2303 5023 llaec
2331 4967 2567 5038 quidem
2600 4965 2682 5021 sic
2710 4982 2771 5020 se
2800 4955 3405 5023 habebant.Caeterum
3437 4966 3536 5025 ille
3589 4989 3733 5043 epe-

2106 5074 2177 5111 rze
2204 5054 2457 5128 pretium
2492 5073 2552 5110 se
2584 5054 2871 5109 facturum
2906 5059 3089 5126 ratus,
3123 5055 3171 5110 si
3229 5072 3390 5112 arces
3454 5058 3731 5127 muniret,

2105 5145 2283 5199 simul
2314 5146 2370 5199 et
2399 5143 2667 5216 praesenti
2694 5148 3011 5215 conspectu
3063 5142 3430 5201 exhibiturus
3474 5147 3733 5220 pepulis,

2106 5233 2205 5303 qui
2235 5233 2361 5303 ejus
2394 5230 2797 5289 acclamationi
2830 5249 2942 5287 non
3002 5230 3404 5300 interfuerant,
3439 5234 3732 5305 specimen

2106 5320 2215 5376 sibi
2249 5321 2476 5377 creditas
2510 5337 2793 5391 supremae
2816 5318 3604 5392 potestatis,Philadelphiam
3638 5323 3736 5381 de-

2106 5410 2288 5466 crevit
2316 5409 2630 5481 proficisci,
2676 5408 2872 5465 relicto
2928 5426 3104 5481 puero
3154 5410 3378 5480 collega
3421 5408 3727 5482 Magnesia:

2107 5516 2238 5554 cum
2272 5498 2445 5569 regio,
2480 5497 2561 5553 uti
2595 5515 2699 5569 par
2749 5503 2894 5568 erat,
2944 5496 3234 5552 satellitio.
3294 5499 3539 5554 Secutus
3598 5517 3732 5558 eum

2106 5592 2194 5643 est
2225 5586 2530 5641 universus
2562 5587 2845 5643 exercitus
2879 5585 3249 5641 circumdans
3264 5584 3583 5657 principem
3598 5604 3732 5646 cum

2106 5676 2373 5731 omnibus
2405 5679 2459 5730 et
2490 5676 2637 5729 veris
2670 5674 3009 5731 indiciis99
3026 5672 3436 5729 benevolentiae
3461 5691 3731 5745 summm,
