4182 6286
406 402 511 472 ἳοι,
568 402 865 475 προθύμως
914 403 1394 476 πολεμησείοντες.
1451 404 1551 459 Τὸν
1602 403 1785 477 μὲντοι
1833 424 1895 477 γε
1949 422 2049 457 πα·
2081 405 2239 474 Ατῷ
2269 404 2548 479 ἀγνοοῦντι
2594 406 2682 459 τὸν
2741 404 3154 479 βασιλεύσαντα,
3200 402 3323 459 ἀλλ’
3372 402 3423 464 ἐς
3462 404 3527 456 τα
3580 402 3821 474 μάλιστα

415 490 686 565 τριάρχην
720 490 797 553 εἷς
845 491 1073 547 Νίκαιαν
1121 492 1453 564 ἀποπέμπει,
1506 495 1621 565 μετ’
1670 493 1857 566 ὀλίγον
1905 511 2067 546 κατα·
2176 491 2318 568 φίλῳ
2358 489 2492 559 ὄντι,
2547 495 2707 555 αὐτὸς
2742 496 2841 563 τὴν
2892 492 3158 567 ταχίστην
3223 492 3554 565 ὑποστρέψας
3602 489 3690 543 καὶ
3730 491 3822 544 τὸν

419 574 608 633 λαϐεῖν
668 580 759 633 καὶ
822 578 981 641 αὐτὸς
1041 580 1475 655 ὑπισχνούμενος
1535 580 1745 653 σόναμα
1794 584 1872 651 τῷ
1912 581 2017 651 νέῳ
2051 621 2066 648 ,
2175 578 2341 635 παῖδα
2370 578 2701 655 παραλαϐὼν
2737 583 2839 636 ὑπὸ
2886 580 3073 655 πολλῇ
3120 579 3295 656 τρυφῇ
3344 601 3401 634 τε
3447 579 3535 633 καὶ
3588 576 3822 655 depopo-

418 667 912 740 ταινιωθησόμενοι
939 668 1029 722 καὶ
1080 668 1398 746 ἀμφότεροι.
1431 670 1491 726 Ὀ
1555 669 1647 742 μὲν
1683 667 1772 723 οὖν
1804 667 2070 741 πατριάρ-
2178 670 2268 741 ρίᾳ
2328 668 2554 744 μεγίστῃ
2614 676 2714 739 τῆς
2773 670 2859 723 ἐπὶ
2916 672 3014 737 τῆς
3069 672 3292 729 Νικαίας
3349 666 3573 735 ἥπτετο.
3624 667 3714 727 Ὠς
3775 664 3821 719 δ’

422 775 533 831 χης
581 755 792 828 σύναμα
832 760 912 827 τῷ
960 754 1152 831 κλήρῳ
1198 758 1287 811 καὶ
1334 763 1449 819 τοῖς
1498 758 1829 833 ἀρχιερεῦσι,
1880 776 2067 810 συντα-

425 845 644 917 ξαμενοι
694 845 762 899 τὰ
809 842 990 899 εἰκότα
1031 851 1147 908 τοῖς
1199 843 1501 920 βασιλεῦσι,
1549 853 1647 914 τῆς
1707 844 1793 900 ἐπὶ
1843 844 2067 901 Νίκαιαν

424 931 685 1001 ἥπτοντο·
748 932 775 985 ὁ
835 929 890 986 δὲ
944 954 1003 1006 γε
1055 932 1305 1008 βασιλεὺς
1333 934 1425 994 τὰς
1475 931 1727 1005 δυνάμεις
1788 927 2072 987 ἀναλαϐὼν

425 1019 514 1075 καὶ
564 1019 816 1090 συντάξας
865 1019 1075 1094 συνάμα
1121 1022 1209 1075 καὶ
1259 1026 1375 1084 τοῖς
1406 1022 1456 1076 ἐν
1488 1020 1633 1076 τὲλει
1682 1020 1767 1075 ἐπὶ
1801 1017 2072 1075 Φιλαδέλ-

426 1129 576 1188 φειαν
622 1106 851 1177 ἤλαυνε,
896 1110 985 1163 καὶ
1031 1107 1097 1177 δὴ
1150 1109 1370 1171 ἐπιστὰς
1419 1114 1487 1182 τῇ
1536 1108 1693 1164 πόλει
1727 1109 1922 1164 ἐκεῖθεν
1978 1109 2073 1170 τὰς

425 1199 591 1272 ἄκρας
634 1196 880 1272 ὠχύρου,
927 1196 1054 1259 τοὺς
1106 1198 1201 1270 μὲν
1249 1199 1505 1270 πέμπων,
1556 1196 1759 1259 ἄλλους
1800 1195 1845 1251 δ’
1877 1197 2075 1260 ἐκεῖθεν

427 1284 730 1359 δεχόμενος
786 1284 1067 1347 κατιόντας
1116 1285 1206 1339 καὶ
1258 1283 1454 1359 δώροις
1505 1286 1577 1347 ὡς
1613 1282 1724 1340 οἷόν
1774 1307 1832 1340 τε
1862 1283 2076 1362 φιλοτι-

435 1374 726 1448 μούμενος,
785 1373 1100 1446 προθύμους
1156 1374 1231 1435 είς
1287 1373 1533 1448 φυλακην
1567 1379 1739 1428 ποιῶν
1791 1375 1878 1428 καὶ
1945 1372 2075 1448 0αρ-

434 1460 805 1539 ῥαλεωτὲρους
859 1461 1038 1517 ἐλπίσι
1095 1468 1363 1537 χρησταῖς
1418 1463 1696 1527 καθιστάς.
1763 1457 1977 1537 Προϐὰς
2031 1454 2082 1515 δ’

435 1550 635 1614 ἐκεῖθεν
698 1551 887 1623 μικρὸν
947 1550 1035 1604 καὶ
1073 1553 1139 1606 τὰ
1186 1550 1373 1622 κύκλῳ
1430 1550 1755 1625 περιελθὼν,
1802 1550 1890 1605 καὶ
1949 1548 2079 1612 τοὺς

440 1640 535 1711 μὲν
610 1637 975 1712 προσλαλιαῖς
1051 1639 1301 1712 ἀγαθαῖς,
1373 1637 1500 1701 τοὺς
1572 1635 1627 1692 δί
1707 1637 2077 1714 φιλοτιμίαις,

434 1726 561 1790 τοὺς
637 1724 693 1781 δὲ
760 1726 851 1780 καὶ
925 1728 1322 1800 ὑποσχέσεσιν,
1376 1723 1487 1780 ἔστι
1546 1723 1592 1779 δ’
1650 1726 1710 1780 οὗ
1767 1727 1856 1781 καὶ
1909 1722 2074 1804 φόϐον

434 1816 617 1890 κιρνὰς
713 1816 1039 1889 ἡμερότητι,
1141 1815 1205 1869 τὰ
1309 1814 1759 1888 παρεμπίπτοντα
1871 1816 2077 1887 βασιλι-

434 1908 544 1965 κῶς
629 1903 1056 1978 μετερχόμενος,
1137 1905 1212 1966 ὡς
1289 1902 1405 1958 οἶόν
1479 1924 1537 1957 τε
1621 1904 1775 1958 κάκεῖ
1857 1903 2077 1967 καθίστα

435 1994 523 2048 καὶ
601 1989 995 2071 ἀσφαλέστερον
1073 1998 1331 2069 φρουροῖς
1384 1992 1729 2067 κατωχύρου³
1792 1994 1923 2067 Εἶχε
1975 1994 2078 2067 γὰρ

435 2083 533 2151 τὴν
594 2081 681 2137 ἐπὶ
741 2080 886 2136 δόσιν
944 2081 1231 2156 μέριμναν,
1293 2083 1367 2143 ὼς
1427 2081 1659 2154 ἑτοίμων
1692 2083 1829 2156 πρὸς
1855 2082 1916 2135 τὸ
1940 2082 2079 2158 ἀφη-

438 2174 555 2240 νιᾷν
606 2166 794 2238 ὄντων,
846 2169 892 2224 εί
950 2169 1221 2244 εὐκαιρίας
1270 2170 1417 2231 τινὸς
1464 2167 1892 2242 ἐπιδράττοιντο.
1923 2172 2081 2232 ’Ὁθεν

437 2258 527 2313 καὶ
582 2252 834 2333 πρέσϐεις
904 2257 981 2319 εἰς
1050 2256 1255 2333 Πέρσας
1321 2256 1720 2329 ἐξαποστείλας,
1776 2261 1935 2312 τοῦτο
1987 2258 2082 2328 μὲν

445 2342 799 2415 δηλώσοντας
823 2344 898 2406 εἷς
926 2346 1025 2415 τὴν
1058 2345 1236 2420 ἀρχήν
1290 2344 1621 2400 καταστάντα
1673 2344 1730 2398 ὅν
1783 2345 1872 2399 καὶ
1930 2344 2085 2418 ἀκρι-

444 2428 556 2498 ϐῶς
606 2430 807 2496 ἰδόντες
855 2429 1075 2505 ᾔδεσαν,
1132 2436 1292 2488 τοῦτο
1351 2430 1408 2487 δὲ
1455 2433 1650 2505 καὶτῷ
1681 2434 1911 2488 σουλτὰν
1964 2433 2087 2506 περὶ

444 2525 553 2576 τῶν
613 2521 724 2577 ἐκεῖ
778 2522 1114 2597 πραγμάτων
1171 2520 1753 2596 κοινολογησομένους,
1811 2519 2089 2576 068E106-

449 2731 811 2788 alacritatem
840 2747 1074 2804 quoque
1104 2732 1420 2789 maximam
1460 2732 1768 2804 praeferens
1799 2732 1869 2788 ad
1902 2748 2081 2803 quos-

447 2821 539 2876 Vis
589 2820 929 2877 subeundos
994 2820 1224 2878 labores
1271 2822 1775 2894 pugnandumque
1830 2820 2085 2876 ubicun-

446 2924 561 2981 que
609 2913 666 2965 et
733 2909 1014 2965 adversus
1063 2926 1443 2982 quoscunque
1510 2911 1768 2966 duceret.
1832 2910 2083 2965 Patriar-

450 2996 621 3052 cbam
679 2997 914 3053 interim
972 2996 1223 3053 Nicaeam
1294 2997 1616 3069 pramittit,
1669 2996 1830 3051 brevi
1880 2997 2081 3052 eodem

445 3090 787 3141 secuturum
818 3102 880 3141 se
901 3083 1197 3157 pollicitus
1254 3101 1387 3140 cum
1426 3100 1603 3155 puero
1634 3088 1923 3156 Augusto,
1943 3086 2085 3156 regii

449 3172 798 3230 diadematis
830 3155 949 3228 una
969 3189 1104 3228 cum
1160 3170 1260 3228 illo
1313 3172 1422 3228 rite
1479 3155 1815 3229 assumendi
1874 3155 2081 3245 gratia.
2115 3155 2157 3222 C

454 3263 643 3327 Quare
711 3260 993 3315 Arsenius
1063 3275 1195 3315 cum
1244 3258 1395 3315 clero
1444 3264 1501 3315 et
1551 3260 1903 3333 prmsulibus
1958 3259 2083 3317 vale

454 3350 609 3405 dicto
642 3348 1157 3420 Augustis,Nicasm
1186 3364 1389 3404 versus
1419 3348 1530 3404 iter
1582 3349 1793 3405 tenuit.
1827 3352 2082 3421 Impera-

455 3442 549 3494 tor
576 3454 709 3495 vero
742 3437 995 3509 sumptis
1043 3453 1243 3493 secum
1296 3437 1498 3508 copiis,
1552 3436 1819 3493 salutatis
1879 3437 1937 3493 in
1994 3437 2082 3493 di-

446 3543 655 3599 gressu
688 3526 1093 3596 optimatibus,
1120 3525 1586 3598 Philadelphiam
1619 3527 1911 3598 profectus
1950 3528 2083 3583 inde

446 3614 783 3671 muniendis
814 3613 1045 3670 arcibus
1078 3631 1275 3670 curam
1300 3615 1857 3687 impendit,mittens
1881 3617 1953 3673 ad
1984 3633 2083 3671 eas

440 3702 1296 3776 pressidiarios,accersitosque
1328 3703 1428 3774 qui
1458 3703 1577 3760 illic
1629 3705 1861 3760 fuerant
1917 3705 2083 3759 beni-

438 3808 551 3866 gne
582 3791 895 3864 accipiens,
927 3798 984 3847 et
1003 3791 1294 3847 donativis
1324 3809 1427 3865 pro
1459 3793 1626 3865 copia
1647 3792 1916 3864 praesenti
1948 3810 2081 3847 ma-

441 3880 673 3955 gniﬁcis
695 3879 1244 3951 liberalissimisque
1275 3882 1583 3953 promissis
1614 3882 1760 3936 bene
1795 3881 2082 3937 anima!os

448 3970 520 4026 ad
553 3969 1045 4041 perseverandum
1078 3968 1137 4024 in
1170 3968 1283 4025 fide
1312 3969 1586 4025 custodire
1610 3969 1840 4025 creditae
1864 3985 2083 4041 speque

445 4059 652 4131 plenos
681 4058 904 4130 optima
933 4058 1236 4114 remittens
1260 4058 1414 4114 unde
1446 4058 1903 4114 venerant.Hinc
1937 4076 2080 4130 pau~

455 4147 577 4203 lum
609 4163 955 4220 progressus
986 4150 1199 4201 cuncta
1220 4163 1322 4218 per
1356 4148 1664 4202 circuitum
1704 4147 1996 4217 lustravit,
2029 4155 2084 4203 et

441 4234 550 4291 hos
581 4234 819 4306 quidem
846 4233 1297 4288 allocutionibus
1330 4233 1620 4305 benignis,
1656 4233 1800 4288 alios
1824 4234 2083 4307 largitio-

443 4323 641 4389 nibus,
698 4323 981 4393 quosdam
1042 4321 1348 4392 promissis
1421 4322 1733 4376 demeruit.
1793 4323 1923 4378 Fuit
1983 4325 2083 4380 ubi

443 4416 502 4467 et
530 4414 812 4466 terrorem
857 4410 1177 4464 clementiae
1226 4409 1632 4465 submiscerct.
1684 4410 1944 4481 Denique
2003 4411 2081 4466 ibi

2178 670 2268 741 ρίᾳ
2328 668 2554 744 μεγίστῃ
2614 676 2714 739 τῆς
2773 670 2859 723 ἐπὶ
2916 672 3014 737 τῆς
3069 672 3292 729 Νικαίας
3349 666 3573 735 ἥπτετο.
3624 667 3714 727 Ὦς
3775 666 3800 719 δ

2179 756 2472 827 ἐπέστησαν
2533 759 2607 831 μή
2688 756 3060 830 μελλήσαντες
3113 754 3261 830 (οὐδὲ
3316 757 3416 830 γὰρ
3474 756 3539 822 ἦν
3600 753 3820 827 ἀμελεῖν

2178 847 2303 921 περὶ
2349 851 2457 900 τῶν
2498 844 2726 901 δυτικῶν
2765 847 3204 918 σκοπουμένοις),
3238 843 3390 907 εὐθὺς
3448 843 3822 918 εὐτρεπίζοντο

2179 934 2245 988 τὰ
2300 941 2397 1003 τῆς
2457 934 2809 1005 ταινιώσεως,
2868 933 3199 1003 ἐλπιζόντων
3260 932 3494 1002 πάντων,
3554 933 3582 985 ὁ
3638 929 3817 998 δὴκαί

2184 1024 2532 1096 συγκείμενον
2582 1026 2671 1093 ἦν,
2731 1026 2811 1097 [Ρ.
2852 1026 2943 1096 64]
2991 1028 3344 1090 ταινιωθῆναι
3407 1021 3500 1091 μὶν
3557 1021 3651 1073 τὸν
3708 1022 3810 1074 νὲον

2188 1112 2483 1185 βασιλικῶς
2554 1111 2642 1165 καὶ
2698 1113 2929 1186 πρώτως
2988 1112 3372 1184 εὐφημηϐἤναι
3430 1108 3823 1183 στεφανωθέντα

2182 1200 2272 1254 καὶ
2322 1200 2677 1275 προκατάγειν
2721 1200 2812 1253 τὸν
2872 1193 3158 1272 Θρίαμϐον,
3218 1197 3418 1252 ἐκεῖνον
3477 1195 3533 1251 δὲ
3583 1196 3671 1250 καὶ
3726 1198 3822 1263 τὴν

2184 1286 2387 1342 ἐκείνου
2437 1286 2661 1360 σύζυγον
2713 1286 2764 1341 ἐν
2814 1287 3018 1362 ὑστέρῳ
3051 1288 3482 1360 στεφανωθέντας
3535 1289 3614 1357 τῷ
3669 1287 3820 1358 πρώ-

2183 1398 2261 1448 τῳ
2292 1377 2611 1449 μεθὲψεσοαι
2646 1377 2781 1430 κατὰ
2808 1376 2906 1443 τὴν
2958 1373 3245 1450 βασιλικὴν
3292 1374 3380 1428 καὶ
3428 1375 3630 1443 συνήθη
3686 1393 3817 1444 προ-

2186 1464 2417 1519 ἑλευσιν.

2190 1573 2250 1639 ζ’.
2279 1572 2464 1632 Ὅπως
2494 1569 2889 1645 παρελογίσατο
2915 1569 3009 1645 τὰς
3040 1570 3304 1645 συνθήκας
3334 1575 3434 1637 τῆς
3464 1568 3821 1644 στειρηιρορὶας

2780 1642 2808 1695 ’ὁ
2838 1637 3243 1715 Ηαλαιολὸγος.

2260 1730 2335 1786 Τὸ
2387 1727 2433 1783 δ’
2481 1731 2545 1798 ἦν
2592 1729 2651 1784 ἑκ
2696 1730 2922 1801 πρώτης
2969 1728 3260 1805 ἆρετηρίας
3312 1726 3477 1790 δόλος
3522 1726 3609 1780 καὶ
3654 1746 3819 1799 παρα-

2187 1814 2503 1889 σπόνδησις,
2549 1817 2623 1879 εἷς
2673 1819 2787 1871 οἷον
2838 1816 2963 1885 ἧξον
3021 1812 3200 1885 τέλος,
3252 1812 3402 1871 οὐδὲν
3459 1815 3521 1869 τὸ
3574 1816 3819 1887 παράπαν

2188 1906 2446 1979 ἀγνοηθὲν
2504 1911 2619 1967 τοῖς
2672 1904 2927 1967 πολλοῖς.
2989 1905 3054 1962 Οἱ
3116 1904 3209 1976 μὲν
3271 1902 3360 1957 οὖν
3418 1902 3644 1957 ἐντέλει
3688 1924 3819 1977 προ-

2187 1993 2602 2066 κατεληφθησαν
2634 1994 2688 2046 εὗ
2734 1992 2995 2054 παθόντες
3038 1992 3124 2046 καὶ
3178 1992 3232 2046 εὗ
3285 1986 3360 2046 ἔτι
3416 1997 3602 2065 τυχεῖν
3664 1989 3818 2044 ἐλπί-

2194 2086 2390 2149 ζοντες⁸
2424 2078 2651 2149 ἐπέδησε
2681 2081 2783 2155 γὰρ
2833 2079 3003 2134 αὐτῶν
3055 2080 3151 2142 τας
3196 2078 3469 2153 γλώσσας,
3513 2076 3658 2146 πλὴν
3712 2077 3825 2132 ὀλί-

2190 2190 2299 2243 γων
2344 2173 2504 2223 τινῶν
2557 2169 2623 2223 τὰ
2661 2168 3103 2243 φιλοτιμήματα,
3135 2168 3223 2222 καὶ
3256 2169 3404 2242 εἶχον
3437 2167 3660 2241 ἡσύχως
3711 2167 3822 2219 καθ’

2195 2258 2223 2311 ὅ
2278 2278 2330 2310 τι
2382 2256 2676 2332 πραχθείη.
2735 2258 2890 2317 Τινὲς
2952 2254 3008 2310 δὲ
3035 2260 3141 2309 τῶν
3196 2260 3374 2318 κακῶς
3424 2256 3700 2309 παθόντων
3756 2254 3828 2314 εἰς

2197 2346 2396 2417 ἄμυναν
2471 2344 2817 2420 λογιζόμενοι
2873 2345 2970 2412 τὴν
3029 2348 3126 2399 τοῦ
3182 2341 3374 2404 παιδὸς
3435 2343 3824 2420 καταφρόνησιν

2194 2434 2284 2488 καὶ
2313 2432 2702 2508 προσέχαιρον.
2762 2434 2822 2489 Ὁ
2875 2433 3057 2505 μέντοι
3111 2452 3173 2506 γε
3219 2432 3564 2507 πατριάρχης
3618 2428 3692 2485 ἔτι
3748 2430 3833 2483 καὶ

2198 2520 2358 2582 αὐτὸς
2390 2520 2440 2574 ἐν
2494 2518 2706 2575 ἐλπίσιν
2764 2520 2830 2588 ἦν
2888 2524 2985 2574 τοῖ’)
3046 2517 3213 2593 μηδὲν
3244 2541 3295 2574 τι
3327 2514 3700 2593 παραϐαϐῆναι
3729 2522 3832 2572 τῶν

2195 2732 2330 2787 inde
2361 2731 2682 2803 quidquam
2711 2731 3017 2787 sinistrum
3053 2729 3569 2787 haerediTheodori
3619 2730 3829 2801 prioris

2194 2819 2567 2892 imperatoris
2600 2820 2711 2875 sibi
2742 2818 2881 2875 olim
2906 2835 3018 2875 non
3043 2817 3577 2891 ignoti,quinetiam
3602 2817 3830 2874 amicis-

2195 2909 2350 2965 simi.
2385 2909 2490 2965 His
2523 2909 2773 2981 peractis
2826 2909 3126 2965 celerrime
3185 2926 3474 2979 reversus,
3526 2912 3830 2979 assumpto

2194 3013 2391 3053 secum
2421 3002 2641 3053 Joanne
2664 3012 3003 3069 puero,cum
3026 2998 3334 3070 splendido
3358 3003 3642 3068 apparatu
3667 3013 3830 3069 pom-

2196 3102 2387 3157 paque
2419 3086 2731 3158 magniﬁca
2761 3086 3231 3142 numerosissimi
3264 3086 3522 3142 satellitii
3579 3086 3831 3141 Nicaeam

2198 3173 2306 3229 iter
2335 3174 2604 3229 intendit.
2635 3178 2757 3238 Quo
2789 3179 2853 3229 ut
2904 3180 3309 3246 pervenerunt,
3372 3174 3516 3229 nihil
3576 3178 3834 3231 cunctati

2199 3265 2334 3330 (non
2358 3262 2513 3316 enim
2545 3268 2777 3333 tempus
2807 3266 2994 3318 terere
3024 3263 3252 3319 sinebat
3280 3263 3614 3319 sollicitudo
3637 3279 3831 3320 rerum

2198 3349 2610 3419 Occiduarum)
2641 3351 2841 3406 statim
2872 3367 2935 3406 se
2956 3351 3258 3423 accingere
3285 3357 3587 3424 cmperunt
3635 3353 3706 3407 ad
3739 3370 3832 3408 so-

2197 3439 2450 3493 lemnem
2483 3440 2937 3495 coronationem.
2990 3440 3053 3496 In
3113 3458 3227 3512 qua
3277 3445 3519 3497 eventus
3577 3442 3834 3497 ostendit

2198 3526 2417 3583 frustra
2445 3532 2743 3600 speratum
2776 3528 2847 3583 ab
2873 3529 3181 3598 universis,
3215 3535 3299 3600 ut,
3335 3531 3834 3602 quemadmodum

2197 3620 2565 3685 convenerat,
2598 3617 2756 3688 prior
2776 3617 3149 3689 imperatorio
3207 3618 3540 3674 diademate
3593 3620 3837 3691 insigni-

2196 3707 2356 3759 retur
2397 3708 2455 3760 et
2495 3706 2796 3775 Augustus
2853 3706 3275 3762 acclamaretur
3331 3706 3829 3778 adolescentulus,

2196 3793 2539 3864 prasiretque
2562 3794 2787 3849 cunctis
2824 3794 2883 3849 in
2917 3810 3129 3866 pompa
3157 3794 3525 3866 triumphali,
3568 3812 3695 3867 quas
3725 3797 3833 3851 tali

2195 3880 2496 3937 occasione
2547 3883 2945 3938 coronationis
2974 3882 3392 3952 imperatorum
3418 3882 3830 3951 soletinstitui,

2196 3968 2537 4040 Paleologus
2570 3986 2698 4025 vero
2728 3974 2785 4026 et
2815 3971 2994 4040 hujus
3026 3971 3239 4041 conjux
3265 3972 3521 4026 secundo
3577 3975 3711 4043 post
3760 3971 3835 4026 il-

2194 4052 2320 4111 lum
2343 4057 2544 4112 ordine
2575 4059 2932 4129 procederet.

2266 4164 2318 4215 7.
2356 4164 2419 4219 Ut
2449 4167 2614 4234 pacta
2639 4167 2899 4237 conventa
2930 4166 2991 4219 in
3019 4168 3368 4222 coronatione
3398 4174 3764 4237 transgressus

2786 4235 2859 4290 sit
2889 4237 3251 4307 Palwologus.

2269 4320 2384 4375 Hoc
2414 4337 2546 4377 vero
2605 4323 2716 4377 fuit
2774 4324 3097 4396 impingere
3155 4326 3212 4379 in
3271 4324 3450 4381 limen
3510 4331 3567 4382 et
3622 4344 3655 4381 a
3715 4327 3836 4397 pri-

2201 4410 2315 4463 mis
2373 4410 2643 4466 aberrare
2696 4413 3029 4469 carceribus
3088 4429 3190 4484 per
3242 4414 3442 4469 dolum
3497 4419 3555 4469 et
3601 4415 3833 4472 foederis

446 4498 645 4554 omnia
679 4498 1025 4553 auctoritate
1051 4514 1116 4552 ac
1148 4497 1432 4568 sapientia
1456 4498 1824 4567 majestatem
1857 4498 2089 4570 imperii
2124 4488 2165 4552 D
2196 4496 2644 4566 infractionem;
2706 4517 2773 4555 ex
2827 4518 2943 4572 quo
2999 4502 3146 4557 fcedo
3195 4502 3477 4574 principio
3536 4504 3596 4558 in
3654 4520 3830 4574 quem

449 4588 687 4642 decente
713 4586 1037 4652 constituit,
1072 4590 1127 4641 et
1158 4587 1226 4641 ad
1261 4587 1634 4642 securitatem
1678 4586 1737 4640 in
1786 4592 2082 4657 posterum

450 4675 740 4749 praesidiis
769 4674 996 4729 idoneis
1030 4674 1300 4730 ﬁrmavit.
1336 4674 1688 4730 Imminebat
1729 4676 1881 4730 enim
1915 4676 1972 4731 in
1997 4694 2083 4731 re-

456 4781 585 4821 rum
616 4763 1007 4819 Occiduarum
1038 4778 1259 4831 curam,
1313 4780 1447 4819 cum
1499 4780 1611 4819 non
1651 4763 1948 4835 ignoraret
1998 4766 2085 4819 in-

450 4856 614 4911 hiare
645 4856 817 4908 rebus
849 4853 1013 4908 novis
1044 4852 1143 4921 qui
1176 4852 1493 4922 plurimum
1534 4854 1653 4910 illic
1710 4859 1998 4926 poterant,
2032 4862 2089 4911 et

448 4945 523 5001 ad
554 4941 989 4998 detrectandum
1006 4939 1354 5010 obsequium
1371 4941 1698 5013 jugumque
1711 4942 1901 5013 palam
1917 4960 2087 4999 excu-

445 5033 714 5090 tiendum
730 5029 872 5084 nihil
898 5029 1009 5083 nisi
1025 5027 1393 5082 commodam
1415 5030 1774 5085 occasionem
1790 5038 2087 5102 exspecta-

445 5119 803 5179 re.lndidem
843 5117 1019 5171 etiam
1050 5114 1272 5187 legatos
1294 5117 1365 5171 ad
1399 5117 1601 5171 Persas
1653 5119 1848 5185 misit;
1876 5120 2086 5189 partim

454 5214 521 5265 ut
542 5208 658 5264 illis
688 5205 1047 5279 significaret
1075 5220 1243 5259 suam
1266 5205 1621 5260 evectionem
1664 5206 1723 5261 in
1756 5206 2087 5277 imperium,

449 5314 580 5370 quae
609 5301 774 5369 grata
804 5294 948 5366 ipsis
980 5293 1090 5347 fuit
1120 5293 1193 5347 ob
1225 5292 1475 5364 priorem
1517 5294 1645 5364 ejus
1704 5295 1973 5349 notitiam
2033 5302 2088 5351 et

455 5384 771 5443 amicitiam
802 5386 1090 5450 veterem;
1116 5381 1329 5451 partim
1362 5386 1427 5435 ut
1457 5381 1675 5437 sultani
1708 5383 1971 5453 qumdam
2000 5383 2088 5437 in-

448 5474 633 5529 terius
659 5468 1244 5526 communicarentde
1267 5470 1440 5524 modo
1461 5474 1519 5524 et
1533 5470 1724 5525 causis
1751 5471 2090 5525 mutationis

448 5564 603 5620 100
620 5579 806 5634 nuper
821 5561 1181 5631 factw,quem
1196 5558 1362 5616 illum
1388 5566 1713 5618 averterent
1729 5578 1761 5617 a
1777 5562 2086 5617 metuendo

2196 4585 2373 4641 finem
2405 4587 2674 4658 proclivis
2705 4596 2859 4644 esset
2890 4590 3204 4663 prolapsio,
3264 4608 3433 4648 nemo
3510 4593 3626 4648 fere
3697 4610 3833 4665 pru-

2196 4676 2460 4730 dentium
2494 4693 2606 4732 non
2666 4678 2972 4735 sentiebat.
3031 4680 3248 4736 Verum
3297 4683 3682 4754 praeoccupati
3731 4684 3829 4739 be-

2198 4765 2422 4820 neficiis
2452 4769 2509 4820 et
2539 4768 2807 4838 suspensi
2842 4770 3059 4839 spebus
3117 4769 3379 4841 plerique
3436 4773 3829 4842 potentiorum

2198 4857 2545 4909 tacuerunt:
2577 4855 2809 4925 linguas
2840 4857 2995 4911 enim
3043 4859 3329 4927 omnium,
3373 4861 3676 4930 perpaucis
3736 4878 3829 4916 cx-

2201 4942 2403 5013 ceptis,
2436 4943 2757 4999 ambitiosa:
2782 4944 3117 5015 largitiones
3146 4947 3541 5017 devinxerant,
3576 4953 3641 5004 ut
3672 4950 3837 5020 quid-

2199 5030 2286 5083 vis
2317 5030 2473 5085 taciti
2506 5031 2748 5087 ferrent.
2780 5032 3025 5096 Quidam
3057 5033 3231 5088 etiam
3257 5051 3289 5089 a
3320 5040 3480 5105 parte
3512 5037 3675 5106 pueri
3707 5053 3833 5107 quas

2202 5134 2315 5171 non
2345 5118 2649 5173 voluerant
2672 5120 2851 5190 passi,
2886 5121 3251 5176 dulcedinem
3306 5122 3573 5178 vindicta:
3622 5140 3828 5195 quam-

2201 5206 2333 5261 dam
2368 5208 2760 5276 degustabant
2790 5209 2849 5263 in
2881 5210 3258 5279 depressione
3287 5209 3396 5264 filii
3453 5212 3581 5281 ejus
3626 5228 3659 5266 a
3717 5228 3830 5282 quo

2201 5311 2263 5350 se
2296 5296 2530 5349 affectos
2558 5295 2773 5364 injuria
2802 5298 3104 5367 putabant.
3138 5300 3322 5362 Quare
3378 5298 3486 5354 hoc
3533 5299 3679 5369 ipsis
3733 5302 3827 5370 ju-

2200 5384 2457 5438 cundum
2491 5383 2805 5440 accidebat.
2828 5385 3160 5441 Patriarcha
3190 5392 3348 5441 totus
3378 5385 3726 5441 incumbens
3757 5389 3826 5442 ad

2201 5473 2551 5543 sperandum
2585 5462 3163 5543 quodhoptabat,rata
3192 5473 3456 5528 videlicet
3502 5479 3668 5545 pacta
3699 5491 3826 5530 con-

2201 5565 2371 5616 venta
2400 5560 2455 5614 in
2481 5576 2712 5616 summa
2745 5561 2823 5616 rei
2856 5562 2995 5631 fore,
3030 5562 3172 5617 nihil
3207 5563 3263 5617 in
3326 5562 3417 5617 his
3476 5577 3825 5634 magnopere
