4154 6286
325 374 429 429 537

1397 378 1483 430 DE
1523 378 1890 432 MICUAELE
1928 376 2366 432 ΡΑωοιορο
2403 379 2534 431 LIB.
2578 379 2650 430 ῙῙ.

3608 379 3713 433 538

324 492 715 569 συγκειμένων,
774 493 863 548 καὶ
918 493 1069 549 οὐδέν
1121 517 1171 550 τι
1229 495 1627 572 προσεξηρεύνα
1660 539 1673 553 .
1733 499 1966 559 Ἐκεῖνος
1996 500 2049 566 Α
2078 518 2141 571 γε
2168 504 2267 565 τῆς
2298 497 2583 573 γερουσίας
2602 498 2742 559 τινες
2774 497 2863 551 καὶ
2905 496 3310 568 προσηπείλουν
3357 502 3538 561 κακῶς
3585 498 3710 572 δρᾷν

328 582 371 600 ἣν

325 582 379 638 δέ
430 604 541 636 τισι
574 586 680 636 τῶν
727 582 1028 657 ἀρχιερέων
1066 586 1126 637 τὸ
1158 586 1373 657 σκέμμα
1402 586 1824 656 κοινωσάμενος,
1880 586 1970 639 καὶ

325 673 397 732 ὡς
433 670 532 725 οὐκ
563 670 707 742 ἄξιον
740 667 823 741 εἷή
873 669 1027 725 παιδὶ
1080 669 1188 726 ὄντι
1236 673 1324 726 καὶ
1362 675 1461 742 τὴν
1514 672 1732 741 ἡλικίαν
1790 674 1973 730 ἀτελεῖ

320 761 420 827 τὴν
495 766 595 825 τῆς
674 758 947 833 βασιλείας
1022 760 1296 815 ταινίωσιν
1356 759 1863 836 προδεδέχθαικαί
1919 766 1970 817 o't

321 842 735 922 προϐεϐηκότος
784 844 893 917 ἤδη
955 850 1045 903 καὶ
1101 850 1190 904 τὸν
1256 850 1373 922 βίον
1433 850 1886 927 κατατετριφότος
1920 850 1970 904 ἐν

322 936 602 1012 πράγμασι
640 937 997 1011 προηγεῖσθαι
1049 936 1100 990 ἐν
1162 932 1452 1012 Θριάμϐοις
1510 938 1598 992 καὶ
1652 938 1968 1011 εὐφημίαις,

321 1024 532 1100 ἰθάρῥει
567 1018 749 1077 λαϐὼν
811 1024 1157 1099 ὑποσχέσεις,
1200 1026 1273 1085 ὡς
1320 1027 1408 1079 καὶ
1458 1025 1649 1087 αὐτοὺς
1694 1028 1967 1096 ἀξιοῦντας

321 1116 489 1167 ταῦτα
528 1110 619 1166 καὶ
665 1112 739 1172 ὡς
788 1109 1021 1175 δικαίοις
1078 1115 1504 1185 προσκειμένους
1560 1120 1675 1175 τοῖς
1734 1114 1968 1190 λεγομέ-

323 1221 440 1262 νοις
486 1198 626 1273 ἔχειν
675 1200 767 1254 καὶ
815 1201 906 1254 τὸν
957 1201 1301 1276 πατριάρχην
1363 1204 1679 1273 συμπείθειν
1731 1204 1824 1265 τὰς
1883 1204 1969 1257 ἐπὶ

320 1295 403 1360 τῷ
460 1286 606 1342 παιδὶ
669 1288 992 1363 ἀναρρήσεις
1035 1290 1169 1363 πρὸς
1230 1291 1291 1344 τὸ
1349 1292 1521 1362 παρὸν
1572 1286 1968 1346 ἀναϐάλλεσθαι

320 1378 397 1439 ὡς
471 1375 733 1451 ἐγκαίρως
807 1379 1314 1449 ταινιωθησομένῳ.
1390 1376 1584 1434 Ε’ίπετο
1645 1376 1701 1433 δὲ
1759 1379 1967 1441 πάντως

320 1465 585 1535 ἐντεῦθεν,
618 1464 668 1518 εἴ
699 1466 772 1536 μή
813 1463 1110 1538 βασιλικῶς
1161 1469 1434 1541 στέφοιτο,
1483 1469 1577 1522 κάν
1630 1474 1746 1530 ταῖς
1806 1468 1969 1545 εὐφη-

323 1554 476 1625 μίαις
506 1553 592 1607 καὶ
639 1558 795 1607 πᾶσιν
848 1553 1049 1629 ἑτέροις
1098 1560 1193 1610 τοῦ
1250 1554 1356 1627 ἤδη
1416 1556 1791 1621 ταινιωοέντος
1840 1560 1969 1612 καθ⁴

319 1646 588 1714 υστερεῖν.
622 1640 773 1709 Πλὴν
807 1643 1084 1719 σοφιστέον
1120 1641 1302 1717 ἔλεγον
1339 1646 1435 1713 τὴν
1491 1644 1822 1718 ἐγχείρησιν,
1881 1645 1969 1699 καὶ

320 1731 439 1800 ἅμα
468 1728 813 1801 τελουμένων
846 1732 1095 1801 κινητέον
1124 1732 1191 1787 τά
1236 1734 1356 1807 περὶ
1410 1734 1625 1789 τούτου.
1685 1734 1833 1796 ὅπως
1892 1735 1968 1805 μὴ

2078 586 2140 639 τὸ
2164 582 2380 639 παιδίον
2410 585 2499 640 καὶ
2533 583 2877 661 διαχρᾶσθαι,
2928 586 2974 640 εἰ
3002 583 3189 649 ἄλλως
3216 587 3469 658 πράττεις
3510 590 3544 655 ἡ
3592 588 3715 642 Ἐκ-

2078 672 2281 743 κλησία
2315 673 2592 749 βούλοιτο.
2639 674 2807 749 Λόγοι
2855 679 2980 748 γοῦν
3034 674 3298 751 ἐγένοντο,
3339 674 3426 729 καὶ
3475 673 3721 751 διεφιλο-

2079 762 2307 818 νείκουν.
2340 765 2394 815 Ὁ
2423 760 2478 816 δὲ
2506 762 2851 837 πατριάρχης
2903 763 2953 817 ἐν
3001 763 3287 837 ἀμηχανίᾳ
3343 763 3432 835 ἦν,
3474 766 3561 819 καὶ
3619 765 3721 819 οὐκ

2082 851 2222 923 εἶχεν
2257 853 2337 911 οἷς
2369 851 2713 925 προστεθείη,
2748 853 3071 925 Παρήρχετο
3116 855 3151 920 ἡ
3208 853 3408 924 ἡμέρα,
3456 853 3544 907 καὶ
3578 874 3720 925 συμ-

2081 943 2275 1015 φωνεῖν
2323 938 2418 992 οὐκ
2469 940 2640 1011 εἶχον.
2688 938 2866 1000 Μόλις
2926 937 3014 993 οὖν
3068 938 3158 992 καὶ
3206 940 3339 1010 μετά
3373 941 3471 1008 τὴν
3497 940 3717 1008 πολλὴν

2081 1024 2503 1104 διαφιλονεικίαν
2539 1028 2589 1080 οἳ
2628 1026 2901 1101 ἀρχιερεῖς
2947 1027 3137 1089 πάντες
3179 1026 3325 1097 πλήν
3374 1049 3534 1083 τινων
3586 1030 3717 1083 ὑπο-

2078 1113 2375 1170 κλίνουσιν.
2410 1118 2601 1171 Ἠσανν
2634 1113 2678 1167 δ’
2710 1116 2856 1169 οὗτοι
2890 1113 3234 1191 Ἀνδρόνικος
3268 1116 3295 1169 6
3325 1120 3432 1171 τῶν
3466 1114 3714 1190 Σάρδεων

2078 1203 2166 1257 καὶ
2199 1202 2463 1271 Μανουήλ
2496 1204 2522 1256 ὁ
2554 1203 2948 1272 Θεσσαλονίκης
2982 1205 3009 1258 ὁ
3037 1202 3335 1274 τούπίκλην
3389 1210 3579 1279 Ψαρᾶς
3624 1207 3715 1259 καὶ

2079 1292 2398 1353 Δισύπατος.
2459 1290 2611 1347 Ἀλλ’
2670 1294 2696 1345 6
2751 1293 2857 1346 τῶν
2920 1290 3166 1367 Σάρδεων
3218 1294 3331 1364 ἅμα
3380 1298 3458 1364 τῷ
3498 1294 3588 1347 τὸν
3620 1315 3718 1348 πα-

2075 1384 2347 1455 τριάρχην
2379 1386 2663 1449 πεισθῆναι
2690 1380 2777 1433 καὶ
2806 1380 2964 1442 αὐτὸς
3016 1380 3372 1450 συνεπείθετο,
3420 1380 3487 1435 τα
3532 1380 3718 1436 πολλὰ

2080 1463 2501 1540 συμϐαλομένου
2530 1470 2597 1539 τῇ
2626 1467 2901 1522 καταθέσει
2949 1473 3045 1523 τοῦ
3092 1475 3191 1537 τῆς
3238 1469 3374 1524 κατὰ
3417 1471 3516 1537 τήν
3568 1471 3716 1544 Ὀρε-

2080 1553 2268 1610 στιάδα
2332 1553 2838 1629 Ἀδριανουπόλεως
2901 1561 3198 1631 Γερμανοῦ,
3258 1551 3335 1610 ἔτι
3388 1554 3445 1611 δὲ
3502 1564 3714 1633 Γρηγο-

2081 1645 2198 1718 ρίου
2253 1648 2348 1697 τοῦ
2409 1644 2672 1718 Ἀγκύρας
2728 1644 2817 1697 καὶ
2863 1648 2958 1698 τοῦ
2987 1643 3314 1719 Μελαγγίων
3374 1645 3714 1701 Κωνσταντί-

2373 1728 2418 1748 λθ

2078 1752 2193 1787 νου.
2252 1732 2309 1786 Ὁ
2370 1728 2423 1785 δέ
2472 1733 2521 1804 γ’
2568 1730 2790 1803 Ἐφέσου
2839 1730 3147 1808 Νικηφόρος
3182 1727 3419 1801 εὖλαϐἠς
3469 1730 3541 1786 ὢν
3576 1734 3712 1807 ἀνὴρ

314 1819 411 1872 καὶ
443 1818 875 1892 προαισθόμενος
929 1821 990 1873 τὸ
1046 1820 1237 1896 στέφος
1272 1818 1457 1875 δώσων
1515 1821 1610 1882 τὰς
1665 1820 1969 1883 ταινιώσεις
2004 1820 2167 1920 Βκαὶ
2235 1820 2422 1892 τίμιος
2504 1819 2610 1893 οὐχ
2662 1818 2871 1874 ὑπενόει
2927 1819 2988 1874 τὸ
3048 1820 3484 1893 ὑπορυττόμένον
3532 1821 3605 1883 ὡς
3660 1821 3709 1877 ἐν

2084 1907 2098 1925 9

317 1907 636 1982 ὁπέρθοιτο.

319 2015 390 2083 η’.
452 2013 638 2073 Ὅπως
687 2011 912 2090 ἐστέφθη
964 2016 991 2068 6
1049 2012 1430 2090 Παλαιολόγος
1485 2016 1573 2071 καὶ
1633 2017 1694 2070 τὸ
1745 2014 1963 2072 παιδίον

968 2086 1316 2162 παρεωράθη.

399 2174 482 2243 [Ρ.
530 2173 621 2243 65]
669 2176 767 2228 Ἦν
809 2178 998 2241 ταῦτα,
1046 2173 1133 2229 καὶ
1180 2177 1214 2243 ἡ
1260 2175 1419 2246 κυρία
1447 2179 1553 2230 τῶν
1581 2177 1803 2249 ἡμερῶν
1832 2198 1964 2251 παρ-

321 2266 412 2329 ῆν,
442 2260 532 2313 καὶ
562 2261 715 2313 πάντ’
747 2261 979 2335 εὐτρεπῆ
1029 2262 1183 2333 ἦσαν,
1229 2263 1316 2317 καὶ
1366 2265 1638 2339 ἀρχιερεῖς
1691 2264 1784 2325 τὰς
1840 2285 1964 2319 στο-

320 2346 420 2409 λὰς
450 2346 688 2412 ένδόντες
714 2348 810 2410 τὰς
841 2350 989 2423 ἱερὰς
1029 2350 1163 2423 πρὸς
1194 2352 1256 2405 τὸ
1305 2351 1370 2405 τά
1410 2341 1507 2420 τῆς
1553 2349 1778 2421 τελετῆς
1820 2351 1965 2427 ἐνερ-

326 2439 439 2509 γεῖν
481 2435 709 2507 ἑτοίμως
757 2438 929 2510 εἶχον,
982 2439 1071 2491 καὶ
1119 2438 1245 2499 τοὺς
1296 2438 1680 2513 βασιλεύοντας
1711 2441 1961 2513 περιέμε-

331 2541 438 2575 νον.
499 2521 644 2579 Ἀλλ’
702 2522 896 2587 εὐθέως
933 2530 1160 2580 κινεῖται
1186 2528 1247 2581 τὸ
1307 2527 1541 2599 σκέμμα,
1601 2527 1687 2581 καὶ
1743 2530 1958 2601 ταραχή

325 2608 413 2678 ἦν,
444 2615 550 2665 τῶν
586 2612 681 2683 μὶν
711 2616 899 2685 ταῦτα,
930 2617 1034 2668 τῶν
1066 2611 1111 2669 δ’
1160 2614 1335 2670 ἐκεῖνα
1390 2614 1678 2689 λεγόντων.
1730 2619 1842 2669 Τῶν
1905 2614 1961 2669 δέ

333 2823 589 2880 serutari
619 2823 826 2894 voluit;
862 2826 1016 2882 unde
1047 2843 1151 2883 nec
1181 2828 1296 2884 nisi
1336 2845 1462 2884 sero
1494 2830 1633 2900 quid
1668 2834 1967 2900 pararetur

331 2911 540 2966 sensit.
559 2911 909 2985 Palazologus
927 2919 1119 2970 autem
1140 2920 1321 2971 totam
1339 2917 1463 2986 jam
1482 2921 1616 2973 ante
1634 2917 1967 2974 machinam

331 3016 473 3055 cun:
496 3000 840 3071 quibusdam
861 3002 1190 3057 antistitum
1208 3005 1351 3058 101
1373 3004 1483 3059 sibi
1504 3004 1689 3075 magis
1702 3005 1965 3060 obnoxiis

329 3094 762 3159 composuerat,
791 3089 941 3145 clam
973 3089 1132 3161 ipsos
1154 3091 1521 3159 conveniens,
1546 3096 1603 3147 et
1625 3093 1776 3147 factu
1808 3093 1964 3148 indi-

324 3194 518 3249 gnum
559 3179 999 3251 absurdumque
1030 3180 1335 3236 afﬁrmans
1376 3182 1682 3253 puerulum
1723 3183 1965 3238 rationis
1998 3218 2040 3285 Ο

318 3268 487 3323 haud
521 3273 845 3339 compotem
871 3274 1119 3341 augusto
1143 3269 1487 3332 diademate,
1514 3272 1856 3327 ceremonia
1878 3290 1963 3328 re-

312 3355 730 3426 ligiosissima,
752 3356 1088 3412 celebritate
1112 3357 1479 3428 amplissima
1500 3359 1777 3430 decorari,
1802 3360 1965 3430 plau-

313 3460 548 3514 susque
569 3448 626 3499 et
648 3445 1138 3501 acclamationum
1165 3450 1385 3517 primas
1408 3448 1575 3517 ferre,
1600 3464 1661 3504 se
1684 3465 1814 3504 vero
1836 3453 1969 3504 aeta-

313 3533 386 3587 tis
410 3533 692 3603 perfectae
712 3533 927 3599 virum,
945 3539 1067 3590 tota
1089 3536 1204 3589 vita
1224 3535 1494 3607 gerendis
1516 3536 1763 3607 negotiis
1787 3537 1969 3592 maxi-

312 3621 437 3677 mis
468 3623 699 3688 tritum,
727 3620 1015 3676 asseclam
1046 3621 1248 3678 larvati
1281 3629 1621 3679 ornamento
1648 3624 1968 3696 incongrue

306 3707 607 3765 infantnli
638 3708 868 3764 traduci
895 3709 1054 3781 regia
1083 3726 1297 3781 pompa
1320 3716 1376 3767 et
1398 3710 1569 3783 plane
1593 3712 1966 3783 triumphari.

300 3796 550 3860 Quibus
592 3795 675 3851 illi
729 3813 790 3853 se
839 3814 1148 3868 persuasos
1192 3799 1356 3865 fassi,
1393 3801 1836 3871 spoponderunt
1865 3802 1969 3857 da-

301 3889 483 3941 turos
520 3900 757 3955 operam
789 3890 854 3940 ut
890 3886 1225 3956 patriarcha
1273 3887 1647 3943 coronatione
1695 3889 1858 3959 pueri
1910 3890 1969 3945 in

304 3988 589 4045 praesens
629 3975 1059 4045 supersederet,
1081 3974 1273 4047 specie
1304 3974 1464 4030 illius
1496 3975 1553 4030 in
1581 3981 1815 4048 tempus
1847 3994 1969 4034 ma-

306 4062 407 4133 gis
432 4066 838 4132 opportunum
867 4063 1223 4118 differendae.
1249 4067 1425 4117 Porro
1450 4079 1813 4135 consequens
1835 4066 1969 4122 hinc

303 4151 589 4206 futurum
610 4154 692 4216 ut,
710 4151 758 4205 si
782 4167 925 4221 puer
942 4167 1008 4206 ea
1025 4152 1117 4206 die
1136 4168 1251 4206 non
1270 4158 1578 4207 ornaretur
1596 4152 1971 4224 imperatoria

304 4253 566 4307 corona,
597 4237 656 4292 in
691 4238 910 4294 honore
949 4239 1389 4295 acclamationis
1420 4246 1477 4295 et
1508 4245 1755 4296 cunctus
1784 4242 1839 4296 id
1873 4259 1969 4313 ge-

301 4346 426 4384 nus
463 4326 868 4396 auspiciorum
892 4345 958 4383 ac
980 4328 1206 4398 jurinm
1233 4329 1627 4400 praerogativis
1659 4331 1896 4386 omnino
1919 4332 1967 4386 ei

302 4418 784 4485 subjungeretur
814 4417 907 4472 cui
953 4416 1062 4471 soli
1095 4434 1160 4472 ea
1194 4418 1527 4472 celebritate
1560 4419 1827 4473 diadema
1860 4419 1968 4473 im-

302 4503 463 4576 perii
515 4502 784 4573 angustis
834 4503 1044 4558 ritibus
1094 4509 1247 4559 esset
1297 4505 1658 4576 impositum.
1683 4510 1966 4561 Caeterum

303 4592 621 4647 addebant
647 4592 955 4660 ﬁniendum
1006 4597 1127 4647 arte
1159 4609 1223 4647 ac
1254 4593 1703 4663 gubernandum
1758 4610 1967 4649 arcano

304 4678 577 4735 consilio
612 4680 932 4749 negotium,
966 4697 1068 4735 nec
1102 4680 1264 4751 prius
1293 4684 1361 4736 de
1399 4681 1500 4736 tali
1532 4699 1590 4736 re
1620 4681 1965 4736 hiscendum

301 4784 502 4839 quam
538 4766 658 4835 jam
694 4766 962 4823 inchoata
1002 4769 1331 4823 communis
1364 4768 1829 4840 inaugurationis
1860 4786 1967 4823 cae-

302 4854 611 4918 remonia,
648 4871 718 4909 ne
763 4860 1112 4925 praemature
1151 4857 1291 4926 quid
1344 4862 1667 4911 strueretur
1713 4856 1967 4913 sentiens

299 4948 355 4999 is
393 4943 507 5014 qui
552 4942 824 4998 diadema
863 4948 987 4997 erat
1018 4943 1426 5014 impositurus,
1460 4948 1637 4997 totam
1668 4944 1967 5000 solemita-

303 5036 437 5086 tem
476 5034 537 5084 et
568 5047 636 5084 ex
676 5047 839 5101 aequo
886 5032 1321 5087 coronationcm
1354 5033 1663 5102 utriusque
1695 5032 1963 5088 differen-

305 5118 455 5172 dam
496 5117 555 5170 in
586 5122 821 5189 tempus
853 5117 1009 5173 aliud
1043 5119 1397 5174 decerneret.

381 5224 446 5277 8.
490 5223 555 5280 Ut
595 5224 929 5295 Palwologus
957 5234 1265 5296 coronatas,
1294 5242 1436 5296 puer
1460 5242 1584 5282 vero
1616 5226 1891 5296 despectus

1044 5295 1244 5369 fuerit.

377 5380 493 5435 His
520 5380 575 5434 in
600 5380 756 5437 hunc
780 5384 1019 5438 modum
1043 5382 1395 5450 constitutis,
1415 5384 1600 5439 adfuit
1623 5385 1777 5438 dicta
1801 5401 1960 5439 coro-

303 5470 547 5524 nationi
586 5470 730 5539 dies,
750 5478 961 5526 cuncta
990 5476 1155 5527 erant
1194 5472 1264 5525 ad
1307 5473 1703 5527 czeremoniam
1736 5476 1958 5543 parata,

297 5556 508 5613 sacris
539 5558 725 5613 induti
749 5561 1006 5614 vestibus
1032 5559 1305 5629 praesules
1328 5560 1385 5612 in
1415 5560 1711 5629 procinctu
1737 5559 1959 5631 religio-

297 5661 386 5701 διε
425 5645 749 5703 {unctionis
800 5650 1036 5704 stabant
1075 5653 1131 5704 et
1180 5653 1474 5719 Augustos
1522 5650 1953 5722 exspectabant,

2072 1906 2343 1978 ἁπλότητι
2402 1912 2530 1978 ζῶν,
2588 1907 2675 1962 καὶ
2738 1907 2890 1969 εὐθὺς
2949 1911 3301 1983 συνυπηγετο.
3363 1910 3523 1966 Τοῦτ’
3578 1908 3712 1964 ἔπα-

2072 2017 2205 2071 σχον
2263 1996 2351 2051 καὶ
2411 1994 2575 2050 ἄλλοι
2625 1984 2847 2052 πολλοί.
2905 1998 2959 2049 Ὀ
2989 1993 3044 2050 δὲ
3078 1997 3422 2071 πατριάρχης
3446 1996 3581 2071 ἔγνω
3617 2000 3712 2070 μὲν

2073 2084 2386 2155 ἀπατηθεὶς,
2435 2084 2533 2139 οὐκ
2580 2085 2695 2159 εἶχε
2754 2082 2810 2138 δὲ
2866 2084 2895 2139 6'
2948 2106 3001 2139 τι
3058 2085 3287 2158 πράττοι
3343 2082 3563 2154 πολλῆς
3609 2093 3709 2155 τῆς

2072 2172 2309 2247 ἀνάγκης
2374 2174 2726 2247 περιστάσης.
2800 2173 2899 2226 Καὶ
2976 2171 3042 2241 δὴ
3121 2173 3532 2249 καθυπέγραφον
3611 2176 3704 2246 μὲν

2071 2259 2223 2315 οὗτοι
2280 2260 2346 2315 τὰ
2400 2260 2728 2334 ἐγνωσμένα,
2785 2266 2865 2332 τῷ
2918 2258 2974 2314 δέ
3030 2281 3092 2335 γε
3148 2259 3543 2331 Θεσσαλονίκης
3593 2260 3705 2317 οὐδ’

2071 2350 2303 2404 ἄκουστά
2350 2350 2500 2403 ταῦτ’
2556 2349 2713 2417 ἦσαν,
2768 2346 2898 2420 μηδ’
2940 2346 3125 2421 ἄκροις
3174 2348 3275 2403 ὠσὶ
3324 2347 3567 2421 δέξασθαι
3614 2370 3707 2404 κα-

2067 2436 2421 2511 ταδεχομένῳ
2455 2457 2466 2471 ο
2540 2438 2630 2491 τὸν
2697 2437 2798 2511 γὰρ
2854 2442 2953 2504 τῆς
3015 2435 3289 2510 βασιλείας
3347 2437 3699 2512 κληρονόμον

2069 2530 2284 2598 πρῶτον
2339 2525 2494 2595 ἠξίου
2553 2525 2604 2579 έν
2664 2529 2790 2578 πᾶσι
2838 2522 3135 2600 γίγνεσθαι.
3168 2526 3255 2586 Ὡς
3288 2522 3345 2578 δὲ
3372 2525 3435 2579 τὸ
3468 2527 3701 2596 Μάρπου

2074 2615 2535 2686 ὑπεμιμνήσκετο,
2594 2613 2679 2667 καὶ
2738 2614 2969 2685 πέμπων
3022 2614 3049 2666 6
3104 2612 3403 2688 βασιλεύων
3449 2616 3706 2669 κατωνεί-

2078 2844 2211 2883 cum
2234 2809 2867 2898 ecceiinopinatissime
2897 2825 3241 2897 proponitur
3270 2826 3411 2897 quid
3442 2825 3709 2882 Palaeolo-

2076 2932 2187 2988 gus
2243 2931 2474 2986 aequum
2535 2917 2787 2970 censeat.
2837 2914 3131 2969 Turbatur
3187 2913 3409 2981 statim,
3451 2918 3507 2970 et
3554 2914 3709 2970 varie

2076 3020 2347 3059 murmur
2374 3001 2591 3074 gliscit,
2618 3002 2740 3058 bzec
2771 3003 3162 3074 quorumdam
3204 3002 3451 3058 aliorum
3484 3002 3596 3058 alia
3624 3003 3709 3058 lo-

2076 3093 2402 3163 quentium.
2441 3091 2663 3147 Auditae
2695 3093 2846 3147 inter
2875 3091 2997 3147 haec
3028 3091 3199 3147 minae
3231 3091 3645 3147 nonnullorum
3679 3107 3710 3146 e

2078 3180 2435 3251 senatn,vim
2460 3195 2637 3251 puero
2659 3180 3023 3235 inferendam
3041 3185 3099 3235 et
3113 3179 3291 3234 vitam
3314 3181 3711 3250 adimendam,

2079 3270 2128 3326 si
2150 3270 2529 3325 obﬁrmarent
2550 3268 2814 3324 animum
2836 3268 3117 3339 praesules
3138 3268 3197 3323 in
3220 3268 3460 3325 consilio
3488 3270 3615 3339 ejus
3632 3269 3715 3324 sic

2077 3359 2229 3413 102
2256 3357 2567 3412 immature
2588 3356 2927 3412 coronandi.
2952 3355 3269 3412 Miscentur
3289 3372 3712 3426 sermones,ar-

2078 3444 2261 3500 descit
2290 3445 2600 3516 contentio,
2620 3448 2827 3501 aestuat
2872 3444 3201 3515 patriarcha
3231 3444 3488 3499 incertus
3530 3445 3712 3500 animi

2078 3548 2254 3602 quam
2285 3532 2343 3586 in
2375 3537 2598 3603 partem
2620 3550 2682 3589 se
2708 3533 3053 3604 adjnngant.
3078 3530 3415 3588 Praeteribat
3437 3532 3582 3600 dies,
3609 3549 3713 3588 nec

2078 3619 2212 3675 finis
2241 3619 2671 3677 dissensionum
2701 3625 2839 3678 erat.
2862 3628 3030 3693 Egre
3053 3622 3286 3676 tandem
3311 3626 3443 3692 post
3465 3621 3710 3677 multam

2079 3706 2509 3763 contentionem
2532 3709 2819 3765 antistites
2839 3710 2908 3765 ad
2924 3708 3227 3778 Palseologi
3249 3708 3606 3764 desiderium
3630 3710 3714 3765 in—

2078 3796 2377 3853 clinantur
2405 3810 2628 3863 omnes,
2654 3798 2857 3867 paucis
2880 3798 3152 3870 exceptis.
3186 3798 3361 3852 Erant
3391 3796 3451 3851 hi
3484 3798 3711 3853 Andro-

2079 3884 2246 3941 nicus
2284 3884 2608 3950 Sardensis,
2642 3884 2872 3939 Manuel
2920 3884 3458 3939 Thessalonicensis
3501 3901 3713 3957 cogno-

2080 3977 2277 4029 mento
2308 3973 2539 4040 Psaras,
2570 3976 2626 4027 et
2656 3972 2987 4043 Disypatns.
3018 3972 3236 4026 Verum
3266 3971 3601 4041 Sardensis,
3633 3973 3712 4028 si-

2079 4060 2201 4115 mul
2232 4076 2298 4115 ac
2331 4058 2670 4130 patriarchae
2702 4058 2991 4113 sententia
3012 4057 3269 4129 plurium
3300 4074 3581 4128 persuasa
3601 4065 3708 4131 est,

2079 4153 2134 4203 et
2154 4149 2278 4219 ipse
2300 4147 2564 4216 accessit,
2583 4147 2833 4203 multum
2855 4147 2926 4202 ad
2952 4147 3129 4216 hujus
3151 4162 3455 4201 assensum
3478 4147 3709 4204 elicien-

2078 4237 2217 4291 dum
2249 4236 2580 4291 conferente
2603 4235 2889 4290 Germano
2920 4233 3327 4303 Adrianopolis
3358 4235 3425 4289 ad
3461 4234 3713 4292 Orestia-

2078 4328 2207 4381 dem
2258 4327 2548 4397 episcopo,
2596 4326 2773 4381 simul
2825 4326 3002 4381 etiam
3049 4323 3323 4394 Gregorio
3373 4326 3608 4395 Ancyrae
3654 4332 3711 4382 et

2076 4416 2453 4470 Constantino
2505 4414 2952 4484 Melangiorum.
2975 4414 3046 4466 At
3078 4410 3439 4481 Nicephorus
3468 4412 3712 4483 Ephesi-

2079 4522 2316 4576 nus,v1r
2336 4506 2466 4576 pius
2490 4509 2547 4559 et
2584 4505 2925 4572 honoratus,
2949 4520 3061 4574 prae
3095 4502 3297 4557 innata
3335 4502 3710 4574 simplicitate

2001 4575 2045 4638 D
2079 4610 2192 4648 non
2226 4575 2472 4664 pervidit
2504 4592 2643 4663 quid
2678 4590 2828 4647 clam
2864 4588 3209 4645 molirentur
3240 4589 3338 4660 qui
3370 4591 3489 4645 haec
3523 4608 3709 4647 move-

2077 4681 2500 4754 bant,ideoqne
2522 4679 2689 4735 facile
2711 4682 2931 4733 tractus
2963 4680 3019 4733 in
3044 4681 3238 4749 partes
3265 4682 3371 4749 est,
3396 4680 3548 4750 quod
3582 4681 3711 4738 aliis

2076 4770 2215 4825 item
2247 4770 2447 4824 multis
2477 4768 2768 4823 nsuvenit.
2802 4764 3200 4819 Patriarcham
3246 4781 3416 4836 porro
3446 4767 3709 4824 fraudem

2076 4858 2199 4912 fieri
2231 4875 2343 4911 non
2377 4856 2585 4911 latuit:
2620 4855 2720 4910 sed
2756 4854 2942 4908 facere
2974 4852 3129 4908 aliud
3166 4855 3442 4925 nequivit,
3468 4864 3711 4928 urgente

2075 4947 2333 5015 undique
2362 4942 2739 5013 insuperabili
2775 4942 3143 4997 necessitate.
3168 4943 3383 4998 Tamen
3415 4944 3471 4998 in
3506 4962 3709 5005 omnes

2074 5034 2548 5103 subscripserunt
2578 5032 2807 5085 decreto
2841 5030 3159 5100 communi,
3192 5030 3311 5087 solo
3343 5033 3712 5089 Thessaloniu

2072 5121 2232 5175 censi
2276 5138 2345 5175 ne
2393 5120 2749 5175 mentionem
2782 5118 3018 5189 quidem
3053 5119 3153 5187 rei,
3180 5136 3355 5189 quam
3404 5120 3707 5190 iniquissi-

2073 5225 2229 5262 mam
2261 5209 2523 5279 putabat,
2551 5207 2635 5262 vel
2668 5205 2869 5277 primis
2900 5206 3241 5262 admittente
3271 5208 3533 5262 auribus.
3558 5209 3702 5266 Nam

2070 5296 2297 5367 imperii
2342 5296 2552 5351 haeredi
2589 5293 3027 5366 praerogativam
3075 5293 3433 5365 principatus
3465 5312 3704 5350 servan-

2070 5384 2202 5438 dam
2237 5384 2293 5437 in
2326 5384 2595 5439 omnibus
2641 5381 3044 5437 contendebat.
3077 5383 3148 5434 At
3177 5397 3309 5435 cum
3340 5387 3496 5436 esset
3526 5383 3574 5436 ei
3608 5400 3701 5438 re-

2068 5476 2334 5525 vocatum
2370 5471 2425 5525 in
2462 5477 2711 5526 mentem
2737 5467 3078 5523 vocabulum
3115 5472 3362 5538 Marpov,
3389 5468 3699 5541 quodipsc

2067 5559 2209 5613 coelo
2243 5558 2488 5613 missum
2531 5559 2811 5626 audierat,
2845 5560 2900 5610 et
2931 5571 3032 5626 per
3081 5555 3293 5611 missos
3341 5556 3696 5629 Palaeologus

2068 5648 2472 5718 exprobrasset
2505 5647 2658 5701 haud
2692 5651 3115 5714 consequenter
3158 5643 3351 5714 ipsum
3385 5661 3575 5718 agere,
3598 5648 3696 5717 qui
