4182 6286
467 362 573 419 539

1764 359 2065 420 GEORGII
2105 362 2566 418 PACHYMERB

3747 360 3859 416 540

471 486 611 557 διζεν
644 487 719 549 ὡς
751 488 913 549 αὐτὸς
940 482 1022 556 εἴη
1057 486 1083 540 ὁ
1133 484 1523 563 προαγγέλλων
1574 487 1671 553 τὴν
1727 484 2001 561 βασιλείαν
2063 485 2114 539 ἐν
2144 489 2195 555 Α
2228 485 2580 559 προσέμενος,
2616 485 2739 542 ἀλλ’
2773 486 2823 556 ἐξ
2872 486 3107 561 ἀνάγκης
3138 484 3223 540 καὶ
3262 482 3351 559 βίᾳ
3395 487 3490 539 τοῦ
3543 481 3876 547 συνειδότος⁹

474 574 716 637 ἰδιώταις
762 573 838 630 ἔτι
882 575 1126 631 τελοῦντι
1180 580 1379 643 ζῶντος
1428 580 1524 629 τοῦ
1574 575 1861 649 βασιλέως,
1913 575 2113 636 ἐκεῖνος

471 666 560 719 καὶ
589 664 1039 740 προσωμολόγει,
1096 665 1187 719 καὶ
1245 661 1467 736 ἕτοιμον
1526 663 1709 718 ἑαυτὸν
1742 670 1974 738 παρεῖχε
2029 661 2114 717 δέ·

472 752 666 827 χεσθαί
694 772 753 807 τε
781 752 871 807 καὶ
904 752 1161 828 στέργειν,
1212 750 1362 824 εἷ’περ
1423 752 1475 806 ἐν
1526 753 1691 806 ἅπασι
1738 756 2040 826 προηγοῖτο
2090 751 2118 804 ὁ

472 843 608 897 κατᾶ
654 839 1031 915 κληρονομίαν
1069 840 1343 916 βασιλεύς.
1402 842 1489 904 Ὠς
1528 838 1574 894 δ’
1630 838 1814 911 ἐκείνῳ
1845 839 2116 914 παρίστων

470 930 561 983 καὶ
617 930 677 983 τὸ
728 927 945 985 παιδίον
1004 926 1452 1003 διερμηνεὺοντες
1519 927 1823 983 κατανεύειν
1878 927 1942 981 τὸ
1996 948 2119 982 ται-

471 1020 733 1087 νιωθῆναι
794 1017 957 1091 μόνον
1018 1018 1241 1086 ἐκεῖνον,
1300 1018 1389 1071 καὶ
1447 1017 1607 1071 αὑτὸν
1667 1016 2013 1091 ἀγαπᾷν,καὶ
2047 1012 2113 1083 δὴ

469 1110 639 1163 ταῦτα
686 1107 820 1183 πρὸς
867 1109 958 1162 τὸν
1005 1106 1263 1182 ἀρχιερέα
1304 1106 1565 1180 ψελλίζον
1614 1105 1797 1180 ἔλεγεν
1830 1106 1902 1159 ὡς
1953 1124 2116 1160 κατα-

477 1196 720 1272 δέχοιτο,
772 1197 820 1251 εἲ
872 1196 1035 1269 μόνον
1090 1196 1224 1250 αὐτὸ
1273 1196 1383 1267 ζῴη
1440 1192 1607 1267 μηδὲν
1653 1196 1822 1257 παθὸν
1865 1192 1923 1248 ἔκ
1972 1213 2119 1254 τινος

473 1289 556 1359 [Ρ.
609 1290 700 1358 66]
749 1283 977 1358 (πολλοὶ
1023 1286 1124 1360 γὰρ
1172 1284 1263 1338 καὶ
1310 1283 1575 1353 ἠπείλουν
1619 1283 2120 1353 προεξανίστασθαι,

474 1374 519 1429 εἰ
553 1374 864 1449 ἀντέχοιτο,
896 1373 987 1428 καὶ
1016 1374 1077 1427 τὸ
1108 1372 1371 1428 Κελτικὸν
1406 1371 1777 1446 πελεκυφόρον
1829 1374 2120 1447 περιεστὼς

472 1458 695 1533 ἕτοιμον
770 1460 837 1529 ἦν
907 1462 997 1515 καὶ
1071 1461 1205 1514 κατᾶ
1274 1459 1520 1535 φυλακὴν
1576 1460 1665 1514 καὶ
1717 1461 1832 1513 κατ’
1880 1459 2113 1524 ἐπίθεσιν

472 1551 746 1624 πράττειν,
809 1547 905 1625 εἴγ’
955 1548 1196 1624 ὀρισθείη
1249 1548 1394 1623 παρὰ
1439 1552 1545 1603 τῶν
1605 1546 1915 1619 δυναμένων
1952 1549 2116 1620 μάλι-

472 1640 614 1710 στα),
648 1639 675 1691 ὁ
708 1635 995 1712 ἀρχιερεὺς
1046 1635 1211 1711 ὀλίγα
1263 1641 1371 1690 τῶν
1418 1635 1565 1709 παρᾶ
1612 1639 1709 1689 τοῦ
1738 1634 1929 1697 παιδδς
1962 1634 2113 1713 λεγο,

477 1725 651 1799 μένων
684 1723 985 1802 φροντίζων
1044 1726 1159 1786 ὲνός
1215 1725 1280 1793 ἦν
1340 1726 1435 1777 τοῦ
1492 1722 1623 1799 ὑπὲρ
1655 1722 1859 1779 ἐκείνου
1899 1724 2114 1799 ἀντέχε-

473 1828 617 1879 σθαι.
668 1814 824 1872 Ἀλλ’
882 1814 1148 1889 ἀντίσχειν
1206 1814 1283 1877 εἷς
1337 1815 1494 1875 τέλος
1555 1814 1655 1868 οὑκ
1713 1815 1845 1888 εἶχε·
1906 1812 2108 1869 πολλοὶ

475 1903 575 1979 γὰρ
638 1904 727 1958 καὶ
775 1900 1195 1978 προσωνείδιζον
1250 1904 1337 1957 καὶ
1397 1901 1802 1977 προὺτρέπσντο
1846 1907 2117 1977 νεμεσῶν-

473 2013 582 2063 τες,
643 1993 687 2048 si
750 1992 913 2067 μόνος
972 1990 1132 2055 αὑτὸς
1174 1994 1341 2065 ὁμόσε
1394 1993 1675 2054 τοσούτοις
1708 1994 1949 2066 χωροίη.
1981 1993 2120 2049 Τότε

468 2084 755 2155 τοιγαροῦν
836 2081 1133 2158 ὑπογράφει
1205 2080 1449 2142 κάκεῖνος
1514 2081 1769 2144 πεισθείς,
1826 2082 1976 2149 Πλὴν
2039 2081 2115 2143 είς

468 2170 700 2239 πιθανήν
734 2167 994 2225 δοκοῦσαν
1030 2170 1354 2246 παραίτησιν
1411 2171 1472 2224 τὸ
1523 2168 1911 2242 ὁμοιοτρόπως
1940 2189 2114 2242 προσ-

470 2259 638 2321 έθετοο
697 2263 795 2313 τοῦ
852 2257 1047 2330 ὁμοίου
1104 2258 1204 2335 γὰρ
1264 2257 1350 2313 ἐπὶ
1409 2259 1708 2334 χειρίστοις
1759 2254 2112 2330 λαμϐανομέ-

465 2368 559 2402 νου
590 2346 734 2422 παρὰ
760 2350 839 2419 τῷ
882 2350 1108 2421 ποιητῇ,
1153 2347 1391 2424 ἐξέφῃνεν
1437 2347 1638 2409 ἐκεῖνος
1697 2346 1755 2401 ἐκ
1796 2345 1991 2401 τούτου
2048 2348 2107 2401 τὸ

465 2435 853 2512 ἀναγκαστικὸν
904 2436 993 2491 καὶ
1041 2438 1383 2512 κακότροπον
1440 2443 1538 2506 τῆς
1600 2438 1916 2513 ὑπογραφῆς
1956 2478 1969 2504 ,
2030 2436 2103 2497 ὡς

468 2526 566 2579 οὑκ
611 2524 662 2580 ἐν
708 2523 853 2598 καλῇ
902 2522 1115 2588 πάντως
1156 2526 1332 2579 πίστει
1376 2524 1464 2579 καὶ
1521 2523 1705 2599 χάριτι
1761 2525 1859 2592 τὴν
1912 2523 2100 2597 πρᾶξιν

465 2741 559 2797 οιιὶ
582 2740 725 2795 alias
751 2739 992 2812 privato,
1014 2744 1295 2811 regnante
1316 2739 1507 2794 adhuc
1529 2739 1706 2810 hujus
1731 2738 1891 2810 pueri
1916 2744 2102 2810 patre,

459 2828 776 2901 imperium
808 2827 1192 2899 praedixisset,
1216 2843 1370 2884 nunc
1395 2830 1515 2883 tam
1547 2826 1920 2898 pertinaciter
1949 2826 2104 2882 obsi-

470 2924 646 2974 steret
689 2918 1078 2974 necessariam
1129 2918 1359 2973 tuendae
1391 2916 1659 2988 dignitati
1708 2933 1829 2973 rem
1864 2915 2103 2988 petenti,

469 3005 759 3063 recordari
791 3022 853 3062 se
876 3005 975 3060 ille
1023 3021 1088 3061 ac
1136 3005 1403 3076 probare,
1428 3004 1592 3074 dixit,
1615 3007 1712 3061 sed
1755 3007 1838 3059 sic
1869 3005 2103 3059 demum

467 3093 771 3164 Palaeologi
806 3094 1009 3148 honori
1031 3093 1323 3158 assentiri,
1350 3092 1397 3147 si
1421 3093 1641 3161 primas
1662 3092 1813 3147 103
1838 3093 2104 3147 omnium

466 3184 642 3239 ferret
658 3182 756 3253 qui
775 3181 1140 3237 hareditario
1159 3180 1235 3235 im
1246 3180 1805 3251 peraretjure.Tunc
1819 3180 1917 3252 qui
1935 3198 2102 3253 agen-

2228 577 2296 631 "U
2324 572 2389 643 δὴ
2416 575 2478 629 τὸ
2539 578 2733 648 ὁμοῖον
2786 576 3073 645 ὑπέφηνεν·
3123 576 3312 647 ὁμοῖος
3358 572 3459 649 γὰρ
3491 571 3738 646 πόλεμος
3779 575 3871 629 καὶ

2230 665 2421 736 ὁμοῖον
2458 671 2631 738 γῆρας
2660 664 2736 737 τῷ
2765 668 2969 737 ποιητῇ
3022 661 3335 738 λελέχαται.

2302 754 2447 807 Ἐπεὶ
2480 758 2609 828 γοῦν
2649 754 2715 808 τὰ
2764 758 2862 819 τῇς
2916 750 3192 828 βασιλείου
3239 755 3462 819 τελετῆς
3508 750 3729 819 ἤνυσται
3775 752 3864 807 καὶ

2228 838 2333 896 ἔδει
2396 845 2599 917 χωρεῖν
2669 844 2794 902 τοὺς
2873 840 3187 918 στεφθέντας
3254 839 3388 911 πρὸς
3454 836 3519 891 τὰ
3575 837 3863 913 ἀνάκτορα,

2230 934 2570 1004 προηγοῦντο
2632 931 2726 1003 μὶν
2787 930 2838 983 o't
2892 930 2955 983 τὸ
3003 927 3193 1005 στέφος
3250 925 3550 999 δεξάμενοι,
3584 926 3861 999 μεθἐίπετο

2234 1017 2289 1073 δὲ
2320 1020 2379 1073 τὸ
2418 1017 2627 1073 παιδίον
2662 1019 2764 1072 οὐκ
2794 1018 2843 1072 ἐν
2878 1017 3052 1094 στέφει
3102 1017 3391 1091 βασιλικῷ,
3423 1013 3548 1070 ἀλλ’
3603 1014 3655 1071 ἐν
3716 1016 3854 1088 μόνῳ

2232 1108 2558 1185 κεκρυφάλῳ
2634 1103 2997 1180 ἡμιτυμϐίῳ,
3057 1106 3234 1169 λίθοις
3287 1103 3376 1159 καὶ
3440 1106 3737 1180 μαργάροις
3777 1125 3863 1160 κε·-

2230 1195 2585 1269 κοσμημένῳ.
2620 1200 2715 1251 Ἦν
2754 1192 2800 1250 δ’
2855 1194 3040 1266 ἐκείνῳ
3093 1193 3257 1267 μέλον
3292 1191 3449 1247 οὐδὲν
3504 1193 3581 1265 μὴ
3637 1198 3865 1262 νοοῦντι,

2228 1282 2450 1345 ἕκαστος
2509 1282 2565 1338 δὲ
2634 1285 2693 1338 τὸ
2758 1286 2874 1347 καθ’
2929 1283 3110 1337 ἑαυτὸν
3170 1284 3385 1337 σκοπῶν
3440 1281 3501 1336 οὑ
3553 1288 3865 1357 προσεῖχεν.

2230 1371 2471 1445 Ἔμελλε
2518 1370 2562 1426 δ’
2608 1371 2802 1435 αὐτοὺς
2846 1372 3059 1434 πάντως
3106 1373 3139 1440 ἡ
3184 1368 3307 1441 δίκη
3342 1370 3419 1431 εἷς
3476 1369 3537 1425 τὸ
3586 1370 3867 1443 μετέπειτα

2232 1462 2529 1534 μετελθεῖν,
2563 1462 2635 1524 ὠς
2668 1461 2995 1537 ἐγνώκαμεν.

2228 1570 2287 1625 0'.
2343 1572 2529 1630 Ὅπως
2580 1569 2839 1646 στεφθεὶς-
2872 1569 2898 1646 ὑ
2930 1564 3175 1646 ’Μιχαὴλ
3216 1566 3525 1646 ὑπεποιεῖτο
3568 1564 3692 1630 τοῦς
3720 1564 3859 1621 πολ-

2596 1637 2729 1701 λοὺς
2755 1643 2845 1694 καὶ
2875 1637 3063 1714 λόγοὶξ
3092 1640 3180 1693 καὶ
3214 1637 3487 1712 πράξεσιν,

2294 1729 2423 1783 Τότε
2454 1727 2510 1784 δὲ
2559 1727 2924 1801 ἀτημελήτως
2970 1728 3033 1782 τὸ
3081 1724 3295 1783 παιδίον
3322 1725 3502 1802 διάγον
3552 1724 3687 1800 πρὸς
3745 1745 3863 1781 παι-

2223 1819 2416 1891 γνίοις,
2468 1821 2531 1886 ἦν
2591 1816 2890 1890 παιδικοῖς,
2948 1818 3036 1872 καὶ
3095 1818 3122 1871 ὁ
3182 1814 3481 1892 βασιλεύων
3521 1811 3572 1869 ἐν
3607 1810 3863 1890 δημηγο-

2230 1908 2370 1980 ρίαις
2400 1914 2497 1976 τῆς
2530 1910 2738 1982 ἡμέρας
2788 1906 3069 1980 συχνάκις.
3102 1905 3218 1967 Εἶθ’
3275 1904 3489 1979 ὕστερον
3548 1902 3635 1957 καὶ
3693 1922 3863 1977 προσ-

2227 1994 2687 2070 φιλοτιμούμενος
2750 1993 2876 2056 τοὺς
2948 1992 3214 2061 πολλοὺς,
3288 1994 3422 2047 κατὰ
3499 1994 3658 2065 μέσον
3718 1996 3862 2062 σφῶν

2227 2083 2463 2159 ἐρῥιπτει
2520 2086 2610 2138 καὶ
2662 2083 2991 2160 ἀμφοτέραις
3045 2081 3294 2157 ἀργύρια.
3354 2083 3421 2138 Οἱ
3472 2079 3525 2135 δὲ
3556 2080 3862 2155 προσυλλέ-

2223 2192 2409 2246 γοντες
2438 2172 2704 2245 ἂνύμνουν
2739 2169 2896 2240 δῆθεν
2927 2172 3019 2225 τὸν
3053 2170 3357 2246 εὐεργέτην,
3415 2166 3630 2225 παιδίον
3675 2168 3763 2223 καὶ
3793 2172 3860 2223 τὰ

2221 2263 2335 2314 κατ’
2365 2261 2536 2315 ἐκεῖνο
2567 2259 2771 2336 χαίρειν
2806 2259 3016 2327 ἐῶντες,
3054 2257 3184 2332 μηδ’
3229 2260 3284 2312 οἶ
3327 2256 3495 2313 κακοῦ
3525 2254 3723 2318 εἰδότες
3767 2278 3857 2331 γε·

2214 2348 2533 2420 γόνασιν.Ἠ
2564 2350 2665 2424 γὰρ
2715 2348 2851 2403 κατὰ
2880 2349 3103 2421 θατέρου
3162 2343 3429 2415 ἐπιϐουλὴ
3486 2346 3570 2420 [Ρ.
3619 2346 3708 2419 67]
3758 2349 3851 2400 τοῦ

2216 2435 2400 2513 ἐτέρου
2428 2437 2660 2492 ἐντεῦθεν
2691 2435 2919 2512 ἤρχετο.
2959 2435 3019 2491 Τί
3061 2440 3187 2512 γοῦν
3235 2430 3428 2492 λοιπόν
3463 2457 3477 2505 ;
3531 2436 3706 2511 ὑγρῶν
3762 2428 3849 2488 ὅν-

2211 2543 2316 2579 των
2350 2520 2427 2579 ἔτι
2455 2529 2560 2581 τῶν
2608 2527 2996 2602 γεγραμμένων
3048 2523 3197 2579 αὐτοὶ
3246 2522 3587 2596 κατημέλουν
3644 2525 3718 2595 μὴ
3768 2520 3846 2595 ξί-

2214 2743 2524 2796 excusante
2541 2740 2926 2807 conscientia;
2951 2740 3196 2811 ideoque
3223 2739 3280 2793 id
3299 2738 3569 2793 similiter
3587 2754 3647 2793 se
3666 2737 3849 2793 facere

2215 2827 2450 2895 dixisse,
2485 2827 2592 2883 hoc
2623 2831 2711 2884 est
2752 2827 3028 2901 pessime,
3053 2843 3165 2899 quo
3200 2841 3372 2883 sensu
3407 2823 3598 2882 simile
3629 2823 3845 2881 bellum

2214 2922 2270 2973 et
2302 2916 2489 2973 simile
2520 2917 2750 2972 senium
2778 2921 3065 2972 Homerus
3096 2915 3326 2971 dixerit.

2283 3005 2356 3061 Ut
2385 3022 2519 3077 ergo
2552 3005 2938 3060 coronationis
2984 3001 3329 3060 caeremonia
3378 3003 3604 3075 peracta
3652 3006 3759 3073 est,
3792 3006 3848 3057 et

2215 3093 2524 3166 procedere
2554 3093 2612 3148 in
2646 3092 2927 3164 palatium
2975 3094 3269 3165 Augustos
3301 3088 3574 3162 oportuit,
3609 3090 3845 3161 praeive-

2215 3185 2353 3238 runt
2374 3183 2470 3253 qui
2491 3180 2748 3238 coronati
2772 3177 3372 3252 fuerantPalaeologus
3391 3194 3523 3235 cum
3546 3179 3698 3233 104
3717 3194 3849 3233 con-

466 3231 641 3239 m---
661 3231 756 3253 η--
777 3231 884 3237 -η-
903 3231 1136 3236 --ν----
1160 3231 1400 3251 -ητ---η
1421 3231 1631 3250 --υ-η-
1652 3231 1676 3235 _
1697 3231 1802 3238 Μ-
1823 3231 1917 3252 Υ-
1937 3231 2078 3253 -0---
2217 3231 2353 3238 --.η
2378 3231 2470 3253 η--
2494 3231 2577 3238 ---
2597 3231 2748 3237 -___-_
2772 3231 3037 3237 __-_____
3064 3231 3368 3252 ηη---οη
3398 3231 3562 3235 ------
3612 3231 3630 3233 -
3666 3231 3698 3233 _
3724 3231 3739 3233 -
3759 3231 3773 3233 -
3809 3231 3823 3233 -

466 3277 585 3330 tem
618 3273 726 3328 hac
776 3271 1107 3327 constantia
1136 3268 1718 3326 Thessalonicensem
1759 3270 2101 3328 circumsta-
2134 3231 2175 3299 Ο
2207 3274 2369 3345 juge,
2394 3276 2525 3345 post
2545 3271 2705 3343 ipsos
2728 3287 2873 3343 puer
2904 3271 3029 3325 sine
3056 3267 3212 3341 regia
3233 3284 3464 3339 corona,
3489 3268 3589 3323 sed
3623 3266 3849 3339 simpli-

467 3361 1072 3427 bant,admonuerunt
1088 3363 1151 3415 ut
1169 3362 1422 3415 mentem
1444 3359 1765 3416 adverteret
1778 3360 1847 3414 ad
1867 3359 2110 3417 innuen-

464 3455 584 3505 tem
617 3448 729 3521 ipsi
761 3464 863 3519 pro
887 3463 999 3518 quo
1025 3450 1144 3503 tam
1174 3446 1516 3520 pugnaciter
1545 3448 1806 3504 certabat
1835 3465 2106 3521 puerum,

467 3541 524 3595 et
553 3541 723 3609 gestu
766 3537 1123 3593 indicantem
1159 3536 1307 3608 aaqui
1340 3535 1596 3607 bonique
1626 3553 1687 3592 se
1713 3537 2015 3594 consulere
2046 3542 2110 3593 ut

468 3626 629 3683 solus
659 3625 1014 3696 Palteologus
1037 3629 1447 3693 coronaretur;
1481 3641 1595 3697 quo
1619 3625 1761 3681 nihil
1796 3626 1892 3683 ille
1915 3630 2108 3682 motus

468 3713 691 3771 audivit
720 3715 896 3770 etiam
946 3731 1080 3770 mox
1110 3730 1246 3770 voce
1276 3713 1635 3771 balbutiente
1679 3714 1789 3771 sibi
1821 3716 2109 3771 dicentem

467 3803 777 3869 Joannem,
797 3802 1063 3858 sufﬁcere
1088 3801 1200 3857 sibi
1222 3805 1362 3858 tunc
1386 3803 1620 3873 quidem
1643 3803 1693 3858 si
1713 3806 1878 3858 tutus
1896 3801 2111 3859 viveret

471 3896 528 3949 et
556 3907 798 3949 securus
822 3909 855 3948 a
873 3891 950 3947 vi.
976 3890 1141 3947 Multi
1161 3892 1314 3947 enim
1343 3891 1719 3947 minabantur
1740 3908 1801 3947 se
1823 3891 2016 3963 ipsum
2041 3892 2110 3947 de

471 3980 662 4037 medio
688 3979 1046 4048 sublaturos,
1067 3980 1116 4035 si
1140 3980 1463 4048 resisteret;
1490 3979 1797 4051 aderatque
1818 3979 2106 4037 Celtarum

473 4086 706 4128 secures
763 4070 1119 4143 gestantium
1170 4070 1559 4127 circumstans
1608 4070 1835 4137 cohors,
1868 4070 2108 4143 ancipiti

474 4159 754 4233 obsequio
799 4161 870 4215 ad
917 4163 1123 4216 nutum
1158 4161 1551 4231 potentiorum
1601 4159 1930 4230 parata,vel
1959 4162 2109 4216 tueri

473 4263 719 4318 puerum
743 4248 828 4303 vel
852 4247 1152 4318 tollere,ac
1176 4246 1358 4302 facere
1379 4245 1617 4301 omnino
1641 4246 2109 4318 quidquidjube-

473 4341 651 4393 retur.
678 4339 786 4394 Sed
834 4337 1244 4393 contemnebat
1282 4335 1425 4390 istas
1455 4351 1685 4405 quoque
1715 4339 1779 4390 ut
1824 4336 1984 4407 pueri
2015 4353 2108 4392 ex-

475 4443 707 4497 pressas
759 4431 918 4482 metu
950 4443 1116 4483 voces
1162 4427 1430 4496 perstans
1478 4424 1803 4494 intrepidus
1834 4425 1890 4479 in
1926 4431 2109 4497 coepta

471 4511 1463 4581 intercessioneThessalonicensis,
1486 4509 1545 4565 in
1571 4527 1686 4567 uno
1711 4529 1937 4584 semper
1960 4514 2109 4568 ﬁxus

2164 3371 2167 3375 ‘
2212 3362 2354 3417 eiter
2370 3360 2678 3417 redimitus
2696 3359 2839 3414 vitta
2860 3359 3150 3415 ﬁmbriata
3173 3357 3423 3431 gemmis
3440 3360 3497 3413 et
3515 3356 3847 3430 margaritis

2212 3455 2431 3508 ornata.
2456 3450 2571 3505 Nec
2593 3449 2689 3504 ille
2712 3449 2769 3504 id
2798 3448 3023 3505 scilicet
3043 3447 3305 3512 curabat,
3330 3462 3433 3518 per
3454 3450 3680 3502 aetatem
3708 3462 3849 3502 non-

2213 3541 2353 3595 dum
2386 3538 2667 3594 sentiens.
2691 3540 2761 3593 Et
2786 3554 2857 3593 ne
2883 3538 2954 3593 ad
2984 3537 3142 3592 istud
3166 3550 3515 3607 magnopere
3536 3538 3849 3605 praesentes

2214 3629 2678 3692 adverterent,ea
2698 3642 2876 3682 causa
2900 3629 3041 3690 erat,
3064 3625 3217 3698 quod
3240 3622 3404 3679 veriti
3434 3621 3652 3695 passim
3677 3640 3847 3694 quor-

2213 3732 2344 3772 sum
2391 3715 2513 3769 haec
2541 3717 2863 3785 vergerent,
2886 3712 3191 3769 vertebant
3240 3727 3341 3783 pro
3374 3727 3435 3767 se
3464 3711 3706 3784 quisque
3746 3727 3847 3766 cu-

2213 3823 2307 3861 ras
2338 3804 2397 3859 in
2430 3818 2577 3871 sese,
2612 3821 2675 3859 ac
2704 3802 2791 3860 vel
2838 3803 2897 3858 in
2930 3805 3089 3858 metu
3120 3799 3210 3857 vel
3241 3798 3301 3855 in
3334 3815 3436 3872 spe
3486 3815 3679 3854 rerum
3711 3816 3844 3871 pro-

2212 3895 2473 3967 priarum
2514 3892 2874 3949 habitabant.
2911 3892 3123 3947 Omnes
3172 3905 3342 3962 porro
3399 3887 3851 3944 machinationis

2212 3984 2390 4054 hujus
2420 3982 2715 4038 insidiosae
2747 3980 3059 4053 participes
3087 3979 3283 4034 divina
3312 3977 3619 4045 deinde,ut
3642 3992 3849 4049 cogno-

2212 4073 2422 4143 vimus,
2456 4089 2561 4127 suo
2593 4074 2850 4142 tempore
2882 4068 3025 4125 ultio
3056 4068 3299 4139 excepit.

2281 4181 2332 4233 9.
2371 4182 2434 4237 Ut
2461 4187 2746 4235 coronatus
2779 4178 3019 4234 Michael
3047 4176 3463 4233 multitudinem
3490 4176 3635 4232 delia
3648 4176 3775 4232 ierit

2792 4250 2972 4304 verbis
3002 4256 3052 4303 et
3081 4247 3258 4317 factis.

2282 4347 2442 4397 Tunc
2472 4358 2603 4396 vero
2648 4355 2908 4394 securam
2945 4338 3121 4393 vitam
3163 4352 3306 4409 puer
3337 4337 3553 4408 degens
3602 4339 3759 4392 totus
3790 4337 3847 4392 in

2213 4428 2456 4484 ludicris
2478 4434 2533 4483 et
2555 4428 2712 4483 illius
2736 4426 2921 4482 aetatis
2954 4425 3400 4481 remissionibus
3423 4429 3561 4479 erat.
3588 4425 3849 4495 Impera-

2212 4520 2304 4571 tor
2332 4517 2545 4587 saepius
2576 4516 2632 4571 in
2668 4515 2759 4570 die
2803 4516 2872 4571 ad
2916 4513 3253 4570 concionem
3287 4512 3533 4577 dicebat,
3564 4513 3845 4570 subinde-

474 4622 539 4661 co
573 4605 724 4676 quod
776 4605 1020 4659 dixerat.
1058 4605 1266 4657 Verum
1300 4600 1612 4673 persistere
1662 4602 1732 4656 ad
1783 4605 2105 4657 extremum
2136 4591 2181 4656 Β
2215 4621 2346 4676 que,
2369 4610 2432 4660 ut
2458 4603 3205 4677 pcroraverat,deliniendaa
3228 4620 3403 4658 causa
3428 4602 3848 4669 multitudinis,

468 4711 584 4749 non
619 4692 835 4749 valuit:
861 4695 1091 4748 coortus
1121 4691 1275 4747 enim
1305 4693 1394 4746 est
1417 4689 1636 4745 clamor
1666 4689 1723 4745 in
1756 4707 1887 4745 eum
1922 4690 2102 4762 pluri-

471 4798 699 4837 morum
720 4780 983 4835 certatim
1005 4796 1117 4849 qua
1137 4780 1495 4834 monentium
1517 4794 1632 4848 qua
1654 4778 2101 4851 increpantium,

468 4867 678 4941 ecquid
712 4869 954 4940 puderet
985 4884 1164 4923 unum
1201 4871 1282 4921 tot
1311 4870 1367 4921 et
1396 4865 1616 4922 talibus
1645 4866 1783 4923 viris
1814 4882 2006 4923 coram
2042 4868 2101 4923 in

466 4976 535 5017 os
567 4960 851 5016 obsistere
880 4958 1302 5027 adversumque
1335 4957 1481 5011 niti?
1501 4956 1701 5013 Victus
1732 4959 1910 5031 igitur
1939 4959 2102 5014 deni-

471 5066 581 5122 que
613 5048 985 5119 subscripsit,
1010 5048 1107 5103 sed
1143 5045 1214 5101 iis
1243 5045 1431 5100 verbis
1456 5062 1579 5115 quae
1602 5051 1752 5103 recte
1774 5048 2102 5120 intelligen-

471 5140 629 5194 tibus
664 5143 923 5192 exortam
958 5134 1156 5190 manui
1205 5133 1713 5204 subscriptionem,
1740 5154 1853 5191 non
1908 5138 2102 5193 animo

472 5225 820 5283 sententiam
854 5223 1173 5277 indicarent
1200 5239 1211 5276 :
1238 5221 1549 5293 adscripsit
1570 5223 1720 5278 enim
1750 5223 2020 5280 similiter
2041 5243 2103 5281 se

473 5312 766 5381 assentiri,
796 5326 1019 5366 memor
1063 5310 1213 5380 apud
1266 5312 1490 5381 poetam
1525 5308 1715 5365 simile
1748 5313 1817 5366 ad
1864 5313 2101 5384 pessimi

472 5408 960 5480 signiﬁcationem
1014 5405 1393 5471 trahi.Quare
1441 5403 1523 5459 sic
1574 5406 1854 5461 innuebat
1900 5425 1961 5463 se
2008 5427 2099 5465 co-

473 5502 663 5552 actum
702 5501 957 5553 extrema
992 5494 1348 5561 necessitate,
1374 5498 1575 5548 contra
1603 5498 1877 5563 mentem,
1904 5504 1966 5551 ut
1998 5498 2101 5553 bo-

472 5602 613 5641 num
674 5586 1027 5656 approbasse
1077 5583 1466 5653 visum,quod
1518 5582 1732 5637 malum
1775 5584 2098 5657 judicabat,

469 5673 821 5731 reclamante
847 5672 1220 5745 persuasione
1242 5671 1419 5726 animi
1444 5689 1507 5727 ac
1531 5672 1642 5726 vim
1672 5672 2095 5731 ineluctabilcm

2211 4698 2514 4764 argenteos
2543 4697 2787 4764 utraque
2813 4708 2989 4747 manu
3013 4690 3071 4746 in
3098 4693 3354 4747 medium
3379 4691 3618 4747 conferti
3646 4693 3845 4765 populi

2203 4780 2481 4851 jactabat.
2516 4780 2600 4836 Illi
2633 4782 2894 4836 certatim
2918 4778 3254 4851 colligentes
3276 4778 3551 4835 laudibus
3581 4780 3849 4837 videlicet

2212 4868 2495 4925 tollebant
2540 4870 2866 4925 beneﬁcum
2923 4867 3295 4939 largitorem,
3355 4885 3598 4939 puerum
3649 4874 3706 4924 et
3756 4888 3847 4926 res

2211 4959 2339 5028 ejus
2369 4958 2558 5013 valere
2580 4958 2886 5028 jubebant,
2918 4958 3100 5029 ignari
3138 4956 3373 5026 quidem
3410 4974 3522 5029 quo
3555 4956 3846 5013 malorum

2212 5049 2601 5104 devcnissent.
2626 5047 2769 5103 Nam
2805 5047 2971 5102 initia
2993 5046 3113 5101 hac
3140 5051 3306 5101 erant
3328 5045 3673 5102 insidiarum
3704 5047 3844 5102 alte-

2212 5139 2334 5192 rius
2366 5141 2765 5208 Augustorum
2796 5136 2855 5191 in
2889 5135 3157 5190 alterum.
3190 5133 3446 5206 Populus
3470 5140 3665 5190 autem
3697 5135 3839 5191 obli-

2212 5231 2305 5281 tus
2337 5230 2454 5281 tam
2483 5226 2594 5281 cito
2618 5225 2827 5293 juratze
2867 5224 2924 5278 in
2961 5222 3212 5294 primum
3244 5221 3593 5279 insidiarum
3623 5223 3842 5278 machi-

2212 5320 2474 5369 natorem
2506 5314 2785 5382 ,ultionis,
2817 5313 3007 5367 adhuc
3038 5312 3168 5366 udis
3195 5329 3260 5365 ex
3312 5313 3524 5366 recenti
3552 5312 3842 5383 scriptura

2210 5405 2426 5459 tabulis
2458 5402 2688 5458 foederis
2717 5403 2867 5456 inter
2886 5404 3181 5471 Augustos
3209 5406 3567 5456 sacramento
3599 5401 3835 5467 ﬁrmati,

2210 5500 2324 5549 tam
2354 5492 2525 5564 longe
2562 5492 2761 5547 aberat
2792 5509 2825 5546 a
2855 5491 3189 5560 stringendo
3230 5490 3421 5562 gladio
3454 5492 3509 5545 in
3543 5497 3835 5547 auctorem

2210 5582 2457 5652 injurias,
2493 5586 2556 5636 ut
2582 5581 2691 5652 ipsi
2723 5578 3075 5637 effusissime
3108 5577 3504 5651 applauderet.
3544 5582 3605 5634 In
3639 5579 3836 5634 ordine

2209 5670 2593 5729 ecclesiastico
2633 5670 2822 5724 clerus
2872 5669 3105 5739 quidem
3155 5668 3212 5721 in
3264 5668 3386 5737 pari
3435 5683 3567 5721 cum
3624 5666 3832 5739 populo
