4154 6286
343 389 443 444 541

1412 388 1504 441 DE
1543 386 1915 442 MICHAEI.B
1956 384 2396 440 PALEOLOGO
2436 386 2565 439 LIB.
2608 389 2676 440 II.

3634 382 3743 440 542

340 534 439 591 (po:
492 511 628 568 κατά
655 510 721 565 τὰ
751 507 1124 583 ὁμωμοσμένα
1153 516 1339 564 κινεῖν.
1400 510 1463 566 Ei
1524 509 1580 565 δὲ
1626 516 1725 579 τῆς
1756 507 2201 579 Ἐκκλη-Ατῶν
2248 509 2457 583 ἀγαθῶν
2507 508 2640 577 ἦσαν
2692 506 2951 579 ἐλπίδων,
3005 507 3100 565 κᾶν
3163 504 3364 587 φόϐους
3421 528 3505 570 τις
3562 505 3739 583 λέγοι.

340 601 458 664 σίας
490 598 585 655 κᾶν
622 601 649 654 6
679 598 889 672 κλῆρος
921 598 1145 670 ἠμέλει,
1177 595 1300 652 ἀ..λ’
1334 596 1385 652 ο⁹ί
1415 620 1474 674 γε
1504 599 1564 653 τὸ
1608 599 1988 676 ἀρχιερατικὸν

338 692 554 763 ἀξίωμα
603 687 875 765 φέροντες,
922 686 976 740 τί
1030 687 1104 759 μή
1154 683 1373 760 ἔχοντες
1406 688 1650 759 ἀμύνειν,
1708 688 1799 741 τὸν
1859 685 1987 741 λαὸν

340 779 483 835 οὕτω
539 772 922 833 κατενεπέδουν
968 772 1290 849 φρικώδεσιν
1342 774 1527 851 ὅρκοις
1579 775 1704 830 ὥστ’
1750 775 1800 845 ἐξ
1832 774 1992 848 ἀνάγ-

339 890 443 938 κης
472 864 527 923 ἓν
566 868 675 920 τῶν
718 861 813 919 δύο
860 861 1076 925 τούτοις
1122 858 1549 937 ἐπισυμϐαίνειν,
1605 862 1641 931 ἢ
1699 862 1992 941 ἐμφυλίοις

339 951 610 1011 ἐνδιδόναι
636 951 908 1026 πολὲμοις
935 949 1025 1006 καὶ
1077 954 1421 1028 σφάττεσθαι,
1471 952 1505 1021 ἢ
1561 952 1668 1024 μὴν
1724 951 1789 1006 τὰ
1839 954 1991 1026 μὲγι-

340 1065 439 1100 στα
498 1044 573 1105 εἷς
636 1041 764 1098 Θεὸν
826 1042 1151 1115 ἁμαρτάνειν
1218 1038 1600 1115 ἐπιορκοῦντας
1635 1084 1647 1096 .
1708 1038 1862 1097 Ἀλλ’
1920 1040 1991 1101 ὡς

339 1130 506 1200 ἔοικε,
564 1132 625 1185 τὸ
685 1131 832 1202 παρά
886 1126 1124 1190 πολλοῖς
1187 1128 1524 1202 ὑμνούμενον
1569 1126 1791 1199 ἀληθὲς,
1826 1130 1898 1190 ὡς
1930 1129 1991 1183 τὸ

344 1219 547 1294 μὲλλον
598 1220 840 1295 γενέσθαι
901 1215 1245 1293 ἀντιπράττει
1290 1218 1379 1272 καὶ
1429 1220 1507 1287 τῷ
1554 1223 1789 1292 φρονεῖν.
1821 1220 1992 1273 Ἐκεῖ-

337 1332 434 1373 νος
504 1309 679 1364 τοίνυν
766 1306 894 1380 μεθὸ
966 1307 1055 1361 καὶ
1131 1303 1563 1381 δημηγορήσειε,
1631 1310 1843 1367 κοντοῖς
1901 1296 1989 1359 καὶ

336 1396 591 1473 σφαίραις
629 1399 749 1458 τοῖς
796 1392 1028 1471 ἄρχουσι
1076 1393 1433 1463 συνιππάζετό
1485 1415 1542 1449 τε
1597 1395 1687 1448 καὶ
1745 1394 1991 1448 συνέπαι-

338 1492 421 1558 ζε,
451 1486 541 1541 καὶ
571 1486 748 1561 τρυφή
780 1484 846 1552 ἦν
893 1488 1009 1545 τοῖς
1058 1482 1322 1559 βλέπουσι
1378 1484 1446 1538 τὰ
1475 1484 1840 1558 πραττόμενα.
1899 1482 1990 1544 Ei:

334 1574 498 1629 τόσον
548 1570 605 1629 δὲ
655 1574 718 1628 τὸ
776 1574 990 1643 πλῆθος
1052 1569 1384 1648 δημηγορῶν
1436 1572 1517 1647 εἴς
1571 1571 1744 1627 ἄνεσιν
1803 1570 1990 1648 ἔτρεπε

332 1663 429 1719 καί
469 1680 591 1736 σφιν
650 1659 894 1737 χρηστὰς
941 1660 1036 1722 τὰς
1087 1658 1313 1723 ἐλπίδας
1367 1662 1633 1716 ὑπέτεινεν
1685 1660 1759 1724 ὡς
1804 1659 1990 1721 καλῶς

334 1750 417 1814 εἷς
475 1750 701 1805 τούπιὸν
749 1749 1057 1822 βιώσουσιν,
1123 1747 1259 1804 ὣστε
1316 1748 1405 1803 καὶ
1459 1748 1700 1823 χαρίτων
1744 1749 1985 1825 ἀρχαίων

2099 595 2163 653 Ei
2193 594 2319 671 γοῦν
2352 596 2533 666 ἀληθῆ
2584 596 2650 651 τὰ
2690 594 3055 674 φοιϐἀσματα,
3088 595 3279 668 ἔδειξεν
3309 598 3336 652 6
3385 599 3592 671 καιρὸς,
3649 598 3740 652 καὶ

2098 686 2262 757 ἡμεῖς
2310 687 2444 740 κατά
2471 684 2634 740 τόπον
2669 684 2917 761 ἐροῦμεν,
2963 684 3131 759 μηδὲν
3181 685 3500 761 προσθέντες
3531 687 3606 749 είς
3637 687 3735 754 τήν

2098 778 2198 842 τῆς
2246 772 2503 843 ἀληθείας
2559 773 2875 835 σόστασιν,“
2922 774 3060 831 Τότε
3123 773 3303 853 τοίνυν
3365 773 3446 853 ἐφ’
3502 774 3737 847 ἡμέραις

2098 863 2206 916 τισὶ
2238 859 2518 935 διατρίψας
2547 863 2682 917 κατὰ
2711 864 2808 931 τήν
2838 864 3091 935 Νίκαιάν,
3118 862 3234 918 ἐπεῖ
3259 860 3601 919 παλινοστεῖν
3632 859 3739 918 ἔδει

2099 954 2237 1026 πρὸς
2264 951 2680 1029 Νύμφαιον,τῷ
2725 949 3038 1028 πατριόίρχῃ
3086 952 3496 1025 συνταξάμενος,
3542 952 3631 1007 καὶ
3680 953 3741 1006 τὸ

2099 1035 2315 1093 παιδίον
2342 1034 2671 1112 παραλαϐὼν
2706 1042 2733 1095 6
2754 1036 2999 1110 κηδεύειν
3036 1040 3294 1115 ὑποσχὼν
3322 1039 3528 1110 ἑαυτὸν,
3550 1037 3738 1112 ’ἔξεισιν

2100 1129 2213 1199 ἅμα
2239 1133 2355 1190 τοῖς
2386 1128 2437 1182 ἐν
2477 1127 2620 1183 τὲλει
2649 1128 2736 1183 καὶ
2764 1131 2839 1200 τῷ
2870 1132 3100 1204 στρατῷ.

2104 1235 2151 1290 ι’.
2185 1234 2373 1295 Ὅπως
2409 1233 2900 1313 ὑποστραφεὶς-είς
2932 1235 3217 1313 Νύμφαιον
3238 1238 3384 1313 ’μετά
3411 1240 3506 1292 τοῦ
3545 1234 3740 1299 παιδὸς

2477 1302 2726 1379 πρεσϐεις
2757 1303 2973 1381 ἐδέχετο
3003 1302 3364 1384 πανταχόθεν.

2169 1396 2252 1466 [Ρ.
2284 1396 2374 1463 68]
2407 1394 2505 1449 Καὶ
2566 1395 2592 1448 6
2656 1393 2748 1466 μὶν
2804 1390 3123 1450 καταλαϐὼν
3179 1395 3239 1449 τὸ
3290 1396 3578 1472 Νύμφαιον
3608 1401 3739 1471 Περ-

2100 1486 2203 1535 σῶν
2260 1483 2354 1554 μὲν
2412 1478 2629 1556 ἐδέχετο
2678 1478 2929 1557 πρέσϐεις
2985 1484 3075 1538 καὶ
3108 1480 3275 1559 δῶρα,
3308 1485 3397 1539 καὶ
3444 1488 3523 1556 τῷ
3572 1484 3735 1539 σουλ-

2096 1569 2187 1624 τᾶν
2246 1570 2679 1645 καταιγιζομὲνῳ
2737 1569 2797 1626 ἐκ
2842 1569 3172 1648 παλιρροίας
3212 1574 3548 1650 πραγμάτων
3584 1575 3743 1629 ὑπισ-

2100 1663 2282 1732 χνεῖτο
2341 1658 2818 1735 προσχωρήσαντά
2897 1662 2949 1715 οἱ
3019 1659 3233 1723 ὒπτίαις
3309 1658 3558 1736 δὲχεσθαι
3622 1667 3740 1725 ταῖς

2098 1746 2253 1821 χερσὶ
2299 1745 2385 1801 καὶ
2435 1748 2508 1808 εἷς
2553 1748 2737 1820 καιρὸν
2770 1750 3001 1822 πέμπειν
3062 1750 3210 1812 αὖθις
3271 1751 3384 1823 μετ’
3443 1747 3736 1827 ἀσφαλείας

330 1837 642 1895 πολιτικῶν
681 1838 1090 1910 ὑπεμίμνησκεν
1148 1835 1454 1911 ἐλευθερίας
1516 1840 1790 1914 φερουσῶν
1844 1837 1985 1909 σόμ-
2017 1867 2062 1932 Β
2094 1839 2200 1888 τῶν
2228 1835 2560 1909 πραγμάτων
2594 1837 3029 1932 ἠλσυχασθὲντων.
3081 1839 3143 1894 Ὀ
3196 1838 3297 1914 γὰρ
3329 1837 3526 1906 Μελῆκ
3565 1859 3735 1913 προσ-

334 1923 530 1983 ϐολον.
591 1930 760 1981 Ἦσαν
812 1924 859 1980 δ’
891 1924 1087 1981 ἐκεῖναι
1136 1923 1511 1999 προσκλώθειν
1567 1926 1661 1989 τὰς
1715 1924 1985 1998 γενειάδας

337 2017 599 2077 πὲκοντας
654 2013 745 2069 καὶ
802 2012 1011 2089 χαίρειν
1062 2010 1277 2083 ἀνὲδηψ
1335 2013 1424 2067 καί
1479 2034 1620 2074 τινες
1668 2010 1983 2088 προσέκλω-

343 2118 436 2170 θον
496 2103 641 2179 δίχα,
714 2104 804 2159 καὶ
883 2110 1016 2180 σφᾶς
1073 2101 1257 2177 ἑώρων
1320 2102 1422 2175 ἐγὼ
1480 2101 1841 2177 γαννυμὲνους
1902 2100 1983 2156 ὅτι

335 2199 499 2249 τοῦτο
546 2192 755 2249 κελεύει
808 2194 835 2246 6
888 2189 1163 2265 βασιλεὺς,
1214 2192 1313 2259 τὴν
1362 2190 1447 2244 ἐπὶ
1498 2194 1604 2245 τῶν
1649 2192 1982 2265 πραγμάτων

331 2282 628 2355 εὐμάρειαν
692 2281 1143 2354 ὑπισχνούμενος.
1200 2277 1366 2335 Ἠσαν
1424 2274 1481 2332 δέ’
1530 2300 1669 2335 τινες
1731 2277 1827 2332 οὐκ
1883 2274 1987 2332 οἷδ’

328 2370 532 2426 ὁπόθεν
590 2374 697 2425 τῶν
757 2366 1071 2441 μελλόντων
1122 2362 1549 2443 προφοιϐασταὶ,
1608 2367 1696 2421 καὶ
1754 2366 1982 2421 κλώθειν

327 2458 697 2532 προσέταττον
732 2457 987 2532 χαίρουσι
1017 2458 1134 2517 τοῖς
1183 2454 1585 2528 ἐλπιζομένοις,
1633 2456 1707 2517 ὡς
1765 2460 1984 2531 συροῦσι

329 2546 707 2619 λυπουμένοις
758 2550 874 2608 τοῖς
928 2542 1344 2620 πραττομένοις,
1403 2543 1447 2597 εί
1496 2546 1720 2614 πεινῷεν
1774 2542 1984 2597 ἒσῦστε-

330 2654 454 2710 ρον.
491 2634 559 2693 Οἱ
591 2631 638 2689 δ’
670 2633 745 2696 ὡς
790 2631 1008 2695 είκαίως
1054 2631 1373 2706 λεγομένοις
1404 2631 1466 2687 οὗ
1496 2636 1812 2706 προσεῖχον,
1840 2627 1986 2685 ἀλλὰ

350 2847 825 2907 dissimulatione
858 2865 921 2904 ac
952 2864 1146 2904 rerum
1180 2863 1304 2919 qua:
1336 2846 1773 2903 attentabantur
1804 2844 1986 2917 negli-

354 2937 558 3009 gentia
588 2936 922 2992 versabatur
954 2951 968 2991 :
1002 2935 1256 3007 episcopi
1291 2938 1487 2991 autem
1536 2951 1653 2990 non
1703 2934 1985 2990 habentes

347 3023 512 3078 aliud
543 3038 653 3094 quo
678 3038 925 3095 puerum
947 3023 1323 3078 defenderent
1351 3026 1452 3078 aut
1481 3024 1610 3093 ejus
1640 3020 1834 3078 violati
1860 3037 1983 3077 sce-

336 3113 443 3168 lus
480 3112 920 3180 ulciscerentur,
952 3109 1307 3167 insistebant
1348 3109 1636 3183 adigendo
1679 3110 1890 3182 populo
1923 3110 1980 3165 in

337 3216 494 3257 nova
517 3204 572 3255 et
602 3200 745 3257 diris
773 3199 1293 3272 imprecationibus
1322 3199 1624 3256 tremenda
1647 3198 1983 3270 juramenta

333 3288 658 3363 praestandi
677 3289 832 3360 quod
852 3288 1224 3361 promiserat.
1240 3287 1321 3343 Ex
1338 3303 1452 3359 quo
1469 3286 1717 3343 alterum
1736 3288 1987 3343 duorum

336 3378 677 3435 necessario
732 3380 1073 3434 secuturum
1124 3381 1268 3447 erat,
1311 3392 1520 3449 nempe
1570 3381 1635 3433 ut
1681 3380 1785 3433 aut
1834 3375 1989 3432 civili

339 3465 502 3523 bello
558 3471 781 3524 temere
826 3470 1099 3539 suscepto
1148 3481 1276 3522 sese
1321 3466 1703 3522 trucidandos
1751 3464 1988 3522 armatis

346 3556 795 3627 objicerent,aut
843 3554 1180 3627 inexpiabili
1212 3572 1273 3612 se
1304 3554 1523 3627 ﬂagitio
1554 3555 1793 3628 perjurii
1831 3555 1985 3627 apud

344 3650 531 3701 Deum
562 3644 905 3717 obligarent.
934 3645 1040 3701 Sed
1090 3660 1290 3700 verum
1342 3651 1428 3700 est
1467 3643 1707 3716 vulgare
1738 3644 1985 3712 dictum,

339 3734 506 3807 quod
540 3734 689 3791 105
727 3735 967 3790 omnino
1001 3733 1261 3789 futurum
1304 3736 1394 3789 est
1436 3732 1597 3789 nulla
1646 3749 1816 3805 posse
1846 3748 1987 3805 pru-

332 3822 542 3880 dentia
592 3822 880 3893 praeverti.
921 3821 1204 3877 Caeterum
1264 3819 1621 3893 Palaeologus
1678 3826 1811 3892 post
1855 3820 1986 3877 illas

332 3910 657 3969 conciones
678 3910 864 3967 contis
887 3914 942 3967 et
968 3910 1087 3982 pila
1109 3909 1410 3966 colludens
1434 3926 1566 3965 cum
1599 3909 1983 3982 principibus,

326 3999 569 4056 ludicra
625 3999 917 4071 equestria
975 4014 1191 4071 magna
1250 3997 1641 4070 spectantium
1691 3998 1985 4071 voluptate

326 4087 710 4145 decurrebat.
743 4092 921 4144 Porro
954 4086 1084 4144 istis
1132 4086 1513 4143 concionibus
1561 4090 1787 4142 tantum
1820 4087 1981 4143 bona:

323 4175 464 4249 spei
509 4175 841 4249 laetitiaeque
889 4175 1273 4249 popularibus
1324 4175 1537 4231 animis
1588 4175 1884 4245 iniecerat,
1920 4180 1983 4232 ut

323 4263 509 4339 quasi
558 4264 699 4320 certi
747 4266 1043 4321 duraturae
1097 4264 1390 4322 felicitatis
1429 4265 1608 4321 vitam
1658 4264 1771 4320 sibi
1821 4265 1980 4321 omni

322 4354 726 4429 prosperitate
744 4354 1099 4411 cumulatam
1124 4355 1183 4410 in
1210 4359 1505 4426 posterum
1527 4362 1979 4426 augurarentur,

322 4446 387 4501 et
425 4443 646 4515 passim
681 4441 954 4499 familiari
1000 4442 1388 4515 gratulatione
1420 4444 1681 4515 quzedam
1715 4461 1782 4498 ex
1827 4443 1979 4498 anti-

2091 1925 2419 1999 κεχωρήκει,
2472 1924 2560 1979 καὶ
2620 1922 2737 1987 δέος
2795 1926 2861 1994 ἦν
2892 1930 2970 1997 τῷ
3025 1925 3253 1981 σουλτάν
3292 1928 3490 2000 μήπως
3532 1925 3734 1990 ἐκεῖνος

2091 2009 2328 2084 ὲπανήξῃ
2387 2014 2504 2083 μεθ’
2554 2012 2766 2084 ἱκανῆς,
2812 2014 2901 2067 καὶ
2951 2011 3081 2083 ὅσην
3133 2013 3230 2069 οὐκ
3284 2017 3348 2083 ἦν
3411 2015 3731 2085 ὑποστῆναι,

2092 2096 2390 2170 δυνάμεως.
2428 2100 2655 2174 Ἐγγύας
2711 2099 2755 2154 δ’
2809 2097 2987 2155 ἐδίδου
3041 2106 3137 2157 τοῦ
3195 2103 3270 2176 μή
3321 2098 3730 2178 φοϐεῖσθαιτήν

2092 2184 2259 2241 πάλαι
2290 2190 2575 2257 συνήθειαν
2609 2184 3033 2264 Ἐπρεσϐεόοντο
3085 2187 3141 2244 δὲ
3196 2190 3331 2266 πρὸς
3383 2191 3585 2247 ἐκεῖνον
3643 2193 3733 2247 καὶ

2093 2275 2143 2329 oi
2198 2274 2332 2329 κατὰ
2398 2276 2497 2344 τὴν
2556 2274 2931 2352 μεγαλόπολιν
3005 2279 3233 2349 Ἰταλοὶ,
3291 2280 3381 2334 καὶ
3439 2280 3733 2356 ἀνακωχήν

2091 2362 2269 2418 ἐδίδου
2298 2368 2365 2438 τῇ
2405 2366 2542 2441 πρὸς
2570 2363 2811 2430 ἐκείνους
2863 2365 3037 2442 μοῖχῃ,
3090 2369 3164 2431 ὡς
3218 2367 3308 2423 καὶ
3371 2369 3484 2441 μετ’
3546 2368 3731 2443 ὀλίγον

2091 2454 2470 2529 κραταιότερον
2525 2454 2877 2528 σπεισόμενος
2938 2454 3113 2532 σφίσιν
3147 2497 3162 2524 ,
3239 2455 3285 2511 εἰ
3340 2457 3730 2533 προτενοῦντός

2089 2559 2208 2596 τινα
2233 2540 2579 2617 ἱκπληροῖεν.
2614 2542 2765 2612 Πλὴν
2816 2541 2908 2598 καί
2951 2542 3079 2606 τοὺς
3130 2539 3381 2620 πρέσϐεις
3428 2546 3734 2618 Ῥωμαίους

2091 2631 2180 2684 καὶ
2240 2631 2298 2686 ἐκ
2352 2629 2636 2704 Ῥωμαίων
2698 2627 2851 2693 ὄντας
2901 2631 2974 2693 ὡς
3011 2632 3125 2707 εἶχὲ
3160 2633 3585 2709 μετεχειρίζετο,
3641 2632 3731 2690 καὶ

2094 2845 2227 2901 licet
2257 2845 2405 2918 pilos
2438 2846 2722 2902 malarum
2757 2863 2870 2919 pra:
2903 2847 3116 2919 gaudio
3139 2853 3381 2920 sperata:
3410 2849 3735 2910 durationis

2094 2934 2271 3006 hujus
2304 2936 2566 3007 prosperi
2616 2952 2811 2991 rerum
2844 2940 3051 3005 status,
3084 2941 3286 3008 postea
3333 2938 3464 2994 illos
3509 2938 3732 2996 vulsuri

2093 3023 2199 3094 pia:
2223 3023 2588 3096 impatientia
2611 3024 2964 3094 saevissimae,
2986 3041 3112 3097 quae
3133 3023 3296 3081 vobis
3317 3027 3514 3083 fauces
3536 3026 3733 3099 oppri-

2096 3118 2233 3185 met,
2267 3115 2459 3182 famis,
2489 3138 2509 3165 ι
2546 3115 2629 3170 illi
2660 3114 2971 3171 ludibundi
3027 3132 3131 3172 nec
3180 3116 3478 3173 attendere
3508 3117 3729 3188 dignati

2096 3205 2375 3274 tanquam
2409 3204 2588 3259 anilia
2617 3204 2940 3276 garrientes
2972 3206 3458 3278 aspernabantur.
3478 3208 3614 3271 Quae
3640 3210 3731 3261 ta-

2095 3307 2227 3347 men
2260 3310 2331 3348 an
2360 3309 2427 3348 ex
2448 3308 2594 3349 vano
2618 3293 3003 3365 jactarentur,
3029 3302 3268 3350 eventus
3298 3294 3640 3362 declaravit;
3675 3299 3732 3351 et

2096 3399 2201 3439 nos
2248 3382 2305 3438 in
2353 3383 2478 3439 loco
2527 3383 2811 3455 dicemus,
2844 3383 2991 3440 nihil
3037 3384 3433 3459 adjungentes
3478 3385 3729 3442 veritati.

2093 3472 2257 3527 Tunc
2299 3471 2479 3544 igitur
2507 3472 2868 3544 Palaeologus
2898 3472 3120 3545 aliquot
3167 3474 3375 3530 diebus
3425 3491 3526 3546 per
3572 3474 3730 3530 hunc

2093 3560 2331 3615 modum
2364 3560 2565 3619 Nicaeae
2607 3561 2941 3629 transactis,
2974 3559 3071 3616 ubi
3106 3565 3503 3634 Opportunum
3534 3562 3727 3620 visum

2092 3649 2177 3702 est
2210 3647 2395 3701 redire
2442 3648 2846 3720 Nymphaeum,
2881 3648 3133 3705 salutato
3186 3650 3521 3720 patriarcha
3551 3655 3608 3707 et
3636 3669 3729 3708 as.

2091 3738 2326 3807 sumpto
2358 3751 2558 3807 puero,
2583 3753 2647 3791 ac
2678 3736 2971 3793 renovatis
3005 3736 3308 3809 promissis
3339 3739 3467 3809 eius
3488 3746 3727 3811 paterne

2092 3824 2355 3894 curandi,
2389 3824 2682 3895 profectus
2713 3828 2802 3880 est
2832 3824 3018 3895 prima
3049 3825 3353 3883 nobilitate
3383 3830 3439 3883 et
3470 3828 3723 3885 exercitu

2090 3912 2528 3970 comitantibus.

2126 4018 2207 4072 10.
2246 4020 2306 4075 Ut
2334 4020 2687 4092 Palaeolpgus
2714 4034 2965 4075 reversus
2987 4034 3112 4074 cum
3141 4035 3307 4092 puero
3328 4021 3687 4092 Nympharum

2449 4090 2808 4161 undecunque
2838 4092 3037 4161 legatos
3066 4090 3356 4162 exceperit.

2154 4176 2335 4233 Simul
2360 4195 2489 4235 vero
2525 4180 2673 4233 106
2700 4178 3084 4252 Nymphaeum
3108 4179 3391 4250 pervenit,
3410 4180 3719 4239 Persarum

2085 4267 2305 4336 legatos
2333 4268 2569 4323 "audivit
2598 4275 2650 4324 el
2682 4268 2903 4339 accepit
2933 4269 3113 4337 dona;
3148 4267 3500 4341 sultanoque
3548 4272 3723 4328 rebus

2085 4359 2238 4411 retro
2261 4355 2442 4428 lapsis
2469 4356 2815 4429 periclitanti
2843 4355 3110 4428 promisit
3132 4373 3193 4412 se
3213 4355 3403 4423 illum,
3428 4357 3477 4412 si
3501 4359 3572 4413 ad
3596 4376 3724 4416 sese

2081 4442 2525 4514 veniret,obviis
2547 4444 2703 4499 ulnis
2730 4449 3131 4515 excepturum,
3149 4448 3205 4500 et
3236 4444 3333 4500 ubi
3360 4446 3726 4505 detonuisset

322 4544 456 4602 qua
486 4530 768 4586 memoria
819 4532 1017 4586 facetae
1069 4529 1439 4599 urbanitatis,
1473 4530 1762 4586 libertatis
1810 4547 1978 4585 omen
2011 4534 2058 4596 D
2091 4533 2217 4604 ejus
2236 4532 2554 4588 domestica
2577 4537 2915 4605 tempestas,
2933 4549 3204 4588 securum
3229 4534 3298 4589 ad
3321 4550 3428 4589 sua
3448 4536 3726 4591 remissu-

323 4617 633 4686 habentia,
669 4617 823 4675 dicta
865 4622 1245 4675 retractarent
1276 4620 1826 4691 frequentarentque
1856 4634 1975 4675 scr-

324 4705 637 4761 monibus.
667 4705 842 4762 Erant
872 4711 1067 4763 autem
1101 4724 1187 4777 ea,
1219 4707 1386 4763 licere
1417 4722 1573 4762 nunc
1604 4708 1753 4780 pilos
1783 4707 1973 4762 barbas

323 4794 611 4866 mulcere,
638 4799 867 4866 pectere
898 4796 1216 4869 digitisque
1246 4797 1570 4867 torquendo
1603 4797 1861 4868 crispare
1892 4797 1975 4852 fas

322 4884 637 4955 otiumque
662 4900 808 4953 esse,
831 4886 1035 4957 utique
1057 4887 1292 4958 profuse
1313 4885 1721 4957 gaudentibus.
1749 4885 1863 4941 Nec
1884 4901 1973 4941 se-

324 4988 439 5029 cus
467 4971 640 5046 vulgo
672 4973 1016 5031 factitabant
1054 4975 1338 5047 gestiente
1370 4974 1621 5046 quadam
1653 4974 1973 5045 alacritate,

322 5061 571 5117 innatos
602 5061 766 5133 genis
798 5062 946 5135 pilos
969 5062 1237 5119 nonnulli
1269 5062 1535 5119 bifariam
1562 5062 1973 5119 discriminan-

327 5152 445 5203 tes.
473 5148 539 5202 Et
573 5149 814 5205 memini
860 5166 951 5204 me
981 5151 1174 5205 videre
1206 5150 1288 5204 sic
1321 5153 1557 5221 agentes
1586 5149 1975 5205 exsultatione

326 5236 579 5307 ingenti,
615 5241 672 5293 et
702 5237 982 5294 addentes
1014 5239 1098 5294 sic
1134 5239 1343 5309 jubere
1375 5238 1809 5310 imperatorem,
1834 5240 1973 5294 dum

324 5333 448 5381 tam
482 5326 654 5381 beata
681 5327 854 5381 rebus
879 5327 997 5381 otia
1027 5333 1151 5381 tum
1188 5331 1507 5397 praestaret,
1532 5331 1655 5381 tum
1691 5328 1746 5382 in
1784 5332 1974 5399 poste-

327 5430 461 5468 rum
482 5412 876 5484 polliceretur,
891 5415 1111 5471 frustra
1125 5415 1489 5486 obstrepente
1502 5415 1517 5468 i
1530 5416 1729 5485 nsanis
1743 5416 1973 5487 gaudiis

336 5519 572 5557 morosa
616 5502 855 5558 tristitia
886 5507 1085 5559 vatum
1121 5503 1544 5570 ominosorum,
1572 5504 1765 5559 nescio
1819 5505 1973 5559 unde

336 5590 547 5645 hausta
576 5589 872 5646 divinandi
904 5592 1115 5647 fiducia
1146 5590 1298 5647 mala
1320 5591 1809 5661 denuntiantium,
1836 5609 1975 5663 quo-

337 5693 465 5733 rum
501 5676 607 5734 has
650 5679 803 5734 inter
845 5679 1413 5751 inauspicatissimas
1446 5696 1612 5734 voces
1647 5697 1713 5734 τι(
1736 5679 1971 5737 Vibrate

2088 4638 2240 4676 rum.
2268 4622 2457 4677 Causa
2487 4620 2729 4676 timendi
2762 4619 2995 4678 sultano
3041 4621 3230 4677 fuerat
3260 4623 3413 4694 quod
3448 4623 3725 4681 audiebat

2084 4709 2367 4765 Molecum
2401 4711 2733 4777 adventare,
2755 4709 3180 4781 verebaturque
3204 4726 3275 4766 ne
3306 4714 3498 4767 tantas
3521 4728 3722 4769 secum

2084 4815 2148 4854 ac
2192 4798 2336 4854 tales
2384 4798 2579 4869 copias
2630 4799 2885 4863 duceret,
2919 4798 3135 4868 quibus
3182 4799 3310 4870 ipse
3360 4800 3724 4858 sustinendis

2084 4888 2237 4942 haud
2273 4904 2377 4958 par
2406 4891 2576 4942 esset.
2598 4887 2811 4956 Pignus
2844 4904 3010 4957 porro
3035 4887 3260 4943 fiducia:
3284 4905 3421 4958 erga
3444 4888 3724 4945 Palaeolo-

2085 4993 2221 5048 gum
2255 4976 2487 5031 sultano
2520 4979 2642 5030 erat
2672 4976 2931 5031 amicitia
2960 4976 3113 5031 inter
3132 4993 3231 5032 eos
3265 4978 3485 5032 mutuis
3513 4978 3724 5035 officiis

2084 5067 2381 5121 contracta
2409 5062 2703 5135 cultaque,
2731 5081 2844 5135 quo
2892 5068 3156 5135 tempore
3186 5065 3242 5118 in
3276 5065 3510 5120 Perside
3542 5067 3721 5125 simul

2085 5152 2523 5207 fuerant.Venit
2552 5153 2751 5208 eodem
2777 5153 2844 5207 ad
2875 5154 3146 5208 eumdem
3178 5151 3389 5224 legatio
3423 5171 3629 5225 magna
3662 5157 3719 5212 in

2086 5242 2227 5297 urbe
2247 5242 2582 5313 degentium
2604 5240 3126 5311 Italorum,quibus
3149 5240 3417 5297 inducias
3436 5245 3723 5301 concessit

2083 5329 2220 5385 belli
2254 5330 2403 5400 quod
2452 5329 2509 5383 in
2566 5346 2663 5385 eos
2707 5330 3036 5400 gerebatur,
3061 5328 3347 5401 pollicens
3387 5330 3614 5386 tirmius
3657 5350 3720 5388 se

2085 5436 2217 5472 mox
2249 5423 2302 5473 et
2336 5417 2563 5488 plenius
2595 5434 2723 5471 cum
2756 5416 2900 5488 ipsis
2932 5417 3115 5471 ftedus
3147 5416 3453 5485 initurum,
3475 5418 3524 5471 si
3559 5434 3715 5490 qua:-

2083 5507 2215 5560 dam
2248 5506 2305 5558 in
2346 5508 2733 5568 antecessum,
2759 5520 2884 5575 quae
2936 5502 3371 5574 propositurum
3406 5518 3466 5557 se
3498 5504 3709 5573 aiebat,

2081 5594 2553 5663 exsequerentur.
2594 5596 2873 5646 Caeterum
2907 5590 3067 5662 ipsos
3098 5590 3337 5661 legatos,
3372 5593 3569 5661 utpote
3603 5593 3712 5648 Ro-

2084 5697 2286 5736 manos
2308 5684 2361 5734 ct
2384 5696 2447 5734 ex
2474 5680 2749 5734 Romanis
2780 5683 2958 5745 ortos,
2984 5695 3160 5749 quam
3203 5679 3388 5750 potuit
3421 5677 3711 5738 liberalis-
