  <div class='ocr_page' id='page_1' title='image "/cluster/home/n/w/nwhite01/storage/ocr_20150623/143/mdp.39015078384784/279.png"; bbox 0 0 4182 6286; ppageno 0'>
   <div class='ocr_carea' id='block_1_1' title="bbox 442 321 548 376">
    <p class='ocr_par' dir='ltr' id='par_1_1' title="bbox 442 321 548 376">
     <span class='ocr_line' id='line_1_1' title="bbox 442 321 548 376; baseline 0 -1"><span class='ocrx_word' id='word_1_1' title='bbox 442 321 548 376; x_wconf 75' lang='grc'>543</span> 
     </span>
    </p>
   </div>
   <div class='ocr_carea' id='block_1_2' title="bbox 1733 333 2537 392">
    <p class='ocr_par' dir='ltr' id='par_1_2' title="bbox 1733 333 2537 392">
     <span class='ocr_line' id='line_1_2' title="bbox 1733 333 2537 392; baseline -0.005 0"><span class='ocrx_word' id='word_1_2' title='bbox 1733 335 2033 392; x_wconf 78' lang='lat' dir='ltr'>GEORGII</span> <span class='ocrx_word' id='word_1_3' title='bbox 2074 333 2537 389; x_wconf 66' lang='lat' dir='ltr'>PACHYMERE</span> 
     </span>
    </p>
   </div>
   <div class='ocr_carea' id='block_1_3' title="bbox 3730 327 3839 382">
    <p class='ocr_par' dir='ltr' id='par_1_3' title="bbox 3730 327 3839 382">
     <span class='ocr_line' id='line_1_3' title="bbox 3730 327 3839 382; baseline 0 -1"><span class='ocrx_word' id='word_1_4' title='bbox 3730 327 3839 382; x_wconf 74' lang='grc'>544</span> 
     </span>
    </p>
   </div>
   <div class='ocr_carea' id='block_1_4' title="bbox 449 440 3845 541">
    <p class='ocr_par' dir='ltr' id='par_1_4' title="bbox 449 440 3845 541">
     <span class='ocr_line' id='line_1_4' title="bbox 449 440 3845 541; baseline 0.007 -44"><span class='ocrx_word' id='word_1_5' title='bbox 449 441 617 516; x_wconf 75' lang='grc' dir='ltr'>μηδὲν</span> <span class='ocrx_word' id='word_1_6' title='bbox 646 440 788 520; x_wconf 78' lang='grc' dir='ltr'>ἔχων</span> <span class='ocrx_word' id='word_1_7' title='bbox 823 447 873 500; x_wconf 77' lang='grc' dir='ltr'>ἐν</span> <span class='ocrx_word' id='word_1_8' title='bbox 931 453 999 521; x_wconf 79' lang='grc' dir='ltr'>τῇ</span> <span class='ocrx_word' id='word_1_9' title='bbox 1054 452 1212 504; x_wconf 76' lang='grc' dir='ltr'>πόλει</span> <span class='ocrx_word' id='word_1_10' title='bbox 1271 453 1574 520; x_wconf 71' lang='grc' dir='ltr'>ζητούντων</span> <span class='ocrx_word' id='word_1_11' title='bbox 1636 453 1812 510; x_wconf 79' lang='grc' dir='ltr'>ἐδίδου</span> <span class='ocrx_word' id='word_1_12' title='bbox 1871 456 1919 510; x_wconf 80' lang='grc' dir='ltr'>εἷ’</span> <span class='ocrx_word' id='word_1_13' title='bbox 1958 453 2085 527; x_wconf 64' lang='grc' dir='ltr'>ἕξει,</span> <span class='ocrx_word' id='word_1_14' title='bbox 2115 458 2169 525; x_wconf 76' lang='grc' dir='ltr'><strong>Α</strong></span> <span class='ocrx_word' id='word_1_15' title='bbox 2204 454 2328 541; x_wconf 41' lang='grc' dir='ltr'>ιβτο</span> <span class='ocrx_word' id='word_1_16' title='bbox 2378 458 2559 514; x_wconf 81' lang='grc' dir='ltr'>Ὅπως</span> <span class='ocrx_word' id='word_1_17' title='bbox 2592 526 2604 541; x_wconf 30' lang='grc'>⁸</span> <span class='ocrx_word' id='word_1_18' title='bbox 2644 452 2874 541; x_wconf 58' lang='grc' dir='ltr'>Μιχαὴλ</span> <span class='ocrx_word' id='word_1_19' title='bbox 2960 453 2987 505; x_wconf 82' lang='grc' dir='ltr'>ὁ</span> <span class='ocrx_word' id='word_1_20' title='bbox 3066 449 3329 541; x_wconf 64' lang='grc' dir='ltr'>δεσπτξτης</span> <span class='ocrx_word' id='word_1_21' title='bbox 3376 450 3845 541; x_wconf 46' lang='grc' dir='ltr'>(εττενοχωρηθεὲς</span> 
     </span>
    </p>
   </div>
   <div class='ocr_carea' id='block_1_5' title="bbox 443 530 2090 619">
    <p class='ocr_par' dir='ltr' id='par_1_5' title="bbox 443 530 2090 619">
     <span class='ocr_line' id='line_1_5' title="bbox 443 530 2090 619; baseline 0.007 -32"><span class='ocrx_word' id='word_1_22' title='bbox 443 532 532 587; x_wconf 83' lang='grc' dir='ltr'>καὶ</span> <span class='ocrx_word' id='word_1_23' title='bbox 593 530 1088 609; x_wconf 76' lang='grc' dir='ltr'>χρυσοϐουλλείοις</span> <span class='ocrx_word' id='word_1_24' title='bbox 1120 538 1309 613; x_wconf 84' lang='grc' dir='ltr'>λόγοις</span> <span class='ocrx_word' id='word_1_25' title='bbox 1344 542 1793 619; x_wconf 66' lang='grc' dir='ltr'>κατησιραλίζετο</span> <span class='ocrx_word' id='word_1_26' title='bbox 1839 546 1905 599; x_wconf 71' lang='grc' dir='ltr'>τά</span> <span class='ocrx_word' id='word_1_27' title='bbox 1944 542 2090 598; x_wconf 83' lang='grc' dir='ltr'>διδό-</span> 
     </span>
    </p>
   </div>
   <div class='ocr_carea' id='block_1_6' title="bbox 449 623 2086 706">
    <p class='ocr_par' dir='ltr' id='par_1_6' title="bbox 449 623 2086 706">
     <span class='ocr_line' id='line_1_6' title="bbox 449 623 2086 706; baseline 0.007 -32"><span class='ocrx_word' id='word_1_28' title='bbox 449 641 603 693; x_wconf 87' lang='grc' dir='ltr'>μενα.</span> <span class='ocrx_word' id='word_1_29' title='bbox 662 624 957 679; x_wconf 76' lang='grc' dir='ltr'>Κάντεῦθεν</span> <span class='ocrx_word' id='word_1_30' title='bbox 1008 623 1366 705; x_wconf 65' lang='grc' dir='ltr'>προσεφέρετο</span> <span class='ocrx_word' id='word_1_31' title='bbox 1416 633 1489 692; x_wconf 86' lang='grc' dir='ltr'>ὡς</span> <span class='ocrx_word' id='word_1_32' title='bbox 1550 629 1732 704; x_wconf 82' lang='grc' dir='ltr'>ἰδίοις,</span> <span class='ocrx_word' id='word_1_33' title='bbox 1781 633 1868 686; x_wconf 82' lang='grc' dir='ltr'>καὶ</span> <span class='ocrx_word' id='word_1_34' title='bbox 1900 638 2086 706; x_wconf 88' lang='grc' dir='ltr'>πεῖραν</span> 
     </span>
    </p>
   </div>
   <div class='ocr_carea' id='block_1_7' title="bbox 448 707 2089 794">
    <p class='ocr_par' dir='ltr' id='par_1_7' title="bbox 448 707 2089 794">
     <span class='ocr_line' id='line_1_7' title="bbox 448 707 2089 794; baseline 0.007 -32"><span class='ocrx_word' id='word_1_35' title='bbox 448 707 629 771; x_wconf 77' lang='grc' dir='ltr'>διδοὺς</span> <span class='ocrx_word' id='word_1_36' title='bbox 660 712 748 766; x_wconf 84' lang='grc' dir='ltr'>καὶ</span> <span class='ocrx_word' id='word_1_37' title='bbox 782 708 1074 785; x_wconf 75' lang='grc' dir='ltr'>λαμϐάνων</span> <span class='ocrx_word' id='word_1_38' title='bbox 1106 716 1310 792; x_wconf 84' lang='grc' dir='ltr'>ἆνήρτα</span> <span class='ocrx_word' id='word_1_39' title='bbox 1337 719 1404 773; x_wconf 81' lang='grc' dir='ltr'>τὰ</span> <span class='ocrx_word' id='word_1_40' title='bbox 1443 724 1550 774; x_wconf 92' lang='grc' dir='ltr'>τῶν</span> <span class='ocrx_word' id='word_1_41' title='bbox 1607 718 1874 788; x_wconf 77' lang='grc' dir='ltr'>σπονδῶν,</span> <span class='ocrx_word' id='word_1_42' title='bbox 1919 740 2089 794; x_wconf 89' lang='grc' dir='ltr'>προσ-</span> 
     </span>
    </p>
   </div>
   <div class='ocr_carea' id='block_1_8' title="bbox 448 794 2092 883">
    <p class='ocr_par' dir='ltr' id='par_1_8' title="bbox 448 794 2092 883">
     <span class='ocr_line' id='line_1_8' title="bbox 448 794 2092 883; baseline 0.008 -34"><span class='ocrx_word' id='word_1_43' title='bbox 448 794 624 850; x_wconf 81' lang='grc' dir='ltr'>δοκῶν</span> <span class='ocrx_word' id='word_1_44' title='bbox 654 820 703 853; x_wconf 88' lang='grc' dir='ltr'>τι</span> <span class='ocrx_word' id='word_1_45' title='bbox 738 805 920 872; x_wconf 82' lang='grc' dir='ltr'>μεῖζον</span> <span class='ocrx_word' id='word_1_46' title='bbox 956 800 1005 872; x_wconf 80' lang='grc' dir='ltr'>ἐξ</span> <span class='ocrx_word' id='word_1_47' title='bbox 1038 802 1112 857; x_wconf 84' lang='grc' dir='ltr'>ὧν</span> <span class='ocrx_word' id='word_1_48' title='bbox 1162 803 1421 877; x_wconf 74' lang='grc' dir='ltr'>ἐμάνθανε</span> <span class='ocrx_word' id='word_1_49' title='bbox 1466 813 1583 869; x_wconf 79' lang='grc' dir='ltr'>τοῖς</span> <span class='ocrx_word' id='word_1_50' title='bbox 1632 805 1913 883; x_wconf 72' lang='grc' dir='ltr'>πρέσϐεσιν</span> <span class='ocrx_word' id='word_1_51' title='bbox 1965 810 2092 879; x_wconf 82' lang='grc' dir='ltr'>ὁμι-</span> 
     </span>
    </p>
   </div>
   <div class='ocr_carea' id='block_1_9' title="bbox 449 882 2089 967">
    <p class='ocr_par' dir='ltr' id='par_1_9' title="bbox 449 882 2089 967">
     <span class='ocr_line' id='line_1_9' title="bbox 449 882 2089 967; baseline 0.007 -30"><span class='ocrx_word' id='word_1_52' title='bbox 449 882 583 940; x_wconf 86' lang='grc' dir='ltr'>λῶν.</span> <span class='ocrx_word' id='word_1_53' title='bbox 617 887 750 949; x_wconf 84' lang='grc' dir='ltr'>Τοῖς</span> <span class='ocrx_word' id='word_1_54' title='bbox 784 885 840 943; x_wconf 78' lang='grc' dir='ltr'>δὲ</span> <span class='ocrx_word' id='word_1_55' title='bbox 881 886 1123 953; x_wconf 81' lang='grc' dir='ltr'>δυτικοῖς</span> <span class='ocrx_word' id='word_1_56' title='bbox 1173 898 1577 967; x_wconf 84' lang='grc' dir='ltr'>προσετετήκει.</span> <span class='ocrx_word' id='word_1_57' title='bbox 1638 882 1794 959; x_wconf 86' lang='grc' dir='ltr'>’Ὀθεν</span> <span class='ocrx_word' id='word_1_58' title='bbox 1853 898 1939 951; x_wconf 85' lang='grc' dir='ltr'>καὶ</span> <span class='ocrx_word' id='word_1_59' title='bbox 1998 896 2089 950; x_wconf 86' lang='grc' dir='ltr'>τὸν</span> 
     </span>
    </p>
   </div>
   <div class='ocr_carea' id='block_1_10' title="bbox 446 972 2091 1057">
    <p class='ocr_par' dir='ltr' id='par_1_10' title="bbox 446 972 2091 1057">
     <span class='ocr_line' id='line_1_10' title="bbox 446 972 2091 1057; baseline 0.007 -32"><span class='ocrx_word' id='word_1_60' title='bbox 446 972 647 1027; x_wconf 81' lang='grc' dir='ltr'>οἰκεῖον</span> <span class='ocrx_word' id='word_1_61' title='bbox 680 973 915 1054; x_wconf 68' lang='grc' dir='ltr'>ἀδελφὸν</span> <span class='ocrx_word' id='word_1_62' title='bbox 947 977 1218 1051; x_wconf 81' lang='grc' dir='ltr'>Ἰωάννην,</span> <span class='ocrx_word' id='word_1_63' title='bbox 1251 983 1413 1056; x_wconf 75' lang='grc' dir='ltr'>μέγαν</span> <span class='ocrx_word' id='word_1_64' title='bbox 1458 982 1532 1037; x_wconf 78' lang='grc' dir='ltr'>ἔτι</span> <span class='ocrx_word' id='word_1_65' title='bbox 1584 982 1899 1057; x_wconf 78' lang='grc' dir='ltr'>δομὲστικον</span> <span class='ocrx_word' id='word_1_66' title='bbox 1946 981 2091 1053; x_wconf 79' lang='grc' dir='ltr'>ὅντα,</span> 
     </span>
    </p>
   </div>
   <div class='ocr_carea' id='block_1_11' title="bbox 445 1061 1507 1143">
    <p class='ocr_par' dir='ltr' id='par_1_11' title="bbox 445 1061 1507 1143">
     <span class='ocr_line' id='line_1_11' title="bbox 445 1061 1507 1143; baseline 0.012 -30"><span class='ocrx_word' id='word_1_67' title='bbox 445 1061 657 1135; x_wconf 82' lang='grc' dir='ltr'>σύναμα</span> <span class='ocrx_word' id='word_1_68' title='bbox 686 1063 967 1128; x_wconf 71' lang='grc' dir='ltr'>πλείσταις</span> <span class='ocrx_word' id='word_1_69' title='bbox 1000 1064 1253 1141; x_wconf 83' lang='grc' dir='ltr'>δυνάμεσι</span> <span class='ocrx_word' id='word_1_70' title='bbox 1284 1072 1507 1143; x_wconf 82' lang='grc' dir='ltr'>πὲμπει.</span> 
     </span>
    </p>
   </div>
   <div class='ocr_carea' id='block_1_12' title="bbox 451 1170 2095 1255">
    <p class='ocr_par' dir='ltr' id='par_1_12' title="bbox 451 1170 2095 1255">
     <span class='ocr_line' id='line_1_12' title="bbox 451 1170 2095 1255; baseline 0.007 -34"><span class='ocrx_word' id='word_1_71' title='bbox 451 1170 537 1225; x_wconf 87' lang='grc' dir='ltr'>ια’.</span> <span class='ocrx_word' id='word_1_72' title='bbox 578 1171 768 1234; x_wconf 83' lang='grc' dir='ltr'>’Όπως</span> <span class='ocrx_word' id='word_1_73' title='bbox 806 1174 833 1226; x_wconf 86' lang='grc' dir='ltr'>ὁ</span> <span class='ocrx_word' id='word_1_74' title='bbox 882 1174 1676 1255; x_wconf 30' lang='grc' dir='ltr'>τούμβασιλέωεαύτὶάδελφος</span> <span class='ocrx_word' id='word_1_75' title='bbox 1726 1179 1979 1247; x_wconf 75' lang='grc' dir='ltr'>Ἰωάννης</span> <span class='ocrx_word' id='word_1_76' title='bbox 2030 1178 2095 1232; x_wconf 73' lang='grc' dir='ltr'>τὰ</span> 
     </span>
    </p>
   </div>
   <div class='ocr_carea' id='block_1_13' title="bbox 970 1244 1570 1321">
    <p class='ocr_par' dir='ltr' id='par_1_13' title="bbox 970 1244 1570 1321">
     <span class='ocr_line' id='line_1_13' title="bbox 970 1244 1570 1321; baseline 0.008 -23"><span class='ocrx_word' id='word_1_77' title='bbox 970 1244 1250 1318; x_wconf 76' lang='grc' dir='ltr'>ἀξιώματα</span> <span class='ocrx_word' id='word_1_78' title='bbox 1279 1244 1570 1321; x_wconf 76' lang='grc' dir='ltr'>ἐλάμϐανε.</span> 
     </span>
    </p>
   </div>
   <div class='ocr_carea' id='block_1_14' title="bbox 521 1330 2092 1411">
    <p class='ocr_par' dir='ltr' id='par_1_14' title="bbox 521 1330 2092 1411">
     <span class='ocr_line' id='line_1_14' title="bbox 521 1330 2092 1411; baseline 0.002 -26"><span class='ocrx_word' id='word_1_79' title='bbox 521 1330 616 1390; x_wconf 70' lang='lat' dir='ltr'>&quot;Oc</span> <span class='ocrx_word' id='word_1_80' title='bbox 690 1337 803 1391; x_wconf 82' lang='grc' dir='ltr'>τοῖς</span> <span class='ocrx_word' id='word_1_81' title='bbox 862 1330 1098 1395; x_wconf 79' lang='grc' dir='ltr'>δ·.›τικοῖς</span> <span class='ocrx_word' id='word_1_82' title='bbox 1154 1333 1373 1399; x_wconf 73' lang='grc' dir='ltr'>ἐπιστὰς</span> <span class='ocrx_word' id='word_1_83' title='bbox 1431 1332 1658 1411; x_wconf 71' lang='grc' dir='ltr'>φοϐερὸν</span> <span class='ocrx_word' id='word_1_84' title='bbox 1717 1335 1861 1408; x_wconf 67' lang='grc' dir='ltr'>ἔδοξε</span> <span class='ocrx_word' id='word_1_85' title='bbox 1918 1336 2092 1391; x_wconf 73' lang='grc' dir='ltr'>πνέειν</span> 
     </span>
    </p>
   </div>
   <div class='ocr_carea' id='block_1_15' title="bbox 448 1414 2093 1496">
    <p class='ocr_par' dir='ltr' id='par_1_15' title="bbox 448 1414 2093 1496">
     <span class='ocr_line' id='line_1_15' title="bbox 448 1414 2093 1496; baseline 0.006 -28"><span class='ocrx_word' id='word_1_86' title='bbox 448 1414 702 1487; x_wconf 83' lang='grc' dir='ltr'>ἐκείνοις,</span> <span class='ocrx_word' id='word_1_87' title='bbox 765 1419 875 1489; x_wconf 78' lang='grc' dir='ltr'>ἅμα</span> <span class='ocrx_word' id='word_1_88' title='bbox 909 1420 1002 1491; x_wconf 72' lang='grc' dir='ltr'>μὲν</span> <span class='ocrx_word' id='word_1_89' title='bbox 1034 1426 1111 1491; x_wconf 81' lang='grc' dir='ltr'>τῷ</span> <span class='ocrx_word' id='word_1_90' title='bbox 1158 1424 1342 1495; x_wconf 80' lang='grc' dir='ltr'>Θερμῷ</span> <span class='ocrx_word' id='word_1_91' title='bbox 1388 1431 1488 1493; x_wconf 80' lang='grc' dir='ltr'>τῆς</span> <span class='ocrx_word' id='word_1_92' title='bbox 1540 1426 1815 1495; x_wconf 77' lang='grc' dir='ltr'>νεότητος,</span> <span class='ocrx_word' id='word_1_93' title='bbox 1871 1427 1981 1496; x_wconf 81' lang='grc' dir='ltr'>ἅμα</span> <span class='ocrx_word' id='word_1_94' title='bbox 2040 1422 2093 1478; x_wconf 74' lang='grc' dir='ltr'>δὲ</span> 
     </span>
    </p>
   </div>
   <div class='ocr_carea' id='block_1_16' title="bbox 446 1505 2089 1586">
    <p class='ocr_par' dir='ltr' id='par_1_16' title="bbox 446 1505 2089 1586">
     <span class='ocr_line' id='line_1_16' title="bbox 446 1505 2089 1586; baseline 0.007 -29"><span class='ocrx_word' id='word_1_95' title='bbox 446 1505 534 1557; x_wconf 75' lang='grc' dir='ltr'>καὶ</span> <span class='ocrx_word' id='word_1_96' title='bbox 594 1510 671 1576; x_wconf 80' lang='grc' dir='ltr'>τῷ</span> <span class='ocrx_word' id='word_1_97' title='bbox 702 1506 824 1579; x_wconf 88' lang='grc' dir='ltr'>περὶ</span> <span class='ocrx_word' id='word_1_98' title='bbox 875 1505 1075 1562; x_wconf 84' lang='grc' dir='ltr'>ἐκεῖνον</span> <span class='ocrx_word' id='word_1_99' title='bbox 1127 1512 1486 1584; x_wconf 73' lang='grc' dir='ltr'>στρατεύματι</span> <span class='ocrx_word' id='word_1_100' title='bbox 1530 1512 1948 1586; x_wconf 73' lang='grc' dir='ltr'>κουφιζόμενος,</span> <span class='ocrx_word' id='word_1_101' title='bbox 2004 1509 2089 1568; x_wconf 72' lang='grc' dir='ltr'>καὶ</span> 
     </span>
    </p>
   </div>
   <div class='ocr_carea' id='block_1_17' title="bbox 449 1592 2095 1677">
    <p class='ocr_par' dir='ltr' id='par_1_17' title="bbox 449 1592 2095 1677">
     <span class='ocr_line' id='line_1_17' title="bbox 449 1592 2095 1677; baseline 0.009 -33"><span class='ocrx_word' id='word_1_102' title='bbox 449 1592 663 1665; x_wconf 76' lang='grc' dir='ltr'>ἀπτέρῳ</span> <span class='ocrx_word' id='word_1_103' title='bbox 708 1594 866 1668; x_wconf 71' lang='grc' dir='ltr'>τάχει</span> <span class='ocrx_word' id='word_1_104' title='bbox 915 1596 1056 1668; x_wconf 76' lang='grc' dir='ltr'>αἱρεῖ</span> <span class='ocrx_word' id='word_1_105' title='bbox 1110 1599 1202 1669; x_wconf 74' lang='grc' dir='ltr'>μὲν</span> <span class='ocrx_word' id='word_1_106' title='bbox 1251 1602 1313 1653; x_wconf 88' lang='grc' dir='ltr'>τὸ</span> <span class='ocrx_word' id='word_1_107' title='bbox 1343 1602 1464 1673; x_wconf 80' lang='grc' dir='ltr'>περὶ</span> <span class='ocrx_word' id='word_1_108' title='bbox 1495 1602 1561 1655; x_wconf 75' lang='grc' dir='ltr'>τὰ</span> <span class='ocrx_word' id='word_1_109' title='bbox 1591 1602 1784 1655; x_wconf 84' lang='grc' dir='ltr'>Κάνινα</span> <span class='ocrx_word' id='word_1_110' title='bbox 1814 1602 2095 1677; x_wconf 73' lang='grc' dir='ltr'>φρούριον.</span> 
     </span>
    </p>
   </div>
   <div class='ocr_carea' id='block_1_18' title="bbox 442 1679 2091 1765">
    <p class='ocr_par' dir='ltr' id='par_1_18' title="bbox 442 1679 2091 1765">
     <span class='ocr_line' id='line_1_18' title="bbox 442 1679 2091 1765; baseline 0.007 -33"><span class='ocrx_word' id='word_1_111' title='bbox 442 1681 583 1754; x_wconf 72' lang='grc' dir='ltr'>αἱρεὶ</span> <span class='ocrx_word' id='word_1_112' title='bbox 618 1679 673 1735; x_wconf 77' lang='grc' dir='ltr'>δὲ</span> <span class='ocrx_word' id='word_1_113' title='bbox 729 1683 817 1734; x_wconf 81' lang='grc' dir='ltr'>καὶ</span> <span class='ocrx_word' id='word_1_114' title='bbox 874 1684 936 1736; x_wconf 89' lang='grc' dir='ltr'>τὸ</span> <span class='ocrx_word' id='word_1_115' title='bbox 993 1684 1117 1758; x_wconf 85' lang='grc' dir='ltr'>περὶ</span> <span class='ocrx_word' id='word_1_116' title='bbox 1175 1687 1243 1739; x_wconf 73' lang='grc' dir='ltr'>τὰ</span> <span class='ocrx_word' id='word_1_117' title='bbox 1300 1686 1649 1761; x_wconf 81' lang='grc' dir='ltr'>Βελλάγραὸα</span> <span class='ocrx_word' id='word_1_118' title='bbox 1699 1688 1790 1743; x_wconf 80' lang='grc' dir='ltr'>καὶ</span> <span class='ocrx_word' id='word_1_119' title='bbox 1848 1687 2091 1765; x_wconf 85' lang='grc' dir='ltr'>Πόλογον</span> 
     </span>
    </p>
   </div>
   <div class='ocr_carea' id='block_1_19' title="bbox 2268 521 3845 598">
    <p class='ocr_par' dir='ltr' id='par_1_19' title="bbox 2268 521 3845 598">
     <span class='ocr_line' id='line_1_19' title="bbox 2268 521 3845 598; baseline -0.003 -20"><span class='ocrx_word' id='word_1_120' title='bbox 2268 524 2473 598; x_wconf 83' lang='grc' dir='ltr'>πὲμπει</span> <span class='ocrx_word' id='word_1_121' title='bbox 2546 526 2644 593; x_wconf 70' lang='grc' dir='ltr'>τὴν</span> <span class='ocrx_word' id='word_1_122' title='bbox 2720 521 2944 598; x_wconf 74' lang='grc' dir='ltr'>σύζυγον</span> <span class='ocrx_word' id='word_1_123' title='bbox 3022 524 3112 577; x_wconf 84' lang='grc' dir='ltr'>καὶ</span> <span class='ocrx_word' id='word_1_124' title='bbox 3182 523 3270 576; x_wconf 88' lang='grc' dir='ltr'>τὸν</span> <span class='ocrx_word' id='word_1_125' title='bbox 3342 521 3455 574; x_wconf 70' lang='grc' dir='ltr'>υἱὸν</span> <span class='ocrx_word' id='word_1_126' title='bbox 3530 521 3677 594; x_wconf 76' lang='grc' dir='ltr'>παρα</span> <span class='ocrx_word' id='word_1_127' title='bbox 3750 522 3845 574; x_wconf 82' lang='grc' dir='ltr'>τὸν</span> 
     </span>
    </p>
   </div>
   <div class='ocr_carea' id='block_1_20' title="bbox 2273 593 2518 667">
    <p class='ocr_par' dir='ltr' id='par_1_20' title="bbox 2273 593 2518 667">
     <span class='ocr_line' id='line_1_20' title="bbox 2273 593 2518 667; baseline 0.008 -19"><span class='ocrx_word' id='word_1_128' title='bbox 2273 593 2518 667; x_wconf 73' lang='grc' dir='ltr'>βασιλέα.</span> 
     </span>
    </p>
   </div>
   <div class='ocr_carea' id='block_1_21' title="bbox 2265 713 3844 794">
    <p class='ocr_par' dir='ltr' id='par_1_21' title="bbox 2265 713 3844 794">
     <span class='ocr_line' id='line_1_21' title="bbox 2265 713 3844 794; baseline 0 -25"><span class='ocrx_word' id='word_1_129' title='bbox 2265 720 2321 769; x_wconf 90' lang='lat'>&#39;0</span> <span class='ocrx_word' id='word_1_130' title='bbox 2376 716 2432 773; x_wconf 78' lang='grc' dir='ltr'>δέ</span> <span class='ocrx_word' id='word_1_131' title='bbox 2459 739 2518 793; x_wconf 88' lang='grc' dir='ltr'>γε</span> <span class='ocrx_word' id='word_1_132' title='bbox 2560 718 2816 794; x_wconf 74' lang='grc' dir='ltr'>Μιχαὴλ,</span> <span class='ocrx_word' id='word_1_133' title='bbox 2873 718 3005 790; x_wconf 83' lang='grc' dir='ltr'>μεθὸ</span> <span class='ocrx_word' id='word_1_134' title='bbox 3064 713 3521 791; x_wconf 77' lang='grc' dir='ltr'>συγχρησαμὲνου</span> <span class='ocrx_word' id='word_1_135' title='bbox 3570 720 3689 776; x_wconf 84' lang='grc' dir='ltr'>ταῖς</span> <span class='ocrx_word' id='word_1_136' title='bbox 3744 717 3844 770; x_wconf 85' lang='grc' dir='ltr'>ὑπὸ</span> 
     </span>
    </p>
   </div>
   <div class='ocr_carea' id='block_1_22' title="bbox 2193 802 3844 881">
    <p class='ocr_par' dir='ltr' id='par_1_22' title="bbox 2193 802 3844 881">
     <span class='ocr_line' id='line_1_22' title="bbox 2193 802 3844 881; baseline -0.002 -21"><span class='ocrx_word' id='word_1_137' title='bbox 2193 810 2290 860; x_wconf 78' lang='grc' dir='ltr'>τοῦ</span> <span class='ocrx_word' id='word_1_138' title='bbox 2339 802 2590 881; x_wconf 74' lang='grc' dir='ltr'>γαμϐροῦ</span> <span class='ocrx_word' id='word_1_139' title='bbox 2620 806 2816 880; x_wconf 75' lang='grc' dir='ltr'>Μαφρὲ</span> <span class='ocrx_word' id='word_1_140' title='bbox 2869 805 3208 881; x_wconf 74' lang='grc' dir='ltr'>συμμαχίαις</span> <span class='ocrx_word' id='word_1_141' title='bbox 3264 804 3328 859; x_wconf 80' lang='grc' dir='ltr'>τὰ</span> <span class='ocrx_word' id='word_1_142' title='bbox 3356 803 3491 859; x_wconf 84' lang='grc' dir='ltr'>κατὰ</span> <span class='ocrx_word' id='word_1_143' title='bbox 3520 802 3609 856; x_wconf 85' lang='grc' dir='ltr'>τὸν</span> <span class='ocrx_word' id='word_1_144' title='bbox 3644 802 3844 859; x_wconf 85' lang='grc' dir='ltr'>Καίσα-</span> 
     </span>
    </p>
   </div>
   <div class='ocr_carea' id='block_1_23' title="bbox 2197 887 3838 969">
    <p class='ocr_par' dir='ltr' id='par_1_23' title="bbox 2197 887 3838 969">
     <span class='ocr_line' id='line_1_23' title="bbox 2197 887 3838 969; baseline -0.001 -22"><span class='ocrx_word' id='word_1_145' title='bbox 2197 914 2261 969; x_wconf 69' lang='grc' dir='ltr'>ρτ</span> <span class='ocrx_word' id='word_1_146' title='bbox 2313 890 2507 965; x_wconf 70' lang='grc' dir='ltr'>συνέϐη</span> <span class='ocrx_word' id='word_1_147' title='bbox 2563 896 2683 969; x_wconf 84' lang='grc' dir='ltr'>περὶ</span> <span class='ocrx_word' id='word_1_148' title='bbox 2745 895 2819 949; x_wconf 83' lang='grc' dir='ltr'>ὧν</span> <span class='ocrx_word' id='word_1_149' title='bbox 2881 915 2973 966; x_wconf 88' lang='grc' dir='ltr'>μοι</span> <span class='ocrx_word' id='word_1_150' title='bbox 3028 894 3408 968; x_wconf 83' lang='grc' dir='ltr'>προανετάχοη</span> <span class='ocrx_word' id='word_1_151' title='bbox 3474 895 3595 945; x_wconf 72' lang='grc' dir='ltr'>νοῦν</span> <span class='ocrx_word' id='word_1_152' title='bbox 3655 887 3838 945; x_wconf 71' lang='grc' dir='ltr'>λαϐὼν</span> 
     </span>
    </p>
   </div>
   <div class='ocr_carea' id='block_1_24' title="bbox 2196 979 3832 1056">
    <p class='ocr_par' dir='ltr' id='par_1_24' title="bbox 2196 979 3832 1056">
     <span class='ocr_line' id='line_1_24' title="bbox 2196 979 3832 1056; baseline -0.002 -19"><span class='ocrx_word' id='word_1_153' title='bbox 2196 981 2436 1053; x_wconf 85' lang='grc' dir='ltr'>ἀλούσης</span> <span class='ocrx_word' id='word_1_154' title='bbox 2489 990 2589 1051; x_wconf 80' lang='grc' dir='ltr'>τῆς</span> <span class='ocrx_word' id='word_1_155' title='bbox 2644 982 2860 1044; x_wconf 83' lang='grc' dir='ltr'>πόλεως</span> <span class='ocrx_word' id='word_1_156' title='bbox 2918 983 3119 1056; x_wconf 71' lang='grc' dir='ltr'>πέμπει</span> <span class='ocrx_word' id='word_1_157' title='bbox 3179 982 3312 1056; x_wconf 84' lang='grc' dir='ltr'>πρὸς</span> <span class='ocrx_word' id='word_1_158' title='bbox 3364 979 3591 1053; x_wconf 72' lang='grc' dir='ltr'>βασιλέα</span> <span class='ocrx_word' id='word_1_159' title='bbox 3633 982 3729 1049; x_wconf 81' lang='grc' dir='ltr'>τήν</span> <span class='ocrx_word' id='word_1_160' title='bbox 3778 1001 3832 1034; x_wconf 84' lang='grc' dir='ltr'>τε</span> 
     </span>
    </p>
   </div>
   <div class='ocr_carea' id='block_1_25' title="bbox 2199 1066 3830 1147">
    <p class='ocr_par' dir='ltr' id='par_1_25' title="bbox 2199 1066 3830 1147">
     <span class='ocr_line' id='line_1_25' title="bbox 2199 1066 3830 1147; baseline -0.002 -22"><span class='ocrx_word' id='word_1_161' title='bbox 2199 1071 2420 1147; x_wconf 79' lang='grc' dir='ltr'>σύζυγον</span> <span class='ocrx_word' id='word_1_162' title='bbox 2454 1069 2733 1147; x_wconf 82' lang='grc' dir='ltr'>Θεοδώραν</span> <span class='ocrx_word' id='word_1_163' title='bbox 2793 1072 2881 1125; x_wconf 88' lang='grc' dir='ltr'>καὶ</span> <span class='ocrx_word' id='word_1_164' title='bbox 2943 1072 3193 1139; x_wconf 74' lang='grc' dir='ltr'>Ἰωάννην</span> <span class='ocrx_word' id='word_1_165' title='bbox 3244 1069 3333 1123; x_wconf 87' lang='grc' dir='ltr'>τὸν</span> <span class='ocrx_word' id='word_1_166' title='bbox 3385 1066 3572 1137; x_wconf 80' lang='grc' dir='ltr'>παῖδα,</span> <span class='ocrx_word' id='word_1_167' title='bbox 3632 1068 3830 1137; x_wconf 75' lang='grc' dir='ltr'>ἐκείνην</span> 
     </span>
    </p>
   </div>
   <div class='ocr_carea' id='block_1_26' title="bbox 2200 1154 3837 1233">
    <p class='ocr_par' dir='ltr' id='par_1_26' title="bbox 2200 1154 3837 1233">
     <span class='ocr_line' id='line_1_26' title="bbox 2200 1154 3837 1233; baseline -0.002 -19"><span class='ocrx_word' id='word_1_168' title='bbox 2200 1160 2294 1233; x_wconf 73' lang='grc' dir='ltr'>μὲν</span> <span class='ocrx_word' id='word_1_169' title='bbox 2351 1161 2445 1221; x_wconf 76' lang='grc' dir='ltr'>τὰς</span> <span class='ocrx_word' id='word_1_170' title='bbox 2504 1160 2772 1233; x_wconf 78' lang='grc' dir='ltr'>εἰρηνικάς</span> <span class='ocrx_word' id='word_1_171' title='bbox 2822 1154 3274 1233; x_wconf 74' lang='grc' dir='ltr'>πρεσϐεύσουσαν,</span> <span class='ocrx_word' id='word_1_172' title='bbox 3306 1158 3393 1211; x_wconf 85' lang='grc' dir='ltr'>τὸν</span> <span class='ocrx_word' id='word_1_173' title='bbox 3454 1155 3498 1211; x_wconf 90' lang='grc' dir='ltr'>δ’</span> <span class='ocrx_word' id='word_1_174' title='bbox 3555 1158 3669 1211; x_wconf 75' lang='grc' dir='ltr'>υἱὸν</span> <span class='ocrx_word' id='word_1_175' title='bbox 3720 1157 3837 1211; x_wconf 81' lang='grc' dir='ltr'>ἐσό-</span> 
     </span>
    </p>
   </div>
   <div class='ocr_carea' id='block_1_27' title="bbox 2201 1244 3838 1322">
    <p class='ocr_par' dir='ltr' id='par_1_27' title="bbox 2201 1244 3838 1322">
     <span class='ocr_line' id='line_1_27' title="bbox 2201 1244 3838 1322; baseline -0.004 -19"><span class='ocrx_word' id='word_1_176' title='bbox 2201 1270 2359 1321; x_wconf 84' lang='grc' dir='ltr'>μενον</span> <span class='ocrx_word' id='word_1_177' title='bbox 2392 1248 2625 1322; x_wconf 80' lang='grc' dir='ltr'>ὅμηρον,</span> <span class='ocrx_word' id='word_1_178' title='bbox 2682 1247 2826 1315; x_wconf 69' lang='grc' dir='ltr'>πλὴν</span> <span class='ocrx_word' id='word_1_179' title='bbox 2857 1246 2907 1302; x_wconf 78' lang='grc' dir='ltr'>ἐς</span> <span class='ocrx_word' id='word_1_180' title='bbox 2950 1244 3211 1317; x_wconf 80' lang='grc' dir='ltr'>διηνεκὲς,</span> <span class='ocrx_word' id='word_1_181' title='bbox 3270 1246 3350 1320; x_wconf 73' lang='grc' dir='ltr'>ἐφ’</span> <span class='ocrx_word' id='word_1_182' title='bbox 3390 1246 3512 1299; x_wconf 81' lang='grc' dir='ltr'>ὅσον</span> <span class='ocrx_word' id='word_1_183' title='bbox 3547 1246 3681 1316; x_wconf 76' lang='grc' dir='ltr'>ζῴη,</span> <span class='ocrx_word' id='word_1_184' title='bbox 3712 1244 3838 1313; x_wconf 81' lang='grc' dir='ltr'>ἀξό-</span> 
     </span>
    </p>
   </div>
   <div class='ocr_carea' id='block_1_28' title="bbox 2201 1329 3838 1410">
    <p class='ocr_par' dir='ltr' id='par_1_28' title="bbox 2201 1329 3838 1410">
     <span class='ocr_line' id='line_1_28' title="bbox 2201 1329 3838 1410; baseline -0.005 -18"><span class='ocrx_word' id='word_1_185' title='bbox 2201 1359 2359 1410; x_wconf 89' lang='grc' dir='ltr'>μενον</span> <span class='ocrx_word' id='word_1_186' title='bbox 2408 1337 2495 1391; x_wconf 84' lang='grc' dir='ltr'>καὶ</span> <span class='ocrx_word' id='word_1_187' title='bbox 2552 1339 2649 1406; x_wconf 71' lang='grc' dir='ltr'>τὴν</span> <span class='ocrx_word' id='word_1_188' title='bbox 2710 1339 3129 1407; x_wconf 70' lang='grc' dir='ltr'>συνοικήσουσαν</span> <span class='ocrx_word' id='word_1_189' title='bbox 3185 1333 3594 1410; x_wconf 83' lang='grc' dir='ltr'>προσηκόντως,</span> <span class='ocrx_word' id='word_1_190' title='bbox 3649 1334 3709 1400; x_wconf 77' lang='grc' dir='ltr'>ἦν</span> <span class='ocrx_word' id='word_1_191' title='bbox 3772 1329 3838 1399; x_wconf 78' lang='grc' dir='ltr'>δὴ</span> 
     </span>
    </p>
   </div>
   <div class='ocr_carea' id='block_1_29' title="bbox 2198 1420 3838 1500">
    <p class='ocr_par' dir='ltr' id='par_1_29' title="bbox 2198 1420 3838 1500">
     <span class='ocr_line' id='line_1_29' title="bbox 2198 1420 3838 1500; baseline -0.005 -18"><span class='ocrx_word' id='word_1_192' title='bbox 2198 1429 2287 1482; x_wconf 87' lang='grc' dir='ltr'>καὶ</span> <span class='ocrx_word' id='word_1_193' title='bbox 2344 1425 2503 1481; x_wconf 82' lang='grc' dir='ltr'>δώσει</span> <span class='ocrx_word' id='word_1_194' title='bbox 2555 1429 2582 1482; x_wconf 89' lang='grc' dir='ltr'>ὁ</span> <span class='ocrx_word' id='word_1_195' title='bbox 2640 1425 2915 1500; x_wconf 84' lang='grc' dir='ltr'>βασιλεύς.</span> <span class='ocrx_word' id='word_1_196' title='bbox 2948 1427 3079 1480; x_wconf 84' lang='grc' dir='ltr'>Τότε</span> <span class='ocrx_word' id='word_1_197' title='bbox 3121 1428 3247 1499; x_wconf 76' lang='grc' dir='ltr'>γοῦν</span> <span class='ocrx_word' id='word_1_198' title='bbox 3283 1423 3486 1483; x_wconf 83' lang='grc' dir='ltr'>ἐκεῖνος</span> <span class='ocrx_word' id='word_1_199' title='bbox 3519 1420 3605 1476; x_wconf 68' lang='grc' dir='ltr'>διὰ</span> <span class='ocrx_word' id='word_1_200' title='bbox 3632 1422 3838 1495; x_wconf 81' lang='grc' dir='ltr'>τάχους</span> 
     </span>
    </p>
   </div>
   <div class='ocr_carea' id='block_1_30' title="bbox 2197 1508 3842 1590">
    <p class='ocr_par' dir='ltr' id='par_1_30' title="bbox 2197 1508 3842 1590">
     <span class='ocr_line' id='line_1_30' title="bbox 2197 1508 3842 1590; baseline -0.006 -18"><span class='ocrx_word' id='word_1_201' title='bbox 2197 1515 2698 1590; x_wconf 76' lang='grc' dir='ltr'>καταστρεψάμενος</span> <span class='ocrx_word' id='word_1_202' title='bbox 2754 1515 2907 1570; x_wconf 80' lang='grc' dir='ltr'>τάκεῖ</span> <span class='ocrx_word' id='word_1_203' title='bbox 2952 1515 3181 1589; x_wconf 85' lang='grc' dir='ltr'>ἀρεϊκῶς</span> <span class='ocrx_word' id='word_1_204' title='bbox 3232 1513 3640 1586; x_wconf 66' lang='grc' dir='ltr'>ἠγωνισμένος,</span> <span class='ocrx_word' id='word_1_205' title='bbox 3695 1508 3842 1582; x_wconf 72' lang='grc' dir='ltr'>μαλ-</span> 
     </span>
    </p>
   </div>
   <div class='ocr_carea' id='block_1_31' title="bbox 2202 1596 3839 1677">
    <p class='ocr_par' dir='ltr' id='par_1_31' title="bbox 2202 1596 3839 1677">
     <span class='ocr_line' id='line_1_31' title="bbox 2202 1596 3839 1677; baseline -0.006 -17"><span class='ocrx_word' id='word_1_206' title='bbox 2202 1604 2296 1660; x_wconf 90' lang='grc' dir='ltr'>λον</span> <span class='ocrx_word' id='word_1_207' title='bbox 2329 1603 2387 1659; x_wconf 73' lang='grc' dir='ltr'>δὲ</span> <span class='ocrx_word' id='word_1_208' title='bbox 2430 1607 2521 1659; x_wconf 80' lang='grc' dir='ltr'>καὶ</span> <span class='ocrx_word' id='word_1_209' title='bbox 2562 1606 2921 1673; x_wconf 74' lang='grc' dir='ltr'>καταστήσας,</span> <span class='ocrx_word' id='word_1_210' title='bbox 2983 1601 3249 1677; x_wconf 74' lang='grc' dir='ltr'>φρουροὺς</span> <span class='ocrx_word' id='word_1_211' title='bbox 3299 1596 3551 1673; x_wconf 78' lang='grc' dir='ltr'>ἐμϐαλὼν</span> <span class='ocrx_word' id='word_1_212' title='bbox 3597 1601 3686 1652; x_wconf 85' lang='grc' dir='ltr'>καὶ</span> <span class='ocrx_word' id='word_1_213' title='bbox 3741 1620 3839 1673; x_wconf 76' lang='grc' dir='ltr'>φυ-</span> 
     </span>
    </p>
   </div>
   <div class='ocr_carea' id='block_1_32' title="bbox 2200 1686 3837 1763">
    <p class='ocr_par' dir='ltr' id='par_1_32' title="bbox 2200 1686 3837 1763">
     <span class='ocr_line' id='line_1_32' title="bbox 2200 1686 3837 1763; baseline -0.007 -14"><span class='ocrx_word' id='word_1_214' title='bbox 2200 1694 2365 1756; x_wconf 74' lang='grc' dir='ltr'>λακάς</span> <span class='ocrx_word' id='word_1_215' title='bbox 2407 1692 2697 1763; x_wconf 75' lang='grc' dir='ltr'>ἐπιστήσας</span> <span class='ocrx_word' id='word_1_216' title='bbox 2749 1692 3056 1761; x_wconf 76' lang='grc' dir='ltr'>ἐπανὲξευξε</span> <span class='ocrx_word' id='word_1_217' title='bbox 3105 1690 3239 1762; x_wconf 84' lang='grc' dir='ltr'>μετᾶ</span> <span class='ocrx_word' id='word_1_218' title='bbox 3293 1687 3562 1761; x_wconf 78' lang='grc' dir='ltr'>λαμπρῶν</span> <span class='ocrx_word' id='word_1_219' title='bbox 3619 1686 3708 1740; x_wconf 85' lang='grc' dir='ltr'>καὶ</span> <span class='ocrx_word' id='word_1_220' title='bbox 3738 1706 3837 1739; x_wconf 85' lang='grc' dir='ltr'>πε-</span> 
     </span>
    </p>
   </div>
   <div class='ocr_carea' id='block_1_33' title="bbox 439 1769 3837 1878">
    <p class='ocr_par' dir='ltr' id='par_1_33' title="bbox 439 1769 3837 1878">
     <span class='ocr_line' id='line_1_33' title="bbox 439 1769 3837 1878; baseline 0.001 -56"><span class='ocrx_word' id='word_1_221' title='bbox 439 1770 530 1823; x_wconf 80' lang='grc' dir='ltr'>καὶ</span> <span class='ocrx_word' id='word_1_222' title='bbox 564 1769 896 1839; x_wconf 82' lang='grc' dir='ltr'>Κολώνειαν,</span> <span class='ocrx_word' id='word_1_223' title='bbox 957 1778 1238 1847; x_wconf 78' lang='grc' dir='ltr'>χειροῦται</span> <span class='ocrx_word' id='word_1_224' title='bbox 1298 1772 1355 1828; x_wconf 79' lang='grc' dir='ltr'>δὲ</span> <span class='ocrx_word' id='word_1_225' title='bbox 1405 1776 1492 1829; x_wconf 80' lang='grc' dir='ltr'>καὶ</span> <span class='ocrx_word' id='word_1_226' title='bbox 1537 1777 1836 1851; x_wconf 85' lang='grc' dir='ltr'>Καστορίαν</span> <span class='ocrx_word' id='word_1_227' title='bbox 1870 1778 1957 1833; x_wconf 83' lang='grc' dir='ltr'>καὶ</span> <span class='ocrx_word' id='word_1_228' title='bbox 1988 1784 2091 1834; x_wconf 84' lang='grc' dir='ltr'>ΙΙε-</span> <span class='ocrx_word' id='word_1_229' title='bbox 2124 1814 2168 1878; x_wconf 77' lang='grc' dir='ltr'><strong>Β</strong></span> <span class='ocrx_word' id='word_1_230' title='bbox 2200 1787 2434 1861; x_wconf 73' lang='grc' dir='ltr'>ριφανῶν</span> <span class='ocrx_word' id='word_1_231' title='bbox 2464 1787 2571 1837; x_wconf 89' lang='grc' dir='ltr'>τῶν</span> <span class='ocrx_word' id='word_1_232' title='bbox 2599 1781 2895 1854; x_wconf 77' lang='grc' dir='ltr'>τροπαίων,</span> <span class='ocrx_word' id='word_1_233' title='bbox 2944 1780 3032 1833; x_wconf 80' lang='grc' dir='ltr'>καὶ</span> <span class='ocrx_word' id='word_1_234' title='bbox 3092 1777 3237 1833; x_wconf 88' lang='grc' dir='ltr'>λείαν</span> <span class='ocrx_word' id='word_1_235' title='bbox 3287 1778 3392 1831; x_wconf 82' lang='grc' dir='ltr'>οὐκ</span> <span class='ocrx_word' id='word_1_236' title='bbox 3439 1774 3632 1850; x_wconf 79' lang='grc' dir='ltr'>ὀλίγην</span> <span class='ocrx_word' id='word_1_237' title='bbox 3681 1794 3837 1847; x_wconf 86' lang='grc' dir='ltr'>περι-</span> 
     </span>
     <span class='ocr_line' id='line_1_34' title="bbox 441 1854 3751 1878; baseline 0 0"><span class='ocrx_word' id='word_1_238' title='bbox 441 1854 461 1878; x_wconf 57' lang='grc' dir='ltr'><strong>Ἷ</strong></span> <span class='ocrx_word' id='word_1_239' title='bbox 488 1877 492 1878; x_wconf 64' lang='lat'><strong><em>,</em></strong></span> <span class='ocrx_word' id='word_1_240' title='bbox 624 1858 636 1877; x_wconf 91' lang='grc' dir='ltr'><strong><em>Ι</em></strong></span> <span class='ocrx_word' id='word_1_241' title='bbox 824 1860 835 1873; x_wconf 78' lang='lat'><strong>‘</strong></span> <span class='ocrx_word' id='word_1_242' title='bbox 904 1869 915 1878; x_wconf 81' lang='grc' dir='ltr'>ι</span> <span class='ocrx_word' id='word_1_243' title='bbox 980 1860 991 1877; x_wconf 78' lang='grc' dir='ltr'><em>Ι</em></span> <span class='ocrx_word' id='word_1_244' title='bbox 1156 1863 1250 1878; x_wconf 67' lang='grc' dir='ltr'>ηιμ,</span> <span class='ocrx_word' id='word_1_245' title='bbox 1401 1862 1411 1878; x_wconf 76' lang='grc' dir='ltr'>ο</span> <span class='ocrx_word' id='word_1_246' title='bbox 1636 1867 1647 1878; x_wconf 72' lang='grc' dir='ltr'>ι</span> <span class='ocrx_word' id='word_1_247' title='bbox 1696 1873 1703 1878; x_wconf 89' lang='grc'>.</span> <span class='ocrx_word' id='word_1_248' title='bbox 1764 1860 1813 1878; x_wconf 71' lang='grc' dir='ltr'><strong><em>,Ω</em></strong></span> <span class='ocrx_word' id='word_1_249' title='bbox 1854 1864 1872 1878; x_wconf 78' lang='lat'><strong><em>\</em></strong></span> <span class='ocrx_word' id='word_1_250' title='bbox 2075 1858 2088 1878; x_wconf 56' lang='grc' dir='ltr'>ἱ</span> <span class='ocrx_word' id='word_1_251' title='bbox 2206 1868 2230 1878; x_wconf 73' lang='grc' dir='ltr'><strong><em>Λ</em></strong></span> <span class='ocrx_word' id='word_1_252' title='bbox 2273 1871 2286 1878; x_wconf 56' lang='grc' dir='ltr'>μ</span> <span class='ocrx_word' id='word_1_253' title='bbox 2324 1872 2334 1878; x_wconf 87' lang='grc'>.</span> <span class='ocrx_word' id='word_1_254' title='bbox 2557 1871 2608 1878; x_wconf 64' lang='grc' dir='ltr'>,Α</span> <span class='ocrx_word' id='word_1_255' title='bbox 2692 1869 2705 1878; x_wconf 74' lang='grc' dir='ltr'>ι</span> <span class='ocrx_word' id='word_1_256' title='bbox 2812 1867 2838 1878; x_wconf 68' lang='grc' dir='ltr'><strong>ν</strong></span> <span class='ocrx_word' id='word_1_257' title='bbox 2927 1868 2951 1878; x_wconf 73' lang='grc' dir='ltr'><strong>Α</strong></span> <span class='ocrx_word' id='word_1_258' title='bbox 3054 1866 3072 1878; x_wconf 60' lang='grc' dir='ltr'>ι</span> <span class='ocrx_word' id='word_1_259' title='bbox 3121 1866 3131 1878; x_wconf 72' lang='grc' dir='ltr'>ι</span> <span class='ocrx_word' id='word_1_260' title='bbox 3228 1866 3241 1878; x_wconf 71' lang='grc' dir='ltr'>ι</span> <span class='ocrx_word' id='word_1_261' title='bbox 3310 1870 3333 1878; x_wconf 65' lang='grc' dir='ltr'>ι.</span> <span class='ocrx_word' id='word_1_262' title='bbox 3532 1862 3544 1878; x_wconf 88' lang='lat'><em>\</em></span> <span class='ocrx_word' id='word_1_263' title='bbox 3647 1861 3661 1878; x_wconf 56' lang='grc' dir='ltr'>θ</span> <span class='ocrx_word' id='word_1_264' title='bbox 3740 1862 3751 1878; x_wconf 90' lang='grc' dir='ltr'><strong><em>Ι</em></strong></span> 
     </span>
    </p>
   </div>
   <div class='ocr_carea' id='block_1_34' title="bbox 2075 1858 2088 1878">
    <p class='ocr_par' dir='ltr' id='par_1_34' title="bbox 2075 1858 2088 1878">
     <span class='ocr_line' id='line_1_35' title="bbox 2075 1858 2088 1878; baseline 0 0"><span class='ocrx_word' id='word_1_265' title='bbox 2075 1858 2088 1878; x_wconf 80' lang='lat'><strong><em>\</em></strong></span> 
     </span>
    </p>
   </div>
   <div class='ocr_carea' id='block_1_35' title="bbox 441 1854 2087 1937">
    <p class='ocr_par' dir='ltr' id='par_1_35' title="bbox 441 1854 2087 1937">
     <span class='ocr_line' id='line_1_36' title="bbox 441 1854 2087 1937; baseline 0.008 -28"><span class='ocrx_word' id='word_1_266' title='bbox 441 1854 699 1931; x_wconf 90' lang='grc' dir='ltr'>λαγονίαν</span> <span class='ocrx_word' id='word_1_267' title='bbox 750 1860 839 1912; x_wconf 86' lang='grc' dir='ltr'>καὶ</span> <span class='ocrx_word' id='word_1_268' title='bbox 892 1860 1095 1935; x_wconf 82' lang='grc' dir='ltr'>Δούρας</span> <span class='ocrx_word' id='word_1_269' title='bbox 1156 1862 1442 1937; x_wconf 75' lang='grc' dir='ltr'>Τζὲρνικόν</span> <span class='ocrx_word' id='word_1_270' title='bbox 1475 1867 1649 1919; x_wconf 85' lang='grc' dir='ltr'>τεκαὶ</span> <span class='ocrx_word' id='word_1_271' title='bbox 1683 1860 1938 1921; x_wconf 78' lang='grc' dir='ltr'>Διάϐολιν</span> <span class='ocrx_word' id='word_1_272' title='bbox 1997 1858 2087 1921; x_wconf 82' lang='grc' dir='ltr'>καἰ</span> 
     </span>
    </p>
   </div>
   <div class='ocr_carea' id='block_1_36' title="bbox 442 1944 2086 2029">
    <p class='ocr_par' dir='ltr' id='par_1_36' title="bbox 442 1944 2086 2029">
     <span class='ocr_line' id='line_1_37' title="bbox 442 1944 2086 2029; baseline 0.009 -32"><span class='ocrx_word' id='word_1_273' title='bbox 442 1945 720 2019; x_wconf 76' lang='grc' dir='ltr'>Ιιρίλαπον</span> <span class='ocrx_word' id='word_1_274' title='bbox 750 1944 1003 2002; x_wconf 84' lang='grc' dir='ltr'>Βοδεεινά</span> <span class='ocrx_word' id='word_1_275' title='bbox 1031 1970 1087 2003; x_wconf 80' lang='grc' dir='ltr'>τε</span> <span class='ocrx_word' id='word_1_276' title='bbox 1137 1950 1225 2004; x_wconf 85' lang='grc' dir='ltr'>καὶ</span> <span class='ocrx_word' id='word_1_277' title='bbox 1276 1952 1533 2028; x_wconf 87' lang='grc' dir='ltr'>Βόστρον,</span> <span class='ocrx_word' id='word_1_278' title='bbox 1594 1956 1672 2026; x_wconf 82' lang='grc' dir='ltr'>[Ρ.</span> <span class='ocrx_word' id='word_1_279' title='bbox 1702 1957 1791 2027; x_wconf 82' lang='grc'>69]</span> <span class='ocrx_word' id='word_1_280' title='bbox 1824 1949 2086 2029; x_wconf 79' lang='grc' dir='ltr'>ἕλλιμνον</span> 
     </span>
    </p>
   </div>
   <div class='ocr_carea' id='block_1_37' title="bbox 446 2036 2086 2120">
    <p class='ocr_par' dir='ltr' id='par_1_37' title="bbox 446 2036 2086 2120">
     <span class='ocr_line' id='line_1_38' title="bbox 446 2036 2086 2120; baseline 0.009 -34"><span class='ocrx_word' id='word_1_281' title='bbox 446 2039 629 2120; x_wconf 74' lang='grc' dir='ltr'>νῆσον,</span> <span class='ocrx_word' id='word_1_282' title='bbox 663 2036 869 2109; x_wconf 78' lang='grc' dir='ltr'>Πέτραν</span> <span class='ocrx_word' id='word_1_283' title='bbox 901 2038 1147 2112; x_wconf 82' lang='grc' dir='ltr'>Πρέσπαν</span> <span class='ocrx_word' id='word_1_284' title='bbox 1178 2060 1235 2094; x_wconf 92' lang='grc' dir='ltr'>τε</span> <span class='ocrx_word' id='word_1_285' title='bbox 1264 2039 1352 2094; x_wconf 84' lang='grc' dir='ltr'>καὶ</span> <span class='ocrx_word' id='word_1_286' title='bbox 1404 2039 1704 2117; x_wconf 82' lang='grc' dir='ltr'>Στερίδολα</span> <span class='ocrx_word' id='word_1_287' title='bbox 1750 2045 1836 2097; x_wconf 84' lang='grc' dir='ltr'>καὶ</span> <span class='ocrx_word' id='word_1_288' title='bbox 1895 2046 2086 2120; x_wconf 85' lang='grc' dir='ltr'>’Δχρί-</span> 
     </span>
    </p>
   </div>
   <div class='ocr_carea' id='block_1_38' title="bbox 442 2117 2087 2209">
    <p class='ocr_par' dir='ltr' id='par_1_38' title="bbox 442 2117 2087 2209">
     <span class='ocr_line' id='line_1_39' title="bbox 442 2117 2087 2209; baseline 0.009 -36"><span class='ocrx_word' id='word_1_289' title='bbox 442 2117 534 2174; x_wconf 82' lang='grc' dir='ltr'>δαν</span> <span class='ocrx_word' id='word_1_290' title='bbox 584 2123 673 2176; x_wconf 85' lang='grc' dir='ltr'>καὶ</span> <span class='ocrx_word' id='word_1_291' title='bbox 718 2125 786 2178; x_wconf 78' lang='grc' dir='ltr'>τά</span> <span class='ocrx_word' id='word_1_292' title='bbox 840 2122 1129 2201; x_wconf 82' lang='grc' dir='ltr'>Ἱλλυριῶν</span> <span class='ocrx_word' id='word_1_293' title='bbox 1192 2128 1552 2204; x_wconf 85' lang='grc' dir='ltr'>ὀχυρώματα,</span> <span class='ocrx_word' id='word_1_294' title='bbox 1612 2132 1701 2184; x_wconf 83' lang='grc' dir='ltr'>καὶ</span> <span class='ocrx_word' id='word_1_295' title='bbox 1752 2127 1853 2194; x_wconf 80' lang='grc' dir='ltr'>ἕως</span> <span class='ocrx_word' id='word_1_296' title='bbox 1883 2117 2087 2209; x_wconf 55' lang='grc' dir='ltr'>Δυρρα-</span> 
     </span>
    </p>
   </div>
   <div class='ocr_carea' id='block_1_39' title="bbox 440 2210 2086 2298">
    <p class='ocr_par' dir='ltr' id='par_1_39' title="bbox 440 2210 2086 2298">
     <span class='ocr_line' id='line_1_40' title="bbox 440 2210 2086 2298; baseline 0.009 -34"><span class='ocrx_word' id='word_1_297' title='bbox 440 2210 569 2286; x_wconf 82' lang='grc' dir='ltr'>χίου</span> <span class='ocrx_word' id='word_1_298' title='bbox 601 2214 782 2289; x_wconf 70' lang='grc' dir='ltr'>φθάνει</span> <span class='ocrx_word' id='word_1_299' title='bbox 812 2214 875 2269; x_wconf 85' lang='grc' dir='ltr'>τὸ</span> <span class='ocrx_word' id='word_1_300' title='bbox 907 2213 1037 2287; x_wconf 85' lang='grc' dir='ltr'>δόρυ</span> <span class='ocrx_word' id='word_1_301' title='bbox 1079 2222 1268 2277; x_wconf 88' lang='grc' dir='ltr'>κινῶν.</span> <span class='ocrx_word' id='word_1_302' title='bbox 1312 2216 1659 2294; x_wconf 71' lang='grc' dir='ltr'>Προσϐάλλει</span> <span class='ocrx_word' id='word_1_303' title='bbox 1692 2219 1747 2276; x_wconf 79' lang='grc' dir='ltr'>δὲ</span> <span class='ocrx_word' id='word_1_304' title='bbox 1775 2224 1865 2277; x_wconf 82' lang='grc' dir='ltr'>καὶ</span> <span class='ocrx_word' id='word_1_305' title='bbox 1906 2226 2086 2298; x_wconf 79' lang='grc' dir='ltr'>Ηάτρᾳ</span> 
     </span>
    </p>
   </div>
   <div class='ocr_carea' id='block_1_40' title="bbox 436 2301 2083 2385">
    <p class='ocr_par' dir='ltr' id='par_1_40' title="bbox 436 2301 2083 2385">
     <span class='ocr_line' id='line_1_41' title="bbox 436 2301 2083 2385; baseline 0.007 -30"><span class='ocrx_word' id='word_1_306' title='bbox 436 2301 526 2355; x_wconf 83' lang='grc' dir='ltr'>καὶ</span> <span class='ocrx_word' id='word_1_307' title='bbox 558 2301 790 2377; x_wconf 74' lang='grc' dir='ltr'>Τρίκκῃ,</span> <span class='ocrx_word' id='word_1_308' title='bbox 842 2303 929 2358; x_wconf 80' lang='grc' dir='ltr'>καὶ</span> <span class='ocrx_word' id='word_1_309' title='bbox 959 2306 1024 2359; x_wconf 76' lang='grc' dir='ltr'>τὰ</span> <span class='ocrx_word' id='word_1_310' title='bbox 1048 2304 1238 2379; x_wconf 80' lang='grc' dir='ltr'>κύκλῳ</span> <span class='ocrx_word' id='word_1_311' title='bbox 1288 2307 1424 2362; x_wconf 70' lang='grc' dir='ltr'>κατὰ.</span> <span class='ocrx_word' id='word_1_312' title='bbox 1472 2310 1738 2379; x_wconf 72' lang='grc' dir='ltr'>συνθήκας</span> <span class='ocrx_word' id='word_1_313' title='bbox 1785 2315 2083 2385; x_wconf 76' lang='grc' dir='ltr'>κρατήσας,</span> 
     </span>
    </p>
   </div>
   <div class='ocr_carea' id='block_1_41' title="bbox 436 2386 2084 2472">
    <p class='ocr_par' dir='ltr' id='par_1_41' title="bbox 436 2386 2084 2472">
     <span class='ocr_line' id='line_1_42' title="bbox 436 2386 2084 2472; baseline 0.007 -30"><span class='ocrx_word' id='word_1_314' title='bbox 436 2386 764 2465; x_wconf 81' lang='grc' dir='ltr'>καὶάμαχεί</span> <span class='ocrx_word' id='word_1_315' title='bbox 812 2390 879 2445; x_wconf 80' lang='grc' dir='ltr'>τὰ</span> <span class='ocrx_word' id='word_1_316' title='bbox 920 2391 1170 2465; x_wconf 85' lang='grc' dir='ltr'>πλεῖστα,</span> <span class='ocrx_word' id='word_1_317' title='bbox 1225 2395 1299 2457; x_wconf 79' lang='grc' dir='ltr'>είς</span> <span class='ocrx_word' id='word_1_318' title='bbox 1354 2392 1521 2472; x_wconf 77' lang='grc' dir='ltr'>φόϐον</span> <span class='ocrx_word' id='word_1_319' title='bbox 1576 2396 1742 2471; x_wconf 78' lang='grc' dir='ltr'>μὲγαν</span> <span class='ocrx_word' id='word_1_320' title='bbox 1799 2402 2084 2471; x_wconf 79' lang='grc' dir='ltr'>καθίστησι</span> 
     </span>
    </p>
   </div>
   <div class='ocr_carea' id='block_1_42' title="bbox 435 2474 2085 2563">
    <p class='ocr_par' dir='ltr' id='par_1_42' title="bbox 435 2474 2085 2563">
     <span class='ocr_line' id='line_1_43' title="bbox 435 2474 2085 2563; baseline 0.01 -32"><span class='ocrx_word' id='word_1_321' title='bbox 435 2479 525 2531; x_wconf 87' lang='grc' dir='ltr'>τὸν</span> <span class='ocrx_word' id='word_1_322' title='bbox 562 2474 826 2549; x_wconf 82' lang='grc' dir='ltr'>δεσπότην</span> <span class='ocrx_word' id='word_1_323' title='bbox 857 2480 946 2534; x_wconf 83' lang='grc' dir='ltr'>καὶ</span> <span class='ocrx_word' id='word_1_324' title='bbox 998 2479 1051 2535; x_wconf 82' lang='grc' dir='ltr'>ἐν</span> <span class='ocrx_word' id='word_1_325' title='bbox 1092 2487 1262 2555; x_wconf 87' lang='grc' dir='ltr'>στενῷ</span> <span class='ocrx_word' id='word_1_326' title='bbox 1292 2482 1518 2557; x_wconf 83' lang='grc' dir='ltr'>κομιδῆ.</span> <span class='ocrx_word' id='word_1_327' title='bbox 1552 2486 1690 2543; x_wconf 86' lang='grc' dir='ltr'>Τότε</span> <span class='ocrx_word' id='word_1_328' title='bbox 1719 2488 1807 2542; x_wconf 81' lang='grc' dir='ltr'>καὶ</span> <span class='ocrx_word' id='word_1_329' title='bbox 1839 2488 2085 2563; x_wconf 78' lang='grc' dir='ltr'>ἐγγίονος</span> 
     </span>
    </p>
   </div>
   <div class='ocr_carea' id='block_1_43' title="bbox 439 2566 2082 2650">
    <p class='ocr_par' dir='ltr' id='par_1_43' title="bbox 439 2566 2082 2650">
     <span class='ocr_line' id='line_1_44' title="bbox 439 2566 2082 2650; baseline 0.01 -30"><span class='ocrx_word' id='word_1_330' title='bbox 439 2566 599 2637; x_wconf 81' lang='grc' dir='ltr'>ἀξιῶν</span> <span class='ocrx_word' id='word_1_331' title='bbox 648 2567 825 2641; x_wconf 89' lang='grc' dir='ltr'>τύχης</span> <span class='ocrx_word' id='word_1_332' title='bbox 876 2567 1032 2623; x_wconf 81' lang='grc' dir='ltr'>αὐτὸν</span> <span class='ocrx_word' id='word_1_333' title='bbox 1080 2572 1107 2624; x_wconf 88' lang='grc' dir='ltr'>ὁ</span> <span class='ocrx_word' id='word_1_334' title='bbox 1150 2577 1385 2645; x_wconf 84' lang='grc' dir='ltr'>κρατῶν,</span> <span class='ocrx_word' id='word_1_335' title='bbox 1439 2572 1655 2647; x_wconf 71' lang='grc' dir='ltr'>πέμψας</span> <span class='ocrx_word' id='word_1_336' title='bbox 1704 2575 1769 2630; x_wconf 82' lang='grc' dir='ltr'>τὰ</span> <span class='ocrx_word' id='word_1_337' title='bbox 1808 2573 2082 2650; x_wconf 80' lang='grc' dir='ltr'>σύμϐολα,</span> 
     </span>
    </p>
   </div>
   <div class='ocr_carea' id='block_1_44' title="bbox 442 2650 1178 2730">
    <p class='ocr_par' dir='ltr' id='par_1_44' title="bbox 442 2650 1178 2730">
     <span class='ocr_line' id='line_1_45' title="bbox 442 2650 1178 2730; baseline 0.01 -23"><span class='ocrx_word' id='word_1_338' title='bbox 442 2650 907 2730; x_wconf 70' lang='grc' dir='ltr'>σεϐαστοκράτορα</span> <span class='ocrx_word' id='word_1_339' title='bbox 933 2659 1178 2722; x_wconf 87' lang='grc' dir='ltr'>καθίστα.</span> 
     </span>
    </p>
   </div>
   <div class='ocr_carea' id='block_1_45' title="bbox 438 2781 2081 2863">
    <p class='ocr_par' dir='ltr' id='par_1_45' title="bbox 438 2781 2081 2863">
     <span class='ocr_line' id='line_1_46' title="bbox 438 2781 2081 2863; baseline 0.009 -28"><span class='ocrx_word' id='word_1_340' title='bbox 438 2781 597 2842; x_wconf 86' lang='lat' dir='ltr'>sime</span> <span class='ocrx_word' id='word_1_341' title='bbox 626 2782 908 2839; x_wconf 83' lang='lat' dir='ltr'>tractavit.</span> <span class='ocrx_word' id='word_1_342' title='bbox 940 2785 1159 2842; x_wconf 88' lang='lat' dir='ltr'>Etcum</span> <span class='ocrx_word' id='word_1_343' title='bbox 1185 2786 1377 2843; x_wconf 90' lang='lat' dir='ltr'>adhuc</span> <span class='ocrx_word' id='word_1_344' title='bbox 1406 2787 1466 2843; x_wconf 79' lang='lat' dir='ltr'>in</span> <span class='ocrx_word' id='word_1_345' title='bbox 1492 2788 1635 2846; x_wconf 86' lang='lat' dir='ltr'>urbe</span> <span class='ocrx_word' id='word_1_346' title='bbox 1657 2790 1800 2847; x_wconf 90' lang='lat' dir='ltr'>nihil</span> <span class='ocrx_word' id='word_1_347' title='bbox 1826 2792 2081 2863; x_wconf 80' lang='lat' dir='ltr'>haberet,</span> 
     </span>
    </p>
   </div>
   <div class='ocr_carea' id='block_1_46' title="bbox 442 2871 2081 2950">
    <p class='ocr_par' dir='ltr' id='par_1_46' title="bbox 442 2871 2081 2950">
     <span class='ocr_line' id='line_1_47' title="bbox 442 2871 2081 2950; baseline 0.009 -26"><span class='ocrx_word' id='word_1_348' title='bbox 442 2873 641 2925; x_wconf 79' lang='lat' dir='ltr'>tamen</span> <span class='ocrx_word' id='word_1_349' title='bbox 672 2888 796 2942; x_wconf 70' lang='lat' dir='ltr'>quis</span> <span class='ocrx_word' id='word_1_350' title='bbox 836 2871 896 2928; x_wconf 90' lang='lat' dir='ltr'>in</span> <span class='ocrx_word' id='word_1_351' title='bbox 930 2889 997 2929; x_wconf 90' lang='lat' dir='ltr'>ea</span> <span class='ocrx_word' id='word_1_352' title='bbox 1046 2873 1156 2929; x_wconf 92' lang='lat' dir='ltr'>sibi</span> <span class='ocrx_word' id='word_1_353' title='bbox 1188 2876 1257 2931; x_wconf 91' lang='lat' dir='ltr'>ab</span> <span class='ocrx_word' id='word_1_354' title='bbox 1293 2876 1417 2947; x_wconf 87' lang='lat' dir='ltr'>ipso</span> <span class='ocrx_word' id='word_1_355' title='bbox 1461 2877 1754 2949; x_wconf 89' lang='lat' dir='ltr'>petierunt</span> <span class='ocrx_word' id='word_1_356' title='bbox 1796 2881 1923 2950; x_wconf 89' lang='lat' dir='ltr'>jam</span> <span class='ocrx_word' id='word_1_357' title='bbox 1956 2886 2081 2938; x_wconf 91' lang='lat' dir='ltr'>tum</span> 
     </span>
    </p>
   </div>
   <div class='ocr_carea' id='block_1_47' title="bbox 444 2959 2082 3039">
    <p class='ocr_par' dir='ltr' id='par_1_47' title="bbox 444 2959 2082 3039">
     <span class='ocr_line' id='line_1_48' title="bbox 444 2959 2082 3039; baseline 0.008 -27"><span class='ocrx_word' id='word_1_358' title='bbox 444 2959 753 3029; x_wconf 86' lang='lat' dir='ltr'>concessit,</span> <span class='ocrx_word' id='word_1_359' title='bbox 802 2960 1158 3017; x_wconf 89' lang='lat' dir='ltr'>traditurum</span> <span class='ocrx_word' id='word_1_360' title='bbox 1209 2980 1271 3019; x_wconf 91' lang='lat' dir='ltr'>se</span> <span class='ocrx_word' id='word_1_361' title='bbox 1322 2966 1688 3037; x_wconf 84' lang='lat' dir='ltr'>promittens,</span> <span class='ocrx_word' id='word_1_362' title='bbox 1720 2967 1769 3022; x_wconf 91' lang='lat' dir='ltr'>si</span> <span class='ocrx_word' id='word_1_363' title='bbox 1821 2985 2082 3039; x_wconf 81' lang='lat' dir='ltr'>unquam</span> 
     </span>
    </p>
   </div>
   <div class='ocr_carea' id='block_1_48' title="bbox 454 3046 2083 3122">
    <p class='ocr_par' dir='ltr' id='par_1_48' title="bbox 454 3046 2083 3122">
     <span class='ocr_line' id='line_1_49' title="bbox 454 3046 2083 3122; baseline 0.007 -21"><span class='ocrx_word' id='word_1_364' title='bbox 454 3046 657 3101; x_wconf 81' lang='lat' dir='ltr'><strong>urbem</strong></span> <span class='ocrx_word' id='word_1_365' title='bbox 691 3050 1268 3120; x_wconf 88' lang='lat' dir='ltr'>recuperaret;idque</span> <span class='ocrx_word' id='word_1_366' title='bbox 1285 3052 1700 3122; x_wconf 80' lang='lat' dir='ltr'>diplomatibus</span> <span class='ocrx_word' id='word_1_367' title='bbox 1730 3071 1905 3111; x_wconf 87' lang='lat' dir='ltr'>aurea</span> <span class='ocrx_word' id='word_1_368' title='bbox 1922 3057 2083 3113; x_wconf 84' lang='lat' dir='ltr'>bulla</span> 
     </span>
    </p>
   </div>
   <div class='ocr_carea' id='block_1_49' title="bbox 444 3134 2080 3209">
    <p class='ocr_par' dir='ltr' id='par_1_49' title="bbox 444 3134 2080 3209">
     <span class='ocr_line' id='line_1_50' title="bbox 444 3134 2080 3209; baseline 0.008 -21"><span class='ocrx_word' id='word_1_369' title='bbox 444 3134 689 3191; x_wconf 81' lang='lat' dir='ltr'>munitis</span> <span class='ocrx_word' id='word_1_370' title='bbox 720 3136 931 3191; x_wconf 81' lang='lat' dir='ltr'>sanxit.</span> <span class='ocrx_word' id='word_1_371' title='bbox 964 3137 1365 3209; x_wconf 90' lang='lat' dir='ltr'>Deincepsque</span> <span class='ocrx_word' id='word_1_372' title='bbox 1390 3139 1474 3194; x_wconf 93' lang='lat' dir='ltr'>sic</span> <span class='ocrx_word' id='word_1_373' title='bbox 1506 3156 1639 3194; x_wconf 91' lang='lat' dir='ltr'>cum</span> <span class='ocrx_word' id='word_1_374' title='bbox 1671 3141 1742 3197; x_wconf 89' lang='lat' dir='ltr'>iis</span> <span class='ocrx_word' id='word_1_375' title='bbox 1774 3142 1931 3198; x_wconf 91' lang='lat' dir='ltr'>velut</span> <span class='ocrx_word' id='word_1_376' title='bbox 1951 3161 2080 3201; x_wconf 90' lang='lat' dir='ltr'>cum</span> 
     </span>
    </p>
   </div>
   <div class='ocr_carea' id='block_1_50' title="bbox 446 3222 2083 3294">
    <p class='ocr_par' dir='ltr' id='par_1_50' title="bbox 446 3222 2083 3294">
     <span class='ocr_line' id='line_1_51' title="bbox 446 3222 2083 3294; baseline 0.007 -17"><span class='ocrx_word' id='word_1_377' title='bbox 446 3222 571 3279; x_wconf 89' lang='lat' dir='ltr'>suis</span> <span class='ocrx_word' id='word_1_378' title='bbox 604 3222 744 3294; x_wconf 85' lang='lat' dir='ltr'>egit,</span> <span class='ocrx_word' id='word_1_379' title='bbox 765 3227 821 3278; x_wconf 92' lang='lat' dir='ltr'>et</span> <span class='ocrx_word' id='word_1_380' title='bbox 843 3225 1237 3294; x_wconf 82' lang='lat' dir='ltr'>experimenta</span> <span class='ocrx_word' id='word_1_381' title='bbox 1259 3231 1473 3283; x_wconf 69' lang='lat' dir='ltr'>mutuae</span> <span class='ocrx_word' id='word_1_382' title='bbox 1497 3227 1724 3285; x_wconf 65' lang='lat' dir='ltr'>ﬁduciis</span> <span class='ocrx_word' id='word_1_383' title='bbox 1750 3230 1897 3286; x_wconf 89' lang='lat' dir='ltr'>dans</span> <span class='ocrx_word' id='word_1_384' title='bbox 1920 3231 2083 3289; x_wconf 91' lang='lat' dir='ltr'>vicis-</span> 
     </span>
    </p>
   </div>
   <div class='ocr_carea' id='block_1_51' title="bbox 444 3312 2081 3390">
    <p class='ocr_par' dir='ltr' id='par_1_51' title="bbox 444 3312 2081 3390">
     <span class='ocr_line' id='line_1_52' title="bbox 444 3312 2081 3390; baseline 0.007 -25"><span class='ocrx_word' id='word_1_385' title='bbox 444 3312 556 3366; x_wconf 90' lang='lat' dir='ltr'>sim</span> <span class='ocrx_word' id='word_1_386' title='bbox 590 3317 648 3367; x_wconf 90' lang='lat' dir='ltr'>et</span> <span class='ocrx_word' id='word_1_387' title='bbox 679 3313 969 3385; x_wconf 88' lang='lat' dir='ltr'>accipiens</span> <span class='ocrx_word' id='word_1_388' title='bbox 1014 3316 1320 3385; x_wconf 86' lang='lat' dir='ltr'>suspendit</span> <span class='ocrx_word' id='word_1_389' title='bbox 1362 3317 1796 3375; x_wconf 87' lang='lat' dir='ltr'>conclusionem</span> <span class='ocrx_word' id='word_1_390' title='bbox 1830 3320 2081 3390; x_wconf 77' lang='lat' dir='ltr'>foederis,</span> 
     </span>
    </p>
   </div>
   <div class='ocr_carea' id='block_1_52' title="bbox 445 3400 2081 3480">
    <p class='ocr_par' dir='ltr' id='par_1_52' title="bbox 445 3400 2081 3480">
     <span class='ocr_line' id='line_1_53' title="bbox 445 3400 2081 3480; baseline 0.007 -26"><span class='ocrx_word' id='word_1_391' title='bbox 445 3403 785 3471; x_wconf 86' lang='lat' dir='ltr'>exspectans</span> <span class='ocrx_word' id='word_1_392' title='bbox 828 3400 1048 3473; x_wconf 85' lang='lat' dir='ltr'>aliquid</span> <span class='ocrx_word' id='word_1_393' title='bbox 1079 3403 1269 3473; x_wconf 83' lang='lat' dir='ltr'>majus</span> <span class='ocrx_word' id='word_1_394' title='bbox 1319 3421 1386 3460; x_wconf 81' lang='lat' dir='ltr'>ex</span> <span class='ocrx_word' id='word_1_395' title='bbox 1434 3405 1527 3463; x_wconf 91' lang='lat' dir='ltr'>his</span> <span class='ocrx_word' id='word_1_396' title='bbox 1576 3424 1705 3478; x_wconf 56' lang='lat' dir='ltr'>quas</span> <span class='ocrx_word' id='word_1_397' title='bbox 1754 3408 2081 3480; x_wconf 78' lang='lat' dir='ltr'>legatorum</span> 
     </span>
    </p>
   </div>
   <div class='ocr_carea' id='block_1_53' title="bbox 447 3488 2084 3566">
    <p class='ocr_par' dir='ltr' id='par_1_53' title="bbox 447 3488 2084 3566">
     <span class='ocr_line' id='line_1_54' title="bbox 447 3488 2084 3566; baseline 0.006 -23"><span class='ocrx_word' id='word_1_398' title='bbox 447 3505 716 3544; x_wconf 85' lang='lat' dir='ltr'>sermone</span> <span class='ocrx_word' id='word_1_399' title='bbox 742 3488 1044 3546; x_wconf 78' lang='lat' dir='ltr'>didicerat.</span> <span class='ocrx_word' id='word_1_400' title='bbox 1067 3491 1452 3548; x_wconf 88' lang='lat' dir='ltr'>Occiduarum</span> <span class='ocrx_word' id='word_1_401' title='bbox 1491 3511 1661 3566; x_wconf 90' lang='lat' dir='ltr'>porro</span> <span class='ocrx_word' id='word_1_402' title='bbox 1694 3512 1889 3552; x_wconf 90' lang='lat' dir='ltr'>rerum</span> <span class='ocrx_word' id='word_1_403' title='bbox 1922 3498 2084 3554; x_wconf 91' lang='lat' dir='ltr'>solli-</span> 
     </span>
    </p>
   </div>
   <div class='ocr_carea' id='block_1_54' title="bbox 445 3577 2079 3657">
    <p class='ocr_par' dir='ltr' id='par_1_54' title="bbox 445 3577 2079 3657">
     <span class='ocr_line' id='line_1_55' title="bbox 445 3577 2079 3657; baseline 0.006 -25"><span class='ocrx_word' id='word_1_404' title='bbox 445 3577 642 3632; x_wconf 91' lang='lat' dir='ltr'>citudo</span> <span class='ocrx_word' id='word_1_405' title='bbox 673 3577 840 3632; x_wconf 89' lang='lat' dir='ltr'>illum</span> <span class='ocrx_word' id='word_1_406' title='bbox 871 3580 1107 3650; x_wconf 85' lang='lat' dir='ltr'>penitus</span> <span class='ocrx_word' id='word_1_407' title='bbox 1132 3581 1369 3653; x_wconf 83' lang='lat' dir='ltr'>urebat;</span> <span class='ocrx_word' id='word_1_408' title='bbox 1401 3599 1580 3654; x_wconf 91' lang='lat' dir='ltr'>quare</span> <span class='ocrx_word' id='word_1_409' title='bbox 1610 3583 1749 3639; x_wconf 90' lang='lat' dir='ltr'>illuc</span> <span class='ocrx_word' id='word_1_410' title='bbox 1776 3586 2079 3657; x_wconf 90' lang='lat' dir='ltr'>proprium</span> 
     </span>
    </p>
   </div>
   <div class='ocr_carea' id='block_1_55' title="bbox 445 3667 2079 3741">
    <p class='ocr_par' dir='ltr' id='par_1_55' title="bbox 445 3667 2079 3741">
     <span class='ocr_line' id='line_1_56' title="bbox 445 3667 2079 3741; baseline 0.005 -20"><span class='ocrx_word' id='word_1_411' title='bbox 445 3667 679 3722; x_wconf 77' lang='lat' dir='ltr'>fratrem</span> <span class='ocrx_word' id='word_1_412' title='bbox 728 3667 1037 3735; x_wconf 81' lang='lat' dir='ltr'>Joannem,</span> <span class='ocrx_word' id='word_1_413' title='bbox 1070 3686 1349 3741; x_wconf 88' lang='lat' dir='ltr'>magnum</span> <span class='ocrx_word' id='word_1_414' title='bbox 1400 3677 1525 3727; x_wconf 91' lang='lat' dir='ltr'>tum</span> <span class='ocrx_word' id='word_1_415' title='bbox 1577 3673 1767 3729; x_wconf 89' lang='lat' dir='ltr'>adhuc</span> <span class='ocrx_word' id='word_1_416' title='bbox 1799 3675 2079 3732; x_wconf 90' lang='lat' dir='ltr'>domesti-</span> 
     </span>
    </p>
   </div>
   <div class='ocr_carea' id='block_1_56' title="bbox 446 3754 1731 3831">
    <p class='ocr_par' dir='ltr' id='par_1_56' title="bbox 446 3754 1731 3831">
     <span class='ocr_line' id='line_1_57' title="bbox 446 3754 1731 3831; baseline 0.007 -23"><span class='ocrx_word' id='word_1_417' title='bbox 446 3770 602 3823; x_wconf 91' lang='lat' dir='ltr'>cum,</span> <span class='ocrx_word' id='word_1_418' title='bbox 635 3771 769 3810; x_wconf 92' lang='lat' dir='ltr'>cum</span> <span class='ocrx_word' id='word_1_419' title='bbox 802 3754 1096 3828; x_wconf 83' lang='lat' dir='ltr'>plerisque</span> <span class='ocrx_word' id='word_1_420' title='bbox 1126 3758 1424 3831; x_wconf 83' lang='lat' dir='ltr'>copiarum</span> <span class='ocrx_word' id='word_1_421' title='bbox 1458 3760 1731 3817; x_wconf 87' lang='lat' dir='ltr'>destinat.</span> 
     </span>
    </p>
   </div>
   <div class='ocr_carea' id='block_1_57' title="bbox 487 3863 2047 3938">
    <p class='ocr_par' dir='ltr' id='par_1_57' title="bbox 487 3863 2047 3938">
     <span class='ocr_line' id='line_1_58' title="bbox 487 3863 2047 3938; baseline 0.004 -22"><span class='ocrx_word' id='word_1_422' title='bbox 487 3864 568 3917; x_wconf 90' lang='grc'>11.</span> <span class='ocrx_word' id='word_1_423' title='bbox 607 3864 668 3919; x_wconf 82' lang='lat' dir='ltr'>Ut</span> <span class='ocrx_word' id='word_1_424' title='bbox 698 3863 1045 3936; x_wconf 75' lang='lat' dir='ltr'>imperatoris</span> <span class='ocrx_word' id='word_1_425' title='bbox 1080 3868 1260 3936; x_wconf 79' lang='lat' dir='ltr'>frater</span> <span class='ocrx_word' id='word_1_426' title='bbox 1288 3868 1523 3924; x_wconf 72' lang='lat' dir='ltr'>Joannes</span> <span class='ocrx_word' id='word_1_427' title='bbox 1554 3868 1623 3923; x_wconf 86' lang='lat' dir='ltr'>ad</span> <span class='ocrx_word' id='word_1_428' title='bbox 1652 3868 1944 3938; x_wconf 82' lang='lat' dir='ltr'>dignitates</span> <span class='ocrx_word' id='word_1_429' title='bbox 1973 3869 2047 3923; x_wconf 87' lang='lat' dir='ltr'>sit</span> 
     </span>
    </p>
   </div>
   <div class='ocr_carea' id='block_1_58' title="bbox 1113 3942 1414 4008">
    <p class='ocr_par' dir='ltr' id='par_1_58' title="bbox 1113 3942 1414 4008">
     <span class='ocr_line' id='line_1_59' title="bbox 1113 3942 1414 4008; baseline 0.007 -17"><span class='ocrx_word' id='word_1_430' title='bbox 1113 3942 1414 4008; x_wconf 81' lang='lat' dir='ltr'>promotus.</span> 
     </span>
    </p>
   </div>
   <div class='ocr_carea' id='block_1_59' title="bbox 521 4022 2078 4100">
    <p class='ocr_par' dir='ltr' id='par_1_59' title="bbox 521 4022 2078 4100">
     <span class='ocr_line' id='line_1_60' title="bbox 521 4022 2078 4100; baseline 0.004 -24"><span class='ocrx_word' id='word_1_431' title='bbox 521 4022 574 4077; x_wconf 92' lang='lat' dir='ltr'>Is</span> <span class='ocrx_word' id='word_1_432' title='bbox 605 4023 675 4078; x_wconf 90' lang='lat' dir='ltr'>ad</span> <span class='ocrx_word' id='word_1_433' title='bbox 710 4023 1029 4080; x_wconf 90' lang='lat' dir='ltr'>Occiduum</span> <span class='ocrx_word' id='word_1_434' title='bbox 1063 4025 1291 4082; x_wconf 91' lang='lat' dir='ltr'>delatus</span> <span class='ocrx_word' id='word_1_435' title='bbox 1321 4027 1569 4082; x_wconf 88' lang='lat' dir='ltr'>limitem</span> <span class='ocrx_word' id='word_1_436' title='bbox 1595 4027 1823 4100; x_wconf 84' lang='lat' dir='ltr'>magnis</span> <span class='ocrx_word' id='word_1_437' title='bbox 1855 4028 1932 4082; x_wconf 89' lang='lat' dir='ltr'>ibi</span> <span class='ocrx_word' id='word_1_438' title='bbox 1960 4029 2078 4100; x_wconf 88' lang='lat' dir='ltr'>spi-</span> 
     </span>
    </p>
   </div>
   <div class='ocr_carea' id='block_1_60' title="bbox 448 4109 2080 4187">
    <p class='ocr_par' dir='ltr' id='par_1_60' title="bbox 448 4109 2080 4187">
     <span class='ocr_line' id='line_1_61' title="bbox 448 4109 2080 4187; baseline 0.004 -22"><span class='ocrx_word' id='word_1_439' title='bbox 448 4109 658 4166; x_wconf 85' lang='lat' dir='ltr'>ritibus</span> <span class='ocrx_word' id='word_1_440' title='bbox 708 4128 829 4167; x_wconf 89' lang='lat' dir='ltr'>rem</span> <span class='ocrx_word' id='word_1_441' title='bbox 887 4129 1096 4183; x_wconf 87' lang='lat' dir='ltr'>gerens</span> <span class='ocrx_word' id='word_1_442' title='bbox 1145 4119 1425 4171; x_wconf 89' lang='lat' dir='ltr'>terrorem</span> <span class='ocrx_word' id='word_1_443' title='bbox 1485 4115 1576 4170; x_wconf 92' lang='lat' dir='ltr'>sui</span> <span class='ocrx_word' id='word_1_444' title='bbox 1637 4131 1738 4187; x_wconf 88' lang='lat' dir='ltr'>per</span> <span class='ocrx_word' id='word_1_445' title='bbox 1786 4117 1918 4173; x_wconf 90' lang='lat' dir='ltr'>illos</span> <span class='ocrx_word' id='word_1_446' title='bbox 1966 4117 2080 4173; x_wconf 85' lang='lat' dir='ltr'>late</span> 
     </span>
    </p>
   </div>
   <div class='ocr_carea' id='block_1_61' title="bbox 446 4199 2080 4275">
    <p class='ocr_par' dir='ltr' id='par_1_61' title="bbox 446 4199 2080 4275">
     <span class='ocr_line' id='line_1_62' title="bbox 446 4199 2080 4275; baseline 0.004 -21"><span class='ocrx_word' id='word_1_447' title='bbox 446 4199 691 4271; x_wconf 88' lang='lat' dir='ltr'>populos</span> <span class='ocrx_word' id='word_1_448' title='bbox 737 4200 1031 4272; x_wconf 84' lang='lat' dir='ltr'>ingentem</span> <span class='ocrx_word' id='word_1_449' title='bbox 1082 4204 1320 4274; x_wconf 88' lang='lat' dir='ltr'>sparsit.</span> <span class='ocrx_word' id='word_1_450' title='bbox 1356 4204 1653 4259; x_wconf 86' lang='lat' dir='ltr'>Fiduciam</span> <span class='ocrx_word' id='word_1_451' title='bbox 1706 4205 2080 4275; x_wconf 88' lang='lat' dir='ltr'>audendiju-</span> 
     </span>
    </p>
   </div>
   <div class='ocr_carea' id='block_1_62' title="bbox 443 4287 2080 4365">
    <p class='ocr_par' dir='ltr' id='par_1_62' title="bbox 443 4287 2080 4365">
     <span class='ocr_line' id='line_1_63' title="bbox 443 4287 2080 4365; baseline 0.005 -24"><span class='ocrx_word' id='word_1_452' title='bbox 443 4287 574 4342; x_wconf 90' lang='lat' dir='ltr'>veni</span> <span class='ocrx_word' id='word_1_453' title='bbox 608 4289 783 4344; x_wconf 82' lang='lat' dir='ltr'>dabat</span> <span class='ocrx_word' id='word_1_454' title='bbox 810 4294 867 4345; x_wconf 91' lang='lat' dir='ltr'>et</span> <span class='ocrx_word' id='word_1_455' title='bbox 895 4291 1080 4345; x_wconf 83' lang='lat' dir='ltr'>fervor</span> <span class='ocrx_word' id='word_1_456' title='bbox 1110 4291 1314 4358; x_wconf 70' lang='lat' dir='ltr'>aetatis,</span> <span class='ocrx_word' id='word_1_457' title='bbox 1348 4301 1403 4346; x_wconf 88' lang='lat' dir='ltr'>et</span> <span class='ocrx_word' id='word_1_458' title='bbox 1434 4291 1735 4361; x_wconf 83' lang='lat' dir='ltr'>copiarum</span> <span class='ocrx_word' id='word_1_459' title='bbox 1768 4295 1913 4348; x_wconf 77' lang='lat'>107</span> <span class='ocrx_word' id='word_1_460' title='bbox 1950 4295 2080 4365; x_wconf 87' lang='lat' dir='ltr'>qui-</span> 
     </span>
    </p>
   </div>
   <div class='ocr_carea' id='block_1_63' title="bbox 439 4376 2077 4451">
    <p class='ocr_par' dir='ltr' id='par_1_63' title="bbox 439 4376 2077 4451">
     <span class='ocr_line' id='line_1_64' title="bbox 439 4376 2077 4451; baseline 0.004 -21"><span class='ocrx_word' id='word_1_461' title='bbox 439 4376 554 4431; x_wconf 86' lang='lat' dir='ltr'>bus</span> <span class='ocrx_word' id='word_1_462' title='bbox 584 4383 709 4433; x_wconf 88' lang='lat' dir='ltr'>erat</span> <span class='ocrx_word' id='word_1_463' title='bbox 737 4378 1074 4434; x_wconf 87' lang='lat' dir='ltr'>succinctus</span> <span class='ocrx_word' id='word_1_464' title='bbox 1107 4379 1459 4451; x_wconf 89' lang='lat' dir='ltr'>optimarum</span> <span class='ocrx_word' id='word_1_465' title='bbox 1486 4380 1662 4435; x_wconf 89' lang='lat' dir='ltr'>robur</span> <span class='ocrx_word' id='word_1_466' title='bbox 1691 4385 1745 4435; x_wconf 88' lang='lat' dir='ltr'>et</span> <span class='ocrx_word' id='word_1_467' title='bbox 1776 4398 2077 4437; x_wconf 88' lang='lat' dir='ltr'>numerus.</span> 
     </span>
    </p>
   </div>
   <div class='ocr_carea' id='block_1_64' title="bbox 440 4464 2076 4536">
    <p class='ocr_par' dir='ltr' id='par_1_64' title="bbox 440 4464 2076 4536">
     <span class='ocr_line' id='line_1_65' title="bbox 440 4464 2076 4536; baseline 0.004 -18"><span class='ocrx_word' id='word_1_468' title='bbox 440 4464 599 4535; x_wconf 86' lang='lat' dir='ltr'>Cepit</span> <span class='ocrx_word' id='word_1_469' title='bbox 632 4482 766 4536; x_wconf 89' lang='lat' dir='ltr'>ergo</span> <span class='ocrx_word' id='word_1_470' title='bbox 802 4466 946 4521; x_wconf 88' lang='lat' dir='ltr'>mira</span> <span class='ocrx_word' id='word_1_471' title='bbox 976 4467 1266 4522; x_wconf 89' lang='lat' dir='ltr'>celeritate</span> <span class='ocrx_word' id='word_1_472' title='bbox 1295 4484 1485 4522; x_wconf 89' lang='lat' dir='ltr'>arcem</span> <span class='ocrx_word' id='word_1_473' title='bbox 1518 4468 1590 4522; x_wconf 88' lang='lat' dir='ltr'>ad</span> <span class='ocrx_word' id='word_1_474' title='bbox 1621 4468 1854 4535; x_wconf 81' lang='lat' dir='ltr'>Canina,</span> <span class='ocrx_word' id='word_1_475' title='bbox 1886 4487 2076 4525; x_wconf 86' lang='lat' dir='ltr'>arcem</span> 
     </span>
    </p>
   </div>
   <div class='ocr_carea' id='block_1_65' title="bbox 443 4538 2155 4627">
    <p class='ocr_par' dir='ltr' id='par_1_65' title="bbox 443 4538 2155 4627">
     <span class='ocr_line' id='line_1_66' title="bbox 443 4538 2155 4627; baseline 0.003 -20"><span class='ocrx_word' id='word_1_476' title='bbox 443 4551 558 4607; x_wconf 88' lang='lat' dir='ltr'>alia</span> <span class='ocrx_word' id='word_1_477' title='bbox 589 4554 658 4607; x_wconf 88' lang='lat' dir='ltr'>ad</span> <span class='ocrx_word' id='word_1_478' title='bbox 691 4553 1030 4625; x_wconf 87' lang='lat' dir='ltr'>Bellagrada</span> <span class='ocrx_word' id='word_1_479' title='bbox 1060 4555 1226 4621; x_wconf 89' lang='lat' dir='ltr'>sitas,</span> <span class='ocrx_word' id='word_1_480' title='bbox 1259 4560 1536 4627; x_wconf 73' lang='lat' dir='ltr'>prmterca</span> <span class='ocrx_word' id='word_1_481' title='bbox 1574 4555 1852 4627; x_wconf 89' lang='lat' dir='ltr'>Pologum</span> <span class='ocrx_word' id='word_1_482' title='bbox 1886 4561 1942 4612; x_wconf 91' lang='lat' dir='ltr'>et</span> <span class='ocrx_word' id='word_1_483' title='bbox 1973 4557 2076 4612; x_wconf 85' lang='lat' dir='ltr'>Co-</span> <span class='ocrx_word' id='word_1_484' title='bbox 2109 4538 2155 4600; x_wconf 76' lang='grc' dir='ltr'>ί)</span> 
     </span>
    </p>
   </div>
   <div class='ocr_carea' id='block_1_66' title="bbox 442 4640 2076 4716">
    <p class='ocr_par' dir='ltr' id='par_1_66' title="bbox 442 4640 2076 4716">
     <span class='ocr_line' id='line_1_67' title="bbox 442 4640 2076 4716; baseline 0.003 -21"><span class='ocrx_word' id='word_1_485' title='bbox 442 4640 706 4709; x_wconf 89' lang='lat' dir='ltr'>loncam;</span> <span class='ocrx_word' id='word_1_486' title='bbox 752 4643 987 4714; x_wconf 86' lang='lat' dir='ltr'>subegit</span> <span class='ocrx_word' id='word_1_487' title='bbox 1032 4644 1373 4711; x_wconf 86' lang='lat' dir='ltr'>Castoriam,</span> <span class='ocrx_word' id='word_1_488' title='bbox 1420 4643 1819 4714; x_wconf 86' lang='lat' dir='ltr'>Pelagoniam,</span> <span class='ocrx_word' id='word_1_489' title='bbox 1868 4645 2076 4716; x_wconf 85' lang='lat' dir='ltr'>Duras,</span> 
     </span>
    </p>
   </div>
   <div class='ocr_carea' id='block_1_67' title="bbox 446 4730 2076 4808">
    <p class='ocr_par' dir='ltr' id='par_1_67' title="bbox 446 4730 2076 4808">
     <span class='ocr_line' id='line_1_68' title="bbox 446 4730 2076 4808; baseline 0.004 -25"><span class='ocrx_word' id='word_1_490' title='bbox 446 4730 789 4784; x_wconf 87' lang='lat' dir='ltr'>Tzernicum</span> <span class='ocrx_word' id='word_1_491' title='bbox 822 4749 1053 4802; x_wconf 87' lang='lat' dir='ltr'>quoque</span> <span class='ocrx_word' id='word_1_492' title='bbox 1101 4738 1157 4788; x_wconf 88' lang='lat' dir='ltr'>ct</span> <span class='ocrx_word' id='word_1_493' title='bbox 1208 4734 1475 4790; x_wconf 91' lang='lat' dir='ltr'>Diabolin</span> <span class='ocrx_word' id='word_1_494' title='bbox 1525 4739 1582 4789; x_wconf 89' lang='lat' dir='ltr'>et</span> <span class='ocrx_word' id='word_1_495' title='bbox 1630 4734 2076 4808; x_wconf 83' lang='lat' dir='ltr'>Prilapum,Bo-</span> 
     </span>
    </p>
   </div>
   <div class='ocr_carea' id='block_1_68' title="bbox 445 4818 2075 4891">
    <p class='ocr_par' dir='ltr' id='par_1_68' title="bbox 445 4818 2075 4891">
     <span class='ocr_line' id='line_1_69' title="bbox 445 4818 2075 4891; baseline 0.004 -20"><span class='ocrx_word' id='word_1_496' title='bbox 445 4818 628 4872; x_wconf 90' lang='lat' dir='ltr'>decna</span> <span class='ocrx_word' id='word_1_497' title='bbox 672 4818 809 4873; x_wconf 86' lang='lat' dir='ltr'>item</span> <span class='ocrx_word' id='word_1_498' title='bbox 842 4824 897 4874; x_wconf 88' lang='lat' dir='ltr'>et</span> <span class='ocrx_word' id='word_1_499' title='bbox 928 4821 1196 4876; x_wconf 87' lang='lat' dir='ltr'>Bostrum</span> <span class='ocrx_word' id='word_1_500' title='bbox 1245 4822 1497 4878; x_wconf 88' lang='lat' dir='ltr'>insulam</span> <span class='ocrx_word' id='word_1_501' title='bbox 1547 4823 1605 4878; x_wconf 92' lang='lat' dir='ltr'>in</span> <span class='ocrx_word' id='word_1_502' title='bbox 1657 4823 2075 4891; x_wconf 87' lang='lat' dir='ltr'>lacu,Petram,</span> 
     </span>
    </p>
   </div>
   <div class='ocr_carea' id='block_1_69' title="bbox 443 4908 2075 4983">
    <p class='ocr_par' dir='ltr' id='par_1_69' title="bbox 443 4908 2075 4983">
     <span class='ocr_line' id='line_1_70' title="bbox 443 4908 2075 4983; baseline 0.006 -26"><span class='ocrx_word' id='word_1_503' title='bbox 443 4908 746 4975; x_wconf 89' lang='lat' dir='ltr'>Prespam,</span> <span class='ocrx_word' id='word_1_504' title='bbox 777 4908 1087 4977; x_wconf 80' lang='lat' dir='ltr'>Steridola,</span> <span class='ocrx_word' id='word_1_505' title='bbox 1135 4910 1449 4965; x_wconf 81' lang='lat' dir='ltr'>Achridam</span> <span class='ocrx_word' id='word_1_506' title='bbox 1482 4916 1539 4966; x_wconf 85' lang='lat' dir='ltr'>et</span> <span class='ocrx_word' id='word_1_507' title='bbox 1570 4913 1895 4983; x_wconf 76' lang='lat' dir='ltr'>Illyriorum</span> <span class='ocrx_word' id='word_1_508' title='bbox 1946 4930 2075 4967; x_wconf 88' lang='lat' dir='ltr'>mu—</span> 
     </span>
    </p>
   </div>
   <div class='ocr_carea' id='block_1_70' title="bbox 442 4994 2078 5070">
    <p class='ocr_par' dir='ltr' id='par_1_70' title="bbox 442 4994 2078 5070">
     <span class='ocr_line' id='line_1_71' title="bbox 442 4994 2078 5070; baseline 0.006 -25"><span class='ocrx_word' id='word_1_509' title='bbox 442 4994 716 5061; x_wconf 88' lang='lat' dir='ltr'>nitiones,</span> <span class='ocrx_word' id='word_1_510' title='bbox 750 4995 1172 5065; x_wconf 83' lang='lat' dir='ltr'>Dyrrhachium</span> <span class='ocrx_word' id='word_1_511' title='bbox 1230 5014 1412 5067; x_wconf 76' lang='lat' dir='ltr'>usque</span> <span class='ocrx_word' id='word_1_512' title='bbox 1458 5006 1683 5054; x_wconf 87' lang='lat' dir='ltr'>armata</span> <span class='ocrx_word' id='word_1_513' title='bbox 1732 5017 2078 5070; x_wconf 81' lang='lat' dir='ltr'>progressus</span> 
     </span>
    </p>
   </div>
   <div class='ocr_carea' id='block_1_71' title="bbox 440 5086 2081 5156">
    <p class='ocr_par' dir='ltr' id='par_1_71' title="bbox 440 5086 2081 5156">
     <span class='ocr_line' id='line_1_72' title="bbox 440 5086 2081 5156; baseline 0.004 -19"><span class='ocrx_word' id='word_1_514' title='bbox 440 5099 637 5138; x_wconf 90' lang='lat' dir='ltr'>manu.</span> <span class='ocrx_word' id='word_1_515' title='bbox 693 5090 1020 5155; x_wconf 88' lang='lat' dir='ltr'>Aggressus</span> <span class='ocrx_word' id='word_1_516' title='bbox 1075 5086 1248 5140; x_wconf 87' lang='lat' dir='ltr'>etiam</span> <span class='ocrx_word' id='word_1_517' title='bbox 1305 5087 1531 5141; x_wconf 83' lang='lat' dir='ltr'>Patrum</span> <span class='ocrx_word' id='word_1_518' title='bbox 1582 5094 1637 5142; x_wconf 85' lang='lat' dir='ltr'>et</span> <span class='ocrx_word' id='word_1_519' title='bbox 1698 5090 1957 5156; x_wconf 83' lang='lat' dir='ltr'>Tricccn,</span> <span class='ocrx_word' id='word_1_520' title='bbox 2024 5093 2081 5144; x_wconf 88' lang='lat' dir='ltr'>ct</span> 
     </span>
    </p>
   </div>
   <div class='ocr_carea' id='block_1_72' title="bbox 444 5172 2078 5245">
    <p class='ocr_par' dir='ltr' id='par_1_72' title="bbox 444 5172 2078 5245">
     <span class='ocr_line' id='line_1_73' title="bbox 444 5172 2078 5245; baseline 0.001 -18"><span class='ocrx_word' id='word_1_521' title='bbox 444 5172 671 5227; x_wconf 89' lang='lat' dir='ltr'>cunctis</span> <span class='ocrx_word' id='word_1_522' title='bbox 710 5188 812 5242; x_wconf 90' lang='lat' dir='ltr'>per</span> <span class='ocrx_word' id='word_1_523' title='bbox 840 5172 1149 5227; x_wconf 88' lang='lat' dir='ltr'>circuitum</span> <span class='ocrx_word' id='word_1_524' title='bbox 1182 5173 1474 5229; x_wconf 88' lang='lat' dir='ltr'>deditione</span> <span class='ocrx_word' id='word_1_525' title='bbox 1516 5176 1754 5244; x_wconf 83' lang='lat' dir='ltr'>potitus,</span> <span class='ocrx_word' id='word_1_526' title='bbox 1788 5175 2078 5245; x_wconf 88' lang='lat' dir='ltr'>plerisque</span> 
     </span>
    </p>
   </div>
   <div class='ocr_carea' id='block_1_73' title="bbox 447 5259 2076 5331">
    <p class='ocr_par' dir='ltr' id='par_1_73' title="bbox 447 5259 2076 5331">
     <span class='ocr_line' id='line_1_74' title="bbox 447 5259 2076 5331; baseline 0.002 -18"><span class='ocrx_word' id='word_1_527' title='bbox 447 5259 574 5315; x_wconf 89' lang='lat' dir='ltr'>sine</span> <span class='ocrx_word' id='word_1_528' title='bbox 604 5262 839 5317; x_wconf 88' lang='lat' dir='ltr'>admota</span> <span class='ocrx_word' id='word_1_529' title='bbox 891 5261 946 5315; x_wconf 87' lang='lat' dir='ltr'>vi</span> <span class='ocrx_word' id='word_1_530' title='bbox 989 5261 1112 5317; x_wconf 92' lang='lat' dir='ltr'>solo</span> <span class='ocrx_word' id='word_1_531' title='bbox 1145 5266 1358 5318; x_wconf 87' lang='lat' dir='ltr'>terrore</span> <span class='ocrx_word' id='word_1_532' title='bbox 1406 5263 1727 5331; x_wconf 88' lang='lat' dir='ltr'>debellatis,</span> <span class='ocrx_word' id='word_1_533' title='bbox 1760 5264 2076 5319; x_wconf 79' lang='lat' dir='ltr'>maximum</span> 
     </span>
    </p>
   </div>
   <div class='ocr_carea' id='block_1_74' title="bbox 448 5348 2076 5424">
    <p class='ocr_par' dir='ltr' id='par_1_74' title="bbox 448 5348 2076 5424">
     <span class='ocr_line' id='line_1_75' title="bbox 448 5348 2076 5424; baseline 0.002 -22"><span class='ocrx_word' id='word_1_534' title='bbox 448 5348 700 5404; x_wconf 90' lang='lat' dir='ltr'>incussit</span> <span class='ocrx_word' id='word_1_535' title='bbox 757 5354 979 5406; x_wconf 90' lang='lat' dir='ltr'>metum</span> <span class='ocrx_word' id='word_1_536' title='bbox 1039 5350 1361 5406; x_wconf 83' lang='lat' dir='ltr'>dominanti</span> <span class='ocrx_word' id='word_1_537' title='bbox 1417 5351 1535 5406; x_wconf 90' lang='lat' dir='ltr'>illic</span> <span class='ocrx_word' id='word_1_538' title='bbox 1591 5353 1864 5424; x_wconf 74' lang='lat' dir='ltr'>despotae,</span> <span class='ocrx_word' id='word_1_539' title='bbox 1914 5358 1973 5407; x_wconf 92' lang='lat' dir='ltr'>et</span> <span class='ocrx_word' id='word_1_540' title='bbox 2020 5353 2076 5405; x_wconf 90' lang='lat' dir='ltr'>in</span> 
     </span>
    </p>
   </div>
   <div class='ocr_carea' id='block_1_75' title="bbox 450 5438 2080 5511">
    <p class='ocr_par' dir='ltr' id='par_1_75' title="bbox 450 5438 2080 5511">
     <span class='ocr_line' id='line_1_76' title="bbox 450 5438 2080 5511; baseline 0.004 -20"><span class='ocrx_word' id='word_1_541' title='bbox 450 5442 640 5493; x_wconf 87' lang='lat' dir='ltr'>arctas</span> <span class='ocrx_word' id='word_1_542' title='bbox 671 5438 837 5493; x_wconf 89' lang='lat' dir='ltr'>illum</span> <span class='ocrx_word' id='word_1_543' title='bbox 882 5440 1183 5511; x_wconf 84' lang='lat' dir='ltr'>angustias</span> <span class='ocrx_word' id='word_1_544' title='bbox 1214 5440 1522 5495; x_wconf 87' lang='lat' dir='ltr'>contrusit.</span> <span class='ocrx_word' id='word_1_545' title='bbox 1557 5441 1779 5505; x_wconf 87' lang='lat' dir='ltr'>Quibus</span> <span class='ocrx_word' id='word_1_546' title='bbox 1806 5440 2080 5497; x_wconf 72' lang='lat' dir='ltr'>Palaeolo-</span> 
     </span>
    </p>
   </div>
   <div class='ocr_carea' id='block_1_76' title="bbox 444 5528 2078 5601">
    <p class='ocr_par' dir='ltr' id='par_1_76' title="bbox 444 5528 2078 5601">
     <span class='ocr_line' id='line_1_77' title="bbox 444 5528 2078 5601; baseline 0.005 -22"><span class='ocrx_word' id='word_1_547' title='bbox 444 5541 555 5597; x_wconf 89' lang='lat' dir='ltr'>gus</span> <span class='ocrx_word' id='word_1_548' title='bbox 588 5528 861 5599; x_wconf 88' lang='lat' dir='ltr'>cognitis,</span> <span class='ocrx_word' id='word_1_549' title='bbox 892 5533 1009 5585; x_wconf 91' lang='lat' dir='ltr'>tam</span> <span class='ocrx_word' id='word_1_550' title='bbox 1042 5534 1344 5585; x_wconf 90' lang='lat' dir='ltr'>strenuum</span> <span class='ocrx_word' id='word_1_551' title='bbox 1378 5530 1613 5585; x_wconf 87' lang='lat' dir='ltr'>fratrem</span> <span class='ocrx_word' id='word_1_552' title='bbox 1646 5530 1885 5601; x_wconf 87' lang='lat' dir='ltr'>dignum</span> <span class='ocrx_word' id='word_1_553' title='bbox 1917 5535 2078 5587; x_wconf 88' lang='lat' dir='ltr'>ratus</span> 
     </span>
    </p>
   </div>
   <div class='ocr_carea' id='block_1_77' title="bbox 441 5616 2075 5693">
    <p class='ocr_par' dir='ltr' id='par_1_77' title="bbox 441 5616 2075 5693">
     <span class='ocr_line' id='line_1_78' title="bbox 441 5616 2075 5693; baseline 0.005 -24"><span class='ocrx_word' id='word_1_554' title='bbox 441 5616 552 5687; x_wconf 91' lang='lat' dir='ltr'>qui</span> <span class='ocrx_word' id='word_1_555' title='bbox 587 5634 694 5672; x_wconf 88' lang='lat' dir='ltr'>suo</span> <span class='ocrx_word' id='word_1_556' title='bbox 723 5618 912 5688; x_wconf 82' lang='lat' dir='ltr'>ipsius</span> <span class='ocrx_word' id='word_1_557' title='bbox 954 5619 1258 5693; x_wconf 82' lang='lat' dir='ltr'>principali</span> <span class='ocrx_word' id='word_1_558' title='bbox 1308 5618 1539 5691; x_wconf 87' lang='lat' dir='ltr'>fastigio</span> <span class='ocrx_word' id='word_1_559' title='bbox 1589 5620 1828 5691; x_wconf 88' lang='lat' dir='ltr'>propius</span> <span class='ocrx_word' id='word_1_560' title='bbox 1877 5620 2075 5677; x_wconf 50' lang='lat' dir='ltr'>admo-</span> 
     </span>
    </p>
   </div>
   <div class='ocr_carea' id='block_1_78' title="bbox 2199 1861 3836 1944">
    <p class='ocr_par' dir='ltr' id='par_1_78' title="bbox 2199 1861 3836 1944">
     <span class='ocr_line' id='line_1_79' title="bbox 2199 1861 3836 1944; baseline -0.008 -17"><span class='ocrx_word' id='word_1_561' title='bbox 2199 1868 2525 1944; x_wconf 72' lang='grc' dir='ltr'>ϐαλόμενος.</span> <span class='ocrx_word' id='word_1_562' title='bbox 2556 1871 2618 1926; x_wconf 78' lang='grc' dir='ltr'><strong>Ὀ</strong></span> <span class='ocrx_word' id='word_1_563' title='bbox 2654 1869 2746 1942; x_wconf 70' lang='grc' dir='ltr'>μὲν</span> <span class='ocrx_word' id='word_1_564' title='bbox 2781 1867 2869 1922; x_wconf 75' lang='grc' dir='ltr'>οὖν</span> <span class='ocrx_word' id='word_1_565' title='bbox 2925 1866 3178 1943; x_wconf 74' lang='grc' dir='ltr'>βασιλεὺς</span> <span class='ocrx_word' id='word_1_566' title='bbox 3225 1866 3450 1931; x_wconf 86' lang='grc' dir='ltr'>ἐκεῖνον,</span> <span class='ocrx_word' id='word_1_567' title='bbox 3499 1862 3589 1917; x_wconf 72' lang='grc' dir='ltr'>σὺν</span> <span class='ocrx_word' id='word_1_568' title='bbox 3645 1861 3836 1932; x_wconf 84' lang='grc' dir='ltr'>ἐκείνῳ</span> 
     </span>
    </p>
   </div>
   <div class='ocr_carea' id='block_1_79' title="bbox 2199 1951 3837 2029">
    <p class='ocr_par' dir='ltr' id='par_1_79' title="bbox 2199 1951 3837 2029">
     <span class='ocr_line' id='line_1_80' title="bbox 2199 1951 3837 2029; baseline -0.008 -14"><span class='ocrx_word' id='word_1_569' title='bbox 2199 1959 2255 2015; x_wconf 75' lang='grc' dir='ltr'>δὲ</span> <span class='ocrx_word' id='word_1_570' title='bbox 2287 1961 2376 2014; x_wconf 82' lang='grc' dir='ltr'>καὶ</span> <span class='ocrx_word' id='word_1_571' title='bbox 2424 1956 2667 2019; x_wconf 78' lang='grc' dir='ltr'>πολλοὺς</span> <span class='ocrx_word' id='word_1_572' title='bbox 2726 1955 2927 2017; x_wconf 80' lang='grc' dir='ltr'>ἄλλους</span> <span class='ocrx_word' id='word_1_573' title='bbox 2991 1954 3266 2029; x_wconf 89' lang='grc' dir='ltr'>μεγίσταις</span> <span class='ocrx_word' id='word_1_574' title='bbox 3324 1951 3663 2028; x_wconf 83' lang='grc' dir='ltr'>δωρούμενος</span> <span class='ocrx_word' id='word_1_575' title='bbox 3718 1954 3837 2011; x_wconf 78' lang='grc' dir='ltr'>ταῖς</span> 
     </span>
    </p>
   </div>
   <div class='ocr_carea' id='block_1_80' title="bbox 2196 2048 2387 2119">
    <p class='ocr_par' dir='ltr' id='par_1_80' title="bbox 2196 2048 2387 2119">
     <span class='ocr_line' id='line_1_81' title="bbox 2196 2048 2387 2119; baseline 0.01 -15"><span class='ocrx_word' id='word_1_576' title='bbox 2196 2048 2387 2119; x_wconf 80' lang='grc' dir='ltr'>ἀξίαις.</span> 
     </span>
    </p>
   </div>
   <div class='ocr_carea' id='block_1_81' title="bbox 2200 2191 3842 2280">
    <p class='ocr_par' dir='ltr' id='par_1_81' title="bbox 2200 2191 3842 2280">
     <span class='ocr_line' id='line_1_82' title="bbox 2200 2191 3842 2280; baseline -0.006 -27"><span class='ocrx_word' id='word_1_577' title='bbox 2200 2201 2283 2273; x_wconf 86' lang='grc' dir='ltr'>ιγ’.</span> <span class='ocrx_word' id='word_1_578' title='bbox 2353 2199 2539 2257; x_wconf 87' lang='grc' dir='ltr'>Ὀπως</span> <span class='ocrx_word' id='word_1_579' title='bbox 2613 2197 2739 2256; x_wconf 81' lang='grc' dir='ltr'>τοὺς</span> <span class='ocrx_word' id='word_1_580' title='bbox 2827 2198 3143 2280; x_wconf 49' lang='grc' dir='ltr'>μεγιστᾶνας</span> <span class='ocrx_word' id='word_1_581' title='bbox 3207 2192 3503 2265; x_wconf 84' lang='grc' dir='ltr'>ἀξιώμασιν</span> <span class='ocrx_word' id='word_1_582' title='bbox 3584 2191 3743 2264; x_wconf 84' lang='grc' dir='ltr'>ἐτίμα</span> <span class='ocrx_word' id='word_1_583' title='bbox 3815 2191 3842 2243; x_wconf 80' lang='grc' dir='ltr'>ὁ</span> 
     </span>
    </p>
   </div>
   <div class='ocr_carea' id='block_1_82' title="bbox 2893 2285 3127 2340">
    <p class='ocr_par' dir='ltr' id='par_1_82' title="bbox 2893 2285 3127 2340">
     <span class='ocr_line' id='line_1_83' title="bbox 2893 2285 3127 2340; baseline 0.013 -21"><span class='ocrx_word' id='word_1_584' title='bbox 2893 2285 3127 2340; x_wconf 86' lang='grc' dir='ltr'>κρατων.</span> 
     </span>
    </p>
   </div>
   <div class='ocr_carea' id='block_1_83' title="bbox 2266 2392 3849 2474">
    <p class='ocr_par' dir='ltr' id='par_1_83' title="bbox 2266 2392 3849 2474">
     <span class='ocr_line' id='line_1_84' title="bbox 2266 2392 3849 2474; baseline -0.007 -16"><span class='ocrx_word' id='word_1_585' title='bbox 2266 2404 2369 2460; x_wconf 85' lang='grc' dir='ltr'>Τὸν</span> <span class='ocrx_word' id='word_1_586' title='bbox 2407 2402 2500 2474; x_wconf 76' lang='grc' dir='ltr'>μὶν</span> <span class='ocrx_word' id='word_1_587' title='bbox 2531 2400 2621 2454; x_wconf 79' lang='grc' dir='ltr'>οὗν</span> <span class='ocrx_word' id='word_1_588' title='bbox 2656 2400 2908 2469; x_wconf 81' lang='grc' dir='ltr'>Ἰωάννην</span> <span class='ocrx_word' id='word_1_589' title='bbox 2943 2396 3209 2467; x_wconf 85' lang='grc' dir='ltr'>δεσπότην</span> <span class='ocrx_word' id='word_1_590' title='bbox 3244 2397 3551 2471; x_wconf 79' lang='grc' dir='ltr'>ἐγκαθιστᾷ,</span> <span class='ocrx_word' id='word_1_591' title='bbox 3608 2396 3660 2449; x_wconf 73' lang='grc' dir='ltr'>αἱ</span> <span class='ocrx_word' id='word_1_592' title='bbox 3702 2392 3759 2449; x_wconf 83' lang='grc' dir='ltr'>δέ</span> <span class='ocrx_word' id='word_1_593' title='bbox 3790 2415 3849 2469; x_wconf 88' lang='grc' dir='ltr'>γε</span> 
     </span>
    </p>
   </div>
   <div class='ocr_carea' id='block_1_84' title="bbox 2194 2482 3846 2566">
    <p class='ocr_par' dir='ltr' id='par_1_84' title="bbox 2194 2482 3846 2566">
     <span class='ocr_line' id='line_1_85' title="bbox 2194 2482 3846 2566; baseline -0.007 -20"><span class='ocrx_word' id='word_1_594' title='bbox 2194 2490 2412 2566; x_wconf 82' lang='grc' dir='ltr'>πράξεις</span> <span class='ocrx_word' id='word_1_595' title='bbox 2443 2490 2647 2544; x_wconf 84' lang='grc' dir='ltr'>ἐκείνου</span> <span class='ocrx_word' id='word_1_596' title='bbox 2678 2487 2765 2541; x_wconf 79' lang='grc' dir='ltr'>καὶ</span> <span class='ocrx_word' id='word_1_597' title='bbox 2800 2488 2967 2562; x_wconf 72' lang='grc' dir='ltr'>μέγαν</span> <span class='ocrx_word' id='word_1_598' title='bbox 3000 2486 3295 2562; x_wconf 78' lang='grc' dir='ltr'>ἐφήμιζον,</span> <span class='ocrx_word' id='word_1_599' title='bbox 3355 2483 3577 2558; x_wconf 83' lang='grc' dir='ltr'>θάτερον</span> <span class='ocrx_word' id='word_1_600' title='bbox 3630 2482 3689 2537; x_wconf 74' lang='grc' dir='ltr'>δὲ</span> <span class='ocrx_word' id='word_1_601' title='bbox 3737 2488 3846 2537; x_wconf 83' lang='grc' dir='ltr'>τῶν</span> 
     </span>
    </p>
   </div>
   <div class='ocr_carea' id='block_1_85' title="bbox 2193 2569 3843 2655">
    <p class='ocr_par' dir='ltr' id='par_1_85' title="bbox 2193 2569 3843 2655">
     <span class='ocr_line' id='line_1_86' title="bbox 2193 2569 3843 2655; baseline -0.006 -21"><span class='ocrx_word' id='word_1_602' title='bbox 2193 2577 2441 2655; x_wconf 78' lang='grc' dir='ltr'>ἀδελφῶν</span> <span class='ocrx_word' id='word_1_603' title='bbox 2519 2580 2924 2633; x_wconf 85' lang='grc' dir='ltr'>Κωνσταντῖνον</span> <span class='ocrx_word' id='word_1_604' title='bbox 3003 2569 3471 2648; x_wconf 78' lang='grc' dir='ltr'>σεϐαστοκράτορα</span> <span class='ocrx_word' id='word_1_605' title='bbox 3518 2570 3652 2655; x_wconf 80' lang='grc' dir='ltr'>μετᾶ</span> <span class='ocrx_word' id='word_1_606' title='bbox 3710 2573 3843 2626; x_wconf 85' lang='grc' dir='ltr'>Καί-</span> 
     </span>
    </p>
   </div>
   <div class='ocr_carea' id='block_1_86' title="bbox 2192 2654 3839 2741">
    <p class='ocr_par' dir='ltr' id='par_1_86' title="bbox 2192 2654 3839 2741">
     <span class='ocr_line' id='line_1_87' title="bbox 2192 2654 3839 2741; baseline -0.007 -19"><span class='ocrx_word' id='word_1_607' title='bbox 2192 2654 2378 2741; x_wconf 83' lang='grc' dir='ltr'>σαρας·</span> <span class='ocrx_word' id='word_1_608' title='bbox 2416 2669 2499 2739; x_wconf 87' lang='grc' dir='ltr'>[Ρ.</span> <span class='ocrx_word' id='word_1_609' title='bbox 2557 2667 2649 2736; x_wconf 87' lang='grc'>70]</span> <span class='ocrx_word' id='word_1_610' title='bbox 2699 2664 2812 2736; x_wconf 77' lang='grc' dir='ltr'>ἅμα</span> <span class='ocrx_word' id='word_1_611' title='bbox 2858 2664 2959 2738; x_wconf 78' lang='grc' dir='ltr'>γάρ</span> <span class='ocrx_word' id='word_1_612' title='bbox 3016 2661 3109 2717; x_wconf 86' lang='grc' dir='ltr'>τὸν</span> <span class='ocrx_word' id='word_1_613' title='bbox 3170 2662 3424 2731; x_wconf 77' lang='grc' dir='ltr'>Ἰωάννην</span> <span class='ocrx_word' id='word_1_614' title='bbox 3477 2654 3839 2733; x_wconf 76' lang='grc' dir='ltr'>σεϐαστοκρά-</span> 
     </span>
    </p>
   </div>
   <div class='ocr_carea' id='block_1_87' title="bbox 2193 2783 3839 2861">
    <p class='ocr_par' dir='ltr' id='par_1_87' title="bbox 2193 2783 3839 2861">
     <span class='ocr_line' id='line_1_88' title="bbox 2193 2783 3839 2861; baseline -0.009 -12"><span class='ocrx_word' id='word_1_615' title='bbox 2193 2797 2438 2861; x_wconf 87' lang='lat' dir='ltr'>veretur,</span> <span class='ocrx_word' id='word_1_616' title='bbox 2469 2790 2637 2845; x_wconf 89' lang='lat' dir='ltr'>illum</span> <span class='ocrx_word' id='word_1_617' title='bbox 2665 2787 3208 2857; x_wconf 63' lang='lat' dir='ltr'>:sebastocratorem</span> <span class='ocrx_word' id='word_1_618' title='bbox 3263 2785 3459 2840; x_wconf 89' lang='lat' dir='ltr'>missis</span> <span class='ocrx_word' id='word_1_619' title='bbox 3507 2783 3634 2854; x_wconf 89' lang='lat' dir='ltr'>ejus</span> <span class='ocrx_word' id='word_1_620' title='bbox 3685 2799 3839 2855; x_wconf 63' lang='lat' dir='ltr'>pre-</span> 
     </span>
    </p>
   </div>
   <div class='ocr_carea' id='block_1_88' title="bbox 2193 2873 3317 2949">
    <p class='ocr_par' dir='ltr' id='par_1_88' title="bbox 2193 2873 3317 2949">
     <span class='ocr_line' id='line_1_89' title="bbox 2193 2873 3317 2949; baseline -0.01 -11"><span class='ocrx_word' id='word_1_621' title='bbox 2193 2883 2358 2938; x_wconf 78' lang='lat' dir='ltr'>celsas</span> <span class='ocrx_word' id='word_1_622' title='bbox 2390 2876 2691 2949; x_wconf 85' lang='lat' dir='ltr'>dignitatis</span> <span class='ocrx_word' id='word_1_623' title='bbox 2723 2875 3055 2948; x_wconf 88' lang='lat' dir='ltr'>insignibus</span> <span class='ocrx_word' id='word_1_624' title='bbox 3087 2873 3317 2930; x_wconf 87' lang='lat' dir='ltr'>creavit.</span> 
     </span>
    </p>
   </div>
   <div class='ocr_carea' id='block_1_89' title="bbox 2247 2980 3772 3053">
    <p class='ocr_par' dir='ltr' id='par_1_89' title="bbox 2247 2980 3772 3053">
     <span class='ocr_line' id='line_1_90' title="bbox 2247 2980 3772 3053; baseline -0.007 -10"><span class='ocrx_word' id='word_1_625' title='bbox 2247 2989 2332 3043; x_wconf 84' lang='grc'>12.</span> <span class='ocrx_word' id='word_1_626' title='bbox 2372 2988 2437 3043; x_wconf 79' lang='lat' dir='ltr'>Ut</span> <span class='ocrx_word' id='word_1_627' title='bbox 2464 2984 2692 3041; x_wconf 78' lang='lat' dir='ltr'>Michael</span> <span class='ocrx_word' id='word_1_628' title='bbox 2719 2982 2944 3053; x_wconf 83' lang='lat' dir='ltr'>despota</span> <span class='ocrx_word' id='word_1_629' title='bbox 2974 2984 3032 3036; x_wconf 86' lang='lat' dir='ltr'>in</span> <span class='ocrx_word' id='word_1_630' title='bbox 3062 2990 3218 3037; x_wconf 80' lang='lat' dir='ltr'>arcto</span> <span class='ocrx_word' id='word_1_631' title='bbox 3244 2980 3457 3051; x_wconf 80' lang='lat' dir='ltr'>positus</span> <span class='ocrx_word' id='word_1_632' title='bbox 3485 2981 3772 3050; x_wconf 82' lang='lat' dir='ltr'>conjugem</span> 
     </span>
    </p>
   </div>
   <div class='ocr_carea' id='block_1_90' title="bbox 2487 3053 3533 3126">
    <p class='ocr_par' dir='ltr' id='par_1_90' title="bbox 2487 3053 3533 3126">
     <span class='ocr_line' id='line_1_91' title="bbox 2487 3053 3533 3126; baseline -0.006 -15"><span class='ocrx_word' id='word_1_633' title='bbox 2487 3065 2540 3111; x_wconf 83' lang='lat' dir='ltr'>et</span> <span class='ocrx_word' id='word_1_634' title='bbox 2567 3057 2749 3126; x_wconf 80' lang='lat' dir='ltr'>ﬁlium</span> <span class='ocrx_word' id='word_1_635' title='bbox 2778 3054 2848 3109; x_wconf 85' lang='lat' dir='ltr'>ad</span> <span class='ocrx_word' id='word_1_636' title='bbox 2879 3056 3266 3124; x_wconf 73' lang='lat' dir='ltr'>imperatorem</span> <span class='ocrx_word' id='word_1_637' title='bbox 3296 3053 3533 3106; x_wconf 76' lang='lat' dir='ltr'>miserit.</span> 
     </span>
    </p>
   </div>
   <div class='ocr_carea' id='block_1_91' title="bbox 2260 3138 3834 3214">
    <p class='ocr_par' dir='ltr' id='par_1_91' title="bbox 2260 3138 3834 3214">
     <span class='ocr_line' id='line_1_92' title="bbox 2260 3138 3834 3214; baseline -0.006 -12"><span class='ocrx_word' id='word_1_638' title='bbox 2260 3147 2543 3203; x_wconf 69' lang='lat' dir='ltr'>Caeterum</span> <span class='ocrx_word' id='word_1_639' title='bbox 2574 3141 2820 3199; x_wconf 87' lang='lat' dir='ltr'>Michael</span> <span class='ocrx_word' id='word_1_640' title='bbox 2872 3144 3005 3214; x_wconf 89' lang='lat' dir='ltr'>post</span> <span class='ocrx_word' id='word_1_641' title='bbox 3034 3158 3100 3197; x_wconf 90' lang='lat' dir='ltr'>ea</span> <span class='ocrx_word' id='word_1_642' title='bbox 3131 3157 3258 3211; x_wconf 70' lang='lat' dir='ltr'>quae</span> <span class='ocrx_word' id='word_1_643' title='bbox 3308 3141 3421 3212; x_wconf 87' lang='lat' dir='ltr'>ipsi</span> <span class='ocrx_word' id='word_1_644' title='bbox 3455 3156 3556 3195; x_wconf 92' lang='lat' dir='ltr'>uso</span> <span class='ocrx_word' id='word_1_645' title='bbox 3589 3138 3834 3193; x_wconf 83' lang='lat' dir='ltr'>auxilia-</span> 
     </span>
    </p>
   </div>
   <div class='ocr_carea' id='block_1_92' title="bbox 2192 3226 3833 3305">
    <p class='ocr_par' dir='ltr' id='par_1_92' title="bbox 2192 3226 3833 3305">
     <span class='ocr_line' id='line_1_93' title="bbox 2192 3226 3833 3305; baseline -0.006 -15"><span class='ocrx_word' id='word_1_646' title='bbox 2192 3234 2357 3291; x_wconf 91' lang='lat' dir='ltr'>ribus</span> <span class='ocrx_word' id='word_1_647' title='bbox 2410 3233 2593 3305; x_wconf 89' lang='lat' dir='ltr'>copiis</span> <span class='ocrx_word' id='word_1_648' title='bbox 2639 3249 2674 3286; x_wconf 88' lang='lat' dir='ltr'>a</span> <span class='ocrx_word' id='word_1_649' title='bbox 2718 3230 3014 3286; x_wconf 85' lang='lat' dir='ltr'>Manfredo</span> <span class='ocrx_word' id='word_1_650' title='bbox 3068 3230 3195 3299; x_wconf 89' lang='lat' dir='ltr'>ejus</span> <span class='ocrx_word' id='word_1_651' title='bbox 3244 3244 3455 3300; x_wconf 91' lang='lat' dir='ltr'>genero</span> <span class='ocrx_word' id='word_1_652' title='bbox 3515 3226 3833 3282; x_wconf 88' lang='lat' dir='ltr'>submissis</span> 
     </span>
    </p>
   </div>
   <div class='ocr_carea' id='block_1_93' title="bbox 2191 3316 3836 3387">
    <p class='ocr_par' dir='ltr' id='par_1_93' title="bbox 2191 3316 3836 3387">
     <span class='ocr_line' id='line_1_94' title="bbox 2191 3316 3836 3387; baseline -0.006 -8"><span class='ocrx_word' id='word_1_653' title='bbox 2191 3324 2471 3379; x_wconf 88' lang='lat' dir='ltr'>adversus</span> <span class='ocrx_word' id='word_1_654' title='bbox 2510 3321 2793 3376; x_wconf 70' lang='lat' dir='ltr'>Caesarem</span> <span class='ocrx_word' id='word_1_655' title='bbox 2840 3322 3264 3386; x_wconf 86' lang='lat' dir='ltr'>successerant,</span> <span class='ocrx_word' id='word_1_656' title='bbox 3298 3317 3369 3371; x_wconf 91' lang='lat' dir='ltr'>de</span> <span class='ocrx_word' id='word_1_657' title='bbox 3399 3316 3616 3387; x_wconf 91' lang='lat' dir='ltr'>quibus</span> <span class='ocrx_word' id='word_1_658' title='bbox 3662 3320 3836 3370; x_wconf 88' lang='lat' dir='ltr'>antea</span> 
     </span>
    </p>
   </div>
   <div class='ocr_carea' id='block_1_94' title="bbox 2192 3403 3833 3477">
    <p class='ocr_par' dir='ltr' id='par_1_94' title="bbox 2192 3403 3833 3477">
     <span class='ocr_line' id='line_1_95' title="bbox 2192 3403 3833 3477; baseline -0.005 -11"><span class='ocrx_word' id='word_1_659' title='bbox 2192 3410 2473 3477; x_wconf 83' lang='lat' dir='ltr'>diximus,</span> <span class='ocrx_word' id='word_1_660' title='bbox 2522 3409 2593 3463; x_wconf 91' lang='lat' dir='ltr'>ad</span> <span class='ocrx_word' id='word_1_661' title='bbox 2654 3406 2891 3462; x_wconf 90' lang='lat' dir='ltr'>saniora</span> <span class='ocrx_word' id='word_1_662' title='bbox 2949 3405 3184 3460; x_wconf 91' lang='lat' dir='ltr'>tandem</span> <span class='ocrx_word' id='word_1_663' title='bbox 3243 3403 3489 3459; x_wconf 89' lang='lat' dir='ltr'>consilia</span> <span class='ocrx_word' id='word_1_664' title='bbox 3535 3403 3833 3458; x_wconf 88' lang='lat' dir='ltr'>inclinans</span> 
     </span>
    </p>
   </div>
   <div class='ocr_carea' id='block_1_95' title="bbox 2191 3492 3834 3563">
    <p class='ocr_par' dir='ltr' id='par_1_95' title="bbox 2191 3492 3834 3563">
     <span class='ocr_line' id='line_1_96' title="bbox 2191 3492 3834 3563; baseline -0.004 -9"><span class='ocrx_word' id='word_1_665' title='bbox 2191 3500 2478 3563; x_wconf 90' lang='lat' dir='ltr'>animum,</span> <span class='ocrx_word' id='word_1_666' title='bbox 2526 3496 2625 3551; x_wconf 92' lang='lat' dir='ltr'>ubi</span> <span class='ocrx_word' id='word_1_667' title='bbox 2675 3494 2883 3550; x_wconf 92' lang='lat' dir='ltr'>deinde</span> <span class='ocrx_word' id='word_1_668' title='bbox 2931 3493 3155 3549; x_wconf 89' lang='lat' dir='ltr'>audivit</span> <span class='ocrx_word' id='word_1_669' title='bbox 3205 3493 3409 3547; x_wconf 90' lang='lat' dir='ltr'>urbem</span> <span class='ocrx_word' id='word_1_670' title='bbox 3461 3492 3834 3563; x_wconf 88' lang='lat' dir='ltr'>imperatoris</span> 
     </span>
    </p>
   </div>
   <div class='ocr_carea' id='block_1_96' title="bbox 2192 3580 3834 3659">
    <p class='ocr_par' dir='ltr' id='par_1_96' title="bbox 2192 3580 3834 3659">
     <span class='ocr_line' id='line_1_97' title="bbox 2192 3580 3834 3659; baseline -0.004 -17"><span class='ocrx_word' id='word_1_671' title='bbox 2192 3585 2465 3659; x_wconf 88' lang='lat' dir='ltr'>potestati</span> <span class='ocrx_word' id='word_1_672' title='bbox 2497 3583 2781 3640; x_wconf 85' lang='lat' dir='ltr'>redditam</span> <span class='ocrx_word' id='word_1_673' title='bbox 2805 3582 2966 3638; x_wconf 87' lang='lat' dir='ltr'>misit</span> <span class='ocrx_word' id='word_1_674' title='bbox 2998 3583 3068 3637; x_wconf 89' lang='lat' dir='ltr'>ad</span> <span class='ocrx_word' id='word_1_675' title='bbox 3091 3582 3287 3653; x_wconf 90' lang='lat' dir='ltr'>ipsum</span> <span class='ocrx_word' id='word_1_676' title='bbox 3310 3581 3620 3652; x_wconf 84' lang='lat' dir='ltr'>conjugem</span> <span class='ocrx_word' id='word_1_677' title='bbox 3651 3580 3834 3635; x_wconf 87' lang='lat' dir='ltr'>Theo-</span> 
     </span>
    </p>
   </div>
   <div class='ocr_carea' id='block_1_97' title="bbox 2190 3668 3831 3739">
    <p class='ocr_par' dir='ltr' id='par_1_97' title="bbox 2190 3668 3831 3739">
     <span class='ocr_line' id='line_1_98' title="bbox 2190 3668 3831 3739; baseline -0.003 -10"><span class='ocrx_word' id='word_1_678' title='bbox 2190 3675 2392 3731; x_wconf 89' lang='lat' dir='ltr'>doram</span> <span class='ocrx_word' id='word_1_679' title='bbox 2442 3677 2499 3729; x_wconf 92' lang='lat' dir='ltr'>et</span> <span class='ocrx_word' id='word_1_680' title='bbox 2548 3672 2733 3727; x_wconf 82' lang='lat' dir='ltr'>filium</span> <span class='ocrx_word' id='word_1_681' title='bbox 2763 3675 3072 3736; x_wconf 90' lang='lat' dir='ltr'>Joannem,</span> <span class='ocrx_word' id='word_1_682' title='bbox 3106 3668 3267 3725; x_wconf 89' lang='lat' dir='ltr'>illam</span> <span class='ocrx_word' id='word_1_683' title='bbox 3321 3673 3386 3725; x_wconf 90' lang='lat' dir='ltr'>ut</span> <span class='ocrx_word' id='word_1_684' title='bbox 3434 3670 3505 3724; x_wconf 92' lang='lat' dir='ltr'>de</span> <span class='ocrx_word' id='word_1_685' title='bbox 3552 3684 3690 3739; x_wconf 88' lang='lat' dir='ltr'>pace</span> <span class='ocrx_word' id='word_1_686' title='bbox 3720 3669 3831 3724; x_wconf 89' lang='lat' dir='ltr'>viri</span> 
     </span>
    </p>
   </div>
   <div class='ocr_carea' id='block_1_98' title="bbox 2187 3756 3830 3833">
    <p class='ocr_par' dir='ltr' id='par_1_98' title="bbox 2187 3756 3830 3833">
     <span class='ocr_line' id='line_1_99' title="bbox 2187 3756 3830 3833; baseline -0.003 -15"><span class='ocrx_word' id='word_1_687' title='bbox 2187 3779 2322 3819; x_wconf 91' lang='lat' dir='ltr'>cum</span> <span class='ocrx_word' id='word_1_688' title='bbox 2382 3763 2731 3833; x_wconf 87' lang='lat' dir='ltr'>imperatore</span> <span class='ocrx_word' id='word_1_689' title='bbox 2787 3760 3153 3827; x_wconf 86' lang='lat' dir='ltr'>conveniret,</span> <span class='ocrx_word' id='word_1_690' title='bbox 3211 3758 3366 3813; x_wconf 89' lang='lat' dir='ltr'>hunc</span> <span class='ocrx_word' id='word_1_691' title='bbox 3421 3756 3643 3813; x_wconf 88' lang='lat' dir='ltr'>obsidis</span> <span class='ocrx_word' id='word_1_692' title='bbox 3703 3758 3830 3813; x_wconf 92' lang='lat' dir='ltr'>loco</span> 
     </span>
    </p>
   </div>
   <div class='ocr_carea' id='block_1_99' title="bbox 2190 3846 3831 3919">
    <p class='ocr_par' dir='ltr' id='par_1_99' title="bbox 2190 3846 3831 3919">
     <span class='ocr_line' id='line_1_100' title="bbox 2190 3846 3831 3919; baseline -0.004 -12"><span class='ocrx_word' id='word_1_693' title='bbox 2190 3868 2535 3907; x_wconf 89' lang='lat' dir='ltr'>mansurum</span> <span class='ocrx_word' id='word_1_694' title='bbox 2568 3850 2627 3905; x_wconf 93' lang='lat' dir='ltr'>in</span> <span class='ocrx_word' id='word_1_695' title='bbox 2661 3865 2834 3905; x_wconf 88' lang='lat' dir='ltr'>omne</span> <span class='ocrx_word' id='word_1_696' title='bbox 2886 3848 3159 3919; x_wconf 89' lang='lat' dir='ltr'>deinceps</span> <span class='ocrx_word' id='word_1_697' title='bbox 3190 3852 3424 3919; x_wconf 89' lang='lat' dir='ltr'>tempus</span> <span class='ocrx_word' id='word_1_698' title='bbox 3471 3846 3530 3900; x_wconf 91' lang='lat' dir='ltr'>in</span> <span class='ocrx_word' id='word_1_699' title='bbox 3576 3848 3831 3918; x_wconf 81' lang='lat' dir='ltr'>Augusti</span> 
     </span>
    </p>
   </div>
   <div class='ocr_carea' id='block_1_100' title="bbox 2190 3936 3833 4008">
    <p class='ocr_par' dir='ltr' id='par_1_100' title="bbox 2190 3936 3833 4008">
     <span class='ocr_line' id='line_1_101' title="bbox 2190 3936 3833 4008; baseline -0.004 -12"><span class='ocrx_word' id='word_1_700' title='bbox 2190 3939 2489 4008; x_wconf 87' lang='lat' dir='ltr'>comitatu,</span> <span class='ocrx_word' id='word_1_701' title='bbox 2522 3942 2579 3994; x_wconf 92' lang='lat' dir='ltr'>et</span> <span class='ocrx_word' id='word_1_702' title='bbox 2626 3954 2862 3994; x_wconf 84' lang='lat' dir='ltr'>uxorem</span> <span class='ocrx_word' id='word_1_703' title='bbox 2914 3936 2995 3990; x_wconf 89' lang='lat' dir='ltr'>ibi</span> <span class='ocrx_word' id='word_1_704' title='bbox 3041 3936 3381 4001; x_wconf 86' lang='lat' dir='ltr'>ducturum,</span> <span class='ocrx_word' id='word_1_705' title='bbox 3415 3951 3833 4005; x_wconf 88' lang='lat' dir='ltr'>quamcunque</span> 
     </span>
    </p>
   </div>
   <div class='ocr_carea' id='block_1_101' title="bbox 2188 4022 3834 4099">
    <p class='ocr_par' dir='ltr' id='par_1_101' title="bbox 2188 4022 3834 4099">
     <span class='ocr_line' id='line_1_102' title="bbox 2188 4022 3834 4099; baseline -0.003 -17"><span class='ocrx_word' id='word_1_706' title='bbox 2188 4028 2301 4099; x_wconf 89' lang='lat' dir='ltr'>ipsi</span> <span class='ocrx_word' id='word_1_707' title='bbox 2335 4028 2470 4083; x_wconf 90' lang='lat' dir='ltr'>dare</span> <span class='ocrx_word' id='word_1_708' title='bbox 2515 4027 2835 4097; x_wconf 87' lang='lat' dir='ltr'>imperator</span> <span class='ocrx_word' id='word_1_709' title='bbox 2881 4024 3241 4094; x_wconf 87' lang='lat' dir='ltr'>dignaretur.</span> <span class='ocrx_word' id='word_1_710' title='bbox 3276 4023 3387 4078; x_wconf 89' lang='lat' dir='ltr'>Sed</span> <span class='ocrx_word' id='word_1_711' title='bbox 3436 4022 3556 4077; x_wconf 69' lang='lat' dir='ltr'>haec</span> <span class='ocrx_word' id='word_1_712' title='bbox 3606 4027 3834 4093; x_wconf 87' lang='lat' dir='ltr'>postea.</span> 
     </span>
    </p>
   </div>
   <div class='ocr_carea' id='block_1_102' title="bbox 2187 4110 3833 4186">
    <p class='ocr_par' dir='ltr' id='par_1_102' title="bbox 2187 4110 3833 4186">
     <span class='ocr_line' id='line_1_103' title="bbox 2187 4110 3833 4186; baseline -0.004 -15"><span class='ocrx_word' id='word_1_713' title='bbox 2187 4116 2347 4171; x_wconf 89' lang='lat' dir='ltr'>Tunc</span> <span class='ocrx_word' id='word_1_714' title='bbox 2380 4132 2549 4186; x_wconf 89' lang='lat' dir='ltr'>porro</span> <span class='ocrx_word' id='word_1_715' title='bbox 2578 4114 2837 4169; x_wconf 72' lang='lat' dir='ltr'>Joannes</span> <span class='ocrx_word' id='word_1_716' title='bbox 2871 4111 3114 4182; x_wconf 88' lang='lat' dir='ltr'>Augusti</span> <span class='ocrx_word' id='word_1_717' title='bbox 3147 4111 3323 4166; x_wconf 85' lang='lat' dir='ltr'>frater</span> <span class='ocrx_word' id='word_1_718' title='bbox 3352 4110 3577 4166; x_wconf 89' lang='lat' dir='ltr'>domita</span> <span class='ocrx_word' id='word_1_719' title='bbox 3605 4110 3833 4165; x_wconf 87' lang='lat' dir='ltr'>brevis-</span> 
     </span>
    </p>
   </div>
   <div class='ocr_carea' id='block_1_103' title="bbox 2189 4199 3834 4275">
    <p class='ocr_par' dir='ltr' id='par_1_103' title="bbox 2189 4199 3834 4275">
     <span class='ocr_line' id='line_1_104' title="bbox 2189 4199 3834 4275; baseline -0.004 -15"><span class='ocrx_word' id='word_1_720' title='bbox 2189 4204 2340 4260; x_wconf 87' lang='lat' dir='ltr'>simo</span> <span class='ocrx_word' id='word_1_721' title='bbox 2371 4210 2632 4275; x_wconf 91' lang='lat' dir='ltr'>tempore</span> <span class='ocrx_word' id='word_1_722' title='bbox 2662 4207 2783 4257; x_wconf 88' lang='lat' dir='ltr'>tota</span> <span class='ocrx_word' id='word_1_723' title='bbox 2829 4200 2931 4255; x_wconf 87' lang='lat' dir='ltr'>illa</span> <span class='ocrx_word' id='word_1_724' title='bbox 2978 4200 3233 4272; x_wconf 83' lang='lat' dir='ltr'>regione,</span> <span class='ocrx_word' id='word_1_725' title='bbox 3265 4199 3416 4255; x_wconf 89' lang='lat' dir='ltr'>bello</span> <span class='ocrx_word' id='word_1_726' title='bbox 3467 4215 3682 4270; x_wconf 88' lang='lat' dir='ltr'>magno</span> <span class='ocrx_word' id='word_1_727' title='bbox 3716 4200 3834 4255; x_wconf 87' lang='lat' dir='ltr'>for-</span> 
     </span>
    </p>
   </div>
   <div class='ocr_carea' id='block_1_104' title="bbox 2189 4288 3831 4361">
    <p class='ocr_par' dir='ltr' id='par_1_104' title="bbox 2189 4288 3831 4361">
     <span class='ocr_line' id='line_1_105' title="bbox 2189 4288 3831 4361; baseline -0.003 -13"><span class='ocrx_word' id='word_1_728' title='bbox 2189 4293 2418 4348; x_wconf 91' lang='lat' dir='ltr'>tissime</span> <span class='ocrx_word' id='word_1_729' title='bbox 2460 4291 2909 4361; x_wconf 83' lang='lat' dir='ltr'>felicissimeque</span> <span class='ocrx_word' id='word_1_730' title='bbox 2958 4307 3023 4345; x_wconf 90' lang='lat' dir='ltr'>ac</span> <span class='ocrx_word' id='word_1_731' title='bbox 3072 4288 3248 4345; x_wconf 89' lang='lat' dir='ltr'>simul</span> <span class='ocrx_word' id='word_1_732' title='bbox 3279 4288 3643 4344; x_wconf 81' lang='lat' dir='ltr'>velocissime</span> <span class='ocrx_word' id='word_1_733' title='bbox 3692 4304 3831 4344; x_wconf 92' lang='lat' dir='ltr'>con-</span> 
     </span>
    </p>
   </div>
   <div class='ocr_carea' id='block_1_105' title="bbox 2191 4376 3830 4451">
    <p class='ocr_par' dir='ltr' id='par_1_105' title="bbox 2191 4376 3830 4451">
     <span class='ocr_line' id='line_1_106' title="bbox 2191 4376 3830 4451; baseline -0.002 -15"><span class='ocrx_word' id='word_1_734' title='bbox 2191 4383 2359 4448; x_wconf 88' lang='lat' dir='ltr'>fecto,</span> <span class='ocrx_word' id='word_1_735' title='bbox 2394 4398 2507 4451; x_wconf 90' lang='lat' dir='ltr'>qua</span> <span class='ocrx_word' id='word_1_736' title='bbox 2538 4379 2779 4434; x_wconf 87' lang='lat' dir='ltr'>victoria</span> <span class='ocrx_word' id='word_1_737' title='bbox 2817 4378 3238 4449; x_wconf 85' lang='lat' dir='ltr'>rempublicam</span> <span class='ocrx_word' id='word_1_738' title='bbox 3271 4377 3393 4433; x_wconf 90' lang='lat' dir='ltr'>illis</span> <span class='ocrx_word' id='word_1_739' title='bbox 3442 4377 3709 4448; x_wconf 88' lang='lat' dir='ltr'>partibus</span> <span class='ocrx_word' id='word_1_740' title='bbox 3741 4376 3830 4433; x_wconf 83' lang='lat' dir='ltr'>la-</span> 
     </span>
    </p>
   </div>
   <div class='ocr_carea' id='block_1_106' title="bbox 2191 4465 3831 4539">
    <p class='ocr_par' dir='ltr' id='par_1_106' title="bbox 2191 4465 3831 4539">
     <span class='ocr_line' id='line_1_107' title="bbox 2191 4465 3831 4539; baseline -0.002 -14"><span class='ocrx_word' id='word_1_741' title='bbox 2191 4471 2426 4525; x_wconf 92' lang='lat' dir='ltr'>bantem</span> <span class='ocrx_word' id='word_1_742' title='bbox 2471 4468 2699 4539; x_wconf 87' lang='lat' dir='ltr'>egregie</span> <span class='ocrx_word' id='word_1_743' title='bbox 2750 4466 3029 4533; x_wconf 86' lang='lat' dir='ltr'>restituit,</span> <span class='ocrx_word' id='word_1_744' title='bbox 3063 4467 3331 4539; x_wconf 70' lang='lat' dir='ltr'>praesidia</span> <span class='ocrx_word' id='word_1_745' title='bbox 3378 4465 3477 4520; x_wconf 91' lang='lat' dir='ltr'>ubi</span> <span class='ocrx_word' id='word_1_746' title='bbox 3525 4482 3673 4536; x_wconf 89' lang='lat' dir='ltr'>opus</span> <span class='ocrx_word' id='word_1_747' title='bbox 3703 4471 3831 4522; x_wconf 87' lang='lat' dir='ltr'>erat</span> 
     </span>
    </p>
   </div>
   <div class='ocr_carea' id='block_1_107' title="bbox 2187 4555 3827 4626">
    <p class='ocr_par' dir='ltr' id='par_1_107' title="bbox 2187 4555 3827 4626">
     <span class='ocr_line' id='line_1_108' title="bbox 2187 4555 3827 4626; baseline -0.002 -12"><span class='ocrx_word' id='word_1_748' title='bbox 2187 4558 2497 4624; x_wconf 89' lang='lat' dir='ltr'>collocans,</span> <span class='ocrx_word' id='word_1_749' title='bbox 2540 4558 2778 4612; x_wconf 88' lang='lat' dir='ltr'>idoneos</span> <span class='ocrx_word' id='word_1_750' title='bbox 2828 4556 3037 4610; x_wconf 85' lang='lat' dir='ltr'>virtute</span> <span class='ocrx_word' id='word_1_751' title='bbox 3088 4571 3329 4611; x_wconf 90' lang='lat' dir='ltr'>numero</span> <span class='ocrx_word' id='word_1_752' title='bbox 3377 4555 3638 4626; x_wconf 63' lang='lat' dir='ltr'>quesitis</span> <span class='ocrx_word' id='word_1_753' title='bbox 3687 4571 3827 4610; x_wconf 89' lang='lat' dir='ltr'>con-</span> 
     </span>
    </p>
   </div>
   <div class='ocr_carea' id='block_1_108' title="bbox 2185 4644 3827 4715">
    <p class='ocr_par' dir='ltr' id='par_1_108' title="bbox 2185 4644 3827 4715">
     <span class='ocr_line' id='line_1_109' title="bbox 2185 4644 3827 4715; baseline -0.001 -14"><span class='ocrx_word' id='word_1_754' title='bbox 2185 4646 2489 4701; x_wconf 90' lang='lat' dir='ltr'>servandis</span> <span class='ocrx_word' id='word_1_755' title='bbox 2547 4645 2817 4700; x_wconf 89' lang='lat' dir='ltr'>custodes</span> <span class='ocrx_word' id='word_1_756' title='bbox 2864 4660 3186 4715; x_wconf 88' lang='lat' dir='ltr'>apponens.</span> <span class='ocrx_word' id='word_1_757' title='bbox 3229 4644 3364 4698; x_wconf 88' lang='lat' dir='ltr'>Post</span> <span class='ocrx_word' id='word_1_758' title='bbox 3413 4659 3539 4713; x_wconf 61' lang='lat' dir='ltr'>quas</span> <span class='ocrx_word' id='word_1_759' title='bbox 3590 4644 3827 4714; x_wconf 70' lang='lat' dir='ltr'>tropaeis</span> 
     </span>
    </p>
   </div>
   <div class='ocr_carea' id='block_1_109' title="bbox 2186 4731 3825 4803">
    <p class='ocr_par' dir='ltr' id='par_1_109' title="bbox 2186 4731 3825 4803">
     <span class='ocr_line' id='line_1_110' title="bbox 2186 4731 3825 4803; baseline -0.002 -12"><span class='ocrx_word' id='word_1_760' title='bbox 2186 4735 2396 4792; x_wconf 77' lang='lat' dir='ltr'>erectis</span> <span class='ocrx_word' id='word_1_761' title='bbox 2454 4734 2807 4800; x_wconf 90' lang='lat' dir='ltr'>illustribus,</span> <span class='ocrx_word' id='word_1_762' title='bbox 2854 4732 3005 4787; x_wconf 80' lang='lat'>108</span> <span class='ocrx_word' id='word_1_763' title='bbox 3045 4731 3247 4803; x_wconf 85' lang='lat' dir='ltr'>spoliis</span> <span class='ocrx_word' id='word_1_764' title='bbox 3294 4736 3349 4787; x_wconf 90' lang='lat' dir='ltr'>et</span> <span class='ocrx_word' id='word_1_765' title='bbox 3407 4732 3600 4802; x_wconf 81' lang='lat' dir='ltr'>praeda</span> <span class='ocrx_word' id='word_1_766' title='bbox 3661 4732 3825 4787; x_wconf 85' lang='lat' dir='ltr'>dives</span> 
     </span>
    </p>
   </div>
   <div class='ocr_carea' id='block_1_110' title="bbox 2186 4817 3828 4894">
    <p class='ocr_par' dir='ltr' id='par_1_110' title="bbox 2186 4817 3828 4894">
     <span class='ocr_line' id='line_1_111' title="bbox 2186 4817 3828 4894; baseline -0.002 -15"><span class='ocrx_word' id='word_1_767' title='bbox 2186 4817 2383 4894; x_wconf 78' lang='lat' dir='ltr'>Opima</span> <span class='ocrx_word' id='word_1_768' title='bbox 2412 4824 2651 4879; x_wconf 89' lang='lat' dir='ltr'>domum</span> <span class='ocrx_word' id='word_1_769' title='bbox 2698 4838 2967 4877; x_wconf 83' lang='lat' dir='ltr'>reversus</span> <span class='ocrx_word' id='word_1_770' title='bbox 3007 4825 3114 4877; x_wconf 86' lang='lat' dir='ltr'>est.</span> <span class='ocrx_word' id='word_1_771' title='bbox 3148 4820 3352 4891; x_wconf 91' lang='lat' dir='ltr'>Ample</span> <span class='ocrx_word' id='word_1_772' title='bbox 3381 4819 3573 4888; x_wconf 86' lang='lat' dir='ltr'>illum,</span> <span class='ocrx_word' id='word_1_773' title='bbox 3605 4824 3670 4875; x_wconf 90' lang='lat' dir='ltr'>ut</span> <span class='ocrx_word' id='word_1_774' title='bbox 3700 4826 3828 4877; x_wconf 86' lang='lat' dir='ltr'>erat</span> 
     </span>
    </p>
   </div>
   <div class='ocr_carea' id='block_1_111' title="bbox 2189 4908 3824 4980">
    <p class='ocr_par' dir='ltr' id='par_1_111' title="bbox 2189 4908 3824 4980">
     <span class='ocr_line' id='line_1_112' title="bbox 2189 4908 3824 4980; baseline -0.001 -13"><span class='ocrx_word' id='word_1_775' title='bbox 2189 4912 2455 4979; x_wconf 89' lang='lat' dir='ltr'>meritus,</span> <span class='ocrx_word' id='word_1_776' title='bbox 2487 4911 2789 4967; x_wconf 89' lang='lat' dir='ltr'>honoravit</span> <span class='ocrx_word' id='word_1_777' title='bbox 2828 4910 3165 4980; x_wconf 87' lang='lat' dir='ltr'>imperator,</span> <span class='ocrx_word' id='word_1_778' title='bbox 3197 4913 3253 4963; x_wconf 90' lang='lat' dir='ltr'>et</span> <span class='ocrx_word' id='word_1_779' title='bbox 3284 4908 3499 4965; x_wconf 91' lang='lat' dir='ltr'>multos</span> <span class='ocrx_word' id='word_1_780' title='bbox 3546 4908 3694 4965; x_wconf 89' lang='lat' dir='ltr'>alios</span> <span class='ocrx_word' id='word_1_781' title='bbox 3725 4911 3824 4980; x_wconf 91' lang='lat' dir='ltr'>qui</span> 
     </span>
    </p>
   </div>
   <div class='ocr_carea' id='block_1_112' title="bbox 2187 4981 3824 5070">
    <p class='ocr_par' dir='ltr' id='par_1_112' title="bbox 2187 4981 3824 5070">
     <span class='ocr_line' id='line_1_113' title="bbox 2187 4981 3824 5070; baseline -0.001 -15"><span class='ocrx_word' id='word_1_782' title='bbox 2187 5018 2317 5055; x_wconf 90' lang='lat' dir='ltr'>cum</span> <span class='ocrx_word' id='word_1_783' title='bbox 2370 5017 2435 5055; x_wconf 91' lang='lat' dir='ltr'>eo</span> <span class='ocrx_word' id='word_1_784' title='bbox 2486 5002 2732 5070; x_wconf 85' lang='lat' dir='ltr'>fuerant,</span> <span class='ocrx_word' id='word_1_785' title='bbox 2770 4981 3041 5054; x_wconf 79' lang='lat' dir='ltr'>maximis</span> <span class='ocrx_word' id='word_1_786' title='bbox 3091 4998 3249 5069; x_wconf 90' lang='lat' dir='ltr'>ipsos</span> <span class='ocrx_word' id='word_1_787' title='bbox 3295 4998 3683 5069; x_wconf 87' lang='lat' dir='ltr'>dignitatibus</span> <span class='ocrx_word' id='word_1_788' title='bbox 3734 5016 3824 5054; x_wconf 86' lang='lat' dir='ltr'>re-</span> 
     </span>
    </p>
   </div>
   <div class='ocr_carea' id='block_1_113' title="bbox 2188 5106 2525 5146">
    <p class='ocr_par' dir='ltr' id='par_1_113' title="bbox 2188 5106 2525 5146">
     <span class='ocr_line' id='line_1_114' title="bbox 2188 5106 2525 5146; baseline 0 -2"><span class='ocrx_word' id='word_1_789' title='bbox 2188 5106 2525 5146; x_wconf 83' lang='lat' dir='ltr'>munerans.</span> 
     </span>
    </p>
   </div>
   <div class='ocr_carea' id='block_1_114' title="bbox 2258 5194 3752 5276">
    <p class='ocr_par' dir='ltr' id='par_1_114' title="bbox 2258 5194 3752 5276">
     <span class='ocr_line' id='line_1_115' title="bbox 2258 5194 3752 5276; baseline -0.001 -26"><span class='ocrx_word' id='word_1_790' title='bbox 2258 5196 2341 5253; x_wconf 86' lang='grc'>13.</span> <span class='ocrx_word' id='word_1_791' title='bbox 2382 5197 2442 5251; x_wconf 86' lang='lat' dir='ltr'>Ut</span> <span class='ocrx_word' id='word_1_792' title='bbox 2482 5211 2733 5266; x_wconf 82' lang='lat' dir='ltr'>proceres</span> <span class='ocrx_word' id='word_1_793' title='bbox 2761 5194 3118 5276; x_wconf 73' lang='lat' dir='ltr'>dignitalitms</span> <span class='ocrx_word' id='word_1_794' title='bbox 3171 5194 3475 5265; x_wconf 79' lang='lat' dir='ltr'>imperator</span> <span class='ocrx_word' id='word_1_795' title='bbox 3517 5194 3752 5250; x_wconf 85' lang='lat' dir='ltr'>honora-</span> 
     </span>
    </p>
   </div>
   <div class='ocr_carea' id='block_1_115' title="bbox 2917 5276 3079 5321">
    <p class='ocr_par' dir='ltr' id='par_1_115' title="bbox 2917 5276 3079 5321">
     <span class='ocr_line' id='line_1_116' title="bbox 2917 5276 3079 5321; baseline -0.006 0"><span class='ocrx_word' id='word_1_796' title='bbox 2917 5282 3011 5321; x_wconf 87' lang='lat' dir='ltr'>ver</span> <span class='ocrx_word' id='word_1_797' title='bbox 3016 5276 3059 5321; x_wconf 80' lang='grc' dir='ltr'>ιι</span> <span class='ocrx_word' id='word_1_798' title='bbox 3067 5307 3079 5320; x_wconf 87' lang='lat'>.</span> 
     </span>
    </p>
   </div>
   <div class='ocr_carea' id='block_1_116' title="bbox 2260 5351 3822 5426">
    <p class='ocr_par' dir='ltr' id='par_1_116' title="bbox 2260 5351 3822 5426">
     <span class='ocr_line' id='line_1_117' title="bbox 2260 5351 3822 5426; baseline -0.001 -17"><span class='ocrx_word' id='word_1_799' title='bbox 2260 5355 2457 5426; x_wconf 86' lang='lat' dir='ltr'>Ipsum</span> <span class='ocrx_word' id='word_1_800' title='bbox 2490 5354 2704 5426; x_wconf 89' lang='lat' dir='ltr'>quippe</span> <span class='ocrx_word' id='word_1_801' title='bbox 2732 5354 3015 5409; x_wconf 87' lang='lat' dir='ltr'>Joannem</span> <span class='ocrx_word' id='word_1_802' title='bbox 3044 5351 3350 5408; x_wconf 88' lang='lat' dir='ltr'>constituit</span> <span class='ocrx_word' id='word_1_803' title='bbox 3380 5353 3702 5424; x_wconf 87' lang='lat' dir='ltr'>despotam,</span> <span class='ocrx_word' id='word_1_804' title='bbox 3728 5353 3822 5408; x_wconf 89' lang='lat' dir='ltr'>cui</span> 
     </span>
    </p>
   </div>
   <div class='ocr_carea' id='block_1_117' title="bbox 2187 5441 3817 5514">
    <p class='ocr_par' dir='ltr' id='par_1_117' title="bbox 2187 5441 3817 5514">
     <span class='ocr_line' id='line_1_118' title="bbox 2187 5441 3817 5514; baseline 0.001 -17"><span class='ocrx_word' id='word_1_805' title='bbox 2187 5442 2358 5499; x_wconf 91' lang='lat' dir='ltr'>titulo</span> <span class='ocrx_word' id='word_1_806' title='bbox 2382 5460 2471 5498; x_wconf 87' lang='lat' dir='ltr'>res</span> <span class='ocrx_word' id='word_1_807' title='bbox 2493 5443 2621 5512; x_wconf 86' lang='lat' dir='ltr'>ejus</span> <span class='ocrx_word' id='word_1_808' title='bbox 2642 5446 2816 5514; x_wconf 64' lang='lat' dir='ltr'>gestae</span> <span class='ocrx_word' id='word_1_809' title='bbox 2840 5441 3037 5513; x_wconf 91' lang='lat' dir='ltr'>magni</span> <span class='ocrx_word' id='word_1_810' title='bbox 3060 5456 3382 5513; x_wconf 89' lang='lat' dir='ltr'>cognomen</span> <span class='ocrx_word' id='word_1_811' title='bbox 3405 5441 3817 5511; x_wconf 82' lang='lat' dir='ltr'>adjunxerunt.</span> 
     </span>
    </p>
   </div>
   <div class='ocr_carea' id='block_1_118' title="bbox 2186 5529 3818 5587">
    <p class='ocr_par' dir='ltr' id='par_1_118' title="bbox 2186 5529 3818 5587">
     <span class='ocr_line' id='line_1_119' title="bbox 2186 5529 3818 5587; baseline 0.001 -2"><span class='ocrx_word' id='word_1_812' title='bbox 2186 5531 2449 5587; x_wconf 82' lang='lat' dir='ltr'>Alterum</span> <span class='ocrx_word' id='word_1_813' title='bbox 2508 5548 2712 5587; x_wconf 91' lang='lat' dir='ltr'>verum</span> <span class='ocrx_word' id='word_1_814' title='bbox 2762 5533 3008 5587; x_wconf 83' lang='lat' dir='ltr'>fratrum</span> <span class='ocrx_word' id='word_1_815' title='bbox 3055 5529 3505 5586; x_wconf 87' lang='lat' dir='ltr'>Constantinum</span> <span class='ocrx_word' id='word_1_816' title='bbox 3554 5530 3818 5587; x_wconf 88' lang='lat' dir='ltr'>sebasto-</span> 
     </span>
    </p>
   </div>
   <div class='ocr_carea' id='block_1_119' title="bbox 2186 5617 3816 5691">
    <p class='ocr_par' dir='ltr' id='par_1_119' title="bbox 2186 5617 3816 5691">
     <span class='ocr_line' id='line_1_120' title="bbox 2186 5617 3816 5691; baseline -0.003 -12"><span class='ocrx_word' id='word_1_817' title='bbox 2186 5624 2467 5679; x_wconf 88' lang='lat' dir='ltr'>craterem</span> <span class='ocrx_word' id='word_1_818' title='bbox 2502 5621 2931 5691; x_wconf 79' lang='lat' dir='ltr'>postCaesarem</span> <span class='ocrx_word' id='word_1_819' title='bbox 2962 5619 3175 5675; x_wconf 87' lang='lat' dir='ltr'>creavit</span> <span class='ocrx_word' id='word_1_820' title='bbox 3206 5636 3217 5674; x_wconf 90' lang='lat'><strong>:</strong></span> <span class='ocrx_word' id='word_1_821' title='bbox 3251 5617 3425 5674; x_wconf 89' lang='lat' dir='ltr'>simul</span> <span class='ocrx_word' id='word_1_822' title='bbox 3457 5617 3606 5673; x_wconf 86' lang='lat' dir='ltr'>enim</span> <span class='ocrx_word' id='word_1_823' title='bbox 3639 5618 3816 5674; x_wconf 84' lang='lat' dir='ltr'>Joan-</span> 
     </span>
    </p>
   </div>
  </div>
