4154 6286
284 372 388 428 545

1335 370 1423 420 DE
1460 367 1825 422 MICHAELE
1868 364 2307 421 PALEOLOGO
2343 366 2475 417 LIB.
2517 365 2590 417 II.

3566 371 3671 424 546

280 515 412 570 τορα
441 494 530 547 καὶ
556 492 790 567 Καίσαρα
821 490 1123 548 ἀπεδείκνυ.
1156 492 1262 547 Τὸν
1313 489 1369 544 δὲ
1408 511 1467 565 γε
1514 488 1763 564 πενθερὸν
1820 491 1918 542 τοῦ
1951 493 1999 557 Α
2031 483 2303 563 ταδὲλφης
2359 485 2529 555 υἱοὺς,
2585 486 2731 547 νέους
2789 483 2944 548 ὄντας
2998 488 3323 562 ὑπερηγάπα
3377 491 3468 544 καὶ
3525 490 3672 554 ἐντὸς

283 581 547 637 δεσπότου
602 579 695 634 τὸν
764 578 1038 652 Τορνίκιον
1111 582 1507 633 Κωνσταντῖνον
1566 576 1626 631 ἐκ
1685 572 1922 652 μεγάλου

279 668 644 745 πριμικηρίου
705 661 1171 742 σεϐαστοκράτορα
1226 666 1317 720 καὶ
1375 664 1531 720 αὐτὸν
1618 664 1922 733 καθίστησι,

280 760 428 828 πλὴν
461 757 525 812 οὐ
557 755 692 811 κατᾶ
721 758 811 810 τὸν
842 760 1059 831 πρῶτον
1113 755 1201 808 καὶ
1260 751 1492 813 ἀδελφόν
1528 772 1540 785 ⁶
1575 753 1776 808 ἐκεῖνον
1824 754 1922 826 γὰρ

281 848 368 902 καὶ
433 845 742 921 βασιλικοῖς
801 844 976 904 ἀετοῖς
1026 844 1163 897 κατά
1210 842 1272 897 τὸ
1323 842 1547 912 σύνηθες
1603 840 1924 916 ἐμεγάλυνε,

280 941 470 991 τοῦτον
508 932 565 988 δὲ
591 931 723 1007 δίχα
751 937 858 986 τῶν
891 926 1182 1005 συμϐόλων
1217 931 1430 986 ἐκείνων
1458 931 1510 985 ἐν
1568 930 1757 1004 μόνοις
1806 935 1923 991 τοῖς

279 1028 501 1085 κυανοῖς
566 1016 1035 1096 σεϐαστοκράτορα
1097 1019 1347 1098 ἔγραφεν.
1399 1016 1667 1092 Ἐεεδίδου
1725 1016 1781 1073 δὲ
1834 1018 1924 1072 καὶ

277 1114 376 1182 τὴν
426 1110 591 1165 αὐτοῦ
650 1109 915 1183 Θυγατὲρα
969 1107 1070 1176 τήν
1136 1107 1270 1180 μετὰ
1324 1107 1423 1176 τήν
1481 1105 1861 1181 προτέραν,ἣν
1895 1105 1923 1157 6

278 1198 545 1269 δεσπότης
606 1197 743 1271 εἶχε,
802 1201 882 1269 τῷ
936 1199 1034 1251 τοῦ
1086 1192 1347 1251 δεσπότου
1406 1196 1509 1267 υἱῷ
1584 1193 1644 1249 ἐκ
1726 1192 1925 1254 δύσεως

277 1291 523 1361 Ἰωάννῃ,
555 1287 612 1341 ’ὃν
666 1285 755 1339 καὶ
813 1286 887 1346 ὡς
946 1283 1159 1359 ὅμηρον
1208 1285 1520 1362 πεμφθῆναι
1571 1287 1650 1355 τῷ
1713 1280 1929 1357 βασιλεῖ

282 1378 428 1453 παρά
482 1378 578 1430 τοῦ
631 1373 833 1447 πατρὸς
891 1373 918 1427 6
963 1372 1130 1446 λόγος
1178 1372 1533 1447 προέγραφεν.
1566 1370 1809 1440 Ἀλέξιον
1870 1367 1927 1423 δὲ

280 1468 376 1521 τὸν
429 1459 933 1538 Στρατηγόπουλον
993 1459 1223 1534 γέροντα
1276 1455 1616 1535 προύϐάλετο
1668 1458 1922 1531 Καίσαρα.

284 1556 395 1612 Τὸν
453 1551 511 1607 δὲ
564 1553 789 1627 γέροντα
847 1549 1113 1623 Λάσκαριν
1178 1550 1269 1602 τὸν
1345 1553 1441 1602 τοῦ
1500 1546 1926 1621 Τζαμαντοόρου

281 1642 518 1720 ἀδελφὸν
553 1640 732 1714 (αὐτὸς
764 1639 865 1715 γὰρ
900 1636 1065 1693 ὑπὲδυ
1093 1638 1184 1692 τὸν
1218 1640 1484 1712 μοναχὸν)
1538 1639 1701 1712 μὲγαν
1762 1636 1929 1693 δοῦκα

282 1732 570 1810 ἐφήμιζεν.
606 1729 857 1798 Ἰωάννην
913 1748 971 1780 τε
1023 1727 1116 1781 τὸν
1149 1725 1348 1781 Ῥαοὺλ
1396 1726 1514 1779 υἱὸν
1564 1729 1658 1779 τοῦ
1713 1745 1926 1799 πρωτο-

283 1818 595 1893 ϐεστιαρίου
650 1814 871 1885 Ῥαοὺλ,
929 1815 1018 1869 καὶ
1071 1816 1161 1869 τὸν
1219 1818 1315 1869 τοῦ
1373 1813 1720 1890 πηρωθέντος
1778 1814 1924 1883 Φιλῆ
1959 1852 2005 1917 Β

317 1909 360 1917 --
439 1910 480 1917 ..
552 1906 595 1917 ιι
777 1906 789 1917 ι
919 1904 935 1917 \
1058 1905 1089 1917 -ν
1200 1906 1225 1917 ν
1450 1897 1479 1917 Ω
1677 1902 1689 1917 Ι
1781 1908 1832 1917 --

286 1909 404 1963 υἱὸν
439 1906 707 1975 Ἀλέξων,
736 1906 827 1958 τὸν
880 1904 974 1975 μὶν
1018 1905 1089 1974 τῇ
1133 1906 1228 1957 τοῦ
1258 1897 1755 1976 πρωτοϐεστιαρίου
1781 1908 1927 1958 Μου-

295 1995 557 2066 ζάλωνος,
589 1995 696 2069 πρὸ
731 1996 926 2067 μικροῦ
987 1991 1303 2067 χηρωθείσῃ
1354 1990 1560 2065 τρόπον
1610 1991 1668 2051 ’ὀς
1699 1990 1931 2065 εἴρηται,

296 2082 569 2158 Θεοδὼρᾳ,
600 2081 866 2158 ἀδελφιδῇ
898 2078 1060 2135 αὐτοῦ
1090 2100 1152 2153 γε
1179 2076 1332 2153 οὔσῃ,
1367 2076 1641 2152 Εὐλογίας
1690 2078 1747 2133 ἐκ
1791 2084 1933 2135 Καν-

298 2174 638 2241 τακουζηνοῦ
696 2168 924 2243 θυγατρὶ
966 2168 1083 2237 ’τῆς
1134 2168 1305 2222 αὐτοῦ
1362 2165 1687 2237 αὖταδὲλης,
1719 2168 1795 2229 εἰς
1839 2170 1934 2243 γα-

289 2284 395 2333 μον
457 2256 794 2333 συναρμόσας
845 2251 1341 2331 πρωτοϐεστιάριον
1400 2256 1933 2325 ἀποκαθίστησι,τὸν

286 2348 342 2405 δὲ
379 2349 459 2409 εἷς
489 2349 543 2403 ’ὲν
578 2346 744 2422 λέχος
774 2349 843 2419 τῇ
898 2342 1204 2421 αὖταδὲλφῃ
1252 2343 1453 2412 ταύτης
1497 2344 1676 2418 Μαρίᾳ
1706 2365 1935 2419 συναγα-

283 2440 401 2513 γὼν
439 2437 607 2512 μέγαν
638 2433 962 2507 δομέστικον
998 2430 1366 2488 ἀποδείκνυσι.
1406 2433 1511 2500 Τὴν
1572 2430 1628 2487 δὲ
1677 2431 1736 2486 ἐκ
1784 2434 1939 2496 θατέ-

282 2548 380 2603 ρας
414 2530 525 2580 τῶν
555 2521 904 2596 αὗταδὲλφων
940 2520 1105 2575 αὐτοῦ
1154 2522 1377 2595 Μάρθας
1425 2526 1766 2594 γεννηθεῖσαν
1812 2528 1938 2576 Θεο-

283 2614 585 2689 δώραν,ἣν
639 2613 729 2666 καὶ
791 2611 819 2665 ὁ
874 2604 1255 2685 Καϐαλλάριος
1304 2608 1591 2671 Βασίλειος
1651 2609 1787 2684 εἶχε,
1822 2607 1939 2663 δια-

286 2704 483 2772 ζεύξας
516 2702 721 2755 ἐκεῖνον
753 2697 918 2765 αὐτῆς
962 2702 1061 2763 τῆς
1111 2693 1454 2772 αὐταδὲλφης
1511 2693 1794 2766 δεηθείσης
1852 2694 1943 2750 διὰ

286 2794 359 2847 τα
421 2785 698 2861 συμϐάντα
756 2788 807 2841 οὶ
862 2784 1008 2860 παρά
1061 2786 1159 2852 τήν
1211 2786 1399 2839 ἑαυτοῦ
1431 2783 1733 2855 αἰτίαν,τῷ
1790 2784 1941 2842 Βαλα

293 2876 558 2950 νειδιώτῃ
621 2873 923 2941 ἐκδίδωσιν,
976 2874 1033 2927 ’ὸν
1093 2873 1181 2927 καὶ
1243 2874 1402 2947 μὲγαν
1462 2870 1939 2949 στρατοπεδάρχην

296 2970 461 3038 τιμᾷ.
494 2964 628 3026 Τοὺς
676 2962 729 3019 δὲ
784 2961 987 3031 ταύτης
1022 2958 1412 3039 αὐταδὲλφους,
1440 2961 1662 3034 Μάρθας
1689 2968 1787 3031 τῆς
1847 2960 1939 3016 αὖ·

2029 574 2135 629 τῶν
2172 573 2459 649 βασιλείων
2500 575 2641 649 εἶχεν
2692 575 3113 652 ἐκτρεφομένους
3145 578 3400 651 (Μιχαὴλ
3461 577 3506 633 δ’
3535 580 3670 649 ἦσαν

2031 664 2121 717 καὶ
2178 661 2519 736 Ἀνδρόνικος
2563 663 2654 717 καί
2710 684 2770 739 γε
2825 662 3081 735 Ἰωάννης
3108 666 3294 729 αὐτοῖς
3346 668 3412 721 τὰ
3470 668 3673 740 ὀνόμα-

2030 754 2138 823 τα),
2171 752 2243 813 ὡς
2274 752 2361 806 καὶ
2394 750 2592 823 πολλῷ
2623 750 2840 828 ὕστερον
2895 753 2985 806 καὶ
3040 754 3131 807 τὸν
3192 754 3251 808 ἐκ
3308 752 3508 820 δύσεως
3563 763 3672 812 Πα-

2034 838 2324 913 λαιολόγον
2382 837 2748 915 Ἀνδρόνικον,
2802 840 2859 894 ’ὀν
2922 841 3009 895 καὶ
3089 839 3377 919 ἐξάδελφον
3452 842 3671 920 ἔγραφε,

2034 924 2399 984 συναναϐάντα
2452 933 2530 999 τῷ
2588 926 2815 1002 δεσπότῃ
2854 927 3064 1001 σύναμα
3093 929 3182 984 καὶ
3215 930 3408 994 ἄλλοις
3440 932 3675 995 πολλοῖς

2036 1015 2273 1078 δυτικοῖς
2332 1018 2564 1090 ἄρχουσι
2618 1016 2920 1080 συνοικίσας
2965 1021 3034 1092 τῇ
3064 1022 3160 1074 τοῦ
3191 1019 3389 1076 Ῥαοὺλ
3420 1022 3670 1098 θυγατρὶ,

2032 1105 2399 1180 κεχηρωμὲνῃ
2447 1102 2580 1180 οὔσῃ
2640 1106 2730 1160 καὶ
2772 1104 2937 1179 ταύτῃ
2985 1110 3081 1160 τοῦ
3112 1104 3462 1183 Ἀνδρονίκου
3519 1112 3673 1166 Μου-

2038 1193 2301 1263 ζάλωνος,
2357 1195 2413 1248 ὃν
2471 1194 2561 1248 καὶ
2637 1190 2803 1269 μέγαν
2879 1191 3199 1266 δομὲστικον
3273 1196 3670 1275 ἀνεγράφομεν,

2035 1282 2493 1358 πρωτοπράτορα
2548 1281 2916 1339 ἀποδείκνυσι.
2947 1283 3085 1340 Τότε
3144 1282 3190 1338 δ’
3236 1284 3320 1339 ἐπὶ
3377 1289 3455 1357 τῷ
3510 1286 3673 1358 ἀξιώ-

2039 1391 2164 1441 ματι
2195 1370 2370 1442 τούτῳ
2416 1371 2507 1425 τὸν
2564 1370 3031 1444 Φιλανθρωπηνὸν
3067 1370 3310 1442 Ἀλὲξιον
3370 1373 3671 1449 ἐγκαθίστα.

2034 1459 2133 1512 Τὸν
2194 1456 2249 1512 δὲ
2300 1466 2399 1527 τῆς
2449 1465 2704 1533 πενθερᾶς
2759 1460 2923 1515 αὐτοῦ
3010 1459 3342 1538 αὐτάδελφον
3400 1463 3669 1538 ’Ἄγγελον

2040 1547 2201 1622 μέγαν
2286 1552 2434 1601 ποιεῖ
2517 1550 2898 1623 πριμικήριον,
2956 1544 3401 1624 πρωτοσεϐαστὸν
3475 1549 3532 1606 δὲ
3585 1553 3675 1606 τὸν

2035 1634 2346 1710 Νοστόγγον
2404 1634 2633 1710 Μιχαὴλ
2686 1636 2776 1691 καὶ
2828 1638 3083 1708 μυστικὸν
3144 1638 3236 1692 τὸν
3295 1636 3677 1714 Παλαιολὸγον

2036 1722 2289 1796 Μιχαὴλ,
2343 1722 2433 1784 οὓς
2486 1724 2577 1778 καὶ
2636 1724 2989 1796 αὐτανεψίους
3044 1724 3304 1799 ἐλέγομεν
3360 1727 3488 1781 εἶναι
3546 1728 3681 1783 κατά

2036 1810 2189 1886 γένος
2238 1816 2316 1883 τῷ
2370 1812 2587 1887 βασιλεῖ
2616 1819 2695 1884 [Ρ.
2746 1816 2857 1886 71]⁶
2890 1811 3127 1877 ’Ἄλλους
3172 1836 3229 1869 τε
3266 1814 3515 1878 πολλοὺς
3570 1822 3676 1872 τῶν

2036 1899 2320 1974 ἀρχόντων
2372 1905 2488 1963 τοῖς
2578 1900 2847 1977 όφφικίοις
2931 1898 3403 1975 προσανεϐίϐαζεν,
3462 1905 3535 1966 ὡς
3593 1907 3680 1961 καὶ

2038 1989 2131 2043 τὸν
2165 1988 2461 2063 λογοθέτην
2509 1993 2614 2044 τῶν
2662 1989 2868 2063 ἀγελῶν
2898 1989 3393 2066 Ἀγιοθεοδωρίτην
3456 1992 3685 2067 λογοοέ-

2040 2097 2137 2145 την
2168 2081 2275 2131 τῶν
2304 2077 2585 2131 οἶκειακῶν
2620 2072 3023 2147 ἐπαναϐιϐάζων
3078 2077 3282 2150 ἐκάλει,
3311 2080 3398 2135 καὶ
3451 2081 3679 2157 Μιχαὴλ

2042 2166 2131 2219 τὸν
2162 2167 2335 2221 Κακὸν
2392 2172 2848 2240 πρωτασηκρῆτίς
2897 2164 3169 2237 ἀναδείξας
3222 2169 3424 2243 εὐγενεῖ
3480 2174 3683 2247 συνήρ-

2049 2274 2210 2324 μοττε
2252 2252 2389 2330 κόρῃ
2440 2253 2500 2308 ἐκ
2549 2258 2645 2308 τοῦ
2690 2258 2799 2308 τῶν
2830 2251 3313 2329 Φιλανθρωπηνῶν
3354 2259 3566 2331 γένους,
3593 2260 3682 2313 καὶ

2047 2339 2235 2402 ἁπλῶς
2258 2341 2435 2405 πολὺς
2462 2342 2529 2409 ἦν
2559 2342 2684 2403 τοὺς
2717 2339 2987 2417 ἄρχοντας
3016 2340 3381 2416 δεξιούμενος.

2049 2498 2109 2554 δ’.
2142 2503 2324 2563 Ὅπως
2359 2499 2446 2577 διά
2476 2498 2715 2577 σπουδῆς
2749 2503 2891 2575 εἶχεν
2922 2502 2959 2577 6_
2986 2500 3339 2577 βασιλεὺς-τὸ
3380 2506 3478 2574 τὴν
3522 2504 3684 2562 πόλιν

2365 2571 2528 2644 ἑλεῖν,
2560 2572 2648 2626 καὶ
2675 2569 2835 2635 ὅπως
2858 2569 3167 2646 Σηλυϐρίαν
3201 2573 3363 2634 εἶλεν.

2118 2696 2219 2751 Ἦν
2247 2692 2339 2748 οὖν
2371 2693 2514 2766 αὖτῷ
2542 2692 2629 2748 διὰ
2661 2692 2903 2764 σπουδῆς
2936 2696 3191 2771 μεγίστης
3233 2697 3321 2751 καὶ
3375 2700 3475 2767 τὴν
3523 2700 3685 2756 πόλιν

2050 2781 2213 2854 ἑλεῖν,
2271 2785 2356 2836 καὶ
2413 2784 2822 2857 προσηνάγκαζε
2876 2784 3113 2857 τρόπους
3181 2783 3507 2863 ἐφευρίσκων
3589 2789 3688 2862 μά·

2050 2892 2160 2947 χης
2212 2877 2347 2948 πρὸς
2378 2869 2760 2940 ’1ταλοὺς,καὶ
2812 2871 2878 2926 τὰ
2924 2870 3114 2944 κύκλῳ
3163 2874 3363 2946 ταύτης
3414 2897 3687 2952 προκατα-

2052 2956 2235 3015 Λαϐεῖν
2292 2958 2572 3034 ἠπείγετο.
2606 2960 2754 3017 Ἐπεὶ
2813 2959 2869 3015 δὲ
2926 2959 3015 3015 καὶ
3076 2960 3153 3016 ἔτι
3213 2966 3337 3038 παρ’
3395 2964 3601 3022 Ιταλῶν
3654 2970 3689 3035 ἠ

303 3197 442 3238 nem
490 3179 1012 3236 sebastocratorem
1070 3182 1128 3233 et
1173 3182 1454 3233 Caesarem
1522 3176 1931 3232 declaraverat.
2053 3175 2226 3243 ﬁlios,
2260 3176 2449 3232 adhuc
2479 3177 2969 3246 adolescentulos,
2989 3196 3154 3236 caros
3179 3180 3236 3235 in
3260 3179 3466 3250 primis
3484 3180 3697 3237 habuit

293 3274 576 3325 Socerum
599 3271 795 3323 autem
820 3267 1177 3338 despoantaa,
1206 3264 1541 3321 Tornieium
1565 3262 1937 3319 Consttinum

295 3376 362 3415 ex
415 3373 628 3426 magno
679 3355 1011 3426 primicerio
1064 3356 1586 3410 sebastocratorem
1628 3350 1781 3418 fecit,
1834 3351 1932 3407 sed

298 3463 437 3502 eum
468 3444 668 3515 aliqua
698 3461 730 3500 a
758 3447 983 3499 Caesare
1013 3440 1377 3497 differentia:
1411 3456 1549 3497 nam
1570 3441 1807 3496 fratrem
1828 3439 1937 3495 isto

300 3534 564 3589 afﬁciens
595 3532 816 3587 honore
837 3529 1232 3603 imperatoriis
1257 3545 1487 3601 quoque
1501 3530 1573 3584 de
1590 3544 1749 3583 more
1771 3527 1939 3599 aqui-

296 3621 369 3678 lis
392 3620 801 3692 insigniverat,
832 3620 992 3675 hunc
1040 3635 1175 3674 vero
1234 3618 1358 3674 sine
1388 3616 1507 3672 illis
1564 3615 1847 3688 symbolis
1878 3616 1938 3669 in

290 3711 444 3768 solis
476 3706 742 3765 caeruleis
773 3709 1295 3763 sebaslocratorem
1338 3704 1597 3776 scripsit.
1630 3703 1943 3760 Collocavit

288 3805 500 3855 autem
557 3795 804 3852 Tornicii
851 3794 1035 3850 ﬁliam
1092 3792 1631 3863 secundogenitam,
1681 3808 1938 3848 sororem

286 3886 506 3946 uxoris
538 3887 791 3957 despotm
850 3884 943 3939 sui
999 3883 1221 3952 fratris,
1252 3881 1465 3937 Joanni
1522 3881 1640 3937 ﬁlio
1687 3883 1940 3952 despotze

285 3973 666 4037 Occidentis,
697 3988 873 4044 quem
903 3970 1167 4028 obsidem
1198 3968 1538 4040 imperatori
1564 3986 1597 4025 a
1617 3973 1780 4041 parte
1802 3967 1943 4022 mis-

285 4081 442 4121 sum
484 4060 658 4135 paulo
690 4066 825 4117 ante
873 4060 1150 4115 diximus.
1202 4058 1411 4114 Senem
1462 4074 1631 4129 porro
1678 4056 1942 4113 Alexium

284 4150 786 4223 Strategopulum
818 4149 1030 4205 creavit
1060 4151 1341 4203 Caesarem
1373 4171 1387 4215 ;
1419 4150 1474 4202 et
1503 4162 1702 4203 senem
1736 4146 1944 4202 Basca-

289 4245 415 4299 rim
454 4237 829 4294 Tzamanturi
857 4237 1095 4292 fratrem
1118 4236 1235 4306 (hic
1256 4236 1412 4290 enim
1436 4234 1707 4291 monachi
1728 4238 1947 4290 vestem

281 4327 603 4398 induerat)
634 4341 913 4399 magnum
934 4327 1141 4381 ducem
1173 4324 1797 4396 appellavit.Joannem
1815 4339 1946 4379 vero

286 4416 580 4485 Raulem,
614 4413 1043 4487 protovestiarii
1077 4412 1280 4469 Baulis
1311 4412 1544 4481 Filium,
1569 4411 1949 4484 protovestia-

282 4509 463 4565 rium
495 4505 731 4573 creavit,
759 4502 1137 4573 conjunctaei
1168 4501 1540 4557 matrimonio
1559 4503 1736 4557 vidua
1758 4506 1949 4572 proto-
1978 4532 2025 4596 D

282 4593 570 4653 vestiarii
604 4591 925 4648 Muzalonis
954 4605 1143 4662 nuper
1165 4589 1341 4646 occisi
1374 4607 1488 4662 quo
1507 4590 1679 4645 modo
1699 4589 1952 4645 narravi-

284 4703 466 4742 mus.
502 4682 633 4737 Haec
666 4685 859 4736 autem
904 4680 1102 4746 vidua,
1136 4678 1374 4734 nomine
1401 4677 1725 4744 Theodora,
1760 4678 1949 4748 neptis

287 4779 427 4831 erat
465 4770 839 4842 imperatoris
872 4767 1193 4839 Palaeologi,
1226 4768 1354 4838 ejus
1372 4766 1589 4822 sororis
1613 4766 1866 4838 Eulogias
1883 4784 1952 4823 ex

287 4860 718 4916 Cantacuzeno
762 4857 903 4914 ﬁlio.
935 4857 1113 4928 Cujus
1162 4855 1417 4927 Eulogize
1460 4854 1641 4910 filiam
1683 4856 1947 4923 alteram,

289 4963 658 5021 germanam
701 4946 1041 5018 Theodoras,
1091 4943 1354 5011 Mariam,
1389 4942 1613 5015 nuptiis
1657 4944 1952 5013 copulavit

292 5042 337 5094 1
351 5039 466 5094 09
500 5036 715 5107 Alexio,
750 5034 924 5091 Philae
943 5034 1040 5106 qui
1064 5036 1384 5089 exczecatus
1408 5031 1594 5086 fuerat
1612 5030 1754 5100 ﬁlio,
1775 5048 1948 5104 quem

291 5130 356 5181 et
390 5140 681 5194 magnum
704 5122 1086 5179 domesticum
1112 5119 1447 5177 declaravit.
1469 5118 1655 5174 Aliam
1677 5125 1951 5192 prasterea

291 5214 679 5269 Theodoram
710 5228 778 5267 ex
805 5212 985 5267 altera
1017 5225 1213 5267 sorore
1242 5224 1351 5264 sua
1392 5207 1621 5263 Martha
1668 5209 1947 5279 genitam,

293 5317 489 5373 quam
507 5300 761 5355 Basilius
775 5298 1138 5355 Gaballarius
1151 5298 1409 5366 duxerat,
1439 5296 1509 5350 ab
1532 5310 1598 5351 eo
1612 5296 1948 5367 adjunctam

291 5393 521 5461 rogatu
551 5404 841 5458 germanae
891 5392 1127 5459 prepter
1154 5403 1222 5441 ea
1253 5401 1382 5456 quae
1414 5384 1525 5454 ipsi
1555 5384 1789 5440 Marthae
1822 5389 1950 5458 ejus

290 5492 498 5533 causa
511 5476 896 5548 contigerant,
918 5490 1155 5531 uxorem
1178 5472 1341 5528 dedit
1360 5470 1756 5545 Balanidiotae,
1778 5491 1949 5544 quem

295 5563 520 5635 magni
569 5562 1056 5636 stratopedarchze
1118 5563 1338 5617 honore
1385 5560 1696 5616 decoravit.
1764 5563 1950 5634 Hujus

292 5652 633 5710 Theodorae
683 5654 890 5710 fratres
957 5666 1210 5723 quoque,
1267 5648 1504 5705 Marthae
1553 5650 1770 5707 sororis
1831 5669 1949 5708 suae

2055 3268 2113 3319 et
2145 3265 2299 3336 apud
2344 3280 2407 3320 se
2438 3266 2593 3336 regie
2623 3267 2844 3322 curavit
2892 3267 3147 3324 educari.
3197 3267 3447 3324 Nomina
3483 3268 3691 3325 horum

2053 3358 2219 3408 erant
2273 3351 2516 3409 Michael
2566 3355 2935 3411 Andronicus
2966 3360 3024 3412 et
3077 3357 3353 3412 Joannes.
3416 3356 3696 3414 Similiter

2056 3440 2438 3511 (quamquam
2452 3441 2562 3497 hoc
2574 3441 2757 3498 multo
2773 3444 3498 3514 posterius)Androuicum
3513 3445 3694 3501 alium

2057 3527 2446 3600 Palaaologum
2476 3545 2544 3585 ex
2572 3531 2909 3599 Occidente,
2928 3549 3103 3603 quem
3135 3538 3193 3588 et
3208 3533 3532 3604 patruelem
3556 3534 3693 3589 scri-

2059 3616 2196 3688 psit,
2230 3617 2805 3689 quicumdespotaet
2834 3620 3184 3677 aliismultis
3218 3622 3693 3677 traetusOccidui

2060 3704 2427 3777 principibus
2458 3705 2531 3760 ad
2588 3722 2651 3761 se
2681 3709 3040 3776 ascenderat,
3100 3708 3381 3765 collocata
3410 3709 3462 3765 ei
3518 3711 3694 3766 vidua

2062 3793 2373 3849 Andronici
2402 3792 2749 3862 Muzalonis,
2780 3810 2956 3865 quem
2987 3812 3270 3868 magnum
3302 3797 3692 3854 domesticum

2062 3882 2246 3938 fuisse
2294 3883 2419 3953 jam
2499 3880 2869 3953 scripsimus,
2925 3888 3403 3954 protostralorem
3462 3886 3696 3956 creavit,

2061 3971 2261 4026 eodem
2293 3974 2553 4040 tempore
2583 3970 2867 4042 collegam
2884 3971 2934 4027 ei
2957 3970 3138 4027 simili
3160 3973 3472 4044 dignitatis
3500 3973 3699 4045 appel-

2063 4059 2276 4114 latione
2305 4060 2569 4115 tribuens
2596 4058 2860 4115 Alexium
2884 4060 3462 4132 Philanthropenum.
3484 4067 3697 4117 Socrus

2065 4151 2259 4203 autem
2273 4146 2460 4218 ipsius
2476 4148 2714 4203 fratrem
2728 4148 3038 4219 Angelum,
3055 4164 3333 4220 magnum
3347 4149 3697 4221 facitprimi-

2067 4236 2310 4305 cerium,
2342 4236 2814 4307 protosebastum
2828 4252 2959 4292 vero
2972 4236 3338 4308 Nostongum
3356 4238 3697 4293 Michaelem

2068 4329 2126 4379 et
2141 4324 2452 4395 mysticum
2474 4323 3210 4397 PalaeologumMichaelem
3222 4369 3235 4393 ,
3250 4341 3399 4396 quos
3413 4342 3479 4381 ex
3494 4341 3702 4397 genere

2067 4412 2449 4469 consobrinos
2479 4412 2816 4483 imperatori
2850 4412 3032 4469 fuisse
3063 4412 3342 4468 diximus.
3377 4413 3505 4469 Pari
3526 4414 3698 4469 modo

2067 4500 2285 4557 multos
2316 4499 2462 4557 alios
2478 4517 2547 4557 ex
2577 4500 2940 4573 principibus
2964 4502 3036 4557 ad
3061 4501 3253 4557 ofﬁcia
3286 4501 3593 4574 promovit.
3622 4502 3704 4556 uti

2067 4589 2415 4662 logothetam
2440 4589 2738 4661 agelarum
2765 4589 3331 4660 Hagiotheodoriten,
3352 4606 3524 4661 quem
3544 4591 3707 4661 logo-

2068 4678 2286 4733 thetam
2345 4677 2797 4733 domesticorum
2856 4677 3199 4745 constituit;
3260 4682 3318 4734 et
3360 4677 3700 4734 Michaelem

2068 4774 2451 4843 cognomento
2483 4770 2722 4837 Malum,
2742 4770 2997 4841 primum
3030 4788 3064 4826 a
3086 4771 3325 4827 secretis
3351 4775 3523 4827 antea
3545 4787 3706 4827 crea-

2066 4866 2216 4927 tum,
2246 4860 2401 4914 no
2433 4857 2611 4913 nobili
2634 4858 3172 4930 virginiconjunxit
3204 4876 3232 4915 e
3264 4859 3706 4931 Philanthrope-

2072 4963 2278 5004 norum
2306 4947 2504 5018 stirpe.
2540 4946 2802 5017 Denique
2834 4946 3057 5003 multus
3087 4952 3210 5004 erat
3241 4949 3298 5003 in
3334 4947 3709 5005 demerendis

2071 5054 2137 5093 ac
2167 5036 2277 5092 sibi
2310 5034 2693 5092 conciliandis
2724 5036 2998 5108 primaria
3028 5036 3188 5093 viriis
3220 5036 3601 5108 lamiliisque.

2068 5143 2155 5196 14.
2193 5144 2255 5198 Ut
2310 5140 2614 5213 imperator
2642 5140 2885 5196 studium
2916 5141 3236 5197 adhibuerit
3280 5143 3354 5197 ad
3380 5157 3685 5212 recuperan

2278 5208 2406 5268 (lani
2442 5212 2672 5280 urbem;
2732 5215 2868 5268 etut
2913 5213 3225 5284 Selybriam
3253 5217 3473 5284 ceperit.
3513 5208 3526 5212 ’
3680 5208 3715 5228 ’⁶

2138 5303 2282 5357 Item
2314 5317 2483 5373 porro
2523 5301 2896 5356 incumbebat
2941 5301 3103 5357 omni
3146 5301 3341 5357 studio
3384 5301 3442 5355 in
3491 5316 3694 5356 curam

2068 5392 2477 5463 recuperandae
2508 5389 2693 5444 urbis.
2726 5393 2932 5459 Itaque
2986 5390 3219 5445 invento
3251 5392 3529 5460 praetextu
3576 5387 3716 5445 belli

2072 5484 2272 5535 contra
2303 5478 2499 5545 Italos,
2533 5477 2661 5533 loca
2681 5478 3179 5550 Constantinopoli
3204 5478 3594 5546 undecunque
3616 5493 3719 5547 per

2075 5567 2387 5623 circuitum
2416 5565 2608 5620 vicina
2624 5582 3027 5637 praeoccupare
3047 5564 3456 5622 contendebat.
3482 5564 3547 5619 Et
3566 5580 3720 5635 quo-

2081 5656 2239 5710 niam
2290 5653 2553 5725 Selybria
2578 5656 2718 5708 tunc
2750 5653 2941 5708 adhuc
2971 5658 3097 5709 erat
3126 5653 3183 5708 in
3218 5656 3501 5725 potestate
3549 5651 3720 5709 Italo-
