4182 6286
448 340 554 398 547

1740 335 2044 397 GEORGII
2083 338 2272 395 PACH
2282 338 2544 397 YMERE

3734 349 3841 407 548

455 460 742 538 Σηλυϐρία
766 462 1074 538 κατείχετο,
1105 466 1322 537 πέμψας
1369 465 1508 539 αἱρεῖ
1560 466 1694 520 κατὰ
1747 460 1943 538 κράτος
2001 458 2089 515 καὶ
2120 461 2339 537 Απρὸς
2398 462 2632 527 ἐκείνους
2717 469 2953 524 κάκεῖνοι
3015 468 3145 545 πρὸς
3202 471 3446 543 τούτους,
3497 474 3585 527 καὶ
3637 472 3842 546 τρόπον

452 558 560 609 τῶν
594 552 877 625 Ῥωμαίων
934 557 1168 608 ποιεῖται
1218 552 1318 620 τήν
1372 550 1533 607 πόλιν
1595 551 1819 606 ἀκονιτί.
1862 550 1980 607 Ἔστι
2036 566 2094 602 τε

453 642 840 718 προσεχώρουν
870 640 1149 717 ἐγγύτερον
1186 644 1236 696 oi
1268 641 1547 719 ἡμέτεροι,
1580 642 1667 697 καὶ
1721 640 1789 697 τὰ
1844 634 1944 709 ἔξω
1995 643 2093 705 τῆς

453 734 669 795 πόλεως
725 732 776 787 ἐν
837 731 1025 807 χερσῖν
1084 732 1232 808 εἶχον
1308 732 1454 800 πλὴν
1510 729 1806 808 Ἀφαμείας
1861 730 2092 803 ῗσχυροῢ

451 824 712 901 φρουρίου
742 822 1113 896 κατεχομένου
1170 826 1287 885 τοῖς
1341 820 1592 883 Ἰταλοῖς.
1626 822 1793 878 Ἦσαν
1844 817 1902 874 δέ
1954 838 2094 879 τινες

444 917 821 973 κατοικοῦντες
880 912 986 966 ἀπὸ
1045 910 1308 986 Χρυσείας
1355 932 1414 967 τε
1467 911 1557 965 καὶ
1644 910 1907 978 ἐπέκεινα,
1958 906 2090 981 κάνέ-

433 1025 564 1066 τους
622 1004 717 1066 τὰς
768 1002 995 1077 γνώμας
1047 998 1266 1075 ἔχοντες
1326 999 1433 1055 εί¹τε
1487 1002 1621 1074 πρὸς
1650 997 1954 1072 Ῥωμαίους
1983 994 2090 1051 εἷ’τε

434 1094 570 1169 πρὸς
617 1090 865 1153 Ἰταλοὺς
924 1089 1161 1146 ἐθέλοίεν
1240 1088 1578 1158 ἀποκλίνειν,
1636 1093 1741 1143 τῶν
1804 1088 1898 1161 μὶν
1956 1088 2086 1141 Ῥω-

438 1183 613 1258 μαίων
660 1180 1070 1257 προσκειμένων
1122 1181 1308 1241 αὐτοῖς
1365 1182 1480 1234 οὖσι
1531 1180 1848 1251 Ῥωμαίοις,
1878 1180 1986 1232 τῶν
2040 1174 2087 1230 δ’

431 1271 658 1330 Ἰταλῶν
703 1270 949 1350 φυλακην
1006 1271 1065 1325 ἐκ
1118 1270 1323 1325 τούτων
1384 1270 1743 1324 πιστευόντων
1797 1264 1942 1343 ἔχειν
1997 1264 2087 1322 διὰ

434 1364 497 1419 τὸ
556 1363 691 1438 πρὸς
752 1361 947 1424 αὐτοὺς
1008 1360 1234 1430 σύνηθες
1268 1380 1281 1397 ο
1328 1359 1389 1414 οὗ
1439 1361 1538 1434 γάρ
1596 1359 1661 1427 ἦν
1721 1359 1927 1433 ἑτέροις
1983 1377 2082 1411 πι-

438 1452 662 1509 στεύειν.
697 1452 773 1509 Τὸ
828 1452 885 1505 δὶ
942 1450 1031 1505 καὶ
1084 1449 1208 1511 τοὺς
1267 1452 1649 1511 κατοιιιοῦντας
1700 1445 1972 1517 ἐκδιῶξαι,
2004 1448 2080 1517 μὴ

432 1543 523 1597 καὶ
582 1538 825 1601 κίνδυνος
880 1538 939 1594 ἐκ
992 1538 1087 1605 τῆς
1144 1538 1368 1614 ἐρημίας
1400 1536 1710 1611 προσέσται.
1743 1538 1907 1592 Ἦσαν
1956 1539 2083 1610 γοῦν

437 1630 633 1706 μεταξὺ
691 1628 976 1702 Ῥωμαίων
1030 1627 1118 1682 καὶ
1169 1627 1417 1695 Ἰταλῶν,
1460 1628 1545 1681 καὶ
1609 1623 1697 1681 διὰ
1749 1629 1910 1680 τοῦτο
1967 1623 2081 1678 ἐκέ-

434 1723 640 1791 κληντο
697 1718 786 1774 καὶ
840 1716 1384 1793 θεληματάριοι,τὴν
1437 1712 1537 1787 ἔξω
1591 1722 1690 1784 τῆς
1722 1713 1938 1777 πόλεως
1979 1717 2078 1789 γῆν

2206 549 2390 625 μάχης
2441 550 2717 630 οὐδέτεροι
2775 557 3028 631 θατέρους
3089 558 3390 617 ἐσκύλευον.
3440 557 3651 619 Ἐδόκει
3710 566 3842 636 γοῦν

2198 643 2277 710 τῷ
2311 639 2525 715 βασιλεῖ
2557 640 2626 696 δι’
2657 644 3070 717 Ἑλλησπόντου
3101 650 3466 720 περαιωθέντα
3493 650 3592 719 τήν
3655 650 3808 721 Σηλυ
3831 685 3843 697 -

2200 722 2352 803 ϐρίαν
2406 727 2526 804 ἄρτι
2587 730 2818 790 ἀλοῦσαν
2876 730 3221 810 καταλαϐεῖν,
3253 737 3341 793 καὶ
3386 737 3451 795 τά
3480 738 3604 811 περὶ
3633 741 3715 811 [Ρ.
3747 744 3840 813 72}

2196 823 2293 873 τοῦ
2324 824 2439 884 πῶς
2472 820 2529 877 ἂν
2561 824 2595 892 ἡ
2628 823 2789 887 πόλις
2818 825 3107 899 Ῥωμαίοις
3152 827 3306 899 ἄλῲη
3340 827 3449 887 ἐκεῖ
3502 831 3840 902 καθήμενον-

2198 911 2686 986 πραγματεύεσθαι.
2748 913 2923 972 Ἀλλὰ
2978 917 3039 972 τὸ
3123 918 3245 993 περὶ
3329 920 3430 989 τήν
3510 921 3837 991 Ἐκκλησίαν

2198 996 2405 1073 συμϐὰν
2438 1001 2536 1058 οὐκ
2561 1000 2641 1059 εἴα
2670 1008 2858 1069 τοῦτον
2892 1004 3169 1079 διαπερᾷν.

2200 1169 2274 1218 ιε’,
2303 1164 2491 1226 Ὅπως
2525 1165 2552 1219 ὁ
2585 1166 3240 1307 πατριάρχηςξέΑρσένιος
3292 1172 3389 1223 τοῦ
3442 1172 3834 1246 πατριαρχείου

2834 1258 2931 1293 υπε
2989 1259 3195 1295 σταται.

2834 1258 3195 1295 υπεζισταται.

2262 1355 2323 1410 Ὀ
2354 1357 2456 1429 γὰρ
2516 1359 2863 1432 πατριάρχης
2893 1358 3167 1435 Ἀρσένιος
3228 1358 3323 1417 εἶτ’
3374 1360 3829 1437 ἐπιλογισάμενος

2191 1442 2253 1497 τὸ
2284 1442 2372 1498 ἐπὶ
2400 1448 2477 1515 τῷ
2511 1444 2725 1519 βασιλεῖ
2764 1447 3031 1522 πραχθὶν,
3063 1449 3137 1512 ὡς
3200 1448 3529 1522 ἐξηπάτηται
3588 1452 3681 1522 μὶν
3737 1452 3828 1505 αὐ-

2189 1534 2304 1597 τὸς,
2339 1534 2365 1586 ὁ
2399 1530 2456 1587 δὲ
2480 1536 2579 1601 τῆς
2631 1532 2905 1608 βασιλείας
2955 1533 3127 1610 ὅρπηξ
3187 1537 3481 1613 ἀγέραστος
3543 1542 3686 1613 μένει
3734 1562 3831 1597 πε-

2190 1621 2627 1698 ριφρονούμενος,
2683 1628 2791 1679 τῶν
2844 1624 3180 1700 πραγμάτων
3240 1626 3384 1682 ὅλων
3435 1629 3537 1685 ὑπὸ
3592 1634 3670 1700 τῷ
3726 1636 3832 1686 Πα-

2189 1710 2469 1787 λαιολόγῳ
2502 1711 2913 1786 διοικουμένων,
2949 1712 3055 1769 εἴτε
3082 1715 3171 1769 καὶ
3226 1714 3399 1773 ἄλλου
3457 1717 3707 1787 νύξαντος
3757 1719 3830 1779 ὡς

432 1808 847 1881 καρπιζόμενοι,
901 1805 1187 1875 διαζῶντες
1256 1807 1455 1870 ἐκεῖθεν
1513 1806 1602 1860 καὶ
1658 1805 1784 1877 παρ’
1841 1802 2077 1877 ἆμφοτέ-
2110 1820 2155 1889 Β
2189 1801 2546 1875 ἐπινυστάξειε
2604 1803 2831 1878 μέγιστα
2912 1802 3113 1878 πράξας
3186 1805 3275 1860 καὶ
3347 1805 3577 1876 ἄληστα,
3636 1805 3742 1863 εἴτε
3778 1828 3834 1863 τι

438 1920 546 1974 ρων
605 1899 680 1960 εἲς
732 1900 902 1954 ἄνεσιν
965 1898 1236 1973 μένοντες,
1284 1897 1604 1974 χρῃζόντων
1659 1895 1923 1968 ἑκατέρων
1974 1900 2075 1962 τῆς
2184 1892 2271 1947 καὶ
2299 1891 2437 1947 ἄλλο
2467 1913 2517 1947 τι
2548 1893 2610 1948 τὸ
2641 1891 2844 1949 λυποῦν
2872 1893 2938 1960 ἧν
2974 1892 3121 1966 (οὐδὶ
3156 1894 3257 1970 γὰρ
3311 1895 3511 1956 ἐκεῖνος
3558 1896 3728 1966 δῆλον
3761 1897 3830 1965 ἦν

432 1988 648 2045 ἐκείνων
680 1988 915 2065 ἀγάπης,
950 1989 1023 2051 ὡς
1056 1985 1114 2042 ἄν
1148 2008 1209 2063 γε
1240 1990 1314 2063 μὴ
1370 1986 1715 2062 βλάπτοιντο.
1752 1984 1922 2054 Δῆλοι
1971 1987 2072 2058 γὰρ
2184 1987 2356 2038 ποιῶν
2388 1981 2468 2058 ἐφ’
2499 1983 2543 2053 ᾦ
2575 1982 2853 2058 ἐξεχώρει,
2882 1983 3058 2045 αἰτίας
3111 1982 3157 2038 δ’
3190 1985 3484 2041 ἐπλάττετο
3536 1986 3610 2049 ὡς
3667 2008 3828 2042 κατα-

432 2082 569 2151 ἧσαν
604 2076 694 2134 διὰ
726 2078 912 2155 μίσους
941 2078 1067 2141 τοὺς
1122 2079 1220 2133 οὐκ
1274 2077 1512 2141 οἷ’κείους
1564 2073 1771 2149 ἕξοντες
1805 2093 1818 2107 ⁸
1852 2074 1918 2142 ἦν
1974 2075 2075 2152 γὰρ
2187 2078 2436 2149 φρονοῖτο
2488 2071 2578 2127 καὶ
2636 2073 2711 2135 ὡς
2769 2070 2924 2129 οὐδὲν
2984 2074 3130 2147 παρὰ
3190 2073 3404 2148 βασιλεῖ
3450 2074 3607 2131 άνῦοι
3648 2075 3827 2151 λέγων

431 2169 522 2225 καὶ
576 2166 703 2229 τοὺς
736 2165 981 2228 Ἰταλοὺς
1038 2166 1097 2221 ἐκ
1150 2170 1246 2220 τοῦ
1286 2165 1586 2239 ἀναχωρεῖν
1616 2166 1814 2220 ἐκεῖθεν
1846 2164 2076 2223 ἐκείνους
2188 2165 2316 2237 ὑπερ
2347 2168 2451 2218 τῶν
2500 2165 2568 2236 τῇ
2593 2161 2887 2234 Ἐκκλησία
2927 2163 3321 2235 καθηκόντων),
3355 2165 3449 2237 ἅμ’
3476 2166 3639 2221 εἰπὼν
3691 2166 3831 2241 πρὸς

437 2255 766 2331 βλάπτεσθαι
816 2255 1194 2331 ἐρημωθέντος
1244 2258 1339 2307 τοῦ
1394 2254 1586 2323 τόπου,
1615 2252 1703 2307 καί
1761 2252 1884 2313 τοὺς
1941 2253 2076 2309 Ῥω-

441 2348 652 2421 μαίους,
687 2346 729 2400 εἷ
762 2344 1064 2421 ἐγχειροῖεν
1121 2345 1206 2399 ἐπί
1258 2345 1434 2417 τι,μή
1488 2346 1635 2407 ὅπως
1685 2364 1746 2417 γε
1803 2347 2076 2419 συνεργεῖ-

431 2440 573 2511 σθαι,
628 2434 773 2492 ἀλλὰ
828 2437 915 2491 καὶ
966 2438 1101 2493 κατᾶ
1152 2434 1350 2512 κράτος
1405 2432 1669 2512 εἷ’ργεσθαι
1719 2436 1845 2512 παρ’
1899 2434 2071 2490 αὐτῶν

432 2528 522 2584 διὰ
576 2529 638 2582 τὸ
694 2527 830 2601 πρὸς
888 2526 1122 2589 ἐκείνους
1185 2531 1343 2600 μῖσος
1390 2526 1636 2602 καθαρῶς
1666 2527 2071 2602 προσκειμένων

431 2624 550 2684 τοῖς
577 2602 833 2680 Ἰταλοῖς.
868 2617 1020 2674 Μετᾶ
1049 2620 1179 2692 γοῦν
1209 2618 1310 2687 τὴν
1348 2622 1449 2682 τῆς
1505 2612 1817 2692 Σηλυϐρίας
1874 2613 2076 2670 ἅλωσιν

434 2703 585 2761 οὐδὲν
631 2705 698 2773 ἦν
760 2702 920 2777 μέσον
978 2702 1152 2757 αὐτῶν
1191 2722 1249 2757 τε
1280 2701 1368 2757 καὶ
1398 2704 1503 2755 τῶν
1536 2702 1838 2775 ἡμετέρων,
1873 2697 2000 2754 ἀλλ’
2029 2701 2075 2755 εἲ

427 2813 554 2847 που*
591 2788 906 2865 συντύχοιεν
968 2786 1260 2859 ἀλλήλοις,
1310 2787 1541 2866 φιλικῶς
1600 2785 1751 2861 εἶχον
1814 2786 1964 2841 αὐτοί
2015 2807 2072 2841 τε

436 2997 594 3050 rum,
626 2980 823 3037 missis
856 2978 1040 3051 copiis
1071 2977 1259 3049 primo
1293 2992 1419 3032 eam
1452 2977 1693 3031 incursu
1728 2975 1956 3046 cepitet
1978 2976 2059 3030 fa-

432 3070 543 3127 cile
575 3068 785 3141 adjecit
815 3066 1023 3122 ditioni
1052 3069 1469 3120 Romanorum.
1502 3063 1747 3134 Propius
1780 3062 1952 3116 etiam
1968 3063 2062 3117 ad-

430 3162 729 3214 moventes
764 3171 891 3211 sese
920 3154 1051 3211 urbi
1085 3151 1269 3208 nostri
1299 3151 1640 3207 suburbana
1678 3153 2057 3220 occuparunt,

423 3250 661 3317 excepta
682 3239 1333 3314 Aphamea,munitione
1350 3237 1540 3294 valido
1562 3238 1839 3295 Italorum
1863 3238 2061 3309 praesi-

425 3335 519 3390 dio
549 3334 807 3389 defensa.
841 3331 1019 3386 Erant
1035 3332 1230 3385 autem
1264 3330 1428 3383 terraa
1448 3326 1607 3383 illius
1630 3326 1904 3397 inquilini
1929 3326 2061 3398 qui-

420 3425 554 3480 dam
589 3438 621 3478 a
649 3421 897 3491 Cbrysea
926 3422 982 3475 et
1010 3417 1156 3475 locis
1188 3415 1564 3473 ulterioribus
1608 3415 1848 3485 profecti
1891 3415 2060 3472 liberi

424 3512 690 3569 homines
710 3507 1052 3578 etsuijuris,
1072 3503 1548 3575 anticipitiquein
1572 3503 1863 3561 Romanos
1884 3509 2060 3575 atque

422 3599 599 3655 Italos
634 3598 847 3662 favore,
878 3599 937 3650 et
966 3595 1037 3649 ad
1071 3592 1383 3649 alterutros
1414 3594 1587 3663 prout
1615 3590 1865 3650 libuerat
1898 3591 2061 3648 incli-

423 3704 564 3745 nare
611 3684 792 3755 soliti,
822 3682 1101 3739 Romanis
1132 3682 1191 3737 in
1221 3681 1385 3753 ipsos
1418 3684 1590 3751 upote
1628 3685 1923 3738 Romanos
1954 3698 2057 3738 na-

417 3775 595 3833 turali
627 3773 866 3830 caritate
892 3771 1414 3844 propendentibus,
1436 3770 1598 3827 Italis
1632 3770 1825 3842 gentis
1847 3769 1959 3826 sibi
1983 3772 2056 3827 ad

415 3865 660 3922 tutelam
678 3862 884 3919 ﬁnium
909 3860 1177 3933 perutilis
1195 3860 1477 3916 demereri
1499 3859 1696 3915 studia
1709 3858 2057 3914 conantibus

413 3952 842 4011 consuetudine
870 3948 1207 4006 commercii
1238 3948 1515 4018 utrinque
1546 3946 1868 4017 quaestuosi
1900 3962 2054 4003 com-

414 4043 711 4113 modique.
738 4044 861 4097 Non
916 4038 1071 4094 enim
1104 4037 1249 4093 alios
1306 4035 1602 4092 habebant
1651 4034 1868 4105 quibus
1910 4034 2051 4091 iide-

415 4136 578 4201 rent;
600 4134 659 4187 et
689 4128 737 4185 si
763 4127 872 4184 hos
906 4126 1260 4198 expellerent
1290 4124 1493 4182 unicos
1524 4123 1849 4180 suburbani
1882 4123 2051 4180 terri-

410 4218 545 4277 torii
579 4216 838 4285 colonos,
864 4217 1102 4271 desertas
1136 4213 1281 4285 ipsis
1315 4212 1668 4281 inculteque
1688 4210 1953 4283 regiones
1974 4210 2053 4266 vi-

411 4312 570 4364 ctum
602 4307 904 4377 negarent.
938 4302 1081 4358 Cum
1113 4316 1249 4371 ergo
1280 4298 1438 4356 inter
1469 4298 1763 4355 Romanos
1793 4303 1850 4355 et
1877 4298 2051 4356 Italos

410 4398 751 4451 neutrarum
810 4394 1010 4448 essent
1065 4389 1342 4461 partium,
1385 4385 1798 4443 Thelematarii
1856 4386 2049 4458 (quasi

408 4484 628 4539 diceres
669 4478 1003 4549 voluntarii)
1052 4477 1432 4546 vocabantur,
1464 4474 1640 4545 quod,
1674 4478 1741 4532 ut
1796 4475 1937 4543 dixi,
1974 4475 2046 4531 ad

2184 2255 2273 2307 τὸν
2305 2254 2516 2326 κλῆρον
2547 2253 2635 2308 καὶ
2669 2253 2745 2325 ἅμ
2794 2254 3042 2328 ὁρμήσας
3073 2256 3172 2324 τήν
3217 2253 3396 2325 πύλην
3455 2263 3553 2325 τῆς
3608 2255 3824 2317 πόλεως

2184 2345 2412 2407 Νικαίας
2463 2338 2871 2415 καταλαμϐάνει
2919 2346 3191 2419 πεζῇ,καὶ
3254 2346 3329 2408 ὡς
3388 2345 3505 2419 εἶχε
3548 2346 3639 2400 τὸν
3695 2344 3820 2419 περὶ

2186 2434 2341 2488 αὐτὸν
2402 2429 2575 2508 ὄχλον
2655 2432 3117 2506 άποτιναξάμενος
3192 2434 3587 2509 ἀμεταστρεπτί
3663 2434 3819 2503 ἵεται,

2190 2523 2408 2599 ὀλίγους
2438 2523 2582 2597 ἔχων
2621 2523 2749 2585 τοὺς
2808 2525 3231 2597 συνεπομένους.
3266 2523 3367 2580 Καί
3406 2545 3511 2578 τινι
3559 2525 3695 2599 πρὸς
3742 2529 3822 2596 τῷ

2182 2613 2352 2688 τείχει
2403 2616 2471 2688 τῇ
2528 2616 2624 2666 τοῦ
2682 2611 2997 2688 ἀγάλματος
3055 2614 3419 2686 προσκαθίσας
3468 2615 3631 2687 μονῇ,
3671 2612 3823 2669 νυκτῖ

2182 2704 2283 2771 τὴν
2340 2703 2560 2778 πορείαν
2616 2703 2877 2773 πιστεύει,
2905 2704 2995 2757 καὶ
3045 2704 3219 2778 φέρων
3270 2703 3455 2758 ἑαυτὸν
3485 2706 3553 2777 τῇ
3580 2707 3677 2758 τοῦ
3710 2706 3822 2761 Πα-

2186 2789 2411 2864 σχασίου
2469 2793 2604 2863 μονῇ
2661 2787 2870 2859 δίδωσι,
2935 2793 3075 2864 μονῇ
3121 2790 3254 2865 πρὸς
3312 2792 3547 2866 ἡσυχίαν
3600 2790 3824 2863 εὐθέτῳ.

2181 2982 2409 3033 nostros
2443 2976 2943 3033 medium.Tamen
2976 2977 3322 3034 necessariis
3368 2978 3425 3032 in
3459 2977 3560 3033 illa
3606 2977 3817 3034 vicinia

2180 3067 2520 3122 occursibus
2571 3066 2753 3122 amice
2802 3070 3113 3137 pacataque
3170 3066 3659 3137 defungebantur,
3711 3083 3815 3122 nec

2184 3155 2462 3212 Romanis
2491 3155 2651 3226 ipsos
2682 3172 2786 3212 nec
2814 3155 2960 3226 ipsis
3006 3155 3300 3213 Romanos
3330 3153 3642 3211 inciviliter
3692 3158 3814 3211 tra-

2183 3244 2478 3300 ctantibus
2509 3248 2609 3300 aut
2635 3243 2755 3300 vim
2815 3243 2995 3300 ullam
3030 3243 3377 3315 injuriamve
3414 3243 3809 3301 efferentibus.

2179 3334 2341 3388 Tunc
2363 3333 2553 3389 visum
2580 3336 2972 3403 opportunum
2995 3331 3332 3403 imperatori
3353 3337 3444 3390 est
3464 3330 3811 3388 transmisso

2177 3421 2548 3492 Hellesponto
2572 3421 2629 3477 in
2655 3436 2841 3491 nuper
2857 3425 3085 3491 captam
3105 3420 3421 3493 Selybriam
3445 3437 3509 3477 se
3528 3421 3810 3488 conferre,

2174 3509 2370 3582 ibique
2412 3526 2480 3566 ex
2512 3509 2839 3580 propinquo
2897 3508 3144 3567 consilia
3190 3525 3392 3580 capere
3444 3507 3818 3580 rationesque

2174 3599 2319 3653 inire
2348 3598 2509 3654 urbis
2561 3598 2874 3668 potiundae.
2910 3598 3023 3655 Sed
3055 3601 3357 3655 revocatus
3386 3598 3457 3655 ab
3489 3614 3557 3655 ea
3587 3597 3808 3669 cogita-

2172 3686 2329 3743 tione
2383 3686 2949 3759 transmissioneque
2990 3690 3175 3745 esteo
3229 3688 3388 3758 quod
3424 3693 3633 3758 praeter
3690 3685 3816 3756 cpi-

2174 3776 2406 3831 nionem
2439 3777 2497 3830 in
2529 3774 2790 3833 Ecclesia
2820 3778 2961 3833 tunc
2992 3774 3257 3847 conligit.

2207 3970 2291 4025 15.
2347 3970 2409 4025 Ut
2452 3968 2773 4039 patriarcha
2804 3970 3067 4025 Arrenius
3108 3967 3497 4040 patriarchatu
3525 3970 3766 4025 cesserit.

2236 4126 2572 4185 Patriarcha
2600 4128 2892 4198 siquidem
2922 4127 3226 4195 Arsenius,
3251 4127 3371 4185 sive
3393 4130 3671 4198 reputans
3692 4126 3805 4185 sibi

2165 4214 2409 4271 illusum
2442 4215 2763 4273 interversa
2792 4216 3167 4274 coronaticne
3200 4216 3364 4289 pueri
3403 4215 3673 4288 Augusti,
3708 4216 3803 4272 in-

2164 4303 2449 4376 digneque
2472 4304 2662 4361 ferens
2682 4304 2911 4361 herede
2931 4304 3159 4375 imperii
3181 4308 3513 4376 contempto
3527 4320 3809 4376 pasneque

2164 4391 2222 4447 in
2253 4393 2519 4449 ordinem
2550 4392 2782 4448 redacto
2806 4392 2875 4448 ad
2904 4396 3114 4450 nutum
3138 4393 3316 4449 unius
3339 4392 3641 4463 Palmologi
3662 4408 3806 4449 cun-

2163 4485 2253 4537 cta
2283 4480 2624 4551 gubernari,
2675 4479 2796 4537 sive
2825 4480 3242 4538 indormivisse
3270 4480 3385 4537 sibi
3437 4480 3711 4538 conscius
3742 4480 3802 4537 in

408 4590 557 4645 quos
586 4571 862 4627 volebant
891 4568 1132 4639 impune
1164 4565 1616 4637 propenderent,
1641 4580 1881 4634 campos
1914 4562 2046 4619 urbi
2075 4552 2120 4617 D
2163 4567 2428 4625 maximis
2466 4571 2523 4624 et
2551 4568 2796 4639 publicae
2827 4569 3041 4626 notitiae
3074 4569 3467 4626 indelebiliter
3486 4568 3800 4641 insculptis

408 4662 634 4717 vicinos
658 4660 916 4715 colentes
933 4658 1185 4728 indeque
1204 4655 1487 4720 viventes,
1514 4667 1620 4708 nec
1644 4652 1860 4709 Latinis
1883 4652 2044 4724 ipsos

413 4767 519 4806 nec
552 4747 831 4805 Romanis
864 4745 1303 4809 intestantibus,
1348 4742 1501 4815 quod
1533 4757 1736 4799 eorum
1783 4758 1959 4813 opera
1988 4746 2044 4797 et

409 4837 810 4895 benevolentia
840 4834 1054 4907 pariter
1077 4832 1310 4902 utrique
1328 4831 1824 4903 indigerent.Nam
1847 4834 2041 4889 utros-

407 4928 496 4985 vis
518 4929 589 4984 ob
631 4928 900 4997 acceptas
929 4921 1180 4993 injurias
1218 4920 1500 4987 odissent,
1551 4919 1779 4977 afﬁcere
1826 4920 2042 4979 damno

407 5019 693 5089 poterant,
728 5011 902 5070 Italos
934 5010 1171 5082 quidem
1205 5008 1523 5066 recedendo
1555 5008 1708 5078 inde,
1730 5015 1784 5064 et
1813 5008 2041 5065 desola-

404 5106 482 5163 tis
512 5103 868 5173 incultisque
926 5098 1347 5172 relinquendis,
1379 5097 1534 5153 unde
1580 5096 1768 5153 victus
1815 5100 2040 5168 partem

406 5195 720 5250 maximam
752 5192 899 5246 Ill
958 5187 1275 5256 habebant,
1334 5185 1528 5252 terris,
1560 5186 1851 5241 Romanos
1907 5202 2040 5241 vero

407 5282 766 5347 ulciscendo,
798 5278 847 5336 si
879 5277 1269 5345 irritarentur,
1292 5279 1351 5331 et
1379 5290 1557 5330 manu
1589 5279 1815 5329 armata
1845 5289 2040 5345 perse-

407 5372 639 5444 quendo
664 5388 678 5439 ;
701 5370 949 5440 inquam
988 5370 1212 5438 partem
1238 5367 1404 5420 erant
1437 5376 1539 5433 per
1560 5376 1687 5418 sese
1716 5362 2040 5434 proniores,

406 5478 519 5517 usu
550 5464 607 5516 et
634 5459 899 5514 instituto
922 5455 1050 5511 vitea
1071 5453 1262 5525 palam
1284 5451 1690 5507 incumbentes
1711 5451 1770 5507 in
1788 5451 2040 5508 favorem

406 5551 683 5608 Italorum
718 5554 775 5605 et
805 5567 835 5604 a
866 5544 1144 5603 Romanis
1160 5543 1562 5600 abhorrentes.
1594 5542 1662 5597 Hi
1695 5546 2037 5613 posthuam

405 5647 572 5715 capta
594 5644 682 5696 est
705 5636 984 5709 Selybria,
1006 5633 1149 5689 nihil
1175 5633 1299 5703 jam
1324 5631 1617 5689 habebant
1640 5630 1788 5688 inter
1808 5631 1964 5703 ipsos
1982 5636 2038 5689 et

2161 4658 2295 4728 quis
2328 4658 2479 4713 alius
2537 4657 2742 4714 urebat
2771 4656 3038 4716 occultus
3071 4657 3238 4715 dolor
3284 4659 3446 4729 (nam
3476 4658 3796 4730 apparebat

2160 4762 2293 4802 eum
2328 4762 2443 4803 non
2500 4746 2665 4803 fateri
2696 4746 2835 4817 quid
2868 4750 3022 4804 esset
3052 4763 3165 4819 quo
3196 4762 3327 4804 vere
3359 4749 3705 4815 moveretur,
3736 4748 3796 4801 et

2162 4836 2375 4908 (ingere
2405 4851 2553 4906 quas
2584 4834 2871 4907 allegabat
2899 4851 3129 4903 causas,
3163 4836 3318 4907 quod
3349 4834 3632 4892 nimirum
3674 4832 3800 4889 ani-

2160 4925 2550 4981 madverteret
2581 4940 2710 4981 sese
2739 4924 3038 4981 contemni
3071 4926 3144 4982 ab
3171 4924 3524 4996 imperatore
3553 4926 3631 4989 et,
3662 4936 3798 4977 cum

2159 5013 2209 5069 ei
2241 5014 2312 5069 de
2366 5013 2542 5069 rebus
2572 5012 2839 5069 Ecclesiae
2868 5012 3225 5084 loqueretur,
3286 5011 3433 5069 nihil
3472 5010 3795 5082 proﬁcere),

2160 5099 2303 5157 talia
2331 5099 2485 5156 clero
2515 5114 2651 5157 cum
2682 5099 2945 5167 dixisset,
2977 5102 3213 5170 repente
3244 5098 3465 5170 impetu
3504 5098 3672 5168 capto
3704 5110 3803 5166 pe-

2158 5189 2259 5245 des
2293 5188 2362 5245 ad
2393 5191 2622 5259 portam
2656 5188 2820 5246 urbis
2856 5188 3056 5245 Nicaeae
3086 5202 3435 5260 progressus
3458 5189 3570 5254 est,
3598 5183 3799 5253 ibique

2158 5280 2603 5349 persequentem
2632 5276 2815 5334 eﬁ'use
2845 5277 3077 5335 turbam
3113 5292 3147 5332 α
3176 5290 3238 5332 se
3268 5274 3558 5347 repellens
3586 5272 3799 5328 irrevo-

2156 5365 2420 5422 cabiliter
2449 5382 2512 5423 se
2541 5365 2601 5421 in
2632 5365 2784 5422 viam
2812 5364 3139 5422 deditll2
3164 5362 3364 5434 paucis
3382 5360 3798 5419 comitantibus

2155 5458 2357 5511 etcum
2381 5454 2440 5510 in
2454 5454 2709 5525 quodam
2727 5453 3222 5510 vicinommnibus
3244 5450 3599 5509 monasterio
3623 5447 3793 5518 Agat-

2156 5543 2332 5600 matis
2362 5547 2561 5600 vocato
2591 5542 2832 5614 paulum
2864 5541 3243 5609 consedisset,
3268 5543 3553 5595 nocturno
3583 5535 3798 5592 itinere

2156 5647 2215 5689 se
2248 5631 2495 5688 contulit
2525 5632 2595 5688 ad
2630 5630 3049 5687 monasterium
3084 5626 3378 5686 Paschasii
3408 5626 3477 5681 ad
3503 5623 3793 5695 tranquil-
