4182 6286
273 302 378 358 549

1312 300 1408 351 DE
1448 294 1819 349 MICHAELE
1858 292 2301 349 PALBOLOGO
2338 296 2469 347 LIB.
2514 299 2580 347 II.

3558 291 3664 345 550

276 427 417 481 ἔνθεν
484 425 579 497 μὲν
636 420 841 495 ἐχούσῃ
897 420 965 487 τὴ
1019 416 1308 490 θάλασσαν,
1365 416 1507 479 ἔνθεν
1570 413 1616 469 δ’
1659 415 1907 488 ὑπεράνω
1943 418 2168 488 Αρεῦσι
2225 414 2286 467 τὸ
2339 416 2576 487 πραχθέν
2620 419 2699 486 τῷ
2748 417 3059 489 πατριάρχῃ
3110 418 3380 469 κοινὸῦντι
3454 416 3543 468 καὶ
3601 417 3664 469 τὸ

278 514 500 586 κειμένῃ
555 513 652 567 τοῦ
714 512 962 581 ποταμοῦ
1021 506 1337 581 Δράκοντος,
1395 504 1483 561 καί
1540 504 1620 580 ἐφ’
1676 502 1913 575 ἡσυχίας

283 601 451 657 ἐκεῖσε
482 600 743 667 καθῆστο.
797 596 895 651 Καὶ
928 597 954 649 ὁ
984 596 1077 667 μέν
1114 594 1257 649 οὕτω
1305 599 1385 665 τῷ
1432 593 1583 664 τόπῳ
1639 592 1918 662 ένησυχά-

287 698 390 759 ζων
445 685 663 748 οὐδενὸς
695 689 801 741 τῶν
837 684 1184 752 καθηκόντων
1234 685 1303 751 τῆ
1360 681 1657 755 παριαρχίᾳ
1694 679 1924 749 ἥπτετο,

288 779 443 833 πάντ’
493 775 670 843 ἐάσας,
732 775 906 845 έαυτῷ
964 771 1021 828 δὶ
1075 768 1226 843 μόνῳ
1286 770 1609 846 προσλαλῶν
1666 768 1754 823 καὶ
1788 770 1922 837 Θεῷ.

290 869 356 925 Οἱ
390 865 447 922 δέ
476 868 577 921 τοῦ
602 860 844 936 κλήρου,
877 861 966 916 καὶ
1017 861 1133 916 ὅσοι
1162 864 1269 916 τῶν
1302 859 1598 935 ἀρχιερέων
1631 862 1697 929 τῇ
1730 856 1928 925 Νικαίᾳ

292 953 627 1027 ἐπεδήμουν,
661 949 832 1009 δεινὸν
864 951 925 1006 τὸ
967 945 1174 1022 συμϐὰν
1234 951 1471 1024 ἡγοῦντο
1518 950 1608 1004 καὶ
1663 954 1927 1023 προσεπέ-

296 1042 524 1099 στελλον
558 1038 901 1105 ἱκετεύοντες,
952 1041 1025 1111 μή
1084 1059 1191 1093 που
1248 1038 1335 1092 καὶ
1391 1038 1642 1112 βασιλεὺς
1701 1041 1927 1101 ἀκούσας

297 1133 349 1188 ἐν
376 1130 537 1202 δεινῷ
592 1130 654 1187 τὸ
712 1129 948 1205 πραχθὲν
1009 1129 1259 1196 ποιήσοι.
1312 1127 1411 1182 Καὶ
1474 1126 1657 1189 ἄλλως
1723 1126 1928 1184 δίκαιον

302 1222 458 1293 εἶναι,
514 1216 567 1274 εἴ
616 1218 697 1280 τίς
750 1237 855 1271 που
906 1216 993 1270 καὶ
1042 1214 1269 1285 λυποίη,
1320 1215 1490 1269 αὐτοῦ
1520 1237 1625 1270 που
1676 1222 1771 1271 τοῦ
1828 1238 1930 1271 πα-

301 1308 619 1384 τριαρχείου
649 1306 908 1373 καθῆσθαι
941 1305 1030 1359 καὶ
1079 1324 1141 1376 γε
1190 1302 1435 1378 ἐλέγχειν
1484 1306 1576 1359 τὸν
1627 1307 1745 1359 κατ’
1799 1305 1933 1374 ἐπή-

308 1419 449 1473 ρειαν
503 1393 869 1468 ἐνοχλοῦντα,
926 1393 1362 1469 προσναφέροντα
1417 1394 1503 1448 καὶ
1551 1398 1631 1464 τῷ
1691 1394 1932 1468 βασιλεῖ,

307 1484 425 1541 εἶδ’
454 1483 609 1544 αὐτὸς
659 1482 745 1537 καὶ
794 1480 951 1553 μόνος
995 1478 1077 1549 εἶή
1136 1479 1410 1554 ἐνοχλῶν,
1459 1480 1613 1536 αὐτὸν
1672 1487 1937 1545 νουθετεῖν

301 1574 550 1647 ἐλέγχειν
600 1568 953 1643 παρακαλεῖν,
1002 1564 1498 1641 συλλαμϐανόντων
1545 1571 1632 1623 καὶ
1687 1575 1793 1625 τῶν
1843 1571 1939 1643 ἀρ-

299 1661 531 1736 χιερέων
583 1657 816 1714 καθόσον
851 1657 1112 1730 ἰσχύοιεν.
1147 1659 1221 1714 Τὸ
1253 1655 1303 1729 δ,
1334 1656 1637 1731 ἀναχωρεῖν
1697 1660 1772 1729 μή
1804 1678 1938 1732 προ-

297 1753 483 1826 φανῶς
539 1746 636 1809 τὰς
692 1744 865 1810 αἰτίας
922 1745 1183 1819 λέγοντι,

2027 504 2283 572 ποιητέον
2333 507 2502 571 ζητεῖ.
2552 506 2682 565 Τοῖς
2738 506 2829 577 μὶν
2882 504 2973 557 οὗν
3026 506 3316 579 προτροπὴ
3360 506 3423 571 ἦν
3465 503 3553 558 ἀπὶ
3602 506 3665 558 τὸ

2032 588 2120 645 διὰ
2167 589 2425 647 πλείστου
2477 593 2677 655 τιθέναι
2753 594 2851 660 τὴν
2928 593 3268 666 ἀνεχώρησιν
3336 594 3399 647 τό
3454 612 3513 646 τε
3569 597 3667 647 τοῦ

2031 680 2349 753 πράγματος
2405 680 2566 751 ἄηθες
2622 682 2709 736 καὶ
2764 684 2797 751 ἡ
2846 688 2942 750 τῆς
2992 682 3215 757 εἰρήνης
3275 683 3529 752 συνήθεια
3576 682 3667 735 καὶ

2032 770 2092 823 τὸ
2129 771 2203 839 μὴ
2237 768 2287 839 ἐξ
2332 769 2552 842 ἑτοίμου
2586 767 2730 839 δόξαι
2787 770 3312 845 ἀποπροσποιεῖσοαι
3370 770 3464 824 τὸν
3519 774 3669 845 πρῶ-

2033 877 2123 911 τον
2157 856 2245 911 καὶ
2306 863 2483 927 ζητεῖν
2543 856 2744 931 ἕτερον,
2805 859 2909 932 πρὸ
2968 856 3024 913 δὲ
3079 859 3285 914 τούτων
3337 860 3585 913 ἀπάντων
3637 861 3672 926 ἡ

2034 944 2129 1000 τοῦ
2164 944 2431 1019 βασιλέως
2473 947 2817 1021 παράκλησις
2847 948 3102 1023 Μιχαὴλ,
3136 948 3382 1022 λιπαρῶς
3434 946 3674 1007 δεδιότος

2042 1036 2117 1106 μὴ
2153 1034 2232 1111 ἐφ’
2263 1035 2410 1105 αὑτῷ
2438 1036 2503 1090 τὰ
2546 1043 2643 1103 τῆς
2705 1036 3104 1110 ἀναχωρήσεως
3160 1037 3371 1111 γένοιτο
3422 1033 3584 1090 αἶ’τια·
3616 1036 3679 1089 τὸ

2038 1123 2136 1197 γὰρ
2185 1121 2426 1185 συνειδὸς
2486 1124 2711 1198 ἀρρεπὲς
2756 1126 3038 1200 κριτήριον
3080 1124 3144 1192 ἦν
3203 1125 3293 1179 καὶ
3351 1125 3413 1178 τὸ
3472 1121 3676 1177 λυποῦν

2042 1211 2140 1265 ὁύκ
2170 1211 2374 1283 ἠγνόει,
2408 1210 2503 1265 κᾶν
2555 1212 2761 1273 ἐκεῖνος
2818 1213 2918 1267 οὐκ
2964 1209 3121 1287 ἔλεγε
3172 1218 3437 1291 φανερῶς,
3499 1210 3681 1280 λυπην

2047 1302 2221 1372 μόνην
2304 1302 2488 1375 κωρήν
2554 1302 2643 1355 καὶ
2717 1304 3117 1377 καταφρόνησιν
3191 1298 3680 1377 προϐαλλόμενος.

2046 1390 2250 1445 Ἑκεῖσε
2278 1394 2403 1464 γοῦν
2431 1395 2536 1445 τῶν
2570 1390 2915 1460 ὁπουδήποτε
2975 1393 3351 1466 συναχθέντων
3412 1393 3685 1466 ἱεραργῶν

2050 1479 2271 1547 ζήτησις
2305 1481 2369 1547 ἦν
2413 1480 2537 1554 περὶ
2594 1480 2799 1535 τούτων
2881 1482 2970 1534 καὶ
3051 1482 3255 1553 σκέψις.
3344 1480 3441 1534 Καὶ
3522 1479 3683 1541 τέλος

2046 1569 2322 1640 πέμπουσι
2352 1569 2475 1631 τοὺς
2508 1571 2630 1645 περὶ
2681 1572 2771 1624 τὸν
2819 1570 3145 1644 Ἡρακλείας
3201 1572 3440 1641 Νικήταν
3498 1568 3681 1645 (ἔτυγε

2046 1658 2143 1731 γὰρ
2170 1659 2291 1713 τότε
2321 1660 2407 1714 καὶ
2467 1662 2815 1734 πατριάρχης
2868 1664 2933 1732 τῇ
2995 1662 3138 1732 μονῇ
3192 1664 3288 1713 τοῦ
3347 1657 3498 1734 ἁγίου
3558 1669 3685 1714 Διο-

1251 1746 1326 1817 μὴ
1408 1747 1635 1818 μάταιον
1702 1748 2017 1843 νομισθῆΒ
2051 1744 2257 1819 μήδους
2313 1749 2679 1821 προσμένων)
2738 1747 3097 1821 ἀγγελοῦντας
3159 1748 3253 1820 μὲν
3330 1749 3467 1822 πρὸς
3526 1747 3688 1801 αὐτὸν

297 1839 360 1892 τὸ
390 1836 728 1911 ἐγχείρημα.
778 1838 878 1891 Ἦν
934 1832 990 1889 δὲ
1044 1833 1146 1907 ἄρα
1176 1835 1262 1890 καὶ
1321 1836 1650 1912 ἀμφοτέροις
1706 1835 1942 1905 ἀνήνυτα

2052 1832 2141 1887 καὶ
2170 1833 2235 1888 τὰ
2283 1832 2387 1887 ἀπὸ
2436 1836 2533 1897 τῆς
2581 1831 2806 1887 συνόδου
2840 1832 3323 1906 μετακαλουμένης
3381 1834 3543 1890 αὐτὸν
3600 1836 3691 1889 καὶ

304 1926 372 1980 τᾶ
417 1924 785 2000 πραττόμενα,
832 1928 949 1985 τοῖς
978 1924 1026 1978 τ’
1058 1922 1436 1978 ἐπιστέλλουσι
1469 1926 1551 1996 [Ρ.
1581 1927 1673 1995 73]
1727 1924 1815 1979 καὶ
1866 1928 1945 1994 τῷ
2060 1920 2278 1994 βαρεῖαν
2305 1918 2569 1990 δοκούσης
2604 1922 2851 1994 ἡγεῖσθαι
2909 1924 3009 1989 τήν
3061 1921 3432 1995 ἀναχώρησιν,
3466 1923 3691 1997 ἑτοίμου

308 2017 665 2088 ἡσυχάζοντι,
700 2012 922 2083 δοκήσει
971 2016 1077 2068 τῶν
1116 2014 1208 2085 μὲν
1241 2017 1336 2068 τοῦ
1385 2014 1461 2085 μὴ
1507 2010 1652 2087 ἔχειν
1700 2013 1945 2081 ἀποσπᾷν

316 2102 507 2157 ἐκεῖθεν
539 2100 766 2172 ἰκεῖνον,
799 2098 894 2158 κᾶν
942 2102 970 2154 ὅ
997 2122 1048 2154 τι
1082 2098 1310 2173 λέγοιεν,
1344 2104 1440 2156 τοῦ
1489 2098 1545 2155 δὲ
1589 2105 1684 2156 τοῦ
1736 2103 1812 2173 μή
1864 2101 1950 2155 ἐπὶ

320 2191 504 2267 ῥητοῖς
539 2192 687 2260 ἱστᾷν
719 2191 787 2245 τὰ
834 2196 933 2259 τῆς
972 2189 1375 2263 ἀναχωρήσεως
1424 2188 1592 2259 αἶ’τια,
1624 2188 1702 2265 ἐφ’
1734 2191 1778 2260 ᾧ
1810 2188 1952 2244 πολ-

2057 2008 2101 2059 τ’
2126 2004 2289 2077 οὔσης
2316 2009 2451 2082 πρὸς
2480 2009 2541 2064 τὸ
2575 2014 2764 2081 μαθεῖν
2813 2006 3058 2071 εἰπόντος
3110 2010 3175 2066 τὰ
3221 2006 3389 2078 αἴτια,
3438 2009 3584 2077 πλὴν
3644 2008 3700 2065 δὶ

2060 2096 2149 2150 καὶ
2195 2095 2556 2159 ὀνειδιοῦντας
2616 2097 2689 2159 ὠς
2748 2098 2811 2152 οὗ
2872 2094 3099 2159 δεόντως
3134 2095 3496 2173 διαπρέξοιτο,
3553 2098 3700 2154 ἀλλὰ

2066 2188 2449 2260 συναρπασθεὶς
2510 2186 2641 2251 ἴσως
2697 2187 2747 2257 ἐξ
2789 2185 2988 2257 ὀδύνης
3034 2188 3097 2244 τὸ
3150 2190 3223 2259 μὴ
3278 2187 3413 2241 κατά
3438 2188 3501 2244 τὸ
3560 2189 3702 2249 εἰκὸς

2067 2276 2462 2344 ποιήσειεν,ἢν
2511 2272 2616 2331 ἔδει
2674 2276 2982 2331 συναχθεῖσι
3045 2274 3246 2346 δηλοῦν
3306 2275 3394 2330 καὶ
3454 2274 3705 2349 διορθοῦν

2070 2365 2247 2435 ἀξιοῦν
2281 2366 2624 2441 πατριάρχην
2649 2366 2772 2421 ὅντα
2815 2366 2902 2420 καὶ
2934 2366 3059 2427 τοὺς
3107 2372 3212 2420 τῶν
3250 2366 3501 2440 Πατέρων
3549 2366 3711 2421 κανό-

2072 2478 2162 2517 νας
2193 2454 2279 2510 διά
2309 2456 2567 2511 πλείστου
2594 2456 2891 2528 τιθέμενον.
2925 2458 3037 2513 Ποῦ
3067 2457 3169 2531 γὰρ
3198 2458 3260 2511 τὸ
3292 2456 3570 2531 ἑλέ-(χειν,
3602 2461 3708 2511 ποῦ

317 2280 476 2344 λάκις
502 2280 591 2333 καὶ
623 2277 877 2353 θεραπεία
917 2276 1149 2353 γίνοιτο.
1195 2273 1540 2351 Τριϐομένου
1594 2275 1649 2332 δέ
1701 2282 1796 2333 τοῦ
1834 2298 1956 2333 και-

328 2372 424 2440 ροῦ
455 2369 637 2443 φθάνει
666 2369 752 2423 καὶ
797 2364 847 2429 ἐς
890 2366 1116 2441 βασιλέα
1162 2368 1223 2422 τὸ
1274 2364 1475 2441 δρᾶμα,
1526 2366 1613 2422 καὶ
1668 2367 1802 2442 βαρὺ
1861 2367 1960 2423 αύ-

328 2455 450 2510 τίκα
481 2454 629 2511 δοκεῖ
666 2456 933 2511 ἀκουσθέν.
990 2454 1089 2512 Καὶ
1136 2457 1193 2517 ’ὸς
1236 2461 1351 2518 τοῖς
1380 2455 1513 2531 ἀμφ’
1572 2454 1728 2509 αὐτὸν
1773 2456 1961 2529 ἀρχιε-

336 2670 455 2727 lam
486 2671 733 2741 quietem
766 2673 1089 2741 opportune
1121 2668 1322 2737 situm,
1359 2668 1495 2722 hinc
1530 2669 1766 2739 quidem
1824 2669 1973 2724 mari

338 2763 706 2832 praetentum,
730 2758 889 2814 illinc
920 2758 1179 2813 Dracone
1212 2757 1473 2827 ﬂumine,
1501 2758 1568 2812 ad
1595 2757 1763 2826 cujus
1785 2757 1971 2829 ripam

340 2852 736 2904 constructum
759 2851 918 2915 erat;
952 2846 1147 2917 ibique
1170 2847 1225 2901 in
1248 2846 1432 2901 altum
1464 2862 1525 2902 se
1557 2846 1741 2902 otium
1775 2847 1977 2901 condi-

2083 2669 2307 2725 dierum
2343 2668 2565 2742 aliquot
2595 2670 2781 2743 spatio
2808 2671 3228 2745 desperatoque
3256 2688 3545 2744 regressu,
3579 2687 3713 2746 per-

2084 2758 2268 2812 fertur
2292 2759 2360 2813 ad
2382 2758 2795 2829 imperatorem
2827 2758 2907 2815 rei
2938 2760 3113 2829 fama,
3139 2777 3263 2831 quae
3296 2761 3486 2833 gravis
3508 2761 3558 2819 ei
3586 2777 3717 2835 per-

2086 2845 2446 2917 molestaque
2492 2862 2632 2903 sane
2681 2846 2913 2905 accidit.
2946 2847 3148 2920 Itaque
3195 2849 3245 2907 is
3295 2850 3720 2907 communicato

338 2938 445 3006 dit,
478 2935 702 2991 nullam
736 2936 1011 3005 deinceps
1042 2952 1337 3006 usurpans
1358 2951 1427 2990 ex
1448 2934 1697 3007 propriis
1728 2935 1975 3006 patriar-
2088 2935 2242 3005 quod
2276 2933 2538 2990 audierat
2563 2934 2853 3007 episcopis
2884 2935 2983 3007 qui
3017 2936 3161 2993 forte
3192 2938 3525 3010 adfuerunt,
3568 2956 3724 3008 qua:-

335 3026 452 3081 chae
513 3024 943 3089 (unctionibus,
983 3025 1083 3078 sed
1130 3024 1355 3078 cunctis
1416 3023 1678 3089 omissis,
1718 3023 1828 3078 sibi
1877 3023 1977 3077 uni
2089 3023 2251 3078 rebat
2272 3024 2341 3078 ab
2364 3023 2511 3094 ipsis
2536 3023 2672 3094 quid
2699 3023 3027 3079 faciendum
3062 3024 3161 3081 tali
3193 3026 3497 3082 occasione
3527 3042 3727 3082 cense-

340 3116 569 3185 Deoque
592 3111 1029 3183 colloquens.At
1045 3112 1235 3167 clerus
1257 3110 1595 3181 Nicaeensis,
1618 3116 1674 3166 et
1694 3114 1979 3184 quotquot
2010 3153 2052 3219 Ο
2091 3115 2238 3166 rent.
2263 3112 2539 3183 Perplexa
2570 3128 2768 3168 eorum
2803 3116 2986 3169 oratio
3017 3113 3146 3187 fuit,
3182 3115 3434 3188 primum
3480 3131 3723 3187 exagge-

338 3202 596 3273 episcopi
627 3201 686 3255 in
719 3216 787 3257 ea
816 3202 958 3256 urbe
1006 3202 1133 3255 tum
1184 3200 1343 3271 regia
1395 3200 1763 3271 negotiorum
1804 3216 1979 3256 causa
2011 3200 2052 3219 υ
2094 3200 2347 3254 ranlium
2380 3206 2742 3255 momentum
2774 3200 3205 3258 inusitatissimi
3238 3203 3727 3273 iacti,secessisse

343 3291 814 3357 diversabantur,
840 3289 1005 3355 moti,
1028 3292 1092 3343 ut
1114 3292 1375 3359 parerat,
1401 3291 1521 3343 tam
1553 3288 1785 3345 insueto
1819 3289 1987 3359 facto,

349 3379 712 3450 scripserunt
743 3378 813 3432 ad
846 3377 1012 3433 illum
1047 3377 1342 3448 supplices
1385 3377 1630 3448 litteras,
1664 3382 1895 3433 orantes
1927 3383 1993 3434 ut

355 3467 584 3533 rediret,
608 3471 665 3522 et
694 3474 1073 3537 suggerentes
1098 3466 1215 3520 fore
1238 3470 1303 3520 ut
1324 3466 1642 3537 imperator
1666 3484 1724 3522 re
1750 3465 1851 3522 tali
1889 3483 1994 3523 au-

360 3554 477 3609 dita
504 3555 890 3610 offenderetur
921 3572 934 3610 :
968 3555 1121 3624 quod
1176 3554 1225 3609 si
1271 3555 1408 3625 quid
1456 3555 1567 3626 ipsi
1616 3571 1814 3611 eorum
1868 3573 1993 3627 qua:

358 3644 572 3699 ﬁebant
599 3644 1206 3716 displiceret,zequum
1232 3644 1411 3699 fuisse
1443 3644 1610 3700 illum
1645 3645 1995 3701 insidentem

358 3732 563 3788 throno
587 3731 1096 3803 suo,patriarchali
1114 3732 1457 3787 auctoritate
1478 3749 1777 3806 perperam
1804 3738 1996 3789 actum

360 3821 803 3891 reprehendere,
837 3825 894 3875 et
925 3820 973 3875 si
1005 3821 1101 3875 cui
1136 3838 1236 3891 per
1265 3837 1325 3875 se
1356 3820 1572 3874 mederi
1622 3838 1734 3876 non
1781 3826 1998 3891 posset,

365 3911 439 3965 ad
472 3910 886 3981 imperatorem
941 3909 1152 3963 referre
1186 3926 1197 3962 :
1235 3908 1374 3979 quin
1408 3907 1533 3981 ipso
1564 3909 1621 3963 in
1654 3910 2004 3981 imperatore

366 3998 415 4053 si
436 4003 591 4054 esset
616 3999 770 4069 quod
803 4001 1189 4066 succenseret,
1215 4000 1476 4053 moneret
1498 3997 1710 4067 ipsum,
1734 3998 2006 4069 objurga-

370 4089 459 4141 ret
489 4086 663 4142 etiam
697 4103 799 4158 pro
830 4089 1116 4157 potestate
1149 4086 1429 4141 divinitus
1480 4091 1736 4157 accepta,
1769 4086 2005 4141 hortan-

365 4176 558 4245 doque
608 4191 674 4230 ac
724 4174 978 4246 rogando
1036 4178 1349 4241 revocaret,
1400 4175 1795 4247 cooperaturis
1839 4175 1896 4230 in
1950 4176 2007 4231 id

370 4265 569 4335 ipsum
620 4281 724 4335 pro
755 4263 909 4318 virili
962 4263 1180 4318 cmteris
1230 4262 1535 4335 episcopis.
1570 4264 1847 4320 Secedere
1876 4280 2009 4319 vero

373 4369 492 4409 non
524 4351 791 4424 allegatis
814 4352 1041 4407 idoneis
1066 4354 1239 4407 tanta:
1256 4352 1531 4407 novitatis
1556 4354 1769 4421 causis,
1793 4354 2015 4408 videret

367 4441 545 4496 etiam
592 4446 766 4511 atque
812 4441 988 4496 etiam
1017 4456 1087 4495 ne
1115 4456 1319 4511 parum
1368 4457 1574 4496 sanum
1606 4441 1788 4499 videri
1821 4440 2014 4497 consi-

373 4528 518 4585 lium
549 4510 763 4601 posset.
790 4529 920 4584 Haec
946 4533 1001 4584 et
1022 4510 1149 4600 ejus
1192 4529 1494 4585 sententize
1530 4528 1643 4585 alia
1674 4531 1858 4587 missa
1889 4547 2016 4602 per-
2048 4510 2093 4577 Ῑ)

374 4618 604 4689 lataque
634 4620 792 4685 sunt,
825 4618 1023 4674 labore
1066 4619 1236 4687 juxta
1274 4618 1667 4674 scribentibus
1714 4624 1771 4674 et
1819 4621 1867 4674 ei
1918 4616 2017 4674 cui

374 4706 710 4762 consultum
758 4706 922 4762 ibant
970 4723 1210 4778 prorsus
1267 4706 1480 4762 inutili.
1514 4707 1649 4761 Nam
1697 4724 1800 4763 nec
1848 4708 2016 4764 illum

377 4796 786 4851 abstraxerunt
811 4812 843 4849 a
863 4795 987 4851 suis
1012 4795 1276 4867 latebris,
1298 4810 1404 4849 nec
1435 4794 1641 4850 saltem
1676 4812 1839 4868 spem
1872 4796 2015 4863 ipsis

380 4882 743 4955 relinquebat
761 4883 1098 4955 proficiendi
1118 4884 1435 4954 quidquam
1468 4882 1526 4937 in
1559 4888 1855 4955 posterum
1883 4885 2019 4941 taci-

381 4974 634 5028 turnitas
683 4972 1047 5043 patriarchas,
1081 4972 1385 5027 obfirmate
1433 4972 1748 5042 perstanlis
1796 4974 1852 5027 in
1900 4990 2014 5028 non

378 5061 673 5132 prodendo
697 5078 842 5133 quas
866 5061 938 5117 ob
962 5077 1169 5117 causas
1191 5058 1563 5127 secessisset;
1588 5076 1713 5131 quae
1736 5061 1784 5115 si
1808 5076 2015 5133 cogno-

377 5154 704 5219 scerentur,
757 5150 911 5205 118
969 5153 1033 5205 ut
1089 5148 1431 5222 plerumque
1489 5148 1773 5221 contingit
1826 5150 2014 5205 curari

377 5238 757 5309 :egritudines
778 5255 1024 5310 quarum
1058 5238 1218 5309 origo
1251 5254 1365 5293 non
1392 5236 1552 5302 latet,
1576 5236 1711 5292 iniri
1735 5238 2017 5294 nonnulla

380 5328 626 5383 fortasse
656 5328 945 5398 potuisset
965 5326 1129 5383 utilis
1152 5326 1298 5381 ratio
1318 5325 1577 5381 remedii.
1601 5326 1686 5381 Nu
1698 5343 1765 5381 nc
1786 5326 1846 5380 in
1869 5342 2017 5385 caeca

382 5415 748 5486 ignoratione
797 5432 1141 5471 arcanorum
1174 5414 1331 5470 senis
1358 5429 1661 5485 sensuum,
1695 5414 2016 5486 quamlibet

381 5503 569 5559 multa
598 5504 878 5575 dicerent,
907 5505 1082 5560 verba
1107 5504 1166 5557 in
1198 5502 1427 5558 irritum
1453 5504 1763 5573 jactarent,
1798 5504 1879 5558 uti
1914 5504 2013 5575 qui

375 5591 716 5663 jaculantur
737 5609 911 5665 scopo
934 5610 1046 5650 non
1068 5592 1578 5665 viso.Consumpto
1601 5592 1657 5647 in
1681 5592 1773 5648 his
1796 5593 2012 5649 frustra

2096 3288 2165 3342 de
2196 3287 2386 3342 medio
2418 3291 2655 3358 repente
2686 3288 3007 3362 principem
3040 3308 3340 3347 sacrorum
3374 3292 3535 3347 nulla
3594 3296 3731 3348 nota

2098 3392 2296 3446 causa,
2322 3375 2376 3430 in
2406 3376 2577 3446 plena
2606 3394 2739 3432 cum
2772 3377 3037 3435 Ecelesizs
3060 3384 3183 3435 tum
3217 3379 3543 3453 reipublicae
3568 3398 3730 3453 pace,

2098 3469 2223 3517 tum
2244 3464 2582 3520 addentium
2614 3466 2773 3522 haud
2808 3466 2865 3523 in
2900 3472 3171 3539 promptu
3186 3485 3313 3525 esse
3330 3468 3611 3526 rationem
3633 3474 3735 3525 aut

2099 3552 2223 3607 loco
2256 3553 2523 3608 movendi
2555 3554 2810 3624 primum
2846 3556 3191 3625 antistitem,
3225 3562 3326 3614 aut
3356 3558 3535 3615 alium
3577 3575 3735 3631 quae-

2103 3640 2268 3695 rendi
2292 3640 2391 3710 qui
2416 3640 2465 3694 ei
2490 3640 2873 3698 sufficeretur.
2898 3644 3005 3699 Sed
3036 3662 3150 3717 prae
3172 3644 3265 3702 his
3283 3648 3557 3703 omnibus
3571 3664 3739 3721 auge-

2104 3729 2203 3783 bat
2234 3733 2437 3783 metum
2466 3745 2662 3785 eorum
2690 3730 2788 3801 qui
2814 3732 3270 3789 consulebantur
3291 3736 3359 3790 de
3384 3752 3442 3790 re
3465 3735 3585 3803 tali,
3612 3738 3739 3807 ejus

2107 3817 2202 3887 qui
2229 3816 2568 3872 consulebat
2588 3817 2854 3873 eminens
2875 3836 2941 3873 ex
2961 3820 3119 3875 vultu
3144 3826 3200 3875 et
3222 3823 3437 3877 frustra
3459 3824 3740 3879 dissimu-

2108 3906 2225 3961 lata
2253 3907 2631 3976 perturbatio.
2660 3908 2785 3979 ipse
2817 3907 3032 3980 quippe
3064 3908 3306 3965 Michael
3335 3912 3471 3967 dum
3503 3913 3745 3985 rogabat

2110 3995 2249 4066 quid
2274 4010 2418 4065 opus
2442 3995 2781 4063 facto,male
2806 3998 3099 4052 metuebat
3120 4014 3190 4053 ne
3212 3999 3439 4056 audiret
3460 4002 3613 4072 quod
3638 4019 3746 4059 sua

2111 4084 2303 4152 (cujus
2324 4082 2738 4137 estinfloxibile
2770 4084 2829 4139 in
2861 4086 3750 4161 gratiamjudicium)intusipsi

2114 4170 2498 4242 exprobrabat
2529 4172 2910 4241 conscientia,
2934 4189 3172 4230 causam
3206 4175 3484 4232 nimirum
3517 4178 3749 4235 dedisse

2115 4260 2308 4330 ipsum
2342 4261 2646 4315 secedendi
2679 4262 3040 4334 patriarchae,
3062 4264 3440 4333 quantumvis
3462 4264 3560 4322 ille
3582 4265 3637 4321 id
3664 4268 3750 4323 fa-

2116 4348 2222 4403 teri
2256 4353 2570 4416 recusaret,
2594 4350 2694 4405 sed
2729 4355 2956 4407 mutum
2990 4350 3246 4409 dolorem
3283 4353 3522 4410 obtentu
3556 4355 3750 4412 nescio

2120 4438 2308 4506 cujus,
2357 4438 2426 4491 de
2475 4454 2588 4509 quo
2644 4437 2766 4493 solo
2824 4439 3195 4511 querebatur,
3229 4441 3322 4496 sui
3381 4446 3751 4516 contemptus

2125 4525 2749 4583 occultaret.Continuo
2772 4543 2906 4600 ergo
2928 4528 3332 4601 episcoporum
3365 4532 3757 4606 undecunque

2130 4614 2478 4685 conquisitio
2510 4616 2592 4669 fit.
2628 4615 2887 4671 Evocatis
2918 4616 3254 4673 deliberatio
3286 4618 3566 4677 indicitur
3596 4623 3666 4679 de
3697 4638 3758 4681 re

2128 4703 2417 4774 praesenti.
2460 4704 2808 4760 Convenitur
2842 4704 2902 4759 in
2948 4705 3006 4760 id
3037 4708 3271 4764 tandem
3296 4707 3605 4768 utNicetas
3634 4711 3756 4784 epi-

2128 4807 2337 4863 seopus
2362 4790 2643 4847 Heracleae
2667 4790 2994 4848 mitteretur
3017 4794 3085 4848 ad
3109 4796 3497 4867 patriarcham
3520 4798 3680 4871 (nam
3703 4798 3755 4859 is

2126 4880 2265 4933 tunc
2288 4876 2566 4933 diversari
2590 4878 2890 4936 dicebatur
2911 4880 2969 4935 in
2988 4883 3341 4939 monasterio
3363 4886 3415 4941 S.
3436 4884 3755 4959 Diomedis)

2126 4967 2455 5040 perlaturus
2480 4968 2548 5023 ad
2573 4968 2766 5043 ipsum
2784 4971 2954 5043 jussa
2970 4972 3173 5044 synodi
3197 4974 3518 5033 revocantis
3536 4976 3754 5050 ipsum,

2126 5062 2183 5113 et
2215 5054 2442 5129 publice
2475 5059 2704 5116 noxiam
2757 5060 3343 5135 intempestivamque
3381 5065 3646 5136 judicare
3695 5083 3758 5123 sc

2124 5148 2311 5219 ipsius
2335 5148 2723 5206 secessionem
2748 5148 3305 5223 declarantis,seque
3329 5157 3584 5223 paratam
3603 5153 3761 5211 exhi-

2124 5237 2316 5295 bentis
2348 5242 2416 5295 ad
2452 5238 2771 5296 audiendas
2803 5253 2871 5292 ex
2894 5237 3019 5311 ipso
3044 5256 3250 5295 causas
3290 5242 3444 5295 114
3475 5242 3602 5313 ejus
3632 5242 3759 5300 ino-

2124 5328 2477 5398 pinatissimi
2537 5344 2639 5385 nec
2688 5328 3007 5400 probabilis
3060 5330 3229 5397 facti;
3279 5328 3514 5387 interim
3563 5336 3757 5391 autem

2124 5418 2590 5490 reprehensurus
2618 5418 2771 5490 quod
2806 5434 3106 5489 perperam
3147 5417 3361 5490 egisset
3392 5419 3488 5476 ille
3519 5421 3757 5493 quidem

2126 5504 2269 5560 forte
2318 5506 2376 5561 in
2431 5510 2825 5561 transversum
2884 5508 3047 5559 actus
3105 5504 3447 5575 aegritudine
3502 5512 3756 5581 quadam

2125 5593 2301 5650 animi
2330 5613 2340 5650 :
2368 5598 2636 5651 caeterum
2668 5592 2851 5663 illam,
2882 5591 3305 5663 qualiscunque
3326 5595 3557 5653 demum
3582 5604 3757 5674 esset,
