4182 6286
446 338 546 392 551

1742 337 2043 394 GEORGII
2082 337 2543 394 PACHYMERE

3730 346 3836 400 552

446 461 507 513 τὸ
538 458 888 534 παρακαλεῖν,
914 463 1019 513 ποῦ
1050 460 1110 513 τὸ
1142 460 1415 531 ἐπιτιμᾷν,
1448 458 1492 513 εἰ
1522 460 1610 513 καὶ
1641 459 1834 514 τούτου
1874 456 2081 527 δεήσειε
2110 462 2163 527 Α
2194 461 2536 514 συνετάττετο
2593 465 2690 515 τοῦ
2748 462 3070 536 Ἡρακλείας
3123 464 3570 538 ὑπαγορεύοντος,
3601 465 3664 519 τὸ
3712 467 3838 521 ἀνά-

443 547 577 610 τέως
607 546 665 602 δὲ
693 548 782 602 καὶ
814 549 888 611 ὡς
919 549 1125 611 θέλοιεν
1158 546 1324 602 πάλιν
1362 550 1549 622 μαθεῖν
1569 549 1661 611 τάς
1690 548 1860 609 αἰτίας
1893 549 1965 609 ὡς
1997 548 2086 600 καὶ

448 637 779 713 θεραπεύειν,
814 638 857 692 εἰ
900 636 1139 708 δύναιτο,
1168 636 1400 711 ἕτοιμοι.
1448 639 1552 694 Καὶ
1601 643 1765 693 ταῦτα
1799 640 1892 711 μὲν
1953 638 2087 705 ἦσαν

446 729 579 801 πρὸς
613 729 836 783 ἐκεῖνον·
884 730 1247 804 προστέτακτο
1304 728 1361 783 δὲ
1417 736 1534 792 τοῖς
1578 728 1977 804 ἀπαγγελοῦσιν
2011 728 2083 789 ὡς

446 816 492 870 εἰ
528 818 621 888 μὲν
655 815 947 891 πραύνοιτο
988 817 1077 871 καὶ
1135 816 1420 889 ἐπανήξτιν
1455 818 1774 892 ὑπόσχοιτο,
1808 816 1851 870 εἷ
1879 815 1925 870 δ’
1971 817 2081 884 οὖν,

448 903 572 958 ἀλλ’
630 904 823 967 αὐτοὺς
885 905 1197 979 ἀναγκάζειν
1257 903 1399 960 δυοῖν
1450 908 1667 981 θάτερον
1724 905 1991 971 ἐκτελεῖν,
2049 904 2082 971 ἢ

446 991 761 1046 ἐπανελθεῖν
792 992 957 1047 πάλιν
986 996 1074 1047 καὶ
1114 993 1178 1047 τά
1232 1000 1333 1062 τῆς
1391 992 1712 1063 Ἐκκλησίας
1771 989 2082 1060 ἀναλαϐεῖν,

446 1080 480 1148 ἢ
516 1083 623 1152 μὴν
684 1082 727 1136 εἰ
764 1083 838 1154 μή
895 1080 1176 1156 βούλοιτο,
1228 1080 1435 1135 διδόναι
1493 1077 1753 1137 λίϐελλον
1811 1084 2082 1157 παραιτή-

446 1189 601 1233 σεως·
641 1169 781 1243 μηδὲ
806 1174 907 1247 γὰρ
939 1173 1103 1226 καλὸν
1140 1174 1274 1225 εἶναι
1318 1173 1415 1239 τὴν
1450 1170 1773 1240 Ἐκκλησίαν
1806 1173 2084 1244 ἀποίμαν-

444 1280 559 1315 τον.
585 1259 793 1321 Ταύτας
827 1260 876 1314 οἱ
908 1260 1047 1336 ἀμφὶ
1104 1262 1344 1330 Νικήταν
1394 1258 1672 1332 δεξάμενοι
1722 1263 1814 1321 τὰς
1867 1261 2081 1315 ἐπιστο-

447 1347 544 1409 λάς
575 1349 663 1403 ἐπὶ
693 1351 920 1412 Νικαίας
954 1350 1222 1424 ἐχώρουν,
1275 1348 1483 1423 σπουδῇ
1538 1352 1602 1404 τά
1648 1352 2082 1426 προστεταγμένα

446 1437 866 1502 έπιτελέσοντες.
918 1442 1004 1501 Ὠς
1057 1438 1103 1493 δ’
1156 1437 1454 1512 ἐξελθόντες
1516 1440 1808 1512 ἐπέστησαν
1845 1446 1913 1514 τῇ
1964 1441 2015 1495 ἐν

444 1530 672 1601 κατῴκει
734 1534 907 1603 μογῇ,
954 1530 1343 1604 προσελθόντες
1394 1536 1473 1601 τῷ
1530 1533 1843 1606 πατριάρχῃ
1902 1530 2079 1592 καθὼς

451 1619 604 1693 εἶχον
631 1627 730 1688 τῆς
772 1620 875 1675 ἀπὸ
906 1622 1005 1687 τῆτ
1064 1618 1289 1674 συνόδου
1347 1619 1640 1683 κελεύσεως
1697 1620 1902 1697 ἔλεγον.
1936 1622 1995 1676 Ὀ
2028 1618 2085 1674 δὲ

443 1709 533 1761 τὸν
570 1709 663 1780 μὲν
695 1715 796 1777 τῆς
856 1709 1033 1770 αὶτίας
1081 1709 1265 1782 καιρὸν
1313 1708 1494 1771 αὐτοῖς
1552 1711 1943 1784 παρῳχηκέναι
1977 1712 2083 1783 φή-

2196 548 2304 616 ξιον
2355 550 2641 621 προστεθὲν
2700 557 2800 619 τῆς
2855 551 3154 625 ἱερωσύνης
3188 554 3261 613 εἷς
3300 553 3362 607 τὸ
3409 560 3509 622 τῆς
3565 557 3838 627 παραιτή-

2193 657 2327 699 σεως
2380 635 2603 711 εὔλογον
2663 638 2908 713 ἠγρίαινέ
2961 661 3017 694 τε
3088 640 3180 694 τὸν
3240 637 3425 714 ἄνδρα,
3475 641 3562 695 καὶ
3618 642 3834 716 ταραχή

2192 727 2280 793 ἦν.
2316 728 2412 783 Καὶ
2441 752 2468 777 ι(
2502 728 2567 785 Τί
2597 726 2643 782 δ’
2670 730 2770 783 οὐκ
2801 730 3149 803 ἀρκούμενοι,
3183 754 3209 781 ››
3243 729 3415 805 ἔλεγε,
3456 754 3481 782 α
3511 735 3578 803 τῇ
3626 731 3683 785 ἐκ
3741 730 3833 785 λό-

2191 836 2302 889 γων
2335 818 2369 885 ἢ
2407 816 2513 887 μὴν
2546 816 2635 869 καὶ
2674 817 2915 891 πράξεως
2966 820 3308 892 παραιτήσει,
3339 821 3428 872 καί
3486 818 3685 880 αἰτίαις
3733 819 3834 872 οὐκ

2193 905 2420 978 ἀγαθαῖς
2475 904 2805 978 συμπλέκειν
2857 909 3003 979 ἡμᾶς
3038 906 3329 982 βούλεσθες
3360 906 3600 970 Ἑκόντες
3630 907 3831 976 ἐξιστάο

2194 996 2327 1064 μεθα
2377 999 2482 1048 τῶν
2542 996 2901 1069 πραγμάτων,
2936 994 3088 1050 οὐδὲν
3137 999 3271 1068 ἡμῖν
3327 996 3493 1068 μέλον
3541 997 3634 1052 κᾶν
3694 998 3725 1051 δ
3780 1018 3832 1051 τι

2188 1084 2425 1157 γένηται.
2488 1108 2513 1134 ››
2567 1084 2724 1141 Οὕτω
2802 1085 2974 1140 τοίνυν
3037 1087 3498 1159 ἀποκρουσθέντες
3559 1082 3834 1162 ἐμϐριθῶς

2189 1172 2675 1244 ἀποπεμπομένου,
2713 1171 2801 1227 ’διά
2855 1172 3066 1247 ταχέων
3122 1175 3184 1228 τὸ
3246 1174 3440 1246 μεταξὺ
3491 1172 3832 1234 διανύσαντες

2187 1262 2324 1335 πρὸς
2374 1262 2465 1315 τὸν
2522 1265 2821 1335 κρατοῦντα
2874 1262 2964 1315 καὶ
3018 1264 3118 1330 τήν
3160 1260 3382 1316 σύνοδον
3416 1264 3713 1333 ἀπαντῶσι,
3743 1262 3832 1317 καὶ

2188 1348 2597 1423 ἀπαγγέλλουσι
2655 1350 2749 1421 μὶν
2796 1350 2863 1404 τά
2915 1355 2994 1421 τῷ
3049 1350 3364 1426 πατριάρχῃ
3412 1349 3696 1426 λεχθέντα,
3745 1354 3832 1406 τέ-

2189 1436 2288 1500 λος
2343 1436 2399 1492 δὲ
2458 1440 2546 1493 καὶ
2602 1440 2670 1493 τά
2719 1446 2820 1508 τῆς
2880 1441 3283 1515 παρενείροντες
3343 1441 3667 1511 ἀμετάθετον
3734 1442 3829 1507 τήν

2188 1526 2391 1582 ἐκείνου
2449 1528 2674 1602 γνώμην
2736 1524 3118 1583 διεϐεϐαίουνο
3177 1527 3559 1601 ἀπολήψεσθαι
3629 1527 3684 1583 δέ
3741 1529 3827 1584 καὶ

2187 1617 2283 1683 τήν
2349 1622 2535 1691 πεῖραν
2588 1613 3007 1694 ἀσφαλεστέραν,
3060 1616 3112 1671 εἷ’
3161 1638 3321 1671 τινων
3379 1615 3676 1671 σταλέντων
3725 1619 3824 1685 τήν

2192 1705 2486 1781 βακτηρίαν
2568 1706 2655 1759 καὶ
2738 1707 2800 1759 τὸ
2860 1703 3258 1778 λαμπαδοῦχον
3322 1701 3611 1760 ἀναλαϐεῖν
3669 1707 3827 1765 αὐτὸς

446 1817 564 1866 σας,
608 1798 832 1870 πρέπειν
891 1800 973 1870 [Ρ.
1025 1800 1115 1870 74]
1174 1795 1230 1851 δῖε
1261 1801 1388 1871 σιγῇ
1444 1802 1552 1852 τῶν
1605 1798 1937 1872 πραγμάτων
1972 1798 2076 1869 ἐξί-
2110 1813 2159 1878 Β
2193 1793 2385 1857 εὐθέως
2432 1795 2729 1869 παράσχοι.
2772 1796 2835 1851 Ὀ
2895 1792 2961 1861 δὴ
3020 1794 3106 1848 καὶ
3157 1795 3365 1867 γέγονε,
3424 1794 3513 1848 καὶ
3570 1797 3825 1869 παρεχώ-

446 1885 863 1959 στασθαι(μηδὲ
906 1888 1009 1963 γὰρ
1067 1889 1202 1941 εἶναι
1260 1887 1567 1961 θεραπεύειν
1624 1888 1691 1943 τά
1744 1890 2078 1964 ἀνιάτρευτα)

447 1974 577 2038 ὅλος
605 1976 673 2043 ἦν
713 1977 850 2049 πρὸς
895 1977 955 2030 τὸ
1002 1982 1397 2051 παραιτεῖσθαι.
1458 1978 1526 2033 Οἱ
1575 1975 1620 2030 δ’
1678 1977 1752 2039 ὡς
1804 1976 2077 2042 πολλάκις

449 2060 843 2138 προϐαλόντες,
870 2066 950 2133 ἐφ’
979 2066 1024 2137 ᾧ
1049 2073 1146 2135 τῆς
1202 2065 1407 2120 ἐκείνου
1458 2067 1680 2141 γνώμης
1736 2072 2079 2142 κρατήσειαν,

444 2149 494 2205 έν
554 2154 835 2229 ἀμηχανίᾳ
890 2158 984 2209 τοῦ
1037 2156 1285 2226 πράττειν
1337 2176 1388 2208 τι
1435 2155 1523 2208 καὶ
1578 2155 1753 2209 ἀνύειν
1812 2155 2075 2229 ἐγένοντο,

445 2242 575 2312 ὅπερ
634 2243 782 2315 εἶχον
839 2238 908 2294 δι’
964 2240 1285 2314 ἀπορρήτων
1345 2240 1637 2315 πράττειν,
1709 2240 1794 2295 ἐπὶ
1869 2244 2081 2309 τούτοις

444 2328 739 2406 ἐξέφαινον.
774 2330 872 2383 Καὶ
926 2328 1272 2399 ἐξαιτούντων
1334 2328 1547 2384 ἐκείνων
1605 2330 1925 2405 παραίτησιν
2000 2333 2083 2387 εύ-

445 2421 537 2485 θῦς
581 2424 892 2495 παρῃτεῖτο.
951 2420 1039 2481 Ὠς
1073 2416 1115 2473 δ’
1145 2418 1251 2473 ἔδει
1311 2421 1685 2483 συντάττεσθαι
1742 2420 1940 2490 τσύτην
1995 2424 2082 2477 καὶ

447 2600 612 2673 prius
645 2599 973 2671 oportuisse
1004 2598 1316 2669 signiﬁcari
1350 2598 1680 2653 convocatis
1712 2600 1783 2653 ad
1816 2600 1871 2654 id
1893 2601 2085 2671 ipsum

444 2689 733 2757 Patribus,
760 2692 816 2742 et
839 2688 1260 2758 perquirendas
1280 2686 1541 2758 ipsorum
1575 2687 1645 2742 de
1676 2689 1931 2744 remedio
1954 2707 2089 2745 sen-

440 2777 678 2846 tentias,
712 2793 778 2831 ac
808 2793 876 2831 ex
907 2792 1110 2832 eorum
1160 2774 1423 2831 consiliis
1475 2777 1841 2832 emendanda
1878 2794 2002 2847 quas
2054 2796 2086 2833 a

443 2872 599 2923 recto
635 2866 1014 2935 declinarent,
1040 2865 1381 2922 auctoritate
1402 2882 1528 2936 quas
1559 2865 1617 2919 in
1650 2867 1774 2936 ipso
1806 2868 2084 2923 resideret

445 2960 645 3028 utpote
681 2956 1036 3027 patriarcha,
1067 2972 1238 3025 quem
1273 2956 1500 3009 deceret
1528 2954 1769 3024 plurimi
1799 2956 1986 3010 facere
2018 2973 2083 3011 ac

440 3042 884 3114 religiosissime
915 3043 1222 3098 observare
1250 3057 1503 3095 canones
1534 3040 1794 3108 Patrum,
1837 3043 2083 3111 etjuxta

439 3133 589 3189 scita
617 3149 821 3188 eorum
854 3132 1025 3187 modo
1058 3146 1319 3202 arguere,
1355 3129 1526 3183 modo
1557 3129 1880 3199 obsecrare,
1905 3132 2077 3186 modo

437 3223 758 3292 increpare,
791 3220 840 3275 si
873 3223 930 3273 et
969 3218 1079 3273 hoc
1128 3233 1276 3288 opus
1322 3221 1523 3287 esset;
1576 3217 1823 3289 denique
1872 3219 2077 3275 iterato

439 3311 785 3366 denuntiatu
796 3326 896 3364 rus
918 3308 1030 3380 ipsi
1056 3305 1203 3362 velle
1221 3307 1458 3361 omnino
1481 3314 1861 3379 congregatos
1880 3309 2078 3366 Patres

437 3398 646 3469 exponi
678 3397 790 3452 sibi
822 3412 1030 3452 causas
1049 3411 1174 3465 quae
1196 3393 1361 3449 illum
1386 3395 1455 3449 ad
1480 3396 1862 3451 secedendum
1887 3397 2077 3469 impu-

434 3488 877 3559 lerint,paratos
900 3488 969 3542 ad
989 3485 1381 3542 adhibendum
1402 3501 1579 3557 quam
1602 3486 2075 3544 efﬁcacissimum

436 3581 683 3649 possent
735 3577 1059 3632 remedium
1122 3575 1371 3647 cognitis
1428 3573 1619 3630 malis.
1669 3576 1748 3631 Ea
1801 3578 2077 3633 mandata

431 3667 637 3737 synodi
668 3667 739 3721 ad
774 3666 1170 3739 patriarcham
1203 3666 1458 3720 fuerunt.
1492 3665 1850 3737 Imperatum
1881 3672 2074 3723 autem

432 3754 613 3810 misso
636 3758 726 3809 est
752 3758 816 3809 ut
846 3753 960 3809 nisi
991 3754 1411 3824 obsequentem
1443 3770 1505 3809 se
1524 3754 1805 3824 praeberet
1832 3771 1897 3809 ac
1924 3756 2074 3809 redi-

432 3847 557 3898 tum
594 3842 987 3913 polliceretur,
1019 3842 1258 3897 omnino
1289 3842 1540 3898 ediceret
1566 3843 1872 3898 decernere
1902 3860 2070 3914 syno-

432 3930 571 3985 dum
596 3936 653 3987 et
676 3931 820 3986 citra
852 3947 1085 3986 omnem
1114 3930 1647 4002 tergiversationem
1666 3930 1739 3984 ab
1761 3946 1827 3985 eo
1848 3932 2073 4002 exigere

429 4024 494 4073 ut
525 4018 774 4075 alterum
802 4019 1012 4075 horum
1046 4019 1221 4074 faciat
1250 4019 1405 4091 quod
1438 4017 1623 4085 malit,
1659 4023 1759 4074 aut
1789 4020 1988 4075 redeat
2017 4023 2074 4075 et

431 4124 638 4162 rursus
688 4107 951 4163 Ecclesiae
1004 4123 1205 4161 curam
1258 4109 1473 4176 sumat,
1498 4110 1603 4162 aut
1648 4107 1698 4161 si
1730 4107 1786 4161 id
1820 4111 2070 4175 recuset,

427 4194 523 4248 det
556 4194 820 4250 libellum
852 4195 1134 4251 cessionis
1170 4194 1380 4249 throno
1414 4211 1427 4249 :
1480 4211 1595 4250 non
1647 4195 1802 4249 enim
1853 4196 2071 4250 bonum

429 4300 553 4339 esse
588 4284 838 4356 relinqui
870 4284 1187 4339 Ecclesiam
1237 4284 1364 4338 sine
1414 4287 1667 4353 pastore.
1696 4283 1797 4339 His
1841 4284 2072 4341 Nicetas

433 4372 727 4426 mandatis
750 4375 805 4426 et
825 4371 1088 4443 epistolis
1121 4370 1397 4440 acceptis,
1419 4374 1655 4424 strenue
1688 4371 2072 4428 deiuncturus

433 4460 749 4515 commisso
800 4460 1028 4533 negotio
1078 4459 1329 4514 Nicaeam
1362 4457 1612 4527 advolat,
1638 4463 1695 4513 et
1727 4460 1860 4515 inde
1892 4477 2065 4531 quam

2192 1904 2269 1958 ρει
2303 1880 2620 1955 λαμϐάνειν,
2653 1883 2697 1937 εἷ
2746 1882 3055 1957 βούλοιντο.
3088 1884 3147 1940 Ὁ
3200 1881 3452 1957 βασιλεὺς
3486 1881 3534 1936 δ’
3564 1882 3650 1937 ἐπὶ
3700 1883 3825 1937 τού-

2188 1995 2305 2035 τοις
2367 1974 2548 2029 οὐκέτι
2610 1974 2825 2028 ἀνεκτὸν
2880 1972 3184 2047 ἡγούμενος
3233 1972 3540 2045 ἀναμένειν,
3577 1973 3655 2035 εἰς
3708 1975 3824 2027 ἱκα-

2189 2065 2283 2131 νὴν
2341 2062 2636 2138 ἀπολογίαν
2695 2068 2775 2133 τῷ
2830 2061 3141 2137 πατριάρχῃ
3192 2066 3297 2115 τῶν
3354 2061 3823 2134 έπιγενησομένων

2191 2154 2277 2206 καὶ
2338 2155 2435 2220 τὴν
2485 2155 2611 2228 παρ’
2643 2153 2833 2206 ἑαυτοῦ
2889 2151 3121 2224 λιπαρὰν
3175 2149 3398 2222 νομίσας
3445 2149 3681 2221 ἀξίωσιν,
3733 2152 3830 2205 ἄλ-

2196 2241 2309 2302 λως
2362 2262 2421 2295 τε
2471 2239 2526 2294 δὲ
2573 2242 2787 2294 καὶτοῦ
2819 2240 3044 2316 Ἐφέσου
3077 2238 3388 2314 Νικηφόρου
3430 2240 3506 2310 μὴ
3555 2238 3689 2292 κατά
3734 2260 3830 2293 κα-

2192 2333 2345 2392 νόνας
2373 2326 2644 2405 προϐῆναι
2673 2330 2773 2397 τήν
2805 2327 3145 2403 χειροτονίαν
3200 2328 3406 2382 ἐκείνου
3461 2322 3832 2382 διαϐεϐαιοῦν-

2191 2444 2283 2483 τος
2340 2417 2569 2495 (σπουδή
2629 2420 2730 2495 γάρ
2779 2420 2844 2486 ἧν
2891 2422 2989 2472 τοῦ
3017 2417 3139 2472 τότε
3168 2421 3491 2492 κρατοῦντος
3548 2414 3830 2491 Θεοδώρου

2198 2617 2531 2667 successus,
2565 2598 2614 2653 si
2645 2601 2951 2669 pergerent
2979 2598 3219 2663 instare,
3251 2596 3394 2652 satis
3444 2595 3724 2664 constitit,
3758 2596 3827 2650 ad

2196 2705 2264 2746 ea
2312 2706 2433 2761 quae
2464 2689 2523 2743 in
2551 2687 2780 2743 areanis
2829 2688 3103 2742 mandata
3148 2693 3440 2757 postremo
3488 2690 3829 2756 acceperant

2196 2780 2348 2834 circa
2367 2778 2658 2849 optionem
2680 2776 3032 2831 offerendam
3052 2777 3424 2831 devenerunt.
3448 2774 3528 2829 Ea
3548 2790 3609 2829 re
3625 2774 3828 2829 audita

2194 2869 2528 2940 patriarcha
2558 2868 2754 2923 statim
2789 2882 2851 2921 se
2881 2867 3006 2922 loco
3036 2882 3340 2922 cessurum
3372 2864 3536 2920 dixit.
3570 2869 3651 2919 Ac
3691 2864 3827 2935 quia

2194 2957 2461 3013 libellum
2494 2956 2776 3013 cessionis
2806 2955 3059 3011 indicem
3090 2954 3454 3011 conscribere
3502 2953 3824 3025 oportebat,

2192 3063 2366 3117 opera
2386 3047 2445 3100 in
2468 3046 2523 3100 id
2557 3044 2833 3100 continuo
2863 3043 3074 3100 collata
3103 3048 3212 3099 est.
3241 3044 3351 3098 Sed
3384 3059 3518 3098 cum
3552 3058 3825 3113 suggere-

2195 3140 2281 3191 ret
2301 3134 2700 3191 Heracleensis
2730 3135 2942 3190 addere
2972 3132 3363 3205 patriareham
3397 3133 3624 3201 debere,
3650 3136 3717 3186 ut
3744 3131 3825 3185 vi-

2194 3225 2429 3280 deretur
2458 3222 2668 3279 idonea
2696 3222 2979 3278 cessionis
3019 3239 3217 3291 causa,
3249 3221 3559 3292 indignum
3608 3236 3673 3275 se
3721 3219 3825 3274 tali

2191 3311 2515 3367 sacerdotio
2540 3311 2741 3381 fuisse,
2757 3315 3127 3380 exasperatus
3145 3326 3211 3364 ea
3232 3308 3527 3363 mentione
3546 3306 3826 3362 Arsenius

2188 3400 2449 3455 turbavit
2470 3404 2698 3468 cuncta,
2718 3402 3087 3468 cceptumque
3107 3398 3526 3468 abrumpens,«
3547 3399 3818 3467 Nempe,»

2189 3489 2401 3560 inquit,
2435 3512 2463 3537 ‹‹
2491 3487 2653 3542 vobis
2685 3503 2799 3542 non
2824 3485 3045 3541 sufﬁcit
3064 3490 3121 3541 et
3141 3486 3315 3541 verbo
3344 3488 3402 3539 et
3430 3485 3580 3540 facto
3603 3500 3822 3539 renun-

2186 3576 2332 3632 tiare
2364 3592 2455 3631 me
2485 3575 2775 3647 dignitati,
2809 3575 2907 3630 sed
2958 3574 3151 3629 causis
3206 3578 3481 3645 praeterea
3526 3573 3820 3643 probrosis

2184 3666 2486 3738 implicare
2519 3682 2609 3719 me
2640 3664 2900 3735 quaeritis
2923 3663 2950 3717 ?
2985 3663 3245 3719 volentes
3274 3663 3537 3718 cedimus
3567 3662 3819 3716 admini-

2184 3754 2461 3812 stratione
2492 3769 2823 3820 rerum,nec
2855 3768 3132 3807 curamus
3163 3750 3450 3822 quidquid
3482 3751 3617 3805 inde
3646 3766 3815 3805 secu-

2182 3848 2381 3899 turum
2406 3842 2500 3898 sit.
2527 3864 2554 3892 »
2579 3843 2673 3897 Sic
2696 3843 3040 3897 tractatione
3070 3839 3444 3910 indignanter
3463 3838 3708 3910 abrupta
3728 3838 3818 3892 di-

2182 3933 2403 3987 missus
2430 3930 2739 3985 inciviliter
2758 3929 3009 3995 Nicetas,
3034 3942 3383 3998 summaque
3414 3926 3707 3982 celeritate
3729 3943 3818 3981 re-

2183 4037 2423 4076 mensus
2469 4020 2645 4087 viam,
2679 4018 2750 4073 ad
2798 4018 3127 4088 Augustum
3178 4019 3236 4071 et
3283 4016 3565 4087 synodum
3625 4015 3817 4081 rediit,

2182 4108 2497 4178 retulitque
2520 4108 2776 4178 primum
2801 4105 2939 4175 quid
2956 4104 3199 4159 dixisset
3221 4104 3550 4175 patriarcha
3573 4121 3585 4159 :
3610 4103 3821 4158 deinde

2183 4194 2467 4249 cessionis
2499 4192 2799 4263 negotium
2833 4206 2947 4260 quo
2979 4190 3036 4244 in
3068 4191 3219 4245 nodo
3246 4190 3522 4259 stetisset,
3556 4194 3612 4245 et
3640 4206 3819 4260 quam

2181 4282 2399 4337 frustra
2446 4283 2778 4351 speraretur
2829 4278 2977 4333 ﬂecti
3006 4294 3139 4333 eum
3175 4279 3241 4334 ad
3276 4279 3596 4349 quidquam
3617 4294 3818 4333 eorum

2180 4386 2303 4440 quae
2325 4372 2654 4425 recusasset
2674 4384 2844 4438 posse
2866 4367 3084 4421 docuit.
3108 4367 3396 4437 Adjunxit
3427 4370 3645 4421 restare
3664 4366 3821 4420 viam

2181 4458 2374 4514 adhuc
2418 4457 2593 4512 aliam
2644 4455 3006 4527 exploranda:
3055 4455 3243 4525 ipsius
3286 4454 3439 4510 circa
3492 4454 3817 4509 cessionem
3893 4514 3907 4528 κ

432 4547 731 4603 celerrime
752 4549 819 4603 ad
846 4547 1267 4604 monasterium
1294 4546 1351 4600 in
1379 4562 1494 4617 quo
1514 4550 1653 4602 tunc
1677 4553 1800 4602 erat
1822 4549 2068 4619 patriar-
2100 4545 2149 4608 D
2182 4549 2503 4613 sententiae,
2528 4548 2577 4603 si
2611 4547 2809 4601 missis
2851 4547 2916 4601 ad
2951 4562 3085 4601 eum
3117 4545 3289 4600 certis
3321 4545 3418 4616 qui
3452 4544 3817 4615 pontiﬁcium

433 4634 544 4689 cha
575 4636 912 4707 perveniens
942 4636 1177 4708 exponit
1207 4636 1257 4690 ei
1289 4652 1415 4706 quae
1451 4636 1709 4706 synodus
1741 4637 2064 4693 mandaret.

434 4723 521 4776 Ad
544 4722 730 4779 eaille
762 4726 1082 4795 respondit,
1108 4725 1261 4795 quod
1296 4740 1533 4779 causam
1568 4725 1917 4781 secessionis
1949 4743 2071 4782 suae

437 4816 781 4881 quaererent,
805 4811 1090 4881 nihiljam
1114 4811 1357 4867 attinere
1384 4811 1666 4867 declarari
1689 4811 2071 4886 eam,quippe

437 4900 608 4969 cujus
640 4901 1016 4955 emendandae
1058 4905 1291 4971 tempus
1341 4901 1751 4971 preteriisset;
1806 4919 1910 4958 nec
1958 4903 2070 4959 sibi

437 4987 730 5058 reliquum
764 4987 919 5043 aliud
946 5005 1073 5044 esse
1095 5005 1269 5059 quam
1295 4993 1360 5043 ut
1381 4989 1591 5045 tacitus
1615 5008 1648 5045 a
1667 4991 1915 5062 negotiis
1938 4993 2069 5047 abs-

436 5076 603 5130 cedat
629 5093 641 5130 :
667 5092 781 5131 non
812 5077 963 5130 enim
996 5075 1420 5131 incurabilibus
1451 5075 1713 5133 adhiberi
1746 5081 2069 5135 remedium

436 5182 626 5236 posse.
654 5166 722 5220 Et
752 5166 1066 5237 apparebat
1095 5184 1227 5222 eum
1262 5166 1659 5221 inﬁexibiliter
1689 5169 2070 5239 perstiturum

436 5256 495 5309 in
522 5256 761 5311 tacendo
793 5272 1026 5311 causam
1056 5273 1068 5309 :
1094 5257 1236 5311 adeo
1269 5255 1566 5326 praefracte
1588 5256 1743 5313 illam
1767 5260 2074 5315 enuntiare

438 5345 753 5412 recusavit,
789 5349 843 5401 et
874 5345 1158 5417 expiscari
1189 5346 1336 5402 115
1374 5362 1442 5400 ex
1484 5362 1548 5400 eo
1597 5344 1812 5415 aliquid
1862 5349 2073 5421 saepius

434 5440 716 5490 conatum
752 5451 984 5507 semper
1012 5435 1271 5491 Nicetam
1325 5435 1797 5492 constantissime
1837 5439 2071 5510 repulit.

433 5523 600 5578 Tunc
633 5524 681 5579 is
714 5524 911 5580 habito
943 5523 1185 5580 consilio
1215 5540 1344 5579 cum
1368 5524 1837 5595 suis,postquam
1862 5529 2076 5585 frustra

433 5628 493 5667 se
526 5614 876 5670 contendere
931 5632 1032 5669 nec
1093 5630 1251 5686 spem
1302 5613 1548 5684 relinqui
1593 5613 1767 5670 ullam
1819 5616 2075 5675 melioris

2176 4637 2384 4692 lituum
2418 4641 2473 4691 et
2503 4634 2918 4691 candelabrum
2945 4635 3015 4688 ab
3040 4650 3105 4689 eo
3132 4634 3475 4705 reciperent,
3502 4637 3819 4703 utrumque

2177 4726 2478 4797 praeberet.
2510 4724 2799 4778 Suecessu
2824 4721 3137 4777 consilium
3168 4738 3283 4777 non
3315 4721 3538 4777 caruit:
3572 4720 3815 4790 petenti-

2179 4815 2288 4869 bus
2339 4814 2494 4870 enim
2543 4813 2647 4868 illa
2689 4812 2994 4884 respondit
3040 4811 3391 4882 patriarcha,
3424 4815 3741 4873 sumerent,
3771 4810 3817 4864 si

2178 4905 2424 4960 vellent:
2446 4919 2507 4958 se
2531 4902 2764 4973 quidem
2790 4902 2944 4956 haud
2964 4901 3288 4971 prohibere.
3308 4900 3552 4965 Quidem
3577 4899 3827 4971 impera-

2184 4997 2274 5049 tor
2295 4992 2544 5063 eognitis
2575 4991 2720 5045 nihil
2744 4992 2815 5045 ad
2849 4991 2939 5045 sui
2971 4990 3405 5045 excusationem
3432 4989 3587 5059 apud
3618 5003 3824 5043 omnes

2179 5086 2235 5138 et
2252 5082 2405 5154 apud
2429 5081 2622 5153 ipsum
2646 5079 3113 5151 patriarcham,'si
3137 5078 3274 5150 quid
3300 5078 3349 5134 ei
3371 5077 3565 5133 minus
3587 5080 3819 5148 gratum

2181 5171 2486 5237 accideret,
2518 5168 2775 5241 amplius
2807 5169 3233 5239 expectandum
3284 5173 3462 5233 ratus,
3496 5182 3627 5221 cum
3675 5182 3821 5235 pra:-

2182 5260 2383 5317 sertim
2402 5260 2764 5331 Nicephorus
2783 5258 2991 5328 Ephesi
3024 5258 3335 5329 episcopus
3369 5258 3689 5312 afﬁrmaret
3714 5255 3819 5309 mi-

2183 5351 2339 5405 nime
2378 5350 2526 5404 116
2558 5348 2898 5403 canonicam
2933 5348 3277 5418 patriarcha:
3305 5346 3530 5402 Arsenii
3583 5344 3821 5400 ordina-

2182 5439 2402 5494 tionem
2433 5438 2615 5493 fuisse
2638 5438 2975 5509 (festinante
2997 5437 3209 5507 quippe
3231 5437 3300 5491 ad
3326 5453 3444 5490 suae
3496 5433 3821 5489 coronatio-

2184 5529 2276 5583 nis
2305 5526 2707 5583 caeremoniam
2748 5525 3045 5581 Theodoro
3075 5531 3215 5579 tunc
3249 5525 3615 5595 imperatore,
3648 5526 3704 5575 et
3734 5520 3821 5591 ip-

2185 5634 2316 5674 sum
2359 5616 2812 5690 perurgentihus
2846 5615 3084 5671 Occidui
3114 5614 3318 5670 limitis
3352 5615 3526 5669 rebus
3558 5611 3658 5667 illo
3690 5614 3808 5665 tem
