4154 6286
272 327 374 383 553

1333 330 1429 382 DE
1466 327 1833 381 MICHAELE
1871 325 2313 382 PALEOLOGO
2350 328 2480 380 LIB.
2526 328 2596 377 Il.

3556 322 3661 376 554

273 450 351 524 ἐφ’
426 450 472 520 ᾧ
549 448 922 511 ταινιώσεσθαι
993 446 1080 502 καὶ
1136 449 1549 522 τεταραγμένοις
1606 454 1722 510 τοῖς
1780 445 2258 517 κατὰΑκλησίας
2334 448 2421 503 καὶ
2493 452 2600 501 τῶν
2678 446 2843 516 αὐτῆς
2902 446 3080 519 νόμων
3141 445 3661 521 καταφρονουμένων

276 537 419 594 δύσιν
480 535 815 591 έπεισπεσεῖν
872 535 1195 611 πράγμασι·
1253 539 1378 612 παρ’
1436 537 1501 605 ἦν
1559 537 1733 591 αἲτίαν
1790 539 1915 608 παρ’

276 624 539 698 οὐδεμίαν
604 623 797 696 μεταξὺ
843 623 1036 699 σχεδὸν
1068 627 1299 698 ἡμέραν,
1331 623 1477 679 ἀλλά
1507 630 1748 699 συνεχῶς
1780 625 1915 681 ἀπά-

278 736 392 777 σαις
422 712 550 775 τοὺς
589 718 690 782 τῆς
736 711 1034 787 ἱερωσύνης
1097 714 1341 788 βαθμοὺς
1396 712 1632 768 ἐτελεῖτο
1689 715 1915 782 πάντας,

276 804 364 859 καὶ
432 802 575 859 οὕτω
650 802 787 875 πρὸς
863 803 961 870 τήν
1012 802 1234 876 πρώτην
1278 809 1379 871 τῆς
1436 801 1719 877 ἱεραρχίας
1769 802 1912 871 τάξιν

278 888 670 964 ἀνεϐιϐάζετο),
706 889 794 946 διὰ
821 895 987 945 ταῦτα
1020 893 1045 945 6
1099 892 1350 967 βασιλεὺς
1402 899 1516 954 τοῖς
1575 893 1912 968 ἀρχιερεῦσιν

276 982 442 1059 ἐφῆκε
469 980 722 1056 πράττειν
782 978 812 1033 6'
865 1001 917 1035 τι
964 980 1053 1034 καὶ
1102 979 1412 1055 βούλοιντο.
1462 982 1557 1037 Καὶ
1590 979 1656 1050 δὴ
1691 1003 1915 1036 σκεπτο-

283 1073 455 1143 μένων
486 1068 703 1124 ἐκείνων
738 1066 824 1122 ἐπὶ
854 1066 1091 1130 πολλαῖς
1120 1074 1239 1133 ταῖς
1276 1071 1509 1145 ἡμέραις
1550 1068 1703 1125 οὐδὲν
1751 1069 1914 1125 πλέον

280 1159 484 1232 ὑπῆρξε
553 1160 632 1228 τῷ
702 1158 1016 1230 πατριάρχῃ
1081 1164 1268 1222 παθεῖν
1328 1160 1773 1231 ἀνυπομονησίας
1829 1158 1917 1212 καὶ

278 1246 688 1321 καταγνώσεως,
738 1245 811 1305 ὡς
871 1243 984 1314 ἐξὸν
1046 1244 1222 1320 λέγειν
1271 1247 1359 1300 καὶ
1421 1252 1599 1316 ζητεῖν
1632 1245 1914 1323 διόρθωσιν

284 1337 717 1409 μικροψυχοῦντι
752 1332 973 1387 καὶτοῦ
1024 1334 1214 1409 θρόνου
1260 1334 1461 1409 έτέροις
1522 1340 1917 1411 παραχωροῦν-

278 1446 354 1481 τι.
413 1422 664 1478 Κάκεῖνοι
729 1421 821 1494 μὲν
885 1420 1096 1483 οὕτως’
1159 1424 1223 1491 ἦν
1285 1421 1342 1477 δὲ
1398 1422 1537 1497 ἄρα,
1594 1425 1667 1486 ὡς
1726 1420 1917 1494 ἔδειξεν

279 1510 522 1585 ὕστερον,
578 1509 641 1562 τὸ
697 1507 1027 1581 ζητούμενον
1063 1510 1140 1581 μὴ
1175 1510 1257 1564 δτι
1286 1530 1346 1585 γε
1377 1507 1613 1585 δυσχερῆ
1642 1512 1920 1586 θεραπείαν

280 1596 662 1673 προσιέμενον,
692 1594 839 1651 ἀλλὰ
878 1599 964 1651 καὶ
1017 1596 1161 1658 ὅλως
1211 1596 1447 1670 ἀνιάτον,
1510 1597 1592 1653 διὸ
1647 1598 1735 1653 καὶ
1770 1598 1921 1669 δίκην

275 1693 379 1754 τῆς
437 1685 662 1758 ἀγνοίας
722 1683 969 1758 ἄντικρυς
1040 1684 1283 1741 ἑκουσίαν
1335 1687 1411 1749 εἷς
1469 1686 1764 1762 ἀπολογίαν
1823 1691 1917 1758 τὴν

2025 536 2344 601 ἐκκαίεσθαι.

2030 645 2108 705 ις’.
2168 646 2351 705 Ὅπως
2418 646 2443 697 6
2499 650 2598 712 τῆς
2658 642 2896 719 Ἑφέσου.
2937 644 3253 719 Νικηφόρος
3321 641 3667 715 πατριάρχης

2674 713 3003 783 ἀπεκατέστη
3014 757 3026 769 .

2099 799 2318 876 Συμϐἆν
2353 801 2409 858 δὲ
2438 804 2526 858 καί
2558 825 2630 873 τι,
2664 804 2692 857 ὃ
2752 800 2816 870 δὴ
2876 803 2965 856 καὶ
3020 803 3111 856 τὸν
3171 800 3298 855 ὅλον
3351 807 3451 870 τῆς
3479 802 3668 875 ἱεραρ-

2027 891 2151 966 χίας
2226 893 2419 966 χρόνον
2492 893 2688 946 ἐκεῖνον
2748 890 3013 959 ἐπέκνιζεν
3073 888 3362 962 (ἐψήφιστο
3419 891 3520 965 γὰρ
3588 890 3666 949 εἷς

2026 987 2414 1057 πατριαρχεῖον
2469 980 2614 1056 παρὰ
2675 987 2774 1049 τῆς
2836 978 3058 1034 συνόδου
3116 978 3201 1033 ἐπὶ
3256 980 3511 1035 Ἰωάννου
3567 982 3667 1036 τοῦ

2028 1069 2203 1123 Δούκα
2262 1071 2367 1142 πρὸ
2416 1074 2513 1123 τοῦ
2564 1072 2907 1145 πατριάρχου
2967 1067 3257 1137 Μανουὴλ,
3296 1069 3386 1121 καὶ
3431 1069 3458 1121 6
3512 1069 3668 1142 βασι-

2029 1157 2199 1212 λεύων
2259 1160 2351 1219 τὰς
2404 1160 2618 1233 ψήφους
2667 1159 2902 1232 συνέχει,
2953 1157 3045 1211 τὸν
3078 1157 3243 1225 ζῆλον
3291 1153 3668 1229 δεδιττόμενος

2025 1250 2120 1300 τοῦ
2175 1244 2389 1319 ἀνδρὸς,
2452 1249 2645 1321 φήσας·
2679 1268 2704 1301 s
2768 1249 2867 1301 ’Ἢν
2901 1245 2965 1300 οὐ
3020 1244 3233 1301 δύναταί
3264 1265 3345 1305 τις
3374 1246 3671 1314 ὑποστῆναι

2026 1332 2411 1409 ἀρχιδιάκονον
2462 1332 2608 1405 ὄντα,
2668 1340 2785 1396 πῶς
2844 1334 2902 1389 ἄν
2955 1336 3397 1409 πατριαρχοῢντα
3442 1334 3670 1405 ὑπομεί-

2026 1442 2169 1491 vste;
2209 1448 2235 1476 ››
2296 1422 2379 1478 διὸ
2430 1422 2494 1492 δὴ
2548 1425 2638 1478 καὶ
2693 1428 2791 1489 τῆς
2821 1425 3049 1498 Ἐφέσου
3079 1424 3483 1500 προχειρισθεὶς
3516 1424 3667 1496 ὅμως

2029 1511 2327 1575 ἀδικεῖσθαι
2387 1514 2531 1586 παρὰ
2587 1511 2853 1587 βασιλέως
2907 1512 2983 1573 εἷς
3039 1514 3138 1581 τὴν
3191 1510 3331 1566 ἷ¹δίαν
3369 1512 3536 1584 τιμὴν
3587 1509 3669 1565 δι-

2029 1602 2298 1675 ετείνετο)·
2331 1605 2490 1656 τοῦτο
2547 1599 2611 1671 δὴ
2671 1598 3051 1674 μεσολαϐῆσαν
3098 1601 3269 1656 ἐποίει
3306 1600 3427 1656 τότε
3452 1601 3543 1655 τὸν
3578 1598 3671 1654 άν-

2029 1688 2128 1764 δρα
2210 1694 2485 1761 πειθήνιον
2563 1691 3066 1766 προσκαλούμενον,
3137 1692 3226 1745 καὶ
3275 1692 3373 1759 τὴν
3434 1690 3666 1764 ἐκλογὴν

276 1775 417 1849 πρὸς
449 1773 575 1829 Θεὸν
626 1772 919 1836 ἐπιτιθέναι
948 1768 1204 1829 ἐϐούλετο
1258 1774 1451 1847 ἑαυτῷ,
1499 1776 1574 1849 μὴ
1624 1778 1735 1831 κατ’
1767 1775 1919 1831 έλπί-
1954 1780 2277 1871 Βάσμένως
2332 1777 2570 1855 ἐδέχετο·
2630 1780 2760 1834 εἶναι
2821 1779 2919 1855 γὰρ
2980 1777 3161 1834 ἔκτοτε
3216 1778 3539 1854 τεταγμένον
3595 1778 3670 1839 εἷς

282 1861 377 1923 δας
417 1860 901 1937 προχωρησάντων
963 1863 1045 1933 [Ρ.
1077 1865 1169 1935 75]
1226 1862 1370 1934 αὐτῷ
1424 1869 1531 1918 τῶν
1563 1866 1919 1939 πραγμάτων.

281 1953 511 2007 Ἐκεῖνοι
544 1946 601 2003 δὲ
628 1950 753 2005 τότε
780 1949 901 2022 περὶ
930 1954 1025 2004 τοῦ
1054 1950 1133 2005 τίς
1166 1949 1224 2005 ἂν
1281 1952 1379 2019 τὴν
1437 1952 1760 2022 Ἐκκλησίαν
1790 1956 1924 2009 κατά

288 2040 350 2094 τὸ
384 2037 639 2113 ἐχέγγυον
670 2035 1057 2113 παραλήψαιτο
1113 2039 1179 2093 τὰ
1234 2038 1419 2094 πολλά
1459 2043 1806 2112 ζητήσαντες,
1836 2044 1924 2097 καὶ

296 2124 508 2199 μᾶλλον
538 2128 588 2182 οἱ
619 2124 920 2195 δοκοῦντες,
984 2129 1054 2181 ὧν
1116 2129 1203 2183 καὶ
1256 2130 1318 2182 τὸ
1376 2128 1569 2184 λοιπὸν
1595 2135 1701 2185 τῶν
1734 2133 1926 2206 ἀρχιε-

288 2218 431 2290 ρέων
463 2216 672 2285 πλῆθος
702 2214 1017 2291 ἐξήρτηντο,
1075 2217 1232 2279 τέλος
1277 2222 1400 2290 μιᾶς
1448 2216 1532 2273 ἐπὶ
1582 2224 1661 2290 τῷ
1710 2222 1928 2297 Ἐφέσου

282 2307 515 2379 γνώμης
547 2306 808 2380 γίνονται,
863 2305 1053 2382 ἀνδρὸς
1101 2303 1364 2371 εὐλαϐοὖς
1421 2309 1508 2363 καὶ
1566 2313 1678 2363 κατ’
1738 2311 1933 2385 ἀρετὴν

283 2391 539 2463 ἐπιδόξου
569 2396 659 2448 καὶ
699 2393 848 2468 λόγῳ
902 2395 1135 2469 μετρίως
1188 2397 1590 2468 κοσμουμένου,
1650 2402 1933 2472 γηρῶντος

283 2479 423 2554 ἤδη,
457 2484 503 2554 ᾧ
539 2480 605 2552 δῆ
636 2482 724 2538 καὶ
784 2488 953 2551 ζῆλος
1010 2485 1075 2552 ἦν
1134 2484 1319 2546 ἱκανὸς
1369 2484 1443 2547 ὡς
1504 2487 1633 2559 ὑπὲρ
1688 2492 1789 2554 τῆς
1821 2488 1936 2541 Ἐκ-

285 2696 433 2751 pore
484 2679 899 2750 turbatis,quo
944 2680 1014 2735 ad
1060 2696 1223 2752 spem
1274 2682 1471 2753 magni
1520 2699 1850 2753 successus,
1884 2684 1931 2737 si

288 2774 534 2827 strenue
590 2777 934 2838 occurreret,
964 2771 1299 2841 vocabatur,
1332 2771 1753 2843 pracipitatam
1805 2773 1931 2843 ejus

284 2859 472 2926 jussu
515 2859 654 2915 adeo
703 2858 884 2915 fuisse
927 2858 1433 2930 inaugurationem
1468 2860 1833 2931 patriarcha,
1870 2867 1934 2917 ut

294 2946 582 3019 legitimis
611 2949 936 3006 interstitiis
965 2949 1233 3006 ordinum
1266 2966 1381 3008 non
1414 2949 1658 3008 servatis
1715 2952 1931 3023 gradus

296 3051 511 3092 omnes
541 3038 843 3095 sacerdotii
877 3038 1044 3110 quasi
1098 3055 1212 3096 uno
1256 3038 1434 3110 saltu,
1464 3040 1557 3096 vix
1585 3039 1931 3112 interposito

297 3122 551 3182 diecula
580 3124 749 3182 unius
779 3126 970 3182 medio
1003 3127 1194 3197 spatio
1225 3126 1629 3198 pervolaverit,
1662 3132 1719 3185 et
1748 3128 1831 3185 sic
1864 3130 1934 3185 ad

288 3212 494 3269 throni
524 3214 932 3285 patriarchalis
962 3214 1262 3287 fastigium
1296 3216 1722 3273 transcenderit
1738 3220 1939 3273 contra

288 3301 640 3359 manifestas
656 3302 989 3373 regularum
1003 3302 1271 3360 Ecclesia
1284 3307 1479 3361 veteru
1490 3320 1543 3361 m
1559 3305 1935 3375 sanctiones),

287 3389 410 3458 his,
436 3389 1140 3462 inquam,simulcunctis
1166 3392 1519 3463 Palaologus
1534 3398 1727 3451 motus
1758 3395 1938 3451 edixit

292 3476 652 3547 praesulibus
682 3479 1050 3551 congregatis
1082 3495 1143 3537 se
1174 3479 1319 3535 nihil
1351 3481 1581 3537 obstare
1624 3481 1936 3551 quominus

296 3565 454 3636 quod
479 3566 625 3638 ipsis
649 3567 941 3638 optimum
972 3567 1263 3625 videretur
1284 3568 1341 3624 in
1365 3585 1426 3625 re
1449 3569 1716 3640 prasenti
1748 3571 1939 3627 decer-

290 3659 506 3711 nerent
536 3662 914 3726 agerentque.
951 3657 1114 3714 Tunc
1143 3656 1343 3715 Patres
1392 3657 1613 3729 aliquot
1642 3658 1848 3715 diebus
1878 3660 1936 3715 in

282 3742 652 3816 inquirendo
683 3761 748 3801 ac
781 3745 1153 3803 deliberando
1184 3747 1568 3819 consumptis,
1602 3747 1746 3803 nihil
1780 3748 1936 3805 aliud

281 3834 456 3904 quod
509 3834 645 3891 vitio
691 3838 978 3893 verterent
1036 3836 1377 3906 patriarcha
1430 3841 1772 3908 repererunt
1825 3839 1939 3894 nisi

279 3925 620 4002 quamdam
640 3924 1069 3997 impatientiam
1090 3930 1148 3983 et
1170 3930 1582 3996 pramaturam
1597 3927 1942 3997 desperatio-

278 4034 438 4075 nem
455 4014 877 4072 emendationis
891 4031 1085 4073 rerum
1114 4031 1262 4086 quas
1284 4015 1666 4086 improbaret;
1691 4032 1939 4087 quarum

275 4107 343 4163 in
374 4103 807 4164 correctionem
830 4104 995 4175 prius
1017 4104 1316 4163 debuisset
1338 4104 1825 4173 incumbere,tum
1841 4121 1943 4175 per

277 4212 349 4252 se
406 4192 668 4265 agendo,
700 4196 825 4250 tum
864 4193 1219 4265 exquirendo
1268 4194 1340 4251 ab
1391 4192 1523 4251 aliis
1572 4197 1629 4250 et
1674 4194 1733 4250 in
1780 4211 1939 4251 com-

276 4299 485 4342 mune
506 4282 885 4353 consulendo,
910 4299 1024 4340 nou
1047 4286 1266 4351 autem,
1288 4287 1353 4341 ut
1384 4282 1519 4341 fecit
1548 4283 1942 4354 pusillanimi-

271 4379 406 4434 tate
449 4373 663 4443 victus,
693 4373 943 4443 abjicere
974 4373 1200 4431 clavum
1235 4373 1620 4445 periclitantis
1678 4374 1943 4431 Ecclesia

274 4468 339 4521 et
361 4466 510 4537 ejus
531 4461 1019 4535 gubernationem
1054 4462 1186 4520 aliis
1218 4464 1434 4521 cedere.
1456 4463 1542 4520 Ita
1569 4462 1689 4520 illis
1711 4463 1945 4520 videba-

2032 1873 2190 1923 τοῦτο
2248 1872 2392 1943 παρὰ
2446 1876 2546 1938 τῆς
2600 1870 2847 1945 χάριτος,
2906 1870 2952 1924 ei
3009 1872 3093 1924 καὶ
3154 1868 3490 1933 κωλυθέντος
3529 1870 3675 1944 παρὰ

2032 1960 2132 2026 τὴν
2192 1957 2439 2032 ῥηθεῖσαν
2499 1958 2691 2030 αίτίαν,
2750 1960 2935 2028 ἱκανήν
2979 1962 3059 2031 [Ρ.
3119 1962 3208 2031 76]
3256 1979 3316 2035 γε
3368 1959 3525 2012 οὖσαν
3585 1959 3671 2012 καὶ

2032 2046 2232 2115 ταύτην
2287 2045 2497 2117 μᾶλλον
2558 2047 2634 2111 εἷς
2673 2048 2920 2101 σύστασιν
2974 2048 3184 2114 ἑαυτοῦ,
3216 2048 3305 2101 τὸν
3362 2046 3525 2101 αὐτοῦ
3580 2047 3674 2101 τό-

2036 2154 2135 2188 πον
2185 2133 2233 2205 ἐξ
2286 2134 2519 2209 ἀνάγκης
2569 2134 3056 2208 ἀναπληρώσαντες
3109 2135 3444 2211 εῗσήχθησαν
3474 2131 3672 2208 ἕτεροι.

2039 2221 2225 2283 Οὕτως
2285 2222 2483 2284 ἐκεῖνος
2545 2244 2643 2291 την
2676 2221 2911 2297 ἐκλογὴν
2958 2222 3136 2287 θεόθεν
3168 2224 3301 2279 κατὰ
3328 2224 3426 2292 τήν
3469 2221 3677 2277 δικαίαν

2041 2310 2246 2364 ἐκείνου
2303 2310 2474 2384 κρίσιν
2545 2310 3034 2385 ὑπολογισάμενος,
3084 2308 3234 2366 οὐδὲν
3295 2310 3678 2383 ἀναϐαλλόμε-

2042 2419 2150 2466 νος,
2181 2398 2559 2473 ἀναγορεύεται
2587 2400 2952 2474 πατριάρχης.
3014 2401 3110 2455 "Ov
3163 2397 3227 2468 δὴ
3289 2400 3377 2453 καὶ
3434 2399 3485 2454 έν
3541 2404 3678 2474 τιμῇ

2048 2488 2267 2562 μεγίστῃ
2318 2488 2344 2541 ὁ
2409 2488 2661 2562 βασιλεὺς
2717 2488 2850 2561 πρὸς
2909 2487 3133 2544 Νίκαιαν
3189 2487 3532 2556 ἀποστείλας,
3593 2489 3682 2543 αὖ·

2045 2688 2263 2740 attente
2312 2685 2867 2757 circumspexissent
2910 2685 3125 2756 diuque
3167 2686 3517 2757 quasissent
3547 2687 3679 2757 quis

2044 2772 2307 2843 ipsorum
2348 2772 2640 2831 videretur
2687 2774 2934 2830 idoneus
2981 2774 3051 2829 ad
3101 2773 3361 2846 regimen
3410 2774 3679 2831 Ecclesiae

2044 2862 2488 2933 capessendum,
2521 2860 2775 2932 denique
2806 2878 2920 2917 uno
2952 2877 3240 2919 consensu
3268 2863 3328 2918 in
3360 2862 3676 2934 Ephesium

2041 2955 2456 3007 convenerunt.
2483 2951 2618 3007 Erat
2638 2950 2688 3007 is
2710 2950 2986 3021 religione
3017 2968 3083 3007 ac
3103 2950 3317 3008 virtute
3348 2952 3508 3008 omni
3536 2969 3677 3008 con-

2043 3039 2309 3109 spicuus,
2348 3039 2493 3097 satis
2522 3040 2752 3109 doctus,
2775 3039 2902 3108 jam
2935 3040 3149 3104 senior,
3178 3039 3272 3096 cui
3302 3039 3461 3096 zelus
3493 3040 3682 3096 inerat

2049 3144 2163 3182 non
2214 3127 2545 3196 mediocris,
2580 3127 2721 3184 adeo
2762 3133 2826 3183 ut
2875 3127 2973 3183 ubi
3015 3127 3336 3185 Ecclesiam
3378 3132 3477 3186 aut
3522 3129 3680 3201 leges

2049 3217 2177 3286 ejus
2210 3217 2430 3288 despici
2458 3218 2697 3285 videret,
2731 3221 2889 3273 totus
2919 3219 3335 3276 exardesceret.

2047 3324 2130 3376 16.
2169 3325 2233 3380 Ut
2284 3324 2481 3396 Ephesi
2534 3325 2813 3467 ερὶεσοριῖδ
2850 3324 3197 3450 tNicephorus
3248 3327 3564 3398 patriarcha
3608 3330 3682 3383 sit

2783 3412 2846 3452 ac
2876 3413 2955 3450 us.

2783 3412 2955 3452 acrus.

2115 3484 2446 3557 Contigerat
2469 3487 2690 3541 dudum
2725 3486 3030 3559 quiddam,
3051 3488 3204 3542 unde
3226 3487 3275 3542 is
3306 3491 3424 3544 toto
3455 3488 3675 3561 episco-

2046 3578 2214 3644 patus
2265 3574 2353 3629 sui
2400 3579 2659 3645 tempore
2710 3574 2925 3630 doloris
2953 3580 3010 3630 et
3041 3576 3408 3646 querelarum
3441 3594 3679 3634 causam

2045 3663 2258 3720 habere
2282 3664 2515 3734 justum
2546 3663 2659 3720 sibi
2682 3664 2993 3721 videretur.
3019 3668 3245 3722 Vacans
3272 3666 3409 3724 olim
3442 3667 3682 3738 patriar-

2046 3752 2230 3811 chalis
2261 3754 2428 3810 sedes
2458 3753 2751 3809 destinata
2799 3756 2962 3825 prius
3009 3755 3122 3826 ipsi
3178 3771 3374 3826 quam,
3408 3756 3508 3827 qui
3551 3772 3684 3812 mox

2046 3844 2104 3900 in
2128 3860 2255 3901 eam
2274 3842 2578 3911 successit,
2602 3842 2856 3899 Manueli
2878 3844 3087 3912 fuerat,
3112 3845 3268 3899 haud
3289 3845 3468 3901 dubio
3492 3846 3684 3902 favore

2049 3934 2256 4004 synodi
2300 3951 2313 3989 :
2364 3934 2466 3990 sed
2517 3933 2616 4004 qui
2664 3936 2807 3988 tunc
2855 3933 3183 4004 imperabat
3209 3934 3470 3990 Joannes
3500 3938 3684 3989 Ducas

2049 4022 2360 4080 consensui
2384 4022 2621 4079 Patrum
2653 4019 2903 4090 obstitit,
2926 4020 3115 4076 zelum
3144 4020 3251 4076 viri
3281 4022 3681 4092 prafervidum

2052 4116 2339 4168 metuens.
2363 4111 2543 4183 Cujus
2574 4110 2752 4180 enim,
2777 4110 2987 4181 aiebat,
3012 4111 3255 4182 spiritus
3277 4111 3469 4167 adhuc
3492 4112 3682 4168 archi-

2051 4200 2279 4258 diaconi
2327 4201 2475 4256 ferre
2524 4201 2618 4255 vix
2666 4215 3005 4271 possumus,
3033 4199 3084 4254 ei
3116 4200 3250 4270 quis
3280 4216 3555 4271 suprema
3586 4217 3687 4272 pa-

2051 4288 2316 4345 triarcha
2366 4292 2591 4345 armato
2640 4287 2989 4346 auctoritate
3020 4288 3349 4344 resisteret?
3378 4288 3473 4343 Sic
3498 4287 3597 4344 ille
3627 4290 3687 4344 in

2050 4382 2214 4434 tanto
2236 4377 2569 4435 inferiorem
2592 4377 2895 4448 Ephesina
2919 4378 3226 4433 submotus
3249 4376 3516 4434 Ecclesia
3535 4377 3690 4432 thro-

2052 4482 2196 4522 num
2220 4482 2326 4522 nec
2347 4466 2634 4539 patienter
2656 4482 2914 4536 unquam
2939 4482 3044 4521 nec
3066 4465 3239 4521 tacite
3259 4464 3557 4521 interverti
3578 4464 3691 4520 sibi

274 4557 408 4611 tur.
456 4556 725 4609 Caterum
762 4550 1051 4624 posterius
1093 4551 1362 4624 apparuit
1407 4552 1696 4610 insedisse
1744 4552 1940 4609 animo
1968 4537 2019 4601 Ῐ)
2048 4553 2306 4625 supremi
2326 4537 2566 4611 honoris
2586 4554 2887 4623 injuriam,
2915 4554 3124 4624 utipse
3155 4552 3375 4625 passim
3400 4553 3690 4624 quiritans

277 4640 650 4715 patriarcha
699 4640 869 4698 altius
911 4639 1147 4708 vulnus,
1196 4644 1254 4699 et
1300 4658 1416 4699 non
1467 4641 1658 4698 solum
1708 4641 1941 4697 difﬁcile

278 4732 654 4800 curatu,sed
688 4730 859 4803 plane
890 4730 1657 4803 insanabile,poenitentiam
1679 4731 1944 4788 videlicet

282 4837 495 4880 seram
527 4819 780 4879 tolerata
807 4820 1167 4878 infractionis
1196 4820 1428 4878 fcederis
1454 4822 1942 4891 pratermittenda

278 4910 680 4969 coronatione
698 4910 947 4968 haredis
974 4910 1228 4982 imperii,
1252 4911 1424 4981 cujus
1447 4910 1629 4982 culpa
1651 4914 1771 4968 tam
1795 4928 1948 4968 acer-

280 5003 409 5059 bus
444 5001 619 5057 illum
647 5001 855 5059 urebat
902 5017 1133 5068 sensus,
1163 5018 1319 5058 nunc
1360 5001 1611 5057 maxime
1656 5002 1943 5058 videntem

285 5108 489 5164 quam
512 5095 712 5151 contra
730 5107 893 5163 spem
917 5090 1081 5163 prius
1102 5094 1441 5164 conceptam
1482 5091 1713 5163 negotia
1749 5108 1945 5150 succe-

287 5180 539 5249 derent,
565 5182 631 5235 ut
650 5195 766 5250 quo
789 5179 965 5235 istius
990 5179 1259 5236 admissa
1283 5178 1417 5235 licet
1438 5195 1540 5250 per
1559 5179 1947 5251 ignorantiam

288 5267 701 5324 conniventia
731 5266 952 5324 crimen
984 5268 1139 5339 apud
1170 5267 1352 5326 Deum
1384 5266 1657 5339 expiaret,
1685 5268 1951 5323 volunta-

286 5353 473 5410 rium
505 5353 613 5410 hoc
645 5353 1131 5410 exauctorationis
1177 5353 1424 5427 propria
1455 5352 1807 5425 supplicium
1840 5353 1951 5408 sibi

2046 4644 2309 4712 vocabat,
2331 4647 2388 4699 et
2417 4641 2829 4705 contumeliam
2852 4640 3008 4697 tulit.
3034 4646 3111 4698 Ea
3141 4641 3305 4697 illum
3337 4642 3517 4699 animi
3547 4659 3687 4715 pra-

2051 4732 2274 4804 paratio
2305 4731 2530 4788 facilem
2563 4735 2689 4788 tum
2722 4728 2982 4787 reddidit
3011 4730 3081 4787 ad
3113 4730 3490 4786 annuendum
3536 4731 3689 4787 desi-

2053 4820 2229 4877 deriis
2274 4820 2478 4892 synodi
2528 4819 2867 4890 frequentis,
2899 4822 2956 4875 et
2984 4817 3250 4875 electioni
3299 4818 3548 4876 libenter
3594 4837 3693 4878 as-

2054 4909 2427 4967 sentiendum
2458 4925 2598 4975 sure,
2631 4910 2896 4967 constare
2925 4907 3216 4978 siquidem
3245 4907 3359 4980 ipsi
3389 4908 3696 4965 videbatur

2047 4999 2172 5070 jam
2203 4998 2428 5069 pridem
2452 5012 2513 5054 se
2543 4998 2615 5055 ad
2647 4995 3105 5069 patriarchatum
3135 4996 3313 5053 divini
3345 4997 3535 5069 gratia
3564 4999 3694 5068 Spi-

2054 5087 2203 5143 ritus
2233 5086 2502 5155 electum,
2535 5086 2644 5143 etsi
2675 5086 2957 5142 hactenus
2988 5086 3292 5142 exclusum
3324 5086 3697 5157 possessione

2058 5176 2239 5233 debiti
2271 5175 2511 5233 honoris
2542 5174 2921 5247 insuperabili
2955 5175 3260 5233 obstaculo
3287 5174 3560 5231 humana
3590 5190 3723 5245 po»

2058 5265 2272 5321 tentia.
2308 5265 2457 5336 Ergo
2506 5263 2605 5319 ille
2653 5263 2803 5319 nihil
2855 5267 3189 5330 cunctatus,
3223 5264 3342 5320 imo
3372 5263 3697 5334 pradicans

2062 5369 2342 5425 apparere
2397 5352 2776 5409 manifestum
2827 5352 2924 5407 Dei
2975 5366 3192 5406 numen
3244 5351 3303 5405 in
3340 5351 3430 5406 sui
3463 5350 3700 5407 restitu-

292 5442 476 5501 ultro
506 5443 992 5501 consciscendum
1028 5444 1334 5514 putaverit.
1368 5444 1531 5499 Tunc
1561 5459 1728 5513 porro
1759 5449 1953 5498 Patres
2060 5442 2239 5510 tione,
2271 5456 2450 5511 seque
2483 5457 2597 5496 non
2630 5439 2889 5496 delatum
2923 5456 3078 5495 nunc
3110 5439 3365 5509 primum
3401 5439 3700 5511 suffragiis

293 5531 548 5603 synodi,
570 5531 660 5588 vel
690 5530 885 5604 potius
908 5532 1230 5589 eminentes
1250 5531 1602 5603 interipsos,
1617 5548 1685 5587 ex
1706 5548 1955 5603 quorum
2064 5529 2430 5601 eligentium,
2463 5531 2557 5586 sed
2602 5530 2763 5599 justo
2814 5529 3037 5583 dudum
3065 5526 3287 5598 judicio
3320 5528 3700 5584 Providentia

297 5619 670 5677 auctoritate
713 5636 778 5675 ac
828 5624 972 5675 nutu
1019 5620 1207 5676 cateri
1256 5621 1604 5692 pendebant,
1638 5637 1771 5677 cum
1803 5623 1951 5675 117

645 5739 898 5799 ΡΑτιιοι.
946 5739 1055 5799 Ga.
1102 5738 1355 5799 CXLIII.

2065 5619 2174 5675 sibi
2197 5619 2489 5674 decretum
2524 5622 2659 5673 nata
2676 5617 2954 5672 divinitus
2980 5617 3281 5672 occasione
3303 5632 3431 5688 qua
3455 5616 3604 5672 I18
3630 5618 3700 5671 ad

3314 5738 3391 5796 18
