4154 6286
466 311 571 366 555

1765 318 2059 373 GEORGII
2098 318 2556 374 PACHYMERE

3746 320 3849 374 556

463 436 557 496 τὸς
588 434 838 509 ἠπείγετο
871 437 1006 510 πρὸς
1061 439 1158 506 τὴν
1223 440 1527 512 Λάμψακον
1586 441 2100 514 περαιωθησόμενσς
2131 451 2182 518 Α
2217 441 2442 516 εισάγειν
2504 438 2706 502 ἄλλους
2736 447 2853 502 ταῖς
2897 439 3211 510 ἐκκλησίαις
3268 440 3572 509 ἐσκέπτετο,
3605 442 3633 495 ’ὀ
3665 439 3732 510 δὴ
3761 440 3858 496 καὶ

467 524 600 600 πρὸς
656 525 753 592 τήν
808 524 1088 600 ἀντιπέραν
1150 525 1586 583 Καλλιούπολιν·
1656 528 1957 602 συνεκρότει
2001 529 2102 604 γὰρ

468 611 558 664 καὶ
619 608 870 685 δυνάμεις
929 613 1026 667 οὐκ
1083 613 1270 690 ὀλίγας
1325 615 1444 671 κατ’
1475 616 1697 672 Ἰταλῶν
1760 616 2105 692 ἰφ¹ᾦπροσ-

465 699 686 761 καθίσας
766 707 1002 775 πειρῷτο
1087 706 1372 778 κρατήσειν
1464 706 1527 758 τὸ
1603 705 1923 779 καταντικρὺ
2005 713 2104 774 τῆς

467 787 791 857 Βυζαντίδος
840 791 1120 866 φρούριον,
1180 793 1242 846 τὸ
1309 792 1450 847 οὕτω
1503 815 1618 855 πως
1674 793 1967 868 λεγόμενον
2002 800 2105 848 Γα-

467 874 654 932 λατᾶν.

469 984 550 1051 ιζ’.
609 984 875 1060 Ὅπωςρ
954 984 1198 1060 Σάρδεων
1271 988 1360 1060 καὶ
1439 989 1465 1042 ὁ
1547 987 1945 1060 Θεσσαλονίκης
2018 989 2104 1043 ἐπὶ

744 1054 956 1117 τούτοις
988 1036 1048 1113 oni
1080 1059 1419 1133 συνεφώνουν
1452 1065 1566 1121 τοῖς
1600 1059 1816 1122 ἄλλοις·

535 1143 674 1199 Τότε
701 1143 876 1198 τοίνυν
913 1146 939 1198 ὁ
989 1144 1237 1221 Σάρδεων
1294 1145 1638 1223 Ἀνδρόνικος
1682 1150 1772 1204 καὶ
1833 1151 1860 1205 ὁ
1908 1156 2106 1205 Θεσσα-

467 1229 694 1301 λονίκης
725 1233 990 1302 Μανουὴλ
1024 1235 1071 1298 (ὁ
1126 1235 1228 1310 γάρ
1280 1235 1606 1313 Καλοφόρος
1639 1238 1895 1310 Σμύρνης
1927 1237 1971 1291 εἷ
2016 1236 2104 1291 καὶ

463 1325 782 1394 παρῃτεῖτο,
829 1320 953 1374 ἀλλ’
994 1322 1084 1376 οὖν
1141 1322 1312 1384 αἰτίας
1358 1325 1541 1399 ἑτέρας
1589 1319 1970 1399 προύϐάλλετο
2016 1323 2106 1378 δο-

464 1408 622 1476 ξάσας
659 1407 842 1470 ἱκανὰς
904 1408 978 1472 εἷς
1036 1411 1410 1486 παραίτησιν]·
1474 1414 1529 1466 οἱ
1580 1410 1636 1466 δὲ
1689 1418 1929 1490 φανερῶς
1981 1414 2104 1467 άντ-

464 1495 686 1566 έτεινον,
745 1498 833 1551 καὶ
892 1503 973 1570 τῷ
1034 1496 1209 1554 δοκεῖν
1268 1503 1362 1573 μὶν
1426 1502 1558 1576 ὑπὲρ
1608 1505 1706 1555 τοῦ
1763 1503 2104 1577 πατριάρχου

461 1588 638 1645 κακῶς
691 1586 1060 1661 παροφθέντος
1089 1586 1342 1657 ἐζήλουν,
1382 1593 1460 1660 τῷ
1518 1587 1573 1642 δὲ
1628 1588 1985 1662 κρυπτομένῳ
2016 1589 2104 1642 καὶ

461 1672 592 1746 ὑπὲρ
650 1674 721 1726 ὧν
775 1675 802 1727 ὁ
834 1677 1183 1750 πατριάρχης
1222 1676 1403 1747 ζηλῶν
1461 1679 1532 1739 ὡς
1564 1679 1701 1739 τέως
1735 1677 1832 1732 οὐκ
1862 1678 2102 1731 ἀνυστῶν

461 1759 758 1835 ὑπεχώρει.
819 1765 877 1819 Ὀ
939 1763 1120 1835 μέντοι
1174 1787 1232 1840 γε
1287 1766 1410 1820 τότε
1457 1766 1871 1841 πατριαρχεόων
1927 1767 2104 1834 Νικη-

462 1850 627 1924 φόρος
666 1851 692 1902 ὁ
725 1852 814 1904 ἀπ’
871 1853 1119 1927 Ἑφέσου.
1174 1855 1640 1928 συγκροτούμενος
1703 1855 1795 1925 μέν
1853 1858 1922 1926 τῇ
1979 1875 2102 1907 συν-

464 1938 593 2012 όδῳ,
654 1939 851 2012 πολλῷ
881 1938 938 1995 δὲ
967 1940 1133 1996 πλέον
1165 1945 1255 1997 καὶ
1311 1948 1379 2017 τῇ
1408 1950 1502 1999 τοῦ
1558 1942 1830 2019 βασιλέως
1859 1941 2099 2013 Θελήσει,

465 2027 609 2101 έχων
642 2029 730 2082 καὶ
765 2027 936 2084 πολὺν
971 2031 1298 2105 συναχθέντα
1354 2032 1412 2086 έκ
1465 2039 1564 2101 τῆς
1622 2032 1845 2108 Ἐφέσου
1901 2032 2098 2107 χρυσὸν

462 2116 736 2194 ἐφίσταται
809 2122 877 2192 τῇ
955 2119 1171 2191 Νικαίᾳ·
1253 2122 1354 2177 Καὶ
1430 2127 1648 2196 πρῶτοο
1709 2123 1804 2192 μὲν
1854 2121 2100 2195 ἐπειρᾶτο

462 2204 734 2268 ποικίλως
761 2210 868 2261 τῶν
917 2208 1258 2282 σχιζομένων
1317 2208 1613 2284 ἀρχιερέων
1675 2207 1755 2284 ἐφ’
1811 2209 1855 2279 ᾧ
1914 2208 2103 2262 συνέλ-

461 2291 601 2356 θοιέν
646 2293 703 2348 τέ
751 2295 800 2348 οἱ
850 2295 937 2349 καὶ
997 2294 1346 2370 εἷρηνεύοιεν,
1402 2296 1491 2350 καὶ
1550 2294 1725 2358 πολὺς
1782 2298 1847 2363 ἦν
1906 2293 2103 2358 αὐτοὺς

459 2380 856 2456 μετερχόμενος
915 2383 1186 2447 ἀπειλαῖς·
1249 2382 1375 2439 ἀλλ’
1435 2385 1536 2439 οὐκ
1592 2383 1788 2452 ἔπειθε,
1838 2381 2004 2438 πλέον
2046 2380 2102 2436 δὲ

455 2471 725 2547 παρέθηγε
792 2473 882 2527 τὸν
947 2471 1112 2540 ζῆλον
1187 2472 1434 2544 ἐκείνοις,
1490 2472 1578 2527 καὶ
1635 2471 1942 2547 κατεγέλων
1993 2476 2097 2525 τῶν

461 2561 806 2633 μηνιμάτων.
863 2566 950 2622 Ὡς
1009 2559 1056 2615 δ’
1113 2564 1214 2617 οὐκ
1271 2560 1448 2625 ἔπειθε
1503 2564 1675 2617 πάντα
1723 2561 1943 2636 πράξας.
1979 2561 2101 2614 ἀντ·

456 2777 516 2831 id
544 2779 792 2847 cogeret,
821 2776 1014 2832 locum
1045 2777 1326 2850 accipere,
1364 2777 1698 2849 patriarcha
1727 2777 2097 2834 renuntiatus

458 2868 584 2932 est;
619 2881 790 2935 quem
822 2881 956 2920 cum
988 2882 1221 2921 summo
1253 2866 1472 2923 honore
1504 2866 1820 2938 imperator
1848 2867 2095 2922 Nicaeam

458 2951 778 3020 dimittens,
807 2952 933 3024 ipse
962 2954 1348 3025 Lampsacum
1393 2955 1718 3022 contendit,
1746 2956 2096 3024 trajecturus

459 3041 595 3096 inde
615 3040 673 3095 in
697 3041 1000 3097 adversam
1031 3041 1702 3114 Calliopolim.Collectis
1732 3042 1887 3097 enim
1916 3041 2098 3113 copiis

2211 527 2423 603 γέγονεν
2475 525 2714 602 ὕστερον.
2775 529 2948 588 Αὐτὸς
3006 526 3062 582 δὲ
3115 531 3220 581 τῶν
3265 525 3449 582 ἄλλων
3508 527 3848 602 έπεπειρᾶτο,

2211 616 2365 684 καὶὴ
2425 617 2642 692 ταραχὴ
2700 613 2886 686 πολλὴ
2946 617 3036 685 ἦν,
3078 615 3167 670 καὶ
3222 616 3282 669 τὸ
3314 617 3428 669 κατ’
3453 613 3660 670 ἐκείνου
3693 620 3848 670 σκάν-

2214 703 2378 758 δαλον
2413 702 2595 780 ᾔρετο·
2647 703 2793 772 πλῆν
2838 705 2937 779 γὰρ
2991 709 3094 758 τῶν
3128 704 3204 766 εἰς
3263 705 3534 779 ἄρχοντας
3589 705 3847 778 τεταγμέ-

2211 814 2311 846 νων
2343 800 2440 862 τῆς
2469 791 2797 862 Ἐκκλησίας
2831 794 2881 848 οἱ
2931 791 3118 847 λοιποὶ
3161 794 3258 860 τὴν
3307 792 3509 846 ἐκείνου
3561 793 3848 847 κοινωνίαν

2214 878 2559 955 άπέστεργον.
2592 883 2781 953 Ὅμως
2838 882 2888 935 οἱ
2945 883 3038 954 μὲν
3099 881 3328 942 ἐχόντως
3384 882 3434 935 οἱ
3485 879 3541 935 δὲ
3570 881 3658 934 καὶ
3691 880 3847 935 ἀκόν-

2209 991 2316 1030 τως
2359 971 2504 1036 πλήν
2555 968 2754 1044 ὀλίγων
2804 967 3279 1038 καθυπεκλίνοντο,
3331 967 3750 1042 ὃιασεσεισμένοι
3801 967 3849 1024 δ’

2213 1057 2361 1120 ὄντες
2435 1057 2530 1120 τὰς
2599 1058 2817 1132 γνώμας
2893 1059 3081 1132 πράξει
3152 1058 3280 1121 τοὺς
3362 1059 3435 1129 μή
3490 1059 3843 1130 πειθομένους

2214 1145 2486 1220 ὠχύρουν.
2548 1145 2624 1202 Τὸ
2684 1143 2740 1200 δὲ
2796 1146 2984 1202 λαι’κὸν
3039 1153 3253 1216 πλῆθος
3319 1146 3410 1199 τὸν
3465 1144 3577 1200 νέον
3618 1148 3848 1218 ποιμένα

2211 1233 2299 1286 καὶ
2379 1235 2497 1288 λίαν
2544 1233 3120 1308 ἀποπροσποιοόμενοι
3178 1233 3400 1304 ἐζήτουν
3456 1234 3546 1287 τὸν
3605 1236 3845 1307 γνήσιον.

2211 1323 2296 1393 [Ρ.
2352 1324 2439 1393 ’17]
2491 1322 2640 1375 Οὕτω
2688 1327 2816 1396 γοῦν
2857 1322 3264 1397 τεταραγμένων
3323 1327 3427 1376 τῶν
3497 1322 3842 1397 πραγμάτων,

2213 1408 2325 1462 ἐπεὶ
2383 1409 2471 1463 καὶ
2527 1410 2616 1464 τὸν
2676 1415 2974 1485 κρατοῦντα
3052 1410 3310 1483 ἐμάνθανε
3383 1409 3567 1483 μάχην
3627 1409 3843 1482 μέλλειν

2214 1503 2522 1573 συγκροτεῖν
2605 1499 2858 1574 μεγίστην
2938 1498 3069 1552 κατᾶ
3147 1497 3410 1574 φρουρίου
3485 1502 3582 1552 τοῦ
3639 1497 3845 1552 Γαλατᾶ

2214 1587 2341 1649 ὥσθ’
2388 1587 2651 1661 αἱρήσειν,
2701 1587 2798 1642 κ’ὰν
2858 1585 2903 1640 ε’ί
2958 1608 3007 1640 τι
3039 1588 3126 1641 καὶ
3178 1587 3343 1640 πάθοι
3377 1586 3600 1660 (ἐκεῖθεν
3631 1587 3728 1660 γάρ
3759 1586 3843 1640 καὶ

2210 1677 2309 1742 τήν
2337 1681 2436 1743 τῆς
2470 1674 2895 1748 μεγαλοπόλεως
2928 1674 3156 1744 ἤλπιζεν
3215 1672 3467 1746 ἅλωσιν),
3501 1673 3689 1748 ὀλίγον
3715 1676 3846 1728 κατά

2211 1763 2434 1818 Νίκαιαν
2493 1763 2804 1836 διαμείνας,
2869 1765 3115 1838 ὁρμήσας
3167 1762 3358 1818 αὐτίκα
3414 1761 3504 1816 καί
3558 1763 3694 1818 κατὰ
3747 1764 3842 1830 τὴν

2209 1850 2387 1920 πύλην
2429 1853 2661 1927 γεγονὼς
2711 1852 2800 1906 τὸν
2852 1853 3130 1924 κονιορτὸν
3187 1855 3292 1906 τῶν
3358 1849 3606 1926 βλαυτῶν
3657 1851 3842 1905 ἀποτι-

2210 1939 2499 2012 ναξάμενος
2556 1941 2630 2003 ὡς
2683 1941 2756 2001 εἷς
2813 1940 3104 2014 μαρτύριον
3161 1939 3318 2003 δῆθεν
3374 1938 3556 2011 ἐξῄει,
3615 1940 3704 1992 καὶ
3758 1936 3842 1992 διὰ

2210 2032 2306 2082 τοῦ
2362 2029 2497 2082 κατᾶ
2550 2030 2647 2096 τὴν
2709 2027 3056 2084 Ἐλενόπολιν
3105 2031 3202 2096 τῆς
3261 2026 3534 2096 θαλάσσης
3593 2029 3840 2102 πορομοῦ

2210 2116 2343 2192 πρὸς
2403 2116 2600 2170 ἐκεῖνον
2659 2117 2937 2190 ἠπείγετο,
3002 2117 3112 2188 ἅμα
3172 2117 3266 2187 μὲν
3317 2115 3673 2186 ένασμενίζων
3707 2114 3843 2169 έκεῖ-

2211 2205 2296 2258 θεν
2341 2208 2408 2277 τῇ
2467 2204 2524 2258 ἐκ
2585 2203 2848 2278 βασιλέως
2895 2203 3229 2278 παραμυθίᾳ,
3280 2203 3392 2275 ἅμα
3422 2200 3479 2257 δὲ
3517 2203 3606 2256 καὶ
3641 2202 3844 2276 μεγάλα

2210 2291 2432 2364 ἤλπιζε,
2487 2291 2956 2367 συγ-κροτουμένην
3021 2293 3206 2366 μάχην
3279 2289 3496 2366 βλέπων
3555 2292 3694 2346 κατὰ
3751 2298 3844 2360 τῆς

2209 2376 2444 2452 πόλεως,
2476 2383 2550 2444 ὡς
2597 2379 2837 2450 ἀλούσης
2891 2380 3082 2434 αὐτίκα
3135 2387 3235 2449 τῆς
3292 2379 3617 2450 Ἐκκλησίας
3651 2374 3842 2449 ἐπιϐη-

2210 2469 2459 2541 σόμενος,
2492 2466 2828 2543 ἀπαλλαγεὶς
2858 2468 3089 2530 Νικαίας
3135 2468 3223 2523 καὶ
3282 2473 3390 2523 τῶν
3452 2467 3580 2523 ἐκεῖ·
3615 2469 3701 2522 Ἐν
3736 2467 3843 2539 δσῳ

2211 2556 2390 2627 δὲτὴν
2435 2557 2628 2630 μεταξὺ
2659 2557 2877 2629 πορείαν
2912 2555 3146 2628 διήνυεν,
3180 2555 3230 2611 ἐν
3288 2561 3354 2630 τῇ
3417 2551 3704 2632 Σηλυϐρίᾳ
3757 2556 3843 2610 καὶ

2207 2774 2366 2828 bant.
2392 2774 2593 2845 Itaque
2615 2790 2747 2829 cum
2774 2773 2887 2829 alia
2917 2790 3031 2830 non
3065 2775 3462 2845 procederent,
3493 2774 3561 2829 de
3593 2777 3840 2831 transfe-

2207 2861 2402 2917 rendis
2433 2877 2632 2918 eorum
2656 2861 2914 2918 ecclesiis
2934 2861 2995 2916 in
3017 2862 3162 2918 alios
3192 2861 3445 2934 cogitare
3468 2862 3658 2934 coepit,
3684 2864 3839 2935 quod

2205 2953 2261 3006 et
2283 2954 2481 3021 postea
2503 2950 3010 3022 contigit.Interim
3035 2950 3181 3006 alios
3202 2951 3312 3006 sibi
3329 2951 3648 3023 adjungere
3662 2956 3846 3008 tenta-

2209 3038 2328 3106 bat,
2361 3039 2508 3092 119
2534 3037 2834 3108 multaque
2854 3044 2978 3094 erat
2997 3039 3453 3110 perturbatio,ac
3472 3055 3755 3111 magnum
3779 3041 3844 3096 de

459 3133 518 3187 in
568 3133 743 3188 Italos
792 3149 908 3188 non
957 3133 1161 3204 paucis
1209 3151 1276 3189 eo
1323 3133 1675 3199 condixeral,
1725 3135 1921 3190 animo
1969 3138 2095 3190 ten-
2128 3148 2170 3215 ρ
2208 3126 2337 3199 ipso
2368 3127 2600 3198 publice
2629 3127 2973 3183 scandalum
3006 3131 3197 3183 ortum
3228 3135 3336 3184 est.
3356 3132 3571 3184 Verum
3601 3128 3698 3183 alii
3731 3131 3844 3185 fere

457 3220 649 3275 tandaa
680 3220 1079 3292 occupationis
1109 3222 1261 3278 arcis
1299 3238 1367 3277 ex
1397 3223 1637 3278 adverso
1668 3222 1925 3294 Byzantii
1951 3223 2095 3291 sitae,

460 3306 554 3360 cui
585 3305 791 3362 Galata
821 3323 1055 3362 nomen.

462 3456 550 3510 17.
601 3457 665 3512 Ut
710 3456 1000 3513 Sardensis
1048 3467 1101 3514 et
1147 3457 1638 3530 Thessalonicensis
1687 3459 1930 3530 episcopi
1985 3476 2093 3516 non

614 3530 985 3584 consenserint
1015 3530 1073 3584 in
1101 3529 1549 3599 subrogationem
1572 3529 1936 3602 patriarcha.

529 3661 696 3717 Tunc
743 3659 923 3732 igitur
977 3661 1287 3718 Sardensis
1341 3663 1712 3720 Andronicus
1760 3669 1817 3720 et
1863 3663 2094 3720 Manuel

457 3748 993 3806 Thessalonicensis
1011 3749 1266 3821 episcopi
1286 3749 1479 3822 palam
1498 3751 1872 3807 declararunt
1896 3768 1957 3806 se
1979 3767 2093 3807 non

459 3838 706 3910 probare
735 3855 863 3910 quae
895 3839 1046 3895 facta
1073 3839 1323 3907 fuerant,
1372 3845 1753 3912 prastexentes
1782 3840 1993 3912 zelum,
2026 3858 2093 3897 ac

458 3942 574 3997 pra:
605 3942 669 3981 se
698 3926 949 3983 ferentes
979 3927 1356 3984 miseratione
1378 3946 1440 3985 se
1472 3930 1687 3985 moveri
1737 3931 2091 3987 exauctorati

458 4031 574 4069 non
589 4014 752 4083 juste
773 4014 1473 4089 patriarchas.Calophoro
1497 4034 1730 4090 quoque
1749 4019 2091 4093 Smyrnensi

458 4101 809 4174 displicebat
839 4104 1057 4160 factum
1092 4121 1105 4159 :
1138 4108 1407 4162 caeterum
1439 4105 1538 4162 ille
1570 4106 1738 4179 alias,
1770 4112 1834 4164 ut
1864 4108 1976 4180 ipsi
2005 4109 2091 4164 vi-

456 4191 969 4257 debatur,idoneas
992 4193 1164 4249 istius
1188 4194 1502 4264 suijudicii
1524 4211 1732 4252 causas
1747 4197 2088 4268 obtendens,

455 4295 594 4334 suas
625 4278 737 4335 sibi
760 4281 1074 4350 separatim
1098 4297 1189 4336 res
1214 4282 1438 4353 agebat.
1466 4282 1578 4336 Alii
1618 4284 1733 4340 duo
1774 4287 2090 4343 concordes

453 4366 511 4420 in
535 4365 607 4422 iis
637 4383 764 4438 quae
795 4368 968 4424 retuli
1001 4368 1233 4440 publice
1264 4368 1783 4441 allegandis,aliud
1808 4373 2087 4445 quiddam

453 4453 604 4510 clam
627 4455 990 4526 coquebant:
1015 4473 1148 4512 nam
1173 4473 1240 4512 ea
1261 4457 1389 4529 ipsa
1412 4474 1660 4529 quorum
1685 4461 2088 4532 desperatione

450 4542 923 4615 corrigendorum
980 4545 1262 4602 Arsenius
1321 4551 1661 4616 recesserat,
1717 4547 2086 4620 impatienter

452 4631 601 4686 ferre
632 4631 1008 4702 putabantur.
1031 4635 1103 4688 At
1133 4651 1316 4690 novus
1347 4652 1415 4690 ex
1444 4635 1656 4708 Ephesi
1688 4637 1959 4709 episcopo
1984 4657 2086 4710 pa-

450 4719 703 4776 triarcha
755 4721 1138 4793 Nicephorus,
1181 4723 1407 4793 judicio
1462 4724 1668 4796 synodi
1714 4742 1840 4798 quze
1886 4726 2084 4798 ipsum

451 4807 723 4878 elegerat,
747 4814 804 4864 et
825 4809 1010 4866 multo
1034 4811 1220 4883 magis
1241 4812 1610 4884 imperatoris
1641 4813 1938 4871 voluntate
1969 4816 2084 4872 fre-

451 4901 568 4965 tus,
625 4913 766 4953 auro
813 4897 990 4954 etiam
1047 4900 1354 4957 abundans
1415 4903 1584 4973 cujus
1638 4903 1755 4959 vim
1807 4920 2083 4977 magnam

447 4985 671 5056 Epheso
701 4985 1001 5058 exlulerat,
1034 4988 1286 5045 Nicaeam
1319 4992 1616 5062 pervenit;
1650 4992 1849 5065 ibique
1894 4995 2084 5050 multa

443 5073 600 5130 varie
642 5079 887 5132 conatus
919 5076 990 5131 ad
1022 5084 1374 5134 revocandos
1404 5078 1464 5134 in
1496 5081 1867 5137 concordiam
1901 5083 2078 5138 dissi-

443 5162 646 5219 dentes
675 5164 1001 5236 episcopos,
1021 5166 1091 5221 ad
1115 5171 1438 5222 extremum
1470 5168 1739 5224 incubuit
1768 5169 1828 5225 in
1860 5170 2077 5236 minas,

441 5249 718 5305 deterreri
751 5269 850 5308 eos
879 5268 1051 5324 posse
1069 5254 1514 5311 denuntiatione
1533 5254 1821 5313 malorum
1847 5275 2082 5330 magno-

439 5353 599 5407 pere
630 5354 894 5410 sperans.
948 5341 1056 5396 Sed
1107 5341 1328 5396 frustra
1374 5343 1433 5396 in
1483 5343 1591 5398 hoc
1633 5344 1869 5414 quidem
1922 5346 2078 5402 fuit:

441 5425 660 5497 quippe
714 5429 798 5484 ira
845 5428 1079 5483 illorum
1134 5429 1216 5484 sic
1266 5430 1452 5502 magis
1502 5431 1752 5501 irritata,
1787 5435 2079 5490 obfirmati

441 5514 633 5570 acrius
665 5516 722 5570 in
757 5517 1073 5588 proposito,
1107 5517 1283 5572 etiam
1317 5519 1588 5575 adversus
1639 5536 1782 5592 quas
1831 5523 1940 5578 iste
1991 5525 2080 5578 in-

440 5602 701 5658 tentabat
731 5621 932 5675 poenas
954 5619 1014 5660 se
1037 5603 1159 5660 risu
1191 5610 1641 5680 contemptuque
1664 5625 1898 5667 securos
1928 5612 2076 5667 ferc-

2207 3215 2483 3286 praesules
2509 3215 2886 3272 ecclesiarum
2942 3217 3069 3287 ejus
3117 3216 3587 3273 communionem
3622 3217 3842 3290 ample-

2205 3304 2531 3371 ctebantur,
2555 3305 2655 3360 sed
2684 3305 2898 3376 partim
2919 3304 3176 3360 volentes
3197 3305 3412 3376 partim
3435 3306 3622 3374 inviti,
3640 3307 3839 3378 paucis

2205 3409 2272 3447 ex
2320 3392 2503 3448 animi
2545 3392 2924 3448 sententiain
2955 3393 3084 3464 ejus
3142 3398 3336 3465 partes
3393 3395 3840 3460 inclinantibus,

2204 3480 2468 3551 Cumque
2497 3482 2591 3536 isti
2625 3498 2835 3536 arcano
2850 3481 3264 3538 dissentientes
3286 3482 3512 3538 occulta
3529 3483 3844 3540 suastudia

2205 3585 2319 3624 non
2369 3568 2537 3640 plane
2597 3568 3060 3640 dissimularent,
3092 3570 3286 3642 palam
3345 3569 3699 3627 dissidentes
3742 3589 3839 3628 eos

2203 3673 2350 3727 quos
2380 3656 2494 3712 dixi
2525 3657 2962 3714 observataista
2983 3659 3280 3714 fautorum
3301 3657 3610 3730 Nicephori
3631 3660 3847 3716 tituba-

2201 3743 2282 3800 tio
2327 3745 2386 3800 in
2436 3750 2632 3817 creptae
2682 3746 3045 3802 discissionis
3097 3746 3418 3819 pertinacia
3447 3747 3742 3804 ﬁrmabat.
3771 3751 3844 3804 At

2200 3833 2413 3890 laicum
2441 3834 2650 3906 vulgus
2673 3835 3057 3891 vehementer”
3097 3834 3444 3891 abhorrebat
3474 3852 3506 3890 a
3536 3851 3683 3891 novo
3738 3853 3839 3908 pa-

2202 3927 2375 3990 store,
2397 3927 2768 3995 veteremque
2791 3928 2854 3979 ut
2874 3923 3202 3995 legitimum
3227 3923 3578 3995 requirebat.
3602 3923 3695 3980 Sic
3717 3927 3840 3979 tur-

2201 4011 2354 4068 batis
2386 4012 2582 4083 rebus,
2604 4011 2964 4084 Nicephorus
2995 4012 3238 4068 audiens
3271 4013 3682 4084 imperatorem
3715 4029 3846 4068 ma-

2200 4117 2313 4173 gno
2344 4100 2480 4157 belli
2514 4109 2792 4174 apparatu
2826 4102 3134 4158 imminere
3164 4100 3400 4172 Celata,
3427 4107 3653 4158 certum
3701 4118 3844 4174 quo-

2198 4195 2287 4250 vis
2307 4194 2560 4266 periculo
2591 4195 2718 4265 ejus
2749 4194 3002 4266 presidii
3024 4193 3222 4267 potiri,
3244 4210 3599 4266 sperareque
3629 4209 3692 4251 se
3721 4211 3835 4251 non

2199 4283 2392 4338 solum
2413 4283 2541 4354 ejus
2560 4282 2675 4340 voti
2698 4288 3023 4355 compotem
3046 4285 3330 4354 futurum,
3357 4284 3457 4340 sed
3481 4284 3679 4356 ipsum
3702 4300 3844 4355 quo-

2200 4387 2312 4442 que
2363 4388 2638 4444 magnam
2686 4372 2890 4428 urbem
2937 4377 3212 4444 praterea
3259 4377 3591 4444 capturum,
3625 4388 3836 4444 parum

2197 4458 2393 4515 Nicaeae
2427 4465 2688 4516 moratus
2719 4460 2989 4516 discessit
3019 4461 3172 4531 inde,
3216 4465 3274 4517 et
3315 4461 3386 4516 ad
3432 4464 3661 4533 portam
3694 4459 3833 4517 civi-

2195 4549 2332 4604 tatis
2378 4565 2621 4605 excusso
2676 4547 2968 4605 solearum
3024 4549 3282 4620 pulvere,
3317 4548 3376 4602 in
3427 4548 3836 4604 testimonium

2196 4637 2436 4705 scilicet,
2484 4637 2677 4694 exivit.
2711 4637 2960 4709 Moxque
3006 4653 3109 4707 per
3156 4637 3368 4692 fretum
3417 4634 3840 4708 Helenopoleos

2195 4727 2265 4781 ad
2291 4725 2485 4798 ipsum
2519 4726 2828 4792 ferebatur,
2855 4725 3034 4781 simul
3091 4727 3472 4782 recreandum
3496 4741 3556 4782 se
3589 4726 3669 4781 ibi
3703 4742 3836 4798 spe-

2194 4831 2331 4871 rans
2346 4815 2617 4887 praesenti
2633 4814 3412 4886 consolationeimperatoris
3435 4814 3550 4886 ipsi
3574 4814 3836 4888 propitii,

2193 4903 2370 4958 simul
2401 4902 2662 4975 amplum
2686 4902 2801 4959 sibi
2823 4906 2887 4958 et
2907 4902 2978 4958 ad
3004 4902 3257 4958 rationes
3290 4907 3525 4958 caeteras
3555 4907 3835 4974 opportu-

2193 5009 2334 5048 num
2367 4997 2530 5047 ratus
2562 4993 2764 5048 adesse
2793 4991 2910 5047 illic
2952 5006 3015 5046 se
3065 4995 3433 5062 praesentem,
3467 5006 3603 5046 cum
3636 4991 3837 5047 civitas

2191 5081 2368 5150 regia,
2394 5081 2549 5150 quod
2568 5080 2728 5136 brevi
2750 5079 3008 5135 futurum
3027 5079 3448 5150 augurabatur,
3469 5077 3836 5152 oppugnanti

2191 5184 2345 5222 nunc
2373 5184 2500 5223 eam
2534 5167 2872 5240 imperatori
2901 5167 3245 5223 redderetur
3270 5183 3282 5222 :
3307 5168 3395 5224 sic
3425 5167 3582 5224 enim
3615 5168 3736 5224 fore
3767 5168 3834 5221 ut

2188 5257 2313 5327 ipse
2345 5256 2544 5312 statim
2575 5256 2634 5311 in
2667 5255 2826 5312 illam
2857 5256 3158 5328 ingressus
3189 5271 3382 5312 veram
3417 5253 3827 5327 patriarchalis

2189 5344 2278 5400 sui
2327 5343 2521 5400 throni
2574 5344 2800 5416 primus
2863 5341 3293 5416 possessionem
3329 5343 3523 5410 iniret,
3552 5342 3740 5398 Nicaea
3768 5342 3825 5395 et

2189 5433 2419 5489 infensa
2448 5432 2565 5487 illic
2596 5433 2708 5488 sibi
2739 5432 2905 5504 plebe
2930 5431 3124 5488 valere
3152 5431 3430 5505 deinceps
3452 5434 3645 5503 jussa.
3681 5432 3825 5486 Dum

2189 5525 2384 5577 autem
2416 5519 2512 5576 ille
2544 5520 2601 5576 in
2633 5536 2698 5576 eo
2732 5520 2941 5576 itinere
2972 5525 3079 5586 est,
3105 5519 3380 5591 Selybrizn
3411 5520 3603 5576 adhuc
3631 5521 3826 5590 Augu-

2189 5615 2314 5668 stus
2337 5609 2936 5681 morabatur,quando
2956 5613 3010 5665 et
3031 5607 3375 5664 Sardensem
3393 5607 3608 5664 ibidem
3625 5607 3826 5664 adesse
