4154 6286
322 403 429 458 557

1390 408 1487 459 DE
1524 404 1894 459 MICHAELE
1932 401 2372 458 PALEOLOGO
2408 402 2540 456 LIB.
2583 405 2654 456 II.

3611 403 3723 457 558

322 525 402 581 ἔτι
433 530 499 595 ἤν
553 528 580 581 6
640 532 874 602 κρατῶν,
933 526 1021 582 ὅτε
1079 523 1269 597 συνέϐη
1328 529 1417 582 καὶ
1473 525 1814 601 Ἀνδρόνικον
1872 528 1961 581 τὸν
1994 539 2044 602 Α
2078 522 2126 579 δ’
2155 524 2306 601 ἀφεὶς
2338 524 2641 600 παραυτίκα
2668 522 2943 599 ἐξερχεται
2971 527 3068 578 τοῦ
3126 525 3248 598 νεὼ,
3310 524 3383 588 ὡς
3443 527 3473 579 δ
3526 547 3575 581 τι
3636 528 3724 591 0%.-

322 613 576 688 Σάρδεων
637 614 809 670 ἐκεῖσε
880 621 1146 691 παρεῖναι.
1208 624 1361 670 Δτοιν
1428 616 1530 690 γὰρ
1593 614 1965 690 σχιζομένοιν,

317 705 486 759 αύτοῦ
543 725 601 758 τε
656 704 746 758 καὶ
794 708 890 759 τοῦ
950 705 1341 775 Θεσσαλονίκης
1399 703 1705 777 Μανουήλ,
1766 703 1969 766 ἐκεῖνος

324 794 422 866 μὲν
454 793 641 847 ἑαυτὸν
675 793 756 853 εἷς
786 791 994 867 ἐξορίαν
1026 790 1205 847 ἐδίδου
1226 794 1314 848 καὶ
1345 792 1650 867 ἐξωρίζετο.

324 906 419 970 ιη’.
453 902 639 961 Ὅπως
673 900 700 952 6
747 897 1002 974 Σάρδεων
1042 899 1177 974 κατᾷ
1207 901 1307 968 τήν
1359 895 1673 974 Σηλυϐρίαν
1726 900 1970 973 μοναχὸς

981 972 1320 1045 ἀπεκείρατο.

392 1060 450 1113 Ὀ
483 1056 538 1113 δὲ
569 1055 820 1131 Σάρδεων
846 1058 1012 1135 σοφόν
1042 1080 1092 1113 τι
1114 1058 1365 1132 οἰόμενος
1396 1057 1670 1133 πράττειν,
1706 1057 1750 1111 εἰ
1782 1059 1856 1129 μὴ
1890 1061 1970 1129 τῷ

328 1145 543 1220 βασιλεῖ
586 1144 918 1220 διαμάχοιτο
975 1149 1071 1201 τοῦ
1116 1146 1613 1223 πατριαρχεύοντος
1668 1146 1967 1223 ἀφιστάμε-

322 1257 434 1303 νος,
482 1230 615 1309 ἔγνω
649 1231 719 1289 δι’
752 1233 930 1305 ἄλλης
955 1233 1084 1290 ὀδοῦ
1116 1235 1367 1299 ὑπελθεῖν
1398 1237 1488 1290 τὸν
1518 1239 1835 1309 κρατοῦντα.
1870 1232 1967 1287 Καὶ

321 1323 417 1391 δὴ,
448 1322 561 1377 ἐπεὶ
614 1324 641 1377 6
692 1324 785 1395 μὲν
847 1321 1248 1402 Φιλαδελφείας
1306 1324 1633 1384 Ἰωαννίκιος
1679 1321 1814 1376 κατᾶ
1867 1322 1965 1390 τήν

321 1412 497 1483 μονὴν
523 1414 622 1465 τοῦ
655 1414 913 1486 Σωτῆρος
946 1412 1221 1486 ἱερούργει
1270 1416 1367 1466 τοῦ
1418 1410 1687 1483 βασιλέως
1735 1430 1964 1484 προτρε-

314 1500 588 1570 ψαμένου,
651 1499 679 1552 6
742 1497 799 1553 δὲ
861 1497 1113 1575 βασιλεὺς
1146 1506 1322 1575 παρῆν
1353 1500 1441 1553 καὶ
1487 1500 1514 1553 6
1547 1496 1793 1570 Σάρδεων
1823 1519 1964 1571 συμ-

312 1590 534 1659 παρῆν,
588 1586 909 1659 προσελθὼν
966 1588 1130 1649 αὐτὸς
1189 1593 1268 1659 τῷ
1327 1585 1542 1661 βασιλεῖ
1588 1585 1711 1659 περὶ
1770 1586 1964 1640 ἐαυτοῦ

313 1674 727 1746 ὑπεμίμνησκεν
808 1676 883 1737 ὡς
941 1677 1006 1729 τά
1071 1680 1177 1730 τῶν
1232 1680 1487 1749 μοναχῶν
1546 1673 1964 1747 ἆναὶηψόμενος

311 1766 435 1819 ταῖς
490 1764 591 1813 τοῦ
648 1758 1049 1834 Φιλαδελφείας
1108 1763 1264 1838 χερσί
1300 1808 1313 1820 .
1371 1762 1471 1816 Καὶ
1531 1761 1588 1823 ὅς
1654 1758 1801 1834 (οὐδὲ
1857 1760 1960 1835 γὰρ

309 1847 499 1921 ἠγνόει
546 1848 608 1901 τὸ
656 1854 757 1917 τῆς
804 1851 1030 1923 γνώμης
1080 1855 1176 1904 τοῦ
1236 1849 1491 1923 λὲγοντος
1538 1848 1776 1904 ὕπουλον
1809 1892 1825 1920 ,
1886 1848 1959 1909 ὡς

308 1933 526 2005 ἓξοντός
584 1957 757 2004 ποτε,
816 1938 862 1991 εἰ
895 1939 1102 2013 αἱροῖτο
1135 1986 1150 2010 ,
1210 1938 1475 2014 πρόφασιν
1533 1939 1632 2006 τὴν
1688 1941 1785 1991 τοῦ
1843 1934 1963 1993 ἄνα·

312 2045 441 2085 κτος
502 2024 796 2099 παρουσίαν
832 2069 846 2094 ,
915 2027 988 2087 ὡς
1054 2027 1144 2100 βίᾳ
1198 2026 1266 2101 τῇ
1319 2026 1517 2081 ἐκεῖθεν
1576 2021 1841 2087 λαϐόντος
1897 2024 1959 2079 τὸ

318 2117 528 2183 σχῆμα·
590 2108 730 2183 μηδὲ
786 2111 886 2187 γάρ
944 2108 1118 2168 Θέλειν
1181 2113 1240 2167 ἐκ
1294 2115 1705 2189 προαιρέσεως),
1752 2112 1949 2165 ἐκεῖνον

321 2200 419 2271 μὲν
503 2199 588 2253 καὶ
671 2199 723 2253 τί
789 2200 972 2264 παθὼν
1061 2200 1305 2275 διηρώτα
1381 2200 1950 2275 μετασχηματίζεσθαι

315 2284 600 2360 βούλοιτο,
650 2288 738 2343 καὶ
771 2288 847 2350 εἲς
874 2290 927 2344 τί
980 2288 1195 2363 βλέπων
1235 2290 1325 2345 τὸν
1357 2291 1588 2366 ἡσύχιον
1621 2289 1710 2344 καὶ
1744 2289 1953 2362 ἀπράγ-

310 2396 450 2446 μονα
511 2376 630 2450 βίον
687 2378 919 2450 αἱροῖτο“
982 2375 1137 2448 Πλὴν
1193 2376 1389 2446 οὐδεὶς,
1446 2378 1655 2452 ἔλεγεν,
1700 2378 1726 2430 6
1776 2374 1952 2430 κωλύ-

306 2484 436 2535 σων,
502 2463 545 2517 εἶ
604 2463 745 2519 οὕτω
807 2464 1084 2539 βούλεται.
1142 2465 1378 2522 Ἐκείνου
1419 2463 1477 2520 δὲ
1503 2466 1597 2527 τὰς
1627 2464 1798 2525 αἰτίας
1829 2485 1950 2517 συν-

308 2552 552 2627 είροντος
585 2556 664 2626 [Ρ.
699 2556 789 2627 78]
841 2554 929 2608 καὶ
976 2556 1077 2623 τήν
1127 2559 1221 2609 τοῦ
1263 2555 1664 2627 ὑπονοουμὲνου
1723 2549 1949 2608 σκανδά-

308 2639 413 2695 λου
446 2637 600 2713 δόξαν
635 2638 722 2695 διὰ
750 2640 979 2697 πολλῶν
1031 2641 1396 2718 ἀναιροῦντος,
1442 2644 1469 2697 6
1523 2638 1775 2717 βασιλεὺς
1831 2636 1951 2693 δια-

308 2728 510 2802 κόψας,
560 2727 675 2783 ἐπεὶ
720 2730 808 2783 καὶ
854 2730 921 2784 τὰ
976 2736 1076 2799 τῆς
1130 2730 1469 2806 λειτουργίας
1517 2729 1738 2802 ἤνυστο,
1787 2748 1953 2802 προσ-

309 2816 539 2890 ἐρχεται
616 2818 705 2890 μὶν
775 2823 853 2890 τῷ
932 2818 1383 2895 λειτουργήσαντι
1439 2818 1527 2874 καὶ
1589 2816 1949 2893 σφραγίζεται,

316 2901 512 2959 λαϐὼν
544 2904 615 2966 εἷς
648 2907 902 2981 άγιασμὸν
935 2907 1024 2961 καὶ
1078 2906 1170 2962 τόν
1223 2908 1365 2983 ἱερὸν
1424 2905 1663 2981 κλάσμα,
1721 2903 1953 2964 ἐκείνους

314 3120 576 3192 contigit.
606 3120 746 3178 Nam
771 3123 1021 3177 duorum
1047 3122 1384 3179 schismatis
1406 3126 1711 3178 auctorum
1737 3120 1954 3175 Andro-

310 3211 431 3267 nici
471 3212 776 3268 Sardensis
831 3216 888 3267 et
930 3212 1467 3269 Thessalonicensis
1515 3210 1821 3277 Manuelis,
1856 3210 1953 3264 hic
1983 3252 2026 3319 ρ

308 3301 549 3373 quidem
581 3300 733 3356 ultro
764 3301 1034 3357 exsilium
1067 3301 1180 3356 sibi
1213 3302 1582 3357 eonsciscens
1613 3305 1772 3355 extra
1801 3299 1949 3355 120

308 3390 459 3445 ﬁnes
491 3397 826 3445 recesseral.

320 3496 405 3550 18.
437 3497 499 3553 Ut
526 3496 826 3552 Sardensz’s
870 3498 1032 3624 αρτιιέ
1057 3498 1358 3624 ἱςι‹ῖιει)ι·ἰαγη
1388 3500 1450 3555 in
1501 3497 1829 3554 monachum
1876 3497 1952 3552 sit

1035 3585 1064 3624 ε
1091 3585 1273 3624 omus.

1035 3585 1273 3625 eramus.

392 3656 705 3712 Sardensis
734 3670 869 3711 vero
899 3657 1194 3729 sapienter
1241 3674 1302 3714 se
1341 3657 1633 3714 facturum
1681 3661 1866 3727 ratus,
1899 3655 1948 3712 si

319 3760 437 3799 non
487 3744 684 3815 palam
744 3750 1098 3816 repugnaret
1152 3746 1513 3820 imperatori,
1558 3746 1948 3818 patriarcham

315 3846 491 3901 quem
522 3830 619 3886 ille
643 3832 916 3902 probaret
945 3833 1238 3903 rejiciens,
1273 3834 1446 3890 aliam
1480 3834 1794 3890 ineundam
1838 3831 1952 3888 sibi

310 3918 605 3974 rationem
646 3919 813 3974 duxit
844 3919 1184 3977 insinuandi
1207 3939 1334 3978 sese
1355 3926 1413 3977 et
1434 3922 1642 3977 callida
1659 3922 1855 3994 ipsum
1873 3918 1954 3974 si-

316 4006 641 4062 mulatione
663 4006 1127 4081 fallendthaque
1141 4025 1271 4065 cum
1292 4010 1952 4081 Joanniciusepiscopus

317 4093 734 4167 Philadelphia
765 4102 971 4169 rogatu
1003 4098 1373 4171 imperatoris
1405 4104 1461 4155 et
1499 4099 1626 4172 ipso
1674 4102 1955 4169 praesente

315 4183 475 4254 apud
508 4184 930 4240 monasterium
962 4186 1278 4246 Salvatoris
1310 4203 1540 4243 sacrum
1572 4187 1802 4254 faceret,
1826 4186 1953 4241 Sar-

314 4269 540 4338 densis,
557 4272 655 4342 qui
674 4276 730 4328 et
750 4272 878 4344 ipse
900 4275 1120 4342 aderat,
1145 4276 1425 4332 accedens
1448 4276 1517 4331 ad
1544 4274 1952 4347 imperatorem

314 4357 600 4415 indicavit
630 4359 742 4430 ipsi
774 4376 903 4416 esse
937 4362 1050 4417 sibi
1084 4361 1144 4418 in
1178 4364 1372 4419 animo
1404 4380 1636 4420 sacrum
1681 4361 1954 4418 monachi

316 4444 586 4501 habitum
611 4445 940 4503 ibisumere
972 4448 1247 4523 manibus
1288 4449 1838 4522 Philadelphiensis.
1864 4448 1951 4503 Ad

321 4549 450 4604 quae
487 4531 804 4605 imperator
842 4552 958 4592 non
1011 4537 1251 4608 ignarus
1281 4542 1476 4594 astuta
1506 4539 1563 4593 id
1614 4537 1728 4593 dici
1758 4541 1815 4592 et
1856 4536 1950 4608 agi

2076 613 2221 668 λοιεν
2276 612 2508 675 ἀπόντος
2567 613 2771 668 ἐκείνου
2825 611 3162 687 πράξοντας.
3215 615 3273 670 Ὀ
3330 611 3386 668 δὲ
3429 614 3517 668 καὶ
3577 614 3721 670 οὕτω

2074 701 2437 776 προσέρχεται
2466 700 2554 755 καὶ
2610 702 2672 755 τὸ
2706 705 2899 776 σχῆμα
2951 699 3189 775 δέχεται,
3251 701 3569 767 Ἀθανάσιος
3600 702 3714 758 ἀντ’

2075 786 2421 863 Ἀνδρονίκου
2453 789 2795 862 ὀνομασθείς.

2076 896 2157 948 ιο’.
2216 893 2403 953 Ὀπῶς
2457 890 2662 947 πολλοὶ
2718 896 2826 971 τῶν
2880 892 3349 965 ἐκκλησιαστικῶν
3405 892 3474 950 δι’
3527 894 3719 971 ὀλίγου

2724 966 3067 1035 θνήσκουσιν.

2143 1053 2445 1125 Θαυμάσειε
2499 1049 2545 1105 δ’
2594 1051 2653 1106 ἄν
2702 1073 2784 1115 τις
2830 1054 2918 1108 καὶ
2965 1055 3064 1124 τήν
3098 1051 3256 1125 δίκην
3285 1055 3427 1111 τότε·
3464 1052 3590 1110 οὐδὲ
3616 1054 3716 1131 γάρ

2072 1139 2123 1210 ἐξ
2181 1140 2494 1213 αὐτομάτου
2540 1139 2781 1215 γενέσθαι
2846 1143 2937 1197 τὸν
3010 1144 3184 1198 τόσων
3254 1142 3718 1215 ἐκκλησιαστικιῖω

2072 1227 2352 1301 ἀρχόντων
2439 1229 2798 1284 ὑποτοπάσειε
2890 1230 3153 1286 θάνατον’
3239 1234 3531 1303 θνήσκουσι
3612 1231 3714 1308 γὰρ

2070 1314 2228 1390 ἐγγὺς
2285 1321 2390 1370 τῶν
2452 1314 2577 1371 δέκα
2634 1317 2783 1372 ἐννέα
2815 1324 3000 1391 μηνῶν
3045 1317 3231 1394 ἄνδρες
3261 1318 3405 1375 πολὺ
3431 1319 3492 1374 τὸ
3520 1320 3715 1393 σεμνὸν

2069 1409 2158 1461 καὶ
2213 1408 2531 1482 ἆξιοπρεπὶς
2585 1406 2827 1483 ἔχοντες.
2892 1412 3005 1485 Ἐφ’
3064 1413 3146 1473 οἷς
3206 1407 3384 1485 ἔλεγεν
3442 1412 3470 1465 6
3517 1407 3715 1485 τοῦναρ

2072 1492 2201 1548 ἰδὼν
2232 1495 2496 1570 πρότερον
2526 1498 2560 1565 ἢ
2595 1498 2769 1551 θανεῖν
2806 1497 2943 1553 ἐκείν
2988 1499 3068 1561 υς’
3100 1526 3162 1546 =
3213 1500 3241 1553 6
3292 1500 3493 1560 Βέκκος
3543 1495 3588 1552 δ’
3639 1500 3709 1567 ἦν

2071 1583 2225 1645 οὗτος
2280 1583 2551 1654 Ἰωάννης,
2613 1583 2671 1647 ὅς
2713 1584 2995 1659 ἐσύστερον
3051 1587 3140 1641 καὶ
3194 1586 3326 1659 μετά
3369 1588 3462 1641 τὸν
3511 1605 3719 1661 χαρτο-

2070 1669 2284 1744 φύλακα
2356 1672 2795 1748 πατριαρχεύσας
2869 1672 3060 1729 πολλᾶ
3130 1675 3364 1730 πέπονθε
3419 1674 3485 1729 τὰ
3540 1672 3711 1747 δεινὰ,

2068 1759 2143 1820 ὡς
2175 1761 2202 1814 6
2255 1759 2422 1834 λόγος
2463 1762 2599 1816 κατὰ
2652 1762 2743 1816 τὸν
2798 1762 2988 1837 καιρὸν
3042 1760 3173 1837 ἐρεῖ.
3205 1796 3274 1805 --
3301 1762 3378 1819 Τὸ
3421 1768 3548 1837 γοῦν
3582 1760 3711 1836 ὄναρ

2068 1847 2270 1909 ἐκεῖνος
2328 1845 2456 1903 ἰδὼν
2516 1848 2836 1925 ἐξήγγελλεν
2896 1850 3088 1912 οὕτως.
3152 1848 3340 1922 Ἔδοξε
3366 1853 3467 1926 γὰρ
3498 1850 3581 1906 ἐπ’
3611 1850 3710 1926 ἆγ-

2071 1933 2345 2008 χωμάλου
2394 1934 2583 1991 πεδίου
2657 1935 3045 2012 διερχομένους
3105 1938 3378 2012 ἐφίππους
3433 1938 3559 2003 τοὺς
3615 1941 3714 2012 ἄρ·

2072 2041 2295 2095 χοντας,
2328 2021 2543 2090 πολλὴν
2578 2020 2895 2095 ἐξηνυκότας
2947 2021 3094 2093 ὁδὸν,
3150 2025 3285 2079 κατᾶ
3350 2023 3546 2099 χεῖλος
3578 2031 3710 2093 στῆ-

2060 2131 2145 2163 ναι
2206 2110 2457 2184 μεγίστου
2514 2111 2603 2165 καὶ
2662 2106 2900 2188 φοϐεροῦ
2956 2117 3212 2185 ποταμοῦ
3259 2112 3705 2188 παραρρέοντος,

2061 2196 2310 2273 ἄρξασθαι
2380 2196 2427 2252 δ’
2501 2200 2736 2262 ἐκείνους
2810 2201 2947 2255 κατὰ
3017 2202 3115 2270 τήν
3166 2200 3310 2274 τάξιν
3370 2204 3465 2255 τοῦ
3524 2201 3703 2278 σφίσιν

2059 2281 2480 2359 άποϐησομένου
2545 2287 2775 2342 θανάτου
2850 2292 3016 2364 περᾷν
3096 2293 3310 2361 πρῶτον
3382 2285 3537 2343 τόνδε
3612 2290 3703 2343 καὶ

2062 2371 2305 2446 δεύτερον
2364 2372 2521 2429 τόνδε
2559 2376 2648 2429 καὶ
2688 2374 2876 2453 ἐφεξῆς
2931 2375 3058 2438 τοὺς
3107 2374 3356 2450 λοιπούς,
3416 2374 3544 2431 οὐδὲ
3594 2378 3694 2451 γάρ

2061 2459 2254 2517 σύνδυο
2294 2465 2385 2516 καὶ
2444 2463 2686 2539 σύντρεις
2744 2463 3113 2537 ἐπεραιοῦντο,
3173 2462 3302 2519 ἀλλ’
3358 2466 3435 2528 εἷς
3473 2461 3698 2525 ἕκαστος

2058 2551 2175 2604 καθ’
2203 2550 2381 2608 αὐτόν.
2426 2552 2516 2613 Ὠς
2563 2556 2693 2627 γοῦν
2728 2553 2755 2605 6
2809 2551 3028 2627 βλέπων
3086 2551 3371 2625 ἱστάμενος
3417 2553 3507 2608 καὶ
3564 2554 3697 2608 θεω-

2061 2641 2168 2712 ρῶν
2251 2638 2628 2710 ἐξεπλήττετο,
2715 2638 3005 2719 ἔμφροντις
3073 2638 3146 2695 ὢν
3225 2640 3474 2703 κάκεῖνος
3547 2642 3697 2704 ὅπως

2060 2729 2512 2800 περαιωθήσεται,
2591 2728 2775 2783 ἀκούει
2851 2735 3034 2806 φωνῆς
3108 2726 3329 2785 ἔκποθεν
3390 2728 3699 2803 διικνουμέ-

2057 2836 2179 2884 νης·
2245 2840 2265 2866 ι
2322 2816 2387 2871 Τί
2446 2815 2744 2893 φροντίζεις
2776 2832 2793 2886 ;
2853 2816 2914 2871 ού
2947 2815 3008 2871 σὺ
3036 2821 3122 2871 νῦν
3154 2812 3378 2892 διεϐήσῃ
3414 2819 3509 2873 τὸν
3536 2838 3704 2873 ποτα·

2064 2903 2184 2974 μόνο
2242 2906 2362 2959 "Evr
2409 2904 2510 2979 γὰρ
2558 2905 2743 2978 καιρὸς
2785 2905 2905 2958 καθ’
2945 2903 3001 2959 δν
3051 2906 3139 2959 καὶ
3189 2904 3346 2968 αὐτὸς
3387 2904 3435 2978 ἐξ
3470 2907 3701 2983 ἀνάγκης

2065 3117 2421 3189 abrumpens
2450 3117 2787 3191 imperator,
2818 3118 2920 3174 ubi
2951 3119 3133 3177 missa
3158 3125 3393 3192 peracta
3443 3125 3552 3192 est,
3604 3138 3702 3178 ac-

2064 3205 2239 3262 cessit
2268 3208 2338 3262 ad
2362 3207 2777 3275 celebrantem,
2802 3211 2858 3263 et
2878 3224 3007 3265 sese
3024 3225 3194 3265 cruce
3217 3209 3459 3281 signans
3473 3227 3699 3267 sacram

2064 3294 2413 3365 particulam
2438 3295 2548 3351 rite
2577 3296 2855 3368 sumpsit,
2888 3313 3135 3367 moxque
3166 3297 3385 3370 templo
3415 3300 3697 3355 excedens

2059 3382 2219 3455 ipsos
2242 3384 2480 3456 reliquit
2510 3385 2855 3452 facturos,se
2884 3386 3123 3443 absente
3143 3388 3430 3459 quidquid
3461 3387 3700 3444 vellent.

2058 3470 2348 3527 Processit
2380 3472 2764 3529 nihilominus
2793 3474 3100 3531 Sardensis
3133 3475 3205 3531 ad
3236 3475 3621 3545 destinatum,
3642 3480 3700 3533 et

2060 3559 2327 3615 monachi
2341 3558 2608 3617 habitum
2623 3578 2754 3618 sum
2761 3561 2976 3634 psit,ex
2996 3564 3326 3621 Andronico
3339 3564 3699 3623 Athanasius

2057 3651 2322 3704 vocatus.

2060 3754 2148 3810 49.
2194 3754 2259 3811 Ut
2311 3755 2475 3810 multi
2519 3754 3012 3883 ecclesiasticoi-urn
3068 3759 3219 3815 brevi
3272 3763 3511 3833 tempore
3566 3760 3701 3819 sint.

2768 3844 2886 3883 mor
2912 3846 2996 3883 ua.

2768 3844 2972 3885 mortua
2982 3869 2996 3884 .

2132 3915 2280 3971 121
2310 3913 2548 3971 Miretur
2571 3918 2766 3970 autem
2786 3915 3084 3988 quispiam
3105 3921 3246 3973 tunc
3269 3921 3574 3974 ostensum
3596 3918 3701 3975 Dei

2053 4002 2365 4073 judicium.
2398 4002 2523 4059 Non
2544 4002 2700 4059 enim
2723 4019 2860 4059 casu
2880 4004 3193 4076 contigisse
3214 4009 3300 4061 tot
3319 4005 3497 4061 simul
3514 4006 3700 4062 eccle-

2062 4090 2431 4147 siasticorum
2444 4091 2778 4163 principum
2792 4092 2988 4149 obitus
3001 4093 3289 4165 suspicari
3303 4093 3703 4151 verisimiliter

2061 4178 2212 4235 licet.
2244 4179 2459 4235 Mortui
2487 4179 2705 4251 quippe
2737 4185 2878 4237 sunt
2906 4181 3096 4253 spatio
3130 4182 3247 4239 fere
3295 4183 3699 4239 novemdecim

2062 4267 2356 4324 mensium
2385 4269 2494 4324 viri
2526 4269 2873 4326 auctoritate
2894 4270 3294 4343 dignitateque
3310 4286 3543 4328 summa
3566 4288 3701 4328 con-

2063 4355 2273 4427 spicui,
2296 4372 2547 4428 quorum
2569 4356 2765 4413 obitus
2788 4358 3129 4430 praedixerat
3152 4359 3249 4431 qui
3267 4358 3338 4414 de
3357 4358 3431 4415 iis
3451 4374 3703 4431 promo-

2063 4444 2222 4501 nitus
2252 4461 2355 4517 per
2383 4445 2676 4501 somnium
2701 4447 2907 4503 fuerat.
2939 4450 3073 4503 Erat
3094 4447 3147 4503 is
3171 4447 3427 4504 Joannes
3459 4447 3701 4516 Veccus,

2061 4534 2160 4604 qui
2193 4538 2417 4606 postea,
2439 4537 2754 4607 postquam
2773 4533 3194 4608 chartophylax
3216 4536 3425 4604 fuerat,
3450 4535 3705 4609 patriar-

320 4621 563 4689 ratione,
597 4626 661 4678 ut
692 4623 922 4695 deinde,
957 4640 1089 4681 cum
1121 4641 1184 4682 se
1203 4625 1313 4696 ipsi
1355 4627 1517 4682 daret
1545 4625 1952 4698 opportunitas
1982 4610 2028 4676 D
2066 4621 2176 4678 cha
2200 4622 2388 4678 factus
2418 4621 2605 4678 multa
2634 4622 2692 4677 in
2725 4638 2794 4678 ea
2819 4622 3103 4694 dignitate
3134 4623 3335 4696 gravia
3355 4640 3569 4697 passus
3585 4629 3702 4693 est,

319 4710 676 4783 deponendae
709 4711 900 4781 larvae,
925 4714 1154 4770 causari
1185 4715 1495 4771 Sardensis
1525 4720 1724 4787 posset
1740 4715 1796 4771 vi
1817 4716 1957 4771 ada-

319 4805 478 4855 ctum
498 4816 623 4857 sese
647 4802 886 4858 minime
908 4803 1195 4860 volentem
1218 4806 1289 4860 ab
1304 4805 1656 4877 imperatore
1676 4808 1959 4875 praesente

322 4890 391 4944 ad
424 4894 645 4946 vestem
678 4892 1063 4949 monasticam
1094 4894 1475 4963 induendam,
1501 4893 1770 4965 quaesivit
1799 4910 1866 4949 ex
1891 4909 1956 4949 eo

326 4978 465 5047 quid
515 4994 729 5049 passus
777 4978 989 5050 quidve
1032 4997 1285 5053 sequens
1328 4985 1618 5036 mutatum
1664 4981 1772 5037 iret
1821 4998 1955 5037 cum

322 5063 529 5120 habitu
560 5064 689 5120 vita:
720 5066 968 5123 formam
990 5085 1057 5125 ex
1079 5074 1317 5125 actuosa
1337 5070 1397 5124 in
1416 5068 1794 5140 tranquillam
1819 5073 1963 5126 otio-

319 5169 567 5224 samque
597 5169 660 5210 se
706 5156 1087 5214 transferens.
1140 5157 1447 5224 Caeterum,
1496 5156 1743 5229 addidit,
1788 5175 1959 5215 nemo

319 5241 593 5312 prohibet
615 5242 754 5313 quin
781 5243 960 5300 facias
993 5246 1194 5316 utique
1217 5246 1369 5317 quod
1390 5244 1557 5301 velis.
1581 5245 1684 5301 Hic
1706 5245 1961 5301 Sarden-

318 5330 401 5385 sis
428 5330 500 5385 ad
533 5329 641 5384 hoc
672 5346 735 5386 se
765 5332 983 5388 moveri
1022 5333 1172 5388 dixit
1204 5349 1382 5388 causa
1414 5330 1659 5388 tollendi
1702 5333 1961 5389 scandali

317 5418 847 5491 satisfaciendique
880 5421 1187 5477 offensioni
1237 5421 1558 5477 multorum
1592 5420 1738 5477 falso
1783 5424 1853 5477 de
1900 5438 1964 5479 se

325 5513 1064 5580 persuasorum,tanquam
1090 5526 1267 5581 penes
1290 5510 1483 5581 ipsum
1508 5510 1811 5565 turbarum
1836 5526 1963 5581 qua:

323 5598 465 5649 tunc
523 5599 695 5650 erant
754 5597 927 5669 culpa
976 5597 1276 5666 resideret,
1326 5603 1451 5652 tum
1498 5597 1641 5653 alias
1687 5602 1967 5669 praeterea

321 5681 592 5738 nectebat
619 5697 847 5740 causas.
873 5684 1012 5741 Eam
1036 5685 1273 5741 verbose
1292 5688 1618 5741 contextam
1643 5686 1964 5741 orationem

2066 4714 2132 4766 ut
2159 4710 2277 4766 haec
2307 4715 2508 4767 nostra
2538 4709 2785 4767 historia
2808 4726 2918 4767 suo
2965 4710 3093 4769 loco
3139 4712 3364 4769 reddet.
3395 4713 3703 4770 Somnium

2066 4815 2235 4870 porro
2265 4799 2422 4856 istud
2453 4815 2629 4856 suum
2660 4798 2758 4855 ille
2807 4800 3084 4856 narrabat
3126 4799 3186 4857 in
3237 4800 3390 4858 hunc
3437 4802 3709 4873 modum,

2066 4888 2228 4944 aiens
2257 4888 2448 4945 visum
2473 4888 2585 4943 sibi
2607 4887 2801 4944 videre
2825 4888 3119 4961 principes
3146 4890 3525 4946 ecclesiastici
3546 4892 3704 4948 ordio

2067 4975 2161 5031 nis
2190 4976 2249 5031 in
2280 4976 2448 5048 equis
2480 4976 2818 5033 incedentes
2846 4994 2949 5049 per
2979 4994 3208 5051 aequam
3248 4978 3551 5051 planitiem
3601 4980 3705 5037 lati

2067 5065 2275 5135 campi,
2305 5064 2477 5135 longo
2509 5063 2698 5136 spatio
2728 5065 2989 5122 confecto
3021 5066 3348 5139 pervenisse
3363 5068 3598 5125 tandem
3630 5069 3705 5125 ad

2068 5156 2259 5227 ripam
2289 5153 2529 5209 maximi
2559 5159 2617 5209 et
2636 5158 2873 5226 aspectu
2905 5155 3187 5212 terribilis
3218 5157 3410 5213 amnis
3463 5163 3705 5229 prester-

2069 5243 2326 5313 ﬂuentis,
2387 5258 2561 5313 quem
2610 5243 2809 5299 statim
2851 5244 3115 5314 trajicere
3172 5245 3456 5318 coeperint
3504 5247 3722 5304 eodem

2069 5331 2270 5389 ordine
2303 5348 2418 5403 quo
2450 5335 2588 5388 sunt
2610 5336 2808 5403 postea
2831 5334 3333 5405 mortui,primum
3354 5333 3709 5402 illum,hunc

2071 5422 2418 5490 secundum,
2450 5426 2507 5476 et
2536 5420 2620 5476 sic
2652 5420 2942 5493 reliquos:
2976 5440 3092 5479 non
3124 5423 3279 5480 enim
3311 5424 3427 5479 duo
3457 5429 3561 5480 aut
3589 5429 3720 5481 tres.

2072 5509 2273 5577 simul,
2303 5509 2404 5564 sed
2438 5508 2654 5580 singuli
2688 5509 2935 5564 seorsim
2963 5510 3353 5580 trajiciebant.
3401 5511 3473 5568 Ut
3516 5517 3713 5569 autem

2071 5598 2196 5669 ipse
2228 5596 2327 5667 qui
2357 5595 2586 5651 videbat
2636 5597 2866 5652 astabat
2914 5602 3179 5669 stupens,
3222 5599 3511 5657 sollicitus
3562 5619 3715 5672 quo-

2074 5685 2247 5741 modo
2275 5689 2331 5739 et
2376 5683 2500 5755 ipse
2546 5682 2859 5755 trajiceret,
2906 5685 3145 5742 audisse
3193 5703 3390 5744 vocem
3441 5688 3714 5747 alicunde
