4154 6286
461 340 569 396 559

1758 350 2054 409 GEORGII
2094 352 2552 409 PACHYMERE

3746 361 3853 414 560

458 466 829 540 περαιωθήσῃ.
886 468 993 523 Νῦν
1054 466 1098 522 δ’
1155 470 1403 525 ἀπελθὼν
1438 472 1613 540 σώζου
1669 473 1719 528 ἐν
1762 474 2175 548 πραγμάτωνΑ
2206 473 2351 536 ἐντὸς
2403 476 2551 547 εἶ’ων,
2582 476 2707 533 ἀλλ’
2749 479 3003 548 ἀπήντων
3063 485 3277 554 συχνῶς
3306 480 3655 554 τοξαζόμενοι
3715 486 3849 539 κατὰ

461 555 643 630 ἡμέρῃ
722 555 1194 631 διατηρούμενος.
1258 585 1286 612 υ
1342 562 1527 624 Οὕτως
1590 561 1769 639 ἔλεγεν
1828 564 1855 618 ὀ
1907 562 2099 638 τοῦναρ

464 642 593 699 ἰδὼν
656 646 790 717 μετά
845 648 1109 721 χρόνους,
1156 649 1243 703 καὶ
1305 653 1466 723 ἡμεῖς
1524 651 1814 715 ἀκούοντος
1866 652 2099 724 ἐθαυμά-

467 737 649 804 ζομεν.
711 736 949 797 Ἐκεῖνος
1001 732 1057 789 δὲ
1104 737 1192 789 καὶ
1244 734 1433 801 ἄλλως
1464 738 1777 812 φιλαλήθης
1808 736 1881 795 ὥν
1910 740 1987 802 εἰς
2017 741 2101 794 πί-

463 841 576 875 στιν
615 825 721 876 τῶν
783 822 1090 898 Λεγομένων
1149 824 1450 899 προσετίθει
1508 831 1595 881 καί
1654 827 1835 902 ὅρκον,
1892 827 2100 900 θαυμά-

463 914 567 977 ζων
625 912 736 983 ἅμα
790 913 879 965 καὶ
956 913 1016 965 τὸ
1075 920 1170 982 τῆς
1241 916 1506 989 Προνοίας
1564 914 1846 990 δραστικόν
1894 938 1950 971 τε
2006 919 2094 970 καὶ

462 996 695 1075 ἄφυκτον
706 1040 719 1055 .

455 1107 523 1164 κ’.
556 1108 683 1182 Περὶ
722 1114 822 1177 τῆς
850 1110 986 1162 κατὰ
1014 1112 1109 1163 τοῦ
1139 1106 1352 1186 Γαλατᾷ
1392 1111 1650 1186 φρουρίου
1682 1115 1777 1165 τοῦ
1827 1110 2093 1185 βασιλέως

1100 1176 1442 1253 προσϐολῆςξ

525 1268 608 1338 [Ρ.
660 1268 753 1340 79]
802 1274 887 1330 Ὡς
967 1273 1093 1342 γοῦν
1174 1270 1201 1323 ὁ
1255 1275 1464 1343 κρατῶν
1522 1271 1615 1332 τὰς
1677 1268 1930 1343 δυνάμεις
1980 1293 2097 1325 cov-

451 1357 663 1430 αγαγὼν
737 1354 952 1418 πολλὰς
1015 1355 1177 1418 οὔσας
1243 1360 1330 1412 καὶ
1397 1356 1687 1435 διαφόρους
1745 1364 1826 1431 τῷ
1882 1358 2097 1427 Γαλατᾷ

451 1438 828 1517 προσέϐαλεν,
884 1443 1043 1506 αὐτὸς
1101 1447 1195 1517 μὲν
1256 1445 1338 1521 ἐφ’
1393 1447 1573 1501 ἱκανὸν
1639 1447 1904 1520 μακρόθεν
1959 1468 2091 1515 σκη-

453 1532 886 1605 νοποιησάμενος
953 1532 1033 1609 ἐφ’
1092 1533 1306 1607 ὑψηλοῦ
1365 1542 1600 1604 καθῆστο
1676 1540 1961 1609 προσορῶν
2027 1536 2094 1589 τὰ

457 1618 730 1697 δρώμενα,
784 1623 895 1695 ἅμα
953 1619 1009 1677 δὲ
1057 1624 1145 1676 καὶ
1203 1624 1537 1696 πειρώμενος
1584 1623 1907 1685 εὐσύνοπτος
1961 1624 2093 1678 εἶναι

454 1716 571 1772 τοῖς
630 1710 889 1771 ἐναντίοις
947 1712 1082 1784 πρὸς
1139 1708 1425 1783 ἔκπληξιν,
1479 1711 1757 1787 συνέρῥεον
1794 1709 1851 1766 δὲ
1896 1732 2094 1766 παντα-

458 1799 621 1873 χόθεν
682 1798 839 1871 δίκην
894 1798 1103 1874 ῥυάκων
1165 1801 1214 1853 οἱ
1264 1806 1524 1873 πολεμεῖν
1559 1800 1873 1873 μέλλοντες,
1904 1800 1993 1854 καὶ
2027 1799 2093 1867 δὴ
2124 1835 2171 1900 Β

455 1888 576 1942 ὅσον
624 1888 866 1963 ἐξωτέρω
918 1888 1112 1963 βέλους
1155 1890 1304 1956 εἶναι,
1357 1888 1446 1943 καὶ
1504 1886 1654 1943 αὐτοὶ
1694 1891 2092 1957 σκηνοποιησά-

457 1997 605 2049 μενοι
678 1974 896 2050 ἱέτοιμοι
952 1973 1284 2051 προσϐαλεῖν
1342 1978 1503 2045 ἦσαν.
1560 1977 1775 2039 Εὐθέως
1827 1975 1885 2031 δὲ
1930 1996 2092 2051 προσο

452 2062 625 2128 ϐολὰς
682 2065 965 2121 ἐποιοῦντο
1030 2067 1386 2138 μερισθέντες,
1444 2064 1553 2120 ἔστι
1613 2064 1660 2119 δ’
1700 2065 1760 2119 οὗ
1791 2066 1877 2120 καὶ
1907 2084 2091 2138 τειχο-

454 2155 665 2228 μαχικὰ
722 2156 1009 2224 στήσαντες
1065 2153 1357 2228 ἐπειρῶντο
1416 2158 1511 2208 τοῦ
1566 2154 1818 2228 τείχους,
1878 2154 2092 2218 Πλῆθος

452 2241 497 2297 δ’
557 2244 623 2311 ἧν
678 2249 861 2315 μεῖζον
920 2245 955 2313 ἢ
1006 2243 1141 2298 κατᾶ
1197 2242 1443 2315 πόλεμον
1498 2242 1751 2297 τοιούτου
1809 2242 2088 2319 φρουρίου·

454 2333 590 2407 πρὸς
642 2332 743 2408 γὰρ
804 2337 919 2393 τοῖς
976 2329 1171 2394 ἄλλοις
1215 2329 1453 2394 πολλοῖς
1482 2352 1544 2406 γε
1575 2332 1692 2385 οὖσι
1722 2332 1810 2385 καὶ
1844 2331 2091 2405 ἰσχυροῖς

454 2423 721 2495 μάχεσθαι
778 2420 867 2475 καὶ
929 2416 1117 2495 ἄνδρες
1176 2421 1390 2490 τοξόται
1451 2420 1508 2473 ἐκ
1562 2424 1669 2474 τῶν
1700 2418 1834 2473 κατὰ
1868 2420 2094 2476 Νίκαιαν

456 2513 637 2584 μερῶν
667 2506 838 2564 ἐκεῖσε
865 2511 1297 2582 προστάττοντος
1340 2512 1437 2563 τοῦ
1490 2507 1756 2582 βασιλέως
1806 2510 2091 2581 συνήχθη-

454 2619 569 2670 σαν,
598 2599 688 2653 καὶ
732 2594 973 2653 εὐσκοπα
1025 2596 1320 2672 βάλλοντες
1369 2595 1494 2651 οὐδὲ
1547 2596 1910 2670 παρακύπτειν
1971 2595 2095 2658 τοὺς

455 2799 721 2881 missam:
760 2843 780 2869 ι
799 2820 946 2887 Quid
975 2818 1261 2875 sollicitus
1288 2792 1527 2875 es‘fNon
1552 2822 1612 2872 tu
1634 2818 1805 2873 modo
1826 2816 2083 2886 trajicies

456 2910 608 2963 hunc
640 2908 906 2963 ﬂuvium:
940 2908 1051 2962 erit
1082 2913 1313 2979 tempus
1353 2924 1466 2977 quo
1508 2910 1565 2962 te
1608 2921 1841 2977 quoque
1889 2905 2081 2973 ipsum

448 2997 831 3053 transfretare
877 2996 1183 3065 oportebit.
1236 2996 1401 3051 Nunc
1449 2994 1644 3049 salvus
1678 2994 1769 3048 sbi
1820 2992 1878 3046 in
1930 2992 2121 3046 diem‘

450 3087 818 3157 negotiorum
848 3088 1234 3141 reservatus.»
1267 3084 1360 3139 Sic
1380 3083 1666 3139 referebat
1696 3082 1864 3153 longe
1886 3084 2089 3151 postea

2212 565 2401 635 στόμα.
2434 564 2478 618 ε’ί
2510 586 2616 619 που
2648 571 2877 641 φανεῖεν.
2935 566 3137 622 Ἰταλοὶ
3196 566 3252 623 δε
3300 568 3357 623 ἐκ
3416 567 3681 644 διαδοχῆς
3731 575 3848 636 καθ’

2209 652 2418 725 ἡμέραν
2468 654 2577 708 νέοι
2628 659 2747 716 ταῖς
2802 654 2985 709 ἁλιάσι
3043 653 3543 732 διαπεραιούμενοι,
3608 656 3696 713 διὰ
3751 663 3850 729 τῆς

2210 739 2345 811 πρὸς
2406 740 2644 813 θαλάσσῃ
2700 740 2881 812 πύλης
2944 741 3374 817 διεκπαιόμενοι,
3425 745 3647 810 ἑαυτοὺς
3695 746 3852 802 εἰσώ-

2211 838 2358 893 Θουν,
2411 826 2501 880 καί
2560 826 2743 899 ξύλοις
2803 828 3059 903 μεγάλοις
3115 831 3176 885 τὸ
3236 831 3381 893 ἐντὸς
3445 833 3519 894 εἷς
3551 834 3842 909 περίπατον

2206 915 2598 987 κρατυνάμενοι
2657 922 2927 991 καρτερῶς
2959 918 3308 991 ἀπημύνοντο
3350 924 3445 975 τοῦ
3493 919 3732 997 τείχους,
3794 924 3844 993 ἐξ

2209 1002 2280 1054 ὦν
2316 998 2584 1058 συνέϐαινε
2642 1004 2870 1078 συχνοὺς
2918 1007 3267 1063 καταπίπτειν
3326 1014 3429 1064 τῶν
3483 1007 3585 1081 (ἐξω
3624 1010 3673 1084 ἐξ
3708 1013 3847 1089 ἀφα-

2206 1095 2331 1152 νοῦς
2419 1090 2815 1166 βαλλομένους·
2897 1095 3024 1149 ποσὶ
3108 1097 3207 1171 γὰρ
3258 1096 3548 1175 ἀσφαλέσιν
3604 1086 3844 1162 ⁵ἑστῶτες

2206 1179 2444 1252 ἀκμῆτες
2502 1178 2690 1256 ἄνδρες
2741 1182 2798 1236 ἐκ
2856 1180 3121 1259 διαδοχῆς
3170 1184 3289 1260 ἄρτι
3348 1188 3593 1263 φανέντες
3655 1188 3846 1244 ἐνέτει-

2204 1268 2293 1321 νόν
2325 1289 2383 1321 τε
2414 1266 2613 1343 ῥᾳδίως
2662 1270 2727 1323 τὰ
2794 1271 2941 1347 σφίσι
2976 1275 3179 1342 συνήθη
3212 1295 3271 1349 γε
3315 1266 3510 1330 ίοϐόλα
3542 1277 3727 1347 σκεύη,
3759 1278 3846 1332 καὶ

2206 1357 2529 1429 φκεπόμενοι
2587 1364 2706 1419 ταῖς
2759 1356 3010 1429 ἐπάλξεσι
3071 1358 3137 1414 δι’
3200 1362 3346 1417 ὀπῶν
3405 1360 3787 1435 κατηκόντιζον
3827 1412 3844 1427 ,

2205 1444 2271 1500 Οἱ
2328 1441 2426 1513 ἔξω
2485 1442 2541 1499 δὲ
2569 1451 2687 1507 ταῖς
2724 1447 3114 1522 τειχομαχίαις
3167 1458 3428 1525 περιῆσαν
3486 1450 3845 1528 πετροϐόλοις

2210 1530 2505 1604 βάλλοντες
2537 1536 2924 1608 μηχανήμασι,
2982 1538 3117 1611 πρὸς
3164 1536 3196 1591 ἃ
3251 1538 3597 1613 κληματίδας
3648 1543 3845 1618 ξυμφο-

2206 1623 2463 1693 ρήσαντες
2508 1621 2558 1694 ἐξ
2610 1621 2869 1695 ἀμπέλων
2931 1626 3021 1678 καὶ
3077 1627 3142 1680 τὰ
3191 1632 3461 1683 πονοῦντα
3516 1634 3621 1684 τῶν
3667 1637 3842 1705 μερῶν

2204 1710 2533 1773 πυκάσαντες
2579 1716 2696 1773 ταῖς
2760 1710 2951 1786 βολαῖς
3010 1714 3281 1791 ἀντεῖχον.
3335 1718 3506 1773 Αὐτοὶ
3560 1716 3617 1772 δὲ
3672 1740 3841 1795 προσ-

2202 1793 2791 1863 καταϐαίνοντες-ταῖς
2850 1807 3032 1865 στοαῖς
3107 1804 3169 1857 τὸ
3237 1803 3470 1881 ἀσφαλὲς
3538 1808 3631 1877 μὲν
3707 1793 3839 1863 κατᾶ

2199 1885 2441 1963 κεφαλῆς
2479 1886 2537 1940 ἐκ
2587 1892 2694 1941 τῶν
2746 1888 3098 1961 κληματίδων
3158 1892 3299 1966 εἶχεν
3358 1893 3556 1959 ἐκεῖθεν
3606 1893 3661 1949 δὲ
3711 1897 3843 1951 κατὰ

2203 1972 2447 2029 διοπτίαν
2478 1981 2594 2037 ταῖς
2650 1976 2809 2039 ὀπαῖς
2866 1978 3142 2053 χρώμενοι
3203 1981 3275 2042 ὡς
3334 1982 3482 2056 εἶχον
3539 1984 3838 2056 ἠμύνοντο.

2202 2064 2303 2121 Καὶ
2383 2064 2508 2125 τοὺς
2580 2065 2673 2136 μὶν
2746 2065 2957 2131 πλῆθος
3021 2068 3111 2122 καὶ
3170 2068 3328 2143 ΐσχὺς
3390 2073 3504 2142 μετ’
3557 2072 3839 2147 ἐμπειρίας

2201 2152 2544 2225 παρεκρότει,
2574 2152 2685 2224 ἅμα
2744 2151 2800 2207 δὲ
2848 2154 3027 2209 καὶτὸ
3084 2154 3385 2233 ἐφορῶντος
3421 2164 3516 2213 τοῦ
3570 2158 3839 2235 βασιλέως

2206 2242 2497 2313 μάχεσθαι,
2550 2238 2792 2303 Ἰταλοὺς
2844 2239 2899 2295 δὲ
2946 2244 3005 2296 τὸ
3054 2242 3341 2300 σπονδαῖον
3398 2247 3485 2301 καὶ
3544 2249 3841 2321 εὐσύνετον,

2202 2325 2277 2382 ἔτι
2328 2326 2383 2381 δὲ
2433 2328 2521 2382 καὶ
2553 2328 2614 2382 τὸ
2645 2328 2703 2383 ἐκ
2735 2326 3004 2403 διαδοχῆς
3038 2331 3112 2392 εἷς
3145 2334 3356 2407 ἡμέραν
3386 2335 3840 2411 προκινδυνεύειν,

2204 2414 2412 2471 οἴκοθεν
2444 2416 2831 2490 ὡρμημένους.
2893 2416 3188 2492 Ἐκδρομαὶ
3242 2422 3333 2494 μὶν
3384 2423 3473 2495 οὖν
3521 2424 3620 2479 οὐκ
3666 2425 3838 2500 ἀσφα-

2204 2506 2318 2568 λεῖς
2373 2507 2549 2583 σφίσιν
2582 2507 2714 2575 ἦσαν
2765 2511 2844 2581 [Ρ.
2876 2511 2966 2581 80]
3018 2511 3116 2582 (τῷ
3162 2511 3260 2585 γὰρ
3315 2510 3516 2584 πλήθει
3578 2516 3666 2570 καὶ
3727 2516 3845 2573 λίαν

2204 2598 2446 2663 ἡττῶντο
2490 2600 2594 2650 τῶν
2643 2593 2789 2669 ἔξω),
2837 2596 3019 2670 τόλμῃ
3078 2595 3133 2652 δὲ
3187 2603 3493 2674 τρεφομένη
3554 2601 3658 2661 δέει
3715 2626 3842 2682 συγ-

2193 2831 2222 2868 e
2254 2812 2429 2885 lignis
2461 2814 2573 2869 alte
2595 2830 2696 2886 per
2717 2832 2924 2887 gyrum
2948 2822 3139 2874 erecto
3166 2820 3559 2894 firmaverant,
3588 2825 3841 2898 indeque

2192 2900 2554 2957 validissime
2586 2904 3035 2975 propugnabant
3065 2923 3323 2964 murum.
3357 2908 3519 2967 Unde
3541 2914 3842 2987 continge-

2195 2990 2296 3043 bat
2327 2988 2543 3044 multos
2574 2991 2829 3046 exterius
2859 2997 3331 3065 oppugnantium
3363 2999 3576 3055 cadere
3610 3000 3747 3057 telis
3781 3018 3843 3057 ex

2197 3077 2422 3133 occulto
2448 3079 2647 3147 jactis.
2699 3080 2846 3135 Nam
2895 3082 3143 3152 pedibus
3191 3084 3249 3140 in
3300 3090 3423 3142 tuto
3472 3090 3684 3159 positis
3734 3092 3837 3147 viri

450 3176 576 3246 ipse
606 3175 708 3245 qui
749 3174 1044 3230 somnium
1071 3174 1315 3239 viderat,
1340 3171 1714 3227 audientibus
1737 3174 1793 3225 et
1816 3169 2087 3225 miranti-
2118 3186 2164 3250 Ι)
2198 3166 2422 3221 robusti
2455 3168 2627 3224 fessis
2658 3173 2917 3225 recentes
2950 3170 3182 3228 assidue
3211 3175 3438 3231 suffecti
3470 3177 3658 3236 vivido
3689 3197 3840 3237 sem-

451 3262 563 3317 bus
592 3262 783 3317 nobis.
810 3260 909 3316 Ille
940 3263 1134 3315 autem
1164 3259 1251 3314 vir
1273 3258 1489 3329 alioqui
1511 3257 1766 3313 veritatis
1783 3257 2084 3323 amans,ad

455 3352 630 3405 fidem
645 3349 1439 3421 adjungebatjuramentum,
1466 3346 1763 3402 admirans
1787 3346 2092 3401 Providen-

456 3439 549 3495 tiae
579 3437 972 3494 inevitabilem
1004 3437 1345 3493 efﬁcaciam.

457 3585 546 3639 20.
578 3584 650 3639 De
676 3585 1079 3657 Oppugnatione
1106 3584 1250 3637 arcis
1280 3582 1481 3637 Galam
1524 3597 1626 3652 per
1676 3582 2085 3651 imperatorem.

461 3751 470 3763 .
528 3708 682 3764 122
711 3707 822 3763 Sed
841 3711 903 3763 ut
933 3708 1004 3762 ad
1026 3708 1436 3778 imperatorem
1470 3706 1797 3775 redeamus,
1825 3721 1958 3761 cum
1992 3704 2087 3759 ille

456 3795 638 3868 copiis
670 3794 873 3851 multis
904 3795 1197 3866 variisque
1225 3795 1489 3852 collectis
1520 3795 1576 3849 in
1611 3810 1791 3849 unum
1822 3792 2084 3848 Galatam

451 3900 762 3957 aggressus
784 3888 893 3954 est,
926 3885 1050 3956 ipse
1080 3884 1317 3955 quidem
1365 3885 1574 3940 idoneo
1616 3899 1649 3936 a
1693 3880 1879 3937 muris
1935 3881 2084 3937 arcis

447 3972 754 4030 intervallo
785 3973 898 4029 fixo
945 3974 1251 4045 Augustali
1298 3973 1539 4029 sedebat
1585 3971 1645 4026 in
1691 3970 1812 4026 loco
1856 3969 2082 4026 excelso

445 4062 816 4134 conspicuus,
851 4063 1086 4118 intuens
1115 4078 1241 4133 quas
1273 4061 1652 4133 gerebantur,
1685 4059 1862 4117 simul
1904 4058 2081 4115 etiam

448 4151 765 4207 ostendens
786 4165 914 4206 sese
942 4149 1242 4216 hostibus,
1282 4153 1339 4204 et
1368 4153 1715 4219 experturus
1744 4147 1953 4219 ecquid
1984 4164 2083 4204 eos

442 4252 550 4295 sua
569 4239 794 4311 species
814 4243 870 4295 et
892 4238 1201 4310 praesentia
1221 4241 1479 4293 terreret.
1500 4236 1885 4292 Confluebant
1907 4238 2082 4291 undi-

442 4339 556 4397 que
586 4326 1009 4383 concitatorum
1040 4326 1155 4381 ritu
1178 4324 1526 4381 torrentium
1556 4325 1943 4396 oppugnaturi
1989 4342 2081 4381 ar-

444 4430 567 4470 eam
600 4414 817 4471 milites
863 4416 1206 4485 ducesque;
1238 4416 1297 4469 et
1335 4413 1465 4468 fixis
1508 4416 1670 4469 extra
1711 4412 1809 4468 teli
1852 4414 2077 4483 jactum

436 4502 833 4561 tabernaculis
854 4503 1139 4577 procincti
1180 4504 1251 4558 ad
1285 4502 1669 4574 irruptionem
1703 4501 1939 4572 signum
1974 4518 2070 4557 ex-

2198 3254 2516 3325 per,qualis
2546 3260 2635 3311 est
2661 3256 3084 3326 inchoantium,
3120 3261 3252 3318 nisu
3283 3262 3662 3323 intendebant
3693 3284 3839 3339 quas

2197 3343 2365 3413 longo
2398 3361 2505 3399 usu
2539 3348 2783 3399 tractare
2813 3346 3139 3402 didicerant
3170 3351 3516 3421 catapultas,
3550 3358 3606 3410 et
3652 3358 3826 3411 noxia

2198 3432 2453 3502 pondera
2474 3432 2613 3487 varii
2638 3434 2866 3503 generis
2890 3452 3102 3508 magna
3115 3435 3373 3495 hostium
3396 3442 3652 3512 pernicie
3668 3445 3835 3516 jacu-

2194 3519 2468 3574 labantur
2488 3520 2597 3590 ipsi
2623 3520 2732 3575 tuti
2755 3521 2933 3578 lorica
2951 3538 3276 3595 murorum,
3296 3544 3395 3598 per
3417 3545 3664 3599 quorum
3684 3532 3839 3588 fene-

2197 3608 2379 3665 stellis
2410 3608 2699 3665 hiantium
2734 3611 3132 3671 inobservatas
3164 3615 3344 3673 rimas
3382 3618 3498 3675 tela
3537 3621 3693 3677 I23
3721 3623 3838 3677 exi-

2196 3696 2671 3767 tialajactabant.
2721 3698 3211 3773 Oppugnantibus
3263 3708 3425 3762 extra
3474 3710 3829 3766 succedebat

2196 3785 2491 3857 negotium
2524 3787 2971 3857 quatiendorum
2996 3792 3274 3848 moenium
3299 3810 3425 3865 quae
3444 3796 3599 3852 saxis
3624 3796 3836 3868 ingen-

2192 3874 2349 3931 tibus
2372 3874 2579 3930 balista
2598 3876 2829 3932 intortis
2851 3876 3006 3934 haud
3031 3878 3263 3938 innoxie
3286 3882 3628 3954 pulsabant;
3654 3891 3832 3957 atque

2191 3964 2262 4020 ad
2298 3963 2507 4020 horum
2537 3964 2727 4021 labem
2750 3965 2939 4023 scalas
2962 3968 3351 4027 admovebant
3372 3974 3625 4030 materiae
3645 3976 3830 4046 vitem,

2192 4053 2474 4125 protentis
2505 4054 2685 4109 scutis
2724 4058 2916 4126 partes
2949 4055 3162 4116 ictibus
3211 4059 3491 4119 obnoxias
3538 4066 3821 4135 tegentes.

2192 4142 2297 4207 Qui
2331 4159 2464 4198 cum
2496 4143 2580 4199 sic
2612 4144 2682 4200 ad
2714 4161 2979 4203 summas
3012 4149 3295 4206 moenium
3329 4152 3586 4222 porticus
3635 4154 3823 4211 enite-

2190 4236 2412 4300 rentur,
2446 4232 2632 4304 capita
2662 4233 2898 4304 quidem
2927 4238 3367 4296 ascendentium
3401 4241 3460 4297 in
3490 4245 3613 4298 tuto
3631 4247 3819 4311 erant,

2189 4324 2467 4390 protecta,
2501 4326 2565 4377 ut
2593 4320 2731 4391 dixi,
2752 4322 2967 4395 clypeis
2997 4342 3235 4383 sursum
3268 4328 3572 4388 obversis:
3622 4334 3819 4387 tamen

2188 4411 2288 4480 qui
2320 4410 2478 4467 intus
2509 4415 2677 4469 erant
2700 4428 2802 4483 per
2824 4413 3176 4487 fenestellae,
3214 4418 3430 4489 quibus
3453 4420 3675 4476 crebris
3698 4420 3823 4477 hia-

2184 4498 2285 4555 bat
2306 4514 2532 4568 murus,
2557 4499 2932 4558 collimantes
2954 4502 3069 4560 tela
3090 4520 3224 4562 vare
3244 4508 3827 4579 nocebant,defensa-

434 4592 797 4662 spectabant.
820 4572 947 4647 Mox
975 4593 1035 4648 in
1053 4608 1264 4649 manus
1288 4572 1456 4647 divisi
1481 4588 1860 4645 multifariam
1886 4605 2070 4660 oppu-
2102 4572 2145 4640 C
2184 4586 2441 4657 bantque
2479 4604 2671 4645 arcem
2708 4605 2807 4660 pro
2838 4590 3009 4647 virili.
3043 4592 3284 4652 Nostros
3314 4612 3424 4652 sua
3471 4572 3815 4668 multitudo,

433 4680 770 4751 gnationem
795 4680 1091 4736 inchoant.
1116 4679 1248 4735 Fuit
1271 4679 1369 4734 ubi
1387 4677 1593 4734 erectis
1617 4677 1907 4734 machinis
1929 4694 2075 4748 qua-

433 4772 629 4824 terent
658 4784 895 4823 murum
928 4785 1164 4839 perrum
1196 4782 1447 4839 peraque
1477 4769 1850 4824 conarentur.
1874 4765 2070 4821 Multi-

431 4857 571 4912 tudo
586 4861 709 4913 erat
731 4858 919 4927 major
930 4873 1107 4928 quam
1121 4874 1224 4929 pro
1244 4857 1419 4913 unius
1432 4855 1867 4928 oppugnatione
1883 4855 2031 4911 arcis
2055 4872 2067 4909 :

433 4932 569 4999 nam
589 4948 797 5016 praeter
813 4943 958 5000 alios
977 4960 1118 5000 sane
1131 4943 1347 5000 multos
1370 4960 1435 4999 ac
1450 4943 1708 4999 valentes
1731 4942 2019 5015 sagittarii
2040 4959 2071 4997 e

432 5034 701 5103 partibus
730 5033 885 5089 circa
912 5033 1167 5089 Nicaeam
1199 5032 1420 5088 evocati
1451 5033 1523 5087 ab
1553 5033 1905 5103 imperatore
1934 5032 2068 5089 ade-

428 5125 580 5191 rant,
595 5122 697 5193 qui
728 5121 949 5177 assueti
979 5120 1278 5176 collimare
1310 5121 1380 5176 ad
1412 5136 1654 5191 scapum
1687 5121 1981 5175 neminem
2001 5136 2067 5176 ex

423 5215 555 5266 arce
582 5217 754 5282 caput
784 5225 815 5266 ο
846 5225 1012 5265 muro
1034 5210 1279 5281 impune
1303 5209 1573 5264 sinebant
1593 5213 1911 5275 ostentare,
1934 5209 2067 5263 ubi-

432 5303 664 5370 cunque
692 5298 883 5371 quivis
910 5298 1301 5371 apparuisset,
1334 5297 1530 5353 statim
1560 5312 1694 5352 eum
1744 5297 1805 5352 in
1858 5295 2062 5352 faciem

421 5390 603 5445 misso
621 5390 819 5461 jaculo
843 5393 1123 5461 petentes.
1155 5392 1229 5443 At
1256 5387 1382 5442 Itali
1415 5387 1577 5443 novis
1610 5403 1678 5441 ex
1710 5387 1853 5441 urbe
1872 5386 2064 5457 qnoti-

420 5477 514 5533 die
544 5495 647 5549 per
693 5478 1041 5550 piscatoriae
1090 5476 1388 5533 naviculas
1428 5476 1766 5546 juvenibus,
1814 5475 1917 5545 qui
1962 5491 2063 5545 per

420 5567 577 5623 vices
603 5567 699 5623 alii
732 5568 861 5624 aliis
881 5568 1263 5623 succederent
1292 5570 1347 5621 et
1377 5564 1622 5621 conferti
1670 5568 1838 5635 porta
1886 5564 2060 5618 mari-

420 5655 566 5710 tima
587 5655 1001 5727 irrumperent,
1026 5654 1341 5712 submissis
1364 5653 1711 5727 pomarium
1730 5653 1889 5709 intus
1908 5652 2057 5709 vallo

2182 4680 2309 4731 tum
2336 4676 2521 4733 virtus
2553 4677 2787 4735 conscia
2812 4679 3129 4752 peritiaque
3162 4682 3298 4739 belli
3347 4685 3676 4753 animabat,
3718 4688 3818 4743 sed

2181 4768 2313 4820 ante
2342 4765 2539 4821 omnia
2582 4765 2954 4837 imperatoris
2999 4772 3301 4841 pressantis
3353 4780 3628 4845 aspectus
3680 4775 3816 4845 quid

2180 4852 2430 4924 quisque
2462 4854 2722 4924 praclari
2755 4856 2969 4913 faceret
3017 4875 3212 4917 coram
3270 4861 3438 4919 oculo
3498 4863 3812 4935 signantia.

2179 4942 2354 4998 Italos
2385 4959 2530 4999 suus
2560 4945 2734 5001 ardor
2764 4945 2967 5017 utique
2989 4964 3092 5018 pro
3122 4949 3240 5005 aris
3263 4950 3523 5023 focisque
3548 4968 3814 5025 pugnan-

2176 5030 2343 5097 tium,
2379 5031 2801 5104 prtesentiaque
2832 5034 3062 5093 solertis
3093 5038 3298 5109 animi,
3330 5042 3654 5111 praesertim
3686 5056 3815 5097 vero

2177 5124 2447 5190 receptus
2498 5120 2787 5179 fessorum
2833 5122 3042 5195 facilis,
3084 5130 3365 5200 statisque
3404 5132 3620 5202 quietis
3660 5137 3813 5194 vices

2176 5208 2549 5266 successione
2580 5209 2925 5280 quotidiana
2953 5215 3297 5284 recentium,
3346 5223 3473 5276 tum
3514 5227 3807 5283 certamen

2174 5296 2470 5366 quoddam
2493 5295 3049 5368 laudis,verentibus
3068 5318 3301 5374 semper
3321 5306 3421 5375 qui
3444 5308 3722 5367 subibant
3743 5328 3810 5367 ne

2172 5383 2430 5453 impares
2488 5383 2764 5442 dentibus
2818 5388 3243 5446 succenturiati
3297 5391 3654 5463 viderentur,
3702 5399 3806 5453 ﬁr-

2174 5472 2955 5545 mabant,accendebantque
2992 5476 3051 5532 in
3075 5494 3264 5534 acrem
3279 5483 3656 5550 pertinaciam
3676 5488 3811 5542 resi-

2176 5561 2387 5616 stendi.
2419 5565 2485 5616 Et
2513 5561 2848 5633 eruptiones
2880 5563 3115 5635 quidem
3156 5566 3302 5637 ipsis
3332 5569 3492 5627 haud
3522 5580 3687 5631 erant
3715 5592 3809 5632 se-

2169 5650 2727 5716 curae,mu1titudine
2750 5653 3041 5725 siquidem
3063 5656 3458 5718 obsidentium
3481 5664 3808 5724 obrueban-
