4154 6286
319 396 425 455 561

1406 407 1502 460 DE
1541 405 1911 460 MICHAELE
1950 405 2374 461 PALEOLOGO
2411 407 2542 461 LIB.
2586 408 2658 460 II.

3616 399 3722 455 562

317 522 682 597 κροτούμενοι
754 525 1021 601 ὁσημέραι
1094 526 1489 602 διεκαρτέρουν.
1547 526 1727 603 ’Δγὼν
1797 526 1843 582 δ’
1894 529 1960 597 ἦν
1994 533 2047 601 Α
2080 527 2268 605 λογίαν
2299 528 2539 603 εὐπρεπῆ
2568 526 2889 602 καταλείψοι
2936 528 3011 589 ὡς
3065 527 3154 582 καὶ
3185 525 3349 582 πάλιν
3378 526 3495 582 κατ’
3525 526 3723 603 ἀγαθὰς

321 614 684 690 ἀμφοτέροις,
715 620 835 677 τοῖς
870 617 963 690 μὲν
1010 621 1106 673 τοῦ
1160 616 1484 692 κρατοῦντος
1542 620 1684 673 ἑλεῖν
1733 618 1807 680 ὡς
1863 619 1974 692 ἅμα

316 707 400 775 τῷ
459 705 711 781 φρουρίῳ
764 705 864 773 τήν
928 703 1091 759 πόλιν
1142 703 1338 777 ἕξουσι,
1371 712 1486 767 τοῖς
1519 704 1565 760 δ’
1595 708 1839 781 ἀντέχειν
1898 708 1971 768 ὡς

322 792 821 864 συναπολλυμένης
877 792 928 863 ἐξ
980 794 1217 867 ἀνάγκης
1274 797 1353 865 τῷ
1410 796 1656 871 φρουρίῳ
1721 798 1821 859 τῆς
1868 794 1971 849 πό-

320 879 489 943 λεως.
520 882 776 950 Κατήντα
824 878 930 950 δ’ἡ
987 883 1144 956 μάχη
1197 882 1345 960 σφίσι
1400 880 1811 958 διαχρονίζουσι
1869 904 1972 955 μα-

317 968 587 1043 χομένοις
627 974 744 1032 τοῖς
777 971 871 1042 μὲν
902 970 1026 1044 περὶ
1080 972 1173 1024 τὸν
1229 968 1453 1045 βασιλέα
1503 971 1577 1033 εἷλς
1636 969 1774 1025 αΐδὼ
1834 991 1969 1046 προ-

322 1063 462 1136 φανῆ
516 1056 614 1110 τοῦ
676 1058 751 1130 μὴ
807 1059 1180 1134 περιγενέσθαι
1227 1060 1491 1136 φρουρίου
1567 1060 1654 1113 ἐπὶ
1710 1063 1966 1115 τοσοῦτον

330 1144 679 1220 μαχομένους
708 1146 865 1201 τόσον
895 1146 1107 1211 πλῆθος
1157 1144 1306 1201 οὐδὲν
1369 1150 1564 1220 σεμνὸν
1623 1142 1847 1222 ἔχοντος
1880 1150 1965 1202 καί

326 1256 467 1289 τισιν
518 1233 728 1309 ὀλίγοις
785 1232 1310 1312 διαφυλαττομένου,
1342 1241 1459 1300 τοῖς
1508 1235 1551 1291 δ’
1602 1235 1833 1297 Ἰταλοῖς
1893 1237 1967 1299 είς

325 1321 645 1397 φιλοτιμίαν
704 1321 800 1377 τοῦ
857 1325 1050 1386 τόσους
1108 1327 1182 1396 μὴ
1233 1325 1598 1400 περιγενέσθαι
1640 1328 1970 1400 παρασκευά-

319 1433 411 1466 σαι
466 1412 660 1473 αύτοὺς
714 1412 939 1486 ὀλίγους
999 1408 1156 1475 ὄντας
1216 1416 1289 1475 ὡς
1346 1412 1488 1486 μηδὲ
1514 1415 1725 1486 τολμᾷν
1756 1414 1966 1485 ἐξιέναι,

318 1503 435 1573 ἅμα
495 1498 551 1555 δὲ
602 1500 690 1555 καὶ
735 1506 832 1556 τοῦ
862 1503 1025 1556 αὐτὸν
1063 1502 1291 1577 βασιλέα
1318 1500 1467 1572 δόξαι
1518 1507 1666 1573 νικᾷν
1730 1503 1816 1557 καὶ
1874 1509 1968 1557 πᾶ-

316 1609 415 1643 σαν
446 1590 547 1656 τὴν
575 1588 740 1644 αὐτοῦ
769 1587 993 1663 δύναμιν
1054 1589 1141 1645 ἐπὶ
1200 1590 1362 1644 ταυτὸ
1421 1591 1778 1646 συνελθοῦσαν
1834 1593 1966 1665 ἅμα.

316 1677 458 1732 Τότε
545 1682 671 1753 γοῦν
756 1676 983 1733 πολλῶν
1057 1681 1175 1732 καθ’
1222 1678 1430 1751 ἡμέραν
1485 1677 1545 1733 ἐκ
1597 1682 1693 1733 τοῦ
1747 1678 1966 1753 τείχους

328 1763 699 1841 βαλλομένων
750 1787 806 1820 τε
860 1766 949 1821 καὶ
1000 1765 1304 1821 πιπτόντων
1363 1762 1611 1828 ῗοϐόλοις
1694 1768 1969 1841 μεγίστοις

325 1854 648 1930 μαγγάνοις,
702 1853 840 1909 ὥστε
904 1854 993 1909 καὶ
1080 1854 1381 1923 οἷ’κτίζοντο
1430 1855 1968 1930 κατειρωνευόμενοι,

318 1944 399 2016 μὴ
434 1939 686 2005 θέλοντες
718 1941 967 2018 βάλλειν,
1003 1941 1127 1997 ἀλλ’
1161 1945 1507 2015 ἀποπέμπειν
1538 1945 1629 1999 τὸν
1685 1943 1832 2006 ἐντὸς
1874 1949 1969 1998 τοῦ

322 2029 519 2105 βέλους
573 2030 726 2085 ἰόντα
787 2028 875 2085 διὰ
928 2032 1027 2099 τήν
1088 2031 1483 2106 έγγύτητα,ὠς
1513 2036 1580 2105 τῇ
1629 2032 1860 2105 γυναικὶ,
1897 2034 1969 2093 ὡς

317 2116 529 2193 ἔλεγον,
562 2116 906 2188 διασώζοιτο,
937 2120 1024 2173 καὶ
1076 2121 1186 2191 ἅμα
1239 2123 1431 2197 φήμης
1489 2117 1839 2194 διαχυθείσης
1894 2123 1967 2181 ὡς

319 2206 371 2280 ἐξ
421 2206 736 2275 ἀποστολῆς
788 2206 1088 2277 ἐπέστησαν
1138 2205 1302 2263 ἄλλοι
1352 2208 1603 2263 πλεῖστοι
1660 2209 1748 2263 καὶ
1810 2208 1965 2283 ἰσχυ-

316 2297 430 2371 ροὶ,
464 2296 849 2369 ὑπερπαθήσας
906 2298 1020 2350 οἷον
1079 2293 1166 2350 διά
1223 2317 1281 2350 τε
1320 2298 1383 2351 τὸ
1430 2301 1526 2352 τοῦ
1556 2296 1730 2351 κόπου
1787 2298 1963 2364 κενὸν,

314 2384 411 2437 καὶ
476 2383 603 2456 μετᾶ
656 2386 757 2452 τὴν
809 2387 918 2438 τῶν
966 2386 1239 2439 πεσόντων
1301 2380 1585 2454 ἀποϐολὴν
1646 2385 1688 2440 εἷ
1745 2387 1833 2439 καὶ
1885 2387 1965 2458 γέ-

325 2478 480 2527 λωτα
537 2469 706 2548 ὥφλει
771 2473 847 2544 μὴ
906 2472 1267 2547 καταπράξας,
1328 2468 1461 2547 ἔγνω
1530 2472 1815 2528 καταλύειν
1873 2474 1962 2527 τὸν

319 2560 590 2634 πόλεμον,
622 2559 767 2630 πλὴν
823 2560 882 2615 ού
941 2560 1075 2616 κατὰ
1136 2563 1425 2632 συνθήκας,
1480 2561 1553 2615 ’ἶν’
1610 2563 1781 2633 ἑαυτῷ
1829 2563 1963 2616 ἀπο-

310 2780 436 2831 tur.
471 2776 727 2833 Audacia
760 2781 951 2833 tamen
981 2778 1255 2848 vigebant
1280 2777 1642 2848 quotidianis
1673 2777 1789 2833 alta
1825 2791 1957 2833 suc-

319 2865 591 2919 cessibus
613 2867 1059 2937 oppugnationis
1081 2867 1367 2923 hactenus
1384 2867 1511 2921 sine
1537 2883 1686 2923 noxa
1706 2867 1959 2922 toleratae

322 2952 541 3009 obnixa
571 2953 859 3026 utrimque
918 2957 1114 3012 studia
1170 2957 1461 3024 vincendi,
1520 2972 1623 3027 spe
1683 2959 1961 3025 metuque

324 3040 690 3097 inﬂammata
712 3044 1043 3112 contrariis,
1071 3044 1442 3115 sperantibus
1460 3043 1725 3099 videlicet
1747 3044 1964 3099 nostris

314 3129 365 3184 si
394 3146 587 3186 arcem
617 3138 1035 3203 expugnarent,
1092 3133 1295 3187 urbem
1357 3132 1556 3188 statim
1614 3132 1961 3199 dedendam,

314 3218 561 3287 Latinis,
597 3221 752 3291 quod
784 3220 892 3276 hoc
946 3223 1141 3294 ipsum
1174 3221 1469 3288 timerent,
1520 3220 1726 3275 ultimo
1757 3222 1966 3275 conatu

314 3308 683 3363 certantibus
715 3324 785 3364 ne
803 3310 943 3366 urbs
962 3309 1018 3364 in
1045 3326 1174 3365 arce
1189 3313 1508 3381 caperetur.
1530 3308 1957 3379 Longissimum

319 3412 459 3452 vero
488 3399 979 3469 perseverantiam
1012 3403 1219 3454 neutra
1242 3416 1307 3453 ex
1339 3402 1501 3470 parte
1525 3397 1753 3452 remissi
1776 3397 1956 3468 praelii

314 3485 377 3539 in
411 3485 766 3557 imperatore
799 3487 1034 3557 quidem
1063 3488 1396 3542 obstinabat
1426 3487 1614 3559 pudor
1635 3503 1749 3541 non
1782 3491 1956 3555 captaa

320 3578 490 3628 tanto
511 3589 769 3646 tempore
791 3578 954 3630 atam
982 3575 1183 3630 multis
1218 3578 1337 3630 toto
1359 3564 1582 3645 impetu
1613 3578 1957 3646 oppugnatae

321 3661 482 3717 haud
512 3661 917 3719 famosissimas
950 3664 1331 3734 ejusdemque
1362 3681 1394 3718 a
1453 3664 1654 3735 paucis
1709 3664 1958 3718 defensae

323 3750 694 3818 munitionis,
725 3752 784 3807 in
816 3751 977 3807 Italis
1006 3769 1139 3807 vero
1162 3751 1399 3807 ambitio
1423 3751 1735 3823 gloriaeque
1766 3753 1956 3819 ardor,

318 3838 531 3910 ingens
564 3839 671 3894 sibi
699 3840 876 3895 decus
909 3841 1027 3895 fore
1059 3842 1212 3897 I24
1266 3841 1659 3906 cernentibus,
1714 3855 1775 3895 se
1837 3844 1956 3895 tam

316 3943 534 3999 paucos
556 3930 619 3982 ut
640 3927 870 3999 prodire
889 3945 1000 3983 non
1022 3930 1325 3995 auderent,
1349 3928 1749 3999 abjngruente
1771 3928 1957 3982 unde-

316 4030 549 4086 cunque
580 4014 992 4071 innumerabili
1024 4016 1403 4071 multitudine
1452 4016 1717 4087 superari
1750 4014 1955 4086 ncqui-

314 4103 496 4168 visse,
528 4103 865 4159 blandiente
900 4109 1196 4173 praeterea,
1230 4105 1279 4159 si
1309 4106 1379 4159 ad
1411 4109 1732 4160 extremum
1758 4104 1955 4159 invicti

317 4192 622 4262 durarent,
658 4208 759 4263 spe
790 4208 902 4248 non
930 4209 1072 4247 vane
1095 4192 1377 4262 gloriandi
1402 4197 1745 4265 praesentem
1767 4192 1958 4263 ipsum

317 4283 650 4349 Augustum
686 4298 818 4335 cum
853 4283 1070 4337 coactis
1100 4282 1156 4335 in
1191 4299 1373 4337 unum
1406 4281 1697 4336 universis
1728 4281 1957 4352 imperii

315 4367 543 4423 viribus
564 4369 903 4424 Latinorum
926 4387 1103 4441 parva
1128 4386 1301 4425 manu
1328 4369 1664 4426 debellatos.
1684 4374 1958 4424 Caeterum

317 4458 790 4528 oppugnantium
823 4459 1080 4529 quotidie
1115 4459 1407 4530 plurimis,
1444 4459 1578 4515 telis
1625 4459 1958 4530 ingentibus

319 4544 754 4615 catapultarum
787 4563 851 4601 ex
873 4548 1094 4602 crebris
1119 4548 1269 4601 muri
1294 4548 1522 4603 fissuris
1542 4548 1776 4603 assidue
1795 4549 1957 4618 jacu-

317 4612 597 4699 lantium,
632 4635 996 4701 cadentibus,
1029 4637 1350 4692 addebatur
1373 4636 1691 4691 ludibrium
1725 4612 1958 4702 damno,
1990 4612 2033 4678 (ἶ

321 4722 493 4777 etiam
526 4721 909 4778 illudentibus
940 4741 1008 4779 ex
1034 4728 1162 4779 tuto
1195 4723 1595 4793 libratoribus,
1621 4728 1675 4779 et
1705 4740 1876 4795 quem
1901 4724 1961 4778 in

321 4815 413 4864 tra
434 4810 663 4880 jactum
698 4828 800 4882 per
831 4812 1162 4867 fenestellae
1182 4813 1515 4881 cernebant,
1541 4828 1609 4866 ex
1633 4812 1960 4883 propinquo

322 4897 743 4968 compellatum
777 4900 997 4954 ironica
1028 4900 1428 4955 misericordia
1458 4899 1660 4954 timere
1711 4901 1961 4955 vetanti-

320 4986 469 5041 bus:
505 4987 659 5041 haud
694 4988 849 5042 enim
882 5004 1009 5043 sese
1041 4989 1235 5059 ipsum
1271 4991 1566 5058 utcunque
1622 4988 1961 5058 contiguum

320 5075 438 5131 telo
472 5075 777 5147 petituros,
801 5092 872 5131 ne
894 5081 1010 5131 tam
1038 5078 1226 5132 bellus
1250 5077 1339 5130 vir
1360 5076 1645 5130 uxorcula:
1671 5094 1790 5131 suae
1811 5079 1964 5148 peri-

323 5171 432 5219 ret.
460 5164 651 5236 Super
680 5165 799 5219 hzec
831 5181 1034 5235 sparsa
1067 5166 1221 5220 fama
1250 5169 1339 5219 est
1370 5181 1502 5218 mox
1546 5164 1720 5219 aﬂ‘ore
1747 5182 1779 5220 a
1828 5166 1962 5219 sede

324 5252 544 5307 missas
575 5252 895 5323 apostolica
924 5253 1103 5309 lectas
1135 5254 1470 5322 validasque
1495 5254 1691 5323 copias
1722 5254 1777 5306 in
1803 5253 1962 5308 auxi-

324 5340 472 5395 lium
490 5341 768 5395 obsessis.
788 5341 952 5395 Tunc
972 5343 1207 5395 demum
1225 5341 1541 5411 imperator
1558 5342 1721 5410 quasi
1747 5342 1963 5396 fractus

323 5429 547 5495 animo,
581 5430 730 5499 quod
770 5433 973 5498 preter
993 5429 1223 5482 irritum
1250 5428 1503 5482 laborem
1527 5434 1583 5482 et
1600 5434 1683 5482 tot
1705 5433 1965 5483 strenuo-

322 5533 455 5570 rum
480 5515 731 5571 militum
753 5519 1041 5586 jacturam
1058 5516 1230 5571 etiam
1255 5521 1623 5571 metueretne
1639 5533 1843 5586 magno
1859 5534 1963 5572 suo

322 5605 538 5676 probro
574 5620 675 5675 per
697 5606 809 5658 vim
836 5606 967 5660 inde
1000 5621 1058 5658 re
1108 5605 1321 5658 infecta
1375 5602 1702 5674 pelleretur,
1760 5610 1964 5675 sponte

323 5692 691 5749 obsidionem
767 5693 990 5750 solvere
1067 5698 1122 5748 et
1197 5692 1626 5762 oppugnatione
1685 5692 1965 5748 absistere

2088 614 2311 680 ἐλπίδας
2341 615 2759 690 ἐπιθησόμενος.

2088 722 2188 778 κα’.
2251 723 2379 796 Περὶ
2453 723 2549 777 τοῦ
2614 726 2805 797 νεκροῦ
2860 726 2980 848 ότοῦ
3069 722 3345 798 βασιλείου
3403 728 3718 797 Βουλγαρο-

2792 814 2853 847 κτ
2890 814 3005 848 νου.

2792 814 2915 848 κτον
2924 814 3005 849 Ου.

2157 881 2285 936 Τότε
2345 879 2400 935 δέ
2454 900 2591 942 τινες
2645 885 2752 935 τῶν
2780 881 2994 936 οἰκείων
3023 885 3100 953 τῷ
3139 880 3354 956 βασιλεῖ
3402 882 3520 936 κατ’
3547 876 3723 935 ἄνεσιν

2089 966 2373 1045 διατριϐῆς
2433 968 2739 1039 ἐξελθόντες
2791 969 3087 1040 ἐπέστησαν
3143 973 3210 1044 τῇ
3241 969 3378 1025 κατά
3403 970 3495 1025 τὸν
3524 965 3724 1025 Ἕϐδο-

2090 1081 2189 1131 μον
2221 1063 2317 1113 τοῦ
2350 1056 2611 1132 θεολόγου
2646 1062 2808 1131 μονῇ,
2844 1055 3014 1131 ὅνομα
3051 1058 3238 1131 μόνον,
3269 1059 3329 1113 οὗ
3378 1064 3574 1133 σχῆμα
3622 1081 3729 1114 σω-

2091 1146 2252 1221 ζούσῃ
2332 1150 2526 1219 μονῆς,
2583 1148 2671 1200 καὶ
2753 1146 2843 1201 τὸν
2927 1146 3096 1201 ἐκεῖσε
3178 1147 3304 1201 ναὸν
3369 1145 3727 1215 είσελθόντες,

2086 1235 2420 1310 ἠρειμμένον
2470 1234 2557 1290 καὶ
2606 1238 2794 1290 τοῦτον
2852 1235 2941 1289 καὶ
3000 1235 3075 1296 εἷς
3129 1233 3454 1311 θρεμμάτων
3516 1238 3600 1309 [Ρ.
3634 1240 3726 1310 81]

2087 1322 2312 1381 ἔπαυλιν
2372 1322 2521 1395 ὄντα,
2568 1326 2652 1379 καὶ
2716 1323 2847 1398 τῇδε
2900 1327 3114 1380 κάκεῖσε
3139 1320 3603 1399 περιϐλεπόμενοι
3634 1326 3726 1381 καὶ

2086 1414 2146 1468 τό
2178 1435 2310 1468 ποτε
2357 1417 2452 1468 τοῦ
2508 1417 2638 1467 ναοῦ
2696 1411 2901 1475 κάλλος
2957 1412 3016 1467 ἐκ
3072 1415 3176 1467 τῶν
3209 1413 3483 1488 λειψάνων
3517 1416 3724 1487 θαυμά-

2090 1508 2265 1571 ζοντες
2298 1505 2455 1575 [ἦσαν
2481 1499 2525 1556 δ’
2558 1502 2707 1556 οὗτοι
2740 1504 2791 1556 οἱ
2849 1502 2971 1576 περὶ
3028 1501 3122 1556 τὸν
3182 1500 3565 1576 Ἰατρόπουλον
3616 1509 3725 1571 Δη-

2091 1592 2321 1665 μήτριον
2371 1589 2458 1645 καὶ
2508 1589 2807 1665 λογοθέτην
2855 1589 2977 1645 τότε
3024 1594 3130 1644 τῶν
3162 1591 3473 1661 οἷκειακῶν)
3524 1591 3721 1664 ὁρῶσιν

2088 1676 2284 1752 αἶ’φνης
2360 1680 2496 1733 κατά
2565 1680 2763 1753 γωνίαν
2828 1678 3116 1750 ἱστάμενον
3177 1675 3370 1753 ἀνδρὸς
3414 1679 3586 1733 πάλαι
3639 1699 3721 1733 τε·

2088 1772 2320 1830 θνεῶτος
2353 1765 2604 1839 λείψονον
2637 1765 2947 1841 ὁλόκληρον
3006 1767 3097 1820 καὶ
3150 1767 3213 1821 τὸ
3266 1772 3369 1821 πᾶν
3425 1766 3719 1840 ὁλομελὲς,

2086 1858 2289 1929 γυμνὸν
2323 1856 2372 1916 ἐς
2403 1853 2572 1916 πόδας
2630 1854 2689 1909 ἐκ
2744 1853 3001 1931 κεφαλῆς.
3040 1856 3170 1930 Εἶχε
3224 1853 3281 1911 δὲ
3328 1857 3417 1911 καί
3476 1855 3563 1912 ἒπῖ
3604 1857 3722 1911 στό-

2083 1965 2248 2015 ματος
2306 1944 2560 2016 καλάμην
2635 1949 2963 2015 ποιμενικῆς
3045 1944 3322 2019 σύριγγος,
3370 1943 3444 2005 εἴς
3509 1943 3718 2017 χλεύην

2077 2035 2234 2084 τινῶν
2292 2030 2433 2085 οὕτω
2478 2034 2819 2100 ποιησάντων
2871 2034 2953 2092 οἷς
3016 2027 3178 2103 ἔμελε
3236 2030 3586 2106 Θρεμμάτων.
3634 2036 3722 2095 Ὠς

2079 2119 2125 2173 δ’
2159 2117 2365 2181 ἰδόντες
2424 2118 2721 2192 ἐθαύμαζον
2786 2121 2879 2190 μὲν
2938 2121 3037 2187 τήν
3070 2120 3165 2173 τοῦ
3197 2120 3455 2193 λειψάνου
3516 2119 3718 2193 ὀλομέ-

2078 2205 2249 2276 λειαν,
2285 2205 2585 2282 διηπόρουν
2661 2204 2717 2261 δὲ
2760 2208 2971 2269 οὗτινος
3017 2205 3077 2260 ἂν
3127 2208 3215 2261 καὶ
3266 2205 3349 2277 εἴη
3396 2209 3423 2263 ὁ
3454 2212 3720 2284 πεπηγὼς

2076 2296 2275 2358 ἐκεῖνος
2310 2296 2397 2349 καὶ
2449 2290 2526 2349 ἔτι
2580 2296 2656 2356 εἲς
2699 2298 2858 2367 σῶμα
2901 2292 3284 2367 συνιστάμενος
3334 2298 3490 2370 χοῦς,
3520 2298 3721 2370 ὁρῶσιν

2073 2383 2130 2438 ἐκ
2182 2381 2366 2453 δεξιῶν
2425 2385 2487 2438 τὸ
2540 2386 2791 2458 κενήριον
2836 2386 2925 2439 καὶ
2976 2382 3062 2438 ἐπ’
3109 2384 3257 2457 αύοῷ
3305 2385 3715 2462 γεγραμμένους

2074 2472 2295 2547 στίχους
2324 2470 2627 2544 δηλοῦντας
2657 2473 2749 2527 τὸν
2796 2472 3059 2545 κείμενον.
3098 2472 3196 2528 Ἦν
3247 2473 3427 2544 οὗτος,
3459 2473 3535 2537 ὡς
3587 2472 3713 2544 ἐδή-

2073 2560 2172 2616 λου
2226 2563 2293 2615 τὰ
2340 2560 2656 2635 γράμματα,
2691 2560 2722 2615 ἀ
2754 2558 3232 2635 Βουλγαροκτόνος
3283 2560 3590 2624 Βασίλειος.
3622 2564 3711 2625 Ὡς

2068 2777 2390 2845 constituit,
2425 2777 2524 2832 sed
2557 2777 2704 2833 citra
2761 2780 3201 2834 conventionem
3257 2794 3391 2834 cum
3448 2779 3709 2836 obsessis

2073 2865 2275 2931 ullam,
2290 2865 2347 2920 id
2371 2867 2441 2919 ad
2462 2865 2936 2937 qualemcunque
2958 2866 3268 2922 valiturum
3285 2868 3715 2925 excusationem

2072 2957 2410 3019 autumans,
2441 2954 2605 3024 quasi
2631 2971 2744 3009 non
2764 2958 2881 3009 tam
2904 2954 3197 3011 omitteret
3220 2957 3513 3027 inceptum
3541 2973 3714 3027 quam

2072 3041 2132 3096 in
2154 3046 2385 3113 tempus
2408 3043 2796 3113 opportunius
2812 3042 3090 3111 differret,
3111 3059 3244 3099 cum
3269 3044 3348 3100 rei
3372 3045 3709 3117 prosperius

2072 3131 2364 3185 tentandae
2398 3147 2458 3186 se
2490 3130 2720 3186 offerret
2752 3132 2998 3188 occasio.

2000 3257 2047 3322 D
2127 3273 2214 3328 21.
2248 3273 2321 3327 De
2349 3271 2610 3328 cadavere
2640 3271 2993 3344 imperatoris
3020 3274 3215 3330 Basilii
3242 3276 3656 3347 Bulgaroctoni.

2133 3400 2413 3466 Tempore
2442 3397 2616 3452 istius
2643 3398 2849 3453 obsidii
2892 3398 3129 3469 quidam
3164 3416 3231 3455 ex
3261 3399 3490 3456 familia
3521 3401 3706 3473 impe-

2065 3486 2275 3539 ratoris
2299 3486 2777 3558 circumquaque,
2813 3492 2876 3542 ut
2907 3487 2992 3558 fit,
3026 3492 3333 3559 evagantes
3365 3489 3546 3545 animi
3577 3506 3705 3562 gra-

2063 3574 2145 3627 tia
2174 3573 2531 3628 devenerunt
2561 3575 2618 3628 in
2651 3575 2903 3646 theologi
2933 3576 3373 3649 monasterium,
3404 3578 3463 3633 in
3494 3579 3701 3635 subur-

2063 3661 2161 3716 bio
2193 3661 2281 3715 cui
2304 3676 2512 3715 nomen
2538 3661 2902 3718 Hebdomum
2927 3664 3129 3719 situm.
3152 3666 3464 3736 Supererat
3486 3683 3701 3724 nomen

2065 3749 2255 3806 solum
2291 3750 2647 3816 monasterii,
2681 3752 2867 3806 forma
2897 3753 3024 3822 ejus
3057 3753 3248 3808 omnis
3277 3754 3467 3810 ruinis
3490 3754 3700 3812 deleta.

2067 3838 2159 3893 Illi
2197 3836 2483 3909 templum
2516 3839 2666 3906 quod
2698 3838 2775 3892 ibi
2810 3840 2998 3895 fuerat
3027 3841 3302 3913 ingressi,
3335 3844 3701 3899 destructum

2066 3932 2124 3982 et
2152 3928 2343 3998 ipsum
2375 3926 2500 3981 etin
2526 3925 2820 3983 stabulum
2838 3932 3234 3984 armentorum
3250 3934 3565 3996 mutatum,
3591 3933 3704 3988 huc

2064 4014 2318 4086 illucque
2341 4014 2828 4070 circumferebant
2849 4013 3072 4085 oculos,
3088 4020 3146 4071 et
3162 4017 3482 4073 miserabili
3512 4021 3704 4091 specie

2065 4102 2469 4174 reliquiarum,
2498 4106 2715 4173 quanta
2746 4102 2953 4158 fuisset
2979 4104 3134 4159 illius
3164 4121 3297 4160 cum
3317 4107 3506 4161 adhuc
3525 4110 3707 4164 staret

2066 4192 2206 4245 edis
2239 4207 2415 4245 sacrae
2449 4190 2840 4261 pulchritudo,
2868 4208 2980 4247 non
3005 4193 3129 4248 sine
3152 4194 3700 4254 admiration0125

2067 4280 2319 4350 quadam
2352 4278 2725 4335 aestimantes.
2759 4285 2897 4335 Erat
2926 4281 2985 4335 in
3017 4281 3111 4337 his
3138 4282 3471 4353 Iatropulus
3502 4283 3704 4340 Deme-

2066 4367 2216 4422 trius
2254 4368 2547 4437 logotheta
2585 4372 2725 4423 tunc
2782 4371 3259 4425 domesticorum.
3323 4372 3408 4427 Ita
3452 4371 3704 4427 circum-

2068 4456 2472 4526 spectantibus
2512 4462 2752 4527 apparet
2782 4457 3097 4528 improviso
3129 4458 3187 4511 in
3216 4459 3461 4528 quodam
3488 4459 3704 4532 angulo

2070 4550 2233 4599 stans
2263 4544 2367 4598 viri
2391 4543 2530 4599 olim
2564 4545 2777 4599 mortui
2810 4547 3074 4613 cadaver,
3102 4546 3390 4616 integrum
3440 4548 3611 4619 plane
3639 4565 3704 4606 ac

2071 4634 2354 4688 membris
2372 4633 2494 4688 suis
2517 4634 2787 4688 omnibus
2809 4638 2941 4705 apte
2962 4634 3386 4691 cohaerentibus
3404 4642 3705 4707 constans,

2072 4723 2293 4776 nudum
2332 4738 2363 4775 a
2402 4722 2587 4792 capite
2616 4722 2685 4776 ad
2720 4722 2913 4792 pedes.
2945 4722 3206 4779 Habebat
3236 4727 3433 4779 autem
3465 4725 3549 4780 ori
3580 4726 3707 4781 afﬁ-

2069 4828 2201 4865 xam
2222 4826 2464 4865 cannam
2482 4810 2793 4880 pastoritiae
2812 4810 3038 4875 ﬁstulas,
3055 4811 3302 4867 ludibrio
3317 4816 3706 4884 quorumdam

2071 4916 2275 4970 greges
2306 4898 2435 4952 istic
2464 4897 2761 4951 stabulare
2791 4896 2995 4953 solitos
3027 4902 3383 4956 curantium.
3411 4902 3708 4960 Miraban-

2068 4993 2169 5042 tur
2216 4986 2314 5057 qui
2376 4985 2495 5039 haec
2542 4986 2817 5041 videbant
2870 4987 3262 5059 integritatem
3322 4993 3581 5062 corporis
3640 5010 3708 5049 ex

2069 5076 2260 5145 longo,
2294 5077 2359 5128 ut
2395 5074 2729 5145 apparebat,
2762 5075 3033 5130 exanimi.
3083 5078 3466 5149 Ambigebant
3512 5085 3706 5136 autem

2072 5164 2242 5233 cujus
2272 5166 2425 5217 esset
2444 5162 2588 5216 illud
2612 5162 2695 5217 sic
2721 5161 2905 5217 solide
2928 5169 3292 5235 compactum
3315 5170 3371 5220 et
3388 5164 3705 5224 humanam

2073 5252 2262 5307 adhuc
2296 5254 2536 5306 formam
2572 5250 2827 5305 retinens
2856 5252 3119 5306 cadaver.
3154 5254 3411 5308 Cernunt
3432 5270 3463 5308 a
3493 5255 3709 5311 dextris

2073 5340 2404 5411 sepulcrum
2455 5344 2511 5395 et
2566 5340 2880 5411 inscriptas
2938 5340 3046 5410 ipsi
3102 5339 3325 5396 litteras
3381 5342 3709 5399 indicantes

2073 5429 2205 5499 quis
2236 5428 2644 5497 ibijacuisset.
2672 5428 2808 5481 Erat
2857 5431 3051 5481 autem
3108 5426 3223 5495 hic,
3274 5434 3447 5499 prout
3503 5429 3706 5487 littera

2074 5517 2504 5587 signiﬁcabant,
2539 5515 2786 5570 Basilius
2817 5514 3291 5585 Bulgaroctonus.
3332 5514 3401 5570 Ut
3452 5532 3586 5573 vero
3618 5536 3703 5575 re-

2072 5605 2242 5671 versi,
2277 5604 2415 5675 quid
2448 5604 2749 5669 vidissent,
2776 5602 3113 5673 imperatori
3146 5602 3486 5673 retulerunt,
3534 5606 3706 5662 mise-

2074 5693 2295 5747 ratione
2328 5692 2537 5746 irtima
2570 5696 2758 5746 tactus
2790 5691 2904 5756 ille,
2941 5690 3214 5744 continuo
3249 5690 3446 5747 missis
3504 5696 3707 5751 sericis
