4182 6286
472 357 581 413 563

1770 359 2071 415 GEORGII
2109 357 2568 415 PACHYMERJE

3757 357 3861 413 564

474 480 520 535 δ’
551 479 979 555 ὑποστρέψαντες
1014 479 1159 556 σφίσι
1215 480 1277 534 τὸ
1325 478 1505 543 θεαθὲν
1565 484 1643 551 τῷ
1697 476 1913 553 βασιλεῖ
1942 498 2111 553 προσ·
2141 480 2197 546 Α
2226 478 2342 552 ρὸν,
2374 476 2433 531 ἐκ
2482 480 2579 546 τῆς
2632 480 2767 533 κατὰ
2797 480 2893 547 τὴν
2922 476 3069 533 δόσιν
3101 483 3196 533 τοῦ
3227 478 3639 550 Ξηροποτάμου
3694 486 3865 549 μονῆς

477 565 754 645 ἀνέφερον,
789 568 1075 637 οἰκτίζεται
1136 567 1325 622 αὐτίκα
1366 568 1393 621 6
1429 566 1705 642 βασιλεὺς,
1756 567 1845 621 καὶ
1900 567 2117 639 πέμψας

476 655 677 732 σηρικά
716 657 1047 731 χρυσόσημα
1102 653 1307 726 πὲπλα,
1333 653 1410 711 ἔτι
1455 654 1512 710 δὲ
1565 654 1945 725 ἐξαποστείλας
1993 654 2119 715 τοὺς

472 743 821 818 ὑμνοπόλους
854 743 944 799 σὺν
973 745 1075 799 οὐκ
1097 743 1310 817 ὀλίγοις
1336 742 1621 819 ἄρχουσιν,
1644 744 1745 797 ὑπὸ
1771 741 1957 815 πολλῇ
1979 746 2115 814 τιμῇ

469 832 560 887 καὶ
595 830 913 911 δορυφορίᾳ,
946 829 1198 905 ψαλμοῖς
1247 830 1336 885 καὶ
1386 831 1602 903 ὕμνοις,
1634 828 2011 904 ἀνακομίζεται
2062 828 2112 882 ἐν

473 922 614 995 θήκῃ
673 919 834 993 τιμίᾳ
886 921 1024 995 πρὸς
1069 921 1162 974 τὸν
1209 919 1450 974 Γαλατᾶν
1507 920 1570 973 τὸ
1627 918 1905 993 λείψανον,
1963 918 2118 972 κάκεῖ

473 1008 793 1085 προστάττει
850 1013 931 1079 τῷ
988 1006 1209 1084 ἀδελφῷ
1258 1002 1710 1082 σεϐαστοκράτορι
1770 1007 1993 1061 ἐνθεῖναι
2046 1011 2114 1079 τῇ

473 1099 701 1177 σφετέρᾳ
754 1100 929 1169 σκηνῇ
978 1098 1076 1165 τὴν
1132 1097 1326 1167 θήκην,
1362 1094 1596 1159 πὲπλοις
1635 1116 1692 1150 τε
1745 1100 1972 1170 χρυσοῖς
2028 1096 2114 1149 ὑπ’

472 1189 764 1259 ἀκοιμήτῳ
794 1185 933 1264 φωτὶ
965 1184 1203 1259 ἐχόμενα
1248 1191 1348 1254 τῆς
1380 1183 1585 1239 ἐκείνου
1626 1190 1913 1259 στρωμνῆς
1964 1184 2116 1247 θέντα

468 1280 635 1349 τιμᾷν
675 1278 793 1336 τοῖς
842 1276 1235 1348 προσήκουσιν,
1279 1269 1381 1334 ἕως
1432 1272 1631 1336 ἐκεῖθεν
1682 1272 2112 1347 ἀναχωρούντων

470 1365 648 1419 αὐτῶν
694 1362 770 1424 εἷς
804 1356 1113 1437 Σηλυϐρίαν
1154 1360 1383 1432 ἐντίμως
1430 1361 1520 1414 καὶ
1561 1358 1831 1433 λαμπρῶς
1886 1381 2115 1433 μετακο-

475 1451 723 1524 μίσαντες
808 1448 860 1504 ἐν
926 1451 997 1521 τῇ
1076 1453 1173 1505 τοῦ
1252 1455 1513 1522 Σωτῆρος
1579 1452 1884 1512 καταθεῖναι
1948 1452 2109 1522 μονῇ.

473 1541 712 1597 Ἐκεῖθεν
767 1538 947 1594 τοίνυν
998 1538 1474 1611 ἐπανακάμπτουσι
1533 1538 1671 1611 πρὸς
1714 1538 1775 1591 τὸ
1827 1536 2115 1613 Νύμφαιον

474 1629 801 1685 καθιστῶντο
831 1626 898 1683 τὰ
939 1626 1076 1681 κατά
1129 1625 1298 1697 δόσιν,
1333 1623 1461 1701 ἄχρι
1514 1626 1600 1680 καὶ
1634 1622 1973 1699 Ὀρεστιάδος
2023 1628 2110 1681 καὶ

470 1719 533 1772 τὸ
582 1716 828 1771 ἐπέκεινα
882 1715 1269 1791 προφθασάσης
1312 1720 1412 1782 τῆς
1466 1712 1731 1786 βασιλέως
1785 1716 1974 1790 φήμης
2024 1715 2112 1769 καὶ

467 1801 944 1873 καταστελλοόσης
973 1801 1037 1857 τὸ
1065 1802 1364 1876 ἀνορμοῦν.

466 1911 571 1985 κβκ
621 1911 810 1985 Ὂπιρς
868 1909 895 1985 é
953 1905 1370 1985 πατριοξρχεέευν
1429 1907 1747 1985 Νιὲῃῖάρος
1836 1907 1926 1961 σὺν
2006 1910 2116 1980 ἅμα

744 1976 959 2055 βασιλεῖ
990 1972 1399 2051 καταλαμϐάνει
1422 1978 1483 2032 τὸ
1513 1972 1829 2055 Νὑμφαιον.

544 2063 971 2124 Καταλαὸόντων
1006 2064 1063 2122 δὲ
1094 2064 1186 2120 σὺν
1235 2063 1435 2137 πολλῷ
1480 2064 1639 2140 τάχει
1686 2068 1750 2122 τὸ
1807 2066 2113 2141 Νύμφαιον,

472 2160 501 2214 ὁ
532 2156 951 2233 πατριαρχεὺων
1006 2155 1176 2210 συνὼν
1232 2158 1313 2226 τῷ
1359 2158 1666 2228 κρατοῦντι,
1718 2154 1883 2211 ἐπεὶὸ
1916 2165 2113 2214 Θεσσαο

471 2247 699 2315 λονίκης
754 2245 844 2299 καὶ
904 2245 932 2298 ὁ
980 2246 1087 2298 τῶν
1119 2239 1370 2315 Σάρδεων
1428 2246 1548 2304 τοῖς
1596 2240 1877 2312 δοξάζουσι
1937 2245 2112 2322 σφίσιν

471 2334 818 2408 ἀμεταθὲτως
876 2327 1204 2405 ἐμμένοντες
1252 2326 1495 2383 ἐκποδὼν
1555 2328 1690 2397 ἦσαν
1742 2329 2113 2406 ἐξωρισμὲνοι,

469 2423 820 2491 ἀντικαθιστᾷ
866 2419 1076 2475 τοὺτων
1149 2418 1364 2491 ἑτέρους
1421 2422 1539 2479 ταῖς
1598 2417 1973 2490 Ἐκκλησίαις,
2025 2422 2113 2477 καὶ

463 2513 558 2567 τὸν
618 2511 711 2585 μὲν
762 2505 1025 2579 Κυδώνην
1075 2507 1404 2566 Ἰωαννίκιον
1456 2514 1555 2576 τῆς
1612 2512 1721 2563 τῶν
1778 2507 2113 2585 Σωσάνδρων

474 2608 648 2676 μονῆς
696 2602 781 2672 [Ρ.
833 2601 921 2668 82]
978 2596 1275 2673 ἐξάρχοντα
1331 2593 1752 2668 Θεσσαλονίκης,
1798 2598 1888 2651 τὸν
1949 2595 2007 2653 δὲ
2052 2620 2115 2673 γε

465 2689 715 2757 Χαλαζᾶν
771 2680 1036 2741 Ἰάκωϐον
1111 2682 1171 2739 ἐκ
1237 2681 1439 2744 δόσεως
1512 2684 1987 2758 προσχωρήσαντα
2037 2684 2116 2757 τῷ

472 2779 757 2851 κρατοῦντι
822 2770 1073 2845 Σάρδεων
1136 2769 1536 2829 ἀποδείκνυσιν.
1589 2772 1725 2846 Εἶχε
1776 2769 1832 2826 δὲ
1887 2772 1975 2826 καὶ
2037 2773 2111 2834 εἰς

472 2870 653 2943 ψῆφον
704 2862 961 2938 Σμύρνης
1006 2862 1096 2917 τὸν
1146 2860 1345 2929 Ἰσαὰκ,
1378 2858 1545 2935 ἄνδρα
1589 2860 1679 2914 καὶ
1740 2860 1897 2915 αὑτὸν
1952 2881 2112 2936 γερα-

480 3005 623 3045 auro
654 2988 893 3045 intextis
912 2987 1077 3056 velis,
1110 2986 1450 3043 cantoribus
1495 3001 1729 3056 quoque
1787 3000 1851 3040 ac
1900 2984 2115 3055 princi-

480 3094 620 3151 pum
654 3093 769 3133 non
817 3075 1019 3147 paucis
1066 3075 1270 3130 eodem
1322 3090 1384 3129 se
1441 3073 1704 3128 conferre
1744 3072 1952 3141 jussis,
1982 3089 2114 3129 cum

2224 567 2571 639 ὁρμώμενον.
2602 564 2761 622 Ἀλλ’
2793 568 2844 621 ἐν
2876 567 3121 639 τοσούτῳ
3149 575 3249 635 τῆς
3280 567 3485 621 ἐκείνου
3522 567 3863 641 χειροτονίας

2224 655 2407 730 φθάνει
2466 656 2643 709 πεσὼν
2701 656 2777 718 εἷς
2814 656 2970 710 νόσον
3014 657 3041 709 ὁ
3080 654 3448 731 πατριάρχης,
3482 654 3569 708 καὶ
3630 675 3861 729 προτρο-

2222 748 2348 803 παῖς
2384 742 2546 807 ἰδίαις
2571 746 2604 813 ἢ
2642 745 2748 815 μὴν
2775 744 2864 798 καὶ
2895 748 2991 798 τοῦ
3052 744 3501 817 ἐξυπηρετοῦντος
3558 741 3703 815 αὑτῷ
3754 744 3864 815 (καὶ

2221 835 2384 885 τοῦτο
2428 840 2529 905 γὰρ
2578 829 2834 907 λέγεται·
2870 832 3073 894 ἐκεῖνος
3120 833 3219 907 γὰρ
3262 832 3581 901 ἡναισθήτει
3631 832 3697 886 τὰ
3754 829 3867 885 λοί-

2223 930 2345 981 σθια
2374 920 2630 992 πνὲων)ὁ
2687 921 2744 975 ἐκ
2803 919 3196 989 Θεσσαλονίκης
3253 922 3497 989 Νικήτας
3549 919 3857 995 Δυρῥαχίου

2220 1013 2636 1082 χειροτονεῖται.
2689 1007 2837 1064 Ἀλλ’
2870 1010 2903 1077 ἠ
2955 1008 3113 1083 κυρία
3154 1006 3276 1061 τότε
3305 1010 3401 1061 τοῦ
3459 1008 3687 1070 θανάτου
3749 1007 3858 1085 ἐφί-

2223 1116 2406 1149 σταται
2436 1100 2515 1167 τῷ
2536 1096 3010 1171 πατριαρχεόοντι,
3046 1095 3135 1149 καὶ
3167 1097 3193 1149 ὁ
3228 1095 3285 1150 ἐκ
3315 1098 3412 1163 τῆς
3467 1099 3564 1149 τοῦ
3618 1095 3868 1158 Πέλοπος

2221 1182 2277 1237 ἐκ
2308 1183 2615 1258 πριγκίπων
2670 1184 2913 1258 μοναχὸς
2956 1180 3264 1252 Θεοδόσιος,
3295 1184 3431 1257 ἀνὴρ
3491 1178 3733 1252 εὐλαϐὴς
3776 1186 3866 1238 καὶ

2221 1271 2309 1326 ἐπὶ
2341 1271 2620 1334 πλείστοις
2670 1272 2895 1347 χρόνοις
2936 1272 3196 1343 ἀσκήσας,
3232 1269 3308 1326 ἔτι
3362 1269 3419 1325 δὲ
3462 1271 3551 1325 καὶ
3595 1274 3695 1341 τὴν
3742 1294 3867 1326 συν-

2222 1359 2402 1414 ουσίαν
2436 1357 2571 1428 ἡδὺς
2609 1362 2697 1413 καὶ
2729 1360 2938 1435 χαρίεις
2994 1359 3083 1413 καὶ
3142 1357 3397 1420 ποικίλος
3456 1360 3556 1425 τὴν
3614 1358 3862 1431 ὁμιλίαν,

2222 1448 2294 1508 ὠς
2346 1447 2509 1519 μόνον
2563 1448 2763 1503 ἐκεῖνον
2826 1446 3011 1501 ἰδόντα
3038 1449 3177 1518 τινὰ,
3213 1446 3309 1500 κᾶν
3367 1447 3433 1499 τὰ
3484 1445 3711 1521 μέγιστα
3767 1449 3861 1503 λυ-

2219 1541 2404 1606 ποῖτο,
2437 1542 2611 1609 χαρᾶς
2640 1536 2893 1609 ἔμπλεων
2921 1535 3309 1606 ἀπαλλάττειν,
3343 1534 3433 1589 καὶ
3483 1536 3557 1596 ὡς
3618 1535 3674 1589 εὖ
3726 1534 3865 1611 ἔχων

2218 1628 2314 1678 τοῦ
2367 1626 2553 1699 γένους
2610 1630 2750 1688 θεῖος
2801 1628 2897 1678 τοῦ
2948 1627 3273 1698 κρατοῦντος
3314 1623 3853 1695 όνομαζόμενος,τ-ἱ,ν

2222 1712 2535 1785 οἰκονομίαν
2589 1716 2686 1767 τοῦ
2730 1712 2853 1766 ὅσον
2918 1711 3517 1783 οῧπωητεθνηξομὲνου
3569 1714 3712 1785 παρὰ
3764 1719 3853 1767 τοῦ

2142 1835 2189 1899 Β
2221 1798 2446 1862 ἄνακτος
2478 1799 2843 1875 ἐπιτρέπεται,
2876 1798 2990 1854 ἐπεί
3020 1799 3105 1853 τοί
3134 1820 3197 1873 γε
3225 1800 3314 1853 καὶ
3346 1801 3627 1874 χρήμασιν
3660 1800 3847 1854 ἐπλού-

2224 1909 2303 1942 τει
2362 1887 2420 1942 ἐκ
2464 1895 2563 1957 τῆς
2597 1889 2823 1965 Ἐφέσου
2886 1886 3145 1950 πολλοῖς.
3193 1886 3330 1942 Τότε
3386 1890 3516 1960 γοῦν
3577 1886 3706 1956 νόξαι
3750 1888 3835 1942 τὸν

2225 1975 2467 2048 κείμενον
2498 1974 2714 2050 λέγεται
2743 1977 2833 2030 τὸν
2866 1976 3179 2049 ἐπίτροπον,
3213 1971 3266 2028 εἷ’
3289 1995 3405 2035 πως
3448 1976 3658 2048 αἱροῖτο
3700 1973 3840 2028 ἐπεν-

2228 2063 2447 2134 δυθῆναι
2472 2064 2537 2118 τά
2565 2068 2823 2139 μοναχῶν
2860 2084 2872 2096 ·
2907 2064 2934 2118 6
2968 2060 3024 2117 δὶ
3074 2063 3183 2137 οὐχ
3239 2062 3386 2124 ὅπως
3444 2062 3685 2135 ἐπείσθη,
3714 2062 3854 2117 ἀλλᾶ

2225 2153 2314 2207 καὶ
2367 2154 2576 2228 βαρέως
2627 2156 2727 2222 τὴν
2786 2153 3091 2225 ὑπόμνησιν
3147 2149 3367 2226 ἤνεγκεν
3416 2153 3491 2213 ὡς
3548 2153 3855 2223 τεθνηξείων

2225 2242 2531 2317 ἀρχιερεύς.
2566 2242 2667 2297 Καὶ
2716 2238 2781 2309 δή
2843 2241 2892 2312 ἐξ
2944 2238 3239 2313 ἀνθρώπων
3299 2240 3593 2315 γεγονότος
3646 2241 3719 2303 ὡς
3772 2241 3863 2294 τά·

2225 2331 2407 2404 χος,ὁ
2458 2330 2647 2403 νεκρὸς
2700 2329 2905 2384 ἐκείνου
2960 2326 3332 2401 διακομίζεται
3389 2330 3528 2403 πρὸς
3583 2330 3865 2405 τὴνἚφε-

2225 2438 2336 2488 σον,
2368 2418 2464 2471 κάν
2495 2421 2563 2489 τῇ
2610 2415 2951 2490 μητροπόλει
2999 2421 3079 2488 τῷ
3126 2417 3283 2494 τάφῳ
3331 2413 3558 2484 δίδοται,
3592 2416 3727 2489 ἀνὴρ
3778 2417 3872 2471 τὸν

2228 2506 2343 2580 βίον
2411 2506 2504 2577 μὲν
2556 2500 2811 2581 φοϐερὸς,
2863 2502 3278 2574 ἀκατάπληκτος
3336 2501 3391 2558 δὲ
3448 2510 3565 2566 τοῖς
3616 2502 3879 2580 ἄρχουσι,

2227 2596 2335 2646 τῶν
2398 2590 2454 2647 δέ
2503 2613 2562 2667 γε
2620 2588 2866 2667 φοϐερῶν
2921 2593 3255 2667 ὑπερόπτης,
3305 2594 3440 2647 κατά
3497 2592 3695 2668 ἀρετὴν
3749 2615 3879 2648 παι-

2229 2679 2403 2744 διόθεν
2438 2682 2689 2751 συνήθης,
2723 2678 2877 2753 δόξας
2908 2678 2965 2735 δὶ
2991 2680 3114 2735 τότε
3141 2685 3261 2744 τοῖς
3304 2678 3539 2742 πολλοῖς
3598 2682 3879 2757 ἐπαχθὴς,

2227 2768 2288 2824 οὗ
2345 2766 2433 2823 διέι⁵
2476 2770 2573 2837 τὴν
2638 2771 2917 2841 μετάθεσιν
2962 2769 3119 2823 τόσον
3171 2769 3297 2824 ὅσον
3330 2770 3390 2824 τὸ
3422 2774 3620 2838 ζῶντος
3681 2791 3878 2846 πατρι-

2224 2855 2403 2934 ἄρχου
2433 2856 2659 2932 γνησίου
2687 2856 2848 2912 πῦτὸν
2884 2856 3275 2931 μετατίθεσθαι.

2225 2983 2413 3039 virum
2447 2986 2503 3038 et
2529 2982 2722 3054 ipsum
2754 2982 3127 3051 honoratum,
3162 2984 3262 3055 qui
3293 2999 3323 3039 e
3363 2986 3719 3041 monasterio
3760 2987 3876 3042 Xe-

2226 3072 2531 3143 ropotami,
2586 3071 2697 3127 sito
2756 3070 2814 3126 in
2873 3072 3141 3142 partibus
3195 3072 3485 3136 Occiduis,
3550 3076 3871 3145 prodierat.

472 3168 662 3223 multo
698 3165 921 3221 honore
951 3180 1017 3219 ac
1050 3161 1352 3259 satellitio,
1378 3159 1624 3231 psalmis
1654 3164 1716 3259 et
1740 3160 1973 3232 hymnis
1994 3178 2116 3233 per-
2144 3195 2188 3262 Ο
2228 3163 2337 3219 Sed
2365 3177 2497 3216 cum
2530 3165 2685 3216 esset
2714 3161 2770 3216 in
2795 3162 3097 3233 procinctu
3130 3162 3200 3215 ad
3234 3160 3388 3217 hunc
3440 3162 3869 3231 ordinandum,

472 3254 841 3321 sonantibus,
871 3253 931 3305 in
986 3250 1155 3305 theca
1208 3247 1463 3320 pretiosa
1509 3248 1720 3304 deferri
1776 3249 1999 3304 curavit
2055 3250 2112 3305 id

476 3359 690 3416 corpus
721 3340 781 3397 in
812 3342 1009 3396 castra
1038 3338 1107 3393 ad
1136 3337 1419 3404 Galatam,
1453 3341 1510 3393 et
1538 3337 1619 3393 ibi
1651 3337 1813 3393 fratri
1872 3354 1979 3393 suo
2019 3355 2115 3395 se-

474 3427 863 3491 bastocratori
895 3426 1189 3483 mandavit
1238 3430 1303 3481 ut
1333 3426 1561 3481 thecam
1593 3441 1711 3497 qua
1742 3428 1866 3481 erat
1912 3427 2116 3482 condi-

473 3527 602 3579 tum
634 3520 693 3574 in
726 3514 1104 3574 tabernaculo
1136 3530 1242 3572 suo
1274 3517 1529 3570 servaret
1555 3512 1698 3570 velis
1732 3514 1923 3572 aureis
1955 3512 2115 3587 oper-

473 3614 620 3675 tam,
650 3610 709 3664 et
738 3605 963 3661 facibus
993 3604 1210 3661 circum
1260 3607 1434 3659 noctu
1483 3602 1703 3675 diuque
1757 3602 2113 3676 lucentibus,

476 3712 655 3769 prope
685 3710 858 3751 suum
882 3692 1070 3764 ipsius
1096 3696 1449 3762 stratum,eo
1481 3708 1593 3762 quo
1624 3707 1730 3762 par
1756 3696 1845 3747 est
1871 3691 2110 3753 honore.

478 3785 735 3841 haberet.
768 3782 978 3853 Sicque
1006 3779 1123 3836 illic
1154 3780 1283 3848 fuit,
1318 3780 1507 3852 quoad
1541 3779 1714 3836 motis
1740 3780 1873 3835 inde
1904 3782 2114 3837 castris

476 3873 812 3930 recedentes
842 3869 928 3925 illi
959 3868 1277 3942 Selybriam
1329 3868 1631 3925 honoratis
1663 3884 1729 3923 ac
1789 3867 2113 3939 splendidis

475 3959 767 4031 exsequiis
795 3962 1123 4030 portarunt,
1157 3957 1257 4014 ubi
1289 3955 1619 4028 depositum
1654 3959 1741 4011 est
1770 3956 1828 4010 in
1860 3955 2113 4014 Salvato-

476 4049 557 4105 ris
586 4046 962 4104 monasterio.
996 4046 1140 4102 Hinc
1179 4046 1465 4101 ﬂexerunt
1493 4060 1696 4100 versus
1726 4045 2110 4118 Nymphaeum

476 4138 606 4206 iter,
638 4135 767 4191 utili
801 4134 1045 4190 consilio
1076 4134 1356 4206 pacandis
1380 4138 1602 4189 tractus
1624 4133 1858 4189 Occidui
1892 4135 2112 4190 tumul-

478 4226 638 4282 tibus
667 4240 681 4280 :
710 4240 847 4279 nam
882 4239 1191 4294 progressa
1220 4238 1407 4293 usque
1438 4222 1797 4277 Orestiadem
1846 4228 1903 4278 et
1957 4224 2114 4280 ultra

477 4313 790 4387 propinqui
824 4316 880 4367 et
909 4313 1061 4367 126
1094 4310 1261 4382 quasi
1322 4310 1687 4364 adventantis
1744 4310 2114 4381 imperatoris

476 4403 635 4458 fama
661 4400 909 4457 multum
950 4399 1131 4455 valuit
1180 4400 1251 4455 ad
1304 4397 1774 4469 comprimendos
1821 4400 2113 4471 inquietos

478 4495 673 4547 motus
697 4489 931 4545 illarum
964 4488 1255 4560 gentium.

475 4644 564 4696 22.
592 4642 655 4698 Ut
682 4640 996 4712 patriarcha
1026 4638 1363 4712 Nicephorus
1404 4637 1583 4712 simul
1613 4655 1737 4694 cum
1780 4640 2113 4711 imperatore

969 4710 1181 4767 venerit
1236 4711 1613 4783 Nymphaeum.

548 4845 689 4900 Cum
724 4846 921 4899 autem
954 4858 1166 4913 magna
1195 4842 1485 4898 celeritate
1514 4842 1892 4914 Nymphaeum
1921 4860 2112 4915 pervc-

479 4933 726 4999 nissent,
754 4929 1087 5002 patriarcha
1117 4930 1216 5001 qui
1243 4946 1375 4985 cum
1398 4931 1743 5001 imperatore
1769 4931 1943 4988 simul
1967 4938 2109 5003 erat,

475 5023 683 5078 videns
711 5018 1289 5075 Thessalonicensem
1316 5022 1371 5073 et
1407 5020 1744 5075 Sardensem
1775 5021 1831 5075 in
1856 5022 1978 5077 suis
2001 5024 2111 5093 pri-

475 5112 623 5166 vatis
653 5107 947 5165 obtinatos
977 5106 1283 5161 sententiis
1302 5111 1526 5162 amotos
1557 5122 1588 5161 e
1612 5109 1802 5163 medio
1824 5112 2109 5182 exsulare,

476 5198 787 5254 substituit
816 5194 961 5267 ipsis
1001 5194 1147 5250 alios
1176 5194 1235 5248 in
1285 5193 1519 5249 illarum
1578 5211 1777 5251 curam
1828 5197 2109 5255 Ecclesia-

475 5278 715 5355 rum,et
747 5284 1040 5357 Cydonem
1069 5282 1303 5353 quidem
1333 5282 1727 5348 Joannicium,
1759 5288 2111 5342 monasterio

476 5374 906 5431 Sosandrorum
938 5374 1109 5426 antea
1133 5370 1529 5442 praepositum,
1580 5372 2110 5443 Thessalonicensi,

478 5462 760 5519 Jacobum
791 5476 926 5515 vero
957 5458 1286 5525 Chalazam,
1321 5459 1418 5531 qui
1452 5475 1521 5514 ex
1550 5459 1858 5516 Occidente
1915 5478 2110 5518 acces-

480 5555 639 5605 serat
684 5549 1132 5621 imperatorem,
1180 5548 1454 5604 Sardensi
1524 5550 1762 5622 praeﬁcit
1810 5550 2110 5608 Ecclesiae.

478 5637 745 5710 Elegerat
764 5637 938 5692 etiam
958 5635 1017 5691 in
1050 5636 1460 5709 Smyrnensem
1485 5637 1819 5711 episcopum
1852 5639 2110 5696 Isaacum

2228 3248 2511 3305 inciditin
2559 3248 2829 3303 morbum
2888 3249 3242 3319 patriarcha,
3302 3250 3468 3320 cujus
3522 3251 3766 3307 consilio
3798 3268 3866 3306 ac

2222 3338 2542 3407 voluntate,
2564 3336 2652 3392 vel
2676 3337 2868 3408 potius
2899 3337 3155 3393 ministri
3182 3339 3309 3408 ejus
3338 3338 3495 3409 (nam
3526 3344 3584 3394 et
3615 3339 3723 3395 hoc
3772 3343 3862 3396 di-

2223 3426 2397 3497 citur)
2411 3427 2671 3495 cumjam
2692 3426 2812 3496 ipse
2828 3426 3135 3480 destitutus
3150 3426 3340 3481 officio
3369 3443 3650 3482 sensuum
3668 3434 3871 3500 ageret

2223 3516 2504 3581 animam,
2539 3514 3076 3570 Thessalonicensis
3106 3514 3333 3569 Nicclas
3359 3515 3414 3568 in
3438 3515 3866 3586 Dyrrhachien-

2223 3622 2346 3663 sem
2373 3606 2675 3676 promotus
2706 3607 2793 3658 est
2814 3603 3113 3657 thronum.
3174 3604 3457 3659 Caeterum
3517 3606 3856 3675 patriarcha:

2222 3693 2537 3750 constituta
2568 3691 2734 3747 morti
2767 3691 2889 3747 dies
2947 3690 3237 3760 illuxerat,
3295 3696 3353 3746 et
3406 3691 3859 3764 Peloponnesias

2223 3782 2544 3839 monachus
2570 3797 2638 3836 ex
2694 3780 3025 3853 principum
3077 3780 3156 3834 ibi
3188 3780 3619 3836 dominantium
3676 3782 3859 3854 stirpe

2221 3870 2606 3938 Theodosius,
2638 3869 2725 3925 vir
2754 3870 2907 3940 pius,
2940 3868 3159 3940 quique
3188 3868 3578 3941 exlongojam
3600 3873 3861 3942 tempore

2220 3959 2397 4015 vitam
2424 3957 2753 4029 religiosam
2780 3960 3114 4013 exercuerat
3134 3958 3557 4012 consuetudine
3576 3974 3709 4013 vero
3738 3964 3857 4014 tam

2223 4047 2371 4102 comi
2406 4063 2469 4101 ac
2492 4049 2671 4101 faceta
2688 4045 3081 4115 varietateque
3093 4045 3343 4115 jucundi
3366 4046 3649 4101 sermonis
3670 4053 3857 4117 grata,

2223 4140 2287 4190 ut
2306 4135 2497 4206 quivis
2519 4133 2895 4205 quantumvis
2918 4136 3164 4187 mmstus
3187 4149 3252 4187 eo
3283 4133 3405 4188 viso
3436 4133 3791 4190 exhilaratus
3804 4142 3859 4191 et

2228 4224 2491 4295 gaudens
2525 4222 2710 4277 abiret
2741 4224 3017 4291 praeterea
3048 4221 3415 4276 nobilissimo
3446 4238 3672 4293 genere,
3705 4223 3861 4279 itaut

2222 4318 2464 4386 patruus
2480 4310 2845 4382 imperatoris
2862 4312 3755 4369 nominareturadministrandis
3772 4314 3865 4370 bo-

2224 4406 2317 4461 nis
2332 4407 2369 4459 1
2384 4405 2475 4460 27
2499 4402 2828 4457 moribundi
2848 4402 3190 4473 patriarcha:
3217 4404 3859 4474 prmdivitis,utdictum

2223 4499 2331 4563 est,
2356 4490 2836 4563 pecuniaEpheso
2861 4495 3108 4562 portata,
3136 4492 3479 4563 prmpositus
3502 4492 3574 4547 ab
3601 4494 3859 4564 Augusto

2220 4585 2329 4637 est.
2362 4581 2464 4635 Hic
2496 4579 2867 4650 languentem
2901 4596 3019 4634 sua:
3042 4596 3190 4634 cura:
3212 4580 3590 4636 commissum
3613 4585 3860 4640 tentavit

2220 4670 2425 4741 ecquid
2456 4668 2629 4725 vellet
2660 4668 2927 4723 monachi
2957 4673 3172 4725 vestem
3205 4668 3465 4727 induere.
3488 4673 3560 4725 At
3584 4670 3681 4726 ille
3712 4673 3857 4728 adeo

2221 4775 2334 4814 non
2367 4762 2456 4813 est
2486 4774 2783 4827 assensus,
2818 4762 2881 4812 ut
2908 4759 3082 4813 etiam
3117 4758 3291 4813 istam
3338 4760 3697 4815 mentionem
3732 4777 3858 4815 mo-

2219 4846 2363 4902 leste
2392 4846 2608 4916 tulerit,
2632 4848 2943 4901 ostendens
2960 4846 3270 4902 seomnino
3293 4847 3437 4902 velle
3468 4848 3856 4919 patriarcham

2224 4936 2392 4991 mori.
2427 4935 2599 4990 Porro
2630 4935 3147 5004 hujus,postquam
3177 4934 3449 5005 migravit
3470 4953 3537 4990 ex
3554 4937 3854 5008 humanis,

2221 5041 2432 5096 corpus
2464 5022 2725 5079 celeriter
2754 5024 3117 5093 deportatum
3170 5023 3462 5094 Ephesum
3523 5023 3643 5079 illic
3700 5028 3853 5097 apud

2221 5113 2730 5182 metropolitanum
2764 5110 3049 5182 templum
3084 5111 3395 5182 sepulturae
3446 5113 3715 5169 traditur.
3757 5114 3856 5168 Vir

2222 5201 2334 5256 fuit
2362 5201 2480 5255 vita
2502 5216 2756 5269 severus,
2791 5198 3121 5269 intrepidus
3166 5198 3223 5252 in
3256 5200 3543 5255 obstando
3576 5201 3853 5271 principi-

2222 5290 2354 5357 bus,
2386 5287 2779 5360 periculorum
2812 5286 3225 5357 minarumque
3245 5292 3629 5357 euntemplor,
3657 5289 3849 5343 virtuti

2222 5395 2253 5433 a
2284 5393 2462 5449 puero
2477 5380 2766 5444 assuetus,
2790 5375 3292 5430 visusautemtum
3327 5375 3529 5431 multis
3559 5376 3851 5432 instrusus

2221 5467 2277 5522 in
2312 5464 2753 5538 patriarchalem
2788 5462 3082 5529 thronum,
3118 5479 3229 5518 non
3277 5467 3393 5518 tam
3427 5464 3576 5532 quod
3606 5463 3850 5518 lransla—

2222 5562 2313 5608 lus
2344 5569 2412 5608 ex
2441 5552 2732 5622 Ephesina
2762 5551 2918 5619 sede,
2950 5566 3121 5618 quam
3154 5550 3305 5621 quod
3353 5550 3612 5620 legitimo
3661 5550 3849 5605 adhuc

2221 5642 2448 5697 vivente
2475 5638 2802 5712 patriarcha
2829 5637 3151 5694 translatus
3183 5638 3406 5695 fuisset.
