4182 6286
343 405 452 459 565

1407 412 1502 464 DE
1543 410 1913 466 MICHAELE
1952 411 2397 468 PALBOLOGO
2434 414 2566 468 LIB.
2610 416 2678 470 ll.

3637 416 3745 471 566

338 536 442 603 κγ’.
504 529 695 589 "Cum;
751 529 778 581 ὁ
842 527 1094 600 βασιλεὺς
1152 530 1250 611 ,τὸν
1326 532 1441 586 νέον
1520 528 1773 601 Ἰωᾶννην
1852 533 1981 586 ἀπε·
2014 536 2067 602 Α
2100 535 2187 587 καὶ
2249 533 2537 606 ἐμελῴδει,
2572 534 2750 591 οὐδενῖ
2809 535 2855 591 δ’
2912 534 3101 610 ἔθελγε
3156 538 3217 590 τὸ
3268 538 3539 611 παράπαν.
3584 537 3744 595 Ἀλλ’

1006 602 1317 656 σκευάσατο.

414 707 469 757 'O
506 704 688 778 μέντοι
723 726 785 779 γε
820 703 1072 777 βασιλεὺς
1105 705 1233 760 ὅσον
1265 708 1380 783 εἶχε
1407 707 1495 763 διὰ
1525 711 1754 783 γνώμης
1775 730 1987 782 κατωρ-

346 792 558 862 θωκὼς,
597 791 832 865 μηδενὸς
868 793 1316 869 ἀντιπράττοντος
1347 797 1427 868 (τὸ
1477 798 1581 872 γὰρ
1611 795 1827 852 παιδίον
1877 799 1990 852 κατ’

351 879 539 954 ὀλίγον
573 880 910 957 παρέρῥιπτο
951 882 1041 935 καὶ
1090 884 1299 952 ἠσθένει
1344 885 1479 959 πρὸς
1528 887 1627 953 τὴν
1680 888 1879 960 ἀρχὴν,
1915 886 1986 947 ὡς

347 969 437 1024 καὶ
470 970 607 1024 αύτᾶ
638 967 705 1038 δὴ
734 970 801 1023 τὰ
829 975 927 1037 τῆς
964 967 1239 1042 βασιλείας
1289 967 1541 1044 σύμϐολα
1589 971 1761 1048 ἄχθος
1811 975 1985 1049 φέρειν

351 1060 503 1114 κενόν
535 1080 547 1093 ·
581 1059 779 1133 ὥριστο
811 1059 910 1133 γὰρ
956 1060 1043 1112 καί
1102 1064 1268 1115 ταῦτα
1325 1058 1667 1137 ἀποϐαλεῖν),
1700 1062 1785 1119 διὰ
1834 1070 1987 1119 τοῦτο

352 1146 404 1201 ἐν
467 1148 779 1222 ἁνακωχαῖς
833 1148 898 1215 ἦν
951 1148 1039 1201 καὶ
1092 1147 1313 1225 ἐτρύφα,
1345 1155 1412 1223 τῇ
1442 1152 1549 1205 τῶν
1579 1158 1848 1225 γυναικῶν
1905 1154 1993 1207 αὖ·

352 1235 635 1313 ταδέλφων
694 1235 945 1311 θεραπείᾳ
987 1238 1385 1311 θρυπτόμενος,
1440 1244 1526 1301 αἷς
1582 1242 1672 1295 καὶ
1720 1243 1795 1305 εἰς
1837 1245 1991 1298 πάντ’

358 1325 586 1400 ἐχρῆτο,
634 1329 700 1398 τῇ
749 1325 841 1397 μὶν
892 1326 1090 1397 Μάρθα
1140 1326 1216 1386 ὡς
1263 1326 1408 1398 αύτῷ
1453 1329 1673 1401 φανείσῃ
1703 1332 1835 1384 κατά
1881 1354 1990 1403 μη-

349 1413 476 1487 τέρα
533 1414 620 1467 καὶ
677 1416 793 1467 κατ’
825 1413 968 1467 οἷκον
1029 1415 1109 1484 [Ρ.
1150 1415 1242 1487 83]
1299 1415 1586 1489 ἀναγούοῃ,
1634 1417 1713 1489 τῷ
1764 1418 1987 1492 μεγάλῳ

350 1501 653 1575 δομεστίκῳ
683 1502 758 1563 εἰς
792 1503 1070 1576 ὁμοζυγον
1096 1501 1253 1576 οὔσῃ,
1284 1503 1498 1560 πολλοῦ
1544 1528 1688 1569 τινος
1739 1509 1987 1581 τιμωμέ-

344 1613 421 1661 νῳ
450 1594 528 1661 τῷ
583 1588 797 1665 βασιλεὶ
850 1591 900 1663 (ὁ
939 1588 1269 1665 περίπυστος
1309 1589 1352 1644 δ’
1398 1594 1462 1660 ἦν
1510 1593 1712 1657 ἐκεῖνος
1762 1599 1986 1671 Ταρχα-

338 1679 615 1749 νειώτης),
647 1682 716 1751 τῇ
750 1675 796 1732 δ’
830 1676 1072 1752 Εύλογίᾳ
1102 1678 1174 1740 ὠς
1224 1680 1311 1734 καὶ
1362 1680 1497 1753 αὐτῇ
1549 1681 1733 1745 καλῶς
1784 1684 1987 1759 ἐχούσῃ

331 1771 432 1822 τοῦ
461 1765 633 1836 ἤθους
661 1766 750 1820 καὶ
782 1766 950 1821 πλέον
982 1768 1016 1837 ἢ
1055 1765 1229 1837 ἐκείνη
1282 1764 1657 1844 τυρόαζομένῃ
1707 1774 1841 1845 πρὸς
1888 1775 1986 1848 βα-

2099 620 2223 674 ὅταν
2279 623 2545 696 μεμυκόσι
2591 623 2832 699 χείλεσιν
2878 627 3311 701 ὑποκοριζομένη
3362 627 3424 680 τὸ
3473 627 3594 701 περί
3643 629 3743 696 τήν

2098 708 2261 763 πόλιν
2314 708 2510 784 διεξῄει
2546 714 2628 783 (ἦν
2680 710 2735 767 δὲ
2783 715 2843 768 τὸ
2888 713 3175 787 λεγόμενον
3211 714 3283 774 ὡς
3338 712 3454 786 εὖγε
3508 719 3587 785 τῷ
3639 716 3741 789 βα-

2099 797 2244 852 σιλεῖ
2298 807 2396 867 τῆς
2425 800 2661 870 πόλεως,
2692 801 2781 856 καὶ
2836 804 2909 865 ὡς
2963 803 3097 856 κατᾶ
3140 804 3373 877 χρυσέαν
3424 802 3604 873 πύλην
3635 802 3740 857 εἰσ-

2100 885 2275 949 ελθεῖν
2331 886 2552 960 μέλλοι,
2604 891 2691 943 καὶ
2741 892 2813 951 ὡς
2858 891 2917 945 τὸ
2966 891 3054 945 καί
3099 891 3162 944 τὸ
3211 888 3383 944 ἐκεῖσε
3434 890 3738 966 μεγαλυνό-

2103 995 2263 1047 μενος
2340 974 2709 1049 ἐκτελέσειεν),
2760 976 2951 1032 αὖτίκα
3006 977 3219 1039 τούτοις
3276 977 3454 1052 ὥσπερ
3514 982 3735 1055 Σειρῆσι

2095 1065 2158 1117 τὸ
2216 1062 2433 1118 παιδίον
2480 1065 2804 1139 θελγόμενον
2855 1067 3129 1140 κατεσίγα,
3178 1066 3268 1120 καί
3310 1088 3426 1130 πως
3476 1067 3736 1139 μαλακῶς

2096 1151 2185 1205 καὶ
2216 1149 2392 1220 ἡδέως
2420 1153 2847 1222 κατεκοιμίζετο.
2880 1153 3063 1215 Οὕτως
3114 1155 3247 1222 ἦσαν
3307 1156 3361 1208 αἱ
3408 1153 3735 1231 αύτάδελφαι

2096 1244 2175 1309 τῷ
2206 1238 2421 1312 βασιλεῖ
2449 1241 2536 1295 καὶ
2568 1240 2737 1296 πάλαι
2775 1243 2867 1313 μὶν
2902 1243 2978 1303 εἷς
3021 1245 3362 1315 προμήθειαν
3413 1244 3514 1311 τήν
3559 1264 3736 1317 προσ-

2098 1329 2354 1396 ἤκουσαν,
2387 1329 2475 1382 καὶ
2524 1328 2645 1383 τότε
2693 1328 2749 1385 δὲ
2789 1328 3174 1406 πολυωροῧσαί
3223 1352 3279 1385 τε
3326 1331 3414 1385 καὶ
3472 1329 3735 1401 κηδεύου-

2098 1436 2205 1483 σαι,
2250 1417 2336 1490 ὑφ’
2366 1420 2450 1478 αῖς
2495 1416 2847 1492 λιπαρούσαις
2891 1420 2983 1490 μὲν
3036 1417 3221 1473 πολλά
3259 1440 3399 1473 τισιν
3450 1419 3526 1480 εἰς
3584 1421 3734 1493 εὐερ-

2096 1504 2276 1577 γεσίας
2344 1503 2590 1579 ἔπραττε,
2641 1502 3142 1577 συμϐουλευούσαις
3209 1506 3265 1561 δὲ
3325 1513 3586 1581 προσεῖχε
3644 1509 3732 1561 καὶ

2097 1595 2446 1666 συγκατήνυε.
2506 1592 2726 1668 Λέγεται
2787 1592 2843 1648 δὲ
2908 1595 2998 1649 καὶ
3066 1596 3139 1656 ὡς
3194 1593 3370 1669 βουλῇ
3428 1600 3595 1671 σφῶν,
3645 1598 3732 1649 καὶ

2099 1677 2309 1749 μᾶλλον
2360 1686 2459 1748 τῆς
2519 1679 2786 1756 Εὐλογίας
2833 1682 3053 1754 (θατέρα
3080 1681 3179 1756 γὰρ
3229 1681 3353 1756 περὶ
3410 1680 3733 1735 τὰπλεῖστα

2098 1765 2481 1839 μαλακώτερον
2549 1770 2741 1842 εἶχαν),
2804 1768 3097 1825 ἰδιωτεύειν
3175 1771 3265 1825 τὸν
3325 1771 3575 1839 Ἰωάννην
3650 1769 3734 1823 αἰ-

335 1853 511 1923 σιλέα,
545 1856 649 1909 οὐκ
681 1852 800 1910 οἶδα
833 1852 889 1908 δὲ
922 1853 965 1908 εί
997 1854 1085 1908 καὶ
1118 1857 1179 1909 τὸ
1231 1855 1520 1912 ὑποτείνειν
1571 1856 1795 1922 ἐλπίδας
1841 1880 1981 1935 χρη-
2095 1860 2267 1929 ροῖτο.

412 1943 425 1958 \
497 1941 512 1958 9
567 1944 579 1958 I
645 1945 672 1957 ο
858 1941 877 1958 \
990 1938 1026 1958 I‘
1175 1947 1201 1958 ιν
1267 1944 1294 1958 Λ
1393 1942 1412 1958 κ
1458 1950 1482 1958 _
1547 1945 1560 1958 I
1735 1948 1747 1958 ι
1937 1951 1948 1958 ι

338 1943 463 2004 στὰς
494 1941 583 1997 ἐπὶ
609 1945 676 2014 τῇ
712 1938 1089 2016 μεγαλοπόλει
1131 1947 1214 2014 τῷ
1266 1942 1482 2018 βασιλεῖ
1530 1945 1605 2007 ὠς
1653 1948 1854 2018 ταύτην
1901 1951 1987 2002 αἱ-

340 2033 560 2105 ρήσοντι
608 2029 667 2084 ὲκ
710 2029 1007 2103 μορσίμου.
1043 2031 1121 2087 Τὸ
1172 2029 1229 2085 δὲ
1276 2034 1570 2107 μόρσιμον,
1623 2036 1753 2106 μεθὸ
1808 2038 1901 2108 μὲν
1949 2041 1983 2105 ἠ

340 2117 503 2179 πόλις
535 2116 704 2187 ἑάλω,
738 2117 916 2187 ἐκείνη
949 2123 1127 2193 τρανῷ
1174 2117 1421 2194 διηγεῖτο
1469 2123 1695 2195 στόματι
1743 2124 1829 2178 καἓ
1865 2126 1989 2179 ἀπε-

342 2206 580 2279 θαύμαζε
610 2204 863 2281 λέγουσα,
897 2201 1004 2261 ἔδει
1039 2204 1095 2260 δὲ
1123 2209 1208 2261 καὶ
1250 2211 1349 2277 τὴν
1401 2211 1507 2283 πρὸ
1565 2214 1662 2265 τοῦ
1723 2211 1981 2285 Λέγουσαν

344 2294 571 2371 Θέλγειν.
601 2296 672 2349 Τὸ
704 2293 758 2349 δὲ
787 2296 879 2367 ἦν,
910 2296 983 2357 ὠς
1024 2297 1468 2369 κατακοιμίζοιτο
1524 2301 1619 2371 μὶν
1667 2300 1694 2354 ὁ
1730 2300 1981 2376 βασιλεὺς

343 2384 447 2436 ὑπὸ
493 2383 679 2451 τίτθης
746 2382 939 2457 βρέφος
1017 2382 1067 2436 ἐν
1146 2383 1314 2455 Λίκνῳ
1385 2387 1541 2455 ποτὶ,
1596 2386 1869 2449 πολλάκις
1930 2385 1981 2441 δ’

344 2471 592 2545 ἠγρίαινέ
644 2490 701 2525 τε
748 2472 838 2524 καὶ
906 2471 1302 2549 έκλαυθμύριζε
1377 2476 1468 2529 τὸν
1533 2476 1698 2531 ὕπνον
1750 2475 1976 2532 ἀποδιο-

346 2557 763 2631 πομπούμενον,
795 2558 908 2614 ἐπεὶ
940 2558 984 2615 δ’
1016 2560 1221 2631 ἐκείνην
1266 2557 1371 2616 ἔδει
1420 2564 1525 2617 τινὶ
1588 2563 1739 2636 μέλει
1782 2563 1871 2619 διὰ
1918 2565 1979 2619 τὸ

345 2648 626 2723 ἀγριαῖνον
671 2652 973 2723 κατασιγᾷν,
1002 2647 1187 2703 πολλᾶ
1238 2650 1331 2722 μὲν
1383 2649 1440 2705 ἐκ
1482 2650 1713 2723 μελέτης
1771 2657 1977 2727 συνεῖρε

388 2865 478 2919 23.
517 2867 582 2922 Ut
604 2866 906 2936 imperator
930 2880 1170 2936 puerum
1190 2867 1453 2922 Joannem
1482 2869 1928 2924 axaucloraveril

414 2953 813 3009 Succedebant
844 2970 1015 3025 porro
1045 2954 1381 3024 imperatori
1401 2955 1699 3027 negotium
1724 2956 1979 3011 trahenti

349 3042 419 3096 ad
453 3057 513 3097 se
544 3042 599 3096 in
621 3041 877 3097 solidum
903 3042 1381 3113 imperii,resque
1413 3044 1645 3099 nemine
1670 3045 1795 3115 jam
1812 3045 1979 3114 quid-

341 3146 518 3201 quam
550 3134 752 3185 contra
774 3130 1048 3186 moliente
1083 3131 1451 3200 procedebat.
1477 3132 1626 3187 Puer
1654 3132 1809 3189 enim
1837 3149 1980 3204 pau-

333 3219 499 3274 latim
548 3219 963 3275 removebatur
1017 3218 1370 3290 principatu,
1434 3237 1538 3275 nec
1593 3221 1711 3290 iam
1759 3220 1871 3276 nisi
1902 3225 1979 3277 te-

339 3323 515 3362 nuem
548 3311 605 3361 et
633 3308 943 3363 evanidam
973 3307 1102 3377 ejus
1135 3308 1387 3378 speciem
1420 3308 1693 3377 habebat,
1726 3308 1980 3381 insignia

335 3395 498 3466 regni
528 3394 882 3467 gestansille
906 3394 1142 3466 quidem
1170 3396 1489 3464 adhuc,sed
1512 3401 1791 3467 tanquam
1815 3397 1989 3453 inane

343 3483 727 3553 pondusque:
742 3486 801 3537 et
824 3482 951 3552 ipsa
968 3483 1019 3537 ei
1046 3483 1490 3553 auferendajam
1513 3484 1815 3539 decretum
1842 3488 1985 3538 erat.

346 3571 531 3634 Quare
563 3570 811 3626 Michael
842 3586 1049 3626 securo
1074 3571 1201 3641 jam
1233 3571 1534 3643 liberoque
1585 3572 1781 3628 animo
1833 3589 1894 3627 se
1927 3573 1986 3626 in

346 3660 600 3730 quietem
634 3658 992 3729 deliciasque
1015 3658 1564 3731 relaxabat,prolixo
1589 3661 1645 3715 in
1671 3661 1762 3716 his
1792 3659 1984 3715 indul-

348 3749 629 3819 gentique
659 3747 1017 3803 admittendo
1051 3747 1375 3803 ministerio
1407 3765 1672 3805 sororum
1722 3749 1987 3805 certatim

347 3840 682 3909 Augustum
706 3836 943 3891 fratrem
968 3836 1467 3908 obsequiisfavore
1488 3837 1763 3893 mollibus
1787 3837 1991 3892 mulie-

343 3926 469 3982 ebri
502 3924 782 3981 sdulitate
802 3924 1219 3996 satagentium.
1241 3930 1417 3979 Porro
1448 3924 1545 3979 ille
1576 3940 1987 3996 germanarum

344 4029 521 4086 opera
554 4013 757 4068 nonin
798 4029 938 4068 cura
987 4011 1180 4068 solum
1240 4012 1520 4082 corporis,
1582 4013 1680 4067 sed
1738 4012 1797 4067 in
1857 4012 1987 4069 aliis

347 4119 511 4174 aeque
541 4101 769 4157 cunctis
802 4101 1098 4165 utebatur,
1132 4098 1454 4171 plurimum
1487 4099 1722 4170 utrique
1752 4100 1985 4155 illarum

344 4193 409 4247 in
443 4191 599 4247 omni
633 4205 842 4261 genere
868 4190 1057 4243 fidens
1086 4189 1492 4259 tribuensque,
1537 4188 1824 4243 Martham
1858 4190 1987 4262 qui-

348 4281 483 4335 dem
516 4279 712 4334 studio
746 4277 1074 4347 ﬁduciaque
1107 4277 1266 4331 filiali
1316 4277 1525 4333 solitus
1580 4277 1871 4347 amplecti,
1922 4295 1989 4332 ex

344 4384 463 4439 quo
495 4368 563 4423 ab
598 4384 665 4422 ea
696 4371 759 4420 ut
783 4370 969 4420 matre
1001 4366 1284 4419 educatus
1327 4365 1737 4421 amantissime
1796 4367 1990 4421 fuerat

346 4457 600 4512 habente
626 4457 817 4527 ipsum
848 4471 1047 4509 secum
1082 4454 1142 4508 in
1173 4454 1280 4507 viri
1316 4454 1405 4508 sui
1456 4456 1626 4509 domo
1660 4456 1857 4525 magni
1891 4456 1985 4509 do-

348 4544 680 4613 mestici,ab
710 4543 1061 4614 imperatore
1098 4546 1222 4596 tum
1252 4546 1529 4613 regnante
1560 4542 1745 4597 multo
1771 4543 1826 4597 in
1852 4558 1985 4613 pre—

2095 2010 2192 2067 κδ’.
2228 2013 2305 2069 Τὰ
2353 2015 2487 2068 κατὰ
2534 2015 2624 2092 τον
2676 2013 2934 2092 Χαλυφᾷν
2998 2016 3086 2092 καὶ
3136 2016 3260 2078 τοὺς
3310 2019 3537 2092 Πέρσας,
3586 2019 3732 2079 ὅπως

2580 2084 2856 2159 Τοχάροις
2884 2086 3121 2160 ὑπετάγη
3132 2108 3245 2146 σαν.

2161 2210 2464 2277 Τηνικαῦτα
2520 2208 2608 2261 καὶ
2665 2212 2773 2261 τῶν
2827 2210 3116 2283 Τοχάρων,
3148 2209 3238 2273 οὓς
3294 2213 3327 2279 ἠ
3383 2213 3537 2279 κοινὴ
3572 2215 3732 2270 Ἀτα-

2092 2297 2242 2368 ρίους
2302 2295 2450 2370 λέγει
2512 2298 2790 2367 συνήθεια,
2823 2294 2977 2368 δίκην
3030 2297 3434 2373 συῤῥευσάντων
3493 2300 3731 2376 χειμάρ-

2093 2383 2189 2457 ῥου
2246 2386 2383 2437 κατὰ
2431 2383 2713 2457 Περσίδος,
2767 2386 2795 2439 ὁ
2841 2387 2935 2457 μὲν
3003 2386 3257 2464 Χαλυφᾶς
3320 2393 3545 2461 χρυσοῖς
3603 2391 3732 2463 παρ’

2091 2471 2303 2525 ἐκείνων
2363 2471 2748 2544 ψωμιζόμενος
2825 2471 3100 2544 ἐτελεύτα,
3158 2474 3225 2528 οὐ
3305 2472 3517 2547 μᾶλλον
3596 2477 3732 2530 κατὰ

2092 2559 2275 2634 χρείαν
2311 2566 2523 2634 σφαγῆς
2552 2559 2586 2628 ἢ
2630 2561 2765 2615 κατὰ
2817 2560 3049 2636 χλεύην,
3082 2562 3156 2624 ὠς
3213 2562 3325 2633 ἐξὸν
3379 2563 3469 2617 τὸν
3530 2563 3730 2638 χρυσὸν

2090 2649 2293 2722 ἐκχέειν
2345 2649 2432 2702 καὶ
2479 2653 2625 2719 νικᾷν
2684 2648 2776 2703 τὸν
2838 2648 3059 2724 ἐχθρὸν,
3120 2652 3147 2705 ὁ
3205 2648 3250 2705 δ’
3310 2652 3494 2727 ἠγάπα
3560 2650 3726 2706 πλέον

2086 2864 2267 2920 fuisse
2298 2863 2464 2918 illum
2496 2878 2649 2935 saepe
2680 2862 3104 2919 rabiosiuscule
3130 2864 3441 2935 querulum
3458 2869 3721 2922 etsomni

2088 2951 2435 3017 difﬁcilis,se
2465 2966 2596 3007 vero
2626 2951 2845 3006 sororia
2876 2952 3118 3007 caritate
3157 2954 3484 3025 soporando
3522 2956 3728 3012 frater-

2091 3042 2221 3096 culo
2250 3040 2487 3095 dantem
2519 3054 2754 3111 operam
2814 3039 3029 3095 multas
3070 3045 3128 3096 et
3164 3040 3355 3096 varias
3393 3042 3625 3099 solitam
3663 3046 3733 3100 ad

2094 3145 2223 3196 eum
2257 3127 2711 3184 demulcendum
2744 3127 3046 3185 cantillare
3076 3129 3317 3196 naenias,
3338 3129 3501 3185 nulla
3532 3146 3735 3189 earum

2097 3220 2337 3285 pacante
2369 3215 2837 3287 inquietudinem
2870 3216 3121 3289 pueruli,
3150 3218 3332 3273 donec
3365 3218 3733 3290 semiapertis

2092 3304 2274 3359 labris
2323 3305 2459 3358 data
2506 3320 2679 3374 opera
2720 3304 3054 3361 balbutiens
3113 3306 3402 3361 modulari
3460 3308 3733 3379 ccepisset

2091 3392 2448 3449 cantilenam
2477 3393 2546 3447 de
2578 3392 2722 3447 urbe
2745 3392 2925 3462 hujus
2946 3394 3064 3449 fere
3088 3395 3340 3450 formasw
3364 3397 3521 3468 Euge
3544 3397 3729 3468 impe-

2094 3486 2252 3535 rator
2280 3481 2530 3547 urbis,in
2563 3497 2691 3537 eam
2724 3498 2901 3536 aurea
2930 3482 3223 3539 inveheris
3272 3488 3457 3553 porta.
3518 3501 3730 3556 resque

2094 3569 2200 3623 has
2231 3572 2287 3623 et
2309 3568 2415 3623 has
2438 3567 2612 3623 isthic
2636 3570 2975 3640 magniﬁcas
2999 3570 3167 3639 plane
3198 3572 3481 3642 perficies.
3500 3575 3628 3629 »Ad
3662 3591 3729 3631 ea

2092 3656 2305 3727 quippe
2337 3654 2534 3710 statim
2558 3657 2732 3713 verba
2754 3656 3064 3729 puerulum
3089 3658 3249 3713 velut
3275 3659 3545 3716 Sirenum
3584 3679 3727 3733 quo-

2094 3746 2229 3800 dam
2264 3748 2435 3799 cantu
2469 3743 2776 3799 delinitum
2810 3746 3071 3814 siluisse,
3124 3746 3403 3820 mollique
3445 3765 3511 3803 ac
3563 3751 3730 3805 suavi

2094 3833 2386 3906 quievisse
2417 3832 2830 3888 somno.'l‘ales
2861 3838 2918 3887 et
2947 3834 3028 3888 sie
3059 3834 3120 3889 in
3150 3835 3346 3906 ipsum
3377 3837 3591 3893 affecta
3617 3839 3731 3893 im-

2093 3923 2377 3993 peratoris
2399 3936 2629 3977 sorores
2659 3924 2843 3991 erant;
2877 3937 3003 3991 quas
3034 3926 3092 3977 et
3147 3923 3341 3993 ipsum
3403 3925 3563 3995 olim,
3596 3943 3731 3983 cum
3764 3941 3769 3949 '

2093 4011 2219 4080 ejus
2251 4010 2337 4065 vel
2364 4014 2501 4064 aetas
2531 4010 2620 4064 vel
2680 4009 2912 4064 fortuna
2970 4008 3231 4079 ipsarum
3291 4011 3506 4067 auxilio
3569 4016 3731 4085 eguit

2093 4098 2287 4153 studio
2310 4114 2375 4152 ac
2406 4096 2644 4152 caritate
2676 4097 3191 4167 providentissima
3210 4100 3486 4155 fovissent
3507 4104 3730 4157 etnunc

2093 4186 2355 4255 ejusdem
2378 4184 2723 4254 imperantis
2745 4184 3041 4239 securitati
3067 4202 3131 4240 ac
3163 4188 3584 4244 conversationi
3606 4206 3730 4261 per-

2091 4273 2247 4343 vigili
2282 4288 2423 4327 cura
2448 4272 2883 4343 prospicerent;
2934 4290 3181 4344 quarum
3226 4277 3729 4332 commendatione

2093 4378 2159 4415 ac
2191 4360 2460 4431 precibus
2492 4360 2678 4415 multa
2706 4360 2764 4415 in
2798 4363 3083 4431 quosdam
3125 4362 3407 4417 beneficia
3460 4364 3728 4434 contulit,

2092 4449 2337 4504 consilia
2392 4466 2525 4504 vero
2579 4466 2779 4504 earum
2835 4453 2890 4504 et
2946 4449 3191 4503 libenter
3238 4451 3463 4505 audivit
3507 4456 3562 4506 et
3612 4452 3731 4523 ple-

2094 4554 2340 4608 rumque
2372 4542 2609 4593 secutus
2640 4543 2748 4606 est,
2782 4537 3004 4592 Dicitur
3045 4537 3220 4591 etiam
3252 4538 3460 4592 harum
3522 4556 3728 4611 sugge-

346 4633 427 4690 tio
458 4633 880 4689 habiti.Fuerat
903 4631 949 4685 is
973 4630 1224 4702 inclytus
1246 4629 1343 4684 ille
1365 4630 1769 4685 Tarcbaniota.
1796 4631 1987 4686 Altera
2017 4624 2063 4685 Ι)
2094 4627 2284 4682 stione
2314 4628 2464 4682 I29
2516 4627 2815 4691 inductus,
2850 4625 3099 4680 maxime
3129 4630 3323 4681 autem
3355 4626 3605 4698 Eulogias
3641 4629 3721 4700 (in

349 4726 475 4777 erat
504 4724 544 4776 1
557 4720 655 4777 28
669 4736 948 4791 germana
965 4718 1333 4789 imperatoris
1350 4717 1984 4788 Eulogia,suavissimis

348 4814 407 4866 et
436 4811 565 4881 ipsa
586 4806 1359 4878 moribus,frequentiusque
1376 4806 1547 4861 solita
1570 4807 1711 4861 itare
1745 4809 1812 4861 ad
1836 4809 1987 4878 prin-

351 4899 538 4970 cipem
572 4899 803 4952 fratrem
837 4912 1080 4966 seseque
1128 4894 1460 4950 immiscere
1512 4896 1783 4965 negotiis,
1829 4896 1983 4952 haud

348 4986 471 5042 scio
503 5002 575 5041 an
611 5002 724 5041 non
748 4985 798 5039 ei
833 4983 1201 5055 peculiariter
1222 4982 1511 5052 jucunda,
1543 4984 1692 5052 quod
1728 4986 1984 5055 augurio

345 5073 459 5144 ipsi
494 5089 766 5145 praepero
802 5071 1303 5143 recuperationem
1338 5086 1565 5141 magnas
1613 5070 1773 5125 urbis
1823 5072 1984 5127 fratri

351 5162 715 5217 ominaretur
744 5165 809 5216 ut
837 5159 956 5214 fato
983 5160 1261 5214 debitam.
1298 5157 1458 5213 Unde
1498 5163 1692 5214 autem
1743 5160 1801 5213 in
1856 5178 1983 5216 eam

352 5266 516 5320 spem
547 5254 704 5305 esset
732 5249 1018 5319 ingressa,
1044 5248 1126 5301 sic
1159 5247 1281 5310 illa,
1316 5250 1628 5317 postquam
1657 5252 1746 5302 est
1777 5249 1985 5304 deinde

346 5343 515 5409 capta
541 5338 763 5406 civitas,
794 5353 1049 5401 narrare,
1084 5339 1483 5401 consueverat,
1517 5336 1813 5391 admirans
1842 5338 1981 5391 divi-

348 5443 482 5482 nam
517 5428 573 5482 in
605 5443 672 5482 eo
704 5425 1150 5497 providentiam.
1185 5423 1497 5492 Oportebat
1532 5429 1727 5479 autem
1755 5442 1853 5480 eos
1885 5427 1984 5496 qui

346 5514 456 5570 hoc
490 5515 697 5571 audire
720 5513 928 5582 exipsa
963 5511 1195 5577 vellent,
1228 5510 1472 5565 delinire
1515 5512 1701 5582 ipsam
1735 5514 1900 5583 prius
1929 5521 1985 5569 et

344 5618 569 5673 rogare.
587 5603 891 5657 Referebat
922 5616 1089 5671 porro
1118 5600 1176 5652 in
1212 5598 1364 5652 hunc
1399 5599 1674 5653 modum:
1711 5618 1841 5655 cum
1878 5602 1981 5655 im~

344 5697 576 5761 perator
610 5690 801 5746 adhuc
828 5689 1022 5744 inlaus
1062 5688 1170 5741 sub
1219 5687 1393 5741 ubere
1440 5688 1659 5756 jaceret
1692 5690 1744 5742 in
1780 5691 1977 5754 canis,

2094 4716 2244 4770 hanc
2293 4716 2445 4769 enim
2493 4714 2766 4769 teneriori
2824 4713 2941 4767 fere
3000 4713 3306 4768 videbatur
3362 4718 3722 4786 propendere

2095 4804 2346 4874 affectu),
2382 4802 2641 4873 redigere
2680 4802 2738 4855 in
2772 4801 3033 4856 ordinem
3059 4809 3112 4856 et
3135 4802 3466 4873 insignibus
3496 4806 3725 4877 imperii

2094 4908 2300 4947 exuere
2328 4891 2609 4945 Joannem
2632 4889 2926 4944 statuisse.

2093 4999 2180 5051 24.
2217 4999 2289 5051 De
2335 4996 2615 5067 (Ilmlypha
2648 5002 2695 5050 et
2750 4997 2959 5076 Persis,
3010 5004 3069 5051 ut
3122 4997 3373 5052 Tochari:
3423 4998 3535 5053 sint
3594 5001 3728 5053 sub-

2824 5078 2978 5137 Jectz.

2166 5158 2285 5212 129.
2314 5157 2474 5211 Tunc
2504 5155 2799 5221 Tocharis,
2863 5171 3009 5225 quos
3053 5156 3279 5211 Atarios
3323 5156 3532 5227 vulgus
3580 5158 3726 5213 solet

2094 5262 2296 5300 vocare
2326 5246 2385 5299 in
2438 5245 2729 5299 Persidem
2762 5243 3040 5298 torrentis
3098 5245 3213 5298 ritu
3266 5244 3720 5316 conﬂuentibus,

2096 5334 2421 5405 Chalyphas
2448 5350 2587 5388 auro
2617 5331 2929 5402 liquefacto
2957 5332 3013 5385 in
3031 5332 3303 5386 osintuso
3336 5333 3722 5404 interemptus

2096 5424 2166 5477 ab
2198 5423 2313 5477 illis
2343 5426 2571 5486 est,non
2605 5425 2719 5475 tam
2754 5421 2909 5491 quod
2944 5438 3056 5475 non
3090 5419 3267 5474 alium
3299 5421 3719 5491 expeditiorem

2093 5511 2367 5566 haberent
2390 5511 2516 5579 ejus
2541 5509 2776 5565 tollendi
2795 5508 3027 5563 modum
3042 5524 3236 5580 ,quam
3256 5508 3311 5560 in
3328 5508 3723 5577 exprobratio—

2091 5599 2305 5655 tionem
2340 5616 2494 5653 CtDCiB
2529 5599 2714 5670 ipsius
2744 5598 3123 5669 avaritim,qui
3156 5612 3285 5649 cum
3318 5596 3481 5651 facile
3504 5599 3725 5667 potuis-

2095 5694 2182 5745 set
2199 5706 2404 5745 aurum
2426 5688 2772 5743 etl‘undendo
2795 5688 2995 5743 hostes
3020 5684 3560 5753 vincere,malucrat
3584 5704 3724 5743 auro
