4154 6286
449 404 554 460 567

1752 408 2049 466 GEORGII
2088 410 2544 464 PACHYMERE

3734 410 3846 465 568

453 528 627 584 ἐκεῖνο
685 530 719 597 ἢ
781 528 991 601 έσυτὸν,
1024 529 1098 591 ὡς
1146 528 1235 583 καὶ
1295 532 1756 605 χρυσοτραγήσων
1817 527 2082 604 ἄντικρυς.
2116 533 2171 603 Α
2202 529 2533 605 ἀπορρήτοις
2587 531 2905 605 βασιλικῶν,
2938 529 3027 585 καὶ
3070 530 3135 585 τὰ
3183 531 3295 585 κατ’
3345 529 3536 593 αὐτοὺς
3595 530 3651 586 εὖ
3712 530 3842 587 δια-

456 618 550 690 [Ρ.
583 613 675 690 84]
710 618 807 672 Καὶ
866 619 892 672 ὁ
945 618 1039 689 μὶν
1095 618 1236 673 οὕτω
1283 620 1399 672 κατ’
1447 617 1645 673 οῙκείαν
1712 618 1883 693 κρίσιν
1939 616 2097 683 δῆθεν

454 706 725 779 ἐπνίγετο,
752 707 818 760 τὰ
876 704 932 760 δὲ
986 713 1085 774 τῆς
1142 706 1403 780 Περσίδος
1434 704 1543 776 ἤδη
1585 706 1753 761 ἐνόσει
1799 708 1888 761 καὶ
1920 712 2100 769 κακῶς

457 793 733 869 εἶχεν,ὠς
770 794 909 866 μηδὶ
935 793 1062 869 δίχα
1121 790 1292 873 φόϐου
1349 796 1435 849 καὶ
1500 795 1656 850 αὐτὸν
1718 795 1805 850 τὸν
1865 794 2094 851 σουλτᾶν

464 884 718 953 Ἀζατίην
780 882 981 938 ἐᾶσθαι.
1038 882 1446 959 Κατωῤῥώὸουν
1522 884 1623 959 γαρ
1693 884 1756 938 τὸ
1830 884 1982 948 ἔθνος
2044 885 2097 937 o't

451 971 650 1047 Πέρσαι
700 971 788 1026 καὶ
852 971 1216 1044 κατημέλουν,
1270 976 1553 1041 ζητοῦντες
1614 973 1731 1035 καθ’
1790 973 1948 1027 αὐτὸν
2019 972 2091 1033 ὠς

454 1062 597 1135 εἶχεν
620 1058 841 1121 ἕκαστος
890 1064 985 1114 τοῦ
1033 1061 1319 1129 σώζεσθαι.
1350 1061 1448 1113 Καὶ
1506 1059 1640 1115 κατὰ
1693 1063 1792 1129 τὴν
1826 1062 2001 1136 ἀρχὴν
2039 1059 2095 1114 δὲ

449 1150 516 1202 τὰ
544 1154 642 1217 τῆς
678 1146 943 1223 Περσίδος
977 1146 1367 1217 έκλυδωνίζετο
1415 1152 1522 1202 τῶν
1574 1153 1856 1223 σατραπῶν
1907 1148 2095 1203 ἐπανι-

451 1239 749 1307 σταμένων,
798 1237 933 1292 ὥστε
1007 1240 1095 1292 καὶ
1174 1236 1269 1291 δύο
1323 1242 1431 1291 τῶν
1510 1242 1837 1312 μεγιστάνων
1898 1237 2095 1293 ἐκεῖθεν

451 1332 852 1401 προσχωρῆσαι
881 1330 958 1397 τῷ
993 1325 1225 1399 βασιλεῖ,
1258 1331 1355 1381 τοῦ
1407 1325 1657 1397 σουλτάν,
1691 1327 1763 1387 ὠς
1815 1324 2094 1401 βλακικῶς

456 1412 610 1489 διῆγε
639 1414 727 1468 καὶ
758 1416 873 1469 κατ’
907 1411 1130 1484 ἰδιώτην
1175 1414 1496 1485 ἀκόλαστον,
1530 1414 1588 1470 ἐκ
1642 1420 1738 1470 τοῦ
1794 1416 2093 1491 προχείρου

457 1500 829 1577 ὑπεριδόντας.
860 1505 921 1556 O't
980 1501 1265 1559 Βασιλικοὶ
1329 1502 1372 1558 δ’
1406 1506 1553 1559 οὗτοι
1608 1504 1763 1574 ἦσαν,
1799 1503 1986 1578 ἄνδρες
2038 1504 2095 1557 ἐκ

452 1588 647 1646 Ῥόδου
695 1593 790 1664 μὶν
837 1592 1085 1655 ἀνέκαθεν
1146 1591 1317 1664 ὅντες,
1350 1592 1409 1647 έκ
1455 1592 1756 1665 θυμελικῆς
1807 1591 1853 1646 δ’
1903 1594 2095 1662 ἐπιτη-

456 1677 686 1743 δεύσεως
738 1685 818 1750 τῷ
876 1679 1104 1734 σουλ-τάν
1164 1683 1671 1755 προσῳκειωμένοι,
1731 1680 1792 1735 οὐ
1869 1682 1975 1753 μὴν
2038 1680 2094 1736 δὲ

456 1766 601 1822 ἀλλὰ
639 1768 728 1822 καὶ
760 1768 834 1829 ὠς
868 1766 922 1821 εὖ
955 1767 1175 1841 ἔχοντες
1224 1773 1320 1822 τοῦ
1361 1774 1575 1845 φρονεῖν
1636 1769 1700 1823 τὰ
1754 1774 1944 1844 πρῶτα
2002 1772 2093 1846 φέσ

2209 619 2440 691 θέμενοι,
2502 618 2617 691 ὅλῳ
2676 619 2867 693 ῥυτῆρι
2947 619 3080 691 πρὸς
3126 619 3215 673 τὸν
3281 618 3506 694 βασιλέα
3561 626 3837 695 χωροῦσιν

2203 709 2253 761 ἐν
2314 707 2638 780 αὐτομόλων
2701 709 2971 781 σχήματι.
3002 708 3063 764 Ὀ
3117 704 3172 761 δὲ
3223 704 3438 782 δέχεταί
3490 729 3547 763 τε
3590 708 3841 782 ἀσμένως

2200 796 2287 850 καὶ
2336 800 2471 868 τιμᾷ
2517 801 2635 857 τοῖς
2684 798 3049 871 προσήκουσι,
3098 794 3192 851 τὸν
3248 796 3342 869 μὲν
3400 798 3837 871 παρακοιμώμε-

2198 906 2289 939 νον
2359 887 2455 938 τοῦ
2530 888 2793 945 κοιτῶνος
2852 882 3326 957 καταστησάμενος
3380 887 3474 941 τὸν
3529 885 3839 957 Βασίλειον,

2200 972 2420 1046 θάτερον
2474 970 2530 1025 δὲ
2567 972 2659 1026 τὸν
2710 971 3001 1027 Βασιλικὸν
3064 972 3229 1048 μέγαν
3263 972 3643 1049 έταιρειάρχην
3703 976 3843 1030 ἀπο-

2204 1058 2393 1129 δείξας.
2429 1061 2531 1116 Καὶ
2580 1060 2782 1134 ἐχρᾶτο
2834 1059 3049 1121 τούτοις
3100 1060 3293 1133 δεξιοῖς
3349 1060 3403 1123 ές
3462 1059 3543 1117 ὅτι
3608 1060 3845 1134 μάλιστα

2203 1150 2276 1211 εἷς
2332 1148 2398 1203 τα
2450 1151 2741 1223 πράγματα
2798 1149 3170 1221 φαινομένοις,
3220 1150 3308 1203 καὶ
3366 1153 3400 1219 ἡ
3459 1151 3595 1223 πρὸς
3648 1150 3846 1215 αὐτοὺς

2201 1237 2357 1313 φιλία
2377 1241 2476 1291 τοῦ
2512 1238 2777 1312 βασιλέως
2809 1242 3040 1311 προσῆν.
3075 1237 3142 1293 Oi
3175 1235 3231 1292 δὲ
3259 1236 3447 1293 πολλᾶ
3487 1239 3583 1312 μὲν
3631 1237 3841 1304 οἴκοθεν

2198 1323 2438 1401 ἔχοντες,
2471 1326 2568 1380 οὐκ
2609 1324 2773 1399 ὀλίγα
2832 1323 2888 1380 δὲ
2934 1325 3022 1380 καὶ
3083 1325 3227 1401 παρᾶ
3282 1330 3379 1380 τοῦ
3436 1328 3708 1402 βασιλέως
3763 1328 3841 1389 εἷς

2200 1416 2514 1488 οἰκονομίαν
2574 1411 2853 1483 λαϐόντες,
2910 1420 3117 1479 πιστῶς
3189 1414 3336 1488 μάλα
3405 1416 3494 1470 καὶ

2197 1505 2331 1558 κατὰ
2385 1504 2691 1575 Ῥωμαίους
2781 1505 3382 1577 μετασχηματισθέντες
3468 1506 3835 1580 ὑπηρετοῦντο

2195 1598 2274 1663 τῷ
2309 1591 2524 1667 βασιλεῖ
2556 1610 2567 1622 ’
2604 1590 2887 1667 οὐδὲνγὰρ
2938 1590 3079 1646 οὕτω
3131 1591 3409 1662 συνίστησι
3466 1591 3562 1655 τὰς
3615 1594 3690 1655 εἷς
3744 1595 3843 1661 τήν

2202 1680 2475 1743 βασιλείαν
2533 1680 2740 1741 εὐνοίας
2799 1680 2872 1741 ὠς
2904 1682 2938 1748 ἡ
2980 1681 3097 1734 κατ’
3130 1678 3278 1751 ἀξίαν
3331 1680 3494 1755 χάρις
3543 1685 3656 1743 τοῖς
3688 1682 3847 1751 ἄξίως

2198 1769 2507 1839 οἷσομένοις
2584 1769 2633 1838 ἐξ
2703 1766 2928 1840 ἑτοίμου
3009 1768 3429 1841 προτεινομένη.
3486 1768 3617 1824 Τότε
3666 1769 3755 1825 καὶ
3816 1771 3844 1823 ὁ

3587 1418 3845 1479 εὐνοϊκῶς

458 1877 638 1931 ροντες
693 1858 744 1911 έν
802 1856 1005 1927 ἐκείνῳ,
1072 1856 1323 1931 βρύοντες
1384 1855 1567 1911 δὲκαὶ
1625 1862 1815 1932 χρυσῷ
1871 1855 2090 1929 πολλῷ,
2125 1892 2171 1957 Β
2203 1857 2434 1913 σουλτᾶν
2491 1854 2566 1912 ἔτι
2627 1856 2839 1932 μᾶλλον
2889 1861 2995 1911 τῶν
3029 1856 3352 1934 ἀμφάὐτὸν
3414 1855 3847 1931 κραδαινομένων

457 1944 582 2009 ὅσος
622 1946 687 2013 ἦν
741 1946 791 1999 ἐν
844 1945 1125 2017 ἐκπώμασι
1175 1946 1263 1999 καὶ
1317 1948 1443 2007 ὅσος
1504 1948 1957 2021 κατειργασμένος
2016 1949 2089 2009 εἷς

457 2030 769 2110 Χαλυφικὸν
800 2033 1061 2105 νόμισμα.
1096 2034 1173 2089 Τὸ
1209 2031 1264 2087 δὲ
1320 2037 1425 2087 τῶν
1462 2032 1674 2109 βήλων,
1706 2031 1785 2087 ἔτι
1815 2031 1871 2088 δὲ
1925 2034 2089 2089 λίθων

452 2122 541 2174 καὶ
576 2120 867 2196 μαργάρων
920 2118 1178 2194 αὔταρκες
1222 2123 1286 2190 ἦν
1349 2122 1471 2183 τοὺς
1531 2119 1743 2183 εἰδότας
1800 2124 2087 2194 θαυμάσαι.

452 2208 698 2270 ΙΙαλαιᾶς
730 2213 859 2282 γοῦν
894 2209 1075 2285 φιλίας
1103 2216 1201 2277 τῆς
1252 2209 1387 2284 πρὸς
1437 2210 1529 2264 τὸν
1583 2209 1806 2283 βασιλέα
1842 2212 2094 2281 ὑπομνη-

454 2297 685 2369 σθέντες,
718 2298 905 2351 ἱκανοῦ
936 2294 1225 2359 δοκοῦντος
1276 2298 1422 2374 σφίσι
1480 2299 1569 2351 καὶ
1624 2302 1721 2352 τοῦ
1768 2301 2092 2373 κρατοῦντος

456 2384 511 2441 εὖ
546 2387 671 2460 παρ’
698 2386 909 2440 ἐκείνων
939 2386 1202 2447 παθόντος
1252 2384 1420 2440 πάλαι
1478 2386 1613 2441 κατὰ
1666 2386 1888 2441 τούπιὸν
1947 2387 2090 2441 ἀπο-

455 2473 816 2546 μνημονεύειν
848 2475 947 2543 τὴν
1004 2477 1188 2548 χάριν,
1250 2472 1519 2549 βασιλέως
1576 2476 1935 2535 καταστάντος
2003 2476 2091 2528 καί

461 2560 780 2635 δυναμένου,
832 2563 896 2616 τὰ
960 2562 1123 2616 πιστᾶ
1190 2558 1447 2623 λαϐόντες
1513 2561 1601 2616 δια
1659 2562 1995 2638 γραμμάτιον
2041 2562 2091 2616 έν

454 2798 690 2854 parcere
722 2797 893 2852 quam
938 2780 1065 2835 vitae
1098 2796 1163 2834 ac
1209 2779 1384 2835 saluti
1435 2779 1684 2850 propriae
1742 2779 2090 2850 prospicere,

443 2873 582 2941 jure
614 2870 684 2925 ab
713 2868 813 2926 illo
846 2870 998 2942 quod
1032 2870 1177 2924 adeo
1209 2867 1435 2939 perdite
1464 2867 1835 2923 deamaverat
1862 2867 2095 2922 metallo

445 2958 735 3030 tragicum
767 2958 986 3013 exitum
1018 2959 1243 3012 nactus.
1278 2960 1345 3010 Et
1392 2955 1485 3011 hic
1533 2956 1772 3026 quidem
1822 2956 1881 3009 in
1942 2955 2098 3010 hunc

449 3045 691 3102 modum
726 3048 949 3100 statuta
987 3043 1097 3114 ipsi
1130 3043 1362 3115 proprie
1403 3060 1435 3097 a
1469 3041 1905 3113 divinojudicio
1930 3058 2102 3113 poena

452 3134 775 3189 sutiocatus
799 3133 1026 3188 est.Res
1046 3147 1179 3187 vero
1204 3130 1457 3185 Persidis
1485 3129 1738 3201 graviter
1758 3129 2103 3186 laborabant

2204 1949 2313 2017 ἅμα
2348 1947 2440 2019 μὶν
2468 1944 2556 2000 διὰ
2584 1947 2644 1999 τὸ
2676 1946 2832 2021 φανὲν
2863 1950 2969 1999 τῶν
3002 1944 3259 2020 Τοχάρων
3314 1942 3463 2007 ἔθνος
3505 1947 3618 2019 ἅμα
3670 1944 3727 2001 δὲ
3756 1946 3843 2001 καὶ

2203 2033 2355 2088 ἰδίων
2416 2036 2745 2109 πραγμάτων
2804 2031 2979 2103 ἕνεκα,
3008 2034 3095 2088 καὶ
3151 2031 3316 2107 μηδὲν
3362 2029 3507 2109 ἔχων
3565 2036 3594 2088 δ
3653 2056 3704 2089 τι
3756 2034 3845 2089 καὶ

2203 2122 2415 2198 δράσειε
2496 2126 2604 2177 τῶν
2690 2122 2936 2177 ἁπάντων
3004 2121 3457 2197 διεγηγερμένων,
3521 2120 3653 2197 ἔγνω
3735 2125 3843 2195 ἅμα

2202 2213 2402 2283 γυναιξὶ
2457 2213 2546 2265 καὶ
2595 2211 2825 2281 τέκνοις,
2860 2212 2996 2286 πρὸς
3075 2208 3131 2264 δὲ
3208 2210 3296 2265 καὶ
3370 2216 3571 2286 γηραιᾷ
3650 2213 3839 2287 μητρὶ,

2204 2301 2501 2373 Χριστιανῇ
2559 2299 2634 2360 εἷς
2690 2299 2755 2353 τὰ
2816 2299 3050 2371 μάλιστα
3102 2296 3253 2371 οὔσῃ,
3283 2300 3373 2353 καὶ
3423 2296 3657 2375 ἀδελφῇ,
3688 2320 3843 2355 κατα-

2207 2388 2419 2463 φεύγειν
2482 2388 2559 2448 εἰς
2622 2387 2867 2461 βασιλέα,
2929 2388 3001 2449 ὠς
3082 2387 3277 2441 ἐκεῖθεν
3328 2389 3417 2441 καὶ
3476 2386 3656 2461 μόνως
3716 2385 3840 2461 ἕξων

2212 2477 2467 2550 βοήθειαν
2541 2476 2629 2530 καὶ
2713 2478 2847 2532 κατὰ
2924 2474 3110 2550 καιρόν
3201 2474 3477 2547 ἐπανήξων
3556 2474 3709 2541 αὖθις
3794 2476 3843 2546 έξ

2212 2564 2501 2638 ὑπερτέρας
2564 2566 2751 2640 χειρὸς
2818 2566 2907 2619 καὶ
2985 2564 3193 2639 ἰσχύος.
3245 2567 3329 2633 [Ρ.
3388 2566 3481 2637 85]
3538 2562 3696 2634 Μηδέ
3745 2564 3842 2640 γὰρ

2208 2782 2395 2844 Quare
2429 2798 2561 2837 cum
2596 2782 2665 2837 ab
2697 2781 2795 2836 illo
2828 2783 3056 2838 arcanis
3090 2784 3252 2855 prius
3285 2788 3566 2840 convento
3622 2784 3844 2839 nuntiis

2209 2869 2397 2940 regias
2430 2868 2579 2925 clam
2612 2869 2864 2940 perlatas
2897 2869 3522 2944 litteras,quibusipsis
3553 2872 3724 2944 plene
3754 2889 3846 2928 ca-

2210 2957 2473 3023 vebatur,
2533 2958 2915 3029 accepissent,
2950 2959 3072 3015 suis
3112 2960 3231 3015 illic
3289 2961 3469 3017 otiose
3522 2964 3847 3017 convasatis

2213 3050 2268 3100 et
2325 3049 2449 3101 tuto
2499 3046 2813 3117 asportatis
2871 3048 3068 3116 rebus,
3131 3064 3367 3105 summa
3426 3048 3725 3104 celeritate
3785 3066 3843 3104 se

2214 3136 2284 3189 ad
2319 3134 2731 3206 imperatorem
2771 3138 3077 3191 conferunt
3135 3137 3325 3209 specie
3380 3138 3841 3210 transfugarum.

454 3222 627 3278 malis
660 3225 716 3277 et
747 3219 1024 3292 periculis
1058 3218 1287 3289 magnis
1321 3218 1689 3288 urgentibus,
1713 3235 1839 3290 qua:
1870 3235 1973 3273 nec
2005 3219 2090 3289 ip-
2128 3238 2171 3305 ρ
2210 3223 2315 3278 Eos
2344 3224 2438 3278 ille
2469 3240 2601 3279 cum
2637 3224 2885 3280 libenter
2906 3241 2972 3279 ac
3004 3225 3382 3295 perbenevole
3441 3226 3686 3299 excepit,
3719 3231 3843 3281 tum

454 3327 585 3367 sum
618 3309 919 3365 sultanum
950 3308 1249 3363 Azatinem
1284 3310 1442 3361 metu
1487 3322 1734 3362 vacuum
1798 3306 2091 3363 sinebant.

455 3398 785 3455 Horrebant
814 3396 968 3453 enim
1000 3396 1186 3451 Persae
1218 3395 1589 3451 vehementer
1620 3399 1850 3466 gentem
1910 3395 2095 3462 illam,

457 3492 514 3544 et
541 3486 709 3559 quasi
742 3486 1048 3558 desperato
1081 3484 1389 3540 resistendi
1423 3499 1695 3539 successu
1728 3484 2096 3557 negligentes

465 3578 525 3632 in
545 3590 856 3632 commune
876 3573 1179 3629 consulere
1202 3572 1484 3645 privatam
1510 3572 1821 3644 sibi,prout
1850 3573 2102 3644 quisque

462 3667 712 3738 poterat,
758 3663 1073 3719 nundinari
1105 3662 1353 3717 salutem
1402 3660 1546 3717 satis
1577 3660 1891 3729 habebant,
1925 3662 2101 3716 etiam

459 3754 697 3810 aliunde
713 3750 957 3823 imperio
974 3749 1224 3806 Persidis
1240 3750 1950 3821 nutante,insurgentibus
1975 3767 2102 3820 pas-

459 3844 572 3900 sim
605 3846 661 3898 et
686 3858 777 3897 res
810 3840 943 3897 aliis
975 3840 1086 3896 alio
1132 3839 1501 3895 trahentibus
1556 3838 1828 3910 satrapis,
1863 3839 2004 3893 adeo
2038 3844 2103 3894 ut

461 3948 529 3989 ex
564 3930 950 4004 optimatibus
982 3930 1095 3985 duo
1128 3928 1288 3983 illine
1320 3929 1388 3984 ad
1422 3928 1831 3999 imperatorem
1860 3928 2100 3983 accede-

459 4024 612 4089 rent,
640 4022 833 4091 spreto
849 4019 1082 4074 sultano
1115 4015 1617 4072 uthomineinerti
1646 4015 1881 4072 desidiae
1906 4016 2101 4071 dedito

463 4113 520 4164 et
550 4106 786 4163 omissis
818 4106 1183 4177 principatus
1214 4105 1391 4175 curis,
1424 4108 1703 4175 tanquam
1754 4105 1802 4159 si
1838 4104 2101 4176 privatus

458 4196 754 4267 quispiam
783 4210 962 4265 nepos
990 4193 1473 4261 esset,luxuriose
1504 4210 1569 4248 ac
1603 4193 1831 4249 moliter
1853 4193 2099 4249 vivente.

456 4285 524 4340 Hi
558 4282 793 4339 Basilici
822 4283 1199 4350 vocabantur,
1229 4281 1459 4335 oriundi
1495 4298 1562 4334 ex
1607 4280 1831 4348 Rhodo,
1889 4282 2099 4349 lyricos

459 4373 599 4428 olim
631 4389 696 4427 ac
728 4371 933 4426 fidium
969 4371 1213 4425 artificio
1265 4369 1327 4423 in
1386 4368 1604 4422 sullani
1655 4370 1905 4440 gratiam
1962 4371 2102 4425 insi-

458 4461 645 4528 nuati,
680 4460 887 4515 deinde
919 4459 1069 4530 quod
1104 4457 1347 4513 consilio
1380 4456 1807 4528 prudentiaque
1859 4458 2098 4513 excelle-

462 4554 611 4617 rent,
641 4550 710 4603 ab
745 4563 809 4603 eo
842 4548 898 4602 in
932 4547 1133 4617 primis
1159 4545 1536 4601 familiarium
1570 4545 1925 4612 culti,iidem
1956 4564 2099 4618 pra:-

461 4637 669 4692 divites
701 4653 840 4690 auro
873 4634 1057 4689 multo
1088 4634 1174 4689 vel
1208 4635 1360 4689 I30
1416 4634 1474 4688 in
1535 4634 1785 4704 scyphos
1841 4651 2097 4705 vasaque

461 4724 677 4780 similia
710 4725 979 4790 formato,
1012 4725 1097 4778 vel
1131 4740 1271 4777 cuso
1308 4726 1363 4778 in
1399 4728 1689 4777 monetam
1724 4728 1855 4794 typo
1888 4722 2095 4796 Chaly-

461 4814 588 4885 phae
620 4811 1221 4884 signatam.Velorum
1242 4828 1765 4883 vero,gemmarum
1794 4818 1850 4867 et
1876 4829 2097 4884 marga-

464 4904 706 4957 ritarum
739 4905 969 4955 tantum
1000 4901 1058 4954 in
1091 4901 1388 4955 recondito
1437 4902 1749 4972 habebant,
1810 4906 2095 4973 quantum

466 4991 514 5045 si
546 4990 638 5045 eui
668 4988 1181 5057 ostenderentjure
1214 4987 1544 5045 miraretur.
1579 4989 1645 5044 Hi
1676 5005 1812 5062 ergo
1843 4990 2095 5062 antiquas

467 5076 753 5131 recordati
788 5075 1054 5129 amicitia
1088 5091 1261 5145 quam
1298 5092 1428 5129 cum
1468 5076 1835 5146 imperatore,
1861 5081 2094 5148 quando

463 5165 516 5219 is
548 5164 736 5218 adhuc
768 5162 1028 5233 privatus
1070 5164 1141 5216 ad
1175 5167 1378 5218 Persas
1437 5164 1610 5233 fugit,
1667 5170 2092 5237 contraxerant,

465 5267 753 5307 memores
785 5250 955 5305 etiam
989 5267 1050 5305 se
1082 5250 1139 5304 in
1174 5265 1238 5305 eo
1272 5251 1441 5321 signa
1481 5253 1817 5307 observasse
1877 5258 2093 5310 mutuae

463 5341 521 5394 in
555 5340 712 5409 ipsos
746 5338 1181 5403 benevolentiae,
1216 5354 1327 5393 non
1362 5339 1705 5394 dubitarunt
1744 5357 1870 5396 esse
1928 5341 2092 5396 illum

465 5427 763 5482 hominem
784 5427 854 5482 iis
874 5427 1136 5481 moribus
1158 5442 1329 5497 quem
1355 5444 1469 5481 non
1500 5428 1716 5483 frustra
1736 5430 2095 5485 conﬁderent

464 5521 756 5585 acceptam
792 5516 849 5569 in
883 5516 1104 5586 privata
1157 5517 1386 5570 fortuna
1434 5517 1680 5586 gratiam
1735 5518 1790 5571 in
1850 5519 2091 5589 imperio

466 5604 661 5668 etiam,
693 5610 1001 5675 postquam
1036 5605 1105 5659 ad
1140 5604 1280 5658 illud
1317 5604 1697 5677 ascendisset,
1732 5608 2088 5677 agniturum,

469 5696 523 5745 et
555 5708 666 5765 quo
699 5692 830 5764 plus
857 5693 977 5763 jam
1008 5698 1221 5765 posset,
1257 5711 1321 5750 eo
1352 5694 1649 5750 liberalius
1683 5712 2087 5767 repensurum.

2207 3318 2269 3365 ut
2301 3311 2462 3383 digni
2497 3316 2662 3367 erant
2694 3312 3018 3379 honoravit,
3052 3312 3301 3368 alterum
3353 3313 3590 3384 quidem
3643 3330 3841 3369 eorum

2208 3400 2485 3455 Basiliam
2517 3401 2751 3455 nomine
2782 3400 3173 3456 excubitorem
3189 3401 3441 3457 cubiculi
3459 3402 3843 3469 tacicns,alte-

2208 3507 2338 3544 rum
2392 3505 2525 3545 vero
2583 3487 2898 3545 Basilicum
2954 3506 3232 3562 magnum
3293 3494 3350 3547 et
3406 3490 3843 3546 hetaeriarcham

2207 3586 2431 3625 ereans.
2466 3570 2867 3641 Expertusque
2899 3587 3030 3625 mox
3079 3587 3175 3626 eos
3208 3571 3279 3626 ad
3338 3570 3537 3626 omnia
3594 3571 3665 3626 ad
3716 3587 3846 3643 quas

2208 3659 2639 3714 adhibebantur
2712 3660 2943 3715 dextros
2997 3663 3171 3732 atque
3242 3660 3585 3729 industrios,
3641 3676 3841 3716 eorum

2208 3765 2383 3819 opera
2412 3748 2742 3819 frequenter
2800 3748 3089 3814 utebatur,
3150 3764 3516 3821 pronamque
3573 3748 3632 3803 in
3677 3749 3841 3821 ipsos

2207 3853 2373 3892 suam
2429 3837 2675 3908 gratiam
2734 3837 2886 3892 haud
2945 3836 3139 3892 dubiis
3198 3837 3533 3892 declarabat
3589 3837 3841 3893 indiciis.

2206 3930 2382 3982 Porro
2415 3926 2499 3981 illi
2530 3928 2717 3982 multa
2748 3945 2816 3983 ex
2838 3944 2899 3983 se
2931 3927 3363 3998 habentes,non
3381 3944 3565 3999 pauca
3594 3928 3739 4000 ipsis
3770 3929 3839 3982 ab

2206 4016 2553 4086 imperatore
2585 4015 3050 4071 administranda
3106 4016 3425 4071 commissa
3467 4032 3701 4071 summa
3729 4016 3839 4071 fide

2206 4103 2716 4175 benevolentiaque
2747 4108 3092 4172 tractarunt,
3126 4104 3460 4176 gratissime
3477 4120 3708 4176 semper
3731 4104 3844 4160 uti-

2208 4194 2548 4265 lissimeque
2580 4192 3105 4248 servientes.Plane
3132 4192 3531 4248 transformati
3556 4193 3616 4249 in
3653 4210 3842 4249 mores

2208 4282 2595 4353 habitumque
2630 4283 3025 4337 Romanorum
3052 4281 3463 4337 ﬁdelissimum
3496 4281 3840 4353 obsequium

2204 4370 2541 4441 imperatori
2575 4370 2972 4441 praestiterunt
3004 4387 3016 4425 :
3053 4370 3194 4424 nihil
3230 4370 3485 4425 enimita
3504 4370 3754 4425 subditis
3784 4370 3841 4424 in

2211 4458 2532 4530 principem
2562 4475 2761 4514 verum
2814 4474 3073 4514 amorem
3099 4459 3509 4529 sinceramque
3556 4458 3730 4514 ﬁdem
3762 4460 3843 4513 in-

2207 4548 2391 4619 spirat
2426 4554 2490 4603 ut
2520 4548 2705 4619 gratia
2734 4548 2957 4603 meritis
2980 4552 3247 4619 prompte
3280 4546 3507 4603 reddita
3536 4551 3595 4603 et
3626 4548 3839 4603 beneﬁ-

2207 4636 2362 4691 cium
2398 4636 2587 4707 dignis
2645 4654 2711 4692 ac
2772 4637 2981 4692 referre
3042 4635 3365 4690 scientibus
3424 4633 3575 4690 ultro
3636 4651 3842 4706 reprae-

2210 4726 2699 4781 sentatum.Tuno
2729 4730 2785 4780 et
2814 4725 3505 4796 sultanus,magisadhuc
3538 4726 3844 4796 magisque

2207 4813 2619 4869 vacillantibus
2677 4814 2777 4885 qui
2827 4814 2983 4869 circa
3032 4814 3227 4885 ipsum
3281 4817 3467 4882 erant,
3529 4812 3707 4868 simul
3775 4814 3844 4867 ob

2208 4919 2336 4959 sese
2404 4906 2795 4958 ostentantem
2864 4902 3113 4958 terribili
3182 4902 3372 4971 specie
3445 4901 3843 4956 Tocharorum

2206 4994 2463 5063 gentem,
2536 4991 2711 5045 simul
2780 4991 2851 5045 ob
2932 4990 3280 5062 peculiarem
3344 5005 3538 5044 rerum
3601 5005 3842 5045 suarum

2208 5081 2351 5133 131
2397 5083 2612 5134 statum
2640 5080 2905 5135 nesciens
2953 5096 3067 5149 quo
3101 5095 3162 5134 se
3188 5082 3433 5134 verteret
3463 5078 3627 5133 cuive
3658 5078 3841 5133 conﬁ—

2206 5168 2623 5237 deret,cunctis
2648 5169 2888 5223 arrectis
2920 5169 2976 5223 in
3010 5184 3141 5237 spes
3198 5173 3462 5222 metusvc
3504 5182 3698 5221 rerum
3734 5166 3843 5221 im-

2206 5257 2558 5311 minentium
2576 5274 2677 5312 nec
2694 5257 2835 5311 satis
2853 5257 3077 5327 uspiam
3104 5254 3845 5324 consistentibus,decrevit

2209 5362 2340 5400 cum
2367 5346 2644 5400 uxoribus
2668 5350 2722 5401 et
2752 5346 2886 5400 filiis
2911 5362 3160 5415 cumque
3191 5348 3374 5398 matre
3394 5343 3591 5399 vetula
3622 5343 3842 5415 optima

2205 5434 2555 5500 Christiana,
2610 5439 2888 5505 praeterea
2919 5450 3050 5487 cum
3088 5449 3284 5487 sorore
3316 5433 3385 5487 ad
3431 5432 3837 5503 imperatorem

2209 5523 2537 5593 confugere,
2572 5540 2603 5576 a
2630 5539 2743 5593 quo
2768 5522 2889 5579 solo
2922 5523 3023 5577 tali
3056 5521 3298 5577 articulo
3344 5536 3537 5575 rerum
3600 5535 3837 5575 suarum

2197 5612 2394 5683 juvari
2422 5615 2646 5681 poterat
2666 5616 2722 5665 et
2742 5612 2795 5665 in
2814 5616 3111 5681 posterum
3136 5608 3415 5664 auxilium
3440 5624 3835 5679 sperare,quo,

2206 5702 2253 5754 si
2288 5716 2545 5770 unquam
2582 5700 2889 5754 resedisset
2921 5698 3018 5753 illa
3050 5699 3653 5767 tempestas,tentaret
3683 5697 3835 5751 redi-
