4154 6286
352 386 463 444 569

1423 392 1518 444 DE
1557 391 1927 446 MICHABLB
1964 392 2404 449 PALJEOLOGO
2442 394 2573 447 LIB.
2617 398 2689 449 II.

3647 390 3756 447 570

348 510 627 567 πιστεύειν
705 507 849 584 ἔχειν
925 510 1094 585 έτέρῳ
1145 511 1241 580 τήν
1303 511 1593 584 σωτηρίαν,
1653 510 1764 567 ἒπεὶ
1822 513 1911 567 καὶ
1970 514 1996 567 ὁ
2028 516 2173 584 Αῆν
2231 513 2365 568 κατὰ
2412 515 2599 589 καιρὸν
2652 512 2835 578 διδοὺς
2862 514 3065 587 ἤλπιζε
3096 516 3241 591 παρὰ
3269 520 3365 571 τοῦ
3396 509 3661 578 λαϐόντος
3688 512 3755 569 τὰ

348 598 688 674 προῤῥηθεὶς
749 597 950 666 Μελήκ
997 599 1102 673 πρὸ
1144 596 1359 674 χρόνων
1422 598 1806 672 αὐτομολήσας
1857 602 2006 669 παρὰ

354 686 631 763 βασιλέως
688 686 1017 761 κατείχετο,
1076 688 1133 742 ὃν
1194 685 1260 755 δὴ
1320 687 1409 742 καὶ
1467 688 1625 742 αὐτὸν
1696 688 2005 744 ὑπώπτευεν

351 777 623 849 ὁσημέραι
685 776 762 847 μὴ
824 773 1008 839 λυθεὶς
1064 775 1254 849 ἐπιστῇ
1316 777 1452 848 μετά
1504 776 1750 846 πλήθους
1805 776 1895 831 καὶ
1945 775 2006 831 οὗ

350 863 543 925 καλῶς
600 861 746 938 ἔχειν
803 864 867 917 τὸ
926 862 1002 925 είς
1062 864 1243 938 ἀρχῆς
1296 864 1492 937 κράτος
1522 862 1764 919 ἐντεῦθεν
1796 864 2005 938 γένοιτό

350 954 429 1010 οἱ.
512 952 792 1009 Ἐπίστευε
847 949 905 1006 δὲ
972 952 1060 1006 καὶ
1128 957 1250 1015 ταῖς
1309 953 1385 1014 είς
1448 952 1674 1027 βασιλέα
1744 952 2005 1015 παλαιαῖς

353 1039 582 1103 ἐκείναις
624 1041 1050 1118 φιλοφρονήσεσι
1089 1084 1102 1109 ,
1158 1041 1248 1095 καὶ
1311 1040 1521 1117 agapen
1580 1042 1765 1113 φανεὶς
1818 1042 2007 1097 ἀνύσαι

357 1130 427 1185 τὰ
483 1132 616 1205 πρὸς
667 1132 864 1202 θυμοῦ·
900 1133 1271 1207 Συμφορήσας
1302 1135 1594 1205 τοιγαροῦν
1625 1130 1837 1199 πλῆθος
1870 1149 2006 1206 χρυ-

364 1218 495 1272 σίων
542 1220 604 1273 οὐ
656 1215 852 1293 ῥᾳδίως
899 1218 1226 1293 ἀριθμητὸν,
1273 1221 1361 1273 καὶ
1390 1219 1482 1274 τὸν
1517 1221 1734 1293 Περσῶν
1765 1219 2004 1275 πλοῦτον

353 1302 813 1381 περιϐαλόμενος,
848 1309 959 1379 ἅμα
1008 1307 1216 1381 γυναιξὶ
1243 1309 1329 1362 καὶ
1383 1306 1614 1376 τέκνοις,
1673 1304 1770 1361 τοῦ
1818 1313 2007 1362 Πισσι-

351 1394 476 1457 δίας
505 1400 956 1470 προαγωγοῦντος
1007 1396 1083 1457 ὡς
1135 1396 1362 1471 βασιλέα
1423 1400 1616 1470 χωρεῖ.
1677 1397 1738 1453 Ὀ
1795 1395 1874 1466 δὲ,
1932 1396 2007 1457 ὡς

350 1484 523 1555 εἰκὸς,
585 1482 829 1555 ἀσμένως
858 1480 1145 1556 δεξάμενος
1199 1485 1301 1538 οὐκ
1343 1483 1486 1557 εἶχεν
1549 1484 1579 1537 ὅ
1621 1487 1676 1539 τί
1736 1486 2004 1559 χρήσαιτο

347 1571 557 1643 τούτῳ,
589 1568 737 1639 πλὴν
771 1570 921 1642 μάλα
973 1570 1522 1649 φιλοφρονησάμενος
1576 1575 1715 1647 πρὸς
1776 1571 2005 1638 ἐκεῖνον,

348 1661 444 1715 καὶ
506 1660 721 1736 θαρρεῖν
782 1656 966 1721 διδοὺς
1024 1661 1100 1721 ὡς
1162 1659 1301 1715 κατᾶ
1352 1661 1539 1735 καιρὸν
1600 1660 1859 1731 ἐπανήξω
1914 1661 2003 1715 καὶ

346 1751 457 1817 τὴν
518 1749 698 1823 ἀρχὴν
726 1743 987 1803 ἀναλάϐοι
1016 1745 1181 1803 αἰ)τοῦ
1232 1753 1636 1823 συνεργοῦντος,
1688 1748 1854 1826 ἐφῆκε
1885 1746 2002 1804 δια·

344 1858 464 1912 γειν
499 1836 565 1907 ὣ,
598 1838 650 1892 οἱ
698 1835 923 1907 σύνηθες
952 1837 1019 1906 ἦν
1069 1836 1217 1909 αὐτῷ
1247 1836 1390 1893 ο⁰ίκοι
1438 1843 1539 1907 τῆς
1589 1836 1845 1912 Περσίδος
1902 1836 1998 1914 ἄρ-

346 1947 554 2002 χοντι.
612 1926 772 1983 ’Όθεν
826 1926 914 1980 καὶ
976 1926 1208 1999 σέλμασι
1280 1924 1593 2001 βασιλικοῖς
1646 1932 1726 1999 τῷ
1788 1925 2002 2001 βασιλεῖ

351 2013 701 2089 παρεδρίαζε,
749 2010 1135 2093 καίφοϐεροὺς
1188 2015 1312 2089 περὶ
1370 2015 1528 2069 αὐτὸν
1581 2015 1695 2089 εἶχε
1748 2016 2001 2088 σώματος

356 2105 602 2180 φύλακας
635 2148 650 2174 ,
708 2102 795 2157 καὶ
852 2107 967 2164 τοῖς
1020 2106 1121 2171 τῆς
1195 2102 1375 2178 ἀρχῆς
1442 2098 1741 2175 συμϐόλοις
1796 2102 2001 2179 ἐχρῆτο

354 2185 723 2267 ἐρυθροϐαφῗες
754 2188 976 2246 πέδιλον
1013 2189 1408 2264 ὑποδούμενος.
1465 2192 1539 2245 Τὰ
1590 2192 1753 2245 πιστᾶ
1801 2188 1858 2245 δὲ
1914 2192 2002 2246 καὶ

353 2280 577 2355 πρὸςτὸ
610 2280 664 2335 εὖ
691 2279 908 2354 πράξειν
962 2279 1080 2354 εἶχε
1110 2277 1197 2335 διὰ
1240 2282 1337 2350 τὴν
1388 2280 1438 2352 ἐξ
1499 2279 1757 2354 ὑπογυίου
1819 2282 2002 2355 χάριν,

356 2501 491 2552 tum
521 2494 582 2550 in
613 2494 1008 2566 principatum
1040 2492 1251 2549 validis
1275 2494 1547 2549 Romanis
1571 2493 1840 2564 potentia
1872 2495 2004 2549 sub-

357 2589 539 2643 nixus
561 2585 986 2658 cepiis.Cunota
1009 2584 1165 2640 enim
1191 2583 1689 2656 circumspiciens,
1712 2583 2002 2640 neminem

355 2683 509 2732 tunc
538 2676 862 2747 reperiebat
882 2674 977 2730 cui
1005 2677 1156 2730 recte
1177 2673 1542 2730 committere
1563 2673 1812 2729 salutem
1836 2690 2005 2730 suam

365 2769 427 2819 et
447 2765 624 2819 ﬁdere
640 2763 780 2819 satis
804 2766 1022 2835 posset,
1039 2760 1516 2835 quandoquidem
1534 2765 1590 2817 et
1612 2761 1773 2832 prius
1792 2778 2006 2817 memo-

372 2856 542 2907 ratus
586 2851 821 2922 Meleeh,
854 2867 987 2907 cum
1037 2851 1330 2922 aliquanto
1381 2854 1551 2905 antea
1596 2849 1723 2921 ipse
1774 2865 2006 2922 quoque

338 2939 802 3011 'transfugisset,
844 2941 916 2995 ab
970 2941 1319 3010 imperatore
1368 2939 1764 3007 detinebatur;
1816 2956 1849 2994 a
1895 2954 2007 3009 quo

374 3028 597 3085 scilicet
626 3029 887 3101 quotidie
919 3029 1217 3084 metuebat
1248 3045 1319 3083 ne
1350 3043 1466 3099 qua
1494 3031 1699 3083 nactus
1728 3028 1945 3083 exitum
1978 3043 2009 3083 e

364 3118 633 3174 custodia
657 3133 1035 3173 numerosum
1059 3117 1116 3171 in
1142 3133 1202 3173 se
1228 3117 1468 3172 duceret
1488 3116 1828 3184 exercitum,
1847 3118 1905 3170 et
1925 3115 2009 3170 sic

360 3208 423 3262 in
455 3207 683 3263 irritum
718 3206 1040 3262 reciderent
1068 3222 1201 3277 spes
1225 3208 1609 3276 conatusque,
1633 3220 1782 3275 quos
1812 3204 2004 3259 inten-

362 3297 543 3352 debat
572 3296 629 3351 in
679 3295 990 3351 statuendo
1034 3294 1145 3349 sibi
1199 3293 1604 3363 firmandoque
1652 3292 2003 3363 principatu.

363 3384 715 3456 Magnopere
736 3386 933 3438 autem
958 3381 1255 3437 nitebatur
1270 3384 1459 3437 vetere
1479 3380 1852 3452 imperatoris
1874 3380 2011 3435 ami-

361 3474 519 3542 citia,
555 3472 787 3543 magnis
833 3471 941 3527 sibi
975 3470 1203 3537 officiis,
1237 3486 1368 3525 cum
1421 3473 1577 3525 esset
1607 3468 1748 3524 olim
1780 3468 1839 3524 in
1870 3471 2010 3523 Per-

365 3562 517 3630 side,
574 3564 818 3629 testata;
870 3560 1342 3628 confidebatque,
1403 3557 1578 3613 simul
1628 3559 1755 3628 ejus
1811 3570 2009 3612 coram

357 3650 576 3708 affandi
621 3648 964 3720 contigisset
1013 3647 1197 3719 copia,
1232 3662 1293 3703 se
1336 3647 1491 3717 quod
1538 3649 1775 3718 cuperet
1822 3646 1893 3701 ab
1943 3660 2010 3700 eo

354 3740 832 3810 impetraturum.
862 3737 1151 3807 Congesta
1196 3735 1376 3807 igitur
1407 3735 1464 3788 in
1499 3750 1707 3806 capsas
1739 3749 1887 3805 quas
1919 3748 2013 3789 se-

356 3844 496 3884 cum
527 3826 733 3883 extulit
768 3841 1078 3882 aureorum
1124 3824 1504 3879 multitudine
1553 3839 1669 3878 non
1701 3822 1870 3879 facile
1900 3838 2010 3877 nu-

356 3916 648 3985 merabili,
683 3920 740 3972 et
770 3915 1083 3973 ditissimis
1113 3914 1250 3969 luxu
1284 3913 1515 3969 Persico
1547 3911 1808 3967 vestibus
1840 3911 2009 3966 indu-

354 4013 479 4074 tus,
526 4021 661 4061 cum
709 4003 1063 4076 conjugibus
1112 4007 1168 4059 et
1217 4001 1440 4069 liberis,
1486 4000 1718 4056 Pisidiae
1762 3999 2008 4070 praeside

357 4097 507 4153 duce
537 4095 788 4160 itineris,
823 4094 893 4148 ad
928 4092 1340 4164 imperatorem
1373 4106 1435 4145 se
1466 4089 1707 4153 confert,
1737 4087 1835 4158 qui
1868 4103 2002 4143 eum

356 4184 792 4241 humanissime
841 4181 1083 4253 excepit.
1130 4180 1195 4234 Et
1248 4193 1586 4250 quanquam
1637 4193 1751 4231 non
1802 4176 2009 4232 habuit

354 4279 502 4331 tunc
533 4274 590 4327 in
619 4289 732 4344 quo
756 4272 884 4342 ejus
908 4286 1084 4341 opera
1106 4273 1383 4337 uteretur,
1408 4266 1568 4322 omni
1602 4271 1799 4321 tamen
1830 4264 2008 4335 signi-

356 4362 627 4419 ficatione
686 4358 1096 4416 benevolentiae
1147 4357 1488 4412 consolatus
1540 4359 1663 4424 est;
1722 4370 2008 4425 spemque

354 4452 468 4522 ipsi
519 4451 655 4507 fecit
706 4448 1056 4504 auxiliorum
1090 4463 1123 4502 a
1164 4461 1226 4501 se
1271 4444 1914 4501 subministrandorum
1946 4441 2006 4496 in

355 4546 641 4612 tempore,
666 4553 921 4611 quorum
956 4551 1062 4608 ope
1109 4538 1235 4590 tuto
1266 4534 1484 4590 rediret
1514 4533 1572 4587 in
1604 4531 1924 4598 Persidem,
1950 4535 2007 4586 et

2034 1877 2099 1975 Β.

2035 3250 2081 3314 D

2110 603 2364 674 κρείττω.
2425 603 2501 660 Τὸ
2560 601 2615 657 δὲ
2671 607 2735 672 ἦν
2796 604 2897 678 ἄρα
2955 605 3016 661 οὐ
3075 604 3302 681 σταθερά
3332 626 3413 667 τις
3454 602 3611 665 ἐλπὶς
3640 607 3756 663 τοῖς

2115 694 2298 744 νοοῦσι
2352 690 2661 767 βαθῦτερον.
2698 691 2871 749 Ἀλλᾶ
2916 693 3038 749 τότε
3092 695 3183 749 τὸν
3225 692 3413 769 καιρὸν
3444 690 3752 766 θεραπεύων

2117 779 2144 832 ὁ
2180 778 2433 852 βασιλεὺς
2464 778 2590 843 τοὺς
2623 781 2716 853 μὲν
2765 783 2886 858 περὶ
2938 783 3123 855 αὐτὸν,
3168 783 3258 837 καὶ
3303 780 3515 855 μᾶλλον
3563 784 3756 855 γυναῖ-

2115 885 2211 927 κας
2290 866 2378 920 καὶ
2450 866 2632 933 τέκνα,
2714 868 2850 924 κατά
2920 871 3246 945 συντήρησιν
3319 869 3457 945 πρὸς
3523 867 3752 925 Νίκαιαν

2116 954 2341 1026 πέμπει,
2371 957 2449 1027 τῷ
2483 956 2576 1028 μέν
2606 953 2784 1011 δοκεῖν
2841 957 2903 1013 τὸ
2953 958 3188 1035 ἀσφαλές
3243 957 3467 1019 ἐκείνοις
3495 955 3752 1033 παρέχων

2116 1042 2197 1115 ἐφ’
2254 1041 2299 1114 ᾦ
2346 1046 2421 1116 μή
2458 1039 2707 1118 βλαϐεῖεν
2739 1044 3036 1119 ἀφύλακτοι
3068 1046 3238 1110 ὄντες·
3285 1043 3536 1120 οὐδὲγὰρ
3583 1045 3754 1099 καλὸν

2117 1128 2286 1185 ἐδόκει
2327 1134 2791 1208 συνεκστρατεύειν
2823 1139 2918 1206 ’τῷ
2970 1134 3183 1211 βασιλεῖ
3234 1134 3417 1206 ἀήθεις
3468 1130 3624 1196 ὄντας
3662 1133 3750 1186 καὶ

2114 1225 2212 1288 τῆς
2268 1219 2753 1294 γυναικωνίτιδος’
2810 1224 2873 1277 τὸ
2927 1223 2983 1278 δὲ
3044 1223 3207 1278 πάλιν
3275 1228 3408 1300 σφᾶς
3460 1215 3753 1297 διατρίϐειν

2115 1306 2197 1361 ἐπ’
2228 1308 2497 1378 ἀνατολῆς
2526 1311 2947 1386 ἀναχωροῦντος
2974 1315 3070 1366 τοῦ
3118 1310 3408 1387 βασιλέως,
3447 1310 3523 1383 μὴ
3552 1309 3641 1363 καὶ
3676 1309 3753 1369 εἷς

2113 1394 2360 1451 κίνδυνον
2415 1396 2646 1473 γένοιτο.
2703 1399 2811 1456 Τὸν
2867 1398 2923 1454 δέ
2969 1420 3033 1475 γε
3089 1397 3321 1454 σουλτάν
3370 1395 3751 1474 συμπεριάγων

2114 1484 2259 1556 αὐτῷ
2319 1485 2409 1539 σὺν
2470 1486 2821 1561 προσηκούσῃ
2872 1484 3009 1562 τιμῇ
3067 1487 3165 1555 τὴν
3224 1487 3310 1540 ἐπὶ
3365 1491 3481 1548 τοῖς
3546 1485 3751 1541 ἐκείνου

2115 1573 2419 1642 συνεσκίαζε
2448 1576 2659 1647 πρᾶξιν,
2719 1577 2784 1644 ἣν
2843 1580 2922 1648 τῷ
2981 1577 3075 1647 μὲν
3137 1572 3336 1648 δοκεῖν,
3388 1576 3461 1636 ὡς
3520 1572 3752 1648 εἴρηται,

2115 1662 2244 1737 ὑπὲρ
2302 1661 2596 1740 ἀσφαλείας
2644 1663 2863 1718 ἐκείνων
2918 1664 3267 1739 προσέταττε,
3324 1666 3394 1736 τῇ
3452 1660 3497 1716 δ’
3530 1662 3757 1733 ἀληθείᾳ

2114 1749 2183 1805 δι’
2227 1751 2440 1807 ἐκείνων
2496 1752 2559 1807 τὸ
2592 1751 2827 1830 ἀσφαλὲς
2877 1751 3115 1828 ἐχόντων
3172 1753 3235 1806 τὸ
3292 1750 3343 1806 ἰν
3377 1748 3605 1829 ἀσφαλεῖ
3661 1750 3751 1805 τὸν

2112 1840 2341 1895 σουλτάν
2401 1842 2534 1894 εἶναι
2583 1841 2673 1895 καὶ
2724 1842 2799 1913 μὴ
2853 1838 3249 1915 συνισχημένον
3300 1837 3759 1915 πραγματευόμε-

2111 1949 2221 1992 νος.
2256 1924 2745 2002 Ηροκατελάμϐανε
2774 1928 2874 2004 γὰρ
2905 1930 3003 1999 τήν
3038 1929 3175 2004 πρὸς
3205 1928 3295 1982 τὸν
3326 1932 3432 1982 τῶν
3483 1925 3752 2004 Τοχάρων

2112 2015 2352 2092 ἄρχοντα
2420 2016 2644 2072 Χαλαοῦ
2701 2017 2943 2091 εἰρήνην,
3000 2018 3076 2079 ὡς
3133 2016 3607 2091 ένευκαιρήσοντος
3676 2014 3755 2070 ἐν-

2108 2108 2287 2159 τεῦθεν
2322 2105 2525 2159 ἐκείνου
2551 2111 2665 2167 τοῖς
2696 2112 2796 2175 τῆς
2830 2103 3111 2180 Περσίδος,
3138 2124 3143 2127 ·
3166 2101 3295 2178 μηδ’
3344 2104 3754 2179 ὀνομαζομένου

2109 2198 2205 2248 τοῦ
2264 2192 2494 2247 σουλτάν
2549 2193 2599 2248 ἐν
2657 2193 2848 2268 ταύτῃ.
2901 2194 2999 2248 Καὶ
3063 2191 3153 2247 διὰ
3196 2196 3356 2247 τοῦτο
3404 2195 3626 2266 ἡμερῶν
3672 2191 3752 2269 ἐφ’

2113 2282 2343 2357 ἡμέραις
2397 2277 2737 2356 τριϐομένων
2794 2284 2860 2337 τὰ
2912 2285 3019 2337 τῶν
3096 2284 3314 2355 Περσῶν
3399 2280 3752 2337 ὑπεκλίνοντο

2116 2494 2409 2550 modicum
2434 2510 2546 2567 quo
2576 2512 2733 2551 nunc
2763 2499 2956 2569 egeret
2978 2499 3355 2568 accepturum
3387 2494 3555 2566 plane
3581 2491 3755 2549 conﬁ-

2115 2583 2306 2639 debat.
2333 2585 2470 2639 Erat
2499 2588 2696 2641 autem
2737 2600 2803 2641 ea
2834 2599 2969 2657 spes
3001 2601 3115 2641 non
3148 2599 3569 2655 usquequaque
3602 2585 3756 2637 certa

2115 2672 2498 2745 fundataque,
2544 2673 2767 2745 judicio
2815 2689 3019 2730 eorum
3063 2673 3163 2744 qui
3216 2689 3332 2728 non
3380 2671 3662 2727 haerentes
3692 2670 3753 2725 in

2115 2762 2519 2834 superficiaria
2562 2762 2755 2834 specie
2794 2779 2885 2818 res
2916 2761 3151 2833 penitus
3200 2761 3359 2833 ipsas
3407 2758 3755 2830 introspice-

2116 2855 2245 2906 rent
2275 2868 2338 2906 ac
2370 2851 2749 2923 profundiore
2788 2851 3099 2923 prudentia
3128 2850 3549 2906 examinarent.
3579 2853 3753 2905 Crete-

2116 2956 2246 2994 rum
2280 2944 2418 2995 tunc
2451 2940 2689 3013 quidem
2720 2939 3037 3012 imperator
3066 2941 3124 2995 in
3156 2940 3521 2995 occasionem
3555 2938 3757 2993 immi-

2118 3045 2261 3084 nens
2294 3028 2571 3085 familiam
2617 3028 2856 3097 sultani,
2892 3029 3213 3101 praesertim
3249 3043 3457 3084 uxores
3496 3042 3571 3083 ac
3611 3025 3756 3083 libe-

2116 3132 2231 3185 ros,
2262 3115 2509 3172 Nicaeam
2552 3116 2735 3182 misit,
2766 3119 3039 3187 praetextu
3082 3114 3377 3188 plausibili
3412 3113 3753 3171 necessariis

2118 3203 2471 3270 securitatis,
2504 3209 2571 3260 ut
2601 3205 2660 3259 in
2691 3208 2819 3260 tuto
2861 3204 2942 3259 ibi
2980 3208 3353 3261 servarentur
3383 3220 3524 3259 neve
3554 3204 3756 3274 cujus-

2118 3307 2293 3362 quam
2318 3292 2545 3362 injuriae
2568 3296 2833 3364 paterent
2849 3293 2907 3347 in
2928 3292 3050 3348 loco
3075 3292 3272 3347 minus
3290 3292 3516 3348 munito
3534 3291 3760 3363 deposi-

2116 3382 2298 3451 ti,aut
2319 3380 2669 3436 militantem
2694 3381 3102 3452 imperatorem
3137 3397 3269 3436 cum
3302 3380 3533 3436 sultane
3567 3395 3755 3436 assec-

2114 3472 2308 3524 tantes
2340 3470 2617 3525 itinerum
2644 3469 2873 3525 insueto
2897 3469 3092 3525 labore
3114 3468 3339 3541 parvuli
3363 3468 3754 3540 mulieresque

2114 3562 2478 3627 vexarentur,
2512 3576 2717 3614 rursus
2765 3574 2837 3614 ne
2888 3558 2936 3613 si
2984 3558 3457 3627 relinquerentur
3505 3556 3563 3612 in
3614 3557 3758 3614 urbe

2115 3644 2394 3701 Orientali
2425 3646 2615 3717 magis
2644 3648 2877 3702 admota
2896 3645 3094 3711 limiti,
3118 3662 3252 3702 cum
3281 3646 3352 3701 ab
3376 3662 3443 3701 ea
3465 3645 3763 3718 continge.

2116 3742 2199 3791 ret
2231 3735 2644 3805 imperatorem
2693 3736 3129 3807 expeditionum
3162 3734 3466 3790 occasione
3519 3732 3756 3803 dislare,

2115 3841 2231 3881 non
2264 3824 2408 3879 satis
2455 3822 2660 3877 remoti
2693 3828 2889 3878 essent
2919 3823 2988 3879 ab
3023 3822 3182 3878 omni
3231 3822 3569 3878 discrimine
3602 3823 3757 3893 quod

2114 3913 2249 3968 inde
2273 3914 2399 3983 iure
2420 3912 2742 3967 timeretur.
2765 3911 2939 3966 Porro
2962 3912 3264 3967 sultanum
3290 3910 3482 3983 ipsum
3505 3910 3758 3964 circum—

2115 4002 2334 4056 ducens
2366 4017 2559 4056 secum
2593 4015 2943 4071 quocunque
2967 3999 3095 4064 iret,
3120 4016 3185 4054 ac
3208 3997 3511 4069 exquisitis
3536 3997 3756 4069 ubique

2114 4106 2344 4162 semper
2391 4089 2653 4144 afﬁciens
2700 4087 3045 4156 honoribus,
3077 4088 3192 4142 ista
3223 4085 3642 4141 familiaritatis
3691 4102 3756 4142 ac

2114 4177 2443 4234 reverentia:
2475 4177 2665 4249 specie
2709 4176 2765 4230 id
2808 4175 3277 4246 consequebatur
3322 4175 3658 4244 imperator,
3692 4180 3757 4229 ut
3812 4186 3821 4195 ‘

2113 4266 2210 4321 ille
2240 4265 2385 4320 nihil
2417 4265 2639 4320 sinistri
2669 4265 2849 4320 latere
2871 4262 3272 4336 suspicaretur
3293 4262 3352 4316 in
3376 4260 3476 4317 illa
3498 4260 3753 4317 filiorum

2113 4359 2169 4410 et
2199 4371 2443 4409 uxorum
2469 4355 2596 4425 ejus
2621 4353 2905 4409 Nicaeensi
2936 4351 3234 4419 custodia;
3267 4350 3438 4419 quasi
3472 4349 3528 4403 in
3562 4348 3754 4405 solum

2112 4442 2301 4514 ipsius
2332 4443 2700 4497 commodum
2734 4446 2791 4497 ct
2820 4440 3191 4495 securitatem
3227 4438 3354 4508 ejus
3386 4436 3620 4493 familia:
3653 4438 3756 4493 de-

2111 4536 2290 4587 creta.
2325 4531 2542 4586 Revera
2571 4534 2761 4585 tamen
2813 4528 2968 4583 aliud
3005 4527 3303 4599 spectabat
3335 4528 3565 4581 astutus
3596 4525 3755 4597 prin-

354 4606 1057 4702 prin'cipatu'recuperato
1078 4625 1375 4679 florentem
1403 4622 1481 4677 ibi
1503 4629 1565 4677 ut
1587 4621 1751 4692 prius
1773 4625 1829 4676 et
1852 4624 2007 4674 tran-
2039 4606 2081 4673 C
2122 4638 2280 4691 ceps,
2312 4620 2403 4675 cui
2450 4623 2573 4675 erat
2618 4618 2983 4691 propositum
3016 4614 3419 4672 custodiendis
3450 4621 3605 4669 certo
3640 4614 3753 4669 sibi

354 4718 603 4790 quillam
637 4716 792 4772 domi
824 4731 944 4771 suae
977 4714 1153 4769 vitam
1188 4712 1247 4767 in
1279 4714 1559 4769 consueta
1589 4709 1874 4781 dignitate
1905 4710 2006 4763 de-

357 4810 537 4880 geret.
562 4808 767 4875 Itaque
798 4804 857 4858 in
887 4800 1261 4874 suggestibus
1286 4798 1464 4869 regiis
1495 4795 1829 4865 imperatori
1854 4795 2005 4851 182

357 4894 602 4962 assedit,
637 4896 693 4948 et
722 4891 986 4948 minaces
1038 4892 1162 4962 ipse
1192 4902 1428 4959 quoque
1474 4886 1627 4940 circa
1656 4899 1717 4939 se
1749 4883 2007 4955 corporis

357 4982 632 5040 custodes
679 4980 909 5046 habuit,
950 4983 1006 5034 et
1050 4977 1378 5047 insignibus
1427 4973 1656 5045 imperii
1708 4972 2003 5039 utebatur,

358 5074 571 5128 rubros
604 5070 855 5125 induens
895 5067 1136 5124 calceos.
1174 5070 1303 5121 Haec
1343 5068 1539 5119 autem
1570 5061 1808 5117 honoris
1840 5078 2001 5117 amo-

359 5162 561 5231 risque
610 5160 775 5229 signa
805 5174 919 5213 non
951 5172 1095 5212 vane
1144 5154 1445 5225 ostentari,
1479 5152 1576 5208 sed
1612 5166 1679 5207 ex
1707 5166 1836 5207 vere
1866 5166 2004 5222 pro—

361 5266 542 5322 penso
574 5248 633 5303 in
665 5247 863 5319 ipsum
918 5263 981 5301 ac
1031 5246 1253 5301 sincere
1304 5244 1549 5311 favente,
1581 5256 1828 5312 quaeque
1878 5238 2001 5310 pol-

358 5340 640 5396 liceretur
687 5335 1036 5408 prazstituro,
1074 5332 1442 5404 imperatoris
1475 5331 1668 5384 animo
1711 5327 1998 5401 proficisci

356 5424 660 5501 persuasit
710 5425 821 5496 ipsi
852 5423 1082 5479 conscia
1114 5420 1396 5478 memoria
1433 5434 1674 5474 suorum
1724 5417 1781 5472 in
1830 5414 1996 5471 illum

358 5516 729 5578 meritorum,
755 5530 869 5585 quo
901 5517 1157 5584 tempore
1201 5508 1523 5580 supplicem
1556 5521 1689 5560 eum
1721 5504 1997 5560 benevolo

358 5606 663 5676 exceperat
706 5601 984 5673 hospitio,
1017 5600 1186 5670 cujus
1216 5597 1409 5670 gratiae
1440 5596 1623 5649 vicem
1666 5595 1930 5648 mutuam
1964 5611 1995 5648 a

358 5710 477 5750 non
525 5694 884 5759 immemore,
918 5694 973 5745 et
1026 5690 1097 5745 ab
1146 5704 1211 5743 eo
1257 5686 1347 5742 cui
1380 5684 1510 5757 plus
1559 5682 1900 5751 contulerat,
1933 5682 1990 5736 id

2118 4714 2174 4765 et
2206 4712 2327 4764 tuto
2363 4709 2480 4764 loco
2511 4718 2629 4762 tam
2671 4706 2820 4761 caris
2870 4704 3101 4760 sultano
3133 4702 3421 4775 capitibus
3453 4701 3754 4759 sultanum

2115 4798 2312 4870 ipsum
2330 4801 2413 4851 tot
2431 4796 2671 4867 pignoru
2684 4812 2737 4848 m
2759 4793 2999 4849 caritate
3014 4791 3181 4864 quasi
3203 4792 3582 4847 constrictum
3599 4792 3753 4862 apud

2115 4904 2176 4942 se
2207 4886 2475 4950 retinere,
2500 4900 2569 4939 ne
2593 4899 2706 4954 quo
2734 4883 2926 4939 subito
2952 4883 3097 4937 forte
3128 4886 3295 4951 capto
3330 4880 3479 4952 fugae
3508 4878 3755 4936 consilio

2114 4976 2426 5031 recederet.
2453 4975 2575 5038 Quo
2606 4970 2705 5027 ille
2736 4971 2995 5027 faciendo
3022 4970 3431 5026 demerebatur
3457 4968 3753 5023 Tocharo-

2114 5081 2244 5119 rum
2268 5062 2592 5135 principem
2617 5060 2919 5129 Cbalaum,
2944 5059 3180 5131 quicum
3214 5056 3389 5113 certis
3411 5056 3536 5127 jam
3562 5057 3760 5111 condi-

2111 5152 2375 5209 tionibus
2396 5153 2465 5207 de
2488 5166 2624 5223 pace
2648 5152 3045 5222 transegerat:
3071 5147 3166 5203 hic
3190 5146 3345 5202 enim
3371 5143 3603 5200 sultane
3628 5160 3757 5215 pro-

2110 5243 2201 5298 cul
2225 5242 2361 5298 alibi
2388 5243 2643 5308 detento,
2666 5248 2718 5296 et
2744 5239 2869 5309 ejus
2900 5238 2971 5293 ob
3003 5235 3280 5293 absentiae
3306 5232 3753 5288 diuturnitatem

2110 5332 2262 5387 133
2310 5329 2593 5386 memoria
2642 5331 2858 5383 sensim
2910 5326 3271 5381 exolescente
3322 5321 3474 5392 apud
3527 5325 3754 5391 Persas,

2107 5424 2267 5475 tanto
2302 5418 2528 5474 facilius
2583 5416 2927 5485 feliciusque
2960 5414 3246 5469 universa:-
3278 5408 3449 5481 potiri
3499 5407 3755 5463 Persidis

2106 5512 2370 5579 poterat,
2429 5512 2603 5577 prout
2662 5504 2854 5576 reipsa
2915 5501 3066 5557 fecit.
3124 5500 3479 5569 Imperatore
3538 5496 3757 5567 quippe

2105 5596 2406 5652 sultanum
2468 5608 2823 5665 suspensum
2884 5591 3099 5662 spebus
3154 5585 3432 5642 inanibus
3488 5588 3753 5653 tenente,

2103 5684 2305 5755 sicque
2327 5682 2481 5737 diem
2510 5699 2572 5737 cx
2608 5681 2697 5736 die
2721 5680 2984 5735 ducendo
3008 5693 3200 5733 moras
3222 5674 3458 5731 assidue
3483 5676 3752 5729 nectente
