4154 6286
386 378 489 432 571

1694 378 1994 435 GEORGII
2033 380 2495 436 PACHYMERIE

3682 376 3793 429 572

395 506 508 562 ¹τοῖς
563 500 855 575 Τοχάροις,
914 502 987 563 ὡς
1043 499 1131 554 καί
1160 520 1307 561 τινας
1352 499 1443 561 οὓς
1476 499 1533 553 ἂν
1569 497 1709 553 ε’ίποι
1738 519 1820 560 τις
1852 499 2033 568 σκηνί-
2063 503 2115 569 Α
2145 502 2237 556 κε’.
2280 503 2470 563 ’Όπως
2530 507 2680 577 εἶχον
2742 503 2792 556 οἱ
2850 502 2975 576 πρὶν
3036 498 3278 573 βασιλεῖς
3319 495 3439 569 περὶ
3496 499 3789 572 Τυχάρους

392 610 487 650 τας
516 588 603 643 καὶ
637 593 704 662 τῇ
735 588 988 659 πολιτεία
1016 588 1466 663 ἀπηχθημένους,
1503 589 1577 660 μή
1611 586 1865 650 Οέλοντας
1898 588 2031 641 ὑπο-

393 676 691 731 τάττεσθαι.
728 679 806 747 [Ρ.
835 679 923 749 86]
956 678 1073 730 καθ’
1122 676 1317 736 αὐτοὺς
1378 675 1534 744 εἶναι,
1594 674 2032 747 ἐπειλημμένους

395 769 501 819 τῶν
563 763 842 837 ἡμετέρων
904 765 1306 839 ὀχυρωμάτων,
1365 761 1512 831 πλὴν
1544 764 1631 817 καὶ
1674 764 1763 817 τὸν
1798 763 2035 826 ἐντεῦθεν

398 854 833 921 ὑποτοπάζοντας
914 850 1185 922 κίνδυνον,
1260 852 1304 907 εἷ
1370 856 1612 927 φανερῶς
1686 850 2034 921 ἐπιτιθοῖντο,

395 942 529 997 κατᾶ
580 943 673 1013 μὲν
722 943 783 996 τὸ
831 942 1010 996 κοινὸν
1058 941 1146 995 καὶ
1176 940 1418 1005 καθόλου
1450 938 1765 1002 ἐνσπόνδους
1798 942 1929 995 εἶναι
1956 941 2036 1011 τῴ

403 1026 638 1101 βασιλεῖ,
699 1028 815 1091 καθ’
859 1028 953 1082 ’ὲνα
996 1024 1052 1081 δὲ
1106 1028 1297 1088 νυκτὸς
1332 1025 1619 1099 λοχῶντας
1666 1031 1783 1087 τοῖς
1841 1024 1899 1079 ἐκ
1928 1030 2032 1079 τῶν

398 1112 680 1189 ἡμετέρων
733 1112 1015 1188 κλέμμασι
1062 1122 1325 1191 χρῆσθαι.
1380 1118 1457 1170 "A
1510 1112 1575 1181 δὴ
1633 1114 1855 1168 καὶτῶν
1897 1116 2038 1185 ἡμε-

394 1205 561 1277 τέρων
618 1203 669 1273 ἐξ
722 1202 846 1257 ’ίσου
877 1208 1011 1279 πρὸς
1044 1204 1275 1263 ἐκείνους
1306 1202 1610 1263 ποιούντων
1641 1201 1702 1256 ού
1728 1204 1895 1264 πόνος
1947 1202 2037 1270 ἦν.

399 1293 490 1346 Ἐκ
518 1294 717 1353 παντὸς
749 1290 804 1347 δὲ
833 1290 1038 1368 τρόπου
1078 1293 1139 1346 τὸ
1188 1290 1338 1355 ἔθνος
1377 1296 1483 1345 τῶν
1525 1290 1786 1365 Τοχάρων
1838 1288 1907 1345 δι’
1955 1290 2037 1345 ἐν-

397 1381 548 1441 νοίας
598 1377 740 1455 ἔχων
798 1381 825 1434 ὁ
879 1378 1131 1455 βασιλεὺς
1183 1382 1255 1441 ῶς
1304 1379 1673 1433 ἀνυπόστατον
1733 1380 1829 1448 τὴν
1862 1380 2036 1453 ὁρμὴν

397 1472 530 1524 κατὰ
559 1472 619 1523 τὸ
652 1470 792 1530 εἰκὸς
849 1468 1039 1524 δοκοῦν
1074 1466 1221 1543 ἔχειν
1270 1467 1411 1543 ἄρτι,
1458 1476 1704 1538 κινῆσαν,
1764 1468 1892 1532 τοὺς
1947 1470 2041 1541 μὲν

400 1560 534 1613 κατᾶ
590 1560 655 1612 τὰ
717 1558 1052 1632 ὀχυρώματα
1092 1558 1298 1631 Πέρσας
1330 1558 1421 1612 καὶ
1454 1557 1572 1612 λίαν
1609 1559 1942 1625 ὑπεποιεῖτο,
1968 1559 2040 1619 ὡς

399 1652 642 1721 θριγγοῖς
710 1646 943 1716 ἐλπίζων
1013 1648 1248 1722 χρᾶσθαι
1327 1647 1373 1701 εἰ
1428 1642 1757 1722 ἐπιϐρίσειαν
1820 1647 2039 1713 ἐκεῖνοι,

401 1734 626 1797 ἐκείνοις
680 1733 726 1789 δ’
776 1736 890 1810 εἶχε
947 1733 1035 1789 διὰ.
1095 1734 1328 1807 μελέτης
1366 1736 1456 1789 καὶ
1510 1734 1695 1796 ἄλλως
1728 1732 2040 1789 σπένδεσθαι

2771 573 3160 643 ἀκουομένους.

2216 679 2412 752 Πρώην
2450 680 2542 751 μὲν
2593 681 2693 754 γάρ
2746 680 2773 733 ὁ
2823 680 3027 740 Δούκας
3085 675 3339 745 Ἰωάννης
3393 673 3555 735 κλέος
3616 675 3783 747 μόνον

2144 766 2358 821 ἐκείνων
2388 765 2577 838 ἤκουε,
2606 769 2697 822 καὶ
2744 767 3069 843 κατωχύρου
3123 765 3189 819 τὰ
3220 763 3452 841 φρούρια
3510 762 3639 835 σίτῳ
3689 764 3784 817 καὶ

2146 856 2402 928 ἅρμασιν,
2454 857 2525 909 ὧν
2580 857 2669 911 τὸν
2735 857 2826 929 μὶν
2872 858 2961 910 καὶ
3019 854 3093 915 εἷς
3152 853 3383 927 χρόνους
3427 850 3782 927 προσέταττεν

2144 944 2521 1012 ἀποτίθεσθαι,
2583 944 2848 1018 βούλλαις
2894 938 3246 1017 μολυϐδίναις
3297 940 3387 995 τὸν
3437 938 3620 994 ἐνόντα
3663 944 3786 1000 τοῖς

2146 1032 2387 1094 ἐποίκοις
2441 1033 2771 1110 σφραγίζων,
2832 1034 3086 1110 φέροντας
3140 1028 3186 1085 δ’
3242 1027 3431 1099 ἔξωθεν
3492 1027 3791 1083 ἐπιτάττων

2149 1121 2457 1193 σιτίζεσθαι,
2514 1124 2581 1176 τὰ
2630 1119 2685 1176 δὲ
2741 1122 2831 1175 καὶ
2890 1122 3151 1195 ἀναγκαῖα
3207 1118 3363 1173 ἐτίθει
3419 1122 3534 1178 τοῖς
3584 1138 3792 1186 κτησο-

2152 1211 2357 1282 μένοις,
2415 1211 2488 1271 ὡς
2547 1208 2760 1264 ἐκείνων
2820 1215 2922 1264 πᾶν
2981 1210 3041 1262 τὸ
3100 1207 3173 1269 εἰς
3206 1204 3516 1280 περιουσίαν
3550 1204 3607 1258 ὅν
3639 1205 3795 1258 ὑστε-

2152 1303 2279 1374 ρεῖν.
2364 1296 2858 1371 Προικοδοτςῦντας
2926 1297 3029 1371 γὰρ
3118 1296 3252 1367 μετᾶ
3324 1295 3423 1361 τὴν
3499 1288 3797 1365 σεϐασμίαν

2152 1386 2333 1440 εἷ’κόνα
2358 1386 2424 1440 τὰ
2455 1386 2598 1443 ὅπλα
2628 1388 2953 1459 προσέταττε
3000 1384 3446 1459 καταγράφεσθαι·
3507 1379 3645 1453 μηδὲ
3690 1384 3791 1456 γὰρ

2150 1470 2299 1549 ἔχειν
2333 1472 2528 1529 εἰδέναι
2558 1474 2611 1529 τί
2642 1476 2702 1529 τὸ
2734 1474 3035 1549 ἐξορμῆσαν
3057 1477 3165 1526 τῶν
3188 1475 3333 1543 σφῶν
3357 1469 3583 1547 φωλεῶν
3610 1467 3789 1541 ἔθνος,

2149 1564 2241 1616 καὶ
2275 1564 2488 1626 ὁποίοις
2516 1567 2631 1623 τοῖς
2677 1560 2830 1630 ἤθεσι
2876 1567 3097 1635 χρᾶται,
3150 1557 3246 1613 κᾶν
3298 1557 3592 1630 εἰρηνεύειν
3638 1556 3791 1620 θέλοι

2149 1647 2244 1703 κᾶν
2272 1651 2559 1724 μάχεσθαι.
2579 1651 2743 1704 Τόσον
2768 1650 2833 1717 ἧν
2863 1647 3067 1718 ἄδηλον
3087 1644 3190 1710 ἕως
3205 1646 3327 1701 τότε
3351 1646 3413 1702 τὸ
3436 1644 3608 1706 ἔθνος.
3642 1646 3794 1719 Παρᾶ

2148 1736 2385 1799 πολλοῖς
2416 1736 2460 1793 δ’
2490 1737 2745 1813 ἐλέγοντο
2775 1735 3157 1813 κυνοκέφαλοι,
3181 1735 3269 1789 καί
3292 1755 3355 1808 γε
3384 1731 3613 1794 διαίταις
3642 1732 3796 1787 ἀπει-

405 1821 493 1877 διᾶ
522 1821 743 1893 κήδους.
793 1824 916 1880 Ἐπὶ
972 1827 1229 1878 τοσοῦτον
1286 1823 1387 1897 γὰρ
1447 1818 1674 1900 φοϐερὸν
1729 1821 1903 1878 ἐδόκει
1951 1824 2039 1877 καὶ
2075 1866 2121 1929 Β
2152 1825 2412 1901 ρημέναις
2444 1825 2711 1895 ἠκούοντο
2763 1826 3061 1899 χρώμενοι,
3111 1823 3247 1877 ὥστε
3292 1822 3382 1876 καὶ
3432 1821 3794 1898 ἀνθρωποφα-

466 1913 476 1929 Ι
716 1913 729 1929 ἱ
821 1910 834 1929 Ί
912 1913 922 1929 1
1154 1910 1194 1929 I‘
1380 1909 1393 1927 9
1525 1916 1547 1926 υ
1669 1908 1695 1929 ο]
1896 1912 1909 1929 \
1942 1908 1965 1929 ﬂ
2214 1919 2237 1929 no
2300 1912 2313 1929 θ
2492 1914 2505 1929 Ι
2701 1920 2729 1929 Α
2804 1912 2826 1929 I‘
2854 1915 2866 1929 Ι
3006 1909 3049 1929 δῖ
3132 1913 3145 1929 1
3235 1910 3248 1929 Ἰ
3350 1910 3364 1928 ε
3440 1909 3468 1929 Π
3568 1908 3588 1929 ‘
3643 1909 3657 1929 Ι

410 1913 572 1984 μόνον
633 1913 769 1987 πρὸς
817 1910 1051 1971 ἐκείνους
1098 1910 1344 1983 πόλεμον
1376 1909 1597 1980 ἐννοεῖν,
1657 1908 1795 1965 ὥστε
1823 1912 1911 1965 καὶ
1942 1908 2047 1973 ἕως

408 2000 615 2055 ἐκείνου
691 1999 779 2054 καὶ
852 1998 1096 2073 τοῦνομα
1174 1999 1338 2072 μόνον
1411 1999 1487 2062 εἰς
1547 1994 1713 2076 φόϐον

408 2092 489 2163 [Ρ.
524 2092 615 2162 87]
648 2090 735 2143 καὶ
768 2086 1017 2144 δεδιέναι.

1796 2002 2045 2075 ἡγεῖσθαι

414 2324 485 2363 ne
531 2305 744 2361 rediret
774 2306 930 2361 unde
958 2309 1214 2372 venerat,
1247 2321 1340 2360 res
1374 2305 1681 2360 Persarum
1730 2305 1890 2360 omni
1940 2304 2052 2361 alio

412 2395 701 2451 destitutae
745 2394 1016 2466 praesidio
1061 2394 1297 2450 tandem
1347 2394 1417 2448 ad
1467 2392 1759 2448 Tocharos
1806 2392 2053 2449 inclina-

412 2489 570 2553 runt,
602 2488 722 2539 tam
768 2482 1077 2540 universali
1109 2499 1422 2544 consensu.
1458 2486 1523 2537 ut
1552 2481 1792 2553 quidam
1823 2482 1902 2538 ibi
1933 2484 2052 2554 jam

413 2576 585 2628 antea
634 2586 929 2643 segreges,
962 2587 1108 2643 quos
1160 2572 1295 2641 jure
1345 2570 1477 2642 quis
1525 2570 1776 2626 scenitas
1824 2570 2051 2640 dixerit,

412 2676 645 2732 semper
695 2659 852 2716 soliti
892 2676 926 2714 a
970 2659 1382 2715 communibus
1434 2657 1746 2713 abhorrere
1793 2657 2053 2714 consiliis

413 2754 470 2805 et
500 2765 593 2805 res
640 2747 753 2803 sibi
784 2764 924 2804 suas
954 2747 1169 2803 habere
1214 2746 1507 2817 privatim,
1541 2762 1671 2801 cum
1704 2744 1836 2800 aliis
1868 2745 2054 2801 omni-

416 2839 529 2893 bus
585 2839 793 2908 sponte
850 2834 1243 2891 subeuntibus
1293 2835 1607 2907 imperium
1657 2834 2051 2891 Tocharorum

414 2926 500 2979 illi
532 2925 632 2979 uni
663 2924 951 2995 subjicere
983 2940 1046 2978 se
1088 2923 1203 2994 ipsi
1234 2927 1592 2989 recusarent,
1626 2922 1806 2979 coacti
1839 2922 2056 2977 fuerint

414 3013 473 3067 in
520 3028 703 3078 arces,
736 3013 805 3066 de
854 3011 1070 3083 quibus
1100 3011 1378 3078 diximus,
1410 3010 1596 3066 nostri
1643 3009 1849 3064 limitis
1898 3026 2053 3065 rece-

417 3102 572 3156 dere.
602 3099 709 3155 Ubi
765 3099 908 3155 satis
939 3098 1332 3169 intelligentes
1363 3113 1424 3152 se
1455 3097 1613 3151 haud
1645 3097 1771 3153 sine
1819 3114 1925 3153 suo
1958 3114 2054 3168 pe-

418 3190 601 3245 riculo
631 3188 734 3243 tali
778 3193 1036 3257 tempore
1087 3186 1275 3257 palam
1327 3186 1461 3239 inde
1505 3184 1906 3241 ineursaturos
1941 3186 2052 3241 Ro-

418 3294 620 3333 manas
668 3280 873 3344 terras,
907 3274 1111 3329 callido
1155 3270 1397 3328 consilio
1445 3272 1764 3328 universim
1814 3273 2051 3344 quidem

417 3382 483 3422 ac
523 3364 913 3420 communiter
961 3362 1269 3417 foederatos
1319 3377 1380 3416 se
1427 3362 1763 3432 imperatori
1818 3362 2052 3432 profite-

417 3456 653 3517 bantur,
704 3450 1047 3521 singillatim
1091 3465 1223 3504 vero
1253 3449 1721 3519 grassationibus
1752 3450 2052 3506 nocturnis

417 3557 510 3597 res
561 3543 895 3595 nostrorum
945 3537 1451 3609 depraedabantur,
1494 3536 1554 3591 in
1605 3552 1717 3606 quo
1768 3537 2050 3592 damnum

418 3632 683 3685 nostrum
731 3628 884 3683 haud
928 3642 1208 3697 magnum
1259 3630 1410 3686 erat;
1457 3642 1592 3680 nam
1640 3624 1722 3679 illi
1772 3625 2053 3680 limitanei

418 3722 654 3773 strenue
710 3732 816 3788 par
872 3715 995 3787 pari
1052 3714 1368 3770 referentes
1412 3713 1792 3769 clandestinis
1840 3718 1896 3769 et
1942 3714 2054 3785 ipsi

420 3805 643 3877 rapinis
698 3804 912 3859 infidos
970 3802 1235 3873 hospites
1295 3800 1729 3858 ulciscebantur
1783 3805 1839 3857 et
1890 3801 2054 3857 facile

420 3893 639 3950 amissa
670 3892 1044 3964 reponebant.
1076 3890 1247 3947 Omni
1287 3895 1482 3945 autem
1515 3890 1738 3945 ratione
1767 3889 1878 3943 sibi
1911 3905 2054 3945 con-

417 3982 728 4037 ciliandam
770 3984 1055 4036 statuerat
1083 3978 1402 4051 imperator
1444 3982 1675 4049 gentem
1726 3977 2052 4034 Tocharum

416 4077 557 4127 tunc
586 4086 730 4125 novo
761 4069 982 4139 impetu
1028 4071 1083 4122 et
1129 4066 1388 4139 potentia
1418 4065 1775 4121 ineluctabili
1808 4071 2047 4138 motam,

348 4206 351 4209 .
419 4165 485 4214 ut
515 4159 606 4214 cui
640 4156 931 4212 hostiliter
960 4155 1309 4227 irrumpenti
1342 4154 1485 4209 nihil
1521 4158 1715 4226 posset
1746 4154 2048 4225 obsistere,

420 4265 546 4304 eam
579 4246 875 4303 beneficiis
926 4250 1386 4318 praeoccupatam
1413 4245 1485 4298 ab
1516 4245 1747 4299 infestis
1794 4246 2052 4301 consiliis

420 4338 721 4389 averteret.
754 4334 981 4388 Putavit
1032 4332 1209 4387 etiam
1251 4330 1567 4401 prudenter
1597 4333 1881 4387 utendum
1930 4334 2051 4401 illo,

419 4438 592 4493 quem
636 4421 973 4486 memoravi,
1009 4421 1258 4474 adventu
1311 4434 1615 4489 segregum
1652 4426 1959 4476 Persarum
1995 4422 2054 4475 in

422 4528 581 4566 arces
630 4510 877 4565 Romani
925 4509 1149 4563 limitis.
1198 4509 1265 4562 Et
1312 4507 1419 4561 hos
1468 4507 1623 4562 enim
1674 4509 2055 4566 blandissime

421 4602 682 4657 definivit
737 4600 945 4655 ofﬁciis
1015 4598 1470 4671 promissisque,
1530 4598 1751 4653 scilicet
1816 4616 2056 4670 sperans

421 4691 551 4745 istis
607 4706 690 4757 se,
740 4689 905 4760 quasi
956 4705 1094 4759 sepe
1138 4688 1380 4759 objecta,
1428 4688 1634 4742 mediis
1685 4704 1929 4743 usurum
1983 4690 2052 4744 ad

421 4779 731 4834 arcendam
782 4777 1170 4832 Tocharorum
1202 4777 1368 4845 :vim,
1419 4776 1467 4831 si
1516 4778 1770 4845 quando,
1824 4777 1972 4847 quod
2024 4794 2057 4831 a

423 4872 592 4940 gente
622 4866 896 4921 bellicosa
941 4866 1186 4918 barbara
1217 4865 1404 4919 timeri
1439 4865 1747 4935 prudentia
1786 4866 2052 4936 jubebat,

423 4956 636 5012 bellum
670 4972 799 5009 cum
828 4952 1105 5008 Romanis
1128 4968 1304 5022 quam
1338 4970 1534 5022 pacem
1569 4953 1821 5009 mallent.
1848 4956 2055 5010 Stude-

423 5046 520 5099 bat
550 5048 743 5097 autem
778 5043 1092 5112 imperator
1120 5040 1489 5094 vehementer
1519 5060 1693 5111 quam
1727 5044 2056 5100 arctissima

424 5131 856 5188 necessitudine
882 5130 1116 5185 fcnderis
1137 5128 1425 5183 Tocharos
1457 5129 1566 5183 sibi
1592 5131 1898 5197 devincire,
1921 5150 2057 5203 quo-

425 5223 579 5277 niam
614 5220 794 5275 armis
826 5235 959 5272 cum
990 5235 1057 5272 ea
1086 5220 1256 5287 gente
1279 5217 1584 5271 decernere
1616 5234 1733 5271 rem
1769 5220 1909 5275 adeo
1943 5226 2054 5275 ter-

424 5309 652 5365 ribilem
684 5308 946 5379 putabat,
981 5309 1045 5361 ut
1088 5322 1158 5359 ne
1201 5305 1550 5373 cogitatione
1581 5306 1817 5377 quidem
1868 5309 2054 5377 prima

422 5402 592 5453 tenus
624 5396 760 5452 belli
792 5412 925 5451 cum
957 5395 1027 5449 iis
1058 5392 1417 5463 suscipiendi
1457 5394 1811 5449 mentionem
1844 5397 2053 5451 admit-

424 5488 650 5541 tendam
685 5486 940 5540 duceret.
977 5482 1343 5551 Omninoque
1378 5482 1518 5537 adeo
1551 5482 1606 5536 id
1640 5482 1913 5555 horribile
1946 5502 2054 5556 pu—

421 5577 600 5643 tabat,
634 5578 697 5628 ut
729 5574 814 5628 vel
846 5572 967 5628 solo
1011 5570 1234 5644 prolato
1264 5570 1506 5625 istorum
1544 5571 1776 5626 nomine
1815 5589 2054 5629 causam

423 5680 483 5720 se
514 5663 729 5718 habere
779 5662 1043 5718 idoneam
1093 5661 1327 5715 duceret
1377 5664 1565 5715 metus
1615 5677 1726 5715 non
1778 5660 1967 5732 ignavi
2000 5668 2055 5717 et

2152 1919 2263 1990 γεῖν
2296 1912 2661 1970 ἐπιπεύοντο.
2695 1912 2977 1987 Θεοδώρνυ
3003 1909 3060 1966 δὲ
3087 1913 3184 1981 τὴν
3225 1910 3406 1985 ἀρχὴν
3440 1908 3797 1984 βασιλεύσαν-

2152 2024 2269 2073 τος,
2319 2001 2432 2057 ἐπεὶ
2479 2000 2731 2077 ἐλέγοντο
2778 1999 2865 2056 διὰ
2904 1998 3164 2073 Περσίδος
3208 2000 3343 2073 πρὸς
3391 1996 3594 2051 ἐκεῖνον
3640 2017 3801 2072 πρεσο

2157 2087 2424 2161 δεύεσθαι,
2457 2092 2545 2145 καὶ
2576 2091 2603 2145 ὁ
2636 2088 2799 2166 λόγος
2828 2088 3112 2160 ἀληθινὸς,
3146 2082 3312 2164 φόϐος
3348 2083 3404 2141 δὲ
3433 2085 3522 2140 καὶ
3552 2084 3795 2161 τάραχος

2162 2309 2648 2366 consternationis
2668 2323 2782 2364 non
2818 2303 3290 2378 reprehensibilis
3320 2302 3689 2375 experiundae
3724 2301 3799 2357 l‘a-

2163 2398 2482 2469 tendeque.

2162 2505 2317 2560 184
2343 2505 2431 2559 25.
2469 2506 2530 2561 Ut
2559 2519 2617 2558 se
2647 2502 2945 2557 habuerint
2975 2500 3186 2569 priores
3221 2498 3575 2568 imperatores
3602 2494 3798 2550 audita

2686 2576 2839 2645 fama
2877 2571 3262 2628 Tocharorum.

2232 2667 2300 2718 Et
2323 2662 2568 2718 antehac
2594 2662 2830 2733 quidem
2860 2660 3117 2715 Joannes
3138 2657 3348 2723 Ducas,
3373 2652 3574 2710 audita
3604 2653 3795 2710 solum

2162 2753 2397 2809 illorum
2430 2752 2605 2819 fama,
2630 2750 2881 2806 munivit
2907 2765 3069 2804 arces
3095 2748 3387 2802 frumento
3416 2748 3472 2799 et
3492 2744 3695 2799 armis.
3722 2750 3799 2799 Ac

2164 2842 2522 2896 frumentum
2546 2839 2782 2909 quidem
2806 2854 2872 2894 ea
2894 2835 3200 2907 copiaqute
3224 2832 3523 2889 sulficeret
3542 2830 3600 2885 in
3626 2846 3799 2885 usum

2162 2945 2335 2999 quam
2368 2926 2696 2998 longissimi
2728 2924 3011 2997 temporis
3042 2920 3273 2990 congeri
3297 2919 3503 2990 jussit,
3526 2918 3797 2989 obsigna-

2164 3017 2329 3087 rique
2360 3014 2593 3086 singula
2624 3014 2831 3069 horrea
2862 3011 3040 3068 bullis
3084 3009 3375 3081 plumbeis
3406 3006 3802 3063 indicantibus

2163 3109 2443 3175 quantum
2474 3105 2532 3158 in
2567 3117 2799 3175 quoque
2824 3100 3127 3156 conditum
3159 3100 3505 3153 servaretur.
3532 3100 3720 3166 Atque
3745 3099 3807 3149 ut

2084 3224 2127 3290 ο
2165 3194 2383 3252 certius
2429 3192 2478 3249 is
2508 3207 2791 3248 numerus
2832 3192 3148 3257 constaret,
3194 3188 3547 3257 praeceperat
3574 3201 3674 3240 eos
3706 3184 3804 3255 qui

2165 3284 2223 3339 id
2247 3283 2606 3337 frumentum
2628 3277 3074 3349 comportabant
3100 3290 3215 3329 non
3248 3273 3383 3328 inde
3403 3274 3473 3327 ad
3504 3273 3800 3343 proprium

2158 3373 2379 3427 vietum
2403 3384 2652 3433 sumere,
2671 3368 2770 3423 sed
2795 3366 2940 3438 ipsis
2962 3364 3198 3421 aliunde
3220 3361 3799 3433 subministrari,quo

2161 3460 2417 3527 interim,
2467 3459 2607 3513 dum
2667 3456 2718 3512 ei
2776 3452 3137 3510 convectioni
3198 3451 3490 3507 navabant
3541 3466 3800 3521 operam,

2160 3552 2550 3606 vescerentur.
2594 3552 2907 3602 Armorum
2964 3561 3098 3600 vero
3150 3543 3575 3598 redundantem
3624 3542 3798 3597 etiam

2164 3654 2474 3695 numerum
2509 3635 2899 3693 necessarium
2932 3633 3196 3705 putabat,
3219 3631 3337 3688 tale
3366 3631 3423 3686 id
3461 3646 3586 3687 esse
3616 3647 3800 3702 genus

2163 3742 2359 3783 rerum
2392 3729 2675 3792 statuens,
2709 3724 2879 3794 cujus
2911 3737 3215 3793 nunquam
3248 3718 3469 3775 affatim
3502 3719 3800 3774 utentibus

2164 3815 2260 3883 sit,
2286 3815 2501 3885 quippe
2520 3828 2768 3885 quorum
2791 3812 2969 3868 etiam
2991 3811 3133 3865 dum
3164 3807 3614 3863 innumerabilis
3644 3808 3801 3862 vide-

2162 3904 2335 3959 batur
2382 3902 2619 3958 afﬂuere
2666 3901 2854 3971 copia,
2888 3914 3041 3969 saepe
3090 3898 3149 3952 in
3202 3896 3507 3952 occasione
3558 3896 3800 3967 penuria

2162 3991 2472 4048 sentiatur.
2501 3992 2685 4055 Quare
2717 3987 2850 4043 illos
2881 3987 3095 4057 quibus
3122 3984 3503 4040 incumbebat
3522 4000 3589 4040 ex
3615 3983 3802 4040 ofﬁcio

2168 4080 2349 4152 gratis
2381 4080 2644 4150 quaedam
2677 4076 3049 4148 suppeditare
3074 4074 3363 4129 militibus
3386 4074 3569 4143 jussit
3586 4073 3803 4129 adscri-

2169 4170 2302 4224 bere
2331 4167 2608 4238 catalogis
2657 4164 3159 4236 suggerendarum
3190 4178 3221 4217 e
3252 4162 3391 4218 fisco
3424 4177 3642 4228 rerum,
3677 4165 3803 4233 post

2163 4273 2390 4313 sacram
2441 4256 2689 4320 ieonem,
2722 4269 2887 4307 arma
2937 4252 3221 4322 cujusque
3269 4250 3501 4321 generis
3532 4254 3589 4305 et
3636 4266 3798 4305 usus.

2165 4345 2341 4400 Istius
2372 4348 2489 4397 tam
2516 4350 2793 4397 accurata:
2819 4340 3169 4411 provisionis
3198 4338 3469 4409 prudenti
3494 4337 3628 4392 huic
3652 4338 3801 4410 prin-

2164 4432 2275 4503 cipi
2305 4448 2542 4486 causam
2570 4430 2815 4501 praebuit
2836 4445 3036 4483 rumor
3058 4426 3258 4498 procul
3285 4426 3520 4481 auditus
3545 4426 3802 4497 parantis

2165 4536 2470 4590 erumpere
2507 4519 2699 4591 gentis
2747 4518 3007 4572 barbarae
3059 4530 3383 4569 numerosae
3422 4514 3801 4584 vehementis,

2166 4608 2338 4663 etiam
2364 4624 2495 4663 cum
2522 4608 2781 4662 nondum
2811 4604 3235 4675 intelligeretur
3253 4602 3391 4673 quid
3417 4607 3596 4668 esset,
3620 4620 3802 4674 quan-

2164 4702 2288 4752 tum
2323 4699 2648 4767 posset,cur
2665 4694 2790 4749 suis
2812 4692 3075 4748 latibulis
3099 4691 3527 4761 exiret,quibus
3550 4696 3805 4747 uteretur

2166 4784 2447 4850 moribus,
2473 4799 2792 4854 pacemque
2826 4799 2896 4835 an
2930 4780 3148 4835 bellum
3177 4782 3565 4849 prazoptatura
3584 4780 3803 4834 videre-

2164 4877 2279 4927 tur.
2302 4873 2443 4927 Tam
2476 4871 2647 4941 vulgo
2678 4870 2833 4926 enim
2862 4868 3231 4924 increbuerat
3263 4883 3393 4921 cum
3426 4867 3665 4923 horrore
3697 4871 3804 4923 ter-

2164 4977 2409 5031 roreque
2440 4961 2509 5016 ad
2541 4960 2936 5015 Tocharorum
2992 4957 3344 5011 mentionem
3379 4955 3548 5026 quasi
3598 4956 3799 5027 panico

2164 5051 2337 5106 istius
2380 5050 2643 5118 ejusdem
2687 5064 2835 5102 caeca
2867 5045 3130 5117 quaedam
3163 5043 3450 5115 ignoratio
3483 5045 3707 5116 populi,
3739 5049 3802 5099 ut

2164 5154 2261 5193 eos
2294 5137 2554 5207 plerique
2602 5135 2829 5190 caninis
2861 5134 3151 5188 deformes
3199 5132 3491 5203 capitibus
3522 5133 3797 5198 dicerent,

2164 5224 2506 5295 passimque
2535 5224 2837 5278 audiretur
2857 5223 2927 5276 de
2954 5219 3194 5276 immani
3220 5237 3421 5275 eorum
3452 5238 3660 5292 genere
3688 5224 3798 5277 vic-

2163 5316 2280 5376 tus,
2314 5328 2377 5366 ac
2408 5313 2784 5366 crederentur
2827 5308 3105 5364 humanis
3154 5308 3431 5363 carnibus
3483 5310 3796 5381 ingluviem

2164 5398 2413 5468 explere.
2437 5402 2581 5452 Cum
2604 5413 2735 5451 vero
2762 5396 2831 5451 ad
2852 5395 3217 5450 Theodorum
3239 5392 3299 5447 in
3331 5394 3574 5465 imperio
3597 5412 3795 5450 recen-

2163 5490 2281 5540 tem
2315 5484 2645 5539 dicerentur
2674 5483 2713 5537 ii
2757 5501 2824 5539 ex
2855 5481 3089 5537 Perside
3137 5481 3361 5551 legatos
3412 5482 3640 5537 mittere
3670 5486 3793 5551 (nec

2165 5575 2318 5628 fama
2362 5573 2789 5642 mentiebatur),
2822 5586 3101 5641 magnum
3136 5568 3219 5623 illi
3250 5585 3317 5624 ea
3348 5585 3439 5625 res
3489 5575 3707 5626 metum
3738 5574 3792 5626 et

2165 5662 2656 5734 perturbationem
2685 5660 2961 5717 admovit.
2978 5659 3239 5714 Decrevit
3262 5662 3453 5713 tamen
3482 5658 3792 5731 imperator
