4182 6286
372 353 479 408 573

1442 346 1536 398 DE
1573 344 1945 400 MICHAELE
1984 339 2426 397 PALAEOLOGO
2462 341 2595 394 LIB.
2637 344 2707 394 II.

3665 336 3772 395 574

370 478 461 545 ἦν,
497 475 683 547 Ἔγνω
738 468 782 524 δ’
814 470 965 541 ὅμως
1019 469 1045 521 ὁ
1082 465 1329 541 βασιλεὺς
1384 467 1449 520 τὸ
1517 460 1742 541 φοϐερὸν
1803 460 2014 517 πλασάο
2044 464 2096 530 Α
2126 461 2195 514 Τὸ
2247 458 2303 515 δέ
2350 482 2413 533 γε
2460 467 2557 529 τῆς
2606 462 2888 535 γερουσίας
2941 462 3028 515 καὶ
3084 460 3205 514 ὅσον
3254 463 3316 527 ἦν
3345 459 3537 523 τῶνέν
3569 462 3651 532 [Ρ.
3681 463 3771 535 88]

374 583 534 638 μενος
624 559 860 619 ἐκείνους
946 555 1419 621 κατασοφίσασθαι.
1483 555 1577 606 Καὶ
1645 556 1859 626 πρῶτον
1925 552 2017 621 μὲν

380 635 825 728 προαπεστελλεν
888 644 962 706 ὡς
1013 642 1168 711 δῆθεν
1199 641 1559 718 ἀγγελοῦντας
1618 640 1707 728 ἐπί
1763 635 2023 715 Περσίδος

380 726 455 801 ὠς
510 738 594 792 ἐπ’
626 735 824 795 αὐτοὺς
873 732 1261 806 εὐτρεπίζοιτο,
1292 730 1382 785 καὶ
1442 732 1495 784 0".
1547 726 2020 803 ταχυδρομοῦντες

380 827 714 898 ἐπέμποντο.
751 821 958 883 Μισθὸς
1018 818 1062 873 δ’
1120 820 1185 887 ἦν
1241 824 1358 881 τοῖς
1414 815 1703 893 ἀγγελοῦσι
1760 814 2022 883 ταῦτα,εἷ

380 912 743 971 κινδυνεύοιεν
822 908 1153 979 ἐνιστάμενοι
1236 908 1321 960 καὶ
1397 907 1496 973 τὴν
1582 909 1688 958 τῶν
1742 902 2022 975 Ῥωμαίων

384 1005 561 1077 ἀρχὴν
611 999 977 1055 ἀνυπόστατον
1022 1001 1179 1050 πᾶσιν
1228 994 1631 1069 ὁμολογοῦντες
1688 988 1878 1060 ἔθνεσι,
1930 989 2024 1045 δα-

384 1091 524 1164 ψιλῆ
582 1090 792 1147 τέκνοις
851 1084 1125 1160 σφετέροις
1184 1083 1271 1136 καὶ
1318 1083 1520 1155 γυναιξὶ
1566 1081 1861 1155 σιτηρὲσια.
1896 1080 2023 1133 Εἶτα

385 1178 442 1234 δὲ
471 1183 586 1237 τοῖς
636 1169 890 1251 πρέσϐεσι
940 1168 1362 1246 προσελαύνουσι
1415 1170 1635 1241 πέμψας
1691 1168 1814 1227 τοὺς
1865 1167 2018 1221 ὑπαν-

382 1270 648 1336 τήσοντας
709 1265 782 1323 ὠς
833 1259 987 1329 δῆθεν
1037 1259 1124 1312 καὶ
1175 1257 1318 1331 σφίσι
1362 1257 1456 1317 τὰς
1508 1254 1665 1317 ὁδοὺς
1726 1254 2017 1328 ὁδηγῆσαι,

381 1352 449 1409 δι’
480 1353 561 1406 ὅτι
613 1349 912 1423 δυσχώρων
969 1344 1278 1417 ἐξεπίτηδες
1327 1346 1508 1399 τόπων
1564 1343 1797 1405 ἐκείνους
1852 1338 2022 1396 διαϐι-

382 1436 563 1508 ϐάζειν
614 1438 964 1511 προσέταττε,
998 1433 1091 1487 κᾶν
1149 1454 1231 1496 τις
1283 1432 1591 1487 ἀποκναίων
1643 1430 1864 1505 ἐρωτῴη
1922 1432 2020 1497 τήν

378 1522 890 1602 δυσχωρίαν,οὕτω
950 1526 1119 1575 πᾶσαν
1182 1518 1327 1594 ἔχειν
1388 1523 1485 1587 τήν
1565 1526 1665 1587 τῆς
1720 1516 2020 1591 Ῥωμαίδος

371 1623 469 1692 γῆν
521 1614 933 1686 ἀποκρίνεσθαι,
968 1609 1041 1670 ὡς
1102 1609 1335 1680 ἑτοίμως
1385 1608 1623 1682 ἐχόντων
1661 1612 1738 1678 τῷ
1773 1609 1847 1679 μὴ
1882 1604 2019 1660 εἰδὲ-

374 1726 460 1760 ναι
516 1701 812 1758 πιστεύειν.
869 1699 1018 1755 Ἑπεὶ
1076 1695 1132 1751 δὲ
1177 1698 1265 1752 καὶ
1331 1698 1467 1770 πρὸς
1544 1694 1767 1771 βασιλέα
1836 1694 2021 1749 πολλὰ

2128 547 2275 603 τὲλει
2305 550 2393 603 καὶ
2426 554 2502 620 τῷ
2541 548 2756 623 βασιλεῖ
2804 548 2942 622 πρὸς
2994 548 3246 622 αἳματος,
3280 549 3477 611 πάντας
3524 550 3657 621 ’πρὸς
3713 551 3773 604 τὸ

2136 636 2551 711 μεγαλειὸτερον
2604 637 3022 710 ἐσκευασμένους
3090 640 3176 692 καὶ
3235 638 3459 701 στολαῖς
3525 638 3612 693 καὶ
3662 660 3773 711 γεν-

2130 726 2263 797 ναίῳ
2309 733 2406 794 τῆς
2455 730 2643 801 ψυχῆς
2692 730 3096 799 παραστήματι,
3142 728 3214 787 ὡς
3265 727 3453 781 αὐτίκα
3499 727 3590 780 τὸν
3636 730 3771 782 κατὰ

2130 811 2299 875 πόδας
2360 813 2715 884 λαπάξοντας,
2747 812 3018 877 πολλάκις
3068 813 3302 875 διιόντας
3351 814 3402 884 ἐξ
3454 814 3670 889 ἀφανῶν
3716 814 3767 876 ἐς

2129 904 2291 957 ταυτὸ
2352 902 2802 974 ξυμπίπτειν,ὠς
2858 902 2983 964 τοὺς
3042 902 3240 964 αὐτοὺς
3320 904 3413 975 μὲν
3475 904 3602 957 εἶναι
3654 910 3771 964 ταῖς

2130 990 2434 1061 ἀληθείαις,
2468 989 2642 1046 δοκεῖν
2677 990 2721 1045 δ’
2752 989 2956 1053 ἄλλους
2989 991 3077 1045 καὶ
3113 989 3318 1052 ἄλλους
3369 990 3460 1045 καὶ
3498 992 3771 1064 μηδέποτε

2129 1079 2255 1140 τοὺς
2333 1079 2551 1148 αὐτοὺς,
2607 1080 2807 1153 τρόπον
2889 1078 3237 1134 δακτυλιδίου
3314 1078 3610 1153 σφενδόνην
3692 1083 3768 1151 μὴ

2132 1166 2379 1243 ἔχοντος,
2412 1165 2475 1235 ἤν
2510 1189 2592 1229 τις
2619 1167 2876 1241 βούλοιτο
2910 1166 2991 1221 ἐπ’
3023 1167 3226 1222 ἐκείνου
3280 1169 3341 1221 τὸ
3386 1168 3646 1241 πρότερον
3679 1170 3765 1221 καὶ

2128 1257 2189 1310 τὸ
2240 1255 2456 1331 ὕστερον
2510 1256 2854 1330 οεωρεῖν,ὠς
2896 1255 2957 1310 τὸ
3008 1256 3135 1310 αὐτὸ
3183 1257 3275 1328 μὶν
3310 1253 3582 1318 πολλᾶκις
3627 1256 3767 1329 λαμ-

2131 1339 2426 1416 ϐανόμενον
2484 1347 2643 1413 εἶναι,
2705 1343 2880 1399 δοκεῖν
2934 1343 2980 1399 δ’
3036 1342 3219 1416 ἕτερον
3291 1344 3361 1418 τῇ
3430 1342 3745 1419 μεταλλαγῇ

2129 1433 2299 1488 Αὐτὸν
2338 1431 2393 1486 δέ
2428 1433 2723 1506 βασιλικῶς
2781 1432 3124 1505 ἐσταλμένον,
3165 1433 3333 1504 μηδὲν
3366 1434 3471 1487 τῶν
3522 1428 3767 1511 φοϐερῶν

2129 1518 2473 1587 ἐλλείποντα,
2502 1519 2610 1575 ἅνω
2641 1541 2746 1574 που
2786 1523 3051 1590 καθῆσθαι
3100 1519 3308 1590 σπᾶθην
3360 1520 3590 1595 φέροντα
3645 1527 3763 1583 ταῖς

2129 1609 2309 1683 χερσὶ,
2361 1608 2557 1683 βήλοις
2602 1630 2661 1663 τι
2708 1605 3033 1664 πολυτελέσι
3084 1604 3620 1683 περικεκλεισμὲνον,
3676 1608 3769 1665 ὄλ-

2131 1695 2243 1751 λων
2288 1697 2375 1751 καὶ
2430 1699 2606 1751 αὐτῶν
2654 1694 2900 1775 φοϐερῶν
2952 1692 3402 1773 περιισταμένων,
3435 1698 3633 1751 ἱκανῶν
3685 1693 3769 1751 ὄν-

370 1793 693 1851 πονέσαντες
771 1788 1193 1862 παραγένοιντος
1276 1783 1472 1853 τηνίκα
1546 1784 1633 1838 καὶ
1710 1781 1833 1837 ἄλλ’
1893 1782 2020 1837 ἅττα
2052 1803 2099 1868 Β
2127 1807 2233 1840 των
2268 1784 2355 1839 καὶ
2386 1785 2592 1839 τούτων
2624 1785 2961 1855 καταπλῆξαι
2992 1788 3083 1840 τὸν
3140 1788 3350 1859 ὁρῶντα
3378 1787 3495 1840 καθ’
3520 1784 3765 1846 ἑαυτοὺς.

376 1876 582 1959 φοϐερά
611 1876 826 1933 ὑπενόει
861 1876 935 1937 ὡς
984 1872 1173 1928 αὐτίκα
1214 1872 1304 1927 καὶ
1354 1871 1413 1926 ἐκ
1457 1878 1555 1940 τῆς
1585 1872 1707 1935 θέας
1737 1866 2014 1948 φοϐήσων.

374 1970 660 2023 Ἐπέταττε
718 1964 821 2039 γὰρ
880 1965 977 2024 τὰς
1033 1960 1287 2033 δυνάμεις
1352 1960 1401 2014 ἐν
1464 1959 1644 2031 ταυτῷ
1721 1959 2016 2031 συνελθεῖνς

381 2057 470 2111 καὶ
500 2053 853 2114 ὁπλισθέντας
898 2052 1036 2105 κατά
1087 2052 1327 2127 φρήτρας
1374 2048 1462 2102 καὶ
1516 2046 1660 2123 φῦλα
1702 2048 1791 2102 καὶ
1821 2048 2016 2119 τάξεις,

379 2145 431 2199 ἐν
484 2148 674 2204 ποσοῖς
731 2161 841 2196 τισι
893 2160 1000 2193 των
1061 2135 1202 2191 ὁδῶν
1270 2136 1627 2209 διαστήμασιν
1703 2136 2019 2207 ἱσταμένους

378 2234 784 2309 καταφράκτους
818 2224 1047 2298 σιδήρῳ,
1080 2220 1246 2301 φόϐον
1280 2226 1417 2279 κατὰ
1464 2221 1685 2285 παιδιὰς
1746 2223 2014 2295 ἐμποιεῖν.

384 2418 753 2479 dissimulata
802 2416 1106 2473 formidine
1158 2416 1313 2487 ipsos
1363 2414 1581 2470 fallere.
1635 2416 1710 2469 Ac
1764 2414 2019 2485 primum

388 2510 551 2565 misit
591 2512 772 2562 certos
804 2505 1068 2561 homines
1100 2505 1201 2575 qui
1233 2504 1575 2559 nuntiarent
1619 2502 1677 2557 in
1725 2504 2021 2558 Persidem

388 2598 779 2654 Romanorum
810 2595 1216 2666 imperatorem
1250 2608 1591 2663 comparare
1630 2592 1777 2647 1³5
1817 2592 1914 2646 sed
1951 2592 2020 2646 ad

391 2684 739 2742 movendum
759 2682 815 2735 in
838 2698 937 2737 eos
957 2681 1187 2735 infestis
1211 2678 1417 2751 signis.
1444 2679 1511 2733 Hi
1545 2678 1643 2733 alii
1677 2694 1851 2749 super
1876 2678 2022 2734 alios

386 2773 541 2829 varie
573 2771 950 2827 mittebantur
975 2785 1152 2839 quam
1172 2767 1557 2835 velocissime,
1578 2782 1709 2820 cum
1731 2766 2023 2820 mandatis

394 2874 741 2931 magnopere
754 2856 1067 2912 extollendi
1086 2854 1330 2910 Romani
1355 2854 1585 2925 imperii
1613 2851 2026 2924 potentiam,ut

390 2950 657 3005 resistere
680 2944 843 3000 nulla
867 2943 1135 3015 quamvis
1164 2944 1281 2997 fera
1303 2946 1359 2997 et
1381 2958 1695 2997 numerosa
1725 2956 1867 3011 gens
1891 2957 2023 3011 pos-

384 3037 481 3102 sit,
515 3037 574 3090 in
596 3050 779 3105 eaque
798 3028 1187 3087 affirmatione
1213 3045 1386 3099 quam
1408 3029 1813 3083 efficacissime
1838 3028 2022 3082 incul-

383 3121 928 3186 candainsistendi,
974 3119 1164 3190 quoad
1208 3118 1381 3171 fidem
1429 3117 1701 3172 facerent.
1735 3117 1915 3187 Cujus
1940 3115 2019 3170 rei

383 3212 639 3285 periculo
674 3228 745 3265 ne
776 3211 1227 3274 deterrerentur,
1253 3207 1550 3277 provisum
1574 3208 1698 3259 erat
1729 3205 2021 3275 magnitu-

385 3302 517 3357 dine
541 3300 839 3373 promissaa
857 3293 1912 3365 mercedis.Constituebanturquippe
1933 3294 2023 3348 bis

387 3392 483 3463 qui
513 3391 689 3446 istam
723 3404 959 3460 operam
992 3385 1323 3457 reipublicae
1358 3385 1653 3442 navabant
1687 3382 1885 3454 ampla
1934 3383 2027 3436 de-

390 3495 588 3534 mensa
617 3482 670 3533 et
703 3475 935 3549 publico
963 3479 1019 3530 et
1039 3477 1203 3529 stata:
1228 3477 1620 3543 perpetuoque
1642 3471 1936 3525 duratura:
1967 3470 2024 3523 in

392 3568 667 3624 alimenta
699 3565 1033 3639 pensiones,
1069 3563 1285 3633 quibus
1317 3563 1363 3616 si
1398 3561 1534 3631 quid
1570 3560 1937 3623 humanitus,
1963 3563 2027 3613 ut

388 3659 445 3713 in
475 3656 800 3728 periculoso
829 3653 1176 3721 ministerio,
1220 3650 1339 3723 pati
1372 3650 1736 3721 contingeret
1782 3666 1880 3704 eos
1926 3648 2023 3719 qui

391 3746 746 3809 meruerant,
781 3757 988 3796 uxores
1039 3740 1298 3809 ipsorum
1342 3737 1627 3807 liberique
1673 3736 2023 3790 fruerentur.

392 3830 548 3885 Alios
575 3829 748 3884 etiam
773 3825 1085 3882 destinavit
1118 3825 1175 3879 in
1217 3840 1531 3880 occursum
1563 3822 1890 3893 legatorum
1925 3824 2025 3893 qui

390 3920 784 3974 monstrarent
814 3916 925 3970 iter
977 3931 989 3967 :
1040 3914 1139 3968 sed
1187 3912 1279 3967 his
1325 3912 1598 3983 praecepit
1624 3916 1685 3967 ut
1716 3928 1812 3967 eos
1846 3912 1914 3966 de
1944 3912 2028 3967 in-

389 4008 619 4063 dustria
648 4024 749 4078 per
781 4006 903 4061 loca
936 4004 1187 4059 maxime
1210 4017 1411 4073 aspera
1432 4001 1703 4071 inviaque
1726 4002 2025 4073 ducerent,

390 4100 733 4152 excusantes
758 4094 861 4150 soli
892 4098 1158 4147 naturam
1184 4096 1238 4145 et
1256 4089 1659 4145 difficultatem
1684 4089 2026 4149 situs.inde-

393 4204 507 4259 que
537 4189 767 4256 captata
799 4183 1100 4238 occasione
1132 4181 1613 4235 commendantes
1646 4179 1801 4235 istud
1832 4180 2025 4251 ipsum

393 4275 539 4347 ipsis
559 4272 835 4329 cxibitum
873 4270 1130 4325 officium
1163 4274 1441 4339 tanquam
1484 4268 2027 4339 videlicetimpera-

392 4371 482 4419 tor
513 4363 710 4418 audito
750 4360 985 4415 illorum
1017 4359 1288 4424 adventu,
1322 4362 1377 4413 et
1406 4358 1675 4413 conscius
1696 4357 2028 4429 asperitatis

395 4452 689 4518 itinerum,
717 4449 899 4503 multa
920 4446 1276 4518 benignitate
1302 4446 1500 4501 obvios
1524 4448 1630 4501 ded
1644 4452 1867 4501 uctores
1888 4445 2025 4498 via:-

2131 1874 2271 1928 οῧτω
2296 1878 2469 1927 ποιεῖν
2505 1873 2863 1947 χρηματίζειν
2923 1878 3038 1933 τοῖς
3096 1869 3370 1945 πρέσϐεσι,
3406 1874 3610 1948 μακρὰν
3673 1874 3766 1946 μὶν

2130 1958 2459 2033 ἱσταμένοις,
2501 1962 2623 2015 ὅσον
2686 1960 2913 2029 εἰκάζειν
2961 1962 3051 2015 τὸν
3107 1957 3334 2036 βασιλέα
3381 1961 3472 2015 καὶ
3521 1962 3647 2034 ὁρᾷν
3700 1964 3768 2016 τὰ

2132 2048 2400 2123 δρώμενα,
2430 2048 2677 2125 ἐξαίφνης
2732 2047 2779 2103 δ’
2828 2048 2880 2119 ἐξ
2925 2046 3133 2118 ἀδήλου
3178 2053 3285 2103 τῶν
3334 2050 3767 2124 παραπετασμά-

2128 2158 2234 2191 των
2296 2131 2711 2211 διανοιχθέντων
2764 2135 2936 2197 οὕτως
2997 2135 3294 2211 ἐηενὲσθαι
3354 2137 3498 2211 σφίσι
3546 2133 3765 2211 βλέπειν

2127 2227 2218 2280 τὸν
2282 2223 2505 2299 βασιλέα
2554 2225 2640 2280 ἐπὶ
2698 2230 2793 2279 τοῦ
2854 2226 3048 2299 θρόνου
3109 2223 3256 2297 μάλα
3316 2220 3768 2300 σοϐαρευόμενον,

2131 2416 2302 2486 plane
2340 2416 2679 2483 terrificam,
2734 2431 2979 2487 quaeque
3028 2416 3189 2487 ipsos
3237 2415 3560 2485 quamlibet
3615 2418 3768 2473 feros

2135 2504 2320 2575 primo
2345 2508 2579 2574 aspectu
2605 2503 2959 2571 percelleret.
2983 2508 3336 2573 Praaceperat
3358 2503 3513 2558 enim
3552 2505 3767 2559 exerci-

2131 2595 2256 2646 tum
2282 2591 2585 2647 convenire
2608 2591 2972 2659 universum,
3006 2608 3327 2663 omnesque
3352 2591 3565 2647 milites
3587 2608 3771 2647 arma-

2134 2685 2226 2736 tos
2264 2697 2366 2751 per
2407 2681 2759 2751 manipulos,
2801 2682 3094 2749 cohortes,
3126 2680 3407 2753 legiones,
3443 2682 3684 2737 structis
3714 2686 3769 2738 et

2137 2768 2379 2839 digestis
2410 2768 2733 2833 ordinibus,
2759 2770 2827 2823 ad
2849 2773 3005 2824 certa
3032 2769 3257 2824 viarum
3303 2770 3609 2825 intervalla
3647 2775 3766 2826 sta-

2133 2856 2392 2911 tionibus
2426 2857 2750 2927 descriptis,
2793 2874 3072 2929 apparere
3098 2858 3502 2929 cataphractos
3526 2863 3583 2914 et
3612 2864 3767 2915 totos

2136 2946 2392 3016 rigentes
2417 2946 2587 3014 ferro,
2622 2947 2865 3017 insuper
2882 2946 3134 3002 monitos
3166 2951 3232 3003 ut
3258 2952 3442 3003 artem
3492 2948 3773 3003 adderent

2139 3034 2388 3105 negotio,
2418 3034 2826 3106 efferandaque
2866 3035 2999 3090 daia
3028 3052 3203 3107 opera
3236 3037 3609 3091 contumacia
3628 3054 3769 3107 qua-

2134 3122 2264 3176 dam
2286 3122 2402 3177 oris
2434 3139 2498 3177 ac
2529 3122 2977 3194 superciliorum
3010 3123 3183 3177 minis
3215 3124 3383 3195 quasi
3425 3139 3526 3195 per
3557 3122 3763 3178 ludum

2137 3212 2513 3268 formidinem
2542 3214 3163 3283 augerent.Senatores
3190 3230 3422 3285 quoque
3440 3220 3675 3269 cunctos
3702 3230 3768 3268 ac

2133 3302 2422 3369 quotquot
2444 3301 2479 3353 1
2496 3300 2596 3355 86
2620 3301 2676 3354 in
2705 3301 2996 3371 praecipua
3019 3302 3306 3373 dignitate
3339 3306 3505 3356 erant
3525 3318 3765 3372 praeser-

2134 3389 2239 3443 tim
2266 3388 2601 3458 imperatori
2626 3388 2933 3460 sanguinis
2957 3390 3271 3461 principes,
3304 3391 3559 3461 jusserat
3590 3406 3766 3461 quam

2137 3475 2444 3545 magnifice
2471 3493 2535 3531 ac
2566 3477 3001 3548 speciosissime
3028 3479 3271 3534 vestitos
3303 3478 3610 3550 perculiari
3633 3495 3773 3534 cura

2137 3564 2506 3632 majestatem
2540 3580 2605 3617 ac
2621 3565 2835 3619 fastum
2856 3566 3147 3634 affectare,
3171 3567 3287 3621 imo
3310 3567 3571 3621 trucibus
3586 3566 3768 3622 oculis

2136 3651 2415 3723 vultuque
2437 3650 2586 3705 irato
2612 3652 2764 3707 feros
2795 3653 3041 3725 spiritus
3066 3671 3179 3725 pra:
3205 3671 3265 3709 se
3291 3655 3439 3709 ferre
3459 3655 3616 3709 velut
3637 3672 3769 3709 mox

2137 3740 2464 3797 obtrituros
2529 3755 2941 3811 quemcunque
2972 3746 3397 3809 occurrentem,
3431 3742 3632 3814 sicque
3690 3742 3773 3797 ire

2140 3829 2441 3899 redireque
2456 3828 2994 3899 saepius,ostentare
3026 3844 3086 3883 se
3104 3845 3426 3901 rursusque
3454 3830 3766 3896 occultare,

2136 3919 2457 3989 statimque
2488 3918 2677 3973 denuo
2717 3916 2955 3987 intrare,
2982 3922 3045 3972 ut
3068 3918 3164 3973 alii
3189 3919 3401 3988 aliique
3435 3921 3769 3975 viderentur

2136 4013 2193 4063 et
2215 4024 2495 4063 numerus
2516 4007 2571 4061 in
2603 4007 2856 4077 speciem
2882 4012 3182 4063 cresceret.
3218 4008 3379 4062 Sicut
3400 4008 3553 4063 enim
3580 4024 3763 4062 annu-

2140 4101 2257 4151 lum
2293 4095 2425 4167 pala
2447 4100 2737 4150 carentem
2760 4096 2857 4167 qui
2878 4098 3131 4151 secundo
3151 4096 3311 4150 videt
3328 4096 3491 4151 facile
3518 4096 3766 4152 alterum

2138 4183 2340 4251 credit,
2374 4182 2589 4253 quippe
2631 4199 2743 4236 non
2778 4182 3084 4237 habentem
3120 4199 3232 4253 quo
3264 4183 3633 4239 discernatur
3665 4186 3767 4236 aut

2139 4271 2293 4325 unde
2341 4270 2568 4339 judicet
2634 4274 2925 4341 spectator
2955 4270 3224 4324 eumdem
3276 4287 3458 4324 unum
3517 4271 3772 4326 secundo

2138 4360 2378 4414 tertiove
2409 4359 2585 4428 sumi,
2621 4375 2801 4429 quare
2832 4359 2915 4412 illi
2941 4358 3105 4413 facile
3137 4360 3524 4430 persuadetur
3555 4360 3769 4415 multos

2137 4465 2263 4506 esse
2296 4450 2465 4520 plane
2509 4447 2730 4502 similes
2773 4448 2885 4502 sibi
2934 4449 3333 4515 succedentes,
3384 4447 3465 4503 ita
3514 4466 3765 4520 pronum

399 4555 509 4612 que
532 4516 755 4593 indices
775 4535 1018 4591 miserit.
1039 4516 1550 4605 Admonueratque
1574 4540 1637 4588 ut
1659 4535 1705 4589 si
1726 4533 1857 4603 quis
1879 4532 2024 4587 forte
2058 4516 2104 4578 Ι)
2135 4541 2257 4593 erat
2278 4516 2503 4592 exteros
2533 4535 2848 4589 intrantem
2883 4534 2941 4587 in
2975 4533 3169 4589 aulam
3214 4516 3663 4605 ofl'erentsmque
3706 4552 3767 4591 se

397 4632 715 4700 legatorum
739 4626 889 4681 inter
907 4639 1055 4695 aegre
1082 4624 1413 4693 superanda
1439 4623 1757 4694 prtecipitia
1797 4622 2029 4692 rupium

393 4724 450 4773 et
480 4717 739 4773 saltuum
762 4713 1033 4786 perplexa
1053 4713 1312 4768 offensus
1332 4716 1792 4783 percontaretur,
1828 4711 2028 4781 ecquis

394 4806 481 4861 vel
531 4805 700 4875 longo
743 4803 992 4859 circuitu
1046 4802 1223 4873 quaeri
1276 4804 1469 4873 posset
1498 4800 1634 4854 alibi
1668 4802 2029 4854 commodior

395 4895 1040 4963 transitus,constantes
1064 4894 1911 4960 concordesqueasseverarent
1928 4906 2029 4943 nu-

396 4981 937 5055 squamquidquam
968 4978 1333 5035 tolerabilius
1365 4979 1719 5047 sperandum
1766 4994 1778 5031 :
1813 4978 2028 5048 ubique

394 5073 551 5128 enim
602 5069 874 5125 similiter
899 5072 1248 5139 praeruptam
1304 5067 1764 5138 impeditamque
1813 5070 2025 5121 terram

394 5161 717 5216 Romanam
774 5173 920 5219 esse,
985 5156 1091 5210 hoc
1146 5156 1437 5226 siquidem
1493 5155 1658 5211 facile
1706 5156 2026 5209 credituros

393 5248 668 5303 audacter
695 5243 985 5315 indigenis
1017 5242 1447 5297 affirmantibus
1485 5259 1723 5313 peregre
1747 5243 2026 5313 appulsos

398 5337 675 5394 barbaros
697 5335 768 5389 ob
796 5333 1183 5388 necessariam
1204 5332 1623 5403 ignorationem
1650 5336 1766 5386 tam
1790 5331 2025 5401 longin-

392 5442 522 5492 quae
560 5422 831 5493 regionis.
857 5421 1333 5489 Quandocumque
1372 5425 1565 5475 autem
1615 5426 1743 5490 post
1775 5419 2024 5473 multum

400 5512 653 5581 denique
684 5510 938 5565 laborem
967 5509 1037 5562 ad
1079 5508 1489 5579 imperatorem
1514 5508 1899 5578 pervenirent,
1932 5525 2026 5561 exc

395 5599 748 5671 cogitaverat
809 5595 1044 5649 modum
1100 5596 1429 5665 objectandi
1488 5596 1570 5650 eis
1622 5596 1738 5651 illic
1791 5612 2025 5650 scenam

2137 4626 2385 4681 subinde
2429 4628 2756 4679 senatorem
2806 4626 2909 4676 aut
2956 4622 3280 4692 principem
3331 4624 3603 4678 eumdem
3662 4642 3764 4694 pro

2134 4710 2377 4767 diversis
2410 4724 2657 4763 sumere.
2694 4709 2865 4763 Porro
2914 4708 3039 4778 ipse
3087 4708 3477 4779 imperatoriis
3508 4710 3768 4766 vestibus

2137 4800 2385 4856 maxime
2418 4798 2686 4868 augustis
2718 4796 3196 4867 splendidissime
3228 4802 3470 4854 ornatus
3497 4799 3769 4869 praecelsa

2135 4889 2397 4943 residens
2429 4886 2593 4955 solio,
2628 4885 2933 4940 minaciter
2962 4886 3230 4957 supinus,
3259 4887 3420 4942 vultu
3474 4904 3540 4944 ac
3585 4891 3767 4943 fronte

2135 4992 2415 5031 terrorem
2444 4974 2828 5045 spirantibus,
2860 4991 3058 5029 ensem
3111 4975 3443 5031 districtum
3473 4994 3650 5032 manu
3683 4976 3764 5031 vi-

2136 5068 2309 5121 brans
2342 5065 2556 5119 latebat
2579 5065 2729 5119 intra
2756 5070 2981 5134 septum
3007 5064 3147 5119 velis
3172 5066 3428 5137 undique
3467 5066 3768 5137 pretiosis-

2136 5156 2301 5210 simis
2324 5155 2599 5226 oppansis
2624 5154 2906 5217 clausum,
2928 5171 3038 5207 non
3073 5155 3268 5209 statim
3289 5159 3641 5226 conspicuus
3666 5156 3766 5209 ad-

2139 5244 2441 5298 mittendis
2464 5244 2517 5297 in
2536 5242 2751 5305 aulam,
2770 5260 2894 5313 quae
2917 5242 3048 5296 aliis
3070 5244 3225 5298 varie
3247 5245 3436 5298 cincta
3476 5244 3764 5299 terriculis

2139 5334 2287 5387 haud
2316 5334 2493 5387 dubia
2519 5332 2826 5387 formidine
2860 5333 3164 5403 perfusum
3190 5333 3765 5403 eratquantumlibet

2138 5428 2503 5478 constantem
2563 5423 2959 5492 audacemque
3004 5426 3407 5491 spectatorem.
3442 5422 3767 5477 Traductos

2142 5529 2242 5581 per
2266 5512 2434 5565 istam
2462 5516 2745 5565 terrorum
2777 5527 3045 5581 pompam
3075 5510 3127 5563 in
3156 5510 3278 5580 ipso
3307 5516 3620 5581 conspectu
3653 5510 3762 5565 veli

2139 5600 2413 5655 thronum
2448 5601 2669 5673 regium
2720 5599 2968 5672 tegentis
3018 5616 3180 5653 mora
3215 5598 3576 5671 longiuscule
3616 5601 3765 5656 dcti-
