4154 6286
443 374 554 436 575

1743 386 2043 442 GEORGII
2080 386 2539 442 PACHYMERB

3720 388 3832 444 576

445 502 604 579 ὀλίγα
630 524 688 558 τε
714 501 882 558 εἰπεῖν
909 502 997 559 καὶ
1049 504 1272 559 ἀκοῦσαι
1333 504 1839 581 μεταξυλογούντων
1891 512 2077 581 τινῶν,
2110 508 2161 575 Α
2192 507 2325 561 σάτα
2355 504 2611 579 λαϐόντα,
2643 508 2966 583 προσέταττε
3010 510 3100 564 τὸν
3134 508 3378 581 πόλεμον
3425 510 3559 583 πρὸς
3618 508 3825 565 ἐκεῖνον

441 589 648 670 φοϐερά
695 592 752 649 δὲ
798 594 886 648 καὶ
935 598 1101 649 ταῦτα
1149 593 1432 664 δοκοῦντα,
1468 597 1540 658 ὡς
1594 588 1757 670 μόνον
1810 598 2078 673 λεγόμενα

440 682 803 754 καταπλῆξαι.
862 684 959 737 Καὶ
1022 683 1192 745 οὕτως
1250 683 1334 738 ἐπ’
1390 684 1575 759 ὀλίγον
1636 684 2079 759 ἀφοσιωσάμενον

438 771 532 825 τὸν
600 772 1014 846 χρηματισμὸν,
1066 773 1379 844 ἀποπέμπει
1432 771 1520 827 διὰ
1574 778 1682 828 τῶν
1750 773 1925 828 αὐτῶν
1986 773 2075 828 καὶ

439 859 605 915 πάλιν
664 857 989 935 δυσχωριῶν
1047 865 1162 924 τοῖς
1219 858 1446 935 ὁδηγοῖς
1504 862 1961 938 ἐπαναγομένους.
1996 862 2078 920 Τὰ

436 955 570 1026 γοῦν
618 950 854 1026 πρότερα
898 952 1049 1006 ταῦτ’
1098 954 1252 1021 ἦσαν,
1298 952 1387 1006 καὶ
1446 951 1585 1006 οὕτω
1656 951 1898 1016 δεδιότας
1958 955 2075 1024 ξυν-

436 1034 643 1093 έϐαινεν
692 1034 1002 1117 ἀντιφοϐεῖν
1051 1039 1108 1093 ἐκ
1157 1037 1416 1101 συνέσεως
1452 1057 1465 1071 ⁸
1499 1041 1619 1096 τότε
1646 1038 1691 1095 δ’
1721 1040 1947 1113 ὁμαλῶς
1985 1044 2075 1095 καὶ

431 1128 613 1197 ἠπίως
642 1128 777 1182 πάνυ
808 1128 1128 1204 ἐπεχείρουν
1158 1124 1539 1201 πρεσϐεύεσθαι
1579 1131 1671 1202 μὲν
1705 1129 1786 1183 ἐπ’
1817 1129 2075 1200 ἐκείνους,

434 1215 633 1280 ἐκεῖθεν
667 1214 723 1271 δὲ
750 1213 1003 1291 πρέσϐεις
1037 1214 1307 1292 δέχεσθαι,
1334 1219 1410 1279 ὼς
1429 1216 1620 1273 αὐτίκα
1650 1218 1735 1272 καὶ
1768 1220 1902 1273 κατά
1931 1216 2073 1288 κήδη

436 1302 748 1359 σπένδεσθαι
785 1304 1030 1377 μελετᾷν.

437 1417 536 1475 κς’.
570 1411 698 1485 Περὶ
751 1414 886 1488 τῶνη
908 1411 1061 1488 κατὰΔ
1090 1410 1236 1465 δύσιν
1273 1412 1403 1488 ’.καὶ
1454 1411 1601 1488 ὅπως
1652 1417 1859 1488 Καῖσαρ
1910 1433 2077 1487 προσ-

827 1477 1016 1537 έϐαλεν
1044 1482 1103 1538 ἐκ
1131 1481 1373 1557 παρόδου
1399 1488 1466 1557 τῇ
1492 1484 1674 1539 πόλει.

502 1569 661 1627 Οὕτω
719 1569 777 1626 δὲ
822 1576 932 1625 τῶν
980 1577 1084 1640 τῆς
1129 1570 1401 1641 ἀνατολῆς
1438 1577 1616 1646 μερῶν
1662 1574 2072 1646 κρατυνομένων

428 1662 515 1714 καὶ
567 1662 687 1715 κατ’
715 1658 942 1723 ἐλπίδας
992 1662 1212 1734 ἀγαθὰς,
1259 1660 1543 1729 ὅντως),τὰ
1581 1664 1717 1717 κατά
1777 1660 1926 1717 δύσιν
1982 1664 2073 1717 καὶ

428 1747 579 1810 αὖθις
613 1747 928 1821 έκύμαινον.
961 1751 1023 1806 Ὀ
1051 1752 1151 1825 γὰρ
1185 1748 1451 1820 δεσπότης
1490 1751 1722 1825 Μιχαὴλ
1755 1753 1837 1823 [Ρ.
1868 1753 1959 1823 891
1995 1752 2068 1823 μή

2186 596 2425 672 ἐκφέρειν
2462 617 2473 629 ·
2509 597 2624 653 ἐπεὶ
2656 595 2712 653 δὲ
2741 600 2827 653 καὶ
2863 601 2914 653 οἱ
2947 600 3051 654 ἀπὸ
3098 606 3198 667 τῆς
3245 596 3539 667 Σικελικῆς
3590 599 3832 675 ῥηγικῆς

2188 685 2425 757 ἐξουσίας
2457 685 2642 741 πολλά
2672 691 2778 741 τῶν
2807 687 3091 763 Ἱλλυριῶν
3141 689 3231 742 καὶ
3277 694 3378 755 τῆς
3420 688 3541 751 νέας
3572 687 3834 763 Ἠπείρου

2186 775 2753 850 προσεσφετερίσαντο,
2796 777 2999 849 πέμπει
3045 776 3259 831 κάκεῖσε
3306 775 3433 837 τοὺς
3484 777 3831 849 ἀντιταξομέ-

2184 883 2326 925 νους.
2344 865 2448 919 Καὶ
2477 863 2542 933 δὴ
2565 871 2645 937 τῷ
2665 864 2891 940 Καίσαρι
2926 866 3151 938 Ἀλεξίῳ
3181 868 3240 920 τὸ
3265 867 3526 929 Σκυθικὸν
3552 864 3832 941 παραδοὺς

2186 954 2279 1006 σὺν
2312 953 2373 1007 ού
2402 952 2638 1016 πολλοῖς
2671 954 2866 1019 ἄλλοις
2894 958 3112 1030 πρῶτον
3143 956 3278 1030 πρὸς
3325 956 3535 1028 Θρᾴκην
3586 954 3832 1029 ἐξώρμα,

2183 1044 2250 1095 τά
2298 1043 2433 1096 κατά
2479 1044 2577 1110 τήν
2607 1041 2925 1118 Ὀρεστιάδα
2975 1042 3158 1105 καλῶς
3209 1045 3284 1105 ὡς
3326 1045 3443 1117 εἶχε
3500 1041 3831 1116 διαθησόμε-

2184 1151 2298 1203 νον,
2349 1132 2401 1185 ἐν
2461 1129 2695 1206 δευτέρῳ
2747 1133 2967 1187 κάκεῖνα
3022 1134 3322 1204 τιθέμενος.
3380 1134 3458 1189 Τὸ
3499 1132 3599 1207 γὰρ
3647 1132 3828 1189 Βουλ-

2186 1222 2410 1295 γαρικὸν
2450 1220 2547 1275 οὐκ
2590 1220 2783 1289 ἤθελεν
2845 1222 3093 1295 ἠρεμεῖν,
3142 1220 3232 1275 καὶ
3295 1219 3507 1292 μᾶλλον
3567 1222 3683 1275 κατ’
3736 1216 3829 1296 ἕχ-

2185 1312 2313 1385 θραν
2352 1309 2441 1363 καὶ
2496 1314 2652 1381 μῖσος
2701 1310 2761 1363 τὸ
2811 1310 2946 1379 πρὸς
3001 1308 3249 1381 βασιλέα,
3279 1316 3381 1378 τῆς
3431 1311 3657 1384 πρώτης
3708 1314 3820 1364 τῶν

2187 1399 2489 1472 θυγατέρων
2547 1402 2643 1451 τοῦ
2701 1396 2937 1473 Λάσκαρι
3018 1395 3302 1472 Θεοδώρου
3380 1397 3471 1452 καὶ
3551 1394 3821 1471 βασιλέως

2184 1488 2422 1562 Εἰρήνης
2450 1488 2542 1540 τὸν
2593 1485 2820 1561 σύζυγον
2863 1491 3295 1553 Κωνσταντῖνον,
3330 1487 3386 1540 ’ὸν
3448 1487 3538 1540 καὶ
3594 1484 3823 1561 βασιλέα

2184 1577 2516 1652 Βουλγάρων
2565 1578 2591 1631 6
2642 1575 2807 1650 λόγος
2855 1572 3082 1644 ἐδείκνυ,
3136 1574 3282 1647 μάλα
3331 1577 3549 1650 θερμῶς
3604 1575 3823 1650 ἐξοτρυ-

2181 1666 2381 1735 νούσης
2429 1669 2631 1720 κακοῦν
2701 1666 2801 1732 τὴν
2870 1665 3076 1739 χώραν,
3126 1664 3412 1718 ἀντίποινα
3465 1661 3624 1733 δῆθεν
3678 1665 3750 1717 ὧν
3794 1665 3821 1718 6

2181 1738 2413 1826 ἀδελφὸς
2463 1755 2721 1823 ⁷Ιωάννης
2772 1738 2998 1827 ἔπασχε.
3049 1756 3144 1824 Τῷ
3188 1757 3313 1826 γοῦν
3371 1754 3593 1826 Καίσαρι
3650 1772 3818 1826 προσ-

432 1837 675 1913 εύχερῶς
722 1837 897 1912 φέρων
948 1838 1305 1911 στερούμενος
1356 1844 1463 1893 τῶν
1515 1839 1786 1915 φρουρίων
1832 1840 1921 1894 καὶ
1967 1846 2067 1908 τῆς
2103 1866 2148 1930 Β
2178 1839 2502 1917 τεταγμένον
2562 1842 2628 1910 ἦν
2686 1843 2821 1915 πρὸς
2875 1840 3143 1916 βασιλέως
3216 1840 3484 1896 ἐπιστάντι
3546 1846 3661 1903 τοῖς
3719 1848 3824 1910 τῆς

434 1927 623 2001 χώρας
672 1924 1112 1999 ἀπεληλαμένος,
1144 1929 1206 1995 ἣν
1268 1929 1295 1981 6
1335 1929 1478 1989 θεῖος
1527 1927 1690 1983 αὐτοῦ
1742 1929 1831 1982 καὶ
1889 1929 2070 2004 πατὴρ

436 2015 464 2068 6
523 2013 822 2089 Θεόδωρος,
883 2016 941 2077 ’ὸς
1018 2016 1106 2069 καὶ
1191 2014 1481 2090 βασιλικῆς
1538 2015 1884 2092 ἀναρρήσεως
1938 2016 2073 2071 κατά

434 2100 585 2157 δύσιν
634 2105 843 2175 ἠξιώθη
894 2104 989 2158 τοῦ
1021 2101 1299 2179 Ἀρχιδῶν
1350 2105 1737 2167 ταινιώσαντος
1785 2100 2071 2175 Ἰακώϐου,

430 2189 621 2266 ἱδρῶσι
672 2190 951 2246 πλείστοις
1003 2193 1092 2246 καὶ
1140 2194 1314 2267 σπάθῃ
1375 2191 1640 2255 ἐκσπάσας
1682 2196 1789 2249 τῶν
1841 2192 2069 2248 Ἰταλῶν

427 2286 544 2341 τοῖς
593 2278 755 2342 ἰδίοις
807 2283 1271 2354 προσεποιήσατο,
1299 2282 1505 2336 τούτων
1568 2284 1642 2353 μὴ
1697 2284 1871 2359 φέρων
1907 2284 1934 2337 ὁ
1963 2289 2070 2338 Μι-

426 2369 581 2445 χαὴλ
635 2369 991 2443 στερούμενος
1078 2367 1415 2443 ἀνελάμϐανέ
1494 2392 1553 2425 τε
1626 2372 1720 2432 τὰς
1787 2373 1925 2445 πρὸς
1978 2374 2068 2426 τὸν

438 2457 669 2534 βασιλέα
709 2460 1003 2530 συνθήκας,
1030 2459 1120 2513 καὶ
1167 2460 1234 2512 τὰ
1289 2458 1425 2512 κατά
1453 2456 1601 2513 δύσιν
1636 2460 2070 2532 ὑποποιούμενος

433 2547 678 2623 εὐχερῶς
725 2546 866 2622 πρὸς
916 2546 1101 2601 ἑαυτὸν
1153 2545 1240 2600 διά
1278 2548 1340 2601 τὸ
1369 2549 1457 2601 καὶ
1489 2546 1674 2609 ἄλλως
1700 2552 1806 2602 τῶν
1841 2547 2069 2604 δυτικῶν

433 2635 746 2709 εύρίπιστον
791 2632 997 2698 ἔπειθεν
1050 2633 1361 2688 ἀποκλίνειν
1409 2635 1580 2695 αὖθις.
1615 2635 1713 2688 Διᾶ
1757 2640 1922 2689 ταῦτα
1977 2637 2069 2690 τὸν

436 2725 532 2797 μὲν
587 2720 852 2792 δεσπότην
905 2722 932 2775 ὁ
968 2720 1223 2796 βασιλεὺς
1250 2722 1531 2795 Ἰωάννην,
1562 2720 1771 2795 σπουδῇ
1815 2722 1881 2777 τὰ
1922 2746 2070 2800 φωσ-

429 2944 559 3000 nuit
584 2961 595 2997 :
619 2947 743 2998 tum
769 2958 1096 3013 suspensus
1118 2940 1513 3012 expectatione
1549 2941 1803 2996 sollicita
1834 2946 2068 3011 repente

428 3031 627 3088 aulaeis
650 3029 906 3099 undique
932 3028 1190 3083 reductis
1216 3032 1469 3099 angusta
1490 3027 1590 3083 illa
1614 3033 1669 3083 et
1697 3030 1969 3095 verenda,
1996 3030 2067 3084 de

428 3136 546 3191 qua
574 3118 713 3183 dixi,
748 3117 1059 3188 majestate
1092 3115 1373 3187 perculit;
1400 3116 1604 3185 jussos
1636 3115 1845 3170 dehinc
1877 3117 2066 3172 dicere

429 3226 555 3281 quae
586 3208 799 3263 vellent
828 3204 1215 3274 contemptim
1273 3203 1429 3258 aliud
1470 3220 1644 3272 agens
1677 3204 1916 3272 audivit,
1942 3205 2065 3260 cui-

428 3299 564 3353 dam
594 3294 916 3350 identidem
948 3290 1168 3363 aliquid
1198 3292 1259 3346 in
1292 3308 1493 3346 aurem
1521 3290 1919 3349 insusurranti
1940 3311 2064 3364 par-

427 3390 545 3441 tem
591 3382 933 3439 attentionis
964 3380 1365 3436 commodans.
1400 3380 1507 3435 Ubi
1541 3385 1904 3452 perorarunt,
1933 3399 2064 3453 per-

423 3490 612 3548 pauca
641 3487 822 3542 eaque
855 3470 1105 3525 minacia
1124 3469 1443 3540 respondit.
1471 3472 1555 3523 Ita
1578 3469 1857 3525 dimissos
1877 3470 2065 3542 impe-

427 3566 516 3618 rat
536 3565 698 3616 extra
736 3559 986 3615 limitem
1016 3575 1116 3630 per
1136 3558 1365 3613 easdem
1416 3558 1790 3629 confragosas
1826 3560 1975 3613 137
2012 3563 2068 3614 et

429 3652 747 3723 praeruptas
778 3648 903 3703 vias
936 3646 1089 3701 duci.
1126 3647 1186 3701 In
1221 3650 1375 3700 hunc
1409 3646 1650 3703 modum
1683 3651 1822 3701 tunc
1853 3646 1951 3702 ille
1974 3664 2066 3702 su-

428 3741 689 3809 spectam
715 3735 1107 3807 arrogantiam
1132 3734 1323 3805 gentis
1346 3734 1606 3789 barbarae
1627 3733 1902 3789 simulata
1926 3752 2065 3805 pru-

431 3828 635 3881 denter
668 3823 944 3897 superbia
963 3823 1271 3878 retundere
1295 3824 1527 3895 sategit,
1553 3822 1682 3877 utili
1725 3826 1851 3877 tum
1878 3823 2066 3877 consi-

431 3915 529 3972 lio.
561 3915 671 3971 Sed
704 3913 863 3968 aliud
920 3915 1124 3968 secuta
1171 3917 1305 3983 post
1354 3916 1620 3981 tempora
1653 3916 2065 3982 poposcerunt.

431 4003 618 4069 Quare
648 4019 761 4057 non
796 4002 991 4056 minus
1016 4000 1311 4071 sapienter
1334 4000 1436 4071 qui
1459 4004 1658 4069 postea
1682 3998 2066 4071 imperarunt,

430 4092 716 4147 Tocharos
733 4088 1462 4161 etexceperuntlvenientes
1485 4088 1804 4143 humanius
1819 4092 1873 4143 et
1898 4088 2065 4143 vicis-

435 4181 543 4236 sim
569 4178 907 4235 honorificis
929 4178 1316 4246 legationibus
1338 4179 1756 4244 convenerunt,
1790 4176 1946 4231 omni
1971 4192 2068 4231 eos

432 4271 652 4325 ratione
690 4267 798 4322 sibi
831 4265 1140 4321 consiliare
1165 4268 1495 4334 satagentes
1527 4269 1585 4318 et
1637 4264 1847 4320 foedere
1890 4282 2064 4336 quam

432 4356 762 4414 arctissimo
792 4356 1165 4425 conjungere.

431 4459 501 4513 26
555 4457 630 4513 De
686 4457 845 4511 rebus
895 4452 1285 4578 Οεείιίιιέωίρι
1333 4454 1393 4576 att
1428 4450 1620 4508 Cmsar
1651 4451 1826 4507 obiter
1877 4453 2069 4508 urbem

1115 4540 1178 4578 en
1211 4538 1356 4577 aven
1391 4561 1404 4576 .

1115 4538 1404 4579 entaveru.

2182 1930 2395 2005 Θρᾴκης
2446 1930 2625 2004 μέρεσι
2674 1930 2761 1983 καὶ
2920 1928 3078 1983 πόλει
3122 1934 3420 2004 προσσχεῖν
3454 1928 3511 1983 ἐκ
3554 1928 3819 2003 παρόδου,

2181 2018 2269 2073 καὶ
2301 2018 2561 2073 ἐπισεῖσαι
2610 2018 2706 2091 μὲν
2760 2016 3089 2072 ἀπειλοῦντα
3125 2019 3186 2072 τὸ
3239 2018 3389 2090 ξίφος
3416 2022 3531 2079 τοῖς
3561 2016 3819 2089 Ἰταλοῖς,

2187 2110 2262 2179 μὴ
2324 2108 2428 2181 μὴν
2486 2105 2542 2161 δὶ
2597 2107 2683 2161 καὶ
2743 2108 2946 2173 ὁτιοῦν,
2974 2108 3272 2181 πράττειν’
3327 2108 3394 2160 οὐ
3451 2106 3551 2181 γὰρ
3613 2108 3819 2167 ἱκανῶς

2182 2198 2296 2272 εἶχε
2344 2200 2449 2250 τῶν
2501 2197 2935 2268 στρατευμάτων.
2984 2197 3072 2256 Ὠς
3126 2199 3252 2270 γοῦν
3315 2195 3414 2262 τὴν
3488 2192 3737 2250 Καλλίου
3788 2196 3817 2248 6

2182 2290 2388 2361 Καῖσαρ
2467 2284 2789 2359 περαιωθεὶς
2854 2279 3169 2355 κατέλαϐεν,
3229 2280 3370 2357 ἔγνω
3458 2285 3725 2358 πρότερον
3782 2282 3819 2351 ἢ

2179 2379 2295 2435 τοῖς
2327 2373 2615 2444 κατωτέρω
2646 2376 2966 2445 προσσχεῖν,
2997 2371 3133 2425 κατᾶ
3188 2368 3498 2442 Σηλυϐρίαν
3548 2370 3819 2444 γενέσθαι,

2179 2463 2267 2517 καὶ
2300 2464 2366 2533 τῇ
2398 2459 2560 2515 πόλει
2592 2459 2651 2513 ἐκ
2674 2463 2781 2513 τῶν
2833 2456 3062 2514 δυτικῶν
3116 2462 3295 2535 μερῶν
3328 2461 3413 2531 [Ρ.
3447 2462 3538 2530 90]
3586 2478 3818 2532 προσεγ-

2178 2558 2331 2626 γίσας
2376 2546 2540 2621 (μηδὲ
2591 2549 2691 2622 γὰρ
2744 2548 2876 2601 εἶναι
2925 2545 3191 2620 κωλύμη-δ
3242 2548 3488 2603 ἀπάντων
3546 2546 3654 2603 τῶν
3707 2547 3818 2602 ἐκεῖ

2178 2640 2257 2709 τῷ
2317 2636 2529 2712 βασιλεῖ
2602 2636 3067 2711 ὑποτεταγμένων)
3128 2640 3483 2692 κατοπτεῦσαι
3562 2638 3655 2708 μὲν
3727 2636 3816 2690 καὶ

2178 2727 2379 2795 ταύτην
2412 2727 2486 2788 ὡς
2515 2726 2629 2799 εἶχε
2673 2725 2796 2779 τότε
2842 2725 2927 2778 καὶ
2985 2730 3174 2797 μαθεῖν
3222 2726 3287 2779 τὰ
3334 2728 3440 2779 τῶν
3489 2723 3640 2786 ἐντὸς
3698 2729 3813 2793 πῶς

2177 2944 2477 3015 despotam
2511 2944 2788 2997 Joannem
2816 2942 3053 3010 jussum
3086 2941 3283 2996 statim
3318 2940 3639 2997 exercitum
3670 2942 3812 2997 edu-

2177 3047 2306 3086 cere
2336 3031 2405 3085 ad
2427 3028 2764 3085 Michaelem
2789 3028 2939 3084 bello
2974 3029 3302 3100 urgendum
3327 3028 3507 3083 misit.
3536 3030 3814 3086 Praeterea

2175 3119 2451 3192 quoniam
2476 3119 2666 3173 missas
2689 3118 2868 3188 copias
2900 3134 2932 3171 a
2962 3132 3093 3188 rege
3134 3116 3340 3171 Sicilia:
3382 3116 3568 3172 multa
3601 3117 3813 3190 Illyrici

2180 3212 2236 3263 et
2284 3223 2437 3261 nova:
2495 3205 2649 3277 Epiri
2706 3204 2831 3261 loca
2883 3203 2993 3259 sibi
3045 3206 3439 3275 subjecerant,
3490 3205 3808 3261 destinavit

2179 3296 2356 3350 etiam
2388 3294 2525 3349 illuc
2558 3293 2659 3364 qui
2692 3292 2835 3363 ipsis
2866 3293 3231 3348 obstiterant.
3265 3292 3532 3352 Alexium
3565 3294 3808 3364 insuper

2181 3388 2490 3451 Caesarem,
2549 3381 2779 3455 Scythis
2835 3385 2893 3436 et
2949 3380 3331 3437 auxiliaribus
3373 3397 3506 3436 cum
3538 3382 3667 3438 aliis
3698 3399 3812 3438 non

2187 3472 2389 3527 multis
2414 3470 2594 3542 copiis
2626 3469 2875 3538 traditis,
2900 3470 3156 3540 primum
3189 3469 3248 3525 in
3278 3469 3581 3525 Thraciam
3613 3470 3813 3525 immi-

2177 3560 2273 3629 sit,
2305 3576 2438 3614 cum
2470 3558 2764 3614 mandatis
2797 3561 2860 3613 ut
2892 3557 3221 3629 invigilaret
3248 3557 3533 3613 Orestiadi
3556 3559 3798 3630 ejusque

2176 3649 2473 3705 securitati
2524 3665 2695 3719 quam
2724 3649 2876 3704 138
2910 3651 3107 3719 posset
3158 3646 3376 3719 optime
3425 3648 3801 3718 prospiceret.

2178 3739 2240 3792 In
2265 3754 2380 3808 quo
2411 3741 2610 3791 tamen
2645 3736 2803 3792 aliud
2855 3736 3140 3807 praecipue
3197 3735 3516 3807 spectabat.
3569 3736 3811 3791 Videbat

2175 3826 2330 3880 enim
2363 3825 2641 3894 Bulgaros
2672 3824 2731 3878 in
2760 3828 3042 3896 apparatu
3083 3840 3211 3878 esse
3261 3840 3541 3879 novarum
3591 3840 3805 3893 rerum,

2174 3916 2337 3970 Irene
2355 3912 2620 3968 videlicet
2642 3912 2929 3968 Theodori
2952 3912 3238 3982 Lascaris,
3261 3912 3363 3983 qui
3395 3928 3583 3984 nuper
3625 3913 3801 3985 impe-

2177 4007 2420 4069 raverat,
2447 4002 2565 4056 ﬁlia
2582 4001 2980 4068 Constantino,
3008 4017 3179 4071 quem
3208 4017 3401 4071 regem
3424 4001 3802 4071 Bulgarorum

2176 4093 2396 4147 factum
2424 4090 2695 4162 superius
2726 4090 3005 4157 diximus,
3030 4094 3232 4162 nupta,
3264 4090 3453 4145 virum
3486 4090 3804 4163 instigante

2178 4181 2237 4235 in
2272 4179 2654 4251 Palaeologum
2691 4195 2844 4233 nunc
2890 4178 3298 4248 imperantem,
3332 4182 3387 4233 et
3414 4180 3686 4234 ardenter
3716 4196 3807 4233 ur-

2176 4274 2347 4341 gente
2380 4270 2449 4324 ad
2483 4268 2927 4339 irrumpendum
2962 4268 3019 4321 in
3054 4273 3237 4323 terras
3256 4267 3497 4323 ditionis
3520 4268 3667 4338 ejus,
3696 4267 3808 4323 sic-

2177 4376 2289 4429 que
2322 4358 2696 4429 repetendam
2749 4355 3032 4410 ultionem
3090 4355 3315 4425 injuriae
3368 4371 3547 4426 quam
3583 4356 3655 4411 ab
3686 4356 3807 4427 ipso

2176 4447 2505 4519 patiebatur
2541 4446 2796 4501 Joannes
2851 4445 3023 4499 frater
3054 4445 3317 4516 ejusdem
3369 4446 3563 4499 Irenes
3608 4448 3809 4499 contra

2177 4537 2265 4591 fas
2295 4540 2350 4591 et
2381 4539 2549 4607 pacta
2580 4533 2926 4589 redactusin
2953 4533 3619 4589 ordinem.Mandaverat
3642 4550 3807 4605 porro

504 4626 597 4682 Sic
638 4623 1020 4681 Orientalium
1046 4621 1477 4694 provinciarum
1519 4624 1675 4675 statu
1699 4637 1816 4691 qua
1840 4638 1980 4692 pace
2006 4622 2063 4676 in
2100 4606 2142 4670 D
2174 4606 2491 4696 imperator
2510 4622 2719 4679 Caesari
2748 4627 2969 4687 ut,cum
2995 4621 3284 4691 attigisset
3306 4625 3498 4692 partes
3517 4620 3797 4688 Thraciae,

436 4731 694 4788 praesens
750 4730 866 4785 qua
923 4728 1025 4784 spe
1071 4711 1223 4766 bona
1252 4711 1310 4765 in
1345 4712 1639 4782 posterum
1696 4709 1945 4774 ﬁrmato,
1982 4726 2073 4766 res

436 4804 822 4860 Occiduorum
848 4806 1140 4856 tractuum
1161 4799 1440 4854 ﬂuctuare
1461 4799 1649 4854 denuo
1666 4814 1907 4870 coepere.
1927 4798 2071 4853 Nam

438 4890 683 4947 Michael
716 4891 957 4959 despota
986 4887 1187 4958 iniquo
1237 4887 1433 4941 animo
1469 4888 1656 4941 ferens
1690 4886 1976 4958 privatum
2012 4904 2074 4942 se

450 4978 684 5033 arcibus
706 4981 761 5031 et
791 4974 1099 5045 expulsum
1127 4972 1379 5044 regione,
1406 4990 1576 5043 quam
1604 4979 1849 5045 patruus
1870 4977 1995 5046 ejus
2019 4979 2074 5030 et

438 5065 951 5137 paterTheodorus
973 5062 1090 5133 (qui
1116 5061 1289 5116 etiam
1308 5061 1664 5118 acclamatus
1686 5062 1742 5117 in
1763 5062 2071 5118 Occidente

438 5156 753 5225 imperator
776 5152 1303 5216 fuerat,coronante
1327 5148 1519 5219 ipsum
1556 5150 1771 5205 Jacobo
1796 5150 2069 5222 episcopo

435 5241 802 5310 Achridensi)
838 5239 1021 5293 multo
1064 5239 1277 5292 sudore
1320 5241 1535 5291 armata
1574 5254 1747 5291 manu
1780 5244 2064 5293 extortam

437 5329 597 5385 Italis
632 5346 750 5383 suas
782 5326 987 5381 dilioni
1018 5327 1330 5396 adjecerat,
1367 5324 1477 5390 his,
1508 5326 1765 5395 inquam,
1814 5343 1874 5381 se
1932 5344 2068 5397 spo-

436 5418 644 5473 liatum
667 5414 912 5471 Michael
937 5430 1049 5467 non
1074 5416 1259 5467 terens
1287 5413 1566 5467 revocavit
1596 5430 1722 5485 quae
1747 5414 1919 5485 paulo
1935 5423 2067 5471 ante

437 5504 775 5576 imperatori
821 5502 1187 5574 promiserat,
1218 5506 1271 5555 et
1303 5501 1584 5555 Occiduas
1624 5508 1828 5573 gentes
1860 5520 2066 5559 rursus

436 5595 506 5649 ad
540 5610 602 5647 se
633 5590 861 5646 trahere
894 5604 1210 5661 aggressus
1245 5588 1406 5642 facile
1431 5591 1497 5644 ad
1542 5591 1920 5646 defectionem
1954 5594 2062 5647 im-

433 5681 583 5754 pulit
633 5679 785 5735 leves
844 5694 908 5734 ac
968 5676 1165 5732 faciles
1220 5677 1484 5749 populos.
1519 5678 1601 5733 0b
1633 5695 1697 5733 ea
1751 5680 2066 5751 imperator

2186 4709 2313 4763 urbi
2347 4726 2412 4763 ex
2457 4708 2783 4779 prepinquo
2817 4707 3161 4772 minaretur,
3197 4706 3379 4762 obiter
3402 4708 3459 4761 id
3493 4709 3732 4779 quidem
3763 4714 3815 4763 et

2182 4797 2443 4851 tentandi
2478 4796 2669 4867 potius
2702 4796 3077 4867 terrendique
3106 4794 3278 4850 Italos
3305 4795 3495 4867 gratia
3522 4812 3697 4867 quam
3718 4814 3811 4851 ex~

2183 4884 2482 4957 pugnandi
2516 4899 2617 4955 spe
2654 4901 2665 4937 :
2700 4901 2814 4938 non
2848 4884 3001 4938 enim
3052 4882 3303 4938 habebat
3336 4884 3610 4940 idoneum
3641 4890 3814 4940 tantae

2181 4974 2260 5027 rei
2295 4977 2639 5045 apparatum
2702 4977 2803 5027 aut
2860 4973 3201 5027 exercitum.
3239 4972 3308 5026 Ut
3343 4971 3523 5042 igitur
3568 4975 3810 5046 trajecto

2182 5063 2369 5118 Caesar
2394 5064 2537 5116 freto
2558 5060 2923 5132 Calliopolim
2968 5060 3171 5127 tenuit,
3196 5061 3450 5117 decrevit
3467 5062 3806 5134 priusquam

2180 5151 2422 5206 inferius
2451 5152 2848 5215 descenderet,
2884 5150 3151 5205 accedere
3182 5148 3501 5221 Selybriam
3541 5154 3599 5206 et
3621 5152 3754 5207 inde
3779 5169 3810 5207 a

2179 5239 2444 5310 partibus
2475 5238 2744 5293 Occiduis
2777 5253 2955 5309 prope
2987 5253 3046 5291 se
3077 5238 3385 5292 admovere
3407 5240 3807 5295 Constantino-

2179 5328 2293 5398 poli
2325 5327 2494 5397 (nihil
2516 5327 2672 5381 enim
2704 5331 2828 5381 erat
2849 5325 2997 5396 quod
3026 5326 3078 5380 id
3113 5329 3350 5391 vetaret,
3378 5326 3610 5381 cunctis
3626 5328 3697 5382 ab
3720 5327 3809 5382 illa

2178 5420 2337 5487 parte
2368 5416 2705 5487 imperatori
2760 5414 3085 5483 subjectis),
3136 5416 3191 5467 et
3222 5413 3305 5467 sic
3360 5431 3390 5468 e
3437 5414 3629 5470 vicino
3679 5432 3808 5471 con-

2175 5503 2442 5575 templari
2464 5521 2577 5576 quo
2600 5508 2738 5558 tunc
2758 5502 2875 5557 illic
2892 5508 3044 5558 statu
3070 5519 3161 5557 res
3185 5506 3376 5556 essent
3397 5503 3806 5575 explorareque

2176 5594 2411 5648 Latinos
2471 5594 2672 5648 urbem
2724 5597 3010 5657 tenentes,
3045 5591 3181 5661 quid
3245 5590 3423 5645 animi
3484 5596 3541 5645 et
3595 5593 3799 5647 virium

2176 5682 2474 5750 haberent,
2500 5681 2858 5737 voluntarios
2893 5695 3145 5751 quoque,
3178 5679 3245 5733 de
3278 5679 3495 5749 quibus
3527 5681 3801 5745 diximus,
