4154 6286
326 408 435 464 577

1394 413 1487 466 DE
1534 413 1896 468 MICHAELE
1937 410 2373 469 PALEOLOGO
2412 416 2544 468 LIB.
2589 414 2656 469 ΙΙ.

3614 408 3719 464 578

328 531 536 608 ἔχοιεν,
572 532 703 588 mea
738 531 793 590 δὲ
824 535 911 588 καὶ
957 534 1084 597 τοὺς
1138 535 1596 613 θεληματαρίους,
1656 536 1747 598 οὕς
1797 537 1884 591 καὶ
1944 539 1969 590 ὁ
1999 542 2053 609 Α
2084 534 2241 605 πειθὴ
2277 539 2303 590 ὁ
2351 536 2566 612 ἀνεψιὸς
2612 537 2815 591 ἐκείνου
2859 534 3097 608 Ἀλέξιος
3152 535 3391 590 ἐπέκειτο
3451 531 3719 610 προσϐια-

328 623 492 697 λόγος
523 623 849 697 προέγραψε,
906 625 995 677 καὶ
1058 622 1321 696 ὁμιλῆσαι
1380 623 1445 679 τά
1477 626 1526 680 οἱ
1560 621 1818 681 δοκοῦντα
1848 626 1971 701 περὶ

326 718 431 780 τῆς
461 706 704 772 πόλεως.
748 709 949 774 Ἐλθπν
1010 713 1097 767 οὗν
1128 713 1214 767 καὶ
1264 718 1536 784 σκηνῆσας
1569 714 1618 767 ἐν
1651 718 1767 775 τοῖς
1817 735 1972 789 περι-

330 797 551 862 πολίοις
635 797 1029 874 προσεκαλεῖτο
1112 799 1387 879 κρυφηδὸν
1472 806 1598 865 τοὺς
1681 800 1974 865 δοκοῦντας

327 887 550 942 ἐκείνων
586 932 600 958 ,
657 887 745 942 καί
799 908 861 964 γε
917 889 1261 944 κατεπίστευε
1321 892 1470 968 σφίσι
1522 891 1585 945 τὰ
1637 893 1772 946 κατᾶ
1827 895 1973 964 νοῦν,

330 976 626 1032 ὑποτείνων
685 976 953 1037 κάκείνοις
1013 976 1240 1040 ἐλπίδας
1274 1022 1291 1047 ,
1364 979 1411 1033 εἷ’
1462 985 1762 1056 συνεργοῗεν
1797 1023 1811 1049 ,
1884 980 1977 1041 τὰς

335 1066 572 1137 μείζους.
632 1069 751 1121 Τῶν
788 1062 844 1119 δὲ
872 1066 1057 1142 καιρὸν
1115 1063 1259 1141 ἔχειν
1290 1067 1549 1123 εἱπόντων
1592 1069 1667 1130 ὡς
1714 1067 1977 1143 ἐγκαίρως

332 1151 743 1227 ἐπιθησομένων
802 1154 885 1226 (τὸ
943 1155 1046 1230 γὰρ
1093 1160 1200 1210 τῶν
1258 1158 1483 1213 Ἰταλῶν
1544 1156 1799 1230 πλώϊμον
1849 1155 1971 1212 ὅσον

334 1242 403 1310 ἦν
434 1241 486 1296 ἐν
538 1246 602 1316 τῇ
632 1242 793 1297 πόλει
825 1241 913 1296 ἐπὶ
945 1243 1273 1321 Δαφνουσίας
1308 1246 1381 1307 ὡς
1411 1244 1621 1301 ἀλιῖισνν
1662 1248 1763 1314 τήν
1810 1252 1975 1315 νῆσον

335 1336 563 1407 χωρεῖν,
618 1331 705 1385 καί
766 1332 817 1406 γ’
885 1330 971 1384 ἐπὶ
1026 1330 1305 1394 πλείσταις
1361 1333 1595 1407 ἡμέραις
1641 1334 1976 1409 προσταλαι-

325 1420 626 1495 πωρεῖσθαι
684 1421 1018 1493 καθήμενον,
1078 1416 1253 1497 ὄχλον
1286 1418 1332 1474 δ’
1358 1419 1542 1484 ἄλλως
1598 1422 1726 1475 εἶναι
1756 1423 1817 1474 τὸ
1843 1421 1978 1475 κατὰ

322 1510 496 1563 πόλιν
548 1506 636 1563 καὶ
686 1506 947 1581 πολέμων
991 1507 1324 1581 ἀπείρατον),
1381 1511 1529 1565 ταῦτ’
1577 1508 1837 1565 εἷπόντων
1886 1510 1973 1563 καὶ

322 1598 392 1651 τὰ
450 1597 617 1651 πιστὰ
676 1593 935 1650 διδόντων
999 1597 1072 1658 ὡς
1147 1599 1565 1672 συνεργήσουσιν
1627 1600 1973 1673 (ὁμονοήσειν

318 1687 428 1761 γὰρ
490 1684 637 1762 σφίσι
694 1686 784 1739 καὶ
852 1683 968 1747 .οὺς
1024 1684 1253 1747 λοιποὺς
1310 1685 1396 1740 ἐπὶ
1453 1689 1659 1761 τοῦτο),
1709 1687 1735 1740 ὁ
1770 1691 1974 1760 Καῖσαρ

322 1773 543 1841 αὐτίκα,
574 1772 662 1828 ὅτε
697 1775 789 1845 μὲν
822 1773 957 1847 πρὸς
984 1773 1110 1835 τοὺς
1161 1775 1252 1828 ἀπ’
1283 1773 1496 1831 ἐκείνων
1547 1773 1742 1850 λόγους
1788 1772 1975 1829 ἆπεῖδε

2086 630 2211 693 ζων,
2273 623 2361 679 καί
2392 645 2473 686 τις
2500 630 2606 679 τῶν
2640 622 3057 701 Οεληματαρίων
3087 628 3492 700 Κουτριῖζακης
3520 623 3718 677 τούπί-

2082 713 2219 783 κλην
2256 713 2388 786 μετᾶ
2440 714 2666 790 θαρῥους
2698 714 2845 777 ὅπως
2894 714 3166 790 πραχθείη
3220 711 3390 784 Λέγων
3446 712 3509 767 τὸ
3560 710 3714 786 ἔργον

2088 805 2342 881 ὑφίστατο
2372 806 2451 879 (τὸ
2481 807 2581 880 γὰρ
2615 804 2941 881 εἱμαρμένον
2976 801 3207 881 ἄφυκτον
3239 802 3416 877 ὥσπερ
3449 801 3723 877 ἐμψύχοις

2087 891 2227 947 οὕτω
2258 895 2343 948 καὶ
2376 892 2644 968 πόλεσιν),
2676 892 2961 969 ἀναθαρρεῖ
2986 913 3042 946 τε
3072 893 3343 962 κάκεῖνος,
3372 892 3461 947 καὶ
3492 892 3627 967 πρὸς
3658 894 3721 946 τὸ

2086 986 2346 1055 κρατῆσαι
2401 981 2671 1056 μετέωρος
2730 981 2819 1048 ἦν.
2874 982 3034 1043 ’Όθεν
3089 978 3177 1035 καὶ
3222 983 3329 1034 τῶν
3376 977 3559 1034 ἄλλων
3622 1001 3722 1053 μα-

2088 1066 2289 1121 Θόντων
2344 1089 2402 1122 τε
2457 1070 2545 1122 καὶ
2614 1069 3084 1145 συμφωνησάντων
3154 1068 3390 1141 ἑτοίμως
3458 1089 3719 1140 συγκατα-

2087 1157 2280 1230 πρᾶξαί
2312 1157 2366 1210 οἱ
2395 1157 2484 1211 τὸν
2518 1157 2712 1234 λόχον,
2746 1156 2901 1219 αὐτὸς
2958 1157 3051 1232 μὶν
3111 1156 3311 1213 ἄλλοτε
3360 1157 3455 1230 μὲν
3505 1157 3718 1231 περιῄει

2086 1246 2294 1300 καὶτὸν
2341 1245 2505 1300 τόπον
2556 1247 2628 1307 ὡς
2680 1245 2822 1306 εῗκὸς
2871 1246 3275 1318 κατεσκέπτετο,
3331 1244 3454 1300 τότε
3511 1242 3568 1299 δὲ
3623 1245 3719 1312 τὴν

2091 1334 2319 1406 ὑποψίαν
2372 1329 2871 1411 διαφυλαττὸμενος
2922 1331 3164 1387 ἐκποδὼν
3199 1331 3292 1405 ὥν,
3323 1338 3439 1394 τοῖς
3488 1328 3726 1387 ὑποϐαλ-

2088 1419 2342 1495 λομένοις
2374 1421 2685 1497 προσέχων,
2720 1422 2775 1475 εὖ
2808 1420 2966 1483 εἷ’δὼς
3002 1420 3111 1476 τῶν
3158 1421 3338 1475 τόπων
3380 1420 3587 1495 συνῄει,
3633 1420 3723 1475 καὶ

2086 1509 2510 1583 προσεσκέπτετο
2560 1509 2705 1571 ὅπως
2755 1506 2945 1586 ἄριστα
2991 1510 3201 1582 γένοιτο
3245 1510 3333 1565 καὶ
3385 1509 3519 1581 μετὰ
3557 1530 3722 1563 σπου-

2087 1594 2184 1667 δῆς
2213 1600 2273 1652 τὸ
2308 1597 2686 1672 μελετώμενον
2720 1598 2888 1677 σφίσι,
2922 1600 2996 1671 μή
3029 1618 3146 1659 πως
3178 1598 3263 1652 καὶ
3289 1595 3722 1669 ἀντιλλαξᾶντων

2084 1690 2246 1741 τινῶν
2275 1687 2335 1743 τὸ
2369 1686 2421 1741 ἐν
2448 1691 2670 1762 κρυπτῷ
2697 1687 2995 1765 φωραθείη.
3154 1693 3161 1701 ’

2285 1781 2362 1843 κζ’
2389 1776 2575 1837 Ὅπως
2610 1774 2756 1831 ἑάλω
2787 1778 2821 1846 ἡ
2866 1774 3028 1838 πόλις
3059 1780 3174 1839 τοῖς
3201 1774 3515 1849 Ῥωμαίοις.

324 1864 420 1918 καὶ
454 1862 553 1931 τήν
604 1862 912 1938 προθυμίαν
942 1862 1084 1938 ἐώρα
1134 1862 1207 1925 ὡς
1253 1862 1487 1936 ἑτοίμως
1534 1863 1772 1938 ἐχόντων
1806 1884 1971 1939 προσ·
2009 1904 2052 1968 Β
2156 1866 2235 1934 [Ρ.
2268 1865 2385 1937 91]’
2417 1865 2503 1925 Ὠς
2550 1868 2674 1939 γοῦν
2714 1860 2841 1934 έστη
2873 1863 2935 1918 τὸ
2985 1868 3088 1918 πᾶν
3120 1870 3217 1932 τῆς
3274 1862 3502 1938 βουλῆς,
3544 1865 3633 1918 καὶ
3694 1864 3721 1919 ὁ

327 1948 771 1968 ρ-..ς-...
898 1952 913 1968 ι
1133 1946 1525 1968 ουκ...
1650 1955 1664 1968 ι
1800 1955 1939 1968 .-
2216 1953 2228 1967 ε
2340 1952 2422 1968 ..
2788 1953 2800 1968 ς
2931 1952 2945 1968 ε
3088 1946 3454 1968 ..ομ
3679 1951 3691 1968 .

326 1948 581 2021 ϐοηθεῖν,
612 1949 824 2027 ἐθάρρει
854 1952 951 2018 τήν
986 1946 1327 2026 προσϐολὴν,
1362 1951 1451 2007 ὅτε
1483 1950 1538 2006 δὲ
1568 1955 1704 2029 πρὸς
1762 1955 1822 2007 τὸ
1874 1961 1971 2024 τῆς

332 2039 702 2115 ἐγχειρήσεως
748 2036 1002 2113 δυσχερὲς
1055 2040 1206 2101 αὖθις
1238 2034 1509 2096 ἀπέϐλεπε
1561 2042 1647 2096 καὶ
1696 2041 1758 2096 τό
1797 2039 1972 2096 κινδυ-

334 2126 502 2189 νῶδες
554 2131 651 2181 τοῦ
682 2126 1016 2202 πράγματος,
1078 2128 1123 2181 εἲ
1181 2126 1321 2183 οὕτω
1384 2131 1497 2201 μετ’
1531 2127 1733 2206 ὀλίγων
1780 2130 1868 2185 καὶ
1917 2130 1975 2185 ἐκ

338 2215 611 2292 παρέργου
664 2214 827 2269 πόλιν
876 2214 1153 2288 τοιαύτην,
1197 2219 1256 2285 ἢν
1312 2218 1399 2272 καὶ
1458 2216 1664 2273 πολλαὶ
1722 2216 1975 2290 δυνάμεις

331 2305 442 2380 οὐχ
492 2305 635 2361 ἑλεῖν
668 2302 1034 2376 ἠδυνήθησαν,
1086 2307 1245 2368 αὐτὸς
1296 2305 1347 2359 έν
1399 2307 1586 2383 ἀκαρεῖ
1636 2310 1973 2383 παραστήσε-

328 2415 446 2467 ται,
497 2393 759 2449 κατώκνει
807 2393 897 2447 καὶ
948 2388 1297 2450 ἀνεϐάλλετο.
1344 2397 1530 2467 Ὅμως
1583 2396 1672 2449 γαὶ
1711 2395 1834 2457 τοὺς
1879 2395 1975 2450 λό-

320 2504 461 2556 γους
510 2476 801 2555 λαμόἅνων
856 2480 906 2535 ἐν
958 2487 1127 2553 κοινῷ
1174 2483 1236 2536 τὸ
1285 2484 1550 2557 πρακτέον
1601 2482 1783 2546 ἐτίθει.
1831 2484 1973 2539 Κάν-

320 2702 548 2771 videre,
571 2714 857 2772 agereque
879 2715 1014 2754 cum
1037 2698 1153 2755 illis
1176 2715 1303 2771 quae
1334 2704 1664 2772 opportuna
1693 2701 1969 2757 videban-

326 2794 435 2844 tur
476 2787 546 2841 ad
585 2803 741 2858 spem
788 2787 951 2843 urbis
999 2787 1312 2859 aliquando
1362 2789 1792 2861 recuperandae.
1826 2789 1967 2845 Cum

336 2876 527 2946 igitur
555 2875 889 2933 accessisset
920 2880 975 2931 et
1005 2875 1063 2929 in
1092 2875 1238 2949 ipsis
1270 2876 1568 2931 suburbiis
1596 2876 1972 2933 tabernacula

339 2963 583 3031 ﬁxisset,
631 2961 774 3018 clam
823 2963 1047 3019 vocavit
1094 2962 1415 3035 praecipuos
1464 2980 1685 3035 eorum,
1728 2969 1784 3019 et
1830 2964 1972 3036 ipsis

338 3051 696 3107 conﬁdenter
724 3051 865 3123 quid
898 3050 956 3107 in
989 3052 1183 3106 animo
1217 3052 1455 3107 haberet
1498 3053 1746 3125 aperuit,
1781 3057 1973 3108 osten-

334 3145 472 3194 tans
494 3139 575 3194 eis
598 3155 731 3211 spes
766 3138 1004 3195 maximi
1038 3139 1376 3211 proventuri
1407 3138 1549 3211 ipsis
1580 3140 1892 3207 commodi,
1926 3140 1976 3195 si

2083 1953 2267 2027 καιρὸς
2338 1952 2582 2006 ἐτάττετο
2650 1953 2841 2015 νυκτὸς
2886 1952 2985 2029 γὰρ
3043 1953 3140 2019 τήν
3191 1946 3493 2021 ἐπιϐουλὴν
3546 1951 3723 2006 συνοί-

2087 2061 2193 2094 σειν
2227 2039 2317 2094 ml
2346 2039 2405 2094 έκ
2445 2044 2541 2094 τοῦ
2573 2038 2844 2117 αἲφνιὸίου
2880 2041 2954 2113 μὴ
2986 2038 3412 2116 προσδοκώντων
3459 2034 3722 2115 ἔγνωσαν,

2086 2129 2369 2190 Κάκείνοις
2420 2130 2513 2203 μὲν
2568 2128 2731 2204 μέλον
2782 2130 2846 2196 ἦν
2909 2123 3378 2198 έπαναϐεϐηκότας
3423 2130 3485 2184 τὸ
3530 2134 3722 2203 τεῖχος

2086 2215 2174 2271 διὰ
2223 2216 2505 2291 κλιμάκων
2557 2218 2796 2295 ἀψοφητὶ
2843 2219 2968 2280 τοὺς
3020 2215 3305 2294 φυλαττειν
3354 2238 3411 2274 τε
3455 2216 3717 2291 τεταγμέ-

2083 2328 2205 2367 νους
2234 2305 2612 2382 καταρῤιπτεῖν
2644 2304 2841 2361 ἄνωθεν
2890 2306 2976 2361 καὶ
3018 2306 3117 2375 τὴν
3165 2312 3265 2376 τῆς
3306 2313 3489 2382 πηγῆς
3536 2304 3716 2376 πύλην

2084 2394 2317 2470 ἀνοίγειν
2376 2397 2579 2471 σφῆνας
2637 2390 3011 2471 ἐμϐαλόντας,
3072 2394 3163 2449 τὸν
3224 2394 3281 2449 ἐκ
3330 2394 3495 2451 λίθων
3540 2395 3718 2467 μόνων

2082 2482 2535 2558 προσαρμόζοντα
2579 2484 2745 2556 ταύτῃ
2794 2488 2986 2559 τοῖχον
3045 2483 3473 2559 κατερηριφότας
3527 2481 3718 2555 πρότε-

2083 2700 2483 2767 Providentiae,
2517 2717 2631 2756 non
2671 2702 2863 2757 solum
2892 2700 2951 2755 in
2978 2699 3217 2755 interitu
3266 2703 3367 2756 aut
3417 2700 3530 2755 alio
3580 2716 3719 2757 casu

2080 2787 2446 2861 singulorum
2477 2788 2813 2857 viventium,
2867 2788 2965 2844 sed
2999 2789 3172 2844 etiam
3204 2788 3263 2843 in
3296 2787 3721 2845 mutationibus

2080 2876 2447 2948 fortunisque
2477 2876 2819 2948 civitatum),
2842 2878 3075 2933 tandem
3099 2881 3156 2931 et
3177 2877 3301 2949 ipse
3331 2877 3618 2933 adductus
3647 2878 3718 2932 ad

2084 2965 2418 3020 audendum
2452 2968 2559 3035 est,
2593 2969 2650 3021 et
2679 2963 2828 3021 nihil
2868 2966 2995 3037 jam
3045 2964 3205 3020 aliud
3257 2964 3371 3020 nisi
3419 2964 3719 3021 victoriam

2083 3053 2346 3125 cogitans
2379 3059 2534 3109 totus
2554 3054 2611 3108 in
2637 3054 2935 3126 negotium
2967 3053 3251 3109 incubuit.
3277 3053 3477 3125 Itaque
3498 3053 3720 3109 caeteris

2085 3140 2356 3197 similiter
2404 3158 2505 3215 per
2545 3143 2862 3198 exercitum
2910 3142 3138 3199 cunctis
3168 3140 3507 3211 consilium,
3542 3141 3718 3197 simul

328 3227 593 3284 conferre
614 3243 849 3300 operam
873 3226 1335 3292 vellent.Quibus
1350 3228 1802 3286 admonentibus
1827 3246 1970 3284 nun-
2002 3230 2044 3299 ί]
2082 3229 2779 3302 cognoverunt,impcnse
2811 3230 3216 3303 probantibus,
3249 3229 3720 3303 expedientibus-

328 3333 507 3388 quam
530 3317 1005 3389 opportuniorem
1025 3334 1201 3389 quam
1222 3334 1376 3374 nunc
1399 3322 1554 3374 esset
1584 3319 1773 3374 offerri
1802 3336 1975 3391 posse

326 3404 699 3461 occasionem
734 3405 1028 3477 capiendae
1063 3405 1246 3477 urbis,
1281 3406 1555 3477 quoniam
1588 3410 1875 3478 quantum
1914 3407 1973 3463 in

328 3510 400 3549 ea
431 3493 593 3564 prius
623 3494 775 3550 189
807 3492 1099 3549 navalium
1128 3494 1426 3565 copiarum
1478 3494 1603 3551 Itali
1649 3495 1976 3551 habuerant

327 3584 521 3639 totum
544 3580 973 3655 aberat,procul
997 3582 1129 3637 inde
1142 3586 1491 3654 occupatum
1505 3582 1564 3639 in
1580 3584 1975 3656 oppugnanda

326 3671 528 3726 insula
556 3669 921 3742 Daphnusia,
956 3686 1131 3742 quam
1166 3672 1367 3727 multis
1393 3672 1517 3742 jam
1550 3671 1757 3727 diebus
1789 3671 1976 3727 multa

328 3776 442 3815 sua
471 3775 733 3814 aerumna
763 3757 1096 3814 obsiderent
1127 3760 1457 3831 (superesse
1488 3761 1892 3817 tantummodo
1916 3760 1973 3815 in

326 3848 479 3903 urbe
501 3845 709 3919 vulgus
731 3845 1012 3919 imbelle),
1036 3846 1128 3902 his
1152 3846 1246 3903 ille
1270 3847 1507 3914 auditis,
1531 3852 1586 3903 et
1606 3852 1841 3920 accepta
1864 3848 1974 3903 ﬁde

329 3939 747 4008 cooperaturos
784 3952 883 4007 pro
905 3934 1055 3989 virili
1088 3936 1157 3990 ad
1192 3934 1676 4007 expugnationem
1707 3937 1974 3992 volunta-

330 4026 457 4094 rios
483 4024 930 4095 (consentientes
962 4023 1116 4078 enim
1149 4023 1261 4078 sibi
1288 4028 1525 4079 creteros
1554 4022 1848 4079 habebant
1876 4024 1973 4095 qui

326 4111 771 4184 loquebantur),
796 4128 909 4168 non
944 4111 1312 4167 mediocriter
1342 4111 1634 4167 animatus
1658 4112 1727 4167 ad
1752 4112 1975 4168 auden-

332 4202 478 4257 dum
507 4203 595 4256 est
644 4216 657 4255 :
711 4199 962 4255 faciebat
1013 4200 1232 4273 quippe
1280 4200 1526 4256 istorum
1559 4204 1615 4255 et
1645 4199 1975 4273 signiﬁcata

329 4287 527 4345 verbis
558 4292 614 4344 et
639 4287 932 4344 declarata
960 4288 1121 4345 vultu
1154 4288 1457 4362 signisque
1488 4288 1711 4343 caeteris
1769 4287 1973 4346 alacri-

330 4382 449 4447 tas,
473 4377 1027 4449 procinctorumque
1070 4378 1141 4433 ad
1187 4378 1769 4450 strenuejuvandum
1803 4378 1975 4432 ardor

330 4465 624 4534 eminens,
687 4469 749 4520 ut
804 4482 920 4521 non
979 4481 1401 4539 usquequaque
1469 4465 1847 4523 temerarium
1912 4465 1971 4521 id

331 4558 586 4626 coeptum
607 4554 917 4610 videretur.
943 4553 1073 4609 Mox
1101 4558 1297 4610 tamen
1323 4570 1455 4610 cum
1476 4555 1545 4609 ad
1570 4553 1970 4611 difﬁcultatem

332 4643 552 4716 negotii
567 4646 822 4700 mentem
844 4644 1443 4716 adverteret,cumque
1464 4647 1757 4716 reputaret
1770 4660 1967 4700 secum

333 4731 540 4805 quanti
575 4730 816 4805 periculi
846 4731 1031 4787 aleam
1057 4733 1298 4803 jaceret,
1331 4732 1381 4788 si
1430 4749 1562 4787 cum
1595 4736 1713 4788 tam
1745 4733 1967 4805 paucis,

334 4820 523 4877 obiter
551 4823 607 4875 et
632 4819 875 4878 consilio
905 4819 1049 4876 citra
1079 4820 1346 4891 praviam
1400 4819 1876 4877 deliberationem
1908 4820 1965 4876 in

334 4924 514 4965 arena
564 4911 753 4981 capto,
799 4908 1001 4963 urbem
1050 4912 1275 4965 tantam
1326 4907 1758 4981 aggrederetur,
1792 4926 1968 4981 quam

330 4995 509 5068 paulo
532 5000 667 5053 ante
686 4996 963 5053 universa:
985 4996 1135 5052 vires
1158 4995 1389 5070 imperii
1410 4996 1625 5052 frustra
1646 5013 1970 5071 oppugnas-

333 5088 485 5153 sent,
519 5083 925 5154 cunctabatur,
949 5089 1005 5141 et
1037 5085 1415 5157 quaerendum
1448 5084 1699 5157 amplius
1730 5087 1972 5158 putabat

332 5173 477 5249 quid
531 5172 630 5230 lali
676 5173 980 5231 occasione
1028 5177 1183 5231 esset
1236 5175 1549 5245 agendum.
1583 5176 1724 5231 Cum
1775 5179 1967 5231 autem

326 5262 554 5319 vocatis
586 5278 763 5335 super
790 5279 857 5319 ea
888 5278 950 5319 re
997 5263 1056 5319 in
1107 5262 1421 5318 concilium
1457 5261 1705 5319 ducibus
1734 5263 1968 5321 Alexius

328 5352 460 5423 ejus
510 5350 795 5423 patruelis
838 5351 910 5405 ad
958 5351 1424 5422 persuadendam
1478 5352 1968 5423 oppugnationem

326 5439 705 5496 vehementer
759 5438 1144 5509 incumberet,
1175 5444 1231 5495 et
1260 5439 1498 5511 quidam
1532 5456 1599 5495 ex
1629 5439 1970 5497 voluntariis

328 5531 721 5600 cognomento
740 5526 1107 5583 Cutritzaccs
1140 5528 1459 5583 fortissime
1490 5528 1547 5581 in
1574 5545 1702 5584 eam
1735 5533 1969 5584 senten-

327 5618 476 5675 tiam
516 5615 761 5688 loquens
811 5616 1003 5687 operis
1050 5616 1226 5671 etiam
1276 5632 1616 5672 successum
1648 5617 1705 5672 in
1739 5634 1799 5674 se
1832 5617 1970 5673 reci-

327 5710 493 5781 peret
525 5704 897 5775 (inevitabilis
938 5704 1209 5760 efﬁcacia:
1238 5704 1506 5762 videlicet
1555 5711 1694 5763 sunt
1740 5707 1969 5763 decreta

2004 4599 2053 4663 Ι)

2093 3334 2205 3390 que
2234 3334 2337 3389 pro
2364 3334 2427 3375 se
2457 3334 2689 3390 quoque
2719 3318 3005 3390 impetum
3050 3319 3122 3375 ad
3155 3334 3388 3374 omnem
3419 3316 3539 3372 sive
3570 3317 3717 3373 insi-

2082 3405 2280 3461 diandi
2338 3406 2456 3463 sive
2512 3405 2771 3461 irruendi
2827 3405 3219 3462 necessariam
3279 3421 3537 3477 operam,
3594 3405 3720 3477 ipse

2081 3494 2235 3548 I40
2266 3494 2499 3566 quidem
2542 3493 2838 3549 interdum
2888 3493 3173 3549 circuibat
3217 3491 3477 3548 lustrans
3526 3499 3720 3564 explo-

2081 3596 2351 3653 ransque,
2384 3586 2449 3636 ut
2477 3598 2581 3653 par
2611 3585 2754 3649 erat,
2789 3586 3021 3651 cuncta,
3054 3580 3373 3637 identidem
3406 3583 3624 3641 autem.
3650 3597 3721 3635 ne

2083 3669 2477 3741 suspicionem
2530 3668 2754 3726 Latinis
2804 3670 3008 3725 urbem
3056 3668 3395 3726 tenentibus
3442 3674 3720 3737 moveret,

2082 3758 2357 3813 recedens
2387 3773 2808 3828 removensque
2856 3773 2918 3812 se
2958 3774 2990 3811 a
3020 3760 3353 3828 conspectu,
3386 3772 3619 3828 semper
3649 3757 3722 3813 iis

2082 3862 2212 3917 quae
2238 3844 2705 3919 suggerebantur
2737 3846 3074 3900 attendens:
3102 3844 3222 3899 ibat
3251 3844 3404 3901 enim
3440 3862 3558 3901 una
3589 3860 3718 3900 cum

2081 3935 2209 4007 ipso
2243 3934 2396 3990 idem
2448 3932 2543 3989 ille
2591 3932 2943 3990 Cutritzaces
2990 3931 3386 4005 peritissimus
3435 3933 3718 3999 locorum,

2082 4023 2297 4093 pariter
2326 4026 2535 4077 cuncta
2564 4019 3068 4093 circumspiciens.
3102 4020 3492 4075 Providebant
3522 4026 3717 4075 autem

2082 4110 2252 4165 ambo
2284 4108 2461 4165 simul
2493 4112 2556 4163 ut
2582 4124 2757 4181 quam
2806 4106 3023 4179 optime
3071 4123 3369 4180 quamque
3416 4107 3718 4163 celerrime

2082 4198 2233 4271 quod
2268 4196 2700 4254 meditabantur
2722 4196 2883 4250 fieret
2908 4209 2921 4248 :
2949 4194 3276 4267 periculum
3310 4195 3469 4249 enim
3502 4199 3626 4251 erat
3655 4195 3715 4250 in

2082 4302 2263 4357 mora,
2288 4301 2357 4340 ne
2380 4284 2599 4357 aliquid
2633 4283 2900 4339 alicunde
2931 4282 3250 4339 sentientes
3281 4283 3553 4339 custodes
3576 4299 3717 4338 moe-

2082 4374 2243 4429 nium
2266 4373 2723 4430 vociferarentur
2743 4371 2972 4444 etquod
3007 4369 3154 4427 clam
3186 4370 3506 4443 parabatur
3525 4370 3716 4444 palam

2081 4462 2412 4535 proderent.

2398 4607 2488 4662 27.
2524 4608 2585 4663 Ut
2612 4605 2740 4660 urb:
2768 4610 2923 4675 capta
2949 4602 3022 4659 sit
3052 4620 3087 4659 ιι
3115 4604 3393 4661 Romanis.

2151 4732 2223 4789 Ut
2252 4731 2430 4805 igitur
2459 4732 2528 4788 de
2565 4730 2839 4787 omnibus
2867 4728 3137 4786 convenit
3166 4745 3290 4801 quae
3322 4727 3717 4786 conducibilia

2080 4822 2150 4878 ad
2175 4835 2514 4878 successum
2538 4818 2750 4891 negotii
2774 4820 2913 4873 sunt
2934 4816 3143 4888 visa,et
3163 4816 3552 4873 constitutum
3574 4821 3718 4874 tem-

2079 4927 2190 4983 pus
2233 4913 2322 4967 est
2371 4909 2570 4981 (noctu
2619 4906 2774 4963 enim
2807 4915 2859 4961 et
2885 4921 2953 4962 ex
2984 4905 3298 4979 improviso
3346 4906 3721 4980 supervenire

2080 4998 2322 5055 minime
2352 4997 2729 5073 opinantibus
2761 4996 3180 5068 decreverant),
3204 4996 3329 5052 suis
3351 4996 3571 5070 quique
3592 5012 3720 5069 par-

2078 5088 2237 5145 tibus
2289 5092 2526 5145 strenue
2574 5083 2963 5159 defungendis
2996 5084 3203 5140 intenti
3230 5086 3611 5157 expectabant
3641 5084 3718 5139 si-

2078 5193 2281 5249 gnum.
2298 5176 2442 5234 Aliis
2465 5175 2620 5233 enim
2644 5173 3156 5232 cura-demandata
3176 5177 3265 5229 est
3287 5172 3716 5229 conscendendi

2079 5266 2205 5323 sine
2237 5265 2484 5339 strepitu
2516 5263 2687 5323 scalis
2717 5262 2971 5319 admotis
3003 5278 3192 5331 muro,
3225 5276 3408 5333 eoque
3440 5265 3715 5334 superato

2081 5371 2227 5428 quos
2258 5353 2336 5411 ibi
2370 5353 2641 5412 custodes
2692 5351 3015 5424 reperirent
3063 5365 3313 5424 superne
3360 5352 3522 5405 extra
3571 5348 3715 5421 deji-

2080 5443 2293 5513 ciendi,
2324 5461 2389 5501 ac
2421 5446 2651 5517 portam
2698 5440 2788 5499 cui
2822 5457 2855 5497 a
2886 5440 3041 5494 fonte
3093 5454 3304 5493 nomen
3355 5441 3443 5494 est
3491 5438 3718 5510 patefa-

2079 5531 2288 5603 ciendi,
2312 5531 2514 5588 cuneis
2542 5529 2831 5603 impactis,
2867 5527 2966 5583 ubi
2999 5526 3312 5581 obductam
3345 5525 3492 5581 ostio
3525 5540 3714 5581 mace-

2077 5619 2225 5675 riam
2248 5619 2414 5691 prius
2440 5619 2778 5674 diruissent.
2795 5614 3007 5673 Caesari
3031 5628 3162 5669 vero
3185 5621 3545 5670 reservatum
3568 5613 3718 5671 exci-

2077 5711 2227 5763 tatos
2260 5722 2360 5779 per
2389 5714 2617 5763 noctem
2640 5710 2697 5761 ct
2719 5720 2963 5777 pransos
2995 5704 3232 5774 paratos
3256 5718 3454 5758 secum
3487 5701 3719 5758 trahere
