4158 6280
437 336 544 392 579

1740 334 2040 389 GEORGII
2078 335 2537 389 PACHYMERE

3718 335 3824 388 580

438 482 530 534 ρον
565 507 580 532 ,
637 464 717 532 τῶ
774 456 831 514 δὲ.
885 456 1113 533 Καίσαρι
1168 457 1294 519 τοὺς
1354 457 1684 532 στρατιώτας
1741 453 1830 510 διὰ
1883 457 2071 516 νυκτὸς
2103 470 2154 537 Α
2184 463 2301 518 τοῖς
2355 457 2502 520 ἐντὸς
2531 458 2629 525 τήν
2662 453 2985 528 ἐπιϐουλήν.
3017 462 3172 523 Ὀθεν
3222 459 3310 514 καὶ
3343 457 3546 514 συνέδει
3582 456 3826 520 διδόντος

439 547 800 626 ἐφελκόμενον
847 546 1080 620 ἑτοίμως
1132 541 1439 600 εἰσϐάλλειν
1492 545 1580 599 καὶ
1623 545 1757 598 κατὰ
1801 546 1899 612 τήν
1932 543 2078 597 dvo;-

437 637 652 692 λθεῖσαν
706 636 887 704 πύλην
947 635 1313 710 εἷσέρχεσθαι.
1376 632 1550 696 Εὐθὺς
1609 640 1707 702 τῆς
1767 632 2076 707 ὡρισμένης

435 725 625 787 νυκτὸς
683 724 975 794 ἐπιστάσης
1024 724 1074 778 οἱ
1137 724 1230 796 μὲν
1285 723 1420 790 ἦσαν
1475 723 1609 796 πρὸς
1668 718 1929 796 τοῦργῳ,
1988 720 2076 774 καὶ

433 815 598 869 τόπον
659 811 868 878 εὔθετον
939 811 1336 886 στοχασάμενοι
1415 810 1588 865 ἐκεῖσε
1645 817 1920 886 προσῆγον
1976 810 2074 876 τὴν

436 903 700 975 κλίμακα,
754 899 1103 979 εύιρυλάκτως
1149 901 1211 954 τὸ
1271 898 1483 972 σύμπαν
1539 897 1779 972 ἔχοντες,
1833 899 1907 968 μή
1963 919 2079 960 παις

434 997 550 1052 τοῖς
604 990 800 1067 φύλαξι
848 991 1142 1066 φωραθεῖεν
1191 988 1279 1042 καὶ
1309 988 1408 1055 τὴν
1461 989 1626 1062 θήραν
1673 981 2075 1056 ἀνασοϐήσωσε,

441 1077 652 1152 μᾶλλον
713 1080 806 1151 μὶν
861 1082 950 1132 οὖν
1002 1078 1090 1131 καὶ
1147 1077 1400 1151 μέγιστος
1451 1075 1634 1136 αύτοῖς
1682 1073 1926 1136 κίνδυνος
1957 1072 2073 1128 ἐπι-

437 1171 558 1242 στῇ,
589 1167 637 1221 εἴ
666 1166 838 1240 ἀλῷεν
875 1161 1344 1225 ἐπιϐουλεύοντες.
1383 1166 1588 1237 Καῖσαρ
1640 1161 1697 1217 δὲ
1742 1170 1842 1232 τῆς
1885 1162 2076 1224 νυκτὸς

437 1255 646 1325 ἐκείνης
675 1256 737 1310 τὸ
768 1255 1028 1318 Σκυθικὸν
1082 1252 1171 1306 καὶ
1222 1251 1342 1306 ὅσον
1391 1252 1456 1318 ἦν
1509 1249 1648 1306 ἄλλο
1689 1246 1873 1305 λαϐὼν
1920 1251 2074 1319 ἡπεί-

436 1365 563 1418 γετο
621 1345 756 1418 πρὸς
813 1344 910 1410 τὴν
969 1339 1170 1409 πόλιν,
1230 1341 1318 1394 καὶ
1376 1337 1492 1394 ἐπεὶ
1558 1339 1819 1413 πρότερον
1879 1340 1912 1408 ἢ
1981 1342 2077 1392 τοῦ

439 1431 694 1508 πράττειν
752 1430 991 1492 ἐκείνους
1048 1428 1278 1503 ἔφθασαν
1336 1427 1424 1481 καὶ
1484 1430 1518 1495 ἡ
1571 1427 1660 1498 νὺξ
1692 1427 1916 1501 ἀργοῦσι
1973 1447 2080 1480 πα-

437 1521 674 1596 ρώχετο,
723 1516 986 1580 περιδεῶς
1037 1517 1152 1591 εἶχε
1178 1517 1311 1591 πρὸς
1357 1518 1453 1584 τήν
1485 1515 1673 1591 ἀργίαν
1721 1514 1810 1569 καὶ
1860 1515 2078 1569 ἀντεπι-

436 1603 642 1677 ϐουλήν
703 1608 1014 1664 ὑπώτευεν.
1085 1603 1241 1662 Ἀλλ’
1303 1606 1330 1658 6
1385 1605 1789 1676 Κουτριτζάκης
1839 1601 2075 1674 ἀνελάμ-

437 1693 561 1751 ϐανέ
601 1716 659 1750 τε
707 1702 806 1764 τῆς
859 1692 1066 1754 δειλίας
1125 1691 1326 1747 ἐκεῖνον
1376 1692 1464 1746 καὶ
1523 1690 1761 1760 ἐλπίζειν
1805 1690 2076 1765 εὐθαρσῶς

435 1789 695 1860 παρεῖχεν
745 1784 818 1845 ὡς
866 1781 1079 1837 ἐκείνων
1128 1803 1179 1835 τι
1229 1780 1572 1854 πραττόντων
1618 1778 1788 1841 ἐντός.
1845 1778 1918 1833 Ού
1970 1779 2076 1851 μὴν

437 1871 494 1928 δέ
568 1874 657 1927 καὶ
736 1871 969 1944 ύποψίας
1037 1872 1064 1924 6
1126 1875 1326 1944 Καῖσαρ
1387 1867 1605 1944 ὑφίετο·
1663 1873 1767 1922 ποῦ
1824 1868 1927 1943 γάρ
1985 1868 2071 1922 καὶ

433 1961 725 2032 ὑπενόησεν
799 1960 982 2035 ἀργεῖν
1043 1959 1274 2019 ἐκείνους
1330 1957 1414 2032 ἐφ’
1485 1957 1529 2027 ᾧ
1587 1957 1918 2028 κατερείπειν
1977 1957 2068 2010 τὸν

431 2043 518 2104 ἕπὶ
573 2054 641 2122 τῇ
699 2046 847 2122 πύλῃ
905 2054 1003 2117 τῆς
1061 2053 1243 2121 πηγῆς
1295 2044 1354 2100 ἐκ
1406 2044 1569 2099 λίθων
1605 2044 1781 2120 ξηρῶν
1812 2043 2072 2118 ἐπιτειχι-

433 2138 609 2211 σμόν;
670 2137 788 2200 ὅθεν
833 2137 924 2191 καὶ
976 2135 1231 2212 ἐμφανεῖς
1278 2131 1665 2208 προεξεὸέχετο
1714 2134 1838 2194 τοὺς
1893 2130 2070 2187 κινδύ-

427 2248 576 2297 νους,
625 2226 714 2281 καὶ
747 2223 916 2295 δῆλος
947 2223 1006 2289 ἦν
1039 2222 1358 2298 χλευασθεῖς
1405 2220 1608 2278 ἀλύων.
1655 2222 1716 2277 Ὁ
1765 2220 1866 2294 γὰρ
1914 2232 2067 2294 θερα-

429 2314 609 2369 πεύειν
659 2312 996 2386 ἠλπισμένος
1044 2307 1337 2371 ἐπίϐουλος
1391 2309 1756 2378 ὑπωπτεύετο,
1806 2309 1892 2362 καὶ
1947 2329 2070 2361 συν-

430 2399 567 2457 δέειν
625 2400 910 2474 ἐδοκίμαζε
965 2399 1055 2454 τὸν
1133 2391 1578 2470 ἀναλαμϐάνοντα
1649 2397 1723 2457 ὡς
1793 2393 2070 2449 συνειδότα

429 2617 666 2686 milites,
693 2631 839 2686 quos
865 2617 1188 2686 opportune
1216 2611 1558 2668 immitteret
1579 2619 1631 2666 et
1665 2627 1766 2683 per
1796 2614 2059 2682 apertum

427 2707 640 2762 ostium
664 2721 798 2760 cum
821 2702 966 2774 ipsis
990 2702 1356 2772 irrumperet.
1383 2701 1586 2755 Statim
1607 2715 1742 2772 ergo
1766 2705 1832 2755 ut
1862 2699 2062 2754 condi-

426 2800 518 2850 cta
566 2811 679 2850 nox
736 2792 946 2859 adfuit,
979 2790 1064 2846 illi
1099 2790 1336 2862 quidem
1383 2789 1442 2844 in
1492 2805 1663 2860 opere
1723 2788 2060 2859 praescripto

422 2883 827 2949 versabantur,
860 2880 1010 2935 clam
1043 2877 1215 2935 scalis
1245 2878 1454 2934 erectis
1486 2878 1692 2933 idoneo
1723 2893 1788 2932 ac
1819 2875 2062 2932 solerter

423 2971 646 3028 delecto
685 2969 834 3036 loco,
865 2967 1194 3022 cautionem
1245 2966 1590 3022 adhibentes
1638 2979 1956 3034 summam,
1987 2980 2059 3018 ne

425 3060 767 3117 custodibus
797 3057 1081 3113 indicium
1113 3056 1204 3112 sui
1228 3057 1455 3125 darent,
1487 3061 1544 3110 et
1575 3071 1750 3126 quam
1780 3057 2055 3109 venatum

423 3150 588 3205 ibant
615 3147 868 3220 praedam
901 3145 1146 3216 strepitu
1181 3143 1587 3214 intempestivo
1618 3147 1902 3198 terrerent
1921 3159 2058 3213 pra:-

426 3239 652 3291 mature
671 3235 1102 3302 moverentque.
1129 3231 1206 3285 Ad
1231 3247 1407 3302 quam
1433 3230 1799 3286 sedulitatem
1822 3229 2056 3286 cavendi

423 3323 823 3381 excitabantur
871 3317 1277 3391 magnitudine
1311 3318 1528 3390 proprii
1561 3317 1826 3390 periculi,
1860 3317 2060 3389 utique

421 3411 634 3484 quibus
664 3415 823 3465 certa
853 3407 1138 3478 pernicies
1160 3406 1555 3478 impendebat,
1581 3407 1629 3461 si
1653 3406 2060 3477 interciperen-

421 3505 518 3556 tur
539 3500 600 3554 in
627 3499 756 3570 ipsa
769 3497 1066 3552 molitione
1087 3495 1354 3551 insidiosi
1377 3493 1659 3550 assultus.
1683 3495 1872 3550 Caesar
1890 3511 2060 3566 porro

422 3605 525 3660 per
553 3603 682 3644 eam
715 3591 944 3642 noctem
976 3583 1232 3656 sumptis
1265 3599 1464 3639 secum
1497 3581 1726 3655 Scythis
1748 3588 1803 3638 et
1833 3583 2058 3638 cunctis

422 3675 553 3732 aliis
585 3675 768 3747 cepiis
799 3675 946 3728 141
985 3671 1301 3727 festinabat
1329 3669 1534 3726 urbem
1565 3685 1788 3727 versus.
1822 3671 1888 3726 Et
1916 3687 2057 3741 quo~

421 3764 578 3820 niam
609 3764 678 3819 ad
709 3762 980 3818 viciniam
1017 3763 1190 3831 portas
1223 3775 1354 3814 cum
1412 3758 1535 3814 suis
1583 3757 1750 3830 prius
1798 3759 2061 3830 pervenit

420 3869 596 3925 quam
629 3851 726 3907 alii
760 3849 1141 3923 perfecissent
1170 3847 1228 3902 id
1261 3847 1416 3918 quod
1449 3847 1704 3902 facturos
1734 3846 1893 3917 ipsos
1923 3863 2059 3902 con-

417 3934 676 4007 venerat,
696 3943 753 3996 et
774 3955 886 3994 nox
908 3936 1053 4009 ipsis
1076 3935 1447 3993 cessantibus
1472 3933 1687 4002 abibat,
1717 3934 1867 3989 male
1888 3935 2060 4006 coepit

420 4035 678 4085 metuere
700 4043 771 4082 ne
789 4027 958 4097 cujus
977 4024 1175 4096 magni
1217 4023 1355 4079 mali
1379 4026 1480 4078 aut
1500 4038 1678 4078 causa
1699 4026 1799 4078 aut
1820 4024 2059 4078 effectus

420 4122 574 4176 esset
603 4117 716 4173 ista
745 4115 1012 4172 cessatio.
1045 4112 1378 4170 Contrarias
1427 4111 1697 4168 videlicet
1727 4111 1974 4167 insidias
2005 4115 2061 4168 et

420 4204 731 4277 ancipitem
763 4202 1155 4276 proditionem
1187 4200 1578 4272 suspectabat.
1602 4199 1815 4254 Verum
1841 4199 2058 4256 Cutrit-

422 4309 586 4350 zaces
608 4292 914 4348 revocabat
934 4305 1068 4346 eum
1092 4290 1161 4345 ab
1187 4286 1286 4342 illo
1311 4291 1467 4342 metu
1499 4291 1787 4357 quantum
1813 4292 2056 4358 poterat,

417 4387 474 4438 et
504 4397 667 4454 spem
699 4380 983 4452 optimam
1017 4381 1080 4432 ut
1109 4375 1442 4447 conciperet
1497 4375 1721 4444 orabat,
1756 4375 2059 4432 afﬁrmans

416 4472 632 4543 aliquid
658 4469 897 4527 omnino
920 4469 1105 4523 facere
1127 4466 1287 4521 intus
1302 4481 1400 4520 eos
1414 4465 1515 4537 qui
1533 4481 1766 4520 murum
1785 4482 2059 4522 consceno

2187 544 2389 599 ἐκείνου
2445 547 2531 599 καὶ
2593 543 2810 618 ἕτοιμον
2867 547 3052 602 ἑαυτὸν
3110 548 3492 622 παρεχομένου
3549 551 3737 610 παθεῖν
3795 545 3826 600 ὅ

2185 653 2235 686 τι
2301 632 2580 707 βούλοιτο,
2646 633 2692 687 εἴ
2746 633 2942 689 ἐκεῖνοι
3001 629 3430 690 ἐπιϐουλεύοιεν.
3489 635 3821 709 Συγκατῄνει

2189 717 2244 773 δέ
2271 726 2389 782 τοῖς
2441 720 2763 796 λεγομένοις
2805 723 2894 776 καὶ
2945 725 2972 777 ὁ
3019 721 3262 793 Ἀλέξιος
3311 722 3676 799 ἐπιοαρῥύνων
3732 723 3823 776 τὸν

2189 814 2330 870 οεῖον
2375 809 2462 863 καὶ
2519 811 2581 864 τὸ
2640 807 2759 872 δέος
2817 807 3276 886 ἀποκρουόμενος.
3337 811 3438 867 Καὶ
3493 813 3520 865 6
3574 811 3666 883 μὲν
3701 811 3824 885 περὶ

2185 898 2282 965 τὴν
2356 899 2526 969 μονὴν
2583 905 2682 967 τῆς
2756 905 2932 974 πογῆς
2993 900 3387 975 προσεκάθητο,
3445 899 3536 954 τὸν
3600 899 3823 970 στρατὸν

2185 985 2430 1060 κατέχων
2476 991 2603 1060 σιγῇ
2651 988 2738 1041 καὶ
2793 989 3061 1062 μετέωρος
3114 987 3185 1042 ὥν
3245 989 3379 1063 πρὸς
3428 989 3489 1042 τὸ
3529 977 3822 1060 ’σύμϐολον

2187 1076 2270 1147 (τὸ
2303 1074 2348 1129 δ’
2379 1075 2440 1141 ἦν
2478 1078 2510 1144 ἡ
2563 1081 2668 1130 τῶν
2734 1076 2999 1150 βασιλέων
3047 1077 3288 1154 εὐφημία
3335 1075 3424 1131 ἐπὶ
3470 1082 3566 1131 τοῦ
3606 1075 3824 1150 τείχους

2193 1162 2667 1238 ὑψηλοφωνεῖσθαι
2729 1162 3054 1238 μέλλουσα)⁶
3110 1169 3198 1235 [Ρ.
3239 1165 3331 1236 92]
3390 1166 3441 1218 o't
3495 1163 3552 1219 δὲ
3594 1164 3823 1237 ἡσύχως

2189 1253 2304 1313 καθ’
2346 1249 2436 1305 ἕνα
2505 1248 2867 1315 ὑπαναϐάντες
2934 1253 3028 1314 τὰς
3093 1251 3369 1326 κλίμακας
3429 1251 3822 1326 προσπαίουσιν

2187 1337 2339 1400 εὐθὺς
2395 1345 2509 1402 τοῖς
2569 1346 2827 1416 φρουροῖς
2885 1340 3278 1415 κοιμωμένοις,
3315 1338 3543 1402 Ἰταλοῖς
3572 1361 3633 1414 γε
3682 1337 3822 1406 οὖσι,

2185 1427 2273 1481 καί
2359 1449 2478 1504 σφιν
2566 1430 2617 1482 οἱ
2704 1427 2942 1490 ἐπιόντες
3010 1425 3136 1503 ὄναρ
3213 1429 3506 1498 ἐπέστησαν
3567 1423 3819 1502 φοϐερόν

2187 1515 2464 1590 εὖθὺςγάρ
2511 1515 2637 1579 τοὺς
2682 1518 2776 1588 μὲν
2833 1515 2962 1590 μηδ’
3009 1516 3363 1590 αἰσθομένους
3424 1514 3666 1572 ἐκποδὼν
3725 1538 3820 1570 κα-

2183 1604 2474 1677 τασχὸντες
2550 1603 2858 1680 ἐρῥίπτουν,
2940 1608 3259 1682 σφάττοντες
3332 1607 3619 1680 πρότερον,
3693 1605 3817 1666 τοὺς

2186 1689 2241 1746 δὲ
2309 1692 2397 1746 καὶ
2471 1699 2572 1762 τῆς
2646 1701 2892 1768 ταραχῆς
2960 1692 3241 1756 ἐπαΐοντας
3298 1696 3386 1748 καὶ
3451 1695 3588 1767 πρὸς
3643 1695 3816 1770 φυγήν

2181 1782 2548 1853 τρεπομένους
2629 1783 2913 1857 φθάνοντες
2999 1784 3438 1852 κατεσπάοιζον,
3525 1783 3600 1845 ὡς

2183 1866 2414 1942 ἄγγελον
2471 1873 2576 1922 τῶν
2635 1867 2926 1942 δρωμένων
2989 1868 3399 1946 ὑπολελεῖφθαι,
3463 1872 3598 1925 ὅπου
3626 1892 3685 1944 γε
3730 1871 3821 1924 καὶ

2179 1957 2269 2010 τὸν
2324 1956 2428 2010 ἀπὸ
2485 1961 2581 2010 τοῦ
2641 1956 2988 2019 κωλύσοντος
3043 1953 3210 2032 φόϐον
3268 1958 3454 2012 ἐνίκων
3507 1959 3560 2012 αἱ
3618 1960 3820 2031 προθυ·

2185 2044 2322 2116 μίαι,
2380 2045 2468 2098 καὶ
2500 2041 2662 2112 δῆλοι
2687 2045 2844 2114 ἦσαν,
2904 2047 2964 2112 ἢν
2995 2067 3076 2106 τις
3106 2045 3406 2116 ἀντισταίη,
3455 2045 3821 2119 μαχούμενοι.

2181 2130 2464 2195 Ἐλθόντες
2516 2131 2573 2186 δὲ
2617 2133 2753 2207 πρὸς
2790 2135 2890 2202 τήν
2948 2137 3048 2202 τῆς
3092 2140 3278 2208 πηγῆς
3322 2133 3502 2203 πύλην
3563 2135 3650 2188 καὶ
3697 2134 3824 2188 ταύ-

2181 2241 2278 2288 την
2335 2220 2825 2296 άναπεφραγμένην
2885 2221 3128 2297 εὑρόντες
3179 2221 3355 2286 λίθοις
3402 2222 3679 2277 κατέσπων
3731 2224 3820 2277 εύο

2181 2308 2337 2381 θέως,
2395 2311 2497 2363 κάκ
2548 2311 2714 2382 μέσου
2771 2315 3054 2372 ποιοῦντες
3110 2310 3240 2374 τοὺς
3283 2308 3471 2372 λίθους
3529 2309 3705 2365 δίοδον
3751 2314 3818 2382 τῇ

2178 2402 2398 2470 στρατιᾷ
2427 2397 2725 2470 ἡτοίμαζον
2787 2398 3021 2473 εὐμαρῆ,
3080 2399 3190 2453 εἶτα
3245 2396 3303 2453 δὲ
3357 2399 3445 2453 καὶ
3479 2399 3644 2476 σφησὶ
3677 2397 3818 2472 χαλ-

3691 1780 3820 1855 μηδ’

2175 2610 2366 2667 fallaci
2396 2629 2663 2669 sermone
2695 2618 3128 2686 promoventem
3159 2615 3208 2669 ei
3242 2619 3580 2686 suspectum
3605 2615 3814 2670 redde-

2173 2704 2278 2754 ret.
2304 2702 2492 2766 Quare
2523 2703 2729 2758 statuit
2759 2720 2891 2758 eum
2917 2703 3092 2759 veluti
3127 2703 3431 2759 conscium
3462 2703 3812 2759 insidiarum

2173 2789 2571 2860 constringere
2625 2791 3193 2863 custodiendumque
3224 2792 3349 2847 suis
3380 2792 3538 2862 dare,
3571 2793 3724 2864 quod
3757 2795 3814 2846 et

2170 2875 2306 2931 fecit
2327 2876 2554 2934 volente
2584 2879 2708 2949 ipso
2731 2897 2794 2934 ac
2828 2897 2890 2936 se
2911 2885 3180 2950 paratum
3205 2879 3511 2935 exhibente
3538 2881 3609 2934 ad
3640 2879 3812 2950 quid-

2168 2963 2253 3018 vis
2285 2965 2556 3036 supplicii
2590 2967 2988 3036 subeundum,
3021 2968 3070 3022 si
3101 2967 3424 3039 quidquam
3457 2967 3810 3024 insidiarum

2169 3052 2238 3106 ab
2269 3052 2342 3108 iis
2373 3054 2616 3126 quijam
2650 3056 2853 3111 urbem
2889 3057 3247 3111 intraverant
3272 3060 3613 3111 strueretur.
3638 3059 3808 3112 Com-

2170 3141 2452 3212 probabat
2482 3159 2607 3215 quae
2635 3161 2667 3199 a
2691 3145 3016 3201 Cutritzace
3048 3145 3293 3200 ﬁdenter
3311 3161 3380 3200 ea
3401 3145 3698 3200 occasione
3721 3145 3808 3200 di-

2169 3229 2452 3286 cebantur
2469 3231 2723 3302 Alexius,
2747 3234 3099 3289 conﬁrmans
3123 3232 3398 3288 similiter
3417 3238 3716 3304 patruum,
3750 3239 3804 3289 et

2169 3322 2233 3373 ut
2256 3323 2476 3395 metum
2509 3321 2821 3393 deponeret
2850 3321 3190 3377 adhortans.
3215 3321 3362 3394 Ergo
3381 3321 3478 3377 ille
3501 3321 3653 3377 circa
3675 3339 3797 3378 mo-
3861 3382 3864 3383 ,

2169 3407 2485 3462 nasterium
2520 3410 2588 3463 ad
2639 3409 2858 3464 fontem
2891 3410 3070 3466 situm
3103 3409 3460 3482 quiescebat,
3492 3411 3800 3466 continens

2168 3494 2484 3550 exercitum
2517 3495 2771 3564 silentio,
2789 3503 2847 3553 et
2870 3498 3130 3554 intentus
3161 3498 3521 3554 observando
3544 3499 3708 3572 signo
3731 3500 3801 3555 de

2169 3599 2284 3653 quo
2315 3589 2680 3640 convenerat.
2727 3586 2864 3642 Erat
2913 3591 3109 3643 autem
3138 3587 3195 3642 id
3228 3585 3586 3653 acclamatio,
3614 3587 3805 3658 qualis

2169 3669 2293 3726 fieri
2324 3671 2775 3742 imperatoribus
2807 3674 2976 3742 solet,
3000 3691 3178 3746 supra
3210 3691 3448 3730 murum
3479 3675 3638 3730 edita
3668 3692 3808 3732 voce

2169 3758 2398 3814 sublata
2415 3765 2471 3815 et
2491 3760 2604 3816 late
2637 3761 3014 3834 intelligibili.
3043 3762 3127 3817 llli
3147 3779 3318 3834 porro
3344 3762 3658 3834 tranquille
3690 3780 3810 3819 ma-

2167 3862 2400 3920 gnaque
2424 3850 2574 3905 I42
2598 3851 2817 3906 vitandi
2841 3851 3122 3923 strepitus
3147 3850 3654 3924 cura,singillatim
3671 3869 3807 3908 con-

2169 3935 2389 3992 scensis
2417 3938 2610 4007 scalis,
2631 3939 3142 3995 oﬂ'enduntstatim
3157 3941 3429 3995 custodes
3452 3941 3804 3998 dormientes

2168 4023 2318 4095 (Itali
2343 4024 2401 4079 hi
2424 4030 2612 4094 erant)
2650 4033 2706 4082 et
2755 4027 3015 4083 terribile
3045 4027 3164 4083 illis
3195 4027 3492 4083 somnium
3525 4034 3753 4100 portant
3788 4047 3802 4084 :

2167 4112 2362 4168 subito
2391 4114 2546 4169 enim
2570 4131 2668 4170 eos
2693 4131 2796 4170 nec
2819 4117 3136 4171 sentientes
3171 4115 3493 4186 corripiunt
3517 4133 3582 4172 ac
3603 4117 3801 4173 detur-

2168 4199 2310 4255 bant
2333 4201 2930 4274 deorsum,jugulatos
2949 4203 3340 4273 prius.Socios
3363 4219 3494 4260 vero
3515 4205 3798 4274 quosdam

2167 4287 2452 4360 ipsorum,
2483 4291 2581 4362 qui
2614 4289 2875 4346 tumultu
2923 4291 3093 4347 exciti
3143 4292 3342 4364 fugam
3394 4291 3800 4364 expediebant,

2168 4383 2635 4450 praeoccupantes
2665 4380 2983 4436 concidunt
3012 4379 3246 4451 gladiis,
3265 4384 3328 4435 ut
3347 4395 3518 4436 nemo
3541 4395 3806 4452 superes-

2167 4468 2255 4520 set
2286 4467 2386 4537 qui
2417 4469 2710 4524 nuntiaret
2740 4485 2868 4540 quae
2895 4469 3269 4540 gerebantur.
3295 4468 3515 4540 Nempe
3539 4470 3664 4538 jam
3691 4485 3802 4524 me-

417 4561 645 4615 derant.
673 4559 787 4616 Nec
814 4563 1012 4613 tamen
1044 4555 1212 4612 illum
1245 4554 1493 4612 audiens
1516 4571 1549 4610 a
1575 4553 1910 4625 suspicione
1927 4571 2058 4611 con-
2088 4545 2134 4611 D
2167 4559 2316 4622 tum,
2339 4573 2452 4626 quo
2485 4557 2698 4612 mcenia
2729 4558 2934 4613 timide
2965 4557 3285 4613 subeuntes
3310 4562 3807 4625 cestuaverant,ne

418 4648 756 4718 quiescebat
786 4647 976 4702 Caesar
1005 4662 1017 4700 :
1051 4642 1414 4700 comminisci
1459 4642 1613 4697 enim
1673 4659 1787 4698 non
1837 4647 2064 4715 poterat

420 4735 520 4790 ubi
541 4738 598 4790 et
619 4734 1000 4806 quamobrem
1047 4738 1168 4788 tam
1212 4732 1312 4787 diu
1367 4731 1741 4798 feriarentur,
1770 4747 1874 4786 nec
1906 4733 2062 4804 quod

416 4821 615 4878 statim
648 4822 902 4876 facturos
933 4821 1386 4891 spoponderant,
1419 4818 1610 4874 adhuc
1672 4819 2062 4891 dissipassent

417 4927 651 4966 murum
668 4908 1019 4965 subitarium
1035 4906 1372 4978 elapidibus
1385 4912 1606 4964 temere
1631 4909 1923 4980 congestis
1937 4909 2060 4965 sine

419 5003 704 5055 ccemento
729 5001 881 5053 retro
909 4999 1134 5067 portam
1167 4994 1340 5050 fontis
1364 4998 1785 5062 erectum.Quae
1809 4997 2060 5054 maxime

419 5104 512 5142 res
543 5083 1053 5157 inquietissimum
1077 5081 1162 5136 illi
1183 5087 1466 5137 terrorem
1491 5084 1840 5140 admovebat
1860 5086 2059 5157 magni

419 5192 451 5230 a
474 5192 605 5230 mox
625 5173 921 5245 erupturis
941 5170 1212 5226 hostibus
1229 5169 1493 5241 periculi.
1518 5170 1888 5242 ltaquevultu
1907 5173 2056 5228 haud

418 5261 832 5318 dissimulabat
851 5274 1154 5315 mcerorem
1172 5257 1339 5329 quasi
1364 5274 1503 5313 serae
1526 5258 2058 5332 pmnitentiaa,quod

420 5351 588 5407 illudi
611 5351 728 5407 sibi
752 5367 818 5406 ac
841 5350 1040 5404 fucum
1066 5346 1187 5402 fieri
1212 5362 1390 5417 seque
1419 5364 1485 5402 ac
1517 5347 1832 5403 exercitum
1857 5349 2059 5406 fraude

417 5439 475 5494 in
500 5438 749 5494 insidias
772 5437 924 5493 trahi
949 5451 1160 5507 passus
1183 5437 1551 5498 esset.Quem
1577 5434 1659 5489 illi
1684 5451 1935 5492 errorem
1956 5439 2054 5507 qui

413 5529 643 5583 demere
665 5525 1017 5583 consolando
1040 5523 1540 5592 conabatur,adeo
1565 5540 1770 5595 parum
1800 5526 2058 5597 proﬁcie-

413 5617 532 5680 bat,
557 5621 621 5671 ut
651 5633 777 5672 sese
809 5615 1000 5687 potius
1033 5612 1222 5682 ipsum
1257 5616 1536 5684 tanquam
1571 5611 1688 5668 doli
1717 5630 2055 5674 successum

2173 4662 2288 4717 qua
2305 4644 2363 4699 vi
2392 4645 2608 4716 majore
2632 4646 2702 4700 ab
2725 4645 2953 4717 incepto
2985 4645 3457 4718 prohiberentur,
3482 4663 3638 4702 nunc
3652 4647 3808 4702 deni-

2173 4751 2286 4806 que
2343 4733 2636 4789 alacritate
2681 4734 3010 4790 animorum
3056 4751 3121 4790 ac
3168 4734 3505 4790 fortitudine
3560 4751 3805 4792 sucessu

2170 4825 2340 4878 aucta
2384 4823 2644 4878 vicerant
2691 4823 3223 4894 exstinxerantque,
3257 4822 3546 4894 planeque
3587 4841 3702 4896 prie
3745 4841 3804 4880 se

2170 4910 2435 4966 ferebant
2455 4927 2516 4966 se
2538 4912 2820 4982 quemvis,
2848 4911 2946 4982 qui
2967 4911 3379 4967 adversaturus
3413 4928 3474 4967 se
3503 4910 3801 4983 objiceret,

2169 4999 2349 5056 armis
2381 4999 2532 5055 ultro
2565 4999 2782 5055 adoriri
2827 5017 2940 5056 non
2989 5000 3380 5056 dubitaturos.
3404 4999 3702 5071 Progressi
3733 5000 3800 5054 ad

2169 5093 2394 5158 portam
2423 5088 2620 5158 fontis,
2653 5093 2710 5144 et
2741 5088 2891 5144 hanc
2943 5089 3194 5144 maceria
3242 5093 3396 5144 retro
3440 5088 3798 5144 obstructam

2169 5175 2540 5247 reperientes,
2565 5176 2807 5231 diruunt
2823 5193 2951 5232 eam
2975 5176 3172 5231 statim
3188 5175 3500 5231 abstractis
3523 5175 3803 5247 disjectis-

2169 5279 2281 5334 que
2311 5262 2607 5334 lapidibus
2639 5264 2850 5336 raptim
2883 5265 3177 5336 congestis
3227 5281 3291 5320 ac
3339 5267 3554 5319 temere
3604 5280 3803 5335 super-

2168 5351 2649 5422 structis,quibus
2672 5353 3339 5426 constabat,ingressum
3363 5352 3662 5424 irrupturo
3677 5367 3806 5406 mox

2166 5441 2443 5496 exercitui
2473 5441 2658 5496 latum
2690 5446 2744 5497 et
2777 5441 3126 5497 inoffensum
3160 5459 3226 5496 ea
3257 5458 3430 5512 opera
3461 5441 3799 5512 pandentes.

2170 5529 2382 5584 Deinde
2415 5533 2609 5584 autem
2644 5530 2846 5585 cuneis
2876 5531 3054 5586 mucis
3085 5529 3352 5586 cardines
3380 5530 3677 5585 valvarum
3709 5529 3798 5582 dc-

2166 5616 2472 5674 molientes
2506 5617 3007 5674 revellunt.Florte
3039 5635 3293 5690 praesens
3325 5617 3515 5675 adfuit
3546 5617 3653 5672 hoc
3682 5614 3796 5670 illis
