4182 6286
340 331 441 385 581

1393 333 1489 385 DE
1527 331 1897 386 MICHAELE
1936 326 2377 382 PMOLOGO
2413 328 2546 381 LIB.
2588 330 2657 381 II.

3631 327 3740 381 582

344 452 489 514 κέοις
546 452 675 512 τοὺς
724 453 942 524 θαιροὺς
994 458 1100 506 τῶν
1151 454 1336 508 πυλῶν
1389 453 1767 528 ἐκκρούσαντες
1824 470 1990 504 κατα·
2020 454 2074 519 Α
2106 447 2288 510 λακὼς
2348 451 2431 503 καὶ
2490 447 2645 511 εἰδὼς
2692 447 2757 502 τὰ
2811 451 2916 501 τῶν
2963 445 3218 501 ἀλώσεων
3248 444 3509 521 δυσχερῆ,
3544 446 3735 512 δεδιὼς

342 545 545 597 σπῶσι.
605 540 708 595 Καὶ
776 539 958 607 εὐθὺς,
1018 536 1177 615 ἔτυχε
1244 542 1345 616 γὰρ
1424 541 1607 617 παρὼν
1668 540 1838 594 ἐκεῖσε
1893 537 1984 591 καὶ

341 634 449 683 τῶν
512 627 825 700 ἱερωμένων
892 630 920 683 ὁ
980 635 1243 704 Λακερᾶς,
1288 629 1346 684 ἐκ
1400 634 1508 685 τῶν
1566 626 1985 700 θεληματαρίων

347 715 423 771 ὢν
468 716 558 771 καὶ
613 716 772 779 αὐτὸς
818 718 904 770 καὶ
971 722 1238 791 συνεργῶν
1292 715 1580 792 ἀνδρικῶς,
1640 710 1985 770 ὑπαναϐαίνει

347 805 411 859 τὸ
441 808 630 879 τεῖχος
663 803 876 875 σύναμα
908 800 1175 876 Γλαϐάτῳ
1202 804 1309 859 τινὶ
1353 805 1442 858 καὶ
1492 804 1708 865 λοιποῖς
1765 802 1985 877 ἑτέροις.

351 891 497 949 Οὐδέ
550 892 649 966 γὰρ
711 889 787 945 ἔτι
848 891 1078 963 ἐτόλμα,
1107 893 1199 947 καὶ
1258 895 1291 961 ἡ
1352 895 1503 970 φωνή
1568 886 1985 953 συναπεσϐέσθαι

347 986 428 1053 τῷ
477 978 583 1035 δέει
642 978 801 1054 ἐγγὺς
859 976 1207 1048 ἐκινδύνευεν,
1244 982 1382 1034 ὅπου
1436 1001 1496 1056 γε
1551 980 1640 1035 καὶ
1698 982 1757 1034 τὸ
1804 983 1990 1052 τεῖχος

356 1066 534 1122 δοκεῖν
590 1068 618 1121 ὁ
674 1062 842 1144 φόϐος
896 1064 1076 1121 ἐδίδου
1131 1065 1494 1141 κραδαίνεθαι,
1554 1069 1627 1130 ὡς
1684 1068 1773 1122 καὶ
1828 1087 1987 1121 καταο

356 1157 574 1210 πίπτειν
624 1156 716 1210 τὸν
778 1153 910 1229 μέγα
965 1156 1281 1231 φωνήσοντα
1334 1158 1433 1224 τὴν
1487 1160 1597 1211 τῶν
1652 1156 1988 1231 κρατούντων

358 1245 654 1316 εὐφημίαν.
685 1245 875 1315 Ὅμως
904 1244 1418 1318 παρακρατούμενος
1461 1249 1580 1305 τοῖς
1628 1243 1831 1318 ἑτέροις
1868 1264 1990 1317 τρε-

361 1330 535 1404 μούσῃ
597 1333 748 1407 φωνῇ
805 1330 905 1397 τήν
962 1329 1250 1404 βασιλικὴν
1312 1332 1666 1404 ὑπεσήμαινε,
1722 1330 1811 1385 καὶ
1867 1352 1989 1385 συν-

360 1421 534 1492 ήχουν
566 1420 615 1472 οἱ
647 1419 795 1471 κάτω
823 1422 939 1478 τοῖς
966 1416 1099 1483 ἅνω,
1133 1419 1221 1472 καὶ
1270 1421 1304 1487 ἡ
1357 1420 1510 1494 φωνή
1560 1417 1781 1493 διῄρετο
1829 1420 1993 1473 καθὸ-

356 1528 446 1560 σον
478 1507 542 1573 ἦν
593 1504 949 1581 ὑψηλότερον.
981 1505 1112 1560 Τότε
1168 1506 1257 1560 καὶ
1314 1510 1366 1561 οἱ
1424 1506 1562 1583 ἀμφὶ
1617 1508 1707 1560 τὸν
1755 1508 1990 1581 Καίσαρα

352 1594 447 1658 τήν
511 1592 691 1668 φωνὴν
753 1589 1177 1667 καραδοκοῦντες
1235 1593 1555 1654 ἀκούσαντες
1587 1591 1864 1663 ἐκπηδῶσι
1893 1597 1989 1649 τοῦ

354 1681 554 1754 λόχου,
583 1678 671 1733 καὶ
706 1682 817 1751 ἅμα
846 1681 1004 1754 τάχει
1038 1680 1254 1754 ἀπτέρῳ
1309 1680 1395 1734 ἐπὶ
1450 1688 1552 1750 τῆς
1609 1679 1789 1751 πύλης
1844 1680 1988 1756 ἐχώ-

350 1789 500 1843 ρουν,
556 1768 647 1821 καὶ
698 1764 1213 1843 προκαταλίϐόντες
1274 1768 1572 1844 εἰσχέονται
1644 1767 1986 1841 παμπληθεῖ.

348 1859 469 1913 Ἔτι
521 1854 567 1909 δ’
614 1855 703 1909 ὑπ’
734 1855 921 1930 αὐγαῖς
968 1860 1084 1919 ταῖς
1130 1857 1371 1930 πρώταις
1428 1860 1527 1921 τῆς
1569 1858 1778 1931 ἡμέρας
1828 1855 1994 1926 οὔσης

349 1944 603 2019 ἐξαίφνης
644 1945 745 2011 τὴν
782 1944 969 2016 χώραν
996 1942 1245 2008 κατέθεον
1276 1946 1363 1999 καὶ
1406 1944 1669 2020 ἐπόρθουν
1722 1947 1783 1999 τὸ
1833 1966 2000 2018 προσ-

354 2033 521 2106 τυχὸν
557 2030 932 2092 σκυλεύοντες.
965 2033 1035 2085 Τὸ
1068 2030 1123 2087 δέ
1154 2054 1215 2106 γε
1258 2034 1522 2087 Σκυθικὸν
1581 2033 1872 2097 εὖσυνέτως
1923 2036 1998 2107 μὴ

366 2117 785 2192 σκεδαννύμενον
838 2121 1019 2195 εἶργον
1065 2122 1126 2175 τὸ
1168 2121 1595 2195 προσγινόμενον
1655 2122 1714 2177 ἐκ
1757 2130 1856 2191 τῆς
1896 2122 2001 2176 πό-

368 2204 505 2269 λεως
536 2207 773 2277 πλῆθος,
807 2207 860 2261 εἷ’
884 2229 989 2261 που
1021 2210 1263 2262 συσταῖέν
1306 2230 1449 2270 τινες
1507 2209 1882 2281 μαθησείοντες
1938 2211 2001 2265 τὸ

367 2296 652 2370 γινόμενον
702 2295 981 2368 πλάσματι
1026 2296 1127 2370 γὰρ
1170 2298 1233 2350 τὸ
1280 2299 1521 2372 πραχθὲν
1574 2298 1728 2369 ἐῴκει
1771 2297 2002 2372 λεγόμε-

368 2404 485 2439 νον.
517 2385 577 2439 Ὁ
614 2384 793 2455 μέντοι
835 2404 897 2457 γε
951 2388 1155 2458 Καῖσαρ
1198 2386 1497 2460 στρατείαις
1525 2384 1794 2448 πολλακις
1856 2386 2006 2462 ἐσχο·

366 2599 675 2672 agentibus
697 2602 960 2657 sacerdos
982 2602 1223 2672 quidam
1242 2603 1473 2659 nomine
1498 2606 1758 2672 Laceras,
1784 2619 1813 2660 e
1831 2609 2000 2677 gente

364 2692 421 2743 et
450 2688 575 2760 ipse
602 2688 1089 2755 voluntariorum;
1125 2689 1225 2761 qui
1248 2690 1346 2745 ubi
1371 2691 1441 2745 ad
1466 2697 1644 2763 porta:
1666 2692 1998 2747 demolitio-

364 2792 497 2830 nem
528 2775 768 2831 viriliter
794 2781 1136 2848 cooperatus
1166 2777 1313 2849 ipsis
1347 2784 1520 2849 esset,
1579 2796 1816 2835 murum
1858 2796 1995 2836 con-

360 2864 588 2918 scendit
618 2880 749 2918 cum
774 2865 1028 2935 quodam
1058 2864 1300 2921 Glabato
1328 2867 1563 2922 nomine
1589 2871 1647 2923 et
1702 2867 1832 2923 aliis
1864 2868 1996 2923 reli-

358 2952 507 3021 quis.
535 2953 646 3007 Sed
680 2956 867 3007 terror
897 2968 1028 3008 cum
1058 2957 1255 3009 tantus
1305 2955 1731 3011 constrinxerat
1787 2961 1848 3010 ut
1905 2957 1997 3012 vix

361 3040 632 3111 expedire
657 3044 856 3112 posset
885 3056 1117 3110 vocem;
1153 3034 1477 3114 parumque
1507 3044 1705 3100 aberat
1759 3044 1901 3115 quin
1932 3061 1996 3101 ea

358 3126 419 3182 in
455 3129 724 3185 faucibus
765 3132 922 3184 metu
953 3131 1236 3186 exstincta
1266 3130 1541 3186 condicta:
1559 3133 2001 3189 acclamationis

359 3219 599 3289 signum
635 3219 804 3274 edere
833 3218 1138 3290 nequiret:
1173 3236 1307 3274 nam
1339 3220 1515 3275 etiam
1548 3238 1775 3293 murus,
1836 3226 1999 3294 post-

360 3323 538 3377 quam
571 3307 630 3360 in
662 3321 797 3361 eum
828 3307 1109 3370 ascendit,
1142 3311 1387 3363 tremere
1416 3308 1528 3380 ipsi
1553 3309 1752 3381 utique
1768 3311 2000 3365 turbato

358 3395 663 3453 videbatur
680 3400 737 3451 et
757 3398 916 3451 totus
937 3396 1183 3451 concuti.
1208 3397 1393 3460 Quare
1416 3403 1779 3470 opportunus
1798 3400 1847 3455 ei
1871 3416 2002 3455 con-

362 3483 650 3538 firmando
681 3483 793 3538 fuit
820 3483 1134 3539 comitatus
1163 3482 1432 3551 aliorum,
1456 3485 1555 3556 qui
1580 3486 1787 3543 misere
1806 3486 2001 3543 formi-

365 3573 597 3628 dantem
632 3587 725 3641 ne,
758 3570 936 3627 simul
966 3587 1163 3627 vocem
1194 3572 1483 3628 attolleret
1513 3574 1573 3628 in
1624 3576 1997 3632 constitutam

364 3661 840 3717 acclamationem
869 3662 1287 3732 Augustorum,
1320 3663 1391 3716 de
1424 3678 1591 3719 muro
1623 3664 1821 3720 statim
1855 3681 1998 3736 prie-

362 3764 495 3820 ceps
520 3749 769 3814 caderet,
790 3747 873 3802 sic
898 3747 1408 3803 adhortationibus
1432 3749 1998 3822 undiqueinstantes

364 3837 726 3902 animarunt,
750 3835 947 3906 sicque
979 3834 1365 3906 amplexando
1395 3837 1761 3908 tenendoque
1791 3855 1825 3893 a
1852 3855 1999 3894 vano

366 3925 624 3997 periculo
655 3923 861 3979 ruendi
891 3939 959 3979 ex
979 3922 1098 3979 alto
1121 3939 1392 3977 securum
1421 3924 1681 3980 fecerunt
1702 3929 1765 3980 ut
1801 3932 2003 3981 conari

364 4013 603 4069 tandem
634 4012 894 4078 auderet,
929 4027 994 4066 ac
1021 4015 1305 4066 tremente
1328 4011 1560 4082 quidem
1595 4012 2003 4070 intermortua-

368 4118 480 4172 que
509 4117 671 4170 voce,
704 4099 1025 4156 solemnem
1049 4098 1360 4155 formulam
1386 4100 1532 4155 bene
1574 4103 1848 4172 precandi
1880 4104 2001 4157 Au-

365 4191 556 4263 gustis
577 4194 874 4261 utcunque
896 4187 1319 4260 pronuntiaret.
1337 4187 1781 4260 Responderunt
1800 4191 2002 4247 statim

366 4280 465 4350 qui
489 4279 642 4334 143
666 4277 816 4332 infra
845 4292 1081 4332 murum
1111 4280 1295 4343 erant,
1326 4281 1381 4332 et
1410 4293 1606 4334 vocem
1629 4294 1881 4350 superne
1903 4296 2003 4336 ac-

367 4372 595 4439 ceptam
632 4364 1019 4437 multiplicem
1047 4365 1346 4421 robustius
1380 4366 1846 4437 frequentarunt,
1875 4386 2001 4440 qua:

366 4455 479 4512 late
502 4458 625 4527 jam
650 4455 918 4526 clareque
950 4453 1147 4509 audita
1179 4453 1278 4508 ubi
1309 4455 1590 4511 Caesarem
1623 4472 1755 4511 cum
1789 4458 1911 4513 suis
1943 4458 1999 4512 id

2099 536 2285 610 σχολῇ
2332 532 2691 612 προσέϐαλεν,
2743 533 2846 598 ἓως
2898 542 2999 604 τῆς
3068 537 3278 610 ἡμέρας
3354 537 3736 612 ὑπαυγασάσης

2092 625 2277 680 τέλεον
2331 628 2491 699 μάοοι
2540 628 2638 695 τήν
2671 625 2821 687 ἐντὸς
2858 623 3084 696 δύναμιν
3119 619 3517 698 ἀκριϐέστερον.
3551 632 3735 683 Μετα-

2097 708 2366 785 λαμϐάνει
2393 711 2449 768 δέ
2478 714 2577 782 τήν
2612 711 2816 768 δειλίαν
2848 711 3047 781 ταύτην
3096 708 3279 786 ’ἑτερος
3328 706 3585 787 θόρυϐος,
3614 714 3736 767 ἰκα-

2096 806 2201 855 νῶν
2237 801 2460 857 Ἰταλῶν
2495 803 2762 878 φανέντων
2795 800 2846 855 ἐν
2876 799 3072 861 ὅπλοις
3116 800 3205 855 καὶ
3254 800 3498 874 ἱσχυρῶς
3548 823 3735 876 φαινο-

2101 886 2273 961 μένων
2333 887 2481 964 ἔχειν
2556 889 2797 962 ἀμύνειν.
2852 888 3040 964 Ἐγγὺς
3098 887 3142 943 δ’
3200 887 3376 942 ἐλθεῖν
3441 887 3742 945 ἐκινδύνευε

2099 974 2187 1032 διά
2230 982 2395 1033 ταῦτα
2449 976 2615 1032 πάλιν
2663 979 2956 1051 τραπέσθαι
3000 997 3058 1031 τε
3105 976 3194 1031 καὶ
3238 978 3338 1045 τήν
3380 978 3568 1053 πρᾶξιν
3612 978 3740 1033 ἀνα-

2098 1061 2355 1129 ϐαλέσθαι
2388 1084 2401 1097 '
2436 1062 2560 1120 οὐδὲ
2608 1065 2711 1142 γὰρ
2756 1065 2833 1127 εἷς
2885 1070 3070 1139 μάχην
3121 1065 3173 1119 οἷ
3215 1064 3544 1129 εἰσελθόντες
3596 1066 3740 1136 ἀξιό-

2097 1173 2247 1227 χρεῳ
2276 1153 2585 1227 ἐνομίζοντό
2617 1154 2689 1224 οἱ,
2726 1152 2889 1226 μόλις
2921 1153 2997 1214 εἷς
3045 1158 3233 1228 πεῖραν
3282 1155 3371 1207 καὶ
3418 1153 3590 1229 λόχον
3645 1154 3741 1229 ἆρ-

2094 1243 2364 1304 κέσοντες.
2398 1244 2478 1315 [Ρ.
2515 1244 2606 1315 93]
2652 1242 2828 1298 Ἀλλά
2876 1242 3243 1301 προστίθενται
3295 1240 3513 1305 τούτοις
3555 1242 3643 1297 καὶ
3688 1244 3741 1297 ot

2097 1327 2515 1403 θεληματάριοι,
2546 1332 2637 1384 καὶ
2669 1328 2855 1393 ἄλλως
2905 1332 2999 1403 μὲν
3044 1329 3335 1406 θαρῥαλέοι
3386 1325 3555 1400 ὄντες,
3588 1331 3743 1404 ὅμως

2100 1413 2156 1470 δὲ
2196 1418 2285 1471 καὶ
2324 1419 2351 1471 ὁ
2382 1419 2504 1491 περὶ
2535 1422 2643 1472 τῶν
2695 1418 2840 1472 ὅλων
2891 1416 3140 1480 κίνδυνος
3168 1419 3291 1473 τότε
3339 1419 3430 1473 καὶ
3478 1419 3623 1493 παρά
3677 1420 3741 1474 τὸ

2099 1502 2240 1565 εἰκὸς
2275 1510 2407 1581 σφᾶς
2454 1504 2627 1559 ἐποίει
2679 1503 3039 1579 ἀνδρίζεσθαι,
3073 1506 3146 1567 ὡς
3203 1508 3278 1577 μή
3325 1505 3743 1580 περιεσομένους

2103 1594 2160 1645 ἂν
2206 1599 2450 1666 κρατοῖεν
2512 1594 2809 1651 οἱἾταλοί.
2840 1598 2927 1666 Τῷ
2981 1614 3066 1648 τοι
3116 1594 3204 1647 καὶ
3253 1595 3600 1657 συσταθέντες
3651 1595 3741 1648 καὶ

2102 1679 2322 1742 ἑαυτοὺς
2382 1682 2701 1756 ἀρτύναντες
2752 1684 2999 1757 ἀντεῖχον
3048 1682 3137 1737 καὶ
3187 1688 3472 1756 περιῆσαν,
3523 1682 3743 1756 ὀλίγους

2104 1769 2197 1839 μὲν
2253 1765 2644 1841 ἀποϐαλόντες,
2684 1770 2872 1825 ἐνίκων
2926 1769 2982 1826 δὲ
3031 1770 3121 1827 καὶ
3172 1775 3621 1846 κατετροποῦντο,
3654 1772 3744 1826 καὶ

2102 1860 2241 1911 νῶτα
2316 1855 2555 1919 διδόντας
2624 1863 2702 1930 τῷ
2760 1859 2835 1919 εἷς
2892 1860 3064 1934 φυγὴν
3130 1860 3423 1934 τραπέσθαι
3486 1856 3741 1914 ὑποδῦναι

2108 1946 2299 2007 σκότος
2356 1946 2592 2015 ἐποίουν,
2624 1944 2747 2009 ἔνθα
2803 1945 2864 2001 ἂν
2920 1946 3009 2000 καὶ
3064 1952 3304 2010 σωθεῖεν.
3338 1947 3477 2003 Τότε
3524 1969 3744 2023 τοιγαρ-

2109 2039 2199 2088 οῦν
2248 2034 2309 2087 τὸ
2360 2035 2452 2106 μὲν
2502 2034 2763 2089 Σκυθικὸν
2812 2031 3006 2104 ἀνέδην
3054 2040 3173 2095 ταῖς
3232 2035 3573 2091 σκυλεύσεσιν
3620 2036 3746 2091 ἐπε-

2111 2120 2401 2190 ϐάλοντος,
2430 2123 2519 2176 καὶ
2550 2122 2851 2192 ἀποθήκαις
2880 2127 2987 2177 τῶν
3033 2120 3317 2197 χρειωδῶν
3354 2124 3743 2197 προσπαίοντες

2111 2211 2461 2287 ἐνεφοροῦντο
2508 2214 2614 2266 τῶν
2664 2210 2985 2285 ἀναγκαίων.
3019 2212 3209 2281 ’Ὀμως
3244 2207 3299 2263 δέ
3348 2231 3411 2283 γε
3439 2211 3527 2266 καὶ
3577 2212 3742 2267 πάλιν

2109 2299 2246 2374 ἀμφί
2278 2300 2368 2353 τὸν
2400 2298 2643 2372 Καίσαρα
2674 2294 3021 2374 συνελέγοντο
3047 2305 3145 2367 τῆς
3186 2298 3395 2372 ἡμέρας
3445 2299 3742 2369 πολλάκις,

2112 2387 2199 2441 καὶ
2228 2387 2723 2461 περιτειχιζόμενοι
2753 2392 2943 2442 τοῦτον
2979 2386 3272 2464 ἐφρούρουν
3313 2406 3371 2439 τε
3411 2389 3497 2441 καὶ
3548 2386 3743 2463 ἐφρουέ

2108 2606 2612 2677 oppugnationum
2637 2606 2930 2677 periculis,
2962 2606 3216 2678 indeque
3238 2610 3516 2677 reputans
3562 2621 3742 2677 quam

2108 2692 2184 2747 sit
2212 2708 2424 2765 anceps
2455 2698 2512 2749 et
2540 2694 2837 2750 erroribus
2863 2693 3209 2765 perniciosis
3239 2693 3489 2749 obnoxia
3520 2708 3613 2749 res
3643 2709 3740 2749 ex-

2106 2780 2388 2852 gugnatio
2421 2781 2678 2851 urbium,
2694 2781 2944 2852 sapienti
2959 2782 3327 2836 cunctabund
3340 2797 3406 2836 us
3423 2784 3578 2836 metu
3596 2797 3739 2837 non-

2107 2867 2220 2922 nisi
2251 2872 2418 2923 caute
2448 2885 2512 2923 ac
2561 2869 2923 2940 pedetentim
2969 2868 3341 2940 procedebat,
3400 2872 3755 2940 exspectans

2106 2956 2245 3010 dum
2295 2955 2494 3011 adulta
2532 2957 2657 3027 jam
2694 2957 2785 3012 die
2834 2957 3002 3027 plene
3052 2972 3117 3012 ac
3167 2960 3324 3011 certo
3374 2960 3746 3027 cognosceret

2104 3048 2385 3114 quantum
2411 3046 2569 3100 intus
2600 3050 2753 3102 esset
2782 3044 3102 3116 copiarum.
3138 3044 3320 3107 Quam
3352 3044 3479 3114 ejus
3504 3060 3740 3116 progre-

2114 3132 2310 3187 diendi
2335 3134 2701 3189 timiditatem
2725 3134 2877 3190 alius
2893 3134 3168 3189 continuo
3190 3132 3478 3188 tumultus
3496 3132 3742 3205 excepit.

2114 3220 2274 3276 Italis
2303 3220 2569 3278 videlicet
2594 3226 2686 3277 sat
2712 3239 2923 3294 magno
2954 3237 3197 3277 numero
3228 3220 3645 3291 apparentibus
3683 3220 3742 3275 in

2109 3308 2289 3363 armis
2320 3325 2385 3364 ea
2416 3310 2607 3381 specie
2656 3314 2718 3365 ut
2747 3310 3063 3366 fortissime
3108 3310 3442 3364 viderentur
3469 3325 3571 3379 pro
3602 3309 3745 3365 urbe

2107 3396 2407 3452 liberanda
2437 3398 2773 3471 pugnaturi.
2808 3399 2875 3453 Hi
2905 3415 3038 3454 cum
3071 3414 3132 3453 se
3170 3396 3569 3453 admovissent
3610 3414 3745 3469 pro-

2110 3484 2243 3555 pius
2272 3486 2476 3541 Caesari
2506 3503 2713 3558 parum
2736 3488 2923 3544 abfuit
2950 3487 3093 3558 quin
3122 3485 3223 3542 ille
3266 3486 3522 3557 receptui
3567 3503 3742 3542 cane-

2110 3576 2199 3626 ret
2218 3587 2480 3644 opusque
2510 3574 2862 3646 relinqueret
2887 3574 3216 3645 inceptum:
3273 3590 3387 3628 non
3441 3573 3596 3628 enim
3628 3574 3742 3645 ipsi

2110 3660 2473 3716 videbantur.
2507 3678 2651 3733 quos
2680 3663 2740 3718 in
2772 3664 2977 3719 urbem
3027 3662 3360 3731 induxerat,
3418 3662 3742 3717 resistendo

2112 3765 2301 3820 pares.
2332 3748 2543 3821 quippe
2572 3766 2719 3821 quos
2744 3751 2835 3805 vix
2859 3752 2930 3806 ad
2952 3750 3297 3806 tentandum
3320 3764 3389 3803 ex
3408 3748 3639 3805 insidiis
3662 3750 3746 3805 in-

2110 3835 2331 3892 sultum
2354 3838 2620 3893 sufficere
2642 3838 2905 3909 putabat.
2926 3837 3140 3892 Verum
3162 3838 3233 3892 iis
3264 3851 3325 3891 se
3351 3829 3747 3906 adjunxerUnt

2109 3924 2417 3981 voluntarii
2446 3926 2625 3983 fortes
2650 3924 2909 3997 alioquin
2938 3929 2995 3981 et
3014 3925 3163 3980 bello
3195 3924 3350 3992 boni,
3383 3929 3522 3979 tunc
3549 3929 3743 3980 autem

2110 4014 2448 4070 audaciores
2478 4015 2613 4070 facti
2646 4013 2995 4070 certitudine
3024 4011 3417 4084 impendentis
3469 4011 3613 4083 ipsis
3644 4027 3745 4067 ex-

2110 4102 2283 4156 tremi
2317 4102 2589 4173 periculi,
2620 4105 2773 4158 144
2804 4103 2854 4158 si
2886 4117 2979 4157 res
3010 4117 3075 4157 eo
3106 4100 3215 4157 loci
3236 4101 3488 4157 deducta
3514 4100 3746 4156 omitte-

2112 4193 2308 4244 retur:
2345 4206 2533 4261 neque
2561 4191 2717 4247 enim
2742 4193 2867 4247 erat
2894 4189 3139 4246 dubium
3170 4188 3335 4260 quin,
3376 4188 3425 4244 si
3473 4204 3537 4244 eo
3594 4189 3745 4260 peri-

2111 4276 2241 4332 culo
2272 4277 2596 4335 incolumes
2628 4279 2756 4334 Itali
2788 4279 3265 4350 defungerentur,
3313 4281 3548 4349 gentem
3605 4275 3750 4331 sibi-

2111 4365 2441 4434 obnoxiam,
2474 4384 2601 4440 quis
2634 4367 2795 4440 ipsos
2825 4371 2980 4424 esset
3040 4367 3279 4437 perdere
3336 4368 3563 4431 conata,
3621 4363 3747 4435 pari

2111 4454 2392 4525 exigenda
2422 4459 2541 4510 tam
2573 4456 2964 4527 acrisinjurize
2984 4454 3241 4510 vindicta
3263 4452 3525 4508 funditus
3548 4451 3746 4523 perde-

370 4545 565 4615 ipsum
598 4546 998 4615 exspectantes
1024 4542 1353 4609 admonuit,
1378 4543 1656 4599 exsiliunt
1685 4562 1751 4600 ex
1772 4544 2004 4601 insidiis
2034 4538 2083 4600 D
2114 4547 2260 4598 rent.
2283 4547 2569 4600 Coeuntes
2592 4544 2770 4616 igitur
2784 4560 2994 4615 magno
3012 4541 3747 4610 numeroinstruentesque

370 4637 425 4689 et
452 4631 672 4689 volucri
704 4630 992 4687 celeritate
1014 4632 1249 4685 ruentes
1280 4629 1348 4685 ad
1382 4634 1605 4701 portam
1639 4647 1741 4702 per
1760 4649 1886 4688 eam
1912 4650 2005 4690 oc-

371 4729 642 4794 cupatam
664 4719 830 4776 densi
848 4719 1124 4775 subeunt.
1146 4723 1301 4773 Hora
1322 4722 1445 4773 erat
1461 4718 1871 4777 dilucescentis
1894 4722 2011 4792 pri-

375 4809 602 4864 mulum
636 4808 1011 4881 diei,quando
1035 4806 1282 4879 ingressi
1302 4806 1507 4862 urbem
1530 4806 1745 4864 milites
1763 4810 2008 4866 Caesaris

375 4897 671 4954 incursare
692 4897 987 4969 regionem
1012 4894 1268 4967 primum
1294 4893 1519 4949 obviam
1542 4910 1606 4950 ac
1628 4895 1875 4967 diripere
1896 4915 2005 4953 cce-

374 4990 606 5057 perunt,
640 4985 957 5057 spoliantes
989 4987 1276 5055 quotquot
1305 4988 1693 5039 occurrerent.
1744 4987 1813 5040 At
1866 4987 2006 5058 Scy-

372 5074 542 5131 thica:
562 5074 759 5146 copiae,
784 5073 1059 5146 prudenti
1081 5089 1223 5128 sane
1235 5070 1495 5137 consilio,
1514 5071 1847 5129 militariter
1859 5075 2009 5131 ordi-

371 5169 521 5221 nata
542 5166 936 5237 perstiterunt,
960 5165 1369 5220 submoventes
1387 5162 1724 5218 affluentem
1744 5165 2009 5237 ereliqua

370 5253 514 5308 urbe
544 5252 1005 5316 multitudinem,
1032 5250 1220 5307 sicubi
1247 5253 1521 5305 coeuntes
1552 5250 1793 5320 quidam
1815 5254 2005 5308 consi-

371 5344 591 5395 sterent
611 5340 807 5411 cupidi
855 5337 1243 5411 cognoscendi
1293 5337 1434 5408 quid
1494 5342 1828 5409 gereretur:
1890 5357 2005 5396 non

369 5427 525 5482 enim
556 5428 729 5482 ﬁdem
765 5427 1054 5482 faciebant
1083 5426 1184 5499 qui
1231 5442 1353 5481 rem
1395 5430 1457 5480 ut
1488 5431 1612 5481 erat
1669 5429 2002 5484 narrabant.

371 5523 649 5573 Caeterum
681 5517 874 5572 Caesar
896 5516 1067 5587 longo
1097 5532 1205 5572 usu
1256 5531 1449 5571 rerum
1480 5516 1819 5573 bellicarum
1873 5521 2004 5575 edo-

376 5610 527 5675 ctus,
561 5620 829 5677 srepeque
861 5621 926 5658 ac
957 5603 1053 5658 diu
1086 5608 1350 5661 versatus
1373 5603 1431 5659 in
1464 5605 1899 5676 expeditionum
1952 5613 2010 5664 et

2117 4648 2243 4687 sese
2272 4632 2331 4688 in
2355 4634 2536 4688 aciem
2555 4632 2784 4705 egregie
2810 4632 3189 4699 restiterumt,
3208 4630 3558 4700 tandemque
3580 4645 3645 4684 su
3654 4644 3750 4699 pe-

2117 4720 2320 4786 riores,
2335 4720 2537 4791 paucis
2556 4737 2794 4776 suorum
2809 4719 3066 4789 amissis,
3080 4718 3340 4774 vicerunt
3358 4718 3752 4788 fuderuntque

2116 4809 2337 4874 hostes,
2360 4814 2415 4863 et
2430 4814 2591 4880 tergo
2610 4813 2829 4863 vertere
2850 4808 3184 4878 compulsos
3198 4807 3253 4861 in
3274 4806 3519 4862 latibula
3537 4806 3748 4875 cuique

2118 4901 2254 4952 nota
2284 4896 2713 4968 compulerunt,
2746 4897 2845 4951 ubi
2870 4896 3242 4951 tenebrarum
3274 4895 3552 4951 beneﬁcio
3573 4894 3750 4949 vitam

2117 4989 2436 5040 servarent.
2477 4985 2635 5040 Tunc
2661 4985 2897 5040 demum
2947 5000 3149 5041 secure
3180 5000 3243 5039 ac
3274 4982 3467 5055 palam
3527 4981 3749 5053 Scythas

2115 5073 2498 5144 congerendis
2524 5089 2592 5128 ex
2613 5073 2776 5129 hoste
2808 5073 3020 5145 predis
3040 5072 3361 5145 spoliisque
3384 5087 3617 5144 operam
3647 5070 3750 5124 de-

2117 5160 2346 5229 derunt,
2365 5165 2422 5217 et
2440 5162 2499 5217 in
2521 5161 2832 5232 apothecas
2854 5176 3047 5217 rerum
3081 5162 3151 5217 ad
3170 5160 3386 5216 victum
3410 5164 3747 5230 paratarum

2115 5249 2479 5306 incurrentes
2513 5250 2885 5321 expleverunt
2914 5266 2975 5306 se
2996 5250 3125 5307 cibo
3146 5253 3425 5321 potuque,
3447 5246 3530 5301 sic
3554 5249 3749 5300 tamen

2116 5341 2181 5393 ut
2210 5355 2414 5393 rursus
2444 5337 2598 5394 circa
2629 5340 2909 5395 Caesarem
2946 5354 3008 5394 se
3039 5337 3292 5393 subinde
3339 5337 3755 5404 congregarent

2116 5426 2427 5500 ipsumque
2455 5427 2759 5494 vallarent,
2791 5444 2856 5483 ac
2878 5426 3136 5483 vicissim
3172 5425 3241 5479 ab
3270 5424 3399 5495 ipso
3450 5421 3752 5491 copiisque

2117 5531 2265 5586 quas
2296 5517 2542 5573 ducebat
2572 5520 3029 5589 protegerentur,
3062 5532 3128 5570 ac
3160 5514 3244 5569 sic
3269 5526 3493 5579 omnes,
3540 5508 3589 5563 si
3647 5509 3748 5579 qui

2117 5608 2187 5663 de
2218 5623 2362 5663 novo
2393 5606 2857 5663 adversariorum
2904 5607 3271 5676 apparerent,
3329 5618 3426 5657 eos
3484 5598 3754 5657 alacriter
