4158 6280
434 331 542 389 583

1736 326 2035 384 GEORGII
2072 324 2531 382 PACHYMERB

3721 327 3821 384 584

439 456 649 528 ροῦντο,
683 455 777 525 ὡς,
810 450 865 507 εἷ’
885 471 1025 512 τινες
1059 454 1288 527 φανεῖεν.
1323 444 1700 511 εἴσϐαλοῦντες
1754 449 2069 522 προθύμως.
2102 457 2154 525 Α
2185 448 2463 524 σφετέραις
2516 445 2718 521 γυναιξὶ
2797 445 2885 500 καῖ
2967 444 3177 505 τέκνοις
3263 443 3773 522 κατορβωδήσαντες
3808 471 3818 485 '

438 545 498 600 Ὀ
556 540 613 599 δέ
658 562 719 616 γε
772 538 1025 616 βασιλεὺς
1069 537 1286 595 ἐκείνων
1341 541 1368 593 ὁ
1414 535 1762 608 ΒαΛδουῖνος,
1794 534 2079 611 ἐκπλαγεὶς

440 634 555 686 οἷον
596 629 827 691 ἀκούσας
878 629 967 685 καὶ
1024 633 1130 683 τῶν
1181 631 1387 705 φρενῶν
1434 624 1533 699 ἔξω
1584 627 1894 701 γενόμενος,
1927 622 2082 681 οὐδὲν

438 719 566 775 ἀλλ’
596 718 631 787 ἢ
664 717 801 794 πρὸς
830 721 909 788 τῷ
939 722 1130 794 φυγεῖν
1161 717 1249 783 ἦν.
1282 716 1380 771 Καὶ
1413 712 1479 784 δὴ
1513 713 1829 771 καταλιπὼν
1871 715 1937 770 τὰ
1972 718 2078 770 τῶν

437 796 766 883 Βλαχερνῶν
800 804 1068 879 ἀνάκτορα
1113 804 1186 866 ὡς
1234 803 1294 861 οὐ
1346 802 1571 869 δυνατῆς
1624 801 1891 872 δοκούσης
1942 801 2082 875 ἀμύ-

434 917 545 952 νειν
602 900 704 961 τῆς
759 901 884 969 γῆς,
936 891 1128 968 δρόμῳ
1186 898 1362 969 χωρεῖ
1410 891 1677 965 (ἇπίστευε
1718 893 1821 969 γὰρ
1869 894 1938 964 τῇ
1990 902 2083 955 θα-

436 984 610 1058 λάσσῃ
638 983 830 1058 πλέον)
862 984 1001 1056 πρὸς
1038 981 1102 1038 τὸ
1136 983 1271 1055 μίγα
1315 979 1602 1048 παλάτιον,
1643 979 1732 1037 καί
1788 980 1862 1041 ὡς
1913 981 2081 1054 εἶχεν,

435 1073 590 1149 ἀφεὶς
641 1074 735 1147 μὶν
786 1069 1121 1145 καλύπτραν,
1157 1070 1310 1148 ἀφεὶς
1358 1066 1416 1125 ὃὶ
1463 1070 1553 1125 καὶ
1604 1068 1839 1138 σπάθην,
1870 1068 1939 1125 τὰ
1984 1074 2083 1136 τῆς

436 1162 601 1218 αὐτοῦ
636 1159 914 1235 βασιλείας
951 1154 1228 1232 σύμϐολα,
1259 1160 1354 1228 νηῒ
1401 1153 1636 1219 καταϐὰς
1688 1156 1925 1213 πιστεύει
1982 1157 2082 1226 τήν

440 1249 732 1324 σωτηρίαν.
766 1251 879 1318 Τῆς
928 1247 1136 1322 ἡμερας
1188 1244 1246 1301 δὶ
1293 1246 1494 1316 ταύτης
1542 1247 1597 1299 bl
1626 1252 1725 1315 τῆς
1772 1246 2081 1317 Ῥωμαϊκῆς

439 1336 746 1399 ἐπιστάντες
787 1336 1066 1414 φάλαγγος
1104 1335 1183 1412 ἐφ’
1216 1336 1363 1409 ᾧπερ
1398 1334 1658 1408 «εὑρήσειν
1707 1335 1797 1390 καὶ
1844 1335 2082 1405 ωθὲξειν

436 1426 527 1482 τὸν
568 1424 943 1500 βασιλεύοντα,
972 1431 1072 1493 τῆς
1110 1429 1290 1497 φυγῆς
1334 1421 1579 1498 ἐχρῶντο
1631 1416 1959 1494 συμϐόλοις,
1991 1424 2081 1476 καὶ

440 1513 775 1590 ἀπεθὰῤῥουν
825 1510 995 1568 πλέον
1043 1511 1286 1569 ἐντεῦθεν
1340 1508 1606 1583 δραπὲτου
1652 1510 1938 1586 γεγονότος
1985 1513 2083 1564 τοῦ

438 1602 526 1658 ἐπὶ
576 1607 654 1674 τῷ
703 1600 991 1678 φυλάσσειν
1041 1600 1393 1673 τεταγμένου,
1424 1600 1523 1667 τήν
1572 1596 1630 1653 δὲ
1676 1618 1739 1673 γε
1767 1596 2078 1673 καλύπτραν

437 1692 528 1747 καὶ
583 1691 645 1747 τὸ
695 1690 843 1768 ξίφος
888 1684 1248 1750 ἀναλαϐόντες
1297 1687 1553 1763 ἀπαρχὴν
1616 1686 1856 1764 αὐτάρκη
1914 1691 2084 1741 ταῦτα

437 1785 543 1835 τῶν
577 1779 712 1836 κατά
761 1778 925 1835 πόλιν
974 1777 1230 1855 λαφύρων
1280 1776 1370 1832 καὶ
1420 1776 1728 1850 ἀκροθίνιον
1774 1774 2073 1829 ἐποιοῦντο.

438 1869 541 1926 Καὶ
590 1869 702 1941 ἅμα
750 1872 979 1941 σημεῖον
1123 1839 1243 1928 τοῖς
1286 1864 1369 1919 ἐπ’
1412 1839 1604 1935 ἆκείνῳ
1663 1861 1953 1938 θαῤῥοῦσιν
2004 1863 2079 1926 ὡς
2108 1839 2154 1904 Β

439 1955 597 2012 ούδὶν
644 1955 841 2012 ἐκεῖθεν
900 1954 1276 2031 ἀγαπήσαντος
1332 1953 1549 2028 φεύγειν
1595 1951 1797 2026 ἔχοιεν.
1828 1951 1977 2007 Ἐπεὶ
2029 1948 2075 2004 δ’

438 2041 699 2101 ἔκπυστον
733 2042 939 2119 ἐγίνετο
968 2047 1031 2097 τῦ
1062 2042 1326 2118 πραχθὲν,
1358 2039 1534 2096 αὐτῶν
1581 2061 1641 2115 γε
1682 2039 1772 2093 καὶ
1819 2036 1895 2094 ἔτι
1946 2059 2079 2093 κατ-

440 2134 762 2208 επτηχότων
810 2132 902 2187 καὶ
956 2132 1031 2204 μὴ
1076 2131 1326 2205 καθαρῶς
1373 2129 1734 2185 πιστευόντων
1812 2124 1956 2201 ἔχειν
2014 2127 2081 2181 τὰ

438 2222 492 2277 ἐν
556 2221 713 2297 χερσὶ
779 2220 1149 2296 κρατούμενα,
1198 2218 1498 2293 ἀφικνεῖται
1582 2216 1794 2289 ταχέως
1844 2214 1933 2269 καὶ
1991 2213 2079 2268 ἐπὶ

435 2310 563 2373 τοὺς
592 2309 714 2384 περὶ
746 2310 845 2378 τήν
879 2306 1211 2382 Δαφνουσίαν
1259 2308 1416 2382 φήμη
1465 2326 1523 2379 γε
1572 2309 1702 2359 οὖσα
1738 2305 1825 2359 καὶ
1877 2303 2007 2366 Θεὸς
2043 2305 2077 2371 ἡ

436 2402 619 2476 φήμη,
653 2397 741 2452 καὶ
803 2397 897 2469 ἅμ’
952 2395 1188 2465 ἤκουσαν
1240 2394 1746 2471 διαπεφωνήκεσαν,
1781 2392 1904 2467 περὶ
1962 2396 2078 2452 ταῖς

434 2615 824 2673 adorirentur.
842 2614 1125 2670 Ceterum
1141 2613 1458 2684 imperator
1479 2610 1817 2667 Latinorum
1841 2608 2044 2666 Baldui

432 2721 546 2761 nus
575 2705 986 2761 consternatus
1017 2701 1217 2758 audito
1249 2698 1412 2757 urbis
1443 2703 1622 2770 capta
1646 2715 1806 2765 casu,
1830 2702 1886 2753 et
1909 2713 2070 2753 men-

2188 538 2382 608 ’Όμως
2443 534 2704 609 ἐτάχυναν
2764 532 3043 603 ἐπιστῆναι
3100 535 3187 589 καὶ
3248 535 3322 599 ὠς
3376 537 3523 611 εἶχον
3567 538 3810 611 ἀμῦναι·

2187 626 2307 698 περὶ
2362 624 2463 700 γὰρ
2520 624 2807 697 τριάκοντα
2844 623 2935 679 καὶ
2983 625 3141 698 πρὸς,
3176 624 3343 701 λόγος
3390 626 3529 705 ἔχει,
3590 638 3820 707 μακραῖς

2193 713 2345 767 ναυσὶ
2402 711 2658 785 μονήρέσί
2712 732 2769 767 τε
2812 711 2900 767 καὶ
2955 715 3201 789 τριήρεσι
3279 715 3415 771 κατά
3494 722 3822 796 Δαφνουσίας

2198 802 2523 876 χρήσασθαι.
2574 800 2799 863 Ταύταίς
2868 800 3096 863 ἁπάσαις
3166 805 3627 877 ταχυναυτούσαις
3670 810 3823 878 ἠπεί-

2186 909 2347 962 γοντο
2396 889 2533 964 πρὸς
2589 890 2689 956 τήν
2738 886 2925 959 πόλιν,
2975 892 3086 962 ἅμα
3136 889 3456 967 θαῤῥοῦντες
3510 894 3599 949 καὶ
3644 901 3723 968 τῷ
3772 898 3828 951 ἐκ

2192 976 2443 1039 Σικελίας
2474 978 2709 1049 μεγίστῳ
2736 974 2921 1048 πλοίῳ
2950 976 3196 1039 πολλοὺς
3242 973 3430 1053 ἔχοντι
3476 981 3603 1046 τοὺς
3644 980 3831 1040 ἐπιϐἀ.

2186 1085 2304 1133 τας,
2348 1064 2425 1126 ὡς
2486 1064 2576 1119 καὶ
2624 1065 2821 1126 αὐτοὺς
2885 1065 3201 1140 συναμύνειν
3257 1073 3338 1140 τῷ
3383 1069 3523 1145 γένει
3572 1073 3658 1126 καὶ
3709 1079 3825 1135 τοῖς

2188 1153 2427 1211 ἐπιοῦσιν
2487 1154 2657 1226 ὁμόσε
2714 1160 2938 1230 χωρεῖν.
2996 1154 3101 1212 Καὶ
3151 1157 3203 1211 οἱ
3249 1158 3344 1229 μὶν
3393 1157 3481 1214 ἐπὶ
3548 1163 3825 1225 τοιαύταις

2188 1239 2401 1298 ἐλπίσιν
2425 1242 2741 1317 ἠπείγοντο,
2768 1245 2852 1315 [Ρ.
2871 1246 2961 1315 94]
3003 1245 3031 1298 ὁ
3079 1242 3137 1299 δὶ
3167 1251 3368 1320 Καῖσαρ
3398 1250 3828 1324 προαισθόμενος

2187 1329 2393 1385 τούτων
2422 1331 2521 1399 τὴν
2551 1325 2744 1405 ἔφοδον
2786 1331 2914 1395 τοὺς
2964 1331 3366 1405 Ῥωμαΐζοντας
3410 1336 3825 1411 προσκαλεῖται,

2190 1417 2241 1471 οἳ
2271 1418 2359 1474 καὶ
2391 1417 2464 1480 ὠς
2497 1420 2763 1490 Ῥωμαῖοι
2794 1418 3004 1482 ἐνόντες
3035 1418 3251 1483 ἄκοντές
3282 1443 3340 1477 τε
3372 1427 3675 1501 συνήργουν
3708 1435 3825 1490 τοῖς

2187 1508 2500 1581 ἡμετέροις.
2532 1509 2633 1564 Ἦν
2666 1506 2757 1563 οὖν
2788 1507 2911 1562 τότε
2941 1508 3141 1571 οἰκεῖος
3170 1511 3247 1582 τῷ
3304 1510 3623 1586 Βαλδουΐνῳ
3672 1518 3822 1591 θερά-

2185 1615 2302 1650 πων
2345 1596 2372 1648 ὁ
2427 1594 2611 1665 Φύλαξ
2667 1595 2957 1669 λεγόμενος
3010 1598 3289 1669 Ἰωάννης,
3322 1600 3457 1676 ἀνὴρ
3516 1603 3680 1677 βαθὺς
3736 1606 3822 1659 καὶ

2185 1687 2282 1737 τοῦ
2330 1689 2546 1761 φρονεῖν
2596 1682 2652 1739 εὖ
2700 1684 2849 1753 ἥκων
2901 1686 2977 1749 είς
3005 1687 3067 1741 τὸ
3095 1686 3410 1762 ἀκρότατον,
3444 1690 3505 1751 ὃς
3552 1692 3640 1746 καὶ
3695 1695 3821 1768 βου-

2190 1771 2293 1841 λὴν
2344 1772 2538 1846 είσᾶγει
2586 1775 2707 1828 τότε
2758 1774 2904 1845 μάλα
2952 1775 3162 1847 καιρίαν
3208 1776 3295 1831 καὶ
3338 1781 3417 1849 τῷ
3459 1785 3634 1856 καιρῷ
3664 1782 3825 1856 πρόσ-

2186 1881 2374 1938 φορον,
2407 1864 2469 1929 ἢν
2497 1860 2593 1917 κᾶν
2628 1862 2802 1926 ἄΑλος
2830 1862 3056 1938 εἷ’σόίγειν
3108 1865 3397 1935 ἀπώκνησε
3445 1868 3580 1945 πρὸς
3625 1871 3686 1924 τὸ
3730 1876 3824 1924 τοῦ

2184 1952 2505 2025 πράγματος
2535 1949 2785 2026 ὀλέθριον
2848 1946 3188 2026 ἀποϐλέψας.
3222 1951 3398 2015 Εἰδὼς
3439 1957 3538 2031 γὰρ
3590 1955 3827 2019 ἰκείνους

2190 2039 2538 2113 μαχομένους
2568 2038 2618 2109 ἑξ
2650 2037 2885 2115 ἀνάγκης
2924 2041 3010 2095 καὶ
3048 2042 3178 2115 ὑπὲρ
3210 2038 3435 2115 δύναμιν
3484 2045 3615 2119 ὑπὲρ
3643 2067 3703 2100 τε
3730 2069 3828 2120 γυ-

2186 2130 2384 2181 ναικῶν
2414 2126 2505 2180 καὶ
2536 2127 2772 2196 γνησίων
2806 2125 2969 2181 οἷ’κων
3001 2148 3059 2180 τε
3088 2127 3177 2182 καὶ
3226 2130 3535 2203 περιουσίας
3590 2130 3824 2202 ἀπᾶσης,

2186 2214 2275 2268 καὶ
2333 2214 2457 2275 συὸς
2514 2216 2714 2289 τρόπον
2756 2213 3244 2287 ἐπιτεθησομὲνους
3296 2218 3427 2288 ὑπὲρ
3473 2219 3644 2275 αὐτῶν
3688 2221 3827 2276 ὥστε

2187 2304 2221 2371 ἢ
2248 2303 2625 2377 περιγενέσθαι
2656 2305 2691 2373 ἢ
2727 2304 2833 2376 μὴν
2872 2310 3050 2359 πεσεῖν
3105 2305 3367 2374 εὐκλεῶς,
3402 2304 3683 2371 εὐϐούλως
3726 2332 3820 2381 με·

2195 2389 2331 2463 ρίζει
2380 2391 2477 2459 τὴν
2522 2390 2736 2465 χρείαν,
2774 2393 2863 2447 καὶ
2913 2397 3017 2468 πῦρ
3067 2395 3160 2465 μὶν
3194 2390 3452 2467 ἐμϐαλεῖν
3491 2397 3826 2470 ὑποτίθεται,

2183 2608 2467 2679 fractique
2497 2609 2711 2665 animis
2742 2614 2881 2665 sunt
2915 2610 3150 2666 horrore
3172 2611 3531 2669 discriminis
3553 2618 3825 2683 extremi,

2181 2696 2240 2751 in
2272 2713 2387 2769 quo
2416 2698 2635 2753 versari
2666 2698 2967 2755 carissima
2997 2698 3244 2771 pignora
3266 2699 3584 2758 liberorum
3617 2706 3824 2775 conju-

432 2793 510 2849 tis
538 2792 727 2863 impos
757 2791 967 2861 factus,
994 2788 1143 2847 nihil
1171 2789 1286 2846 nisi
1309 2789 1507 2860 fugam
1567 2788 1984 2845 meditabatur:
2018 2793 2073 2841 et
2181 2800 2437 2857 gumque
2458 2786 2809 2843 sentiebant.
2844 2787 3030 2850 Quare
3063 2804 3265 2844 omnes
3299 2806 3412 2845 uno
3439 2792 3659 2862 impetu
3705 2794 3822 2848 sol-

430 2880 632 2937 relicta
659 2878 819 2951 regia
864 2878 1338 2944 Blachernarum,
1391 2875 1655 2948 nihilque
1701 2876 1772 2931 ad
1822 2875 2071 2931 salutem
2178 2879 2345 2945 vunt,
2377 2891 2677 2930 occurrere
2698 2876 2767 2929 ad
2800 2876 3199 2932 defensionem
3233 2878 3636 2936 autultionem
3663 2881 3824 2937 festi-

435 2970 560 3040 spei
590 2968 847 3039 amplius
876 2967 933 3022 in
965 2971 1123 3022 terra
1150 2965 1531 3030 constituens,
1564 2980 1739 3021 cursu
1772 2964 2074 3019 contendit
2181 2966 2409 3019 nantes.
2442 2964 2624 3019 Aiunt
2649 2963 2896 3019 classem
2932 2965 3271 3021 Latinorum
3304 2968 3374 3022 ad
3419 2967 3821 3039 Daphnusiam

436 3060 507 3114 ad
533 3072 813 3129 magnum
841 3055 1154 3128 palatium:
1175 3053 1323 3109 mari
1345 3053 1498 3109 enim
1521 3052 1653 3123 plus
1679 3052 1987 3119 fidebat,et
2010 3056 2075 3107 ut

2182 3050 2362 3106 fuisse
2387 3052 2620 3107 navium
2638 3050 2941 3124 longarum
2957 3052 3440 3125 circitertriginta
3464 3056 3821 3114 uniremium

430 3151 574 3215 erat,
594 3146 814 3202 amisso
837 3144 1045 3216 capitis
1067 3144 1323 3214 tegmine
1349 3142 1690 3213 abjectoque
1709 3141 2072 3213 ense,ipsius
2104 3143 2146 3211 α
2184 3142 2284 3194 aut
2312 3138 2660 3194 triremium.
2693 3140 2914 3204 Quibus
2948 3140 3173 3196 cunctis
3202 3145 3321 3197 toto
3353 3142 3569 3214 impetu
3599 3145 3668 3201 ad
3724 3163 3826 3200 ur-

431 3234 766 3305 insignibus
795 3232 1047 3304 imperii.
1074 3231 1204 3287 navi
1235 3230 1449 3301 raptim
1473 3247 1801 3286 conscensa
1823 3230 2072 3286 salutem

431 3321 696 3379 credidit.
716 3322 798 3377 Ea
818 3337 989 3392 porro
1012 3319 1105 3374 die
1127 3320 1305 3375 duces
1329 3317 2072 3391 Romanasphalangis,quo

432 3410 686 3467 militum
720 3407 1310 3465 studiaincenderent
1339 3408 1411 3463 ad
1461 3406 1932 3478 investigandum
1975 3423 2072 3462 ca-

430 3499 830 3571 piendumque
852 3497 1188 3553 Latinorum
1207 3496 1642 3567 imperatorem,
1668 3494 1861 3567 palam
1884 3500 2073 3551 osten-

430 3584 879 3657 taruntimperii
908 3586 1040 3655 ejus
1071 3584 1347 3656 insignia,
1379 3600 1508 3655 qum
1533 3585 1687 3655 quod
1719 3584 1778 3639 in
1810 3584 2069 3641 hostium

429 3692 639 3731 manus
661 3674 961 3732 venissent
982 3672 1207 3744 judicio
1239 3676 1407 3728 erant
1427 3672 1652 3744 fugisse
1683 3672 1903 3744 ipsum.
1937 3672 2072 3736 Quin

428 3780 521 3819 res
552 3762 726 3820 etiam
757 3762 987 3819 valebat
1016 3763 1089 3818 ad
1119 3763 1422 3833 augendos
1455 3761 1604 3818 145
1639 3761 1915 3818 Romanis
1941 3761 2069 3817 ani-

431 3869 581 3919 mos,
613 3851 817 3924 utique
847 3851 947 3921 qui
979 3850 1243 3907 viderent
1272 3851 1408 3907 inde
1440 3867 1555 3907 non
1609 3849 1849 3905 difficile
1894 3864 2068 3919 nego-

426 3942 578 3999 tium
610 3944 829 3997 restare
858 3938 1221 3995 absolvendas
1239 3938 1688 4011 expugnationis
1710 3937 1872 3993 urbis
1893 3952 2067 4007 quam

429 4027 479 4083 is
509 4027 603 4084 cui
634 4026 867 4100 proprie
895 4024 1271 4083 incumbebat
1290 4041 1359 4082 ex
1378 4025 1570 4081 officio
1593 4023 1742 4082 tueri
1768 4039 1834 4081 ac
1854 4039 2069 4094 propu-

422 4131 603 4187 gnare
635 4116 988 4171 deseruerat.
1022 4114 1279 4185 Tegmen
1311 4128 1447 4183 ergo
1477 4112 1705 4184 regium
1750 4111 1959 4182 capitis
2012 4116 2071 4166 et

424 4220 623 4260 ensem
644 4202 1017 4273 imperatoris
1032 4200 1308 4272 fugientis
1331 4205 1615 4270 tanquam
1630 4199 1921 4271 primitias
1943 4216 2072 4271 spo-

426 4293 640 4349 liorum
673 4291 835 4348 urbis
866 4294 1044 4362 captae
1072 4294 1130 4345 et
1156 4289 1413 4345 votivum
1438 4287 1753 4344 anathema
1774 4304 2072 4345 consecra-

425 4385 565 4437 runt
578 4378 771 4452 palam
804 4378 1223 4450 appendentes,
1256 4376 1314 4432 id
1344 4391 1578 4446 quoque
1608 4376 1979 4433 consecuturi
2006 4380 2071 4433 ut

426 4472 539 4527 isto
571 4467 903 4542 spectaculo
935 4466 1151 4523 fiducia
1180 4464 1746 4574 omnis‘Byzantinis
1775 4469 2069 4521 excutere-
2100 4506 2146 4574 Ι)

428 4567 542 4629 tur,
575 4559 623 4614 si
648 4572 826 4628 quam
844 4555 905 4610 in
928 4555 1270 4611 Latinorum
1293 4553 1504 4625 opibus
1524 4556 1806 4624 tanquam
1838 4553 2065 4609 idoneis

429 4649 500 4703 ad
533 4647 693 4719 ipsos
719 4644 1116 4703 defendendos
1147 4641 1577 4699 collocassent:
1633 4640 1733 4712 qui
1791 4640 1946 4697 enim
1998 4641 2069 4697 ab

437 4735 510 4791 iis
527 4735 655 4805 jam
682 4732 798 4791 tale
829 4748 1064 4804 sperare
1090 4734 1331 4803 possent
1359 4746 1490 4787 cum
1519 4744 1720 4786 eorum
1746 4729 2069 4801 principem

433 4838 597 4894 spem
629 4837 747 4877 sum
778 4820 969 4892 ipsius
998 4819 1211 4876 salutis
1240 4820 1395 4877 ultro
1423 4818 1482 4875 in
1513 4818 1651 4890 fuga
1698 4817 2071 4875 constituisse

426 4914 730 4968 cernerent
756 4909 783 4963 Ἰ
812 4907 1039 4963 Accidit
1068 4911 1264 4964 autem
1293 4923 1362 4965 ea
1384 4923 1476 4963 res
1532 4910 1653 4963 tam
1712 4906 1882 4977 mira,
1936 4923 2069 4962 cum

426 4998 662 5069 vulgata
693 5001 803 5067 est,
833 4999 898 5052 ut
926 4994 1037 5066 ipsi
1069 4994 1310 5052 Romani
1332 4993 1577 5051 victores
1599 4994 2073 5066 inopinatissima

427 5101 735 5141 successus
756 5083 1008 5140 novitate
1026 5082 1337 5155 stupefacti
1358 5081 1450 5139 vix
1471 5081 1721 5153 propriis
1743 5082 1925 5138 oculis
1947 5100 2069 5139 cre-

426 5175 653 5242 derent,
677 5189 743 5229 ac
764 5188 826 5230 se
849 5188 976 5244 quae
996 5171 1272 5227 manibus
1294 5170 1569 5227 tenebant
1589 5186 1738 5242 aegre
1757 5172 2069 5241 persuade-

425 5268 628 5320 rentur
656 5262 978 5335 possidere.
1014 5260 1340 5318 Pervolavit
1388 5264 1583 5316 autem
1638 5258 1940 5317 celerrime
1994 5262 2066 5317 ad

426 5352 662 5409 Latinos
683 5349 1077 5423 Daphnusiam
1098 5352 1503 5419 oppugnantes
1519 5350 1699 5419 captaa
1715 5348 1876 5405 urbis
1890 5350 2066 5419 fama,

2180 3227 2309 3282 hem
2343 3228 2696 3298 ferebantur,
2732 3229 2976 3284 ﬁdentes
3006 3229 3177 3285 etiam
3196 3232 3459 3287 oneraria
3480 3249 3606 3304 qua:
3628 3235 3825 3290 aderat

2179 3332 2247 3371 ex
2262 3316 2459 3371 Sicilia
2474 3316 2745 3386 maxime,
2772 3317 3042 3388 plurimis
3064 3322 3275 3374 onusta
3303 3321 3657 3391 vectoribus,
3684 3339 3826 3394 quo-

2179 3421 2311 3459 rum
2343 3404 2609 3459 auxiliari
2639 3421 2814 3476 opera
2845 3421 2947 3476 pro
2979 3407 3409 3464 necessitudine
3427 3410 3662 3480 generis
3686 3428 3826 3466 usue

2180 3510 2274 3548 ros
2306 3508 2367 3548 se
2400 3509 2513 3548 non
2549 3493 2900 3549 dubitabant
2929 3493 2987 3549 in
3019 3495 3239 3566 praelia,
3300 3496 3347 3551 si
3398 3497 3829 3555 decernendum

2179 3582 2345 3637 foret.
2385 3581 2482 3636 His
2504 3581 2589 3635 illi
2616 3582 2832 3653 spebus
2855 3582 3099 3638 animati
3122 3585 3529 3655 procedebant.
3555 3588 3832 3643 AtCaesar

2178 3669 2457 3726 infestum
2491 3686 2692 3725 eorum
2722 3671 3033 3728 adventum
3094 3673 3471 3742 praesentiens
3529 3675 3819 3732 Romanos

2179 3758 2277 3827 qui
2310 3757 2419 3813 sub
2454 3758 2615 3815 Italis
2646 3759 2703 3813 in
2738 3759 2881 3815 urbe
2911 3760 3293 3816 constiterant
3322 3766 3617 3833 convocat,
3637 3768 3695 3818 et
3715 3765 3818 3819 ad-

2180 3846 2431 3902 monitos
2453 3846 2696 3918 originis
2718 3847 2976 3904 volentes
2995 3847 3260 3906 nolentes
3285 3849 3481 3922 adegit
3500 3851 3569 3906 ad
3595 3859 3819 3908 nostras

2179 3951 2283 4005 pro
2312 3934 2463 3991 virili
2489 3935 2780 4006 juvandas
2812 3941 3024 4007 partes.
3060 3940 3213 3993 146
3237 3938 3366 3993 Erat
3396 3943 3537 3994 tunc
3568 3940 3819 3997 familia-

2179 4023 2261 4079 ris
2290 4023 2559 4080 Balduini
2592 4024 2861 4081 minister
2904 4025 3162 4082 Joannes
3215 4025 3423 4099 Phylax
3451 4027 3569 4084 sive
3626 4032 3825 4086 custos

2179 4112 2393 4180 dictus,
2427 4113 2701 4184 profundi
2744 4113 2835 4167 vir
2892 4114 3132 4185 ingenii,
3187 4116 3537 4188 solertiaque
3586 4134 3821 4173 summa

2179 4201 2480 4271 preeditus.
2507 4202 2559 4257 Is
2580 4201 2891 4257 consilium
2916 4203 3616 4276 suggessitopportunum
3638 4211 3697 4262 et
3718 4206 3819 4262 tali

2180 4305 2374 4344 rerum
2406 4289 2651 4346 articulo
2681 4289 3083 4360 utilissimum,
3116 4292 3403 4362 ejusmodi
3437 4297 3625 4349 tamen
3664 4295 3816 4367 quod

2181 4393 2351 4434 nemo
2385 4378 2536 4434 alius
2566 4382 2801 4451 prepter
2830 4380 2958 4449 ejus
3008 4381 3401 4452 perniciosam
3459 4382 3816 4439 atrocitatem

2179 4465 2559 4523 sustinuisset
2583 4483 2921 4537 proponere.
2958 4469 3344 4525 Considerans
3374 4471 3528 4526 enim
3577 4488 3676 4528 eos
3720 4472 3818 4544 qui

2177 4571 2246 4611 ex
2275 4552 2617 4625 Daphnusia
2647 4555 2938 4626 desperati
2985 4572 3181 4612 serum
3231 4558 3360 4613 urbi
3412 4559 3539 4629 Jam
3580 4560 3817 4631 perdita:

2180 4642 2460 4699 auxilium
2493 4643 2777 4713 ferebant,
2809 4644 3045 4701 caritate
3076 4645 3275 4717 utique
3297 4646 3615 4703 liberorum
3648 4648 3818 4705 acla-

2180 4732 2353 4798 rium,
2387 4731 2606 4787 ultimm
2637 4733 2845 4789 adactu
2870 4734 3232 4791 necessitatis
3254 4750 3435 4807 supra
3453 4736 3626 4805 vires,
3652 4754 3818 4810 apro-

2180 4836 2311 4875 rum
2344 4820 2532 4876 instar
2560 4821 2714 4876 intra
2742 4837 2938 4878 casses
2972 4823 3191 4879 frustra
3221 4823 3636 4896 frendentium,
3670 4827 3816 4882 fero-

2181 4908 2269 4964 cia
2298 4908 2446 4965 nihil
2476 4908 2589 4965 nisi
2621 4910 2679 4965 in
2711 4910 2895 4966 cladis
2926 4910 3228 4968 cumulum
3260 4928 3393 4967 cum
3418 4912 3595 4969 exitio
3624 4914 3815 4984 gentis

2180 4998 2506 5068 profectura
2536 5002 2921 5070 pugnaturos,
2954 5000 3170 5072 quippe
3201 5001 3560 5057 irrevocabili
3586 5006 3818 5058 ruentes

2177 5086 2475 5157 prOposito
2501 5092 2602 5144 aut
2629 5088 2919 5159 vincendi,
2952 5090 3104 5160 quod
3138 5090 3262 5145 fieri
3294 5106 3408 5147 non
3458 5094 3675 5162 posset,
3720 5096 3819 5146 aut

2177 5174 2493 5232 honoriﬁce
2518 5177 2761 5231 cadendi
2789 5194 2803 5244 ;
2824 5178 3026 5233 videns
3053 5178 3177 5248 hoc,
3204 5179 3469 5249 inquam,
3491 5183 3547 5234 et
3566 5178 3815 5249 sapienti

2177 5264 2418 5320 consilio
2452 5265 2769 5323 decernens
2810 5267 3158 5323 necessariis
3213 5267 3442 5323 afflicta
3500 5267 3816 5339 improvisa

2176 5352 2339 5409 clade
2362 5353 2694 5424 reipublicae
2716 5355 2924 5412 usibus
2948 5355 3079 5411 illas
3101 5354 3381 5426 reliquias
3404 5372 3653 5425 servare,
3674 5355 3813 5411 sub-

423 5455 555 5498 vere
585 5440 762 5507 fama,
792 5439 899 5494 hoc
930 5442 1022 5493 est
1052 5436 1317 5493 divinum
1349 5451 1455 5491 nec
1510 5434 1768 5491 humano
1793 5437 2065 5496 ~delatum
2166 5441 2493 5511 jiciendum
2522 5459 2624 5513 per
2646 5444 2850 5499 urbem
2886 5443 3074 5515 ignem
3107 5444 3378 5500 domibus
3405 5444 3607 5500 suasit.
3632 5444 3812 5515 Cujus

428 5529 757 5586 ministerio
780 5527 1050 5599 judicum
1082 5541 1214 5581 cum
1245 5525 1435 5581 adhuc
1467 5542 1559 5581 res
1589 5525 1753 5581 ﬁeret
1798 5526 2066 5599 divulgs-
2174 5530 2331 5586 miras
2359 5532 2773 5601 propositionis
2805 5532 3060 5587 rationes
3090 5533 3247 5587 hunc
3278 5531 3397 5588 fere
3454 5533 3513 5588 in
3572 5533 3808 5587 modum

428 5620 554 5674 tum
586 5615 809 5689 procul.
836 5615 923 5670 Illi
949 5612 1125 5671 simul
1146 5613 1479 5685 audierunt,
1505 5611 1681 5669 simul
1707 5617 2063 5673 consternati
2174 5618 2567 5675 subducebat:
2594 5620 2855 5677 Flamma
2886 5620 2941 5676 in
2978 5621 3128 5677 aedes
3160 5620 3368 5691 injecta
3399 5624 3812 5678 consumetso-
