4158 6280
304 301 415 355 585

1365 298 1453 350 DE
1491 294 1855 350 MICHAELE
1898 291 2337 346 PALEOLOGO
2375 291 2506 344 LIB.
2547 293 2618 344 II.

3593 295 3700 351 {86

309 423 387 485 ὡς
436 419 788 494 καυσομένων
845 420 936 475 καὶ
995 419 1154 476 οἷ’κων
1203 421 1293 475 καὶ
1339 421 1596 495 περιττῆς
1644 416 1733 471 καὶ
1778 415 1957 490 ἀρχή·
1986 417 2040 481 Α
2071 413 2407 484 παρεκάλουν
2453 412 2578 476 τοὺς
2625 411 2726 483 ἕξω
2773 414 3075 486 θεωμένους
3121 411 3189 468 τὰ
3235 412 3509 489 δρώμενα.
3560 419 3701 476 Τότε

310 535 440 568 στου
472 512 632 582 ὕλης,
665 514 939 585 γυναικῶν
968 507 1025 564 δὲ
1069 510 1159 564 καὶ
1207 506 1414 564 παίδων
1460 507 1511 578 ἐξ
1558 507 1791 582 ἀνάγκης
1839 501 1953 558 δια-

309 600 708 680 φυλαξομένων
739 605 818 672 τῷ
849 597 1160 675 ἐκδραμεῖν,
1211 593 1320 654 ἔστι
1366 596 1411 654 δ’
1463 596 1525 652 οῦ
1566 595 1656 650 καὶ
1690 589 1954 668 φυλαξόν-

307 679 422 746 των
478 689 566 744 καί
621 709 742 743 τινα
795 695 896 757 τῆς
951 689 1188 762 καθαρᾶς
1237 687 1325 741 καὶ
1379 687 1455 748 εἷς
1507 683 1745 740 πλοῦτον
1791 679 1954 751 ὕλης,

313 779 558 840 ἐκείνους
591 775 636 832 δ’
683 775 741 831 ἐκ
786 780 933 846 νηῶν
965 773 1177 837 ἰδόντας
1209 774 1340 850 πυρὶ
1377 773 1700 847 μένξγοῗκους
1749 770 1954 843 ἀμαθυ-

310 869 608 941 νομένους,
665 870 922 940 γυναῖκας
976 862 1033 918 δὲ
1078 865 1167 918 καὶ
1211 862 1405 925 παῖδας
1442 863 1536 926 τὰς
1565 866 1756 936 χεῖρας
1786 856 1954 912 ἐκτείι

308 975 505 1016 νοντας
563 954 642 1017 εἰς
692 950 1004 1026 ἀντίληψιν,
1059 949 1165 1006 τῶν
1229 952 1321 1024 μὲν
1359 947 1625 1026 ὑπεριδεῖν
1658 948 1732 1009 ὠς
1768 945 1956 1019 μηκέτ’

315 1043 513 1115 ὅντων,
571 1043 806 1104 ἐκείνους
865 1039 908 1096 δ’
969 1041 1209 1112 ἐκζητεῖν
1267 1043 1356 1096 καὶ
1402 1041 1610 1109 σώζειν,
1668 1039 1756 1093 καὶ
1813 1036 1954 1091 οὕτω

314 1133 481 1211 χάριν
510 1131 635 1196 τοὺς
665 1129 910 1192 διδόντας
951 1130 1151 1185 τιθέναι
1181 1136 1297 1192 τοῖς
1347 1130 1679 1198 ἐκζητοῦσιν,
1732 1127 1955 1200 ἀγαπω-

314 1247 400 1279 σιν
435 1224 480 1279 εἰ
510 1221 659 1277 αὐτοὶ
711 1222 801 1274 καὶ
831 1225 1080 1295 γυναῖκες
1128 1219 1216 1273 καὶ
1264 1219 1424 1273 τέκνα
1482 1220 1762 1286 σώζοιντο.
1805 1218 1954 1272 Εἶναι

307 1317 415 1389 γὰρ
449 1312 498 1384 ἐξ
550 1313 768 1382 ἑτοίμου
816 1308 1030 1369 τούτοις
1079 1309 1290 1368 καὶτὰς
1320 1309 1565 1381 τριήρεις
1625 1302 1952 1376 ὑποδεξομέ-

302 1423 405 1463 νας
434 1401 498 1455 τὸ
526 1397 764 1469 πλῆθος,
824 1396 920 1450 κᾶν
973 1394 1142 1451 ἄλλοι
1174 1394 1406 1464 θέλοιεν,
1458 1395 1547 1448 καὶ
1601 1393 1783 1454 αὐτοῖς
1818 1391 1954 1468 ἐφιέ-

300 1509 416 1546 ναι·
453 1490 612 1556 ἱκανή
644 1489 744 1562 γὰρ
775 1489 808 1556 ἡ
861 1487 912 1539 ἐν
965 1485 1220 1549 Σικελίας
1264 1489 1392 1546 ναῦς
1441 1483 1633 1544 αὐτοὺς
1687 1479 1954 1556 ὑποδέχε-

306 1592 456 1642 σθαι.
490 1578 648 1634 Οὕτω
677 1582 776 1644 τῆς
815 1572 1022 1649 βουλῆς
1055 1573 1310 1648 ῥηθείσης
1357 1573 1444 1626 καὶ
1478 1572 1678 1644 ἀγαθῆς
1704 1568 1952 1640 δοξάσης,

302 1667 396 1722 καὶ
433 1663 650 1738 μᾶλλον
679 1663 922 1737 ἀντέχειν
961 1663 1037 1733 μὴ
1089 1659 1277 1736 ἔχουσι
1310 1658 1398 1714 διὰ
1446 1661 1543 1728 τὴν
1592 1664 1697 1713 τῶν
1744 1655 1950 1732 ἀνδρῶν

305 1755 629 1829 ὀλιγότητα,
686 1757 793 1827 πῦρ
853 1751 1151 1827 ὑφάπτουσι
1200 1748 1501 1824 παραυτίκα
1550 1748 1686 1802 ὅπου
1740 1744 1952 1819 μᾶλλον

306 1846 453 1899 οἶκοι
502 1842 592 1896 καὶ
649 1839 961 1915 πράγματα.
1018 1840 1080 1890 Ὃ
1137 1835 1202 1905 δὴ
1256 1837 1344 1890 καὶ
1376 1835 1696 1909 νεμόμενον,
1723 1833 1847 1894 τοὺς
1878 1831 1953 1888 οἷ’-

305 1953 434 1993 κους
486 1926 723 1985 ἐσπόδει.
779 1927 1012 1996 Ἐξέθεον
1065 1921 1111 1979 δ’
1141 1926 1193 1978 οἱ
1227 1924 1278 1978 ἐν
1317 1921 1491 1987 οἷ’κοις
1519 1917 1950 1996 τεθορυϐημένοι

311 2020 585 2088 μελισσῶν
643 2015 844 2090 τρόπον
903 2014 1314 2086 καπνιζομένων
1349 2055 1363 2080 ,
1419 2011 1504 2065 κατ
1565 2010 1691 2073 τοὺς
1746 2009 1948 2082 λόφους

302 2115 405 2177 τῆς
430 2106 646 2166 πόλεως
695 2097 1206 2176 καταλαμϐάνοντες
1235 2100 1434 2175 γυμνοὶ
1492 2099 1565 2160 ὠς
1627 2099 1796 2172 εἶχον,
1840 2099 1952 2169 ἅμα

305 2195 364 2252 δὲ
408 2195 496 2250 καὶ
547 2191 815 2268 περιδεεῖς
861 2193 982 2266 περῖ
1020 2197 1118 2260 τῆς
1150 2194 1295 2264 σφῶν
1352 2188 1644 2264 σωτηρίας,
1696 2185 1949 2260 δακρύοις

301 2397 434 2454 lum
462 2393 770 2450 materiam
801 2389 1136 2462 migraturis
1161 2385 1735 2454 inutilemmostibus
1758 2384 1951 2456 profu-

299 2485 591 2552 turam,et
607 2495 887 2552 personas
902 2477 1112 2533 avellet
1126 2474 1348 2532 salubri
1364 2475 1711 2529 necessitate
1728 2490 1760 2526 a
1777 2471 1947 2526 noxio

301 2588 464 2628 nunc
487 2568 790 2639 complexu
812 2565 1113 2638 penatium
1141 2564 1197 2618 in
1222 2563 1438 2635 quibus
1461 2567 1606 2616 natae
1630 2565 1946 2631 sunt,quos

305 2659 427 2715 nisi
460 2655 951 2726 deserant,praeda
977 2653 1244 2708 hostibus
1266 2657 1457 2706 erunt.
1486 2651 1598 2707 Nec
1616 2666 1823 2704 uxores
1845 2665 1940 2703 so-

309 2747 438 2802 lum
473 2744 752 2816 liberique
785 2747 1116 2797 nostrorum
1149 2741 1231 2796 sic
1261 2739 1404 2795 salvi
1438 2739 1703 2804 fient,sed
1735 2736 1944 2809 pretio-

318 2835 580 2900 sissima,
613 2836 674 2886 ut
702 2832 785 2901 ﬁt,
816 2829 1183 2886 conditarum
1215 2831 1367 2883 domi
1401 2843 1595 2882 rerum
1628 2843 1823 2881 secum
1850 2842 1942 2880 as-

327 2921 662 2994 portabunt.
693 2919 981 2976 Classiarii
1021 2934 1190 2989 porro
1224 2916 1406 2972 nostri
1439 2916 1551 2970 huc
1583 2914 1809 2986 appulsi
1841 2914 1939 2968 ubi

311 3029 384 3066 ex
416 3009 655 3064 navibus
683 3013 921 3064 cernent
946 3007 1216 3061 ardentes
1238 3005 1476 3076 quidem
1500 3001 1942 3071 domus,conju-

310 3115 418 3170 ges
451 3113 578 3152 vero
607 3113 672 3152 ac
706 3096 857 3150 filios
893 3111 1103 3148 manus
1133 3110 1162 3148 e
1195 3094 1387 3148 littore
1419 3092 1724 3146 tendentes
1771 3091 1939 3145 obse-

304 3192 655 3256 crantesque
688 3189 752 3238 ut
785 3200 847 3238 se
878 3184 933 3236 in
967 3188 1160 3237 tutum
1195 3180 1495 3251 recipiant,
1528 3184 1677 3234 tecta
1703 3178 1938 3249 quidem

300 3280 367 3329 ut
388 3277 514 3344 jam
550 3273 777 3344 perdita
797 3269 1440 3342 negligenl,charavero
1463 3267 1651 3338 capita
1682 3266 1936 3338 periculo

299 3364 630 3417 subducere
662 3361 1038 3425 contendent;
1072 3363 1128 3413 et
1149 3357 1232 3412 sic
1257 3356 1449 3412 ablata
1479 3358 1536 3410 in
1562 3355 1936 3410 manifestum

298 3452 537 3506 exilium
569 3449 774 3504 ruendi
807 3445 1384 3516 causa,temerarium
1410 3447 1702 3516 deponent
1726 3460 1937 3515 propo-

299 3541 482 3594 situm
533 3537 833 3609 pugnandi
892 3537 1016 3590 sine
1047 3551 1148 3606 spe
1178 3550 1310 3588 cum
1345 3534 1513 3588 hoste
1546 3533 1853 3604 potentiori
1882 3538 1938 3587 et

299 3633 458 3683 certo
490 3627 764 3691 victoriae,
797 3625 939 3680 satis
971 3625 1257 3678 habentes
1288 3621 1664 3676 dulcissimos
1695 3621 1936 3676 affectus

298 3716 758 3771 domesticarum
795 3711 1294 3768 necessitudinum
1329 3729 1360 3764 a
1393 3709 1936 3780 ﬂamma.gladio,et

297 3805 579 3860 servitute
608 3801 802 3856 hostili
834 3806 1060 3871 ereptos
1092 3799 1280 3854 salvos
1309 3814 1508 3853 secum
1531 3797 1674 3868 ipsis
1723 3798 1938 3868 pariter

292 3891 696 3948 incolumibus
735 3894 790 3944 et
812 3895 968 3944 tutos
989 3889 1047 3942 in
1073 3886 1319 3942 navibus
1343 3887 1574 3941 habere.
1599 3887 1808 3940 Adfore
1833 3904 1932 3940 au-

296 3986 419 4036 tem
451 3978 718 4033 triremes
743 3982 800 4032 et
826 3977 1061 4046 capacia
1092 3973 1412 4046 quantaevis
1445 3973 1842 4028 multitudinis
1870 3991 1938 4028 ea

297 4068 608 4125 occasione
640 4081 961 4121 accursuraa
986 4063 1388 4134 navigia,141
1419 4061 1738 4132 praesertim
1763 4061 1940 4116 maxi-

302 4173 470 4212 mum
503 4171 683 4210 unum
717 4171 748 4208 e
777 4153 996 4218 Sicilia,
1028 4153 1215 4207 solum
1251 4151 1395 4206 satis
1426 4149 1685 4222 amplum
1711 4150 1937 4204 cunctis

302 4245 424 4300 fere
446 4243 546 4313 qui
573 4247 735 4298 terrae
759 4240 1013 4312 pericula
1037 4239 1179 4294 mari
1206 4240 1403 4311 fugere
1423 4237 1635 4292 vellent
1657 4237 1940 4308 recipien-

304 4334 420 4387 dis.
448 4332 528 4386 Ea
555 4334 812 4385 Joannes
841 4345 974 4383 eum
1005 4327 1639 4399 exposuisset,suadere
1667 4327 1827 4382 utilia
1853 4330 1940 4381 est

314 4422 500 4488 visus,
522 4435 589 4474 ea
619 4418 867 4473 maxime
888 4417 1109 4471 ratione
1135 4420 1378 4470 cunctos
1411 4415 1468 4468 in
1500 4431 1807 4470 assensum
1840 4431 1938 4468 ne-

2811 501 2970 520 ’.λιν

2065 500 2130 572 δὴ
2181 503 2268 558 καὶ
2318 502 2369 558 ἐν
2421 503 2704 578 ἀμηχανίᾳ
2744 508 2840 558 τοῦ
2873 501 2999 579 δρᾷν
3028 525 3081 558 τι
3107 504 3390 580 γενόμενοι
3423 505 3550 580 (εἷ’τε
3596 508 3698 585 γὰρ

2062 590 2287 660 ἀνύοιεν,
2350 592 2410 646 ού
2462 593 2643 655 καλῶς
2699 588 2844 667 ἔχειν
2907 591 3106 655 αὐτοὺς
3164 597 3575 671 γυμνωθέντας,
3609 598 3700 653 καὶ

3481 683 3587 740 εἷίτε
3644 684 3702 741 δέ

2060 770 2150 822 καὶ
2215 770 2288 842 μὴ
2336 773 2548 842 νικῷεν,
2604 769 2806 832 τελέως
2847 769 3030 832 αὐταῖς
3087 771 3291 845 γυναιξῖ
3349 774 3437 827 καὶ
3488 773 3698 840 τέκνοις

2063 855 2300 930 ὀλέσθαι)
2332 860 2466 933 πρὸς
2521 857 2722 912 ἱκεσίαν
2772 857 3080 932 τρέπονται,
3141 859 3229 913 καὶ
3285 862 3411 926 τοὺς
3463 862 3697 927 οἰκείους

2065 943 2212 1018 μάλα
2243 949 2455 1021 θερμῶς
2505 946 2851 1019 ἐξαιτοῦνται,
2893 947 2937 1001 εἷ
2990 949 3081 1019 μὲν
3139 947 3453 1023 βούλονται,
3486 950 3696 1026 σύναμα

2060 1034 2148 1088 καὶ
2177 1040 2291 1096 τοῖς
2323 1039 2568 1107 περιοῦσι
2618 1037 2949 1112 πράγμασιν,
3002 1037 3044 1090 εἰ
3078 1035 3124 1091 δ’
3171 1035 3287 1107 οὖν,
3333 1039 3459 1094 ἀλλ’
3498 1038 3694 1116 αὔταρ-

2059 1143 2146 1184 κες
2197 1124 2329 1177 εἶναι
2375 1123 2593 1187 τούτοις
2645 1125 2706 1178 τὸ
2751 1129 2858 1186 σῶς
2902 1120 3198 1180 ἀπολαϐεῖν
3245 1126 3373 1190 τοὺς
3417 1129 3692 1204 γνησίους.

2060 1211 2190 1266 Τότε
2213 1212 2394 1266 τοίνυν
2447 1210 2593 1267 δεινά
2620 1234 2678 1267 τε
2719 1213 2808 1266 καὶ
2853 1212 3079 1286 σχέτλια
3134 1213 3437 1289 ἐτελοῦντο,
3473 1219 3698 1294 μέγιστα

2062 1300 2133 1352 ὧν
2169 1295 2285 1373 ὄψει
2318 1300 2406 1354 καὶ
2458 1301 2597 1374 ἀκοῇ
2648 1300 2978 1374 παρειλήφει
3021 1323 3102 1364 τις
3156 1305 3234 1375 [Ρ.
3287 1306 3399 1379 95]·
3449 1312 3696 1380 γυναῖκες

2061 1388 2163 1464 γὰρ
2197 1383 2506 1461 ἀνύϐριστοι
2536 1391 2624 1444 καὶ
2679 1390 2933 1464 παρθένοι
2969 1391 3051 1467 ὑφ’
3083 1392 3156 1445 ἐνὶ
3201 1397 3418 1467 χιτῶνι,
3470 1392 3700 1473 διερρω-

2064 677 2174 753 ἅμα
2230 678 2477 735 κινδύνου
2528 687 2646 742 τοῖς
2704 682 2976 757 σφετέροις
3028 681 3372 756 ἐπικειμένου
3407 703 3419 716 ·

2061 1477 2181 1551 γότι
2212 1477 2298 1530 καὶ
2325 1478 2520 1548 τούτῳ,
2551 1483 2666 1538 τοῖς
2708 1482 2934 1552 τυχοῦσι
2981 1480 3494 1554 περιστελλόμεναι,
3544 1483 3700 1556 νηλί·

2061 1587 2182 1626 ποις
2214 1565 2368 1619 ποσὶν
2405 1567 2505 1620 ὑπὸ
2536 1563 2762 1620 πολλῶν
2797 1562 2978 1640 ὄψεσιν
3008 1566 3218 1640 ἀτίμως
3264 1571 3398 1645 πρὸς
3445 1572 3570 1634 τοὺς
3619 1573 3701 1628 οἷ-

2061 1655 2239 1715 κείους
2289 1653 2511 1726 ἐξέθεον.
2564 1655 2664 1710 Καὶ
2725 1652 2873 1716 δίκας
2921 1655 3150 1711 ἐτίννυον
3199 1655 3446 1735 ἄντικρυς
3500 1660 3699 1717 Ἰταλοί

1987 1782 2030 1844 Β
2062 1741 2132 1795 ὧν
2193 1742 2384 1796 ἐκεῖνοί
2430 1763 2560 1797 ποτε
2609 1744 2743 1817 πρὸς
2792 1745 3099 1815 Ῥωμαίους
3150 1745 3387 1804 ἐποίουν.
3445 1754 3593 1821 *Αμα
3642 1749 3700 1806 δὲ

2135 1830 2147 1844 I
2217 1829 2230 1844 \
2358 1825 2376 1844 Ν
2458 1829 2471 1844 κ
2556 1829 2603 1844 ΑΙ
2804 1829 2838 1844 ·Ί
2889 1829 2908 1844 \
3035 1836 3060 1844 η-
3267 1835 3280 1844 ι
3301 1841 3309 1844 -
3337 1833 3353 1844 ι
3381 1834 3422 1844 ιι.
3538 1837 3549 1844 ι
3572 1839 3579 1844 .
3603 1834 3619 1844 ι

2061 1829 2239 1882 καὶτὸ
2279 1825 2510 1883 παλαιὸν
2555 1829 2767 1883 θέσπιον
2803 1829 3149 1904 ξέπληροῦτο,
3188 1856 3214 1884 (ι
3267 1833 3510 1904 Ἀλέξιος
3538 1834 3696 1892 Ἀλε-

2063 1916 2326 1989 ξόπουλος
2370 1917 2457 1971 καὶ
2506 1917 2591 1971 ἐπὶ
2637 1918 2852 1980 τούτοις
2910 1921 3332 1995 Κουτριτζοὶκης,
3384 1947 3410 1975 ›)
3462 1930 3697 1999 ’Ἑφοασε

2059 2007 2158 2080 γτΞιρ
2217 2006 2304 2059 καὶ
2366 2006 2470 2080 πρὸ
2525 2011 2620 2059 τοῦ
2673 2012 2836 2061 ταῦτα
2883 2009 3125 2083 γενέσθαι
3177 2011 3204 2064 ὁ
3254 2012 3694 2086 συγγραψάμενος

2060 2093 2273 2148 ἀκούειν
2323 2095 2468 2169 παρά
2508 2095 2709 2170 πατρὸς
2755 2095 3082 2168 ὁμιλοῦντος
3135 2096 3290 2172 ἄλλῳ
3327 2099 3415 2153 καὶ
3445 2102 3537 2156 τὸν
3567 2107 3698 2156 τοῦ-

2058 2203 2147 2237 τον
2200 2181 2363 2257 Λόγον
2414 2180 2698 2258 λὲγοντος.
2749 2191 2834 2247 Ὡς
2873 2185 2972 2261 γὰρ
3021 2185 3243 2242 πολῖται
3304 2183 3450 2252 ὅντες
3500 2188 3698 2246 ἐκεῖνοι

2060 2383 2262 2455 procul
2290 2387 2449 2439 extra
2482 2383 2750 2439 videbant
2781 2385 3038 2442 vicissim
3069 2387 3327 2444 intentos
3374 2387 3434 2444 in
3465 2405 3533 2445 ea
3569 2407 3697 2462 quas

2058 2472 2283 2540 ﬁerent,
2311 2487 2444 2525 cum
2475 2471 2746 2544 lacrymis
2779 2479 3013 2530 orantes
3067 2481 3130 2530 ut
3177 2483 3588 2534 succurrerent
3635 2479 3695 2534 in

2055 2568 2307 2616 extremo
2339 2559 2675 2616 discrimine
2706 2562 3037 2618 miserrima
3075 2564 3437 2635 patientibus
3482 2570 3539 2622 et
3573 2583 3692 2622 me-

2053 2649 2352 2704 tuentibus
2374 2649 2588 2720 pejora.
2615 2648 2737 2704 Tali
2761 2651 3091 2722 spectaculo
3117 2653 3431 2709 reducibus
3454 2671 3484 2710 e
3502 2655 3693 2726 Daph-

2054 2738 2246 2792 musia
2265 2738 2484 2801 Latinis
2507 2737 3045 2809 objecto,steterunt
3066 2740 3123 2795 hi
3151 2741 3580 2814 aliquantulum
3603 2744 3689 2798 in-

2051 2826 2191 2880 certi
2247 2830 2303 2880 et
2361 2825 2804 2882 deliberabundi
2862 2829 3001 2898 quid
3062 2836 3317 2901 agerent.
3375 2835 3481 2902 An,
3518 2837 3691 2903 prout

2049 2915 2438 2982 decreverant,
2473 2917 2909 2987 exscenderent,
2942 2921 2998 2972 et
3018 2917 3215 2974 hostes
3244 2919 3689 2976 invaderent?At

2052 3001 2447 3058 inconsultum
2471 3003 2777 3058 videbatur
2805 3004 2962 3076 ipsos
2988 3007 3195 3074 nudos,
3233 3011 3295 3062 ut
3317 3012 3686 3080 erant,appa-

2052 3099 2174 3145 ratu
2209 3092 2502 3147 terrestris
2535 3092 2692 3160 belli,
2726 3109 2827 3164 pro
2862 3094 3002 3150 focis
3033 3099 3091 3150 et
3121 3111 3181 3150 re
3205 3096 3500 3164 familiari,
3553 3098 3685 3168 qui-

2047 3179 2156 3234 bus
2188 3195 2249 3235 se
2269 3181 2395 3250 jam
2427 3179 2703 3252 spoliatos
2734 3181 3051 3252 populante
3076 3188 3286 3239 cuncta
3310 3185 3578 3242 incendio
3603 3186 3687 3240 vi-

2047 3269 2279 3338 debant,
2313 3285 2460 3324 caeco
2492 3269 2710 3340 impetu
2744 3271 3101 3327 decertatum
3136 3289 3324 3340 ruere,
3359 3291 3493 3329 eum
3525 3279 3688 3330 certa

2046 3357 2298 3427 pernicie
2321 3375 2434 3412 non
2456 3359 2548 3412 sui
2572 3357 2760 3413 solum
2787 3358 3182 3430 ipsorum,sed
3207 3363 3524 3434 conjugum
3546 3380 3688 3435 prie-

2043 3448 2200 3499 terea
2227 3451 2282 3498 ct
2312 3446 2650 3512 liberorum,
2678 3447 2787 3501 nisi
2818 3448 3113 3505 vincerent
3137 3451 3313 3520 (quod
3339 3452 3560 3522 sperari
3590 3451 3686 3507 vix

2044 3533 2309 3602 poterat),
2342 3549 2474 3588 cum
2508 3535 2653 3605 ipsis
2681 3534 2837 3590 haud
2890 3537 3067 3591 dubie
3096 3540 3510 3608 periturorum.
3548 3539 3680 3595 Haec

2044 3626 2379 3692 reputantes
2411 3623 2596 3677 satius
2629 3630 2913 3694 putarunt
2955 3627 3305 3683 descendere
3332 3629 3401 3683 ad
3453 3646 3674 3701 preces,

2042 3709 2452 3781 supplicesque
2483 3710 2770 3766 instanter
2801 3715 3094 3782 petierunt
3125 3719 3186 3770 ut
3219 3717 3329 3771 sibi
3363 3718 3674 3772 necessarii

2042 3797 2460 3869 domesticique
2495 3799 2889 3867 redderentur,
2923 3802 2969 3857 si
3003 3802 3242 3872 quidem
3273 3803 3507 3871 vellent,
3537 3821 3671 3860 eum

2043 3903 2103 3941 ea
2138 3903 2262 3957 quae
2291 3891 2624 3958 superesset
2656 3887 2926 3943 familiari
2958 3892 3294 3961 suppectili,
3327 3895 3416 3947 sin
3450 3894 3670 3962 minus,

2041 3974 2127 4028 vel
2161 3975 2284 4030 sola
2315 3975 2682 4030 restitutione
2712 3975 3023 4031 charorum
3057 3979 3313 4049 capitum
3365 3985 3673 4037 contentos

2044 4061 2304 4116 abituros
2335 4078 2468 4114 cum
2502 4061 2574 4115 iis
2604 4062 2779 4116 nudis
2808 4061 2962 4129 licet,
2987 4068 3046 4116 at
3067 4063 3464 4119 incolumibus
3489 4070 3544 4120 et
3565 4065 3676 4120 sal-

2042 4150 2322 4204 vis.Tunc
2341 4165 2473 4203 vero
2487 4150 2748 4220 graviora
2761 4150 3172 4222 acerbioraque
3187 4152 3475 4223 contigere
3499 4171 3675 4225 quam

2045 4237 2360 4308 quisquam
2377 4237 2777 4306 unquamvisu
2796 4238 3118 4310 audituque
3140 4241 3678 4311 perceperit.Hone-

2046 4323 2435 4380 staamulieres
2449 4341 2513 4378 ac
2535 4325 2788 4396 virgines
2811 4327 3059 4382 indusiis
3081 4329 3252 4383 modo
3279 4333 3379 4382 aut
3401 4330 3679 4386 tuniculis

2046 4415 2197 4468 male
2229 4418 2390 4468 tectae
2421 4413 2693 4485 singulis,
2726 4414 2915 4486 iisque
2946 4416 3096 4470 148
3150 4416 3424 4486 pertusis,
3448 4418 3680 4488 quales-

318 4508 559 4564 cessarii
595 4505 817 4562 consilii
841 4503 1291 4573 trahente,quod
1327 4504 1469 4557 satis
1491 4507 1715 4574 pateret
1743 4519 1812 4557 ne
1845 4519 1938 4557 ex-
1971 4489 2018 4552 D
2050 4519 2280 4566 cunque
2313 4504 2504 4571 fugam
2555 4503 2996 4574 expedientibus
3044 4505 3243 4575 prima;
3283 4513 3676 4577 occurrerant,

307 4596 519 4669 positis
551 4596 786 4666 quidem
823 4597 881 4646 in
914 4599 1128 4647 terram
1163 4591 1471 4646 navalibus
1501 4591 1682 4662 copiis
1702 4608 1836 4646 eum
1879 4608 1941 4646 se

304 4699 622 4740 numerum
657 4681 960 4737 habituros
993 4679 1247 4734 militum
1282 4695 1395 4750 quo
1431 4679 1597 4750 plane
1620 4696 1768 4750 opus
1789 4683 1942 4734 esset

308 4774 381 4827 ad
414 4772 616 4826 urbem
650 4771 710 4824 in
741 4769 844 4824 tali
877 4768 1217 4824 discrimine
1265 4769 1541 4822 tuendam
1593 4772 1648 4821 et
1695 4767 1942 4822 victores

306 4861 444 4916 inde
477 4860 796 4931 pellendos.
835 4858 1018 4930 Igitur
1049 4873 1164 4927 qua
1195 4856 1678 4926 frequentissimae
1719 4857 1941 4912 confer-

303 4950 666 5019 tissimzeque
697 4948 847 5002 aedes
879 4950 1044 5001 erant
1074 4946 1267 5017 ignem
1295 4944 1494 4998 statim
1524 4945 1817 5014 injiciunt,
1842 4945 1942 5016 qui

305 5042 606 5092 momento
639 5035 696 5090 in
730 5035 1035 5090 materiam
1067 5037 1390 5104 grassatus,
1426 5037 1481 5086 et
1510 5033 1677 5087 obvia
1699 5049 1945 5103 quaeque

303 5126 474 5180 avide
498 5128 763 5194 correpta
786 5126 1080 5177 momento
1104 5121 1370 5192 redigens
1391 5121 1448 5174 in
1475 5121 1746 5189 cinerem,
1772 5138 1942 5190 quem

307 5231 413 5285 par
444 5219 534 5268 est
564 5213 796 5267 credere
827 5210 1147 5264 tumultum
1181 5226 1246 5264 ac
1278 5209 1723 5280 trepidationem
1775 5210 1942 5264 habi-

301 5301 570 5356 tantibus
599 5299 832 5369 objecit.
872 5299 1187 5353 Prodibant
1216 5315 1387 5368 apum
1443 5298 1626 5350 instar
1675 5298 1834 5352 fumo
1880 5314 1946 5352 ex

306 5390 491 5445 alveis
507 5387 898 5460 pulsarum,in
913 5387 1160 5442 editiora
1183 5386 1344 5441 urbis
1363 5390 1775 5440 concurrentes
1799 5385 1942 5454 loca,

303 5477 451 5532 nudi
486 5481 588 5531 aut
616 5491 681 5531 eo
713 5475 917 5530 habitu
945 5474 1002 5528 in
1027 5491 1140 5544 quo
1171 5491 1268 5530 eos
1313 5475 1559 5528 flammae
1608 5477 1794 5527 terror
1845 5492 1945 5544 op-

306 5569 625 5636 presserat,
647 5568 983 5631 trementes,
1014 5563 1166 5616 anxii
1199 5563 1269 5616 de
1301 5561 1534 5633 propria
1565 5560 1773 5628 salute,
1802 5577 1948 5632 quos

634 5682 893 5742 ΡΑτειοι.
938 5680 1046 5740 Gs.
1094 5677 1346 5739 CXLIII.

2053 4593 2226 4646 nudis
2260 4592 2642 4661 pedibus,sub
2661 4591 2846 4646 oculis
2871 4591 3207 4659 multorum,
3227 4594 3294 4648 ad
3322 4595 3681 4666 propinquos

2051 4679 2549 4750 ignominiossime
2572 4681 2982 4758 cursabantlﬂt
3004 4697 3202 4751 poenas
3225 4682 3464 4738 omnino
3487 4701 3682 4755 aequas

2055 4769 2181 4823 Itali
2217 4769 2503 4822 dederunt
2530 4784 2732 4821 earum
2765 4769 3122 4837 injuriarum
3151 4771 3366 4842 quibus
3397 4772 3533 4827 olim
3567 4773 3682 4828 Ro-

2052 4873 2258 4912 manos
2289 4857 2618 4910 affecerant.
2649 4856 2835 4911 Simul
2867 4857 3043 4912 etiam
3075 4860 3250 4914 veteri
3300 4860 3534 4917 oraculo
3580 4879 3686 4917 sua

2054 4947 2197 5000 ﬁdes
2248 4943 2530 4999 constitit.
2581 4945 2720 5015 Ejus
2757 4947 2877 5001 haec
2909 4952 3074 5001 erant
3097 4949 3271 5002 verba
3303 4965 3314 5004 :
3348 4949 3685 5017 «Alexius,»

2051 5033 2405 5099 Alexopulus
2435 5037 2492 5088 et
2519 5051 2694 5104 super
2716 5034 2822 5089 hos
2845 5037 3250 5093 Cutritzaces.»
3289 5038 3349 5092 Id
3381 5054 3482 5108 ego
3510 5038 3689 5110 hujus

2053 5123 2313 5177 historiae
2345 5122 2932 5193 scriptor,antequam
2959 5127 3097 5180 urbs
3121 5127 3690 5197 caperetur,memini

2055 5228 2148 5265 me
2179 5211 2381 5266 audire
2413 5227 2480 5264 ex
2512 5217 2670 5281 patre
2704 5228 2831 5267 meo
2862 5230 2994 5267 cum
3040 5213 3152 5268 alio
3206 5216 3457 5285 quodam
3493 5217 3562 5271 de
3600 5216 3691 5271 bis

2055 5305 2262 5369 agente
2285 5305 2340 5354 et
2368 5299 2706 5353 vaticinium
2745 5301 3009 5356 nondum
3043 5308 3249 5356 eventu
3277 5306 3569 5373 patratum
3606 5321 3691 5358 re-

2056 5389 2293 5443 citante.
2341 5392 2483 5442 Cum
2534 5389 2685 5442 enim
2747 5390 2918 5443 ambo
2954 5389 3035 5444 illi
3068 5390 3691 5460 Constantinopolitani

2058 5478 2211 5531 cives
2263 5482 2461 5531 essent
2510 5482 2566 5531 et
2598 5477 2832 5531 exulare
2863 5483 3226 5547 cogerentur,
3257 5479 3481 5548 patriae,
3516 5483 3577 5534 ut
3607 5481 3692 5547 ﬁt,

2061 5565 2349 5619 desiderio
2378 5565 2714 5636 prophetias
2745 5567 3178 5632 scrutabantur,
3212 5566 3261 5621 si
3294 5583 3419 5638 quae
3461 5584 3696 5640 recupe-

3308 5686 3382 5743 19
