4158 6280
459 309 566 362 587

1759 307 2061 364 GEORGII
2101 304 2566 360 ΡΑΟΗῩΜΕΒΕ.

3757 312 3862 368 588

460 429 527 482 τὰ
556 427 696 483 οἳϐιοι
727 427 956 498 ἐζήτουν
1007 429 1097 482 καὶ
1155 426 1210 482 εἷ’
1253 439 1380 492 ποθι
1438 426 1640 489 ἅλωσις
1698 433 1798 496 τῆς
1847 422 2190 499 πατρίδοςΑ¹
2225 444 2414 496 μονος,
2470 418 2630 500 ἔτυχε
2683 423 2730 480 δ’
2788 425 2961 482 ἐκεῖσε
3000 428 3089 482 καὶ
3142 429 3361 491 ὁκακὸς
3403 431 3757 506 Σεναχηρεὶμ
3811 432 3860 488 ἐν

464 513 706 590 συμϐαίη
767 516 1025 572 ἐσκόπουν
1081 516 1181 571 ὑπὸ
1213 517 1352 590 φωτὶ
1401 518 1586 578 νυκτὸς
1619 518 1705 589 (ἦν
1740 513 1786 570 δ’
1822 513 1930 588 ἐγὼ
1964 514 1991 567 6
2016 513 2105 566 τὸν

464 605 634 677 κηρὸν
691 606 934 680 κατέχων
995 607 1082 659 καὶ
1139 603 1341 678 φαίνων
1403 604 1702 676 ἐκείνοις),
1757 607 1918 658 τοῦτο
1967 600 2112 673 ξυνέ-

468 689 617 747 ϐαινε
668 691 912 766 λέγεσθαι
976 695 1103 767 παρ’
1157 691 1370 747 ἐκείνων
1427 695 1500 754 ὡς
1558 690 1779 747 εἰδότων
1808 690 1881 751 ὠς
1941 687 2109 744 εἰδόσι

467 784 612 857 τάχα
641 783 834 844 ὁπόθεν
868 781 1045 854 ἁλῴη·
1098 781 1184 835 ἐπὶ
1231 782 1329 856 γὰρ
1361 782 1724 855 γενησομένου
1771 780 1918 840 τινὸς
1955 780 2110 851 βασι-

469 871 608 934 λέως
662 870 908 940 Ἀλεξίου
962 869 1218 924 ὑπενόουν
1260 872 1358 938 τήν
1387 877 1484 936 τῆς
1513 867 1727 930 πόλεως
1758 865 1988 935 ἅλωσιν,
2019 864 2112 920 καί

464 981 626 1014 τινων
660 956 865 1030 ἄλλων,
899 959 990 1021 οὕς
1024 956 1200 1033 ἔλεγεν
1235 959 1262 1012 ὁ
1306 959 1580 1032 χρησμός.
1617 960 1784 1012 Ἦσαν
1820 954 1865 1009 δ’
1901 954 2048 1010 οὗτοι
2083 955 2110 1008 6

465 1052 670 1123 Καῖσαρ
705 1047 943 1117 Ἀλέξιος
975 1048 1246 1120 ἄντικρυς,
1279 1048 1306 1100 6
1356 1046 1572 1120 ἀνεψιὸς
1623 1046 1827 1100 ἐκείνου
1873 1043 2112 1114 Ἀλέξιος

459 1138 528 1192 τὰ
557 1135 740 1192 πολλά
771 1131 1252 1208 συμϐαλλόμενος,
1283 1135 1370 1188 καὶ
1406 1136 1432 1188 6
1487 1132 1660 1188 δοκῶν
1703 1138 1808 1187 τῶν
1864 1133 2110 1203 θελημα-

460 1229 659 1299 ταρίων
706 1223 1146 1299 Κουτριτζάκης,
1214 1223 1274 1285 ὅς
1328 1222 1418 1277 καὶ
1467 1224 1565 1291 τήν
1630 1221 1836 1296 βουλὴν
1897 1225 2113 1296 πρῶτος

465 1314 799 1386 ὑπεσήμαινε
827 1320 924 1380 τῆς
948 1311 1224 1372 ἁλώσεως.

462 1438 569 1507 κη’.
601 1436 734 1511 Περὶ
761 1437 877 1511 τοῦ⁸
898 1437 1357 1511 Ῐίρωτασηκρῆτις
1409 1428 1802 1511 Σενῆναχηρεῖϐ,
1835 1433 1887 1488 τί
1918 1432 2110 1509 ἔπραξε

856 1503 1070 1576 διᾶίτὴν
1104 1503 1212 1574 τῆς
1243 1506 1456 1566 πόλεως
1490 1503 1715 1560 ἅλωσιν.

537 1611 715 1668 Ἀλλᾶ
769 1616 935 1668 ταῦτα
985 1613 1078 1685 μὲν
1125 1610 1266 1666 οὕτω
1312 1611 1446 1666 κατᾶ
1473 1613 1574 1679 τὴν
1614 1608 1778 1664 πόλιν
1827 1609 2110 1684 ἐπραχθη-

469 1723 583 1758 σαν.
643 1702 793 1758 Ἐπεὶ
852 1699 896 1755 δ’
954 1700 1126 1775 ἐχρῆν
1179 1700 1459 1775 πανταχοῦ
1518 1699 1938 1773 φημίζεσθαιτᾶ
1967 1718 2106 1771 πρα-

467 1792 685 1866 χθέντα,
738 1789 827 1844 καὶ
885 1789 1099 1862 μᾶλλον
1159 1789 1281 1843 ὅσον
1339 1789 1400 1842 τὸ
1460 1788 1899 1860 θαυμασιώτερον
1935 1787 2104 1862 εἶχον,
2141 1805 2185 1869 Β

467 1881 540 1942 ὡς
598 1878 656 1933 ἐκ
706 1875 948 1950 παρόδου
995 1877 1201 1932 ἁλῶναι
1256 1875 1512 1945 τοιαύτην
1569 1874 1731 1930 πόλιν
1789 1879 1905 1936 τοῖς
1935 1895 1994 1946 γε
2027 1877 2101 1946 μὴ

464 1969 552 2023 ἐπὶ
608 1967 786 2040 τούτῳ
838 1968 936 2035 τὴν
990 1967 1164 2042 ἀρχὴν
1216 1965 1558 2043 ἀφιγμένοις,
1605 1965 1745 2026 τινὲς
1799 1968 1905 2018 τῶν
1933 1983 2104 2038 ταχυς

464 2054 816 2130 δρομοῦντων
891 2055 979 2109 ἐπὶ
1056 2054 1383 2129 συγχαρείας
1435 2052 1578 2108 ἔθεον
1639 2055 1922 2127 πανταχοῦ
1979 2059 2104 2125 γῆς,

464 2145 538 2214 ὡς
595 2143 750 2216 ἁλῴη
781 2143 1136 2219 ἀγγελοῦντες
1185 2144 1245 2197 τὸ
1300 2143 1434 2218 μέγα
1463 2143 1612 2209 ἄστυ,
1659 2139 1870 2215 ἡμέρας
1914 2138 2105 2208 ἐπισή-

467 2255 593 2306 μου,
669 2232 746 2310 ἐφ⁷
828 2232 988 2307 ἐορτῇ
1060 2233 1159 2299 τῆς
1218 2233 1565 2305 Θεομήτορος
1645 2235 1871 2299 ’¹Αννης,
1935 2227 2103 2300 μηνὸς

462 2324 940 2396 Ἀνθεστηριῶνος,
995 2319 1196 2374 ἀκονιτί
1229 2317 1426 2394 σχεδὸν
1473 2317 1562 2372 καὶ
1612 2319 1687 2379 ὡς
1739 2317 1835 2370 οὐκ
1864 2313 2102 2385 ἤλπισάν

459 2431 591 2466 ποτε
621 2412 673 2465 οἱ
705 2409 948 2472 ἁλόντες.
986 2413 1192 2481 Σημεῖν
1228 2405 1274 2461 δ’
1315 2406 1574 2478 ἀληθείας
1627 2410 1734 2460 τῶν
1783 2403 2100 2480 λεγομένων

463 2499 689 2572 ἐκείνοις
739 2500 804 2568 ἦν
856 2493 1203 2575 κογκοϐαφὴς
1256 2495 1478 2572 σάρισσα
1523 2493 1862 2568 δεικνυμένη.
1896 2496 1976 2566 [Ρ.
2010 2495 2100 2566 96]

463 2588 613 2644 Ἐπεὶ
672 2585 728 2643 δὲ
783 2587 871 2642 καὶ
932 2587 1007 2649 εἷς
1065 2582 1432 2657 Νικομήδειαν
1489 2581 1751 2661 ἔφθασαν,
1803 2581 2101 2652 ἐνεστώσης

459 2679 558 2746 τῆς
590 2675 945 2751 πανηγύρεως
975 2679 1070 2730 τοῦ
1103 2674 1154 2729 ἐν
1209 2673 1436 2748 μάρτυσι
1491 2673 1746 2746 μεγίστου
1791 2669 2100 2742 Ηαντελεή-

461 2843 746 2900 rationem
779 2841 942 2896 urbis
992 2839 1162 2911 regiae
1207 2837 1640 2910 promitterent.
1701 2835 2100 2891 Versabautur

458 2936 652 2987 autem
687 2931 744 2984 in
775 2945 843 2984 ea
872 2927 1302 2998 conquisitione
1334 2941 1436 2997 per
1465 2929 1817 2993 noctem,me
1840 2922 2095 2994 ipso,qui

456 3019 578 3074 haec
625 3017 842 3086 scribo,
898 3017 1079 3071 facem
1116 3014 1260 3086 ipsis
1292 3028 1541 3081 ceream,
1585 3012 1656 3066 ad
1694 3012 1864 3081 cujus
1896 3010 2092 3065 lumen

455 3106 866 3171 lucubrabant,
903 3103 1300 3175 praetendente
1331 3117 1395 3154 ac
1423 3100 1508 3154 sic
1537 3115 1567 3153 e
1606 3098 1938 3168 propinquo
1988 3114 2092 3152 au-

2219 520 2675 588 πρωτασηκρῆτις
2760 513 2995 592 όφφικίῳ
3102 517 3542 593 μεγαλυνόμενον
3627 520 3719 573 καὶ
3802 521 3862 576 τὸ

2221 599 2591 676 φημιζόμενον
2637 599 2856 670 ἤκουσε·
2907 607 3122 678 πρῶτον
3177 605 3270 676 μὶν
3324 602 3596 676 διηπίστει
3645 607 3734 662 καὶ
3791 609 3862 672 ὡς

2219 686 2446 760 πλάσμα
2493 688 2584 744 τὸν
2631 688 2795 764 λόγον
2847 690 3182 764 ἀπέπεμπεν,
3217 693 3291 754 ὡς
3324 691 3368 747 δ’
3401 693 3627 763 ἐξελθὼν
3663 693 3860 764 ἤκουσε

2219 778 2306 831 καὶ
2382 777 2649 832 ἐπίστευεν
2685 821 2701 849 ,
2779 777 3030 834 εἰσελθὼν
3106 782 3219 853 ἅμα
3269 781 3358 836 καὶ
3414 786 3519 836 τῶν
3589 785 3858 861 σφετέρων

2220 864 2440 939 γενείων
2489 865 2646 939 ἀπρὶξ
2695 871 2812 928 ταῖς
2864 868 3018 943 χερσὶ
3068 866 3417 941 δραξάμενος,
3484 891 3504 920 ι
3548 872 3612 925 Ὢ
3661 875 3801 942 οἷον,
3834 896 3862 924 ››

2221 954 2386 1022 εἶπεν,
2449 976 2473 1007 ιι
2526 954 2724 1008 ἀκούω.
2779 959 2946 1009 Τοῦτο
3002 961 3118 1017 ταῖς
3175 959 3468 1034 ἡμετέραις
3523 959 3866 1032 ἐταμιεύετο,

2218 1041 2269 1096 τί
2325 1063 2386 1115 γε
2437 1041 2768 1118 ἁμαρτοῦσιν
2822 1044 2896 1108 ὡς
2953 1044 3139 1117 ἐπιζῇν
3199 1045 3288 1100 καὶ
3352 1045 3571 1119 βλέπειν
3626 1053 3863 1103 τοσαῦτα

2221 1127 2413 1200 δεινάς
2474 1135 2569 1184 τοῦ
2625 1129 2823 1186 λοιποῦ
2881 1132 3046 1187 καλόν
3101 1155 3183 1194 τις
3242 1136 3317 1205 μὴ
3377 1133 3684 1206 ἐλπιζέτω,
3746 1136 3857 1191 ἐπεὶ

2217 1219 2478 1290 Ῥωμαῖοι
2534 1219 2622 1272 καὶ
2680 1219 2830 1280 αὖθις
2885 1225 3115 1275 πατοῦσι
3183 1224 3280 1290 τήν
3337 1222 3497 1278 πόλιν
3534 1242 3546 1254 ·
3617 1247 3647 1275 ››
3703 1227 3864 1281 Ταῦτ’

2219 1304 2400 1379 ἔλεγεν
2458 1305 2681 1376 ἐκεῖνος,
2737 1309 2828 1362 καὶ
2887 1306 3058 1376 δῆλος
3115 1309 3180 1378 ἦν
3218 1307 3588 1385 δυσχεραίνων
3622 1314 3691 1366 τὰ
3721 1313 3866 1386 παρᾶ

2218 1393 2452 1457 πολλοῖς
2486 1395 2887 1469 θαυμαζόμενα.
2920 1400 3092 1452 Ὅπου
3125 1395 3182 1452 δέ
3224 1401 3561 1469 κατήντησαν
3614 1405 3800 1470 ταῦτα,
3835 1403 3862 1455 6

2217 1480 2382 1556 λόγος
2411 1483 2547 1538 κατὰ
2572 1483 2737 1538 τόπον
2770 1484 2902 1560 ἐρεῖ.

2215 1607 2314 1670 κθ’.
2376 1608 2565 1670 ’Όπως
2606 1605 2880 1677 ’ἥκουσται
2931 1613 3024 1684 λτῷ
3099 1607 3314 1684 βασιλεῖ
3381 1613 3416 1680 ἡ
3489 1617 3588 1681 τῆς
3642 1610 3858 1674 πόλεως

2921 1677 3144 1743 ἅλωσις.

2287 1787 2370 1857 [Ρ.
2402 1787 2495 1857 97]
2527 1783 2665 1841 Τότε
2711 1783 2917 1840 πολλοὶ
2963 1786 3050 1839 καὶ
3109 1786 3244 1859 πρὸς
3292 1788 3518 1861 βασιλέα
3562 1789 3861 1863 ἠπείγοντο

2217 1873 2351 1926 κατᾶ
2397 1872 2458 1926 τὸ
2509 1872 2796 1949 Νύμφαιον
2850 1868 3211 1948 διατρίϐοντα,
3261 1876 3347 1929 καὶ
3391 1873 3858 1953 ἀντεφιλονείκουν

2219 1959 2516 2032 ἀλλήλοις,
2577 1961 2724 2023 ὅστις
2780 1962 2838 2015 ’ἀν
2896 1964 3208 2037 προφθάσας
3255 1965 3479 2038 κηρύξοι
3527 1968 3592 2018 τὰ
3640 1965 3865 2040 εὐαγγέ-

2220 2051 2332 2106 λια.
2367 2050 2668 2128 Προφθάνει
2701 2042 2758 2105 δέ
2787 2073 2868 2114 τις
2919 2051 3054 2105 κατᾶ
3101 2050 3366 2120 σπουδὴν,
3421 2051 3561 2125 μηδὲ
3588 2055 3734 2130 παρᾶ
3761 2059 3862 2108 τοῦ

2217 2138 2480 2213 Καίσαρος
2537 2141 2833 2212 γράμματα
2886 2135 3285 2211 κομιζόμενος.
3335 2141 3433 2195 Καὶ
3485 2141 3599 2195 ἐπεὶ
3649 2140 3864 2214 μηδένα

2216 2224 2322 2281 ἔδει
2371 2226 2582 2281 ἀκούειν
2631 2235 2732 2296 τῆς
2784 2225 3036 2302 ἀγγελίας
3098 2228 3202 2301 πρό
3247 2249 3309 2303 γε
3361 2229 3625 2303 βασιλέως
3670 2229 3862 2300 αὐτοῦ,

2215 2315 2416 2376 ἐκεῖνος
2446 2318 2519 2388 μή
2552 2315 2665 2377 οἶός
2696 2337 2753 2370 τε
2784 2313 2855 2369 ὢν
2887 2323 2987 2385 τῆς
3010 2319 3144 2391 πρὸς
3172 2317 3262 2371 τὸν
3314 2317 3540 2390 βασιλέα
3582 2314 3862 2391 προσόδου

2212 2405 2521 2478 τυγχάνειν,
2578 2404 2829 2458 ἀπελθὼν
2879 2402 3212 2480 ἀπαγγέλλει
3259 2407 3328 2477 τῇ
3367 2404 3575 2484 ἀδελφῇ
3606 2412 3708 2461 τοῦ
3761 2409 3862 2483 βα-

2213 2491 2410 2554 σιλέως
2471 2492 2716 2567 Εὐλογίᾳ
2772 2494 2846 2554 ὡς
2901 2491 3056 2566 ἁλῴη
3115 2499 3367 2570 καθαρῶς
3421 2496 3483 2550 τὸ
3540 2496 3859 2565 Βυζάντιον.

2212 2581 2422 2650 Ἐκείνη
2483 2578 2529 2634 δ’
2587 2580 2740 2644 εὐθὺς
2792 2582 2884 2636 τὸν
2943 2581 3108 2658 λόγον
3167 2578 3427 2656 δεξαμένη
3463 2625 3478 2652 ,
3534 2581 3702 2648 ἔωθεν
3761 2586 3858 2640 καὶ

2211 2669 2355 2741 παρᾶ
2403 2671 2466 2724 τὸ
2525 2668 2749 2740 σύνηθες
2805 2669 3037 2734 ἐλθοῦσα
3093 2670 3230 2745 πρὸς
3285 2671 3351 2726 τὰ
3401 2671 3674 2748 ἀνάκτορα
3731 2673 3859 2748 ἐφι-

2208 2831 2438 2887 nissent
2460 2848 2575 2902 quo
2606 2833 2698 2887 die
2731 2833 2807 2887 ibi
2841 2833 3247 2890 celebrabatur
3277 2835 3587 2907 panegyris
3618 2836 3846 2893 S.Pan~

2205 2920 2546 2975 teleemonis
2579 2920 2637 2974 in
2688 2922 3047 2993 martyribus
3099 2922 3360 2989 maximi,
3409 2923 3519 2978 fuit
3565 2924 3645 2978 ibi
3703 2925 3852 2981 forte

2207 3008 2395 3063 malus
2420 3008 2516 3063 ille
2545 3009 2940 3064 Sennachcrib
2972 3010 3031 3064 in
3068 3011 3276 3082 primis
3302 3029 3335 3066 a
3367 3013 3604 3068 secretis
3655 3014 3850 3070 ofﬁcio

2207 3097 2508 3167 magniﬁce
2539 3114 2599 3152 se
2621 3097 2874 3168 jactans.
2911 3101 2965 3154 Is
2984 3099 3182 3154 audito
3208 3098 3702 3170 nuntio,primum
3727 3119 3841 3157 non

457 3159 809 3264 quae
855 3159 1006 3246 inter
1047 3206 1174 3245 sese
1219 3159 1624 3260 loquerentur:
1672 3159 2094 3258 Signilicabant
2125 3159 2166 3223 Ο
2208 3159 2454 3241 credidit
2483 3189 2539 3240 et
2567 3159 2848 3257 tanquam
2903 3187 3248 3258 ﬁgmentum
3285 3159 3504 3257 reiecit.
3541 3188 3613 3243 Ut
3643 3195 3842 3244 autem

461 3289 676 3346 autem,
710 3285 995 3352 quantum
1028 3278 1318 3346 recordor,
1352 3280 1717 3347 compertum
1751 3275 1960 3339 sibi,ex
1994 3274 2105 3329 isto

458 3370 729 3426 videlicet
757 3365 1402 3437 vaticinio,capiendam
1429 3363 1746 3434 aliquando
1771 3362 2105 3417 Constanti-

467 3457 727 3528 nopolim
779 3457 879 3511 sed
904 3456 960 3510 id
996 3452 1324 3509 faciendum
1355 3451 1748 3522 opinabantur
1772 3467 1805 3504 a
1851 3452 2104 3521 quodam

464 3545 674 3602 deinde
707 3547 1016 3616 rcgnaturo
1051 3542 1419 3612 imperatore,
1456 3539 1688 3594 nomine
1718 3537 2105 3610 Alexio,adju-

465 3634 738 3689 vantibus
794 3632 910 3687 illis
943 3630 1074 3686 aliis
1108 3633 1238 3701 post
1259 3634 1400 3684 eum
1433 3628 1491 3682 in
1524 3626 1757 3683 oraculo
1788 3629 2100 3698 expressis.

465 3725 745 3779 Caeterum
768 3725 1006 3776 eventus
1021 3718 1216 3773 docuit
1238 3733 1352 3772 non
1376 3717 1788 3788 imperatorem
1813 3732 2100 3786 expugna-

463 3817 650 3868 torem
683 3809 972 3876 urbis,sed
999 3807 1277 3863 Caesarem
1310 3804 1569 3860 Alexium
1602 3804 2099 3871 futurum;Alexo-

463 3899 795 3972 puliautem
816 3895 1048 3952 nomine
1075 3893 2096 3963 indicatumibiAlexiumjuniorem,

460 3989 672 4060 prioris
705 3984 1155 4058 patruelem,qui
1191 3982 1441 4037 multum
1476 3982 1545 4036 ad
1580 3981 1727 4035 hanc
1750 3997 1869 4036 rem
1891 3987 2098 4037 coutu-

461 4078 547 4143 lit,
584 4076 668 4131 uti
700 4080 756 4130 et
784 4073 936 4129 inter
967 4071 1325 4128 voluntarios
1355 4069 1783 4125 existimatione
1814 4077 1869 4124 et
1898 4075 2099 4124 aucto-

457 4166 626 4220 ritate
657 4167 941 4234 praestans
972 4160 1333 4217 Cutritzaces
1365 4159 1592 4229 primus
1623 4162 1826 4213 auctor
1865 4158 2095 4213 consilii

456 4255 527 4309 de
558 4251 720 4307 urbis
751 4248 1179 4322 expugnatione
1207 4246 1308 4302 tali
1333 4250 1594 4317 tempore
1627 4246 1924 4300 tentanda.

452 4371 541 4423 23.
575 4370 648 4424 De
674 4370 856 4439 primo
887 4364 1211 4439 asecreteris
1238 4361 1624 4439 Senuacheril),
1655 4361 1786 4432 quid
1828 4363 1876 4417 is
1925 4365 2093 4433 egerit

865 4437 1049 4492 audito
1080 4436 1236 4490 urbis
1262 4437 1437 4504 captae
1451 4434 1672 4488 nuntio.

2211 3272 2321 3327 alio
2372 3274 2611 3328 abeunti
2669 3274 2929 3345 undique
2987 3281 3368 3330 occurrerunt
3399 3279 3486 3330 tot
3515 3277 3634 3332 veri
3670 3294 3846 3348 argu-

2211 3365 2409 3415 menta
2481 3378 2607 3432 qua:
2683 3361 2854 3432 plane
2928 3379 3046 3418 rem
3108 3364 3545 3434 persuaderent,
3597 3366 3840 3421 domum

2213 3454 2457 3504 moestus
2488 3450 2836 3521 ingreditur,
2871 3451 3022 3522 pilos
3051 3467 3330 3521 genarum
3365 3457 3612 3524 utraque
3664 3472 3845 3510 manu

2208 3538 2446 3608 vellens,
2480 3544 2554 3606 et,
2588 3562 2616 3590 «
2649 3539 2818 3608 Quid,
2869 3539 3164 3610 inquiens,
3202 3541 3425 3598 audio?
3477 3547 3599 3598 Hoc
3628 3543 3845 3601 nostris

2209 3627 2415 3682 diebus
2445 3628 2822 3683 servabatur!
2859 3629 3000 3698 quid
3034 3629 3403 3700 peccavimus
3454 3636 3519 3686 ut
3559 3633 3679 3687 vita
3709 3650 3841 3703 pro-

2206 3715 2554 3771 duceremus
2585 3717 2641 3770 in
2683 3716 2834 3771 hanc
2867 3717 3068 3772 horam
3101 3722 3158 3772 et
3188 3723 3306 3773 tam
3359 3721 3568 3776 acerba
3613 3722 3840 3776 videre-

2207 3804 2395 3859 mus?
2451 3805 2522 3860 de
2580 3809 2784 3860 caetero
2841 3805 2988 3861 nihil
3037 3807 3175 3862 boni
3235 3813 3523 3879 speretur,
3553 3811 3831 3865 Romanis

2202 3893 2415 3948 iterum
2465 3893 2669 3948 urbem
2719 3894 3099 3949 calcantibus.
3135 3918 3162 3945 ››
3215 3895 3309 3951 Sic
3339 3905 3424 3952 est
3456 3897 3686 3954 loeutus
3716 3898 3837 3968 ille,

2203 3998 2318 4037 non
2367 3982 2749 4038 dissimulans
2797 3998 2860 4038 se
2891 3983 3302 4039 molestissime
3334 3986 3483 4040 ferre
3534 3987 3588 4041 id
3639 3987 3835 4058 ipsum

2201 4071 2354 4142 quod
2385 4071 2602 4142 passim
2636 4071 2888 4142 populus
2919 4072 3222 4128 admirans
3253 4073 3832 4146 gratulansquepraa-

2199 4158 2448 4213 dicabat.
2500 4160 2646 4225 Quid
2679 4175 2746 4213 ex
2776 4159 2868 4214 his
2901 4160 3113 4216 deinde
3144 4167 3411 4217 secutum
3448 4163 3544 4232 sit,
3591 4163 3836 4219 historia

2199 4253 2397 4302 nostra
2430 4247 2487 4301 in
2519 4247 2642 4303 loco
2678 4247 3041 4304 memorabit.

2247 4400 2338 4454 29.
2373 4402 2434 4457 Ut
2457 4400 2657 4455 audita
2686 4402 2756 4454 sit
2786 4401 2852 4455 ab
2882 4399 3218 4470 imperatore
3244 4402 3398 4458 urbi:
3427 4404 3780 4474 expugnatio.

523 4543 602 4592 Ac
663 4535 960 4607 negotium
1021 4533 1258 4603 quidem
1313 4530 1770 4602 recuperationis
1828 4530 2083 4587 civitatis
2115 4516 2164 4578 D
2266 4532 2407 4586 Muli
2451 4537 2590 4586 tunc
2639 4531 2880 4588 incitato
2929 4550 3103 4588 cursu
3137 4535 3207 4588 ad
3243 4535 3654 4606 imperatorem
3689 4537 3830 4591 fere-

450 4627 621 4696 regize
672 4627 1032 4679 transactum
1100 4621 1206 4675 hoc
1256 4621 1427 4675 modo
1486 4623 1594 4674 est.
1635 4619 1918 4684 Quoniam
1947 4637 2079 4677 vero

447 4712 825 4769 conveniebat
856 4710 1144 4781 divulgari
1178 4708 1314 4763 facti
1346 4709 1562 4763 famam
1589 4724 1655 4762 eo
1687 4710 1931 4763 celerius
1963 4725 2078 4779 quo

445 4799 765 4856 mirabilior
797 4816 887 4853 res
921 4803 1064 4864 erat,
1114 4797 1300 4853 obiter
1329 4801 1384 4852 et
1428 4799 1499 4851 ab
1549 4795 1828 4851 aliorsum
1878 4798 2078 4854 missis

441 4888 763 4961 expugnari
796 4892 1016 4943 tantam
1044 4887 1192 4941 I49
1223 4885 1697 4955 urbem,quidam
1721 4884 2075 4942 velocissimi

437 4994 707 5033 cursores
726 4981 896 5030 tantae
911 4974 1322 5047 gratulationis
1339 4975 1528 5027 nuntii
1553 4974 1958 5028 discurrerunt
1976 4992 2077 5046 per

437 5082 671 5120 omnem
704 5065 818 5119 late
850 5069 1086 5126 terram,
1124 5062 1340 5132 ubique
1375 5059 1808 5131 promulgantes
1841 5068 2070 5132 captam

438 5155 622 5209 fuisse
655 5169 928 5224 magnam
959 5152 1157 5206 urbem
1191 5151 1282 5204 die
1313 5148 1554 5219 insigni,
1588 5165 1753 5202 sacra
1803 5150 1860 5203 S.
1891 5153 2070 5206 Annae

432 5244 688 5313 Deiparzn
720 5241 977 5312 Virginis
1012 5238 1206 5306 matri,
1241 5253 1440 5290 mense
1461 5235 1634 5303 Juliu,
1661 5236 1830 5291 facile
1866 5255 1933 5292 ac
1958 5240 2071 5294 fere

431 5331 555 5385 sine
588 5331 926 5394 certamine,
956 5344 1072 5398 quo
1106 5326 1277 5380 modo
1312 5341 1380 5378 ne
1413 5325 1525 5394 ipsi
1560 5325 1798 5394 quidem
1833 5326 1928 5395 qui
1975 5344 2069 5381 ce-

430 5425 635 5486 perant
663 5433 924 5488 unquam
951 5419 1286 5485 sperassent
1309 5413 1437 5483 capi
1467 5429 1656 5483 posse.
1684 5412 2071 5472 Ostentabant

423 5513 616 5561 autem
652 5506 709 5559 in
744 5507 974 5573 signum
1028 5502 1289 5557 veritatis
1336 5501 1615 5555 nuntiatae
1663 5501 1739 5556 rei
1786 5502 2064 5559 sarissam

421 5609 593 5648 cocco
623 5594 890 5647 tinctam.
920 5591 1137 5645 Horum
1167 5588 1348 5659 aliqui
1380 5590 1780 5645 Nicomediam
1813 5606 1945 5646 cum
1973 5609 2065 5647 ve-

2187 4623 2402 4677 hantur
2457 4620 2758 4690 Nymphaei
2830 4627 2969 4676 tunc
3028 4629 3457 4695 comorantem,
3515 4626 3827 4680 contende-

2188 4711 2445 4781 bantque
2475 4709 2634 4764 omni
2665 4715 2872 4766 conatu
2895 4727 2956 4765 se
2981 4715 3183 4766 mutuo
3212 4715 3825 4784 praevertere,gratiam

2186 4799 2442 4870 primum
2489 4798 2646 4853 allati
2706 4803 2824 4853 tam
2886 4801 3066 4867 optati
3127 4801 3318 4856 nuntii
3350 4818 3451 4872 pro
3484 4819 3545 4857 se
3577 4803 3828 4874 quisque
3879 4790 3900 4800 Ν

2186 4889 2543 4942 ali‘ectantes.
2579 4887 2913 4943 Praevolavit
2943 4890 3096 4945 I50
3125 4905 3192 4943 eo
3217 4895 3349 4944 ante
3384 4907 3589 4946 omnes
3619 4890 3822 4946 celeri-

2183 4981 2300 5030 tate
2351 4991 2494 5030 usus
2544 4991 2779 5031 summa
2808 4977 3072 5046 quidam;
3105 4978 3205 5046 qui
3236 4994 3370 5032 cum
3403 4996 3437 5033 a
3465 4983 3694 5035 Caesare
3725 4979 3820 5034 lit-

2181 5069 2335 5119 teras
2388 5079 2502 5118 non
2563 5063 2757 5132 ferret,
2817 5069 2872 5119 et
2929 5066 3070 5120 satis
3120 5065 3473 5138 intelligeret
3522 5069 3818 5122 neminem

2183 5153 2346 5224 prius
2394 5156 2512 5206 tam
2550 5153 2739 5207 fausto
2772 5153 2979 5208 nuntio
3031 5154 3316 5224 impertiri
3346 5166 3608 5225 oportere
3639 5173 3814 5227 quam

2181 5242 2589 5311 imperatorem
2621 5240 2840 5310 ipsum,
2873 5242 2944 5296 ad
2976 5258 3149 5312 quem
3182 5247 3376 5298 tamen
3405 5245 3687 5299 utstatim
3719 5247 3820 5300 ad-

2181 5330 2512 5383 mitteretur
2568 5345 2681 5383 non
2746 5334 2969 5399 poterat
3025 5329 3359 5399 impetrare,
3395 5349 3652 5387 sororem
3685 5335 3816 5402 ejus

2178 5418 2299 5471 adit
2331 5415 2651 5487 Eulogiam,
2685 5417 2853 5487 eique
2880 5417 3048 5488 plane
3079 5423 3314 5488 captum
3346 5420 3689 5490 Byzantium
3726 5439 3816 5476 as-

2176 5505 2646 5561 severantissime
2677 5508 2950 5562 afﬁrmat.
2984 5507 3113 5563 Hec
3150 5508 3349 5563 statim
3381 5511 3454 5564 ab
3487 5510 3593 5565 hoc
3615 5511 3814 5565 audito

2177 5609 2408 5650 summo
2442 5611 2612 5650 mane
2645 5605 2849 5664 praeter
2875 5595 3116 5651 solitum
3149 5596 3369 5667 regiam
3405 5598 3673 5669 ingressa
3720 5616 3809 5654 re-
