4182 6286
308 368 415 422 589

1376 364 1464 414 DE
1503 360 1871 415 MICUAELE
1909 355 2350 410 PALBOLOGO
2387 358 2521 409 LIB.
2564 359 2636 409 ΙῙ.

3596 355 3704 413 590

304 510 493 546 σταται
528 490 788 543 ὑπνοῦντι
842 490 922 557 τῷ
981 483 1209 560 βασιλεῖ.
1243 484 1311 538 Τὸ
1348 480 1474 558 γοῦν
1507 479 1799 548 διυπιιίζειν
1833 478 1947 551 ἅμα
1981 484 2034 547 Α
2062 480 2139 547 τῷ
2198 472 2316 543 ἤθει
2372 474 2613 552 ἐμφανὴς
2670 477 2736 544 ἦν
2767 476 2831 531 τΞι
2858 478 2978 540 καθ’
3008 475 3212 547 ἡδονὴν
3244 477 3460 551 ἐροῦσα,
3494 477 3556 533 ού
3591 481 3701 553 μὴν

304 579 395 633 καὶ
425 577 607 652 λέγειν
640 574 902 644 τοιαύτην
938 572 1189 649 ἀγγελίαν
1235 571 1333 626 οὐκ
1379 568 1686 642 ἐδοκίμαζε,
1721 570 1793 640 μή
1829 587 1947 628 πως

307 666 398 722 καὶ
429 666 594 719 πάθοι
624 685 676 718 τι
728 662 979 737 ἐξαίφνης
1028 660 1119 715 καὶ
1172 661 1315 733 παρά
1343 656 1668 734 προσδοκίαν
1725 654 1955 715 ἀκούσας

314 757 428 826 ἄμα
475 757 554 823 τῷ
602 752 694 805 τὸν
746 750 911 803 ὕπνον
961 747 1281 815 διολισθεῖν,
1317 746 1478 823 σοφόν
1508 767 1559 799 τι
1589 745 1677 799 καὶ
1710 743 1769 798 ού
1825 744 1957 797 κατᾶ

316 848 579 916 γυναῖκας
613 842 870 894 ποιοῦσα.
903 840 1013 893 Τοῦ
1042 837 1145 911 γὰρ
1179 835 1418 911 ἐμφύτου
1470 833 1772 902 πνεύματος
1831 830 1959 904 μετά

319 933 421 998 τὴν
452 930 659 1003 τροφὴν
709 926 832 1000 περὶ
879 927 977 994 τὴν
1028 926 1187 998 πέψιν
1221 922 1637 997 ἀσχολουμένου
1684 923 1771 975 καὶ
1816 919 1960 981 ἐντὸς

323 1014 666 1076 εἰσδύνοντος
717 1010 918 1087 ἀνάγκη
971 1011 1065 1072 τὰς
1115 1010 1386 1080 αἰσθήσεις
1432 1008 1468 1078 ἢ
1500 1010 1680 1083 ἀργεῖν
1732 1007 1958 1062 ὑπνούν-

325 1126 432 1160 των
484 1107 519 1174 ἢ
571 1105 775 1157 ἀτονεῖν
823 1098 1257 1176 γρηγορούντων,
1316 1099 1389 1169 μὴ
1450 1098 1628 1173 σφίσιν
1684 1094 1957 1151 ἐπιπολά-

331 1199 542 1263 ζοντος,
600 1191 710 1245 εἶτα
753 1187 848 1244 κᾶν
903 1210 954 1243 τι
1005 1187 1128 1262 περὶ
1183 1186 1249 1240 τά
1305 1186 1533 1255 αἴσθητά
1590 1180 1826 1257 συμϐαίη
1882 1187 1956 1257 μὴ

329 1282 686 1340 καταστάντος
761 1279 897 1332 κατὰ
960 1276 1147 1350 χώραν
1206 1274 1561 1347 [ύπνούντωνῖ
1618 1274 1706 1327 καὶ
1762 1294 1813 1327 τι
1869 1275 1959 1327 καὶ

328 1371 466 1445 πρὸς
496 1368 782 1439 ἀντίληψιν
839 1359 1294 1437 προσϐιάζωνται,
1350 1363 1396 1416 εἰ
1458 1364 1551 1435 μὲν
1607 1361 1813 1434 ὁμαλὸν
1871 1361 1961 1416 καὶ

327 1465 433 1515 τῶν
507 1459 749 1526 συνήθων
825 1453 934 1507 ἐστὶ
1009 1454 1071 1506 τὸ
1143 1449 1706 1525 ἀντιλαμϐανόμενον,
1767 1450 1963 1529 αἴφνης

326 1548 656 1605 ἀκούσαντας
686 1542 1251 1617 κατερῥᾳθυμημένως
1308 1540 1620 1616 προσέσθαι,
1652 1541 1697 1595 εἰ
1746 1539 1792 1595 δ’
1835 1543 1964 1607 ἀτη-

319 1640 410 1711 ρὸν
462 1633 650 1695 ἄλλως
700 1635 734 1702 ἢ
779 1629 1093 1704 τοῦμπαλιν
1148 1633 1337 1705 χαρίεν
1384 1633 1472 1685 καὶ
1518 1635 1624 1685 τῶν
1657 1631 1960 1699 ἀσυνήθων,

320 1727 396 1798 μὴ
446 1726 648 1783 ἱκανῶς
698 1720 775 1775 ἔτι
824 1721 958 1793 πρὸς
999 1718 1289 1792 ἀντίληψιν
1343 1718 1573 1793 ἐχούσας
1620 1713 1962 1793 θορυϐεῖσθαι

316 1814 407 1869 καὶ
464 1816 533 1885 τῇ
609 1814 764 1884 ψυχῇ
824 1808 1016 1869 εύθέως
1071 1803 1505 1881 τεθορυϐημένας
1557 1807 1962 1879 προσπαιούσας
1995 1840 2041 1904 Β

317 1898 578 1969 ἔκπληξιν
632 1898 1049 1972 ἀπεργάζεσθαι.
1099 1897 1233 1951 Τότε
1271 1895 1449 1949 τοίνυδ
1496 1895 1669 1965 ἐκείνη
1717 1902 1815 1964 τῆς
1863 1899 1963 1948 τοῦ

324 1988 591 2065 βασιλέως
640 1985 934 2063 ἀσφαλείας
958 1984 1065 2059 ούχ
1092 1987 1251 2053 ἧττον
1284 1984 1319 2052 ἢ
1368 1990 1465 2038 τοῦ
1493 1985 1557 2039 τὰ
1605 1984 1740 2054 ἡδέα
1789 1984 1963 2061 λέγειν

324 2078 623 2153 προῦνόει,
682 2076 771 2129 καὶ
828 2075 945 2127 κατ’
1002 2072 1188 2148 ὀλίγον
1247 2076 1540 2148 γρηγορσιν
1603 2070 1959 2146 ἀνελάμϐανε.

328 2169 446 2223 Τῶν
506 2167 606 2240 γὰρ
653 2168 749 2217 τοῦ
805 2159 974 2222 ποδὸς
1033 2159 1310 2215 δακτύλων
1365 2163 1455 2215 τὸν
1514 2162 1763 2235 μέγιστον
1797 2184 1963 2216 κατα-

330 2258 535 2328 σχοῦσα
597 2251 826 2324 μετρίως
884 2249 1059 2317 ἐπίεζε
1115 2254 1232 2311 τοῖς
1290 2246 1578 2311 δακτύλοις
1618 2249 1692 2312 ὠς
1740 2250 1964 2321 ὁμαλῶς

330 2340 733 2404 διυπνίσουσα,
792 2337 876 2393 καί
929 2335 1171 2405 διύπνιζε
1228 2337 1565 2413 παραυτίκα.
1624 2338 1720 2391 Καὶ
1783 2341 1839 2398 ὃς
1893 2344 1962 2411 τῇ

338 2433 560 2503 μοναχῇ
626 2425 811 2482 ἐνιδὼν
887 2425 1171 2499 ἱσταμένη,
1222 2426 1252 2479 ὅ
1325 2447 1376 2479 τι
1438 2428 1678 2480 παθοῦσα
1741 2428 1962 2502 πράττει

331 2521 561 2572 τοιαῦτα
617 2516 1004 2570 διεπυνθάνετο.
1047 2515 1109 2568 Ἠ
1160 2511 1216 2567 δὲ
1260 2513 1457 2588 γέλωτι
1495 2515 1588 2585 μὲν
1615 2515 1702 2568 καὶ
1732 2522 1964 2590 χαροπῷ

334 2717 483 2788 perit
527 2712 910 2769 dormientem
958 2712 1371 2783 imperatorem
1401 2728 1423 2773 ;
1469 2712 1608 2766 etin
1641 2715 1801 2768 tanta
1833 2713 1967 2769 licet

333 2811 448 2858 tam
501 2804 760 2874 expetitis
793 2802 872 2855 rei
896 2802 1010 2855 cito
1040 2801 1363 2855 indicandae
1414 2800 1711 2870 prurigine
1760 2802 1967 2858 mulie-

329 2893 492 2946 brem
542 2889 927 2961 cupiditatem
976 2887 1264 2958 sapientia
1314 2887 1516 2957 majori
1569 2887 1627 2941 in
1680 2892 1964 2959 potestate

329 2979 564 3047 habuit,
610 2978 910 3033 moderata
940 2977 1074 3044 sibi,
1104 2993 1176 3031 ne
1229 2977 1391 3030 fratri
1422 2993 1453 3030 e
1485 2993 1690 3031 somno
1722 2977 1964 3031 excitato

329 3072 556 3123 tantam
607 3066 801 3121 subito
848 3064 1110 3119 laetitiam
1158 3064 1450 3133 objiceret,
1484 3080 1600 3134 qua
1648 3065 1963 3135 periclitari

2061 561 2106 617 δ’
2137 561 2196 617 ἐκ
2222 567 2321 616 τοῦ
2353 564 2655 637 παραυτίκα
2687 566 2752 618 τΞι
2799 566 2933 619 κατα
2976 570 3099 620 νοῦν
3136 565 3452 640 ἐξήγγελλε,
3506 567 3700 643 μέχρις

2060 650 2119 705 ἂν
2178 653 2468 722 κατασταίη
2515 654 2649 708 κατᾶ
2706 656 2767 708 τὸ
2818 653 2963 714 εἷ’κὸς
3009 655 3070 709 τὸ
3127 660 3383 730 φρονοῦν.
3445 657 3594 712 Ἐπεὶ
3644 654 3702 710 δὲ

2061 740 2346 794 καθίστατο
2403 742 2487 795 καὶ
2548 742 2694 803 αὖθις
2746 742 2933 813 ἤρώτα
2995 749 3181 814 μαθεῖν
3243 742 3582 817 γλιχόμενος
3637 747 3701 800 τ’)

2062 826 2311 897 ἣδυνοῦν,
2345 831 2417 890 ὡς
2447 830 2679 900 ὑπενόει,
2735 830 2859 884 τότε
2908 833 3212 903 προσετίθει
3268 833 3335 887 τὰ
3392 833 3702 909 εὐαγγέλια,

2064 918 2136 977 ὡς
2167 916 2201 985 ἢ
2249 939 2307 972 τε
2340 914 2499 979 πόλις
2546 918 2700 990 ἀΛῴη
2752 920 2779 973 ὃ
2812 940 2869 972 τε
2911 921 3113 994 Καῖσαρ
3151 920 3282 993 μετὰ
3309 926 3403 976 τοῦ
3439 927 3704 986 Σκυθικοῦ

2064 1005 2205 1066 ἐντὸς
2252 1005 2441 1075 ἀνέδην
2495 1005 2696 1081 διάγοι,
2732 1010 2815 1078 [Ρ.
2846 1010 2935 1081 98]
2988 1009 3077 1063 καὶ
3114 1011 3184 1071 ὡς
3219 1009 3506 1087 εὐαγγέλια
3562 1011 3706 1065 ἐκεῖ-

2067 1092 2150 1145 Θεν
2208 1094 2458 1165 ἥκοντος,
2520 1094 2606 1149 ἐπὶ
2660 1096 2872 1158 τούτοις
2950 1097 3371 1172 ἰσχυριζομένου
3422 1101 3487 1154 τὶ
3542 1098 3706 1172 μάλι-

2066 1210 2162 1245 στα
2246 1188 2318 1247 ὡς
2405 1184 2515 1239 ἐκεῖ
2588 1188 2973 1259 πραττομένων
3040 1187 3333 1262 παρόντος.
3418 1190 3566 1244 Ἐπεὶ
3649 1188 3707 1245 δὲ

2064 1278 2154 1334 καὶ
2212 1277 2253 1329 εἰ
2316 1271 2646 1343 ἀποσταλείη
2726 1275 2870 1350 παρά
2922 1280 3018 1329 τοῦ
3078 1278 3348 1345 Καίσαρος
3404 1278 3562 1339 οὗτος
3616 1279 3706 1333 ἀν-

2067 1363 2421 1430 επυνθάνετο,
2579 1359 2634 1415 δὲ
2693 1362 2790 1417 οὐκ
2844 1361 3037 1418 εἰδέναι
3100 1366 3193 1437 μὲν
3249 1363 3496 1442 ἔφασκεν,
3556 1367 3708 1441 ὅμως

2067 1456 2225 1510 αὐτὸν
2307 1451 2549 1525 παρόντα
2620 1452 2857 1524 αὐτάρκη
2945 1453 3073 1506 εἶναι
3146 1454 3569 1527 ἀποκρινεῖσθαι.
3646 1458 3706 1513 Ὁ

2072 1544 2251 1615 μέντοι
2310 1560 2369 1614 γε
2431 1536 2682 1610 βασιλεὺς
2743 1539 2939 1593 ἐννοῶν
3001 1543 3095 1612 μὲν
3124 1543 3213 1595 καὶ
3244 1544 3305 1596 τὸ
3334 1548 3429 1597 τοῦ
3457 1544 3707 1617 πράγμα-

2066 1653 2156 1691 τος
2191 1630 2332 1699 ξένον
2362 1626 2449 1681 καὶ
2492 1624 2558 1693 δὴ
2609 1627 2699 1681 καὶ
2755 1628 2829 1689 ὡς
2885 1629 2982 1682 οὒκ
3039 1628 3370 1685 ἁποστέλλοι
3422 1632 3449 1685 ὁ
3509 1639 3707 1706 Καῖσαρ

2069 1718 2155 1773 ἐπὶ
2226 1716 2467 1781 τούτοις,
2549 1714 2744 1770 ἐννοῶν
2822 1715 2878 1771 δὲ
2934 1719 3021 1772 καὶ
3082 1720 3145 1773 τὸ
3200 1724 3306 1773 τῶν
3364 1720 3707 1797 ἐφεπομένων

2070 1806 2285 1873 πλῆθος
2332 1805 2406 1865 ὡς
2450 1799 2675 1857 ἔλαττον
2730 1804 2789 1858 ’ὸν
2886 1810 3053 1859 ταῦτα
3084 1808 3359 1879 πράττειν,
3408 1809 3497 1862 καὶ
3546 1809 3618 1867 ὡς
3664 1808 3710 1862 εί

2077 1892 2403 1971 βουληθείη,
2433 1891 2535 1945 οὐκ
2568 1889 2623 1944 ἂν
2658 1889 2926 1961 ἠδυνήθη,
2978 1890 3091 1946 οὐδ’
3136 1893 3280 1955 ὅλως
3328 1900 3445 1958 τοῖς
3482 1897 3713 1971 λεγομέ.

2071 2007 2204 2051 νοις,
2257 1982 2442 2037 ἑαυτὸν
2472 1979 2672 2038 ἐδίδου.
2722 1982 2793 2033 Τά
2836 1978 2891 2034 δὲ
2922 1981 3097 2055 χλεύη
3131 1985 3220 2035 καὶ
3250 1984 3414 2038 πάλιν
3446 1987 3595 2058 εἶναι,
3632 1989 3707 2060 μὴ

2071 2076 2161 2131 καὶ
2218 2068 2508 2145 ἀϐέλτερος
2555 2068 2636 2139 εἶή
2700 2072 2727 2124 ὁ
2784 2075 2949 2124 ταῦτα
3005 2073 3482 2146 συσκευαζόμενος.
3539 2077 3711 2139 Αὐτὸς

2073 2168 2160 2219 οὗν
2212 2160 2352 2238 ἔγνω
2398 2162 2620 2221 καθίσας
2675 2158 2931 2233 διερωτᾷν
2962 2162 3053 2215 τὸν
3103 2162 3324 2231 ἥκοντα,
3377 2165 3440 2218 οὗ
3488 2171 3565 2237 τῷ
3594 2173 3709 2228 τοῖς

2075 2254 2468 2329 ῥηθησομένοις
2519 2250 2568 2322 ἐξ
2623 2249 2844 2322 ἑτοίμου
2899 2252 3178 2320 θήσεσθαι,
3225 2258 3304 2323 τῷ
3360 2250 3416 2306 δὲ
3463 2254 3704 2326 νομίζειν

2072 2342 2272 2396 ἐκεῖνον
2344 2340 2418 2399 εἲς
2494 2334 2661 2414 φόϐον
2739 2338 3069 2394 καταστάντα
3151 2341 3428 2415 βασιλικὸν
3491 2343 3710 2413 τάληθῆ

2074 2430 2265 2500 λέξειν,
2289 2428 2520 2497 τάληθὲς
2540 2428 2773 2496 ἐλπίζων
2799 2429 3077 2482 πυθέσθαι·
3111 2429 3379 2504 Είσ-ιςγετο
3408 2434 3587 2486 τοίνυν
3614 2437 3712 2487 τοῦ

2080 2517 2343 2593 βασιλέως
2386 2516 2801 2592 προστάξαντος,
2852 2515 2940 2571 καί
2995 2516 3345 2592 ἐρωτώμενος
3396 2518 3568 2595 ἔλεγε,
3620 2522 3710 2575 καὶ

2075 2715 2390 2777 admiraos,
2435 2712 2754 2768 satin’sana
2783 2717 2840 2767 et
2880 2730 3163 2784 quorsum
3209 2716 3287 2770 ibi
3316 2720 3470 2772 esset
3500 2718 3714 2788 quidve

2076 2811 2284 2872 ageret.
2330 2800 2433 2855 Illa
2476 2800 2649 2853 hilari
2703 2799 2966 2855 arridens
3008 2801 3173 2856 vultu
3224 2802 3370 2859 satis
3418 2804 3547 2875 ipsa
3595 2806 3713 2861 oris

2076 2890 2399 2946 renidentis.
2438 2888 2802 2943 monstrabat
2845 2905 3131 2959 prosperis
3183 2906 3243 2945 se
3275 2893 3354 2947 rei
3384 2894 3588 2948 adesse
3619 2894 3713 2947 in-

2075 2981 2284 3035 dicem.
2308 2978 2575 3033 Nondum
2595 2982 2790 3032 tamen
2816 2977 2955 3048 quid
2982 2979 3507 3051 afferretexposnit,
3526 2982 3711 3037 otium

2076 3069 2335 3139 praebens
2386 3066 2656 3122 sensibus
2705 3065 3035 3120 excutiendi
3083 3068 3332 3137 torporis
3375 3069 3710 3140 vigorisque

330 3156 598 3212 valetudo
630 3158 758 3224 ejus
788 3158 1003 3224 posset,
1035 3151 1275 3207 extremi
1306 3153 1501 3222 gaudii
1523 3152 1967 3209 vehementissi-
1995 3142 2039 3206 C
2082 3153 2435 3211 resumendi.
2467 3154 2612 3207 Tum
2644 3153 2742 3207 ubi
2776 3153 2916 3208 satis
2946 3153 3120 3221 spatii
3150 3155 3349 3210 datum
3384 3158 3712 3225 naturaeju-

333 3261 499 3300 mum
527 3262 595 3299 ex
624 3243 926 3313 inopinato
958 3242 1271 3313 appulsum
1294 3241 1391 3296 tali
1420 3240 1665 3295 articulo
1688 3241 1841 3295 haud
1878 3242 1964 3297 in-

336 3334 506 3390 noxie
538 3331 804 3387 fortassis
844 3336 1149 3400 excepturo
1183 3330 1524 3384 semisomni
1573 3346 1831 3401 corpore,
1884 3331 1967 3385 si-

336 3424 574 3492 quidem
626 3420 879 3475 naturali
911 3420 1122 3490 spiritu
1175 3424 1304 3489 post
1335 3419 1528 3473 cibum
1577 3423 1875 3490 sumptum
1910 3419 1967 3472 in

337 3513 464 3582 ejus
508 3509 882 3566 concoctione
929 3512 1233 3578 occupato,
1264 3512 1321 3561 et
1368 3508 1527 3562 intus
1559 3524 1625 3562 ea
1652 3524 1829 3562 causa
1877 3524 1968 3561 re-

337 3603 541 3668 tracto,
592 3613 831 3653 necesse
881 3600 969 3651 est
1009 3612 1218 3650 sensus
1266 3600 1365 3650 aut
1415 3596 1583 3665 plane
1611 3596 1781 3651 otiari
1834 3597 1967 3651 dor-

338 3688 669 3755 mientium,
699 3690 801 3740 aut
834 3700 1033 3739 recens
1063 3684 1445 3738 excitatorum
1477 3683 1771 3753 languere,
1804 3684 1971 3755 copia

330 3776 601 3831 videlicet
646 3774 985 3844 spirituum,
1033 3788 1285 3842 quorum
1331 3773 1547 3827 afﬂuxu
1581 3771 1795 3843 vigent,
1830 3777 1971 3827 tunc

336 3864 531 3918 adhuc
578 3862 717 3917 alibi
764 3863 1014 3917 detenta.
1049 3861 1236 3923 Quare
1267 3860 1339 3927 si,
1373 3861 1525 3931 quod
1574 3860 1631 3913 in
1680 3870 1971 3915 momento

332 3970 451 4023 quo
484 3952 618 4022 quis
666 3950 1084 4021 expergiscitur
1116 3954 1306 4003 movet
1336 3964 1594 4012 sensum,
1645 3947 1771 4002 lene
1803 3950 1973 4003 fuerit

334 4048 394 4097 ct
424 4040 689 4108 solitum,
732 4039 1084 4111 percipietur
1113 4039 1239 4092 sine
1270 4053 1440 4101 noxa,
1475 4037 1750 4090 mediocri
1785 4042 1970 4091 atten-

336 4133 513 4195 tione,
546 4135 601 4182 ιιι
633 4128 824 4198 qualis
864 4133 953 4183 est
998 4126 1457 4181 ludibundorum
1490 4129 1546 4179 et
1593 4124 1749 4179 aliud
1794 4141 1972 4193 agen-

335 4219 507 4284 tium,
543 4219 611 4273 ad
665 4218 718 4271 id
755 4218 1103 4271 sufficiente.
1160 4217 1331 4271 Porro
1382 4215 1448 4269 ad
1486 4214 1635 4269 hanc
1685 4215 1828 4268 satis
1882 4214 1970 4267 in-

337 4311 561 4361 structa
585 4306 849 4371 facultas,
873 4311 962 4359 est
994 4309 1288 4373 utcunque
1313 4304 1465 4357 intro
1498 4302 1972 4356 adhucteneatnr

342 4412 474 4466 pars
507 4397 698 4465 major
728 4394 1065 4463 spirituum.
1110 4392 1211 4447 Sin
1237 4406 1373 4446 vero
1402 4391 1763 4462 inepinatum
1798 4391 1972 4461 quid-

2074 3243 2365 3299 dicavitad
2389 3241 2804 3297 restituendam
2828 3242 2885 3295 in
2900 3246 3117 3297 statum
3142 3248 3597 3300 consentaneum
3620 3244 3712 3299 in-

2077 3331 2367 3399 telligendi
2403 3329 2759 3397 facultatem,
2792 3330 2999 3399 cupide
3024 3331 3309 3401 flagitanti
3342 3337 3603 3405 Augusto
3635 3350 3705 3389 ne

2074 3419 2294 3474 diutius
2335 3424 2550 3474 taceret
2578 3418 2732 3489 quod
2781 3418 2950 3473 dulce
2981 3419 3183 3475 auditu
3232 3421 3575 3477 nuntiatura
3604 3437 3700 3478 ve-

2078 3508 2281 3572 nisset,
2314 3508 2544 3561 tandem
2579 3508 2847 3578 exposuit
2888 3512 3117 3577 captam
3171 3510 3353 3565 teneri
3405 3511 3608 3568 urbem
3655 3516 3714 3567 et

2074 3597 2357 3652 Caesarem
2395 3596 2549 3649 intra
2596 3612 2725 3649 eam
2772 3612 2974 3651 secure
3006 3612 3141 3651 cum
3184 3598 3473 3669 Scythicis
3523 3601 3710 3671 copiis

2076 3687 2302 3755 degere.
2365 3684 2423 3737 Id
2470 3687 2623 3737 certo
2681 3683 2817 3737 sciri
2876 3700 2945 3738 ex
2993 3684 3222 3741 oculato
3275 3691 3423 3741 teste
3480 3688 3715 3743 homine

2077 3775 2211 3830 inde
2242 3788 2475 3828 summa
2507 3769 2798 3825 celeritate
2823 3772 3094 3842 profecto,
3128 3776 3715 3845 constantissimeque

2078 3864 2407 3918 afﬁrmante
2457 3875 2584 3915 sese
2650 3858 2987 3914 interfuisse
3041 3862 3180 3915 dum
3215 3879 3306 3917 res
3337 3869 3630 3932 gereretur
3658 3870 3715 3920 et

2078 3956 2300 4020 gestam
2316 3948 2553 4002 vidisse.
2575 3948 2967 4015 [nterrogante
2980 3964 3112 4004 vero
3128 3950 3477 4021 imperatore
3502 3952 3708 4024 ecquid

2078 4039 2172 4091 ille
2205 4038 2423 4091 missus
2454 4053 2487 4089 a
2517 4035 2739 4089 Cmsare
2769 4034 3044 4104 venisset,
3080 4036 3181 4090 illa
3212 4054 3272 4092 se
3304 4039 3528 4095 nescire
3561 4040 3710 4095 dixit

2079 4132 2349 4180 caeterum
2400 4123 2605 4176 adesse
2654 4122 2951 4177 hominem
2999 4129 3056 4178 et
3118 4125 3465 4197 interrogari
3516 4145 3708 4199 posse,

2078 4215 2294 4285 quippe
2343 4211 2615 4265 idoneum
2660 4211 2967 4265 reddendas
3022 4214 3113 4267 sui
3165 4215 3395 4271 rationi.
3449 4217 3710 4272 Prudens

2079 4305 2395 4372 imperator
2424 4302 2705 4370 reputans
2755 4316 2928 4369 quam
2965 4287 3111 4355 nova
3142 4311 3194 4356 et
3234 4304 3536 4374 inopinata
3571 4322 3711 4359 nar-

2080 4395 2306 4446 raretur
2335 4406 2448 4454 res,
2482 4389 2552 4441 de
2582 4404 2698 4458 qua
2721 4389 2964 4443 nuntius
2996 4407 3029 4444 a
3057 4390 3295 4456 Cassare,
3328 4393 3428 4463 qui
3462 4393 3713 4464 gessisse

337 4485 470 4538 dam
500 4488 556 4538 et
588 4498 868 4553 magnum
921 4481 1251 4551 objiciatur,
1287 4482 1343 4534 in
1381 4481 1667 4535 utrumvis
1700 4480 1837 4534 mali
1869 4482 1970 4533 aut
1999 4489 2045 4549 D
2076 4480 2397 4543 dicebatur,
2430 4476 2628 4531 nullus
2686 4482 3006 4547 appareret,
3044 4495 3264 4534 memor
3302 4480 3473 4535 etiam
3509 4482 3714 4551 pauci-

338 4572 498 4640 boni,
531 4571 748 4626 doloris
779 4576 880 4626 aut
908 4570 1107 4641 gaudii
1156 4575 1482 4624 extremum
1513 4570 1816 4633 excedens,
1848 4572 1971 4621 tur-

340 4661 443 4716 bat
472 4660 735 4714 animnm
767 4658 1193 4721 vehementius,
1228 4663 1283 4711 et
1313 4673 1446 4711 eum
1476 4658 1690 4728 raptim
1723 4657 1972 4711 incitans

340 4750 411 4805 ad
443 4748 756 4819 exigendas
787 4763 815 4801 e
838 4747 1132 4811 sensibus,
1164 4752 1327 4812 tunc,
1356 4751 1419 4799 ut
1441 4746 1657 4800 dictum
1684 4750 1773 4799 est
1803 4746 1974 4815 spiri-

342 4843 508 4892 tuum
540 4835 804 4891 absentia
835 4836 1177 4901 debilitatis,
1211 4851 1372 4889 acres
1403 4833 1787 4902 operationes,
1820 4832 1978 4887 ladit

341 4942 442 4980 eos
496 4930 555 4981 et
611 4923 1008 4979 valetudinem
1042 4923 1388 4992 corrumpit,
1431 4923 1576 4978 151
1615 4938 1854 4992 corpore
1884 4922 1975 4975 in-

342 5014 579 5069 terdum
615 5013 674 5066 in
725 5012 1050 5083 deliquium
1083 5017 1141 5067 et
1184 5015 1515 5081 symptoma
1564 5010 1852 5064 sonticum
1886 5027 1975 5065 re-

342 5103 535 5156 dacto.
563 5100 691 5154 Haec
720 5101 1015 5169 sapienter
1040 5104 1182 5154 tunc
1215 5103 1490 5169 reputans
1518 5098 1758 5167 Eulogia
1783 5097 1980 5152 instil-

340 5189 465 5245 lare
503 5188 785 5259 gaudium
820 5204 995 5259 quam
1043 5188 1466 5258 superfundere
1510 5186 1673 5241 fratri
1726 5186 1973 5252 maluit;

341 5294 449 5333 nec
476 5275 753 5330 nuntium
787 5277 1194 5332 felicissimum
1247 5275 1357 5330 nisi
1393 5275 1728 5345 preparatis
1758 5275 1977 5328 idonea:

342 5364 752 5436 suspensionis
771 5382 931 5419 mora
953 5364 1403 5435 expergiscentis
1421 5365 1662 5418 auribus
1686 5364 1981 5417 commisit

344 5456 606 5509 Primum
641 5454 906 5508 vellicato
940 5453 1104 5523 pedis
1135 5452 1379 5507 articulo
1420 5453 1630 5522 majori
1661 5451 1832 5522 sopiti
1869 5454 1980 5506 fra-

344 5544 456 5599 tris
485 5558 753 5596 somnum
779 5545 1052 5596 excussit.
1077 5544 1338 5611 Cumque
1361 5539 1409 5593 is
1432 5540 1614 5594 oculis
1639 5541 1855 5610 apertis
1889 5557 1983 5595 so-

346 5632 467 5686 lam
490 5646 564 5686 eo
587 5628 711 5686 loco
742 5647 809 5686 ac
840 5633 1102 5699 tempore
1134 5644 1392 5683 sororem
1424 5628 1685 5695 vidisset,
1720 5629 1985 5699 quaesivit

2082 4569 2220 4623 tatis
2251 4567 2543 4637 copiarum
2570 4581 2700 4619 cum
2758 4581 2967 4619 caesare
3017 4568 3403 4635 profectarum
3447 4570 3579 4624 talis
3651 4573 3717 4624 ut

2082 4663 2301 4711 tantam
2355 4656 2556 4708 urbem
2590 4669 2908 4723 occupasse
2948 4654 3119 4709 etiam
3154 4655 3307 4711 ultro
3359 4657 3486 4712 sine
3529 4664 3718 4713 certa-

2087 4748 2239 4800 mine
2286 4748 2570 4814 apertam,
2636 4741 2721 4794 vel
2768 4741 2815 4794 si
2861 4741 3183 4799 voluissent
3231 4746 3503 4815 maxime,
3558 4746 3714 4801 haud

2087 4834 2347 4905 potuisse
2374 4831 2725 4893 viderentur,
2751 4829 3031 4885 sustinuit
3061 4848 3373 4888 accensum
3406 4851 3509 4889 nec
3537 4835 3712 4889 fidem

2087 4919 2352 4977 adhibuit
2383 4916 2609 4981 nuntio,
2634 4918 2785 4973 152
2812 4918 3141 4988 suspicatus
3165 4921 3306 4992 quin
3337 4923 3513 4977 etiam
3547 4922 3714 4977 illudi

2087 5010 2198 5065 sibi
2238 5008 2309 5061 ab
2341 5004 2576 5059 homine
2597 5004 2842 5060 fortasse
2864 5007 3109 5061 nimium
3134 5009 3387 5079 simplici
3416 5016 3517 5064 aut
3543 5010 3716 5081 plano

2090 5098 2186 5169 qui
2215 5096 2333 5149 haec
2356 5096 2549 5148 astute
2579 5097 2680 5148 aut
2710 5093 2885 5148 stulte
2925 5096 3286 5152 confinxerit.
3320 5097 3579 5153 Decrevit
3604 5099 3719 5168 igi—

2088 5194 2149 5240 tu
2182 5186 2307 5255 ipse
2342 5199 2442 5254 per
2471 5181 2656 5236 otium
2686 5198 2817 5236 eum
2858 5181 3237 5255 interrogare,
3284 5202 3524 5255 sperans
3552 5186 3718 5256 agni-

2090 5282 2289 5329 turum
2339 5288 2408 5325 ex
2459 5271 2586 5339 ejus
2617 5271 2913 5341 responsis
2961 5272 3103 5343 quid
3146 5274 3202 5326 in
3237 5290 3296 5327 re
3344 5279 3535 5329 esset:
3588 5286 3757 5327 nam'

2094 5368 2253 5418 metu
2287 5360 2592 5431 praesentis
2625 5360 2949 5429 majestatis
2988 5360 3450 5427 simulationem,
3476 5362 3724 5431 siquam

2094 5450 2483 5515 adhibuisset,
2534 5447 2647 5517 ipsi
2710 5449 3138 5511 excutiendam,
3192 5452 3603 5520 fassurumque
3661 5468 3730 5506 ex

2094 5557 2228 5595 vero
2277 5543 2505 5594 cuncta.
2558 5538 2720 5591 Tunc
2766 5538 2946 5608 igitur
2980 5539 3049 5591 ad
3101 5539 3514 5607 imperatorem
3554 5540 3726 5603 jussu

2095 5629 2282 5699 ipsius
2303 5627 2677 5682 introductus
2699 5643 2903 5682 cursor
2927 5633 3035 5694 est,
3068 5630 3123 5681 et
3153 5627 3222 5680 ab
3245 5642 3311 5680 eo
3332 5627 3727 5698 interrogatus
