4158 6280
456 323 557 378 591

1759 323 2059 378 GEORGII
2101 321 2562 375 PACHYMERE

3755 317 3862 374 592

459 445 533 504 ὡς
567 440 675 497 ἴδοι
705 441 1134 507 ἐπιτελεσθεῖσαν
1184 445 1282 513 τήν
1334 442 1538 499 ἅλωσιν
1587 439 1858 500 ἐϐεϐαίου.
1918 443 2100 518 Λέγων
2133 437 2452 509 Αέκείνους
2505 437 2805 514 γράμματα
2850 439 3080 511 πέμπων
3137 437 3412 494 συνεκάλει
3467 440 3670 500 πάντας
3721 439 3860 514 πρὸς

463 531 551 586 οὖν
613 535 730 596 καθ’
787 529 1006 588 ἕκαστον
1067 532 1304 595 πολλοῖς
1363 535 1458 606 μὶν
1515 533 1851 608 ένειργᾶζετο
1897 533 2100 598 πίστιν,

503 629 528 639 η
635 621 681 678 δκ
856 623 866 641 Ι
1000 623 1021 666 ζ
1129 625 1144 643 f
1679 623 1691 642 ἱ
1907 623 1920 640 ‘
2040 621 2102 657 ,μ

459 644 586 677 πασι
669 643 692 677 ε
738 630 1096 692 καταπλημν.
1147 625 1190 680 Ο
1244 624 1427 695 μέντοι
1483 622 1736 697 βασιλευς
1786 643 1932 695 παρα
1972 643 2101 681 του..

459 710 704 773 πολλοὺς
753 709 928 766 δοκεῖν
978 710 1148 775 θέλων
1182 710 1401 783 εἷδέναι,
1455 713 1544 766 καὶ
1579 711 1790 784 μᾶλλον
1825 712 1910 766 ἐπὶ
1939 731 2104 785 στρα-

458 803 651 873 τείαις,
703 803 791 857 καὶ
851 805 961 876 ἅμα
1007 801 1217 875 ψευδῶν
1269 805 1362 876 μὲν
1421 799 1590 858 ὄντων
1635 809 1743 858 τῶν
1788 803 2101 878 λεγομένων

465 893 540 965 μὴ
601 893 944 969 ξυναρπαγῆς
1000 889 1257 967 ἔγκλημα
1310 896 1486 968 φέρειν
1519 941 1533 963 ,
1594 893 1869 963 ἀληθινῶν
1931 891 1988 947 δὲ
2041 892 2104 947 τὸ

466 983 599 1055 μετᾶ
649 979 916 1047 δοκούσης
959 980 1253 1058 ἀσφαλείας
1303 987 1408 1036 τῶν
1465 983 1538 1044 ὡς
1575 983 1730 1036 αὐτὸν
1764 982 2102 1058 ἀναφερομέ-

460 1094 561 1126 νων
620 1069 1324 1148 κερδαίνεινλπροσέταττε
1373 1071 1735 1149 φυλάττεσθαι
1795 1069 2099 1144 δεδεμένον.

465 1161 616 1231 Πλὴν
674 1160 893 1234 ἅσμενοι
925 1162 1058 1230 ἦσαν
1119 1163 1368 1228 ἅπαντες,
1425 1161 1471 1216 εἷ
1526 1161 1867 1217 πιστεύοιντο
1903 1161 2104 1216 Ἰταλοὶ

464 1251 605 1305 οὕτω
662 1259 760 1320 τῆς
814 1251 1030 1314 πόλεως
1085 1251 1464 1324 ἐξωθούμενοι.
1524 1254 1612 1316 Ὠς
1671 1250 1728 1306 δὲ
1782 1251 1877 1316 τῆς
1937 1249 2105 1319 αὐτῆς

463 1340 671 1414 ἡμέρας
704 1339 925 1400 πλείους
965 1341 1015 1393 οἱ
1064 1339 1402 1412 πεμπόμενοι
1453 1339 1588 1414 πρὸς
1639 1338 1905 1413 Καίσαρος
1946 1342 2103 1407 ἦσαν,

463 1429 551 1483 καὶ
613 1428 700 1484 ἐπὶ
756 1429 973 1490 τούτοις
1005 1431 1031 1482 ὁ
1079 1431 1177 1497 τήν
1222 1427 1535 1504 καλύπτραν
1594 1428 1681 1483 καὶ
1741 1430 1838 1497 τήν
1894 1430 2101 1498 σπάθην

461 1521 558 1571 τοῦ
617 1515 949 1572 Βαλδου’ίνου
982 1519 1054 1578 ὡς
1104 1513 1318 1591 βέϐαιον
1377 1518 1617 1590 κομίζων
1651 1520 1970 1590 τεκμήριον,
2006 1519 2104 1593 βα-

466 1606 544 1661 σι)
564 1612 612 1661 εῖ
642 1606 698 1662 δὲ
727 1607 817 1661 καὶ
846 1609 913 1662 τὰ
941 1607 1234 1682 γράμματα
1285 1607 1433 1669 ὅπως
1493 1604 1572 1677 silv;
1635 1610 1669 1676 ἡ
1724 1606 1885 1668 πόλις
1933 1629 2106 1661 συνει-

463 1695 721 1768 λημμένη
755 1694 978 1765 ἐδήλου,
1011 1697 1187 1750 οὐκέτι
1219 1691 1528 1772 ἀμφίϐολος
1560 1697 1650 1764 ἦν,
1686 1693 1810 1750 ἀλλ’
1842 1695 2100 1750 ἐπίστευε.

2211 526 2556 602 εὐγαριστίον
2583 531 2678 580 τοῦ
2709 526 3036 602 κρείττονος.

2379 639 2445 698 λ’.
2479 639 2807 717 Δημηγορία
2837 639 3106 717 βασιλέως
3141 639 3227 695 ἐπὶ
3256 645 3324 714 τῇ
3358 640 3557 696 ἁλώσει
3589 647 3688 712 τῆς

2921 712 3157 773 πόλεως.

2284 811 2365 881 [Ρ.
2414 811 2505 882 99]
2553 833 2580 860 ‹‹
2613 807 2830 879 Οἴδατε,
2865 833 2892 860 ››
2951 806 3127 882 λέγων
3190 809 3328 883 πρὸς
3383 808 3512 870 τοὺς
3562 811 3854 885 παρόντας,

2216 919 2241 950 ι
2301 894 2487 972 ἄνδρες
2543 897 2818 971 βασιλείας
2879 898 3109 966 ὑπήκοοι
3161 895 3590 969 τῆςῬωμαίων,
3652 899 3768 951 ὅσοι
3800 920 3857 952 τε

2217 988 2532 1057 μεγιστᾶνες
2583 985 2673 1038 καὶ
2744 987 2879 1056 ἡμῖν
2939 985 3073 1058 πρὸς
3132 982 3356 1058 αἳματος
3423 983 3514 1039 καί
3585 983 3702 1039 ὅσοι
3759 990 3857 1040 τοῦ

2211 1071 2480 1142 πλήθους,
2539 1070 2690 1133 ὅπως
2722 1069 2890 1125 πάλαι
2921 1076 3016 1124 τοῦ
3058 1071 3214 1126 Θείου
3264 1072 3582 1145 μηνίσαντος
3634 1072 3854 1145 ἀνέμοις

2214 1159 2466 1229 ἐξώσταις
2499 1161 2611 1214 οἷον
2641 1166 2756 1222 τοῖς
2804 1158 3040 1221 Ἰταλοῖς
3090 1160 3392 1232 ἐξώσθησαν
3447 1167 3548 1228 τῆς
3595 1160 3851 1232 πατρίδος

2213 1249 2264 1301 οἱ
2323 1247 2578 1322 ἡμέτεροι
2638 1247 2919 1323 πρόγονοι,
2980 1248 3069 1302 καὶ
3129 1250 3203 1312 ὡς
3261 1248 3338 1310 εἷς
3399 1249 3579 1302 στενὸν
3639 1251 3708 1304 τὰ
3753 1257 3848 1320 τῆς

2214 1335 2428 1390 ἐκείνων
2483 1336 2663 1412 ἀρχῆς
2719 1338 3120 1406 κατηνττξκεσαν
3162 1379 3173 1395 .
3241 1336 3338 1392 Καὶ
3396 1342 3581 1412 παρεῶ
3637 1339 3704 1392 τὰ
3752 1341 3848 1392 πά-

2213 1423 2326 1488 λαι,
2387 1423 2475 1478 ὅτε
2529 1428 2564 1493 ἡ
2618 1425 2724 1478 τῶν
2779 1425 3067 1496 Ῥωμαίων
3115 1425 3259 1500 ἀρχὴ
3315 1426 3451 1500 πρὸς
3504 1423 3578 1480 ἕω
3623 1426 3715 1499 μὶν
3749 1428 3847 1481 Εὖ-

2213 1514 2387 1587 φράτῃ
2438 1513 2526 1567 καὶ
2575 1510 2802 1586 Τίγριδι,
2852 1513 2987 1587 πρὸς
3035 1511 3182 1566 δύσιν
3233 1510 3290 1566 δὶ
3338 1513 3562 1585 Σικελίᾳ
3606 1515 3696 1568 καὶ
3733 1521 3844 1577 τοῖς

2211 1600 2398 1676 πρόσω
2442 1599 2680 1664 Πουλίας
2710 1601 2955 1676 ὡρίζετο,
2987 1601 3253 1665 Αἰθίοπας
3301 1599 3344 1655 δ’
3392 1602 3508 1676 εἶχε
3533 1603 3669 1675 πρὸς
3699 1601 3848 1658 νότον

2209 1689 2298 1743 καὶ
2353 1689 2487 1765 πρὸς
2547 1688 2754 1764 Βοῤῥᾶν
2810 1689 2876 1742 τὰ
2932 1688 3266 1763 προσάρκτια
3301 1734 3311 1744 .
3367 1689 3601 1765 Ἀφίημι
3653 1695 3846 1748 ταῦτα.

468 1784 565 1838 Καῖ
623 1781 901 1837 ἀντεδίδου
958 1783 1050 1854 μὲν
1109 1787 1215 1837 τῶν
1271 1782 1448 1858 λόγων
1475 1783 1542 1837 τὰ
1575 1783 1764 1855 μείζω,
1795 1783 1883 1837 τὸν
1919 1785 2105 1855 μέντοι
2137 1794 2183 1855 Β
2217 1777 2369 1833 Ἀλλ’
2432 1775 2613 1832 οἷ’δατε
2659 1778 2874 1839 πάντως
2925 1777 3211 1840 ἀκούοντες
3262 1777 3334 1838 ὡς
3389 1778 3590 1848 ταύτης
3639 1777 3709 1847 δὴ·
3752 1787 3849 1846 τῆς

464 1893 524 1947 γε
571 1870 824 1946 πρύτανιν
869 1871 1076 1924 τούτων
1123 1871 1212 1924 καὶ
1261 1870 1510 1946 παροχέα
1557 1871 1629 1932 ὡς
1661 1868 1882 1924 δυνατὸν
1913 1869 2105 1942 έμεγάς

467 1958 640 2013 λυνεν·
695 1956 820 2012 οὐδὲ
861 1960 959 2032 γὰρ
1015 1957 1206 2032 μικρὸν
1255 1957 1431 2020 οὕτως
1482 1955 1617 2026 ᾤετο
1646 1961 1715 2030 τῇ
1748 1956 1952 2011 ἐκείνου
2005 1958 2104 2031 βα-

467 2047 644 2117 σιλείᾳ
676 2048 1032 2120 προστεθῆναι
1061 2049 1306 2100 τοιοῦτον
1338 2045 1690 2120 κατόρθωμα.
1744 2045 1838 2098 Καὶ
1889 2041 1953 2112 δὴ
2010 2065 2108 2116 με-

466 2135 656 2210 γίστης
711 2135 904 2209 ἑορτῆς
961 2134 1100 2208 ἄγων
1161 2134 1370 2206 ἡμέραν
1417 2132 1652 2202 ἐκείνην,
1703 2131 2104 2209 μετημφιάζετο

465 2225 558 2296 μὲν
610 2224 744 2299 πρὸς
788 2222 848 2276 τὸ
900 2221 1337 2296 μεγαλειότερον,
1375 2220 1651 2276 συνεκάλει
1685 2218 1742 2274 δὲ
1777 2219 1904 2282 τοὺς
1938 2231 2106 2289 συνή-

463 2312 751 2384 σομένους,
796 2309 886 2364 καὶ
929 2307 1124 2371 αὐτοὺς
1171 2310 1244 2370 ὡς
1301 2309 1444 2370 είκὸς
1504 2307 1923 2380 ἐστολισμένους
1981 2330 2106 2363 ποι-

461 2399 665 2471 κίλοις,
723 2399 811 2453 καὶ
873 2397 1020 2471 σφίσι
1079 2395 1413 2472 δημηγορῶν
1475 2395 1756 2468 συνήδετο,
1795 2396 1935 2470 μηδὲ
1981 2397 2108 2460 τοὺς

462 2488 652 2564 πὸῥρω
709 2486 896 2548 κενοὺς
951 2485 1130 2561 ἀφιεὶς
1183 2484 1426 2555 ἡδονῆς,
1486 2484 1633 2541 ἀλλά
1688 2507 1749 2561 γε
1823 2486 1912 2541 καὶ
1969 2488 2104 2561 πρὸς

467 2688 804 2742 constanter
851 2682 1202 2739 asseveravit
1251 2687 1576 2754 spectatum
1609 2700 1642 2738 a
1671 2699 1733 2738 se
1776 2699 1970 2738 coram
2005 2699 2110 2737 ne-

466 2774 687 2846 gotium
721 2772 1048 2827 confectum
1083 2776 1261 2841 capta!
1295 2772 1478 2840 urbis,
1510 2771 1690 2828 simul
1719 2771 1974 2826 referens
2001 2771 2107 2825 mi-

473 2865 665 2919 nutim
718 2866 889 2934 prout
934 2861 1289 2932 contigerint
1330 2861 1583 2932 singula,
1628 2862 1831 2917 multis
1871 2863 2106 2933 quidem

473 2953 647 3007 {idem
672 2952 828 3015 fecit,
853 2951 1080 3004 cunctis
1102 2951 1548 3005 admirationem
1583 2967 1649 3005 ac
1671 2955 1971 3020 stuporem
1991 2967 2112 3005 mo-

474 3042 572 3095 vit.
608 3036 683 3094 At'
710 3041 1048 3110 imperator,
1083 3039 1179 3108 qui
1212 3038 1520 3093 allectabat
1556 3038 1738 3092 videri
1771 3037 1904 3108 plus
1931 3055 2106 3108 quam

474 3129 683 3200 vulgus
701 3143 903 3198 sapere
928 3127 984 3180 in
1010 3125 1233 3180 caeteris
1253 3130 1376 3179 tum
1398 3125 1454 3179 in
1481 3125 1833 3181 militaribus
1860 3126 2110 3197 negotiis

2218 1865 2492 1936 θαλάσσης
2551 1865 2698 1927 ἐντὸς
2747 1869 2882 1941 πρὸς
2930 1863 3156 1940 ἤπειρον
3218 1866 3279 1920 οὐ
3337 1863 3483 1921 δυοῖν
3543 1868 3630 1920 καὶ
3686 1873 3856 1942 τριῶν

2215 1958 2463 2030 ἡμερῶν,
2495 1953 2619 2008 ἀλλ’
2661 1952 2801 2008 ἔστιν
2843 1956 2980 2008 ὅπου
3010 1956 3099 2007 καὶ
3131 1952 3255 2008 δέκα
3307 1956 3392 2009 καὶ
3444 1955 3646 2009 τούτων
3679 1955 3848 2010 πλέον

2215 2044 2385 2098 τόπου
2416 2042 2688 2114 διάστημα
2721 2044 2864 2118 παρὰ
2908 2048 3016 2097 τῶν
3044 2044 3325 2117 ἡμετέρων
3379 2044 3502 2098 τότε
3547 2044 3852 2119 κατείχετο,

2217 2133 2396 2205 χωρὶς
2446 2131 2663 2184 ἀπασῶν
2721 2133 2943 2200 νήσων,
3002 2132 3090 2184 καὶ
3146 2136 3252 2184 τῶν
3315 2132 3618 2205 μεγίστων.
3677 2131 3856 2187 Ἀλλὰ

2218 2224 2350 2274 Θεοῦ
2403 2220 2678 2284 θέλοντος,
2736 2221 2770 2288 ἢ
2833 2219 3044 2290 μᾶλλον
3093 2224 3556 2294 παραχωροῦντος
3602 2222 3717 2275 κατ’
3750 2221 3858 2276 εἷ’σ-

2215 2312 2408 2382 πραξιν
2473 2311 2580 2360 τῶν
2657 2306 2732 2368 εἰς
2815 2307 3012 2361 ἐκεῖνον
3087 2307 3614 2380 πλημμελημάτων,
3689 2309 3855 2378 αὐτῆς

2218 2396 2411 2450 ὡσανεί
2445 2415 2594 2457 τινος
2641 2394 2866 2469 καρδίας
2923 2403 3022 2464 τῆς
3067 2393 3330 2470 πατρίδος
3379 2397 3655 2467 παθούσης
3707 2419 3857 2452 συνε-

2217 2486 2558 2561 νεκρώθησαν
2592 2483 2784 2551 πάντα,
2817 2482 2905 2538 καὶ
2937 2485 3003 2538 τὰ
3038 2485 3132 2558 μὲν
3183 2484 3383 2540 Ἰταλοὶ
3430 2487 3497 2539 τὰ
3525 2483 3582 2540 δὲ
3631 2485 3851 2563 Πέρσαι,

2219 2679 2818 2750 magniﬁcentissimis
2839 2680 3101 2738 vestibus
3133 2681 3200 2735 ad
3224 2697 3489 2752 proceres
3520 2681 3855 2739 celebrandi

2218 2785 2396 2824 causa
2439 2769 2768 2824 communis
2799 2768 2996 2840 gaudii
3046 2770 3117 2823 ad
3149 2785 3212 2824 se
3241 2775 3494 2839 vocatos,
3545 2769 3854 2842 splendido

2217 2863 2274 2912 et
2311 2857 2470 2928 ipsos
2499 2858 2775 2928 varioque
2819 2857 3080 2928 insignes
3124 2863 3356 2928 ornatu,
3408 2859 3853 2930 gratulatoriam

2217 2947 2538 3001 orationem
2569 2946 2792 3000 habuit.
2828 2951 2908 3000 Ac
2939 2963 3010 3000 ne
3041 2947 3310 3002 absentes
3340 2948 3576 3018 quidem
3607 2949 3735 3018 ejus
3765 2965 3860 3004 vo-

2216 3034 2461 3104 luptatis
2491 3039 2753 3104 expertes
2775 3051 3007 3105 passus,
3031 3035 3264 3106 scriptis
3293 3040 3350 3091 et
3366 3052 3600 3107 quoquo
3622 3053 3853 3093 versum

2218 3123 2415 3178 missis
2464 3123 2727 3192 ejusdem
2777 3139 2908 3177 cum
2970 3124 3231 3178 oratione
3283 3125 3586 3180 sententiae
3643 3126 3856 3182 litteris

473 3218 745 3284 maxime,
777 3214 953 3269 simul
985 3214 1266 3283 cogitans,
1299 3213 1346 3267 si
1381 3214 1525 3268 forte
1555 3214 1624 3268 ad
1656 3219 1975 3269 extremum
1998 3215 2104 3270 fal-
2133 3215 2184 3279 C.
2222 3215 2464 3266 cunctos
2495 3211 2566 3265 ad
2595 3213 2852 3282 agendas
2882 3211 2996 3266 Deo
3027 3212 3246 3282 gratias
3279 3211 3622 3283 publiceque
3653 3212 3858 3268 laatan-

474 3322 601 3360 sum
649 3304 706 3359 id
745 3301 1614 3374 deprehendereturiudicium,
1667 3303 1999 3358 subiturum
2053 3321 2114 3359 se

472 3399 670 3449 notam
707 3392 847 3446 levis
878 3389 1266 3454 credulitatis,
1297 3406 1400 3444 nec
1423 3390 1784 3460 deprehenso
1813 3393 2112 3447 mendacio

469 3484 741 3538 decorum
772 3479 882 3534 sibi
913 3479 1029 3534 fore
1069 3479 1421 3549 impunitam
1445 3479 1746 3534 dimisisse
1773 3479 2114 3550 impostoris

472 3569 776 3626 audaciam
802 3585 814 3634 ;
849 3567 937 3622 sin
963 3568 1175 3622 veritas
1197 3567 1484 3622 dictorum
1517 3568 1645 3637 ejus
1671 3572 1933 3639 tempore
1959 3574 2114 3641 pate-

475 3666 562 3714 ret
591 3663 647 3713 et
675 3673 962 3712 consensu
993 3655 1240 3712 aliorum
1274 3657 1408 3710 inde
1440 3673 1572 3711 mox
1601 3658 1987 3713 ail'uturorum
2013 3661 2109 3712 ﬁr-

479 3751 756 3815 maretur,
809 3745 950 3800 nihil
992 3743 1072 3798 illi
1111 3743 1298 3799 fraudi
1349 3746 1466 3799 fore
1513 3761 1733 3800 moram
1786 3751 1967 3800 caute
2009 3765 2111 3801 su-

477 3832 756 3904 spicionis
791 3833 1020 3887 brevem
1054 3833 1548 3902 (repraesentanda
1580 3834 1795 3904 quippe
1834 3834 1945 3905 ipsi
1977 3851 2108 3890 cum

476 3924 589 3978 ﬁde
621 3921 858 3994 praemia
886 3921 1082 3976 debita
1111 3920 1402 3974 velocitati
1437 3937 1552 3992 qua
1583 3921 1957 3991 prazvenisset
1984 3940 2111 3977 om-

474 4027 578 4066 nes
610 4012 668 4065 in
719 4011 1011 4064 all'erendo
1055 4017 1174 4062 tam
1221 4007 1348 4063 lasto
1398 4009 1644 4078 nuntio),
1688 4010 1870 4079 jussit
1917 4010 2109 4066 homi-

471 4117 603 4155 nem
638 4097 1222 4154 vinctumicustodiri.
1247 4097 1462 4151 Tamen
1486 4097 1599 4152 isto
1621 4098 1768 4168 ipso,
1793 4099 2106 4170 cujusque-

467 4189 625 4242 modi
656 4187 896 4241 tandem
932 4186 1097 4253 foret,
1132 4185 1350 4239 indicio
1391 4186 1512 4254 jam
1548 4190 1671 4239 tum
1709 4203 1912 4242 omnes
1947 4190 2108 4244 laeta-

466 4278 716 4342 bantur;
767 4274 1296 4345 praacipiebantque
1349 4274 1624 4343 praesagis
1654 4275 1866 4329 animis
1896 4278 2105 4332 trium-

463 4363 633 4433 phale
662 4362 941 4433 gaudium
973 4377 1089 4430 quo
1137 4360 1520 4430 perl'undendi
1554 4366 1768 4428 essent,
1805 4363 1902 4416 ubi
1936 4363 2105 4432 plane

462 4451 825 4507 constitisset
874 4449 954 4502 sic
1022 4447 1295 4518 expulsos
1346 4449 1486 4501 urbe
1534 4448 1731 4503 Italos.
1785 4449 1852 4502 Ut
1905 4456 2100 4505 autem

2223 3300 2361 3353 dum
2397 3299 2740 3355 adhortatus
2771 3305 2880 3355 est.

2293 3441 2379 3495 30.
2417 3442 2611 3497 Concio
2659 3443 3012 3512 imperatoris
3050 3458 3213 3512 super
3241 3443 3646 3513 expugnatione
3683 3445 3859 3499 urbis.

2293 3587 2320 3615 «
2354 3565 2577 3632 Nostis,
2611 3587 2638 3613 »
2671 3565 2947 3636 inquiens
2977 3566 3044 3619 ad
3082 3571 3418 3637 praesentes,
3459 3565 3566 3620 viri
3598 3570 3859 3622 Romano

2220 3653 2466 3726 imperio
2495 3655 2738 3722 subditi,
2785 3654 3005 3726 quique
3035 3654 3347 3723 optimates
3397 3654 3686 3726 nobisque
3714 3673 3856 3710 con-

2219 3743 2611 3815 sanguinitate
2633 3743 2847 3812 juncti,
2878 3748 3200 3813 ceteraque
3231 3742 3547 3798 multitudo
3580 3743 3693 3798 huc
3723 3745 3859 3799 ade-

2219 3832 2347 3898 stis,
2375 3831 2583 3894 nostis,
2631 3830 2897 3902 inquam,
2929 3836 2994 3885 ut
3022 3830 3161 3886 olim
3195 3837 3310 3887 Deo
3356 3831 3528 3900 irato,
3561 3833 3633 3886 ab
3667 3832 3858 3898 Italis,

2216 3920 2376 3976 velut
2421 3920 2612 3974 ventis
2657 3921 3010 3990 quibusdam
3079 3919 3543 3988 vehementibus,
3605 3921 3858 3989 majores

2218 4008 2401 4064 nostri
2432 4007 2656 4079 expulsi
2691 4008 2880 4079 patria
2913 4008 3127 4062 fuerint
3152 4013 3209 4062 et
3239 4010 3298 4062 in
3323 4013 3544 4063 arctum
3577 4015 3859 4064 contrusa

2219 4098 2362 4152 ditio
2394 4113 2614 4151 eorum.
2640 4099 2718 4152 Ac
2749 4103 2940 4151 vetera
2990 4102 3265 4167 praetereo
3307 4096 3429 4163 illa,
3462 4098 3698 4168 quando
3742 4101 3855 4151 Ro-

2217 4203 2458 4242 manum
2491 4187 2800 4256 imperium
2837 4186 2908 4239 ab
2940 4191 3070 4240 ortu
3122 4187 3355 4257 quidem
3389 4185 3744 4256 Euphratem
3787 4203 3854 4240 ac

2213 4277 2434 4347 Tigrim
2467 4277 2684 4330 limites
2730 4275 2956 4345 habuit,
2991 4276 3060 4330 ab
3093 4293 3300 4330 occasu
3335 4291 3468 4330 vero
3507 4275 3767 4330 Siciliam
3801 4280 3860 4330 et

2215 4365 2322 4419 hac
2378 4364 2710 4419 ulteriorem
2755 4364 3043 4434 Apuliam,
3099 4365 3156 4418 in
3211 4365 3513 4419 meridiem
3567 4365 3856 4436 processit

2215 4470 2400 4523 usque
2424 4454 2493 4508 ad
2525 4453 2844 4523 Ethiopas,
2876 4469 3074 4508 versus
3097 4453 3550 4524 septentrionem
3579 4469 3765 4523 usque
3789 4454 3858 4508 ad

462 4541 664 4595 eodem
717 4539 809 4593 die
855 4535 1022 4591 multi
1069 4537 1425 4590 advenerunt
1470 4536 1635 4590 missi
1668 4554 1700 4591 a
1748 4536 1992 4604 Caesare,
2044 4545 2101 4594 et
2131 4567 2176 4630 Β
2211 4543 2476 4596 admotas
2508 4541 2639 4612 polo
2672 4542 2957 4613 regiones.
3005 4541 3222 4597 Omitto
3256 4541 3376 4606 illa,
3409 4546 3638 4595 tantum
3673 4541 3862 4596 obiter

461 4647 638 4701 super
687 4629 788 4682 hos
819 4627 919 4697 qui
970 4630 1201 4695 tegmen
1254 4626 1459 4695 capitis
1505 4641 1701 4679 ensem
1737 4626 1794 4678 in
1845 4627 2101 4682 certissi-

463 4735 626 4772 mum
659 4722 900 4786 receptae
943 4713 1104 4768 urbis
1136 4719 1545 4784 argumentum
1582 4714 1919 4784 imperatori
1962 4733 2096 4771 cum

465 4805 740 4860 laureatis
769 4803 1011 4858 Caesaris
1043 4803 1249 4857 litteris
1281 4804 1528 4869 afferret,
1564 4803 1734 4873 plane
1767 4804 2105 4859 afﬁrmanti-

464 4896 573 4948 bus
607 4897 894 4962 receptam
928 4891 1126 4945 urbem
1162 4891 1422 4944 Romano
1456 4892 1721 4961 praesidio
1745 4892 1948 4960 teneri,
1983 4911 2095 4948 non

458 4983 716 5054 amplius
767 4981 1058 5035 dubitavit
1110 4981 1260 5036 153
1321 4981 1653 5051 imperator,
1713 4983 1810 5035 sed
1859 4983 2095 5037 omnino

451 5074 576 5140 jam
611 5087 925 5141 persuasus
977 5069 1146 5140 plura
1177 5074 1228 5123 et
1264 5070 1491 5136 majora
1540 5085 1712 5139 quam
1749 5071 2094 5138 promiserat

457 5167 545 5216 est
579 5160 762 5230 primo
796 5158 1001 5212 nuntio
1036 5157 1305 5228 largitus.
1341 5163 1421 5210 Ac
1453 5157 1656 5211 ducem
1691 5157 1926 5226 quidem
1958 5161 2091 5214 facti

455 5254 869 5317 auctoremque
910 5261 1220 5300 successus
1252 5245 1455 5313 gratiis
1487 5249 1544 5299 et
1589 5245 1862 5299 laudibus
1912 5264 2088 5318 quam

453 5335 647 5406 potuit
678 5333 1064 5406 amplissimis
1090 5337 1432 5402 prosecutus
1465 5339 1587 5387 est:
1623 5349 1733 5386 non
1767 5334 1920 5388 enim
1941 5335 2089 5389 exis-

452 5424 703 5478 timabat
751 5438 992 5493 parvum
1029 5425 1440 5474 ornamentum
1490 5420 1735 5492 imperio
1786 5439 1890 5477 suo
1922 5423 2090 5478 addi-

448 5516 578 5565 tum
632 5510 887 5565 facinore
923 5515 1038 5562 tam
1076 5507 1308 5561 illustri.
1358 5508 1560 5578 Itaque
1589 5509 1744 5564 diem
1779 5509 1944 5565 illum
1979 5513 2092 5567 fes-

449 5617 571 5679 tum
603 5599 720 5670 egit
743 5597 1110 5653 solemnitate
1136 5612 1407 5651 summa:
1435 5598 1652 5668 quippe
1684 5601 1938 5670 sumptis
1968 5601 2095 5670 ipse

2211 4645 2543 4684 memorans
2601 4647 2727 4700 quae
2786 4631 2960 4685 fando
3017 4631 3218 4684 audita
3274 4629 3649 4700 cognovistis,
3705 4631 3860 4684 intra

2210 4719 2350 4773 illud
2387 4735 2545 4772 mare
2568 4735 2772 4772 versus
2794 4719 3186 4773 continentem
3217 4735 3329 4772 non
3359 4717 3547 4772 solum
3571 4723 3857 4788 quantum

2214 4807 2375 4861 bidui
2408 4812 2508 4860 aut
2536 4807 2717 4861 tridui
2751 4823 2925 4862 cursu
2961 4807 3186 4862 emeliri
3219 4807 3472 4877 spatium
3507 4812 3719 4878 potest,
3757 4809 3857 4861 sed

2213 4900 2498 4965 quantum
2547 4895 2744 4949 decem
2797 4900 2853 4948 et
2901 4912 2966 4950 eo
3016 4894 3148 4965 plus
3198 4895 3425 4962 diebus,
3479 4895 3537 4948 in
3590 4901 3857 4949 nostrum

2210 4983 2393 5038 fuisse
2427 4988 2734 5054 potestate,
2791 4991 2998 5053 praeter
3026 5000 3231 5038 omnes
3264 4983 3512 5049 insulas,
3549 4983 3606 5036 in
3642 4983 3859 5054 quibus

2213 5073 2482 5140 quaedam
2550 5073 2703 5127 154
2753 5078 2894 5126 sunt
2942 5072 3342 5143 amplissimae.
3391 5075 3678 5128 Ceterum
3744 5072 3858 5126 Deo

2209 5159 2457 5224 volente,
2493 5164 2594 5214 aut
2626 5161 2817 5230 potius
2865 5160 3242 5231 permittente
3274 5161 3332 5214 in
3371 5159 3654 5215 ultionem
3691 5161 3850 5229 inju-

2209 5247 2428 5302 riarum
2461 5248 2574 5318 ipsi
2627 5250 2931 5317 factarum,
2984 5265 3115 5302 cum
3149 5249 3280 5320 ipsa
3333 5265 3524 5303 rerum
3586 5248 3856 5319 principe

2210 5341 2408 5390 nostra
2459 5337 2668 5406 patria,
2701 5335 2862 5392 velut
2909 5338 3080 5391 corde
3121 5337 3372 5407 imperii,
3425 5337 3588 5391 clade
3639 5336 3850 5390 ultima

2207 5440 2509 5495 oppressa,
2537 5430 2747 5480 cuncta
2771 5427 2986 5496 pariter
3009 5426 3339 5497 reipublicae
3371 5426 3634 5480 membra
3662 5424 3858 5479 lethali

2207 5513 2377 5582 quasi
2430 5515 2633 5568 morbo
2665 5513 3074 5586 elanguerunt,
3135 5515 3274 5569 dum
3329 5529 3529 5568 eorum
3590 5513 3855 5583 quaedam

2203 5600 2355 5668 Itali,
2381 5600 2492 5656 alia
2518 5604 2724 5672 Persae,
2752 5602 3012 5673 Bulgari,
3034 5602 3273 5658 Triballi
3293 5606 3629 5672 castamque
3651 5617 3855 5656 omnes
