4158 6280
370 334 480 388 593

372 455 688 531 Βούλγαροί
718 478 776 511 τε
801 457 891 511 καὶ
941 452 1250 532 Τριϐαλλοὶ
1297 457 1387 512 καὶ
1419 460 1612 522 πάντες
1641 455 1803 512 ἄλλοι
1850 455 2028 528 διεμε-
2058 462 2111 527 Α
2146 457 2312 526 μένην
2357 455 2762 533 ἐγκαταλείπειν
2815 458 2891 520 εἷς
2957 464 3147 534 χεῖρας
3190 457 3403 514 πίπτειν
3452 460 3558 512 τῶν
3608 455 3773 510 πολε-

373 547 626 619 ρίσαντο,
664 543 776 600 ἔστι
807 541 853 598 δ’
883 544 916 598 ’ἀ
944 546 1035 599 καὶ
1089 546 1353 613 Ῥωμαῖοι
1400 550 1469 618 τῇ
1517 545 1765 620 βασιλείᾳ
1792 546 2024 614 ὑπήκοοι
2136 545 2302 614 μίων.
2355 549 2428 600 Τὸ
2485 547 2584 623 γὰρ
2633 546 2817 602 πολλὰ
2858 547 2947 602 καὶ
3000 545 3237 622 )μεγάλα
3281 545 3770 622 πραγματευσαμέ-

368 633 766 710 νοσφισάμενοι
813 635 928 687 καθ’
977 633 1174 696 αὑτοὸς
1216 633 1349 701 ἦσαν
1397 630 1766 702 δεσπόζοντες.
1828 634 1911 689 Τὰ
1968 631 2025 686 δὲ
2131 652 2256 693 νους
2308 635 2429 707 περί
2485 635 2690 705 αὐτῆς,
2741 637 2831 690 καὶ
2883 634 2970 690 διὰ
3024 635 3297 690 τοσούτων
3373 632 3768 706 περαιωθέντας

371 722 426 795 γ’
467 720 708 796 ἡμέτερα
765 720 967 790 Νικαίᾳ
1006 720 1096 774 καὶ
1147 720 1363 794 Προύσῃ
1413 722 1502 775 καὶ
1549 720 1701 794 τρίτῃ
1744 717 2024 775 Φιλαδελ-
2135 717 2326 774 δεινῶν
2365 765 2378 790 ,
2440 721 2608 795 μηδὲν
2667 723 2894 793 ἐξανύειν
2953 722 3405 784 πολλαπλασίους
3453 719 3608 783 ὄντας
3663 725 3770 776 τῶν

369 809 498 885 φείᾳ
528 809 620 864 καὶ
664 815 780 870 τοῖς
831 808 984 882 πέριξ
1030 806 1461 884 διεγνωρίζοντο.
1507 810 1583 863 Τὰ
1615 810 1710 882 μὲν
1746 807 1834 862 οὖν
1880 805 2023 862 ἄλλα

1438 340 1535 390 DE
1576 337 1941 390 MICHAELE
1979 338 1999 387 Ι

2108 334 2420 390 .zEOLOGO
2457 340 2588 390 LIB.
2630 341 2698 390 ιι.
3665 333 3778 398 594.

2139 807 2538 878 ἐνοικούντων,
2591 810 2899 874 δεικνύντος
2966 817 3098 868 Θεοῦ
3139 815 3204 880 ἦν
3251 813 3324 873 ὡς
3363 806 3516 886 ἔργον
3567 810 3771 866 ἐκείνου

366 903 489 959 πῶς
550 899 639 952 καὶ
703 899 855 960 αὖθις
917 897 1351 966 ἀνεζωώθῃσαν,
1411 897 1497 953 καί
1554 919 1614 973 γε
1657 898 2021 966 ἀναζωοῦνται

370 987 516 1044 κατὰ
549 987 743 1060 μικρὸν
789 984 1068 1046 ἐλεοῦντος
1119 985 1284 1041 πάλιν
1330 991 1431 1040 τοῦ
1476 986 1655 1056 Θείου,
1688 985 1740 1040 τί
1787 987 1898 1060 χρὴ
1931 985 2020 1039 καὶ

373 1075 552 1150 λέγειν
585 1093 598 1131 :
630 1074 778 1143 πλὴν
828 1072 954 1128 ἀλλ’
1002 1071 1153 1128 οὐδὲν
1203 1073 1408 1130 τούτων
1461 1076 1526 1143 ἦν
1571 1072 1827 1151 ἀσφαλῶς
1875 1070 2017 1148 ἔχειν

373 1163 674 1232 λειπούσης
719 1169 824 1230 τῆς
871 1160 1174 1236 βασιλίδος.
1229 1168 1394 1216 Ποῖοι⁹
1438 1165 1540 1238 γάρ
1588 1165 1724 1235 ἡμῖν
1755 1161 1816 1216 οὐ
1847 1182 2020 1237 προσ-

370 1253 589 1328 κρούων
643 1248 916 1305 ὠνείδισεν
947 1294 962 1322 ,
1015 1249 1069 1304 εἷ’
1119 1271 1224 1305 που
1293 1253 1378 1305 καὶ
1453 1245 2017 1326 διεπρεσϐευσάμεθα,

365 1343 444 1404 ὡς
508 1341 727 1397 ἀπόλισι
785 1342 873 1396 καὶ
934 1339 1123 1416 πόρῥω
1180 1345 1277 1395 τοῦ
1337 1340 1616 1415 βασιλείου
1665 1342 1854 1415 Ορὸνου
1902 1341 2017 1395 κατ’

363 1429 607 1502 ἀνάγκην
667 1427 993 1503 διάγουσιν;
1048 1431 1132 1502 [Ρ.
1192 1432 1312 1501 100]
1385 1425 1605 1504 ἅστρασι
1670 1429 1850 1483 τοίνυν
1916 1430 2014 1496 τὴν

360 1515 602 1591 πατρίδα
640 1515 799 1586 ὃιαση
815 1519 1177 1589 μαινομένους
1226 1523 1405 1587 ζητεῖν
1434 1519 1499 1572 τά
1529 1517 1720 1586 λοιπά,
1764 1517 1853 1571 καὶ
1885 1517 2011 1571 ἀνα-

357 1603 649 1668 καλεῖσθαι
680 1606 827 1678 παρὰ
853 1610 959 1658 τῶν
1001 1606 1380 1678 κατεχόντων,
1417 1602 1546 1677 μηδ’
1576 1608 1710 1659 εἶναι
1737 1625 1837 1671 την
1870 1604 2013 1677 ἀγω-

358 1693 465 1765 γὴν
488 1689 734 1764 εὔλογον.
787 1691 886 1746 Καὶ
937 1689 1026 1745 διὰ
1071 1695 1232 1745 τοῦτο
1286 1691 1376 1745 καὶ
1425 1695 1531 1744 τῶν
1585 1690 1691 1764 πρὸ
1718 1693 1879 1762 ἡμῶν
1915 1691 2015 1764 βα-

2135 896 2224 950 καὶ
2280 897 2448 969 μόνου
2498 900 2546 972 ἐξ
2597 900 2782 962 ἐλέους
2831 899 2976 956 ἔσται
3008 902 3071 956 τὸ
3116 899 3320 968 δοῦναι,
3353 901 3414 955 οὗ
3464 898 3530 969 δὴ
3573 902 3660 955 καὶ
3708 901 3771 955 τὸ

2142 981 2327 1040 λαϐεῖν
2379 986 2715 1048 ἐπιστεύετο.
2767 991 3003 1068 Ἐφοασε
3050 990 3222 1045 τοίνυν
3272 991 3306 1059 ἡ
3350 996 3450 1058 τῆς
3499 989 3774 1064 εὐσπλαγ-

2129 1073 2284 1147 χνίας
2323 1077 2504 1148 κυρία.
2532 1077 2622 1130 καὶ
2674 1076 2836 1146 ξένον,
2887 1080 3047 1150 ἡμῶν
3085 1077 3484 1153 βασιλευόντων
3533 1083 3639 1132 τῶν
3684 1077 3770 1138 τίς

2128 1159 2186 1213 ἄν
2238 1160 2382 1216 εἷ’ποι
2428 1165 2624 1238 ἀγαθὸν
2674 1165 2934 1240 ἐχόντων.
2987 1168 3090 1221 Καὶ
3148 1163 3211 1235 δὴ
3264 1168 3607 1242 εὐχαριστεῖν
3653 1165 3762 1222 ἐστι

2126 1245 2329 1304 δίκαιον
2384 1248 2778 1318 ἀπολαϐόντας.
2809 1256 2907 1323 τὴν
2953 1253 3211 1329 πατρίδα,
3259 1256 3348 1308 καί
3394 1276 3457 1328 γε
3499 1253 3763 1324 ἐλπίζειν,

2123 1335 2302 1411 ὣσπερ
2398 1342 2806 1413 καταπεσούσης
2899 1343 3098 1414 ταύτης
3192 1342 3618 1418 συγκατέπιπτον
3697 1345 3764 1397 τά

2125 1422 2324 1496 λοιπὰ,
2380 1427 2552 1491 οὕτως
2611 1431 3009 1502 ἆνακληθείσης
3063 1433 3234 1500 αὐτῆς
3283 1431 3381 1486 οὐκ
3427 1426 3569 1486 ἔστιν
3615 1432 3764 1493 ὅπως

2123 1513 2223 1567 οὐκ
2310 1516 2779 1587 ἀνακληθῆσεσοαι
2875 1525 3060 1590 ταῦτα,
3145 1523 3207 1575 ’Π
3278 1520 3378 1596 γάρ
3440 1519 3758 1592 παλίμπους

2119 1605 2498 1676 περιστήσεται
2549 1603 2697 1678 δίκη,
2741 1609 2830 1662 καὶ
2888 1609 3112 1664 πολλῶν
3173 1609 3296 1682 πρὶν
3343 1606 3755 1685 φρυαττομένων

2121 1690 2342 1766 αὐχένες
2391 1693 2506 1766 (σὺν
2561 1700 2678 1767 Θεῷ
2723 1696 2983 1771 εἰρήσθω)
3024 1695 3588 1767 καθυποκλιοήσονται
3619 1697 3754 1770 πρὸς

2875 1525 3060 1590 ταῦτα,

363 1780 568 1835 σιλέων
617 1777 805 1834 πολλά
849 1780 1212 1848 πονεσάντων,
1266 1781 1367 1833 οὐκ
1417 1779 1576 1855 ὀλίγα
1621 1777 1678 1832 δὲ
1724 1779 1812 1832 καὶ
1851 1781 2010 1850 ἡμῶν
2043 1819 2090 1879 Β
2119 1779 2181 1833 τὸ
2223 1780 2624 1854 ταπεινότερον.
2676 1785 2741 1840 Ei’
2792 1787 2885 1856 μὲν
2937 1787 3027 1840 οὗν
3080 1787 3131 1840 οἱ
3178 1786 3402 1860 πατέρες
3444 1789 3601 1858 ἡμῶν
3656 1787 3758 1841 οὐκ

362 1867 635 1943 πρότριτα
684 1867 968 1931 παθόντων
1039 1866 1191 1922 οὐδὲν
1261 1867 1490 1938 ἠνύσθη.
1541 1868 1617 1926 Τὸ
1660 1869 1764 1943 γὰρ
1793 1867 1882 1922 καὶ
1914 1889 2015 1945 φυ-

362 1955 713 2029 λαττομένης
779 1954 996 2018 πόλεως
1062 1957 1138 2018 εἰς
1192 1956 1343 2010 κενὸν
1405 1957 1691 2032 ἀγρυπνεῖν
1724 2000 1739 2024 ,
1794 1955 1883 2010 καὶ
1933 1955 2009 2019 εἷς

363 2050 550 2119 χεῖρας
595 2045 856 2116 κειμένης
891 2045 1040 2108 αὖθις
1091 2044 1333 2118 γενέσθαι
1375 2044 1452 2105 εἷς
1505 2051 1680 2116 μάτην
1718 2042 1843 2105 τοὺς
1885 2064 2006 2097 πει-

359 2133 638 2205 ρωμένους
675 2137 879 2199 πονεῖν,
931 2137 1064 2186 Θεοῦ
1112 2131 1222 2187 ἐστι
1277 2133 1533 2204 μάλιστα,
1584 2136 1738 2201 Θεοῦ,
1787 2134 1843 2193 ὃς
1892 2129 2004 2186 οἶδε

348 2222 441 2275 καὶ
491 2223 590 2290 τὴν
647 2220 723 2284 εἷς
761 2219 1006 2275 κίνδυνον
1051 2223 1421 2294 νομιζομένην
1467 2226 1676 2284 κεῖσθαι
1708 2219 1997 2298 φυλάττειν

341 2307 662 2387 ἀφύλακτον
703 2309 888 2378 οὖσαν,
919 2311 1007 2364 καὶ
1036 2310 1133 2379 τὴν
1171 2310 1420 2384 ἰσχυροῖς
1462 2310 1715 2372 ὁπλίταις
1750 2308 1987 2385 ὠχυρω-

352 2514 564 2584 gentes
593 2510 857 2566 barbarae
888 2509 1043 2566 inter
1077 2525 1204 2566 sese
1234 2511 1612 2583 partirentur.
1647 2513 1908 2568 Fuerunt
1943 2515 2000 2565 et

373 2598 664 2655 nonnulla
715 2615 843 2670 quae
891 2599 1002 2670 ipsi
1054 2600 1316 2655 Romano
1373 2598 1638 2670 imperio,
1689 2600 1780 2655 cui
1839 2603 2004 2655 erant

363 2687 611 2754 subditi,
646 2686 890 2744 rebelles
920 2687 1124 2743 avulsa
1163 2693 1221 2743 et
1248 2687 1489 2742 seorsim
1522 2692 1706 2742 tracta
1743 2689 2002 2744 domino-

369 2791 508 2830 rum
566 2776 794 2830 nomine
852 2782 1138 2832 tenerent.
1199 2776 1417 2831 Nostrae
1463 2792 1595 2831 vero
1652 2794 1744 2832 res
1786 2777 1998 2844 Nicma,

368 2861 587 2916 Prursa
617 2863 896 2934 tertiaque
927 2862 1334 2932 Philadelphia
1363 2879 1494 2917 cum
1525 2864 1698 2919 terris
1730 2865 2000 2934 adjacen-

377 2949 539 3005 tibus
569 2951 1008 3007 deﬁniebantur.
1041 2951 1112 3006 Et
1141 2950 1252 3007 alia
1286 2950 1518 3022 quidem
1556 2960 1618 3006 ut
1657 2969 1860 3007 rursus
1913 2969 2002 3008 re-

368 3037 618 3094 vixerint
636 3040 793 3111 (nam
817 3039 1102 3112 paulatim
1126 3039 1240 3094 Deo
1267 3040 1578 3095 miserante
1609 3039 2000 3111 revaluerunt)

359 3127 504 3198 quid
565 3128 774 3183 attinet
829 3127 1063 3183 dicere?
1094 3143 1293 3182 verum
1327 3143 1394 3182 ne
1441 3126 1559 3181 haec
1609 3128 1848 3199 quidem
1910 3128 2000 3182 vel

353 3220 584 3270 servata
628 3215 716 3270 vel
767 3220 1106 3285 recuperata
1149 3231 1354 3270 secura
1385 3214 1552 3270 nobis
1583 3221 1639 3270 et
1677 3226 1832 3271 certa
1859 3233 1988 3272 esse

349 3305 639 3374 poterant,
666 3303 924 3373 quandiu
947 3303 1208 3374 principe
1233 3303 1375 3358 urbe
1393 3305 1984 3369 carebamus.0uotus

347 3393 508 3448 enim
541 3392 792 3463 quisque
819 3394 1043 3465 legatos
1083 3396 1333 3462 nostros,
1365 3393 1415 3448 si
1447 3409 1595 3464 quos
1653 3410 1846 3449 rerum
1899 3410 1987 3450 re-

351 3482 744 3554 petendarum
775 3499 954 3538 causa
1005 3481 1405 3548 mittebamus,
1440 3499 1553 3537 non
1608 3483 1810 3540 irrisos
1854 3500 1987 3539 con-

347 3570 502 3626 vicio
534 3569 853 3642 repellebat
881 3574 1163 3641 tanquam
1206 3569 1276 3623 ab
1307 3569 1607 3626 exsulibus
1639 3572 1852 3628 missos
1885 3589 1989 3644 pa-

348 3656 464 3713 tria
486 3657 691 3728 ejectis
720 3662 777 3713 et
833 3657 1034 3729 procul
1068 3657 1300 3727 imperii
1344 3658 1481 3713 sede
1524 3660 1848 3715 necessario
1891 3661 1988 3716 de-

350 3745 662 3817 gentibus?
684 3747 872 3811 Quare
895 3745 1026 3801 illos
1058 3745 1525 3816 quidemesticos
1542 3745 1991 3816 lares,hostibus

349 3833 638 3901 insessos,
672 3831 978 3905 designare
1000 3833 1098 3887 ubi
1122 3833 1359 3887 tandem
1384 3837 1581 3887 essent
1608 3835 1841 3891 nonnisi
1863 3853 1992 3908 geo-

355 3921 640 3993 graphico
672 3921 832 3977 radio
853 3937 921 3977 ex
952 3920 1174 3976 ratione
1219 3924 1511 3975 astrorum
1551 3922 1766 3990 quibus
1797 3929 1994 3980 essent

349 4010 646 4081 suppositi
681 4009 955 4078 valerent,
989 4010 1378 4080 incongruum
1403 4009 1834 4081 absurdumque
1864 4029 1992 4069 esse

348 4097 580 4168 reliqua
627 4103 788 4154 tanto
823 4099 1022 4154 minus
1054 4097 1346 4170 praecipua
1403 4098 1630 4167 imperii
1661 4101 1923 4156 membra
1960 4119 1993 4156 a

346 4186 752 4242 detinentibus
781 4186 1247 4258 resposcere.Qui
1273 4186 1524 4241 maxime
1543 4187 1838 4254 nodusfne
1860 4194 1993 4246 ante

351 4291 462 4330 nos
493 4275 912 4347 imperantium
941 4274 1177 4331 multiet
1208 4274 1647 4347 magnilabores
1667 4277 1992 4349 quidquam

349 4363 668 4420 admodum
687 4365 1034 4436 proficerent
1054 4363 1299 4429 obstitit,
1323 4363 1477 4418 idem
1503 4369 1731 4420 nostros
1761 4382 1994 4437 quoque

353 4468 472 4508 non
506 4469 722 4522 paucos
755 4469 858 4523 pro
889 4456 1103 4508 nostrae
1137 4452 1429 4507 facultatis
1459 4453 1696 4509 modulo
1720 4454 1812 4509 bis
1843 4460 1994 4510 retro

354 4539 568 4596 diebus
601 4545 858 4597 tentatos
917 4545 1164 4596 conatus
1213 4557 1410 4596 cassos
1455 4543 1662 4597 eﬂ‘ectu
1720 4542 1992 4598 reddidit.

2123 1864 2262 1922 εἶδον
2310 1871 2371 1923 τὸ
2423 1874 2518 1924 τοῦ
2568 1877 2699 1926 Θεοῦ
2759 1871 2932 1943 ἔλεος,
2982 1873 3108 1930 ἀλλ’
3155 1876 3289 1947 ἡμῖν
3335 1871 3463 1928 ἰδεῖν
3513 1875 3754 1950 γέγονεν,

2121 1957 2261 2019 υἱοῖς
2313 1957 2526 2013 ἐκείνων
2583 1981 2641 2032 γε
2697 1959 2863 2018 οὖσιν.
2928 1963 2990 2017 οὐ
3048 1963 3150 2038 γὰρ
3208 1962 3552 2039 προσώποις,
3615 1962 3761 2018 ἀλλὰ

2117 2045 2322 2117 γένεσιν
2378 2047 2431 2109 ές
2480 2049 2546 2101 τά
2607 2047 2844 2119 μάλιστα
2890 2051 2980 2105 καὶ
3026 2052 3124 2118 τήν
3174 2049 3471 2127 εὐεργεσίαν
3522 2050 3611 2104 καὶ
3656 2053 3756 2121 τὴν

2111 2132 2380 2206 τιμωρίαν
2442 2139 2538 2189 τοῦ
2597 2141 2729 2191 Θεοῦ
2795 2137 3070 2213 γενέσθαι.
3146 2141 3304 2194 Τοῦτ’
3354 2137 3604 2214 ἐπράχθη
3665 2140 3754 2194 καὶ

2113 2219 2200 2274 ἐπὶ
2247 2226 2354 2275 τῶν
2403 2223 2589 2279 πάλαι.
2648 2226 2754 2280 Καὶ
2799 2233 2916 2290 τοῖς
2970 2228 3232 2302 πατράσιν
3292 2226 3755 2302 ἐπαγγειλάμενος

2109 2309 2206 2377 τὴν
2259 2309 2466 2384 ἀγαθὴν
2515 2319 2618 2386 γῆν
2670 2313 2876 2385 ἐκείνην
2924 2316 3022 2384 τὴν
3065 2313 3234 2370 πάλαι
3284 2315 3749 2390 προαγγελθεῖσαν

2109 2510 2220 2565 bus
2255 2511 2401 2568 freto
2452 2512 2833 2571 validissimis
2863 2524 2916 2570 et
2963 2518 3225 2573 omnium
3265 2519 3392 2587 ejus
3423 2519 3747 2576 incolarum

2108 2598 2408 2669 ingentem
2441 2601 2576 2657 licet
2606 2604 3049 2660 multitudinem
3082 2622 3326 2662 numero
3359 2606 3531 2678 longe
3572 2625 3747 2680 supe-

2110 2688 2379 2744 rantibus
2423 2697 2832 2762 oppugnantes
2883 2694 3065 2764 copiis
3115 2711 3175 2750 re
3216 2695 3435 2751 infecta
3481 2698 3748 2752 recedere

2108 2790 2468 2845 cogeremur,
2515 2778 2615 2848 qui
2665 2777 2823 2834 aliud
2877 2780 2988 2836 fuit
3034 2799 3212 2852 quam
3262 2783 3362 2838 Dei
3427 2784 3749 2840 admonitio

2112 2861 2460 2919 declarantis
2501 2882 2672 2920 suum
2701 2867 2759 2921 id
2794 2867 2977 2924 solius
3007 2885 3156 2940 opus
3185 2886 3316 2925 esse
3347 2887 3466 2926 suae
3518 2873 3750 2928 miseri-

2112 2953 2320 3006 cordiae
2351 2957 2734 3022 reservatum,
2768 2956 2904 3010 dare
2936 2958 3170 3028 quando
3202 2963 3258 3014 et
3289 2957 3382 3012 cui
3412 2959 3753 3030 dignabitur

2107 3043 2340 3094 tantum
2373 3040 2530 3096 istud
2563 3042 2743 3097 decus
2772 3044 2939 3114 regia:
2987 3049 3394 3117 recuperandae
3444 3048 3696 3105 civitatis
3730 3053 3752 3105 Ρ

2110 3128 2270 3183 Istud
2302 3144 2438 3200 ergo
2470 3130 2571 3185 diu
2604 3132 2911 3203 suspirata:
2935 3133 3348 3189 misericordiae
3381 3143 3744 3194 momentum

2109 3233 2240 3272 ecce
2270 3235 2426 3274 nunc
2455 3218 2688 3275 beatum
2720 3225 2776 3276 et
2806 3222 3102 3278 fortunata
3131 3223 3254 3278 dies
3291 3223 3498 3292 illuxit,
3548 3227 3740 3295 nobis,

2095 3307 2246 3375 quod
2280 3306 2496 3362 mirum
2531 3313 2639 3374 est,
2665 3309 3113 3382 imperantibus,
3147 3313 3251 3383 qui
3283 3306 3425 3369 nihil
3459 3315 3517 3371 in
3569 3318 3738 3374 nobis

2093 3393 2232 3448 boni
2263 3397 2640 3466 agnoscimus
2671 3415 2786 3469 quo
2821 3404 3047 3455 tantum
3077 3401 3425 3458 beneﬁcium
3485 3421 3734 3462 merere-

2095 3498 2249 3536 mur.
2283 3484 2470 3547 Quare
2495 3490 2644 3540 totos
2670 3502 2773 3540 nos
2808 3488 2867 3542 in
2898 3491 3221 3558 gratiarum
3254 3491 3513 3548 actiones
3553 3495 3735 3548 effun-

2095 3569 2232 3624 dere
2255 3569 2486 3638 justum
2517 3577 2607 3626 est
2637 3579 2868 3645 recepta
2899 3575 3081 3646 patria
3111 3595 3125 3643 ;
3177 3577 3266 3632 fas
3319 3579 3492 3634 etiam
3538 3597 3736 3652 spera-

2100 3673 2182 3726 re,
2215 3655 2371 3710 sicut
2396 3673 2464 3711 ea
2522 3661 2820 3729 quondam
2872 3663 3116 3717 cadente
3157 3668 3363 3718 caetera
3403 3667 3525 3735 pari
3567 3669 3737 3724 ruina

2097 3742 2586 3814 conciderunt,ita
2606 3747 2807 3801 eadem
2833 3748 2890 3802 in
2916 3750 3230 3818 pristinum
3272 3752 3444 3807 modo
3469 3763 3736 3811 revocata

2097 3839 2315 3889 statum
2377 3834 2600 3906 reliqua
2645 3835 2920 3892 similiter
2967 3856 3094 3910 quae
3152 3842 3346 3897 afﬁcta
3395 3842 3626 3900 fuerant
3677 3848 3735 3901 in

2098 3922 2392 3978 fortunam
2419 3924 2783 3979 restituenda
2805 3924 3128 3980 meliorem.
3151 3928 3296 3984 Nam
3331 3929 3594 3987 divinum
3631 3951 3737 3990 nos

2098 4014 2410 4081 protegens
2441 4012 2808 4083 injuriasque
2836 4013 3003 4069 nobis
3034 4014 3218 4070 factas
3251 4016 3540 4074 ulciscens
3562 4021 3726 4090 judi-

2098 4102 2278 4166 cium,
2310 4101 2462 4171 quod
2493 4119 2524 4156 a
2556 4105 2772 4158 nostris
2805 4105 2973 4174 quasi
3007 4106 3274 4176 partibus
3301 4108 3580 4165 deficiens
3629 4130 3735 4168 nos

2099 4189 2426 4244 deseruisse
2444 4189 2770 4257 videbatur,
2795 4191 3010 4247 iterum
3056 4209 3124 4248 ex
3164 4193 3274 4249 hoc
3312 4196 3598 4268 principio
3619 4200 3734 4256 vim

2099 4294 2264 4333 suam
2295 4277 2353 4331 in
2378 4282 2644 4334 nostrum
2674 4280 3060 4351 patrocinium
3086 4298 3266 4352 seque
3297 4284 3493 4340 favens
3511 4303 3576 4342 ac
3599 4305 3735 4358 pro-

2100 4365 2310 4437 pitium
2337 4370 2545 4422 nostra)
2576 4383 2766 4423 causa;
2793 4369 3080 4440 adjungit.
3114 4370 3300 4433 Quare
3323 4373 3579 4442 plurium
3601 4376 3738 4433 isto-

2101 4470 2232 4508 rum
2263 4470 2369 4509 nos
2398 4455 2656 4525 supurbe
2711 4457 2871 4524 prius
2905 4457 3343 4528 descipientiam
3375 4459 3487 4515 illa;
3540 4465 3736 4521 ardua:

2100 4540 2517 4624 indomitaeque
2537 4544 2788 4598 cervices
2811 4543 2934 4615 (Dei
2958 4545 3139 4600 fretus
3163 4547 3380 4603 auxilio
3401 4549 3484 4605 sic
3507 4550 3736 4626 loquor)

355 4629 518 4694 Quod
554 4646 724 4701 porro
758 4630 1076 4686 novissime
1097 4645 1252 4684 nunc
1283 4630 1516 4696 accidit,
1542 4631 1756 4686 multos
1777 4648 1994 4688 accres-
2029 4612 2073 4675 D
2104 4622 2449 4701 frangentur
2480 4612 2988 4704 inﬂectenturque,
3023 4635 3222 4699 velint,
3274 4637 3479 4700 nolint,
3507 4640 3565 4696 in
3585 4612 3736 4700 sub:

357 4734 472 4788 que
504 4719 778 4774 custodes
812 4717 1191 4790 amplissima:
1239 4717 1818 4790 opulentissimaeque
1853 4720 1990 4776 civi-

355 4805 497 4861 tatis
522 4807 740 4862 frustra
769 4805 1062 4879 vigilasse,
1095 4809 1152 4860 et
1179 4805 1436 4860 hostium
1469 4805 1735 4862 reducem
1775 4809 1991 4864 exerci-

353 4897 485 4947 tum
550 4894 630 4950 rei
688 4898 816 4950 tum
867 4893 1057 4949 adhuc
1101 4893 1412 4964 gerebatur
1465 4895 1990 4963 supervenientem,

353 4980 612 5052 recipere
645 4981 804 5038 illam
827 4998 1030 5037 rursus
1061 4980 1348 5051 ejiciendo
1367 4996 1585 5051 paucos
1607 4997 1636 5035 e
1656 4983 1867 5037 nostris
1890 4983 1990 5054 qui

352 5068 412 5124 in
437 5085 566 5124 eam
598 5074 972 5143 penetrarent
999 5068 1394 5140 nequidquam
1419 5072 1702 5124 conatusl
1719 5071 1814 5127 55
1841 5087 1989 5140 esse,

349 5157 454 5214 Dei
497 5159 752 5229 profecto
811 5157 1186 5232 potissimum
1237 5173 1384 5228 opus
1431 5161 1539 5226 est,
1600 5158 1701 5228 qui
1750 5159 1908 5214 novit
1937 5164 1993 5215 et

353 5246 676 5318 periclitari
707 5249 918 5314 visam,
967 5251 1265 5316 utcunque
1314 5246 1654 5301 destitutam
1695 5248 1989 5318 praesidio,

351 5335 653 5391 custodire
683 5336 1000 5402 civitatem,
1024 5339 1079 5390 et
1108 5335 1374 5389 eamdem
1398 5333 1782 5390 validissimis
1800 5352 1990 5391 arma-

354 5427 550 5479 torum
606 5425 907 5482 defensam
966 5422 1326 5490 cohortibus,
1364 5421 1425 5476 in
1476 5439 1687 5478 manus
1735 5423 1990 5479 hostium

352 5513 590 5570 tradere
618 5529 753 5570 cum
800 5513 963 5569 libet.
996 5511 1143 5570 Nam
1195 5509 1349 5581 quod
1401 5526 1590 5582 nuper
1614 5511 1874 5584 contigit,
1927 5519 1991 5569 ut

354 5603 628 5660 eamdem
661 5619 767 5660 nos
798 5601 1001 5660 urbem
1033 5600 1272 5672 trajecto
1301 5601 1386 5655 tot
1406 5599 1684 5656 aerumnis
1705 5605 1762 5657 et
1781 5600 1990 5658 labori-

2093 4719 2410 4789 jectionem
2442 4720 2920 4776 demisissimam.
2954 4727 3087 4777 Haec
3117 4722 3364 4780 felicitas
3395 4731 3736 4788 servabatur

2100 4806 2294 4870 nobis,
2321 4811 2386 4861 ut
2417 4823 2523 4862 usu
2555 4809 2799 4878 visuque
2830 4810 3230 4880 experiremur
3259 4813 3507 4883 gratiam
3557 4823 3730 4877 mise-

2100 4894 2285 4949 rantis
2314 4894 2411 4948 Dei
2449 4911 2462 4948 :
2503 4896 2769 4965 patribus
2800 4899 3014 4953 nostris
3054 4899 3201 4954 tanti
3259 4900 3484 4959 fructus
3531 4911 3730 4978 gaudii

2101 4987 2342 5053 negatus
2374 4986 2482 5051 est,
2506 4984 2674 5038 nobis
2709 4985 2909 5055 utique
2943 4985 3078 5041 ﬁliis
3099 5004 3299 5042 eorum
3327 4991 3559 5050 abunde
3580 5013 3736 5054 nunc

2099 5068 2511 5141 cumulateque
2561 5077 3030 5143 repraesentatus.
3085 5074 3208 5130 Non
3263 5077 3417 5133 enim
3469 5089 3734 5152 personis

2099 5159 2371 5230 singulis,
2400 5161 2502 5215 sed
2530 5161 2844 5232 generibus
2876 5168 3043 5219 statas
3081 5164 3236 5219 vices
3283 5166 3522 5224 alternis
3574 5190 3732 5231 com-

2100 5248 2417 5303 meantium
2454 5249 2511 5304 in
2541 5251 2714 5305 vitam
2749 5250 3052 5306 hominum
3077 5251 3490 5311 beneﬁciorum
3507 5263 3562 5314 et
3591 5263 3732 5335 sup-

2100 5334 2407 5406 pliciorum
2440 5336 2646 5392 divina:
2686 5338 3066 5409 providentia:
3097 5339 3255 5393 reddi
3289 5341 3497 5398 solent.
3515 5345 3632 5404 Hoc
3651 5334 3732 5407 ita

2099 5425 2316 5480 factum
2373 5427 2527 5482 156
2556 5444 2790 5484 cernere
2843 5427 2977 5483 licet
3023 5435 3076 5482 et
3125 5427 3182 5481 in
3246 5430 3524 5502 antiquis.
3583 5437 3730 5497 Nam

2098 5514 2450 5586 promissum
2482 5518 2747 5587 patribus
2779 5517 3006 5573 felicem
3043 5521 3280 5587 terram,
3326 5519 3550 5579 dudum
3591 5543 3732 5597 pm-

2099 5604 2430 5660 nuntiatam
2483 5605 2812 5662 Ahrahamo
2858 5611 3138 5678 tanquam
3208 5609 3404 5664 statim
3472 5612 3724 5676 dandam
