4182 6286
477 323 586 379 595

1768 330 2066 386 GEORGII
2105 331 2564 389 PACHYMERE

3763 332 3866 387 596

478 451 560 517 τῷ
608 441 880 518 Ἀϐραὰμ,
929 446 1004 508 ὡς
1051 445 1241 501 αὐτίκα
1286 453 1385 516 τῆς
1433 448 1711 523 Αἰγύπτου
1757 450 2118 524 ἀπαλλαγεῖσι
2147 454 2196 520 Α
2232 472 2396 517 σεται,
2430 451 2591 507 πόλιν
2624 452 2742 509 ἀντὶ
2802 450 3109 526 πολιχνίων
3153 450 3512 527 αἱρουμένων,
3542 453 3642 519 τὴν
3696 448 3865 524 ὄνομα

480 530 826 606 ληψομένοις
877 531 1119 602 ἐκείνην,
1154 535 1180 587 ὁ
1213 531 1269 587 δὲ
1316 532 1531 588 ἐκείνων
1577 538 1672 608 μὲν
1720 538 1807 592 ἐπὶ
1854 545 1953 607 τῆς
1995 536 2118 612 ἐρή-

485 642 589 694 μου
619 626 798 674 πεσεῖν
846 620 911 673 τὰ
960 620 1091 674 ὀστᾶ
1146 623 1527 696 παρεσκεύασε,
1568 631 1684 687 τοῖς
1718 624 1762 680 δ’
1812 626 1944 681 υἱέσι
1972 625 2120 694 πλη-

485 716 575 783 ροῖ
621 711 719 777 τήν
771 706 1123 783 ἐπαγγελίαν,
1173 710 1261 763 καὶ
1322 708 1382 764 οἱ)
1427 708 1667 767 διέπεσεν
1718 718 1751 783 ἡ
1805 715 2116 788 ὑπόσχεσις.

483 799 641 856 Οῖτω
674 795 901 859 δικαίοις
948 799 1165 872 μέτροις
1221 798 1309 852 καὶ
1361 801 1619 871 σταθμοῖς
1652 803 1705 855 αἱ
1738 808 1872 865 θεῖαι
1905 803 2120 877 πράξεις

483 887 918 958 οἷκονομοῦνται,
982 887 1180 961 Καιρὸς
1248 891 1379 959 γοῦν
1452 896 1719 959 μετοικεῖν
1787 892 2118 963 προστάσσον

483 997 579 1037 τος
642 979 738 1029 τοῦ
791 978 945 1045 Θεοῦ,
1001 973 1061 1028 οὐ
1126 972 1415 1035 σκιαδείοις
1447 974 1505 1029 ἐκ
1536 975 1760 1049 φύλλων
1820 977 1872 1033 ἐν
1903 978 2121 1051 λαμπῆ·

484 1085 601 1125 ναις
653 1065 841 1136 (ταῦτα
871 1062 970 1135 γὰρ
1030 1064 1163 1129 ἦσαν
1219 1062 1281 1116 τὸ
1336 1062 1547 1135 πάλαι),
1581 1063 1726 1120 ἀλλὰ
1772 1067 2121 1139 σκεπομένοις

481 1154 671 1226 χάριτι
702 1154 797 1205 τοῦ
851 1153 1003 1206 Θεοῦ.
1064 1150 1171 1204 Καὶ
1207 1148 1271 1219 δὴ
1333 1149 1381 1221 ἐξ
1435 1151 1601 1221 αὐτῆς
1661 1154 1772 1226 ἅμα
1827 1156 2122 1227 πεμπέσοω

480 1260 562 1299 τις
618 1242 725 1292 τῶν
778 1237 1088 1312 ἀρχόντων,
1140 1238 1230 1291 καὶ
1287 1234 1611 1311 λαμϐανέτω
1667 1241 1794 1304 τοὺς
1843 1241 2023 1305 οἷ’κους
2072 1245 2123 1298 οἱ

482 1325 728 1381 πανοικεὶ
781 1328 1123 1395 κατοικήσει.
1189 1325 1248 1381 Εἰ
1324 1328 1417 1399 μὲν
1482 1325 1770 1400 συμϐαίνοι
1834 1332 1961 1393 τοὺς
2017 1354 2123 1386 πα-

481 1414 667 1489 τρίους
712 1413 845 1467 εἶναι
901 1413 991 1467 καὶ
1051 1413 1177 1476 τοὺς
1235 1419 1332 1469 τοῦ
1379 1418 1568 1490 γένους
1624 1420 1903 1494 περιόντας
1936 1418 2034 1487 ἔτι,
2067 1419 2123 1474 εὖ

485 1502 543 1557 ἂν
578 1504 798 1577 σχήσοι·
846 1501 890 1555 εἶ
942 1499 985 1555 δ’
1039 1503 1153 1575 οὖν,
1198 1501 1341 1557 ἆλλά
1395 1525 1480 1566 τις
1518 1504 1821 1578 ἐκλεγέσθω
1866 1507 1992 1570 τοὺς
2025 1510 2121 1583 ἁρ-

492 1588 737 1665 μοὸίους.
793 1592 996 1665 Ἐχρῆν
1058 1592 1158 1665 γὰρ
1221 1595 1353 1645 Θεοῦ
1413 1589 1657 1657 διδόντος
1705 1597 1782 1667 [1).
1850 1598 1967 1665 101]
2024 1599 2121 1665 τήν

483 1680 647 1755 χάριν
703 1680 837 1733 κατᾶ
893 1680 1099 1751 νόμους
1158 1679 1362 1734 ἐκείνου
1410 1687 1584 1735 ποιεῖν
1632 1683 1720 1737 καὶ
1769 1683 2124 1761 προσφιλοτι-

2226 536 2458 615 ἔχουσαν
2483 547 2592 597 τῶν
2644 540 2941 613 ἀνωνύμων
2972 541 3059 594 καὶ
3116 538 3371 596 εὐτελων.
3407 541 3487 597 Οὐ
3540 541 3647 612 μὴν
3695 538 3751 595 δὶ
3777 542 3861 596 καί

2225 631 2656 706 καταφρονητέον
2705 634 2812 685 τῶν
2864 628 3015 702 τῇδε
3078 629 3347 706 ἀσφάλεια
3403 628 3505 702 γὰρ
3551 632 3658 682 τῶν
3718 628 3860 693 ἐντὸς

2230 718 2479 791 μεγίστη,
2514 717 2563 772 εἴ
2605 719 2671 773 τὰ
2721 717 2909 790 κύκλῳ
2963 717 3148 790 φεύγοι
3202 718 3298 771 τὸν
3362 717 3551 771 σάκκον.
3605 721 3780 771 Ταῦτα
3810 716 3864 773 δὲ

2224 806 2317 857 τὸν
2348 803 2513 859 σάλον
2559 807 2871 880 φευξοῦνται
2920 804 3356 877 πολυωροόντων
3406 809 3512 857 τῶν
3559 804 3861 881 οἷ’κητόρων

2226 893 2338 963 ἅμα
2366 900 2482 955 τοῖς
2534 894 2908 967 πεμπομένοις
2956 894 3237 968 ἄρχουσιν.
3294 890 3466 948 Ἀλλᾶ
3511 894 3576 946 τὰ
3610 894 3705 966 μὲν
3734 901 3865 949 κατὰ

2226 982 2402 1054 καιρὶν
2459 982 2549 1035 καὶ
2609 982 2972 1056 λεχθήσονται
3053 981 3141 1035 καὶ
3220 981 3669 1054 πραχθήσονται,
3738 986 3863 1037 Θεοῦ

2228 1068 2619 1143 συναιρομένου
2679 1067 2747 1123 δι’
2807 1069 2959 1130 ἕλεος
2995 1087 3007 1100 ·
3069 1072 3161 1121 νῦν
3232 1065 3279 1122 δ’
3334 1067 3608 1129 κάκείνοις
3665 1066 3737 1122 δι’
3795 1069 3864 1123 ὧν

2228 1156 2567 1233 ἐπεμετρήθη
2616 1160 2753 1231 ἡμῖν
2812 1161 2847 1226 ἠ
2908 1156 3069 1232 χάρις
3130 1157 3241 1229 (καὶ
3298 1156 3400 1229 γὰρ
3458 1153 3693 1230 δίκαιον)
3738 1160 3865 1233 γρά-

2230 1265 2420 1317 φοντες
2447 1246 2513 1299 τὰ
2539 1245 2718 1300 εἷκότα
2774 1244 3034 1317 δείξωμεν
3071 1244 3232 1319 χάριν
3291 1243 3469 1311 σφίσιν
3499 1242 3701 1307 εἰδότες
3739 1248 3868 1318 μετὰ

2229 1333 2357 1387 Θεόν
2392 1357 2419 1384 ››
2451 1339 2540 1405 Τῷ
2569 1355 2657 1388 τοι
2702 1334 2792 1388 καὶ
2837 1332 2896 1388 ἐκ
2941 1331 3036 1389 τοῦ
3086 1335 3432 1408 παραχρῆμα
3478 1332 3687 1387 κελεύει
3732 1355 3865 1408 γρα-

2230 1429 2394 1499 φῆναι
2444 1422 2509 1477 τὰ
2566 1425 2916 1498 χαριστήρια,
2950 1420 3234 1496 ἐκλέγεται
3293 1419 3464 1475 δὲκαὶ
3496 1424 3579 1483 οἷς
3609 1420 3668 1476 ἄν
3726 1443 3864 1495 πεμ-

2230 1516 2405 1587 φθεῖσι
2434 1512 2532 1580 τὴν
2582 1509 2987 1586 κληροδότησιν
3022 1510 3303 1583 ἐπιτρέψοι
3353 1514 3457 1563 τῶν
3513 1512 3864 1583 μεγιστάνων.

2229 1604 2352 1660 Τοῖς
2382 1600 2485 1673 γὰρ
2516 1598 2752 1662 πολλοῖς
2799 1621 2862 1675 γε
2905 1601 2994 1653 καὶ
3045 1593 3377 1654 ἀνεϐάλλετο
3406 1599 3471 1652 τὸ
3501 1595 3729 1668 διδόναι,
3776 1600 3867 1653 καὶ

2228 1687 2496 1765 πρόφασις
2553 1688 2738 1761 ἐκείνῳ
2786 1691 2848 1743 τὸ
2880 1687 2968 1743 διὰ
3020 1690 3230 1756 σπάθης
3279 1686 3500 1747 ἑλόντος
3552 1686 3757 1759 μηδένα
3785 1694 3868 1743 εῖ-

486 1774 700 1841 μεῖσοαι
748 1770 809 1822 τὸ
866 1770 1029 1841 μέρος
1080 1768 1308 1842 ἑκάστῳ.
1368 1768 1509 1827 Οὐδὲ
1564 1774 1664 1847 γὰρ
1717 1775 1850 1847 ἡμῖν
1916 1774 2124 1846 μόνοις,
2156 1797 2317 1877 Βναι
2344 1778 2433 1832 τὸν
2486 1775 2707 1840 δικαίως
2749 1776 2808 1832 ἃν
2866 1782 2972 1832 τῶν
3034 1775 3204 1832 ἰδίων.
3266 1774 3319 1829 εἷ’
3367 1796 3471 1830 που
3510 1782 3749 1851 παρεῖεν,
3781 1777 3869 1832 ἐπὶ

490 1856 576 1877 ΊἻἻ
604 1858 616 1875 \
727 1857 739 1875 \
782 1856 795 1871 '
854 1861 876 1871 ε’
955 1854 1002 1877 (κν
1212 1862 1225 1877 ο
1312 1864 1334 1874 υ
1370 1861 1394 1877 Λ
1544 1861 1557 1877 κ
1605 1867 1635 1877 Λ
1670 1866 1693 1877 υ
1905 1861 1948 1877 νυ
2017 1874 2029 1877 Α
2270 1872 2294 1877 ...
2467 1865 2503 1877 ις
2693 1866 2706 1877 ι
2813 1866 2863 1877 ι..
3144 1871 3183 1877 --
3285 1870 3311 1877 .-
3514 1863 3526 1877 \
3628 1861 3652 1877 υ
3801 1867 3813 1877 ι

479 1856 625 1910 ἀλλᾶ
655 1857 742 1910 καὶ
777 1856 903 1929 ὑμῖν
953 1854 1161 1912 δίκαιον
1202 1861 1454 1934 ἡγεῖσθαι
1504 1861 1566 1915 τὸ
1600 1866 1751 1915 Θεῖον
1784 1861 2117 1937 χαρίζεσθαι·

477 1945 567 1999 καὶ
601 1945 778 2020 ὥσπερ
825 1944 886 1999 τὸ
935 1944 1259 2023 ἀπεῤῥῖφοαι
1308 1950 1487 2003 κοινὸν
1536 1950 1599 2004 τὸ
1646 1957 1743 2019 τῆς
1796 1950 1965 2026 ὀργῆς
2004 1952 2115 2024 ἅμα

476 2034 687 2089 πίνουσι
734 2028 920 2103 κόνδυ,
956 2036 1099 2090 οὕτω
1151 2036 1243 2090 καὶ
1292 2038 1354 2091 τὸ
1395 2036 1843 2103 ἐπανακαλεῖσθαι
1886 2038 2112 2095 καθολι-

474 2122 567 2178 κὸν
616 2122 714 2191 τήν
768 2122 1068 2198 εὐεργεσίαν
1125 2119 1515 2197 λαμϐάνουσιν.
1575 2129 1836 2200 Ἔψονται
1895 2126 1941 2182 δ’
1988 2129 2112 2204 ὲερε-

478 2210 574 2281 ξῆς
605 2209 793 2283 ἄλλοι,
826 2211 915 2265 καὶ
947 2211 1088 2267 οὕτω
1136 2212 1298 2268 πάλιν
1330 2214 1390 2268 τὸ
1420 2216 1648 2269 κενωθὲν
1700 2213 2106 2291 ἀναπληρωθῆ-

485 2414 748 2473 liberatis
776 2434 845 2473 ex
876 2420 1116 2489 Egypto
1147 2416 1334 2488 ipsius
1363 2416 1632 2488 posteris,
1664 2418 1723 2472 hi
1748 2418 1979 2489 quidem
2006 2436 2119 2474 non

488 2513 841 2579 acceperunt
869 2509 929 2563 in
963 2510 1187 2563 deserto
1222 2508 1461 2575 mortui,
1497 2509 1596 2562 sed
1646 2524 1848 2563 eorum
1888 2508 2120 2563 ossibus

488 2612 760 2667 peregere
773 2594 989 2651 relictis
1004 2595 1290 2650 feliciores
1314 2594 1547 2650 illorum
1576 2594 1677 2649 filii
1703 2596 1992 2667 desponsa
2005 2614 2121 2652 non

488 2684 737 2755 singulis
769 2683 1076 2754 quibusvis
1107 2683 1417 2754 capitibus,
1450 2684 1550 2739 sed
1590 2686 1905 2739 universim
1940 2687 2121 2739 Israe-

488 2772 658 2827 liticae
688 2773 848 2843 genti
876 2771 1210 2827 haereditate
1232 2772 1499 2827 adeunda
1521 2772 1693 2827 fidem
1718 2772 2121 2828 vaticiniorum

491 2861 833 2927 liberarunt,
868 2861 1291 2931 splendideque
1322 2863 1797 2916 demonstrarunt
1830 2862 1983 2916 haud
2017 2879 2121 2916 ex-

489 2949 703 3005 cidisse
732 2966 798 3004 ac
828 2951 897 3003 ad
931 2954 1257 3003 extremum
1306 2965 1473 3004 cassa
1521 2954 1726 3005 eventu
1772 2950 2125 3004 remansisse

490 3042 776 3109 quas-Deus
798 3038 1163 3109 praedixerat.
1189 3038 1282 3093 Sic
1299 3037 1481 3107 justis
1504 3037 1801 3091 mensuris
1826 3038 2127 3109 aequisque

2229 1872 2328 1934 τῆς
2409 1865 2624 1927 πόλεως
2683 1866 3034 1939 ἀνθεξόμενον
3071 1910 3081 1922 .
3144 1870 3412 1938 ῙΙεριῆσαν
3470 1863 3569 1939 γὰρ
3626 1861 3703 1919 ἔτι
3763 1867 3864 1920 οὐκ

2227 1954 2385 2027 ὀΛίγα
2427 1954 2515 2008 καὶ
2568 1960 2673 2009 τῶν
2722 1954 3025 2029 τυχόντων,
3061 1954 3111 2008 ἐν
3147 1953 3290 2007 ὀκτὼ
3342 1952 3529 2024 μόνοις
3576 1954 3715 2023 πρὸς
3742 1960 3862 2017 τοῖς

2223 2044 2555 2112 πεντήκοντα
2584 2041 2720 2097 ἔτεσι
2776 2042 3150 2117 κατεχομένης
3204 2048 3306 2110 τῆς
3365 2040 3580 2102 πόλεως
3609 2045 3727 2104 τοῖς
3759 2041 3862 2116 ἐχ-

2223 2130 2394 2203 θροῖς.
2430 2131 2515 2186 Ἐν
2575 2133 2655 2192 οἷς
2712 2130 2801 2184 καὶ
2851 2130 3024 2185 πάντα
3062 2129 3119 2183 ἂν
3152 2135 3434 2203 περιῆσαν,
3491 2125 3600 2202 εἷ’γε
3629 2128 3851 2202 εἰρήνην

2222 2217 2372 2292 εἶχον
2430 2219 2567 2294 πρὸς
2623 2218 2858 2280 ἐκείνους
2909 2220 2961 2273 οἱ
3026 2217 3288 2293 βασιλεῖς·
3348 2215 3393 2271 εἰ
3450 2214 3549 2291 γὰρ
3602 2218 3675 2287 μὴ
3732 2222 3839 2271 τῶν

2231 2421 2405 2493 regiae
2427 2421 2766 2493 inclytisque
2797 2422 3163 2493 splendorem
3199 2420 3452 2476 civitatis
3483 2422 3861 2477 obscurorum

2229 2514 2287 2563 et
2316 2510 2441 2566 sine
2470 2510 2707 2566 nomine
2738 2510 3153 2583 oppidulorum
3187 2510 3477 2580 augustiis
3506 2515 3563 2565 et
3591 2510 3867 2565 sordibus

2231 2599 2520 2668 praeferre,
2553 2599 2698 2654 Nam
2728 2604 2923 2654 tamen
2958 2599 3076 2653 haec
3107 2597 3206 2652 ubi
3238 2614 3394 2652 nunc
3442 2614 3653 2653 sumus
3705 2614 3868 2669 sper-

2232 2688 2422 2741 nenda
2446 2691 2546 2741 aut
2581 2688 2813 2758 penitus
2838 2687 3225 2757 relinquenda
3245 2686 3554 2741 sunt.Nam
3579 2691 3645 2740 ut
3675 2687 3870 2742 media

2232 2778 2360 2827 tuta
2391 2774 2529 2837 sint,
2563 2775 2937 2845 circumjecta
2959 2780 3100 2830 sunt
3129 2775 3345 2829 tuenda
3373 2794 3386 2843 ;
3420 2789 3527 2829 nec
3559 2778 3747 2846 potest
3774 2790 3870 2829 se-

2232 2861 2455 2916 curitas
2504 2862 2665 2917 intus
2695 2878 2843 2931 esse,
2878 2862 2926 2917 si
2988 2862 3273 2917 exteriora
3333 2862 3390 2916 in
3440 2860 3700 2916 tumultu
3729 2864 3871 2916 sint.

2235 2950 2638 3004 Providebitur
2677 2955 2870 3006 autem
2926 2955 2989 3006 ut
3019 2950 3140 3005 haec
3169 2950 3228 3004 in
3270 2966 3406 3021 pace
3438 2951 3872 3016 contineantur,

2234 3041 2360 3091 tum
2395 3037 2731 3093 colonorum
2768 3039 2861 3093 hic
2911 3039 3241 3094 relictorum
3275 3043 3332 3093 et
3380 3056 3486 3093 sua
3533 3039 3874 3094 curantium

490 3127 847 3198 ponderibus
879 3126 1084 3224 divinae
1116 3142 1349 3195 semper
1387 3123 1805 3224 dispensentur
1842 3129 2123 3196 operatio-
2158 3156 2201 3224 Ο
2241 3126 2355 3180 fida
2386 3126 2672 3192 custodia,
2696 3132 2821 3181 tum
2853 3128 3162 3197 adjuvante
3191 3125 3727 3197 atqueinvigilante
3747 3143 3876 3224 pro:

490 3232 615 3270 nes.
648 3219 898 3285 Tempus
952 3214 1135 3283 igitur
1164 3228 1320 3266 nunc
1348 3217 1436 3267 est
1482 3212 1727 3282 jubente
1758 3214 1893 3281 Deo,
1920 3218 1983 3269 ut
2013 3232 2126 3270 non

495 3302 857 3358 umbraculis
888 3301 1163 3356 foliorum
1194 3305 1295 3355 aut
1320 3317 1617 3356 ramorum
1641 3302 1870 3373 attegiis
1902 3312 2128 3373 protec-

496 3392 540 3445 ti
574 3406 848 3460 pompam
881 3388 1182 3443 curali‘ous
1214 3388 1608 3443 tabernaculis
1632 3389 1835 3444 festam
1867 3392 2129 3447 traduca-

499 3495 632 3533 mus
654 3479 735 3549 (id
770 3482 894 3532 erat
923 3477 1131 3532 veteris
1152 3477 1279 3547 jam
1310 3476 1599 3547 antiquati
1633 3478 1855 3545 moris),
1878 3481 1979 3534 sed
2033 3497 2125 3535 or-

494 3564 1572 3637 natiDeigratiacelebremuslaetitiam
1606 3582 1780 3636 quam
1816 3568 1940 3638 ipse
1969 3569 2126 3635 fecit,

493 3659 670 3729 atque
699 3655 843 3709 adeo
866 3655 992 3724 jam
1022 3669 1177 3708 nunc
1210 3652 1600 3724 praemittatur
1624 3655 1680 3709 in
1700 3656 1899 3711 urbem
1914 3657 2124 3724 aliquis

492 3743 820 3813 principum
870 3745 1121 3796 metator
1166 3742 1472 3797 domorum
1522 3744 1830 3812 avitarum,
1873 3745 1929 3799 in
1977 3762 2125 3815 quas

491 3848 702 3886 sumus
756 3830 1090 3901 migraturi.
1144 3830 1211 3884 Et
1259 3829 1551 3900 siquidem
1603 3830 1734 3886 illas
1775 3832 1934 3901 ipsas
1982 3848 2125 3902 quas

490 3926 687 3989 patres
715 3918 1089 3974 incoluerunt
1117 3917 1480 3973 haereditario
1512 3920 1721 3989 cuique
1741 3920 1870 3989 jure
1900 3920 2127 3977 debitas

490 4008 731 4063 idoneas
760 4006 1061 4077 repererit,
1094 4007 1243 4061 bene
1290 4006 1567 4061 habebit:
1595 4007 1683 4061 sin
1740 4024 1897 4075 vero,
1949 4026 2123 4079 quas-

491 4112 726 4167 cunque
777 4100 942 4166 aptas
993 4095 1262 4161 inveniet,
1297 4099 1459 4165 paret
1490 4112 1591 4165 pro
1638 4101 1917 4165 tempore.
1958 4097 2126 4153 Decet

491 4183 650 4239 enim
675 4183 928 4239 nostiam
962 4182 1248 4253 singulari
1279 4182 1371 4237 Dei
1406 4183 1688 4237 beneficio
1722 4184 1957 4240 affectos
1988 4185 2126 4257 legi-

492 4273 671 4327 timas
702 4271 754 4326 ei
787 4272 842 4326 in
876 4270 1003 4341 ipsa
1032 4270 1135 4325 illa
1164 4286 1342 4340 quam
1393 4269 1799 4327 liberalissime
1838 4275 2125 4329 concessit

489 4358 760 4415 Ecclesia:
779 4364 836 4414 et
864 4357 1097 4429 imperii
1128 4355 1432 4427 metropoli
1453 4359 1671 4427 gratias
1686 4375 1877 4430 agere,
1902 4378 1967 4415 ac
1987 4378 2120 4417 cum

489 4465 579 4514 eo,
600 4452 663 4502 ut
692 4447 890 4501 divina
910 4445 1001 4500 lex
1023 4445 1214 4515 jubet,
1258 4444 1315 4499 in
1350 4452 1458 4501 sua
1489 4463 1782 4517 quemque
1834 4448 2122 4519 postlimi-

487 4536 585 4591 nio
632 4536 928 4590 reducere.
961 4538 1086 4588 Non
1148 4533 1301 4587 enim
1362 4534 1531 4589 nobis
1592 4534 1753 4601 solis,
1803 4537 1903 4590 sed
1962 4536 2123 4592 vobis

487 4625 661 4681 etiam
684 4628 741 4678 et
769 4627 1029 4677 vestrum
1063 4621 1279 4677 viritim
1312 4626 1368 4676 et
1397 4622 1647 4693 singulis
1676 4624 1991 4693 gratiﬁcari
2017 4626 2123 4681 hoc

494 4713 647 4767 miro
679 4718 887 4767 eventu
917 4709 1097 4765 Deum
1150 4709 1406 4765 voluisse
1458 4712 1784 4781 putandum
1817 4716 1925 4768 est.
1974 4714 2122 4777 Quin

491 4799 646 4854 sicut
677 4797 1066 4853 communiter
1096 4797 1165 4851 ad
1199 4798 1964 4870 omnesimperantesjuxta
1985 4802 2123 4857 sub-

492 4886 767 4957 ditosque
796 4885 1079 4956 pertinuit
1108 4885 1470 4956 expulsionis
1500 4903 1530 4941 e
1560 4888 1748 4957 patria
1797 4888 2120 4958 calamitas,

486 4979 660 5045 atque
720 4976 780 5028 in
840 4972 1019 5028 calice
1078 4972 1175 5027 ira;
1224 4973 1324 5028 Dei
1374 4991 1476 5044 per
1532 4991 1734 5031 omnes
1782 4978 2121 5033 circumlato

485 5069 714 5133 partem
763 5061 1011 5133 quisque
1041 5078 1207 5116 suam
1245 5078 1458 5117 amarae
1490 5064 1745 5133 potionis
1778 5065 2009 5133 hausit,
2044 5068 2127 5122 ita

484 5153 754 5209 convenit
784 5157 847 5207 ut
876 5168 1167 5207 conversae
1199 5150 1259 5205 in
1284 5151 1492 5207 melius
1522 5153 1697 5208 sortis
1720 5157 1774 5208 et
1801 5155 2121 5210 exuberan-

480 5240 559 5295 tis
606 5241 740 5295 inde
788 5240 996 5294 laetitiae
1040 5254 1214 5294 sensu
1249 5255 1450 5295 omnes
1490 5241 1935 5312 profundantur.
1982 5247 2122 5299 Post
2158 5230 2163 5233 i

487 5321 712 5391 primos
744 5320 844 5391 qui
882 5319 1019 5373 illuc
1050 5317 1511 5391 remigraverint,
1562 5326 1883 5391 sequentur
1915 5324 2117 5379 eodem

486 5426 594 5465 suo
630 5410 839 5466 deinde
870 5407 1072 5465 ordine
1102 5405 1331 5479 reliqui.
1368 5410 1434 5463 Et
1466 5409 1549 5464 sic
1581 5410 1790 5465 iterum
1836 5412 2120 5470 exhausta

485 5498 892 5569 replebuntur,
928 5510 1302 5566 unoquoque,
1344 5499 1493 5554 157
1558 5502 1755 5570 utpar
1785 5505 1894 5567 est,
1939 5518 2119 5572 praeo.

486 5592 721 5658 platuro
772 5585 829 5640 in
866 5585 1007 5640 urbe
1063 5600 1239 5655 quam
1297 5586 1357 5641 in
1389 5587 1729 5659 municipiis
1777 5590 2011 5661 degere,
2062 5596 2121 5647 et

2240 3217 2497 3273 videntia
2556 3218 3005 3288 magistratuum
3039 3233 3107 3271 ex
3138 3218 3279 3271 urbe
3307 3216 3870 3271 mittendorum.8ed

2237 3305 2359 3361 haec
2416 3323 2525 3361 suo
2582 3311 2843 3377 tempore
2873 3306 3180 3361 edicentur
3207 3309 3584 3376 agenturque,
3620 3308 3732 3359 Deo
3764 3321 3868 3374 pro

2234 3413 2343 3451 sua
2373 3395 2770 3451 misericordia
2800 3394 2970 3450 nobis
3002 3395 3274 3449 adfuturo
3302 3410 3315 3461 ;
3349 3409 3525 3459 nunc,
3587 3409 3712 3463 age,
3748 3391 3867 3447 illis

2236 3475 2453 3547 quibus
2484 3476 2553 3530 ad
2579 3478 2809 3531 tantum
2842 3473 3010 3529 nobis
3042 3473 3408 3544 largiendum
3430 3473 3649 3527 bonum
3668 3471 3869 3527 divina

2234 3565 2611 3621 beneﬁcentia
2643 3562 2928 3620 ministris
2960 3579 3068 3617 usa
3098 3567 3210 3628 est,
3240 3565 3431 3631 grates
3452 3561 3863 3632 rependamus,

2233 3669 2380 3724 quas
2411 3670 2513 3725 per
2537 3658 2593 3709 et
2622 3668 2854 3724 aequum
2887 3654 2975 3707 est
2996 3650 3069 3705 iis
3092 3649 3517 3719 referriquibus
3542 3649 3867 3704 secundum

2236 3744 2413 3797 Deum
2442 3743 2687 3798 debetur
2715 3759 2749 3797 a
2779 3737 2949 3794 nobis
2980 3738 3325 3810 plurimum.
3347 3756 3374 3788 ιι
3412 3738 3531 3792 Sub
3564 3737 3671 3793 hoc
3730 3752 3868 3792 con-

2231 3826 2425 3881 festim
2478 3826 2749 3897 praecepit
2798 3827 3087 3881 conscribi
3147 3826 3481 3882 authentico
3552 3825 3872 3897 diplomate

2232 3914 2462 3969 decreta
2497 3914 2818 3970 victoribus
2873 3914 3148 3986 praemia:
3182 3912 3355 3984 elegit
3381 3913 3554 3968 etiam
3586 3930 3615 3968 e
3659 3929 3868 3984 proce-

2232 4002 2395 4057 ribus
2426 4019 2573 4073 quos
2604 4004 2675 4058 ad
2709 4003 2912 4058 urbem
2964 4002 3176 4058 missos
3218 4000 3299 4056 ibi
3349 4017 3597 4074 praeesse
3637 4002 3873 4072 juberet

2230 4091 2625 4147 distributioni
2659 4093 2938 4147 domuum
2960 4095 3016 4146 et
3036 4096 3417 4158 terrarum,et
3434 4090 3482 4147 si
3500 4106 3615 4162 qua
3636 4088 3871 4146 residua

2232 4197 2262 4236 e
2294 4182 2463 4237 bonis
2493 4180 2714 4237 caeteris
2744 4185 2928 4248 erant,
2954 4180 3304 4253 optimatum
3338 4183 3547 4253 cuique
3595 4179 3869 4234 facienda:

2230 4286 2426 4326 rerum
2478 4271 2549 4325 ad
2610 4270 2769 4341 ipsos
2821 4286 2889 4325 ex
2938 4274 3178 4340 paterna
3223 4269 3443 4325 avitave
3496 4267 3867 4324 successione

2233 4359 2742 4429 hmreditariojure
2774 4357 3209 4428 pertinentium.
3244 4357 3640 4430 Optimatibus
3668 4360 3866 4412 autem

2230 4464 2387 4503 nunc
2436 4448 2672 4519 quidem
2723 4446 2864 4503 solis
2922 4448 2981 4501 in
3012 4464 3077 4503 eo
3130 4463 3342 4519 genere
3388 4444 3856 4518 providitzplebi

2154 4511 2199 4575 D
2231 4511 2473 4608 pariter‘
2504 4535 2807 4591 consulere
2854 4535 3105 4602 distulit,
3131 4511 3212 4590 vin
3275 4511 3470 4591 animo
3520 4511 3744 4590 haben-8
3806 4534 3865 4587 id

2230 4639 2475 4694 prorsus
2505 4624 2788 4691 omittere,
2824 4622 2985 4678 nullo
3016 4640 3078 4679 se
3109 4625 3179 4679 ad
3235 4624 3291 4678 id
3327 4623 3578 4695 astringi
3618 4619 3869 4695 justitiaa

2228 4711 2419 4767 ofﬁcio
2451 4712 2814 4783 existimans,
2849 4713 3002 4783 quod
3034 4713 3235 4769 urbem
3269 4713 3322 4768 vi
3354 4717 3409 4768 et
3457 4712 3637 4768 armis
3677 4726 3870 4780 recep-

2228 4802 2347 4855 tam
2368 4817 2435 4856 ex
2448 4801 2768 4872 hoste,jure
2794 4799 2929 4856 belli
2953 4807 3215 4872 spectare
3246 4801 3303 4855 in
3327 4800 3579 4857 solidum
3613 4799 3682 4854 ad
3710 4797 3867 4870 prin-

2229 4888 2417 4960 cipem
2477 4890 2625 4945 etin
2677 4890 2933 4961 praedam
2966 4906 3031 4944 ac
3077 4890 3332 4945 fructum
3374 4889 3625 4945 victoriae
3664 4888 3870 4943 cedere

2227 4994 2459 5048 aequum
2493 4994 2620 5034 esse
2650 4979 2926 5045 duceret;
2964 4994 3079 5049 quo
3111 4979 3348 5033 nomine
3373 4981 3655 5049 quaestum
3709 4975 3865 5030 haud

2229 5066 2525 5122 modicum
2586 5067 2740 5121 fecit.
2792 5070 3148 5137 Supererant
3205 5067 3361 5122 enim
3395 5067 3584 5121 adhuc
3614 5080 3644 5121 e
3693 5062 3869 5119 bonis

2227 5154 2582 5225 privatorum
2611 5159 2667 5210 et
2691 5154 2997 5210 hominum
3021 5170 3051 5210 e
3072 5155 3240 5225 vulgo
3262 5172 3294 5210 a
3325 5154 3581 5210 dominis
3607 5151 3870 5222 antiquis

2229 5243 2613 5313 agnoscibilia
2644 5260 2756 5298 non
2790 5247 3077 5315 pauca,ut
3105 5243 3163 5299 in
3197 5244 3431 5299 civitate
3462 5247 3591 5299 octo
3613 5245 3670 5296 et
3699 5239 3871 5312 quin.

2228 5330 2512 5402 quaginta
2542 5330 2729 5386 solum
2766 5330 2937 5386 annis
2970 5331 3041 5385 ab
3069 5332 3341 5388 hostibus
3371 5332 3623 5387 detenta.
3655 5330 3717 5383 In
3749 5343 3869 5398 qua

2225 5418 2397 5489 plura
2442 5419 2618 5474 etiam
2678 5424 2852 5491 atque
2901 5419 3044 5474 adeo
3097 5425 3308 5476 cuncta
3368 5418 3648 5476 servanda
3699 5418 3757 5471 et
3804 5414 3867 5470 in

2229 5507 2418 5578 primo
2448 5513 2601 5563 statu
2636 5508 2815 5563 fuisse
2862 5507 3252 5580 relinquenda
3306 5506 3620 5564 verisimile
3666 5507 3775 5572 est,
3817 5503 3870 5559 si

2231 5595 2524 5668 principes
2577 5596 2677 5669 qui
2719 5600 2851 5668 post
2912 5595 3115 5652 urbem
3148 5614 3183 5653 a
3223 5596 3445 5653 Latinis
3475 5599 3704 5666 captam
3751 5595 3865 5647 Ro-
