4158 6280
1428 361 1517 411 DE
1556 360 1927 415 MICHAELE
1965 364 2407 419 PALEOLOGO
2445 366 2576 418 LlB.
2618 369 2687 418 Il.

3647 359 3752 414 598

379 479 678 552 πιτηδείων
708 481 769 536 έκ
800 485 908 536 τῶν
942 484 1156 554 συχνῶν
1202 484 1396 553 μαχῶν
1456 480 1506 534 ἐν
1559 480 1743 535 σπάνει
1790 480 1997 556 έγένον-
2032 487 2085 552 Α
2114 486 2362 554 καθιστᾷν
2414 485 2477 539 τὸ
2533 482 2765 553 πλῆθος,
2797 483 3090 557 Ῥωμαίοις
3153 486 3247 556 μὲν
3298 482 3588 554 πιστεύων,
3618 485 3752 540 Ἰτα-

350 590 436 638 το,
480 569 580 623 οὐκ
610 566 668 622 ἃν
702 568 792 623 καὶ
823 573 930 622 τῶν
984 572 1305 638 θαυμαστῶν
1355 571 1496 621 ναῶν
1550 567 1811 635 ἥπτοντο.
1848 568 1999 636 Πλήν

351 660 421 710 τὰ
461 658 578 727 ξένα
633 655 980 731 κατέχοντες,
1031 654 1119 709 καὶ
1177 655 1284 709 αίέν
1345 654 1398 709 ἐν
1458 653 1636 727 δειλίᾳ
1692 653 1838 718 ὄντες
1905 656 2001 712 τοῦ

356 744 657 814 ἐξωσθῆναι
687 749 796 798 τῶν
843 745 918 815 μὴ
954 744 1098 821 σφίσι
1148 745 1557 819 προσηκόντων,
1591 740 1849 799 ἔσπευδον
1902 744 2001 800 ἄλ-

358 833 456 894 λος
486 832 628 888 αλλο
658 855 709 887 τι
743 832 818 893 εἰς
846 837 1036 906 χεῖρας
1064 836 1127 886 τὸ
1160 829 1450 908 ἀλλότριον
1485 831 1627 906 ἔχων
1673 834 1911 904 ὑποσπᾷν
1944 855 2003 887 τε

352 922 444 975 καὶ
500 921 882 987 ὑποκλέπτειν,
915 922 990 982 ὡς
1039 921 1127 974 ἐπὶ
1170 920 1314 976 πολὺ
1359 924 1434 992 μὴ
1485 918 1639 991 ἕξων.
1672 923 1728 974 Ὁ
1782 923 1873 993 μὲν
1909 921 1999 976 οῦν

359 1010 616 1085 βασιλεὺς
640 1013 787 1065 ταῦτ’
818 1010 985 1065 ιῗπών
1015 1032 1075 1065 τε
1104 1012 1192 1065 καὶ
1222 1012 1424 1084 πράξας
1475 1009 1563 1065 διὰ
1607 1013 1820 1087 ταχέων
1872 1011 2000 1066 ἀπέ-

356 1099 554 1154 στελλε
607 1100 745 1174 πρὸς
798 1102 888 1153 τὸν
951 1100 1206 1172 Καίσαρα,
1241 1097 1357 1153 οὔθ’
1400 1098 1535 1171 ἅπαξ
1578 1097 1669 1154 ἕνα
1708 1098 1833 1155 οὔτε
1876 1100 2003 1164 τοὺς

356 1190 562 1249 πάντας
591 1190 722 1260 ἅμα,
747 1186 894 1243 ἀλλά
924 1188 1157 1262 συχνοὺς
1185 1190 1299 1242 καθ’
1330 1188 1537 1262 ἡμέραν
1562 1187 1763 1250 ἄλλους
1796 1190 1877 1243 ἐπ’
1908 1188 2003 1243 ἄλ-

357 1274 505 1344 λοις,
539 1278 649 1347 ἅμα
684 1277 780 1348 μὲν
810 1275 1131 1338 πλειστάκις
1159 1278 1294 1349 πρὸς
1326 1276 1532 1332 ἐκείνου
1574 1283 1747 1347 ζητῶν
1804 1278 2001 1349 μανθά-

347 1386 464 1419 νειν
512 1366 636 1435 περὶ
694 1364 952 1430 ἑκάστων,
986 1366 1099 1437 ἅμα
1132 1363 1177 1419 δ’
1208 1364 1499 1420 ἐπιτάττων
1549 1366 1639 1419 καὶ
1686 1366 1998 1429 καθιστάναι

349 1452 530 1521 τάκεῖ,
562 1452 636 1515 ὡς
670 1454 784 1524 μετ’
818 1454 881 1507 οὐ
915 1452 1059 1507 πολὺ
1090 1452 1337 1515 κάκεῖνος
1364 1453 1456 1507 σὺν
1511 1460 1628 1517 τοῖς
1676 1455 1809 1532 ἀμφ’
1840 1456 1998 1508 ατύὸν

346 1537 715 1611 ἐπιδημήσων
753 1558 766 1572 °
802 1541 1201 1615 εὐτρεπίζεσθαι
1256 1543 1358 1615 γὰρ
1408 1544 1498 1596 καὶ
1544 1543 1612 1597 τὰ
1654 1547 1761 1597 τῶν
1810 1542 1997 1598 παλα-

340 1630 485 1683 τίων
541 1630 917 1702 προσέταττεν.
968 1631 1036 1686 Οἱ
1094 1627 1152 1684 δέ
1207 1651 1271 1703 γε
1331 1636 1636 1704 μεγιστᾶνες
1704 1631 1795 1685 καὶ
1846 1630 1993 1685 αὐτοὶ

343 1714 594 1772 καθ’ἓνα
640 1718 731 1772 τὸν
787 1718 987 1772 οἰκεῖον
1048 1716 1380 1773 ἀπέστελλον
1441 1720 1513 1779 ὡς
1572 1719 1894 1789 αἰτήσοντάς
1940 1740 1997 1772 τε

344 1806 439 1860 καὶ
477 1803 827 1877 ληψομένους
860 1806 955 1867 τὰς
987 1805 1159 1868 οἰκίας
1194 1826 1207 1839 ο
1248 1804 1389 1879 μηδὲ
1437 1809 1538 1880 γὰρ
1587 1808 1676 1861 καὶ
1727 1806 1875 1868 αὖθις
1924 1808 1999 1861 εἶ-

342 1914 437 1948 ναι
498 1890 780 1968 βραδύνειν
853 1893 1119 1968 βασιλέως
1190 1896 1526 1963 κινηθέντος.
1588 1896 1814 1951 Ἐκεῖνοι
1906 1897 1999 1968 μὲν

347 1980 442 2036 οῦν
504 1980 839 2050 ἐπιστάντες,
898 1982 1079 2046 καθὼς
1126 1979 1348 2044 ἕκαστος
1409 1985 1547 2057 εἶχε,
1593 1988 1711 2046 τοῖς
1766 2004 1996 2057 προστε-

347 2071 644 2143 ταγμένοις
696 2073 777 2143 [Ρ.
837 2073 954 2144 102]
1004 2078 1321 2147 προσεῖχον.
1352 2074 1412 2129 Ὀ
1442 2072 1650 2147 Καῖσάρ
1698 2093 1755 2127 τε
1786 2070 1997 2145 διένεμε

346 2158 476 2219 τοὺς
523 2156 710 2220 οἴκους
755 2164 871 2221 τοῖς
917 2180 975 2214 τε
1012 2159 1326 2233 προσώποις
1357 2161 1445 2215 καὶ
1475 2166 1595 2223 ταῖς
1621 2160 1794 2232 ἀξίαις
1825 2182 1996 2235 προσ-

343 2246 619 2315 ηκόντως.
652 2248 812 2318 ’Ἀμα
868 2244 926 2302 δὲ
983 2247 1074 2302 καὶ
1132 2246 1223 2302 διὰ
1278 2245 1517 2317 σπουδῆς
1563 2253 1824 2323 συνεχοῦς
1856 2249 1991 2323 εἶχε,

347 2333 485 2409 μηδ’
515 2334 766 2390 ἀναπνεῖν
826 2334 1066 2409 ἐώμενος
1118 2342 1236 2398 ταῖς
1291 2336 1589 2414 φροντίσιν,
1637 2339 1845 2413 ἡμέρας
1898 2338 1989 2410 μὲν

348 2553 543 2592 mante
582 2535 663 2591 rei
712 2534 1084 2606 praefuerunt,
1122 2550 1261 2605 pace
1294 2551 1427 2591 eum
1459 2537 1611 2593 I58
1641 2535 1787 2607 ipsis
1818 2536 1987 2604 facta,

349 2624 585 2693 quietos
633 2623 766 2677 illos
799 2637 866 2677 ac
908 2638 1143 2677 securos
1175 2623 1569 2694 reliquissent.
1602 2624 1745 2678 Nam
1780 2624 1894 2678 nisi
1924 2640 1991 2677 ex

351 2711 578 2764 crebris
607 2710 772 2764 bellis
804 2709 1049 2779 penuria
1089 2710 1772 2781 urgeret,continuissent
1792 2711 1992 2781 utique

362 2814 395 2851 a
414 2796 647 2866 templis
662 2798 1050 2853 sanctissimis
1073 2815 1311 2869 rapaces
1336 2814 1468 2854 man
1480 2799 1787 2854 us.Verum
1812 2799 1991 2853 exteri

362 2890 621 2953 raptores
652 2902 873 2957 magnas
905 2903 1010 2942 nec
1038 2903 1143 2958 spe
1174 2904 1377 2943 secura
1408 2904 1692 2959 possessas
1714 2888 1993 2942 incuban-

364 2976 456 3026 tes
490 2974 920 3045 predamtique
943 2975 1178 3031 assidue
1212 2976 1783 3032 circumsonantibus
1814 2977 1992 3031 minis

356 3060 798 3133 insultibusque
830 3064 1206 3132 repetentium
1227 3069 1282 3119 et
1304 3080 1371 3119 ex
1400 3066 1542 3120 urbe
1579 3067 1739 3136 ipsos
1785 3064 1992 3135 pellere

348 3150 715 3217 conantium,
739 3153 998 3205 fecerunt
1027 3153 1180 3221 quod
1209 3151 1398 3207 solent
1418 3154 1516 3223 qui
1549 3168 1741 3208 rerum
1772 3153 1991 3207 aliena-

353 3254 490 3292 rum
522 3239 753 3294 brevem
786 3240 957 3295 modo
987 3240 1383 3312 furtivamque
1426 3242 1578 3297 nacti
1628 3257 1867 3296 usuram
1917 3241 1990 3296 iis

347 3343 473 3383 non
533 3331 601 3381 ut
630 3327 757 3382 suis
786 3344 852 3382 ac
881 3328 1131 3398 propriis
1158 3335 1425 3399 parcunt,
1456 3330 1557 3385 sed
1590 3345 1720 3383 mox
1751 3329 1861 3384 sibi
1892 3344 1989 3382 ex-

342 3416 715 3485 torquendae
744 3416 1033 3483 arbitrati,
1066 3417 1302 3471 interim
1357 3419 1497 3471 dum
1549 3419 1680 3473 licet
1722 3418 1795 3472 iis
1844 3417 1988 3471 abu-

344 3510 562 3559 tuntur
588 3504 768 3560 veluti
801 3521 932 3560 mox
965 3506 1301 3561 auferendis
1329 3512 1387 3561 et
1434 3506 1755 3576 profuturis
1810 3505 1986 3571 hosti,

338 3593 509 3663 quod
573 3598 912 3663 praevertere
968 3594 1365 3650 subtrahendo
1414 3612 1479 3650 ac
1510 3613 1611 3666 pro
1644 3613 1705 3650 se
1737 3596 1988 3665 quisque

333 3680 690 3750 deripiendo
722 3682 979 3750 prudens
1011 3681 1320 3736 consilium
1355 3684 1660 3753 putabant.
1689 3684 1791 3738 His
1816 3682 1987 3737 dictis

333 3772 409 3823 et
458 3768 606 3823 actis
648 3768 967 3839 imperator
993 3771 1155 3825 misnt
1183 3772 1251 3824 ad
1281 3771 1562 3826 Caesarem
1597 3787 1774 3841 quam
1806 3770 1986 3825 celer-

328 3857 497 3913 rime
530 3874 643 3912 non
679 3874 862 3913 unum
893 3858 1074 3913 semel
1107 3864 1209 3913 aut
1234 3874 1437 3913 omnes
1472 3876 1606 3928 una,
1639 3860 1740 3914 sed
1774 3858 1987 3913 inultos

322 3944 608 4017 quotidie
653 3946 822 4011 alios,
870 3963 1047 4017 super
1077 3946 1243 4013 alios,
1270 3947 1447 4001 simul
1480 3952 1544 4001 ut
1582 3964 1757 4017 quam
1787 3947 1972 4018 saepis-

320 4032 512 4094 sime,
546 4032 766 4087 mutuis
796 4033 1081 4102 expeditis
1112 4036 1183 4089 ab
1214 4051 1280 4089 eo
1313 4035 1559 4104 nuntiis,
1586 4036 1800 4089 certior
1821 4036 1983 4091 ﬁeret

327 4121 417 4176 de
450 4118 704 4190 singulis
735 4137 859 4190 quae
898 4122 977 4176 ibi
1009 4128 1176 4177 erant
1206 4128 1307 4177 aut
1346 4125 1601 4191 ﬁebant;
1649 4123 1821 4179 simul
1874 4125 1982 4179 ista

326 4208 756 4266 mandatorum
790 4211 1119 4281 frequentia
1139 4213 1436 4268 efﬁcacius
1454 4214 1779 4284 urgendum
1804 4213 1985 4268 Ctesa-

327 4314 469 4354 rem
502 4302 664 4352 ratus
692 4298 765 4353 ad
797 4301 1175 4370 praeparanda
1203 4300 1260 4355 in
1322 4303 1484 4367 urbe,
1526 4303 1677 4372 quod
1730 4302 1981 4356 maxime

328 4385 596 4451 volebat,
657 4392 866 4443 cuncta
922 4387 1195 4458 proxima:
1254 4406 1372 4445 SINE
1421 4391 1613 4445 isthuc
1646 4390 1978 4461 migrationi

332 4490 486 4529 cum
515 4472 735 4528 familia
768 4478 827 4529 et
856 4476 1138 4532 comitatu
1162 4477 1554 4548 imperatorio.
1588 4478 1977 4545 Quamobrem

2112 571 2242 634 λοὺς
2278 570 2325 626 δ’
2356 573 2692 628 ὑποπτεύων.
2726 574 2825 628 Ἦν
2860 573 2963 647 γὰρ
3007 572 3467 647 ένσεσωρευμένον
3516 570 3750 643 πλῆθος,

2111 659 2399 735 ξύγκλυδες
2451 658 2637 722 ἄλλως
2691 660 2779 715 καὶ
2824 661 3099 732 ἀπόλεμοι
3154 658 3360 735 ἄνδρες,
3388 666 3505 722 ταῖς
3563 661 3753 734 χειρὸς

2111 747 2379 822 ἐργασίαις
2437 749 2797 823 προσέχοντες
2849 770 2861 783 ’
2923 751 3075 822 ὅμως
3134 747 3190 803 δὲ
3244 750 3335 804 καὶ
3386 751 3483 817 τήν
3541 748 3749 802 τούτων

2110 839 2287 912 ὁρμῆν
2351 838 2425 899 ὡς
2475 836 2884 909 ἐπιθησομένων
2940 839 3002 891 τὸ
3052 837 3203 912 [γὰρ]
3232 842 3328 891 τοῦ
3361 836 3549 912 γένους
3579 834 3753 891 ἀλλό-

2108 945 2279 997 τριον,
2307 925 2369 979 τό
2425 928 2471 979 τ’
2503 924 2554 995 ἐξ
2614 927 2856 1000 ὑπογυου
2903 934 3258 1001 γυμνωθῆναι
3296 930 3401 979 τῶν
3436 922 3628 995 ὄντων,
3660 924 3749 979 καὶ

2110 1014 2243 1087 πρὸς
2270 1014 2332 1067 τὸ
2361 1013 2695 1087 νεωτερίσειν
2727 1014 2963 1086 ἑτοίμως
2990 1013 3047 1068 ἂν
3080 1012 3225 1088 ἔχειν
3274 1014 3347 1075 ὡς
3400 1012 3461 1067 οὐ
3519 1011 3748 1067 πολλῶν

2108 1106 2213 1155 τῶν
2272 1097 2737 1173 ἀντιστησομένων
2796 1097 2989 1169 ὄντων,
3048 1103 3159 1173 ἅμα
3201 1099 3257 1155 δὲ
3314 1101 3403 1155 καὶ
3465 1102 3538 1173 μὴ
3589 1100 3751 1173 ἀτρε-

2114 1190 2357 1262 μούντων
2392 1188 2490 1259 ἔτι,
2524 1187 2698 1253 ἔπειθε
2727 1188 2974 1245 δεδιέναι.
3004 1191 3161 1243 Ταῦτ’
3191 1189 3244 1243 ἐν
3274 1188 3351 1260 νῷ
3404 1187 3748 1264 βαλλόμενος

2109 1279 2322 1351 ἡμέρας
2373 1280 2465 1349 μὲν
2517 1276 2605 1332 ’διᾶ
2658 1278 2891 1349 μελέτης
2942 1280 3057 1352 εἶχε
3102 1275 3483 1332 καταστέλλειν
3515 1278 3576 1331 τὸ
3607 1276 3751 1345 πλῆ-

2111 1378 2225 1436 θος,
2264 1362 2431 1442 φόϐον
2466 1367 2953 1438 έμποιῶν,νυκτὸς
3005 1365 3062 1421 δὲ
3111 1363 3405 1420 διατάττων
3453 1364 3581 1427 τοὺς
3631 1361 3747 1419 δια-

2107 1454 2425 1529 τρέχοντας,
2448 1454 2535 1509 καὶ
2595 1457 2972 1528 νυκτεπάρχου
3028 1454 3230 1529 τρόπον
3279 1454 3469 1528 ἀγυιὰν
3522 1452 3749 1522 έκάστην

2107 1548 2505 1617 προσερευνῶν,
2571 1545 2645 1615 μή
2704 1543 2867 1606 κακὸς
2925 1540 3024 1613 ἔξω
3100 1536 3357 1614 πλανῷτο
3391 1561 3404 1575 ⁸
3465 1544 3747 1615 πανταχοῦ

2107 1631 2207 1705 γὰρ
2239 1630 2526 1686 έκέκλαστο
2557 1632 2646 1685 καὶ
2676 1632 2739 1685 τὸ
2768 1636 2976 1705 τεῖχος,
3011 1630 3055 1702 ᾦ
3107 1628 3171 1699 δὴ
3220 1635 3445 1685 τοιαῦτα
3491 1630 3747 1704 πράττειν

2108 1720 2173 1786 ἦν
2238 1717 2581 1793 βουλομένῳ.
2619 1718 2794 1776 Ἀλλὰ
2848 1720 2964 1773 καθ’
3022 1720 3230 1792 ἡμέραν
3286 1716 3745 1792 ἐπισωρευόμενοι

2029 1846 2075 1909 Β
2108 1805 2332 1871 πλείους
2387 1804 2580 1909 ἔξὲυθεν
2629 1806 2965 1883 ξυνδιέφερον
3016 1807 3107 1879 μὶν
3149 1806 3247 1909 τὰς
3290 1802 3578 1881 φροντίδας
3612 1804 3746 1860 έκεί-

2108 1918 2206 1967 νῳ,
2238 1895 2289 1951 έν
2322 1892 2524 1971 ἀφοϐίᾳ
2555 1894 2611 1951 δὲ
2639 1897 2765 1958 τοὺς
2795 1897 3096 1969 ἡμετέρους
3125 1894 3408 1951 καθίστων.

2106 2000 2208 2056 λα’.
2239 2004 2426 2065 ’Όπως
2456 2003 2482 2056 ὁ
2518 1999 2771 2077 βασιλεὺς
2796 1999 3005 2077 εἷ’σησιν
3040 2000 3116 2077 sic
3143 2002 3244 2068 τήν
3275 1999 3437 2054 πόλιν
3474 2000 3609 2072 μετὰ
3637 2003 3743 2055 τῶν

2597 2074 2721 2147 περὶ
2752 2072 2909 2127 αὐτὸν
2942 2071 3248 2146 ἀρχόντων.

2178 2164 2255 2233 [Ρ.
2293 2164 2416 2235 103]
2447 2163 2506 2219 Ὁ
2557 2159 2614 2216 δὲ
2666 2160 2918 2237 βασιλεὺς
2964 2161 3354 2232 συνταξάμενος
3400 2159 3524 2213 ὅσον
3572 2161 3637 2227 ἦν
3682 2160 3745 2214 τὸ

2103 2250 2226 2325 περὶ
2285 2251 2470 2319 αὐτὸν,
2502 2248 2644 2324 ἔχων
2713 2251 2825 2321 μεθ’
2868 2251 3057 2304 ἑαυτοῦ
3114 2248 3203 2302 καὶ
3251 2250 3350 2315 τὴν
3404 2247 3745 2321 Αὐγούσταν,

2103 2333 2179 2392 ἔτι
2232 2336 2289 2393 δὲ
2334 2337 2425 2393 καὶ
2452 2340 2514 2393 τὸ
2540 2335 2791 2412 νεογιλὸν
2827 2334 3033 2401 θάλλος
3064 2337 3155 2391 τὸν
3196 2334 3247 2405 ἐξ
3286 2334 3490 2391 ἐκείνου
3521 2332 3745 2410 Ἀνδρό-

2099 2536 2309 2607 gendo,
2360 2536 2446 2590 uti
2494 2540 2551 2591 et
2580 2535 2802 2590 caeteris
2851 2534 3026 2590 simul
3060 2534 3190 2604 ejus
3220 2531 3329 2588 loci
3362 2548 3427 2587 ac
3449 2533 3730 2603 temporis

2099 2624 2283 2689 curis,
2343 2625 2424 2679 ita
2480 2624 2880 2695 occupabatur
2923 2623 3075 2677 159
3136 2626 3199 2677 ut
3256 2621 3583 2692 respirandi
3633 2620 3729 2675 vix

2098 2711 2354 2781 spatium
2387 2713 2642 2779 haberet,
2678 2729 2779 2782 per
2809 2712 2933 2766 dies
2974 2711 3212 2781 quidem
3246 2711 3505 2764 intentus
3537 2709 3725 2764 conti-

2100 2800 2301 2854 nendas
2334 2800 2697 2855 multitudini
2734 2801 3003 2865 urbanas;
3037 2814 3163 2868 quae
3209 2814 3340 2852 cum
3372 2814 3403 2852 e
3452 2798 3731 2852 Romanis

2099 2887 2377 2957 ltalisque
2425 2892 2735 2954 constaret,
2784 2887 2904 2962 illis
2937 2886 3170 2951 fidebat,
3198 2885 3304 2940 hos
3337 2889 3404 2939 ut
3432 2889 3736 2956 suspectos

2100 2976 2460 3031 observabat.
2493 2977 2629 3031 Erat
2660 2981 2852 3031 autem
2888 2990 3094 3045 magna
3124 2974 3208 3028 vis
3241 2974 3509 3028 confertas
3542 2972 3735 3043 plebis

2098 3064 2389 3119 collectitii
2420 3064 2670 3134 generis,
2702 3063 2910 3132 vulgus
2948 3062 3293 3132 plerumque
3326 3060 3582 3126 imbelle,
3629 3076 3735 3130 pa-

2101 3153 2283 3207 rando
2299 3169 2473 3206 manu
2494 3152 2674 3207 victui
2698 3151 2874 3207 variis
2889 3150 3149 3205 artiﬁciis
3173 3148 3731 3205 attendens.Tamen

2100 3245 2156 3294 et
2186 3241 2256 3293 ab
2290 3240 2383 3295 bis
2413 3241 2669 3307 cavebat,
2705 3244 2905 3310 utpote
2936 3238 3036 3309 qui
3068 3238 3118 3292 si
3154 3236 3372 3292 eﬂ‘erati
3401 3237 3518 3291 vim
3555 3252 3726 3306 para-

2096 3334 2224 3383 rent
2273 3329 2415 3400 (quo
2477 3329 2849 3383 traherentur
2903 3328 3082 3382 exteri
3113 3328 3181 3381 de
3211 3330 3367 3381 statu
3397 3324 3624 3389 incerti,
3659 3341 3731 3379 ne

2097 3433 2229 3471 mox
2281 3418 2673 3485 spoliarentur
2726 3422 3078 3481 metuentes,
3134 3430 3382 3485 pronum
3427 3414 3592 3482 erat),
3641 3412 3726 3466 vel

2093 3506 2219 3573 ipso
2251 3521 2492 3559 numero
2524 3504 2921 3560 formidabiles
2950 3511 3135 3565 erant,
3185 3519 3318 3557 cum
3369 3502 3580 3556 armati
3612 3517 3726 3554 non

2094 3598 2184 3647 sat
2216 3592 2385 3646 multi
2416 3593 2485 3647 ad
2515 3610 2757 3647 manum
2789 3596 2989 3647 essent
3020 3592 3121 3661 qui
3151 3590 3236 3644 eis
3267 3594 3728 3660 opponerentur;

2093 3696 2272 3751 quare
2322 3684 2619 3749 utcunque
2677 3681 3038 3748 acquiescere
3088 3678 3362 3749 praesenti
3398 3677 3539 3732 sorti
3570 3676 3728 3731 vide-

2090 3770 2327 3831 bantur,
2360 3785 2477 3822 non
2508 3772 2706 3821 tamen
2734 3768 2803 3821 de
2833 3768 2904 3821 iis
2928 3782 3171 3822 securus
3220 3765 3411 3820 Caesar
3440 3769 3583 3829 erat,
3620 3766 3720 3817 sed

2090 3866 2327 3914 eventus
2373 3857 2627 3911 incertos
2677 3861 2976 3925 reputans,
3033 3871 3135 3925 per
3184 3854 3336 3907 diem
3369 3853 3608 3922 quidem
3640 3854 3729 3922 (ut

2093 3947 2282 4000 dicere
2310 3945 2475 4015 cmpi)
2500 3944 2765 4000 sedulam
2802 3944 2978 3997 dabat
3022 3958 3257 4011 operam
3291 3940 3735 4012 compescendis

2093 4034 2283 4089 turbis
2311 4039 2369 4088 et
2395 4034 2633 4088 coitioni
2664 4031 3065 4087 disturbandas
3096 4029 3487 4100 plurimorum
3523 4045 3537 4094 ;
3572 4029 3725 4099 quod

2092 4123 2510 4192 assequebatur
2523 4121 2742 4192 plateas
2756 4120 2957 4174 obiens
2979 4134 3112 4172 cum
3136 4117 3344 4173 idoneo
3367 4121 3727 4171 armatorum

2088 4212 2388 4274 comitatu,
2447 4227 2514 4265 ac
2570 4207 3032 4265 circumferenda
3090 4222 3192 4273 per
3224 4206 3426 4260 urbem
3474 4204 3730 4259 terriﬁca

2086 4300 2174 4354 sui
2233 4299 2445 4369 specie,
2481 4303 2704 4353 metum
2765 4296 2966 4351 utilem
3000 4294 3328 4348 incutiens:
3363 4307 3466 4361 per
3497 4295 3725 4345 noctem

2086 4402 2292 4443 rursus
2335 4386 2575 4458 vigilum
2607 4388 2874 4440 cohortes
2904 4398 3140 4439 cursare
3172 4397 3274 4452 per
3303 4381 3456 4434 vicos
3487 4394 3711 4433 omnes.

2086 4475 2209 4529 fora
2238 4480 2294 4529 et
2343 4474 2688 4545 angiportus
2744 4472 2905 4527 obire
2936 4472 3177 4525 cunctos
3214 4468 3457 4537 jubens,
3492 4471 3720 4520 scruta-

326 4560 719 4634 peculiariter
791 4563 1221 4635 praescripserat
1286 4567 1521 4638 purgari
1591 4567 1980 4637 adornarique
2010 4555 2055 4618 Ι)
2088 4565 2256 4634 rique
2297 4562 2609 4633 diligenter
2655 4576 2794 4615 num
2831 4559 2961 4629 quis
2990 4557 3221 4628 uspiam
3252 4556 3423 4609 domo
3449 4570 3723 4624 egressus

326 4648 563 4721 palatia
588 4649 647 4703 in
680 4650 895 4720 quibus
926 4657 1147 4708 veteres
1178 4653 1562 4725 imperatores
1593 4654 1978 4711 habitassent.

331 4736 675 4807 Optimates
728 4739 944 4808 pariter
994 4757 1094 4811 pro
1126 4757 1187 4797 se
1210 4742 1462 4813 quisque
1492 4743 1841 4799 familiarem
1873 4743 1980 4799 ali-

340 4841 527 4896 quem
580 4825 890 4882 mittebant
939 4830 1175 4901 propria
1219 4830 1299 4884 ibi
1332 4831 1622 4902 cujusque
1653 4837 1982 4899 curaturos,

337 4914 598 4986 petendo
625 4914 851 4970 scilicet
881 4917 1329 4988 recipiendoque
1351 4918 1531 4973 avitas
1549 4920 1811 4990 ipsorum
1833 4923 1985 4976 aedes

338 5006 399 5058 et
428 5001 501 5056 ad
537 5002 864 5072 proximam
892 5004 1319 5062 habitationem
1372 5007 1738 5074 instruendo,
1792 5011 1985 5080 provi-

342 5091 553 5145 dentes
588 5089 746 5146 haud
778 5092 888 5147 sibi
917 5094 1001 5149 fas
1043 5096 1163 5150 fore
1201 5096 1465 5150 cunctari
1511 5097 1860 5169 diﬁ‘erreque
1898 5115 1985 5153 re-

352 5178 547 5233 ditum
606 5178 667 5233 in
728 5181 953 5251 urbem,
1013 5185 1250 5254 quando
1305 5183 1642 5256 imperator,
1669 5189 1822 5257 quod
1856 5205 1989 5243 mox

346 5267 645 5323 facturum
677 5271 1012 5341 cernebant,
1044 5288 1111 5328 eo
1142 5274 1254 5327 iter
1284 5274 1652 5331 intendisset.
1679 5276 1854 5331 Porro
1887 5278 1991 5348 qui

348 5355 582 5426 publice
613 5364 718 5412 aut
740 5360 1007 5429 privatim
1029 5361 1407 5417 adormandis
1433 5362 1549 5418 illic
1583 5365 1815 5421 cunctis
1844 5382 1989 5436 pra:-

348 5442 485 5498 fecti
516 5450 704 5512 erant,
739 5452 976 5503 strenue
1007 5453 1182 5520 atque
1211 5453 1429 5504 attente
1472 5453 1773 5522 negotium
1816 5470 1988 5510 cura-

356 5530 500 5587 bant
531 5537 629 5600 ;et
684 5538 869 5592 Caesar
925 5537 1224 5593 dividebat
1269 5539 1473 5593 domos
1520 5542 1789 5611 personis
1816 5548 1874 5599 et
1904 5545 1990 5597 di-

357 5618 707 5690 gnitatibus,
756 5630 927 5695 prout
957 5626 1170 5699 cuique
1216 5626 1613 5685 conveniebat.
1650 5631 1714 5686 In
1747 5647 1861 5703 quo
1896 5648 1991 5686 ur-

2092 4653 2272 4706 autin
2298 4652 2499 4706 urbem
2534 4667 2634 4720 per
2662 4649 2858 4704 hiatus
2891 4660 3217 4707 murorum,
3251 4642 3349 4712 qui
3382 4641 3551 4696 multi
3607 4658 3719 4695 un-

2089 4741 2265 4810 dique
2280 4741 2556 4810 patebant
2570 4742 2625 4793 et
2644 4737 2869 4791 facilem
2888 4734 3109 4788 dabant
3158 4729 3718 4799 aditum,ingressus

2090 4832 2420 4899 vagaretur.
2472 4826 2751 4879 Caeterum
2800 4822 3065 4893 quotidie
3123 4818 3409 4888 fugientes
3456 4815 3719 4872 conferti.

2094 4934 2208 4988 quo
2240 4917 2492 4987 quisque
2546 4918 2762 4985 posset,
2796 4930 2864 4967 ex
2894 4913 2995 4966 illa
3025 4926 3203 4982 quam
3251 4907 3367 4962 dixi
3420 4904 3728 4961 collectitia

2094 5005 2471 5061 multitudine
2505 5003 2742 5075 plurimi
2794 5008 2951 5072 parte
2979 4996 3395 5054 sollicitudinis
3440 4996 3723 5049 Caesarem

2094 5096 2385 5160 levabant,
2418 5094 2858 5164 securioresque
2881 5089 3202 5147 reddebant
3228 5093 3483 5142 nostros.

2090 5203 2179 5259 31.
2223 5204 2285 5259 Ut
2314 5203 2613 5274 imperator
2646 5198 3035 5274 comitantibus
3066 5195 3409 5274 principibus
3494 5193 3728 5261 ingres—

2657 5289 2749 5327 sus
2780 5270 2836 5324 in
2852 5270 3039 5324 urbem
3068 5269 3159 5322 sit.

2095 5366 2169 5419 At
2247 5362 2563 5432 imperator
2633 5360 2776 5416 satis
2843 5359 2965 5427 jam
3048 5354 3320 5409 omnibus
3390 5348 3730 5420 compositis

2099 5451 2435 5506 universum
2455 5466 2623 5520 quem
2647 5463 2843 5505 secum
2868 5446 3118 5500 habebat
3140 5455 3445 5512 procerum
3469 5454 3535 5492 ac
3565 5435 3729 5491 fami-

2100 5538 2333 5594 liarium
2352 5538 2692 5592 comitatum
2718 5534 3284 5600 ducens,Augustam
3306 5542 3540 5598 quoque
3562 5538 3730 5579 suam

2101 5628 2408 5698 conjugem
2440 5630 2498 5681 et
2528 5625 2695 5696 regiis
2718 5622 2916 5693 stirpis
2947 5626 3210 5674 tenerum
3238 5616 3540 5671 surculum
3573 5629 3641 5668 ex
3662 5626 3730 5666 ea
