4182 6286
481 374 591 430 599

1785 385 2085 439 GEORGII
2123 387 2581 443 PACHYMERE

3769 382 3883 435 600

482 518 658 583 νικον,
692 499 753 552 οὗ
809 495 874 564 δὴ
934 499 1020 551 καὶ
1079 502 1148 572 τῇ
1196 499 1543 575 προσηγορίᾳ
1570 502 1660 555 τὸν
1693 503 1897 577 πατὲρα
1946 502 2478 582 οὐκέτἈἒξῆρχεν,
2537 509 2599 565 Ὁ
2659 508 2841 581 μέντοι
2898 528 2957 583 γε
3034 503 3287 582 βασιλεὺς
3333 505 3422 558 καὶ
3475 508 3577 557 πᾶν
3628 502 3691 557 τὸ
3746 503 3877 575 περί

485 581 615 640 ὄντα
664 585 847 658 έτίμα,
881 586 941 639 οὗ
998 587 1090 653 τήν
1148 589 1370 660 μνήμην
1407 589 1479 651 ὡς
1512 587 1835 667 φιλοπάτωρ
1862 592 1949 645 καὶ
1982 591 2130 667 ἐνόρ-

486 696 603 729 κιον
656 673 734 752 ἐφ’
767 674 972 747 ἑκάστῳ
1030 673 1212 744 ἐτίθει,
1246 678 1334 730 τὸν
1401 678 1564 752 μέγαν
1615 679 1700 732 ἐπὶ
1728 678 1982 754 γλώττης
2037 680 2127 755 φέ-

489 784 597 837 ρων
660 760 1007 834 δομέστικον,
1068 765 1157 817 καὶ
1215 766 1313 832 τῆν
1368 774 1466 835 τῆς
1525 766 1836 842 Αὐγούστης
1899 770 2129 844 μητέρα,

486 852 549 920 ἣν
586 851 831 926 μεγάλην
860 851 1047 926 κυρίαν
1081 855 1216 907 κατά
1243 855 1409 925 τιμήν
1472 854 1749 927 ὠνόμαζον
1803 859 1854 910 οἱ
1901 855 2126 927 πολλοὶ,

491 939 697 1012 σύναμα
725 942 792 1009 τῇ
835 940 1090 1014 γερουσίᾳ
1119 942 1262 1014 πάσῃ
1294 944 1384 995 καῖ
1426 946 1494 1015 τῇ
1545 942 1838 1017 συγκλήτῳ
1888 947 1988 1012 τήν
2039 944 2121 999 ἐπὶ

484 1034 588 1097 τῆς
644 1025 858 1088 πόλεως
919 1027 1104 1100 ὥδευε,
1135 1030 1225 1083 καὶ
1284 1028 1350 1097 δὴ
1399 1040 1840 1103 περαιωσάμενος
1881 1033 1972 1087 τὸν
2002 1033 2126 1088 Ἑλ-

486 1114 790 1187 λήσπεντον
825 1114 1023 1180 ἐκεῖθεν
1054 1117 1251 1192 ἐχώρει
1280 1119 1416 1193 πρὸς
1460 1121 1522 1174 τὸ
1573 1120 1883 1189 Βυζάντιον.
1919 1119 2125 1177 Ἐλθὼν

487 1203 661 1260 δὲκαὶ
704 1206 802 1274 τῆν
854 1206 1099 1279 Χρυσέαν
1159 1208 1338 1276 πύλην
1389 1209 1758 1285 κατειληφὼς,
1791 1209 1899 1263 ἐκεῖ
1954 1212 2127 1279 καθή-

491 1314 644 1365 μενος
694 1292 773 1370 ἐφ’
803 1293 1036 1367 ἡμέραις
1082 1296 1181 1361 τὴν
1234 1294 1309 1356 εἷς
1359 1295 1518 1351 πόλιν
1570 1294 1805 1369 εἷ’σοδον,
1829 1297 1976 1359 ὅπως
2010 1300 2127 1351 θεο-

488 1379 664 1459 φιλῶς
694 1382 805 1453 ἅμα
849 1381 938 1434 καὶ
1002 1381 1431 1458 μεγαλοπρεπῶς
1472 1385 1705 1458 γένοιτο,
1739 1386 2014 1440 ἀνεσκόπει
2071 1407 2128 1440 τε

488 1472 575 1523 καὶ
630 1470 924 1523 συνέταττε.
960 1470 1058 1523 Καὶ
1112 1469 1176 1539 δὴ
1239 1472 1457 1546 πέμψας
1515 1470 1632 1547 ἄγει
1684 1474 1742 1528 ἐκ
1797 1481 1896 1542 τῆς
1956 1481 2128 1547 μονῆς

487 1562 586 1613 τοῦ
638 1557 1078 1634 Παντοκράτορος
1126 1561 1221 1627 τήν
1287 1558 1599 1633 σεϐασμίαν·
1627 1562 1808 1616 εἰκόνα
1834 1566 1933 1627 τῆς
1962 1565 2129 1637 ἁγνῆς

492 1647 860 1718 Θεομήτορος,
910 1648 969 1714 ἣν
1032 1644 1193 1719 λόγος
1250 1643 1403 1723 ἔργον
1470 1649 1562 1721 μὲν
1623 1650 1756 1704 εἶναι
1810 1655 1907 1705 τοῦ
1983 1651 2126 1714 θείου

492 1740 693 1805 Λουκᾶ,
745 1734 914 1788 ἐκεῖσέ
974 1755 1078 1788 που
1135 1737 1416 1809 παρούσης
1474 1737 1722 1803 κάκείνης
1775 1740 1865 1793 καὶ
1922 1739 2126 1811 θεωμέ-

2237 594 2394 649 αὐτὸν
2455 596 2703 670 σχολαίῳ
2761 594 2887 651 ποδὶ
2944 595 3035 650 καὶ
3086 595 3447 666 ἀνατεταμένῃ
3502 590 3713 662 διανοίᾳ
3756 596 3877 665 μεθ’

2233 682 2315 737 δτι
2342 684 2605 754 πλείστης
2632 693 2734 754 τῆς
2765 685 2900 760 πρὸς
2936 685 3064 739 Θεὸν
3096 681 3586 755 ἀνθομολογήσεως
3622 683 3721 749 τῆν
3770 680 3878 734 πό-

2234 768 2319 823 λιν
2370 773 2696 848 εέσέρχεται,
2728 778 2863 847 πεζῇ
2920 770 3154 847 βαδίζων
3204 772 3293 825 καὶ
3340 771 3402 825 τὸ
3446 777 3546 839 τῆς
3596 766 3877 843 βασιλείας

2234 855 2462 935 σοϐαρὸν
2522 863 2596 923 ὡς
2659 863 2733 934 μή
2787 861 3007 933 τοιαύτῃ
3081 858 3271 933 τελετῇ
3343 860 3548 934 πρέπον
3627 855 3873 919 συνόλως

2234 948 2639 1021 ἀποτιθέμενος.
2672 956 2770 1005 Ἤν
2826 948 2882 1004 δὲ
2936 949 3058 1004 τότε
3103 948 3191 1002 καὶ
3239 949 3299 1001 τὸ
3350 954 3451 1015 τῆς
3496 946 3708 1019 ἡμέρας
3773 966 3875 1016 με-

2236 1032 2537 1108 σημϐρινὸν
2567 1043 2662 1093 τοῦ
2697 1038 2917 1113 μετρίου
2946 1035 3111 1091 πλέον
3147 1036 3381 1104 ἐκκαῖον,
3413 1038 3510 1089 τοῦ
3542 1034 3710 1102 ἡλίου
3739 1033 3878 1087 κατά

2232 1126 2474 1202 κορυφὴν
2534 1126 2843 1199 ἱσταμένου,
2875 1126 2962 1179 καὶ
3026 1127 3059 1193 ἠ
3111 1129 3218 1178 τῶν
3271 1119 3703 1195 συνειλεγμένων
3734 1140 3871 1194 προ-

2234 1213 2398 1284 θυμία
2456 1214 2592 1288 πρὸς
2637 1215 2699 1269 τὸ
2756 1219 2950 1288 πνῖγος
3002 1210 3406 1286 διεφιλονείκει,
3457 1210 3531 1270 ὡς
3579 1206 3625 1263 ε’ί
3678 1229 3729 1263 τι
3782 1209 3872 1262 καὶ

2234 1297 2469 1373 συμϐαίη
2504 1301 2970 1375 καταληψομένων
3004 1304 3213 1373 σύναμα
3238 1305 3320 1371 τῷ
3351 1297 3568 1375 βασιλεῖ
3621 1298 3683 1351 τὸ
3735 1296 3874 1371 μέγα

2230 1390 2517 1446 παλάτιον.
2553 1394 2635 1464 [Ρ.
2672 1394 2793 1464 104]
2817 1392 2886 1445 Τὸ
2934 1392 3038 1465 γάρ
3086 1395 3191 1444 τῶν
3243 1388 3572 1462 Βλαχερνῶν
3627 1385 3731 1440 οὐκ
3785 1385 3871 1439 εὐ-

2230 1482 2451 1551 πρεπῶς
2502 1479 2567 1546 ἦν
2624 1476 2769 1553 ἔχειν
2820 1479 2957 1553 πρὸς
3005 1478 3102 1545 τήν
3151 1481 3258 1531 τῶν
3311 1469 3579 1550 βασιλέων
3608 1474 3875 1543 κατοίκη-

2231 1587 2310 1620 σιν
2350 1586 2362 1599 '
2396 1566 2557 1641 ἔγεμε
2584 1569 2684 1642 γὰρ
2734 1572 2942 1622 καπνοῦ
2990 1567 3080 1621 καὶ
3130 1565 3354 1639 λιγνύος
3381 1565 3679 1632 Ἰταλικῆς,
3711 1564 3771 1631 ἣν
3819 1566 3871 1617 οἱ

2229 1659 2325 1708 τοῦ
2358 1654 2693 1710 Βαλδου’ίνου
2716 1654 3060 1710 δαιταλευταὶ
3094 1653 3154 1708 ἐκ
3181 1651 3402 1721 πολλῆς
3450 1658 3549 1721 τῆς
3596 1649 3870 1712 ἰδιωτείας

2232 1742 2435 1797 ἐκείνου
2491 1749 2608 1805 τοῖς
2664 1748 2770 1798 τῶν
2834 1745 3139 1817 ἀνακτόρων
3190 1740 3406 1816 τοίχοις
3474 1741 3871 1814 προσέπαττον,

488 1844 604 1893 νης,
639 1820 815 1897 δῶρον
874 1820 931 1876 δὲ
989 1823 1121 1896 μετά
1176 1828 1345 1878 ταῦτα
1394 1827 1637 1901 γενέσθαι
1687 1827 2004 1902 ΙΙουλχερίᾳ
2056 1831 2124 1892 τῆ
2156 1865 2203 1929 Β
2235 1832 2308 1892 ὡς
2369 1828 2524 1906 ἔργον
2577 1832 2710 1886 εἶναι
2763 1833 2860 1901 τήν
2916 1832 3131 1887 ἐκείνων
3188 1832 3651 1903 κάθαρσιν.”Αμα
3710 1826 3755 1882 δ’
3787 1827 3869 1882 ὅτι

493 1908 708 1929 nu.
911 1912 1191 1929 ενι
1450 1913 1803 1929 ,-.η,η,
1964 1918 2123 1929 -.μ
2866 1916 3504 1929 .--λκ-
3739 1916 3749 1929 .

493 1908 731 1985 βασιλίδι
789 1912 933 1987 παρά
979 1918 1079 1980 τῆς
1134 1912 1351 1991 νύμφης
1406 1914 1574 1983 αὐτῆς
1606 1913 1872 1979 Εὐδοκίας
1924 1920 2023 1980 τῆς
2075 1918 2123 1989 ἐξ

482 2002 730 2071 Ἀθηνῶν
771 2002 862 2055 καὶ
906 1998 1214 2071 δεσποίνης,
1246 2002 1334 2056 καὶ
1382 2000 1556 2079 δῶρον
1603 2004 1900 2080 ἀξιόχρεων
1956 2002 2124 2068 ὄντως

484 2088 544 2143 ἐκ
574 2089 940 2159 Παλαιστίνης
972 2089 1295 2145 ἀποσταλέν.
1330 2092 1456 2145 Ὑπὸ
1498 2090 1563 2161 δὴ
1616 2093 1780 2166 ταύτῃ
1829 2091 2018 2168 ὁδηγῷ
2065 2116 2128 2167 γε

484 2176 644 2252 οὔσῃ,
677 2176 746 2232 δι’
772 2181 839 2247 ῆς
891 2178 1261 2234 ἐπεπιστεύκει
1313 2180 1403 2233 καὶ
1449 2180 1849 2254 ἀπολήψεσθαι,
1885 2181 2125 2236 εἰσελαύ-

484 2289 588 2321 νων
634 2269 731 2337 τῆν
781 2267 944 2321 πόλιν
991 2268 1371 2342 ἀποχρώντως
1402 2269 1587 2344 ἡγεῖτό
1620 2270 1671 2323 οἱ
1718 2270 1867 2343 ἔχειν
1916 2272 2014 2338 τήν
2052 2270 2128 2333 εἷς

487 2354 693 2426 ἐκείνην
753 2356 1043 2428 ἀπονέμειν
1098 2355 1281 2429 χάριν.
1316 2357 1537 2410 Ἕταττε
1594 2354 1652 2410 δέ
1697 2358 1923 2412 καὶτῶν
1956 2357 2128 2412 ἐκεῖσε

488 2444 788 2518 ἀρχιερέων
818 2440 935 2511 ἕνα,
960 2444 1051 2498 τὸν
1106 2450 1205 2512 τῆς
1239 2444 1467 2513 Κυζίκου
1515 2446 1812 2520 Γεώργιον,
1841 2448 1939 2515 τήν
1992 2468 2124 2501 στο-

489 2532 591 2601 λὴν
628 2529 925 2587 ὑπενδύντα
953 2533 1018 2587 τὰ
1045 2539 1143 2601 τῆς
1174 2532 1345 2607 εὐχῆς
1376 2531 1519 2608 ἄγειν
1546 2535 1635 2587 καὶ
1682 2535 1780 2602 τὴν
1839 2535 1968 2610 ὑπὲρ
2016 2540 2123 2589 τῶν

484 2621 877 2695 πραττομένων
911 2618 1255 2693 εὐχαριστίαν
1308 2618 1685 2693 ἀποπληροῦν.
1719 2626 1973 2676 ’Ἠνοικτο
2019 2624 2127 2676 τοί-

485 2728 574 2767 νυν
603 2710 639 2778 ἡ
676 2708 884 2784 Χρυσὲα
913 2706 1060 2778 πύλη
1094 2707 1309 2783 χρονία,
1336 2707 1426 2762 καὶ
1474 2708 1762 2785 ἀρχιερεὺς
1806 2716 1907 2779 τῆς
1954 2711 2127 2784 εὐχῆς

484 2899 823 2979 Susceptum
855 2907 1275 2973 Andronicum,
1309 2907 1399 2962 cui
1422 2907 1525 2962 tali
1548 2909 1857 2963 tribuendo
1884 2908 2120 2961 nomine

484 2996 775 3051 honorare
836 2995 1142 3050 studuerat
1198 2996 1379 3066 patris
1425 2995 1514 3051 sui
1545 2995 1860 3050 Andronici
1894 2996 2117 3050 dudum

484 3085 702 3141 mortui
738 3084 1111 3148 memoriam,
1147 3101 1246 3155 per
1263 3100 1434 3153 quam
1461 3085 1634 3137 etiam
1657 3084 1908 3152 quadam
1930 3088 2113 3138 osten-

2235 1920 2326 1973 καὶ
2380 1920 2455 1981 εἷς
2514 1919 2806 1998 ἀσφάλειαν
2866 1922 3063 1981 ἱκανῶς
3121 1920 3234 1993 εἶχε
3286 1916 3562 1991 βασιλεῦσι
3639 1916 3873 1991 πρώτως

2237 2003 2453 2062 ἐπιϐᾶσι
2484 2009 2698 2070 πόλεως
2728 2014 2834 2063 τῶν
2868 2009 3202 2082 πραγμάτων
3256 2006 3661 2081 τεταραγμένως
3712 2004 3872 2079 ἐχού-

2235 2116 2354 2165 σης.
2388 2096 2456 2149 Τὸ
2493 2098 2585 2168 μὶν
2620 2094 2713 2152 οὖν
2743 2095 2947 2171 ἡσυχίᾳ
2973 2101 3166 2170 χαῖρον
3196 2099 3290 2149 τοῦ
3322 2092 3523 2166 δήμου,
3552 2092 3670 2162 ἄρτι
3717 2094 3865 2166 πρώ-

2234 2205 2341 2245 τως
2402 2184 2629 2246 βασιλέα
2676 2185 2962 2257 Ῥωμαίων
3023 2184 3073 2237 ἐν
3132 2188 3247 2243 τοῖς
3306 2182 3618 2257 ἀνακτόροις
3661 2182 3861 2252 Θεώμε·

2234 2294 2349 2341 νον,
2389 2268 2697 2344 μεταϐαλὸν
2726 2275 2825 2342 τὴν
2861 2268 3118 2344 ἔκπληξιν
3153 2271 3230 2333 εἷς
3265 2270 3438 2345 χαρὰν
3471 2268 3523 2323 έν
3554 2268 3752 2323 ἐλπίσιν
3790 2268 3857 2334 ἦν

2232 2364 2328 2416 τοῦ
2380 2359 2579 2415 λοιποῦ
2623 2361 2909 2436 εὐπραγεῖν
2940 2361 3043 2416 ὑπὸ
3070 2358 3249 2431 τούτῳ
3293 2356 3730 2433 βασιλευόμενον.
3764 2363 3860 2409 Δο-

2233 2454 2387 2503 κοῦσι
2431 2447 2488 2504 δέ
2535 2471 2628 2522 μοι
2676 2452 2812 2523 πρὸς
2862 2449 3068 2517 ἐκείνην
3117 2451 3216 2516 τήν
3242 2444 3362 2520 ὄψιν
3394 2447 3482 2501 καὶ
3517 2447 3569 2501 οἱ
3599 2445 3731 2500 κατά
3772 2445 3869 2511 τὴν

2234 2537 2395 2592 πόλιν
2456 2536 2657 2594 Ἰταλοὶ
2714 2533 3108 2610 μεταϐαλέσθαι
3166 2534 3225 2590 ἂν
3288 2535 3377 2589 καὶ
3446 2534 3653 2608 ἀγαπᾷν
3737 2531 3876 2585 οὕτω

2234 2626 2588 2700 πραχθέντων
2622 2625 2788 2698 (μηδὲ
2820 2627 2921 2701 γὰρ
2954 2622 3162 2695 ἀδοξεῖν
3207 2622 3443 2696 τοιούτῳ
3476 2620 3876 2691 δουλεύοντας),

2237 2713 2283 2766 εἷ
2318 2716 2390 2785 μή
2425 2734 2483 2788 γε
2513 2716 2547 2783 ἡ
2580 2715 2716 2768 κατὰ
2759 2713 2911 2788 γένος
2960 2711 3161 2786 κόρυζα
3208 2712 3283 2773 εἷς
3329 2709 3627 2786 ὀλιγωρίαν
3680 2708 3875 2784 ἐτύφου

2231 2916 2405 2976 serat,
2459 2912 2651 2967 subito
2710 2916 2910 2983 aperta
2967 2915 3056 2966 est
3090 2914 3252 2981 porta
3283 2911 3495 2973 Aurea,
3527 2912 3583 2962 et
3623 2907 3868 2962 antistes

2231 3001 2549 3055 orationem
2584 3000 2896 3069 inchoavit,
2929 3000 3159 3069 quando
3192 2999 3515 3069 imperator
3542 3000 3597 3051 et
3630 2995 3861 3050 univer-

2230 3104 2333 3143 sus
2392 3091 2517 3157 ejus
2562 3089 2877 3144 comitatus
2909 3089 3069 3160 gravi
3096 3092 3151 3142 et
3180 3088 3345 3141 tardo
3376 3086 3633 3150 incessu,
3667 3089 3863 3138 mente

483 3173 703 3227 tatione
752 3174 906 3226 160
953 3172 1146 3226 filialis
1179 3171 1412 3241 pietatis
1444 3170 1616 3241 vulgo
1640 3173 1841 3241 jurare
1872 3188 2119 3227 consue-
2154 3176 2195 3241 C
2233 3194 2366 3232 vero
2397 3178 2543 3231 ’161
2582 3178 2639 3231 in
2672 3178 2851 3232 Deum
2886 3177 3121 3247 penitus
3153 3175 3397 3240 intenta,
3437 3172 3867 3228 demississime

487 3267 665 3328 verat,
698 3276 829 3314 cum
861 3258 994 3328 quid
1030 3259 1369 3329 afﬁrmaret,
1432 3275 1706 3329 magnum
1742 3261 2125 3315 domesticum

490 3347 712 3418 passim
770 3346 830 3401 in
864 3363 961 3402 ore
992 3348 1238 3413 habens,
1274 3351 1334 3402 et
1362 3349 1635 3416 Augustae
1671 3351 1917 3401 matrem
1951 3364 2126 3418 quam

490 3452 766 3508 magnam
799 3438 1095 3492 dominam
1123 3438 1382 3508 plerique
1400 3437 1640 3491 honoris
1662 3453 1839 3492 causa
1862 3439 2128 3493 nomina-

493 3525 654 3596 bant,
714 3527 965 3597 denique
1016 3543 1150 3582 cum
1211 3526 1534 3596 majoribus
1596 3531 1731 3581 natu
1793 3528 2018 3582 cunctis
2076 3532 2132 3582 et

497 3615 768 3671 universo
798 3623 1000 3671 senatu
1034 3616 1091 3669 in
1127 3616 1332 3670 urbem
1366 3616 1475 3670 iter
1505 3614 1769 3686 arripuit,
1802 3633 1868 3671 ac
1888 3618 2129 3686 trajecto

497 3703 869 3775 Hellesponto
898 3704 1183 3775 processit
1212 3703 1347 3759 inde
1378 3721 1580 3760 versus
1610 3704 1947 3772 Byzantium
1975 3724 1988 3770 ;
2015 3721 2128 3774 quo

499 3794 844 3863 perveniens
892 3796 949 3848 et
993 3794 1062 3847 ad
1111 3798 1363 3847 Auream
1396 3793 1626 3849 delatus
1660 3797 1883 3863 portam
1917 3793 1993 3847 ibi
2030 3809 2131 3863 per

501 3879 729 3947 aliquot
751 3880 875 3937 dies
905 3880 1402 3951 substitit,sedulo
1423 3882 1735 3952 providens
1758 3887 1814 3935 et
1838 3881 2129 3937 mandatis

499 3969 851 4038 opportunis
883 3985 1093 4024 curans
1125 3974 1190 4023 ut
1221 3969 1279 4023 in
1303 3985 1513 4038 ea,qua
1546 3968 1787 4039 parabat
1818 3968 1877 4022 in
1909 3968 2128 4038 regiam

496 4056 783 4111 civitatem
814 4056 1361 4127 invehitriumphali
1392 4055 1777 4128 pompa,nihil
1802 4057 1869 4111 ad
1899 4056 2127 4126 religio-

498 4146 589 4200 nis
621 4144 1162 4213 sanctitatem,nihil
1188 4146 1258 4199 ad
1291 4144 1657 4215 splendorem
1685 4146 2130 4213 magnificentiae

498 4237 693 4304 posset
750 4233 1090 4287 desiderari.
1145 4232 1300 4287 Inter
1356 4236 1559 4286 ctrtera
1609 4234 1794 4301 jussit
1840 4234 2031 4287 afferri
2064 4249 2131 4289 ex

498 4321 850 4376 monasterio
886 4321 1312 4376 Pantocratoris
1342 4336 1567 4374 sacram
1616 4319 1928 4391 imaginem
1971 4322 2128 4379 inte-

501 4414 732 4466 meratae
792 4410 890 4465 Dei
950 4411 1170 4479 Matris,
1222 4426 1400 4479 quam
1462 4409 1626 4464 aiunt
1686 4427 1833 4481 opus
1864 4427 1991 4466 esse
2013 4413 2127 4467 divi

2241 3265 2603 3336 professions
2626 3282 2869 3320 summa:
2899 3265 3096 3335 gratia:
3129 3280 3161 3318 a
3191 3280 3254 3317 se
3285 3279 3386 3334 pro
3418 3266 3533 3317 tam
3570 3261 3865 3330 insperata

2238 3352 2512 3406 felicitate
2561 3352 2797 3407 Numini
2851 3352 3080 3417 debitas,
3132 3351 3421 3406 civitatem
3455 3350 3758 3420 ingressus
3778 3352 3864 3401 est

2238 3442 2484 3511 pedibus
2532 3441 2885 3509 ambulams,
2934 3440 3095 3496 omni
3141 3439 3308 3510 regias
3354 3437 3681 3509 majestatis
3713 3437 3861 3491 fastu

2236 3529 2392 3583 velut
2418 3528 2520 3583 tali
2544 3530 2901 3585 caeremonias
2916 3546 3029 3584 non
3057 3532 3413 3599 congruente
3436 3543 3675 3598 prorsus
3699 3526 3863 3596 depo-

2236 3617 2368 3672 sito.
2425 3619 2560 3672 Erat
2613 3622 2755 3673 tunc
2812 3618 2955 3673 hora
3002 3617 3324 3672 meridiana
3372 3619 3429 3670 et
3450 3630 3720 3669 summus
3749 3613 3859 3667 diei

2237 3706 2445 3773 fervor,
2473 3706 2592 3761 sole
2621 3724 2799 3778 supra
2827 3706 3101 3762 verticem
3122 3705 3408 3761 altissimo
3437 3703 3652 3775 ignitus
3673 3702 3860 3756 radios

2234 3794 2515 3852 vibrante.
2576 3796 2795 3851 Tamen
2852 3796 3057 3851 devota
3114 3809 3389 3865 pompam
3443 3791 3856 3847 celebrantium

2237 3881 2506 3939 alacritas
2538 3900 2670 3938 cum
2705 3888 2846 3938 aestu
2876 3882 3246 3938 incommodo
3278 3880 3563 3947 certabat,
3596 3894 3860 3949 unoquo-

2236 3988 2345 4042 que
2377 3972 2661 4043 ipsorum,
2692 3978 2747 4026 et
2775 3976 3037 4043 Augusto
3069 3987 3183 4041 prae
3217 3966 3863 4035 caeteris,subireliben-

2234 4066 2322 4114 ter
2352 4066 2553 4131 parato
2586 4062 2633 4115 si
2668 4061 2806 4131 quid
2840 4059 3173 4115 detrimenti
3194 4058 3461 4113 valetudo
3484 4061 3776 4128 pateretur
3796 4071 3863 4109 ex

2235 4150 2645 4205 ardentissimo
2675 4149 2800 4204 coeli
2830 4148 3104 4203 verticem
3130 4146 3443 4202 insidentis
3466 4144 3706 4200 meridie
3726 4142 3862 4198 solis

2232 4253 2445 4307 vapore
2473 4238 2739 4307 tolerato,
2773 4237 2909 4291 dum
2943 4235 3026 4290 sic
3062 4234 3219 4290 lento
3253 4250 3455 4305 gressu
3486 4234 3554 4287 ad
3589 4247 3864 4302 magnum

2233 4326 2511 4396 palatium
2548 4327 2835 4390 feruntur,
2868 4325 3129 4379 nondum
3179 4328 3314 4394 apta
3344 4323 3412 4377 ad
3454 4322 3858 4391 imperatorem

2230 4413 2636 4486 excipiendum
2670 4413 2831 4485 regia
2877 4412 3296 4468 Blachenarum
3349 4413 3655 4481 propterea
3704 4409 3857 4478 quod

497 4502 687 4569 Lucas,
720 4501 848 4570 ejus
882 4499 1147 4571 penicillo
1181 4515 1243 4554 ac
1277 4515 1452 4554 manu
1485 4516 1514 4554 e
1544 4499 1771 4554 vivente
1811 4516 2125 4573 coramque
2155 4532 2201 4596 Β
2233 4503 2351 4557 haec
2382 4503 2654 4557 sordebat
2685 4502 2876 4557 adhuc
2908 4503 3067 4557 fumo
3098 4500 3268 4571 plena
3294 4500 3672 4568 nidoremque
3700 4495 3859 4551 olens

495 4594 754 4660 spectata
808 4588 1051 4659 Deipara
1092 4605 1451 4659 expressum,
1499 4587 1745 4643 missum
1792 4589 1999 4644 deinde
2048 4591 2118 4646 ad

494 4676 859 4731 Pulcheriam
910 4678 1227 4747 Augustam
1285 4678 1357 4730 ab
1417 4677 1596 4746 hujus
1658 4677 1856 4731 fratria
1886 4678 2124 4732 domina

494 4765 750 4821 Eudocia
805 4764 1144 4819 Atheniensi
1200 4782 1267 4819 ex
1314 4764 1645 4835 Palmstina,
1701 4766 1918 4820 donum
1954 4766 2124 4837 plane

497 4853 762 4909 mittente
792 4857 847 4908 et
876 4851 1193 4921 accipiente
1225 4852 1489 4923 dignum.
1516 4854 1626 4909 Hac
1655 4855 1800 4910 duce
1835 4846 2122 4925 praeeunte

496 4942 875 5013 ingrediendo
892 4941 1176 4995 civitatem
1198 4957 1371 5011 quam
1387 4943 1512 5012 ejus
1527 4943 1806 4998 benelicio
1830 4943 1938 4998 sibi
1956 4960 2122 5015 aper-

496 5034 616 5086 tam
661 5029 1047 5099 traditamque
1091 5029 1370 5095 crederet,
1405 5031 1648 5099 putabat
1677 5049 1738 5087 se
1770 5037 2118 5087 testaturum

497 5118 637 5172 satis
686 5117 778 5171 cui
826 5117 971 5171 tanti
1020 5133 1329 5171 successus
1378 5117 1621 5188 gratiam
1672 5119 1922 5183 deberet,
1952 5125 2007 5173 et
2038 5119 2121 5173 sic

497 5209 778 5277 quantum
813 5208 1009 5276 posset
1038 5204 1293 5259 ofﬁcium
1329 5206 1473 5276 grati
1505 5206 1685 5261 animi
1723 5210 1975 5277 patronus
2000 5210 2120 5261 tam

494 5292 718 5347 liberali
778 5307 1181 5363 reponsurum.
1215 5292 1402 5347 Jussit
1438 5299 1675 5364 praetera
1709 5310 1886 5349 unum
1921 5309 1950 5348 e
1974 5311 2119 5364 prce-

495 5380 723 5437 sulibus
779 5380 877 5451 qui
928 5380 1187 5435 aderant.
1217 5381 1524 5453 Georgium
1572 5374 1935 5454 Cyzicenum,
1969 5383 2120 5438 stola

495 5470 702 5525 induta
750 5469 1065 5525 solemnem
1124 5471 1511 5539 precationem
1566 5473 1767 5545 praeire
1806 5489 1872 5527 ac
1914 5489 2117 5529 conve-

495 5559 691 5615 niente
714 5559 979 5629 praesenti
1013 5558 1226 5630 gaudio
1267 5561 1585 5631 gratiarum
1620 5562 1846 5618 actione
1877 5562 1982 5616 rite
2012 5563 2115 5617 de-

494 5646 673 5718 fungi.
692 5647 837 5703 Tum
870 5648 1451 5721 denique,postquam
1485 5652 1584 5708 diu
1617 5652 1814 5709 clausa
1840 5666 2115 5722 perman-

2235 4591 2523 4654 ltalicum,
2545 4590 2867 4662 parietibus
2891 4589 3009 4645 illic
3033 4589 3251 4661 passim
3276 4587 3518 4658 fuligine
3537 4584 3858 4656 inquinatis

2232 4696 2334 4750 per
2359 4678 2626 4734 Balduini
2651 4695 2868 4750 coquos
2899 4678 3045 4733 illita
3066 4679 3213 4749 (ipso
3242 4677 3300 4731 id
3325 4677 3475 4731 haud
3500 4675 3678 4745 digna
3708 4672 3860 4744 prin-

2233 4768 2359 4839 cipe
2417 4767 2774 4839 negligentia
2830 4766 2954 4821 ﬁeri
3012 4766 3282 4837 sinente),
3314 4782 3441 4836 qua:
3474 4761 3708 4835 purgari
3744 4760 3856 4815 nisi

2232 4855 2479 4928 longiori
2536 4861 2796 4927 tempore
2854 4854 3295 4910 etlaboriosiori
3345 4869 3521 4924 opera
3569 4848 3856 4919 nequiret.

2232 4944 2512 5001 Praeterea
2539 4944 2638 4999 illa
2658 4943 2852 5015 magni
2873 4942 3069 5014 palatii
3091 4943 3216 4998 visa
3236 4947 3327 4997 est
3349 4940 3607 4995 securior
3627 4937 3855 4992 interim

2233 5033 2399 5087 sedes
2430 5034 2628 5087 futura
2654 5030 3020 5103 principibus
3051 5031 3108 5084 in
3145 5031 3344 5085 urbem
3378 5029 3638 5083 nondum
3692 5024 3859 5096 plene

2232 5126 2494 5192 pacatam
2531 5136 2597 5175 ex
2628 5124 2747 5175 tam
2778 5118 3283 5173 diuturna'bostili
3316 5116 3691 5188 Oppressione
3720 5117 3856 5167 tunc

2232 5213 2485 5279 primum
2520 5206 2996 5280 ingressis.Plebs
3028 5222 3197 5276 porro
3230 5206 3421 5276 quiete
3443 5202 3856 5274 gaudens,viso

2230 5300 2354 5359 tum
2417 5298 2671 5368 primum
2730 5296 2789 5349 in
2824 5294 3044 5349 urbano
3102 5295 3317 5365 palatio
3378 5289 3855 5358 Romanoimpe-

2230 5391 2439 5453 ratore,
2476 5391 2714 5456 stupore
2751 5384 2807 5437 in
2860 5383 3141 5455 gaudium
3173 5398 3339 5437 verso
3370 5382 3516 5436 bene
3546 5380 3616 5434 de
3649 5381 3853 5433 caetero

2227 5476 2519 5546 sperabat,
2574 5479 2923 5546 proventura
2975 5487 3043 5526 ex
3072 5470 3205 5526 talis
3260 5468 3541 5542 principis
3586 5465 3852 5537 presenti

2224 5565 2509 5635 regimine
2539 5562 2668 5617 laeta
2698 5560 2811 5616 sibi
2839 5564 3052 5615 cuncta
3075 5560 3387 5614 conﬁdens.
3431 5554 3571 5612 Mihi
3620 5569 3853 5626 quoque

2222 5653 2499 5709 videntur
2529 5652 2644 5723 ipsi
2675 5650 2773 5722 qui
2800 5653 3143 5720 supererant
3176 5650 3233 5704 in
3265 5648 3407 5704 urbe
3439 5644 3565 5703 Itali
3598 5644 3667 5700 ad
3700 5643 3849 5698 hanc
