  <div class='ocr_page' id='page_1' title='image "/cluster/home/n/w/nwhite01/storage/ocr_20150623/143/mdp.39015078384784/308.png"; bbox 0 0 4158 6280; ppageno 0'>
   <div class='ocr_carea' id='block_1_1' title="bbox 409 306 513 360">
    <p class='ocr_par' dir='ltr' id='par_1_1' title="bbox 409 306 513 360">
     <span class='ocr_line' id='line_1_1' title="bbox 409 306 513 360; baseline 0 0"><span class='ocrx_word' id='word_1_1' title='bbox 409 306 513 360; x_wconf 86' lang='grc'>601</span> 
     </span>
    </p>
   </div>
   <div class='ocr_carea' id='block_1_2' title="bbox 1463 306 2723 363">
    <p class='ocr_par' dir='ltr' id='par_1_2' title="bbox 1463 306 2723 363">
     <span class='ocr_line' id='line_1_2' title="bbox 1463 306 2723 363; baseline -0.006 -1"><span class='ocrx_word' id='word_1_2' title='bbox 1463 311 1558 362; x_wconf 88' lang='lat' dir='ltr'><strong>DE</strong></span> <span class='ocrx_word' id='word_1_3' title='bbox 1594 310 1964 363; x_wconf 84' lang='lat' dir='ltr'>MICHAELE</span> <span class='ocrx_word' id='word_1_4' title='bbox 2002 306 2444 361; x_wconf 68' lang='lat' dir='ltr'>PALEOLOGO</span> <span class='ocrx_word' id='word_1_5' title='bbox 2479 308 2612 358; x_wconf 85' lang='lat' dir='ltr'>LIB.</span> <span class='ocrx_word' id='word_1_6' title='bbox 2654 309 2723 357; x_wconf 87' lang='lat' dir='ltr'>Il.</span> 
     </span>
    </p>
   </div>
   <div class='ocr_carea' id='block_1_3' title="bbox 3700 299 3806 351">
    <p class='ocr_par' dir='ltr' id='par_1_3' title="bbox 3700 299 3806 351">
     <span class='ocr_line' id='line_1_3' title="bbox 3700 299 3806 351; baseline -0.019 0"><span class='ocrx_word' id='word_1_7' title='bbox 3700 299 3806 351; x_wconf 80' lang='lat'>602</span> 
     </span>
    </p>
   </div>
   <div class='ocr_carea' id='block_1_4' title="bbox 405 419 3809 518">
    <p class='ocr_par' dir='ltr' id='par_1_4' title="bbox 405 419 3809 518">
     <span class='ocr_line' id='line_1_4' title="bbox 405 419 3809 518; baseline -0.003 -34"><span class='ocrx_word' id='word_1_8' title='bbox 405 428 498 484; x_wconf 88' lang='grc' dir='ltr'>καὶ</span> <span class='ocrx_word' id='word_1_9' title='bbox 531 426 721 490; x_wconf 81' lang='grc' dir='ltr'>ἄλλως</span> <span class='ocrx_word' id='word_1_10' title='bbox 780 427 831 499; x_wconf 81' lang='grc' dir='ltr'>ἐξ</span> <span class='ocrx_word' id='word_1_11' title='bbox 889 427 1130 505; x_wconf 77' lang='grc' dir='ltr'>ὑπογύου</span> <span class='ocrx_word' id='word_1_12' title='bbox 1185 432 1251 484; x_wconf 71' lang='grc' dir='ltr'>τὰ</span> <span class='ocrx_word' id='word_1_13' title='bbox 1283 428 1429 485; x_wconf 84' lang='grc' dir='ltr'>δεινά</span> <span class='ocrx_word' id='word_1_14' title='bbox 1457 430 1745 494; x_wconf 82' lang='grc' dir='ltr'>παθόντας.</span> <span class='ocrx_word' id='word_1_15' title='bbox 1779 426 1930 496; x_wconf 77' lang='grc' dir='ltr'>Πλὴν</span> <span class='ocrx_word' id='word_1_16' title='bbox 1965 428 2353 496; x_wconf 78' lang='grc' dir='ltr'>τε-Αστάτος</span> <span class='ocrx_word' id='word_1_17' title='bbox 2414 427 2759 497; x_wconf 79' lang='grc' dir='ltr'>ἐξουσιαστήν</span> <span class='ocrx_word' id='word_1_18' title='bbox 2814 423 2954 480; x_wconf 75' lang='grc' dir='ltr'>εἷ’ποι</span> <span class='ocrx_word' id='word_1_19' title='bbox 3008 425 3067 479; x_wconf 71' lang='grc' dir='ltr'>ἃν</span> <span class='ocrx_word' id='word_1_20' title='bbox 3127 427 3161 493; x_wconf 71' lang='grc' dir='ltr'><strong>ἡ</strong></span> <span class='ocrx_word' id='word_1_21' title='bbox 3220 422 3503 492; x_wconf 79' lang='grc' dir='ltr'>Ἑλλήνων</span> <span class='ocrx_word' id='word_1_22' title='bbox 3560 419 3809 518; x_wconf 55' lang='grc' dir='ltr'>γλῶσσαζ</span> 
     </span>
    </p>
   </div>
   <div class='ocr_carea' id='block_1_5' title="bbox 404 516 2056 594">
    <p class='ocr_par' dir='ltr' id='par_1_5' title="bbox 404 516 2056 594">
     <span class='ocr_line' id='line_1_5' title="bbox 404 516 2056 594; baseline -0.002 -22"><span class='ocrx_word' id='word_1_23' title='bbox 404 516 694 586; x_wconf 83' lang='grc' dir='ltr'>λεσθείσης</span> <span class='ocrx_word' id='word_1_24' title='bbox 750 525 848 586; x_wconf 86' lang='grc' dir='ltr'>τῆς</span> <span class='ocrx_word' id='word_1_25' title='bbox 904 519 1113 593; x_wconf 76' lang='grc' dir='ltr'>ἡμέρας</span> <span class='ocrx_word' id='word_1_26' title='bbox 1147 518 1354 589; x_wconf 80' lang='grc' dir='ltr'>ἐκείνης</span> <span class='ocrx_word' id='word_1_27' title='bbox 1386 518 1472 573; x_wconf 77' lang='grc' dir='ltr'>ἐπὶ</span> <span class='ocrx_word' id='word_1_28' title='bbox 1516 519 1729 594; x_wconf 82' lang='grc' dir='ltr'>κρότοις</span> <span class='ocrx_word' id='word_1_29' title='bbox 1772 517 2056 579; x_wconf 83' lang='grc' dir='ltr'>ἐπινικίοις</span> 
     </span>
    </p>
   </div>
   <div class='ocr_carea' id='block_1_6' title="bbox 401 603 2055 684">
    <p class='ocr_par' dir='ltr' id='par_1_6' title="bbox 401 603 2055 684">
     <span class='ocr_line' id='line_1_6' title="bbox 401 603 2055 684; baseline -0.001 -25"><span class='ocrx_word' id='word_1_30' title='bbox 401 607 494 660; x_wconf 81' lang='grc' dir='ltr'>καὶ</span> <span class='ocrx_word' id='word_1_31' title='bbox 529 604 694 668; x_wconf 82' lang='grc' dir='ltr'>θείοις</span> <span class='ocrx_word' id='word_1_32' title='bbox 732 603 957 677; x_wconf 77' lang='grc' dir='ltr'>ᾅσμασι,</span> <span class='ocrx_word' id='word_1_33' title='bbox 1008 608 1106 675; x_wconf 79' lang='grc' dir='ltr'>τήν</span> <span class='ocrx_word' id='word_1_34' title='bbox 1166 607 1260 679; x_wconf 71' lang='grc' dir='ltr'>μὲν</span> <span class='ocrx_word' id='word_1_35' title='bbox 1306 608 1469 663; x_wconf 81' lang='grc' dir='ltr'>νύκτα</span> <span class='ocrx_word' id='word_1_36' title='bbox 1505 611 1766 684; x_wconf 81' lang='grc' dir='ltr'>φρουραῖς</span> <span class='ocrx_word' id='word_1_37' title='bbox 1796 604 2055 682; x_wconf 76' lang='grc' dir='ltr'>ἀσφαλέσι</span> 
     </span>
    </p>
   </div>
   <div class='ocr_carea' id='block_1_7' title="bbox 406 691 1113 764">
    <p class='ocr_par' dir='ltr' id='par_1_7' title="bbox 406 691 1113 764">
     <span class='ocr_line' id='line_1_7' title="bbox 406 691 1113 764; baseline 0.001 -17"><span class='ocrx_word' id='word_1_38' title='bbox 406 691 699 764; x_wconf 76' lang='grc' dir='ltr'>διείληπτο</span> <span class='ocrx_word' id='word_1_39' title='bbox 728 694 790 747; x_wconf 89' lang='grc' dir='ltr'>τὸ</span> <span class='ocrx_word' id='word_1_40' title='bbox 823 694 1113 749; x_wconf 83' lang='grc' dir='ltr'>παλάτιον.</span> 
     </span>
    </p>
   </div>
   <div class='ocr_carea' id='block_1_8' title="bbox 400 850 2051 979">
    <p class='ocr_par' dir='ltr' id='par_1_8' title="bbox 400 850 2051 979">
     <span class='ocr_line' id='line_1_8' title="bbox 400 850 2051 979; baseline -0.001 -73"><span class='ocrx_word' id='word_1_41' title='bbox 400 850 511 927; x_wconf 84' lang='grc' dir='ltr'>λβ’.</span> <span class='ocrx_word' id='word_1_42' title='bbox 556 855 744 915; x_wconf 83' lang='grc' dir='ltr'>’Ὀπως</span> <span class='ocrx_word' id='word_1_43' title='bbox 775 852 1182 929; x_wconf 68' lang='grc' dir='ltr'>προσηνέγκατο</span> <span class='ocrx_word' id='word_1_44' title='bbox 1236 852 1491 979; x_wconf 51' lang='grc' dir='ltr'>ξασιλεὺς</span> <span class='ocrx_word' id='word_1_45' title='bbox 1521 859 1639 917; x_wconf 84' lang='grc' dir='ltr'>ταῖς</span> <span class='ocrx_word' id='word_1_46' title='bbox 1668 858 1776 908; x_wconf 83' lang='grc' dir='ltr'>τῶν</span> <span class='ocrx_word' id='word_1_47' title='bbox 1812 853 2051 907; x_wconf 85' lang='grc' dir='ltr'>Λατίνων</span> 
     </span>
     <span class='ocr_line' id='line_1_9' title="bbox 978 924 1487 979; baseline 0 0"><span class='ocrx_word' id='word_1_48' title='bbox 978 924 1176 979; x_wconf 77' lang='grc' dir='ltr'>φυλαῖς</span> <span class='ocrx_word' id='word_1_49' title='bbox 1210 947 1233 979; x_wconf 85' lang='grc' dir='ltr'>ε</span> <span class='ocrx_word' id='word_1_50' title='bbox 1262 924 1487 979; x_wconf 69' lang='grc' dir='ltr'>σελῆών.</span> 
     </span>
    </p>
   </div>
   <div class='ocr_carea' id='block_1_9' title="bbox 978 924 1487 1001">
    <p class='ocr_par' dir='ltr' id='par_1_9' title="bbox 978 924 1487 1001">
     <span class='ocr_line' id='line_1_10' title="bbox 978 924 1487 1001; baseline 0.006 -24"><span class='ocrx_word' id='word_1_51' title='bbox 978 924 1176 1001; x_wconf 82' lang='grc' dir='ltr'>φυλαῖς</span> <span class='ocrx_word' id='word_1_52' title='bbox 1210 924 1487 989; x_wconf 74' lang='grc' dir='ltr'>εἰσελθών.</span> 
     </span>
    </p>
   </div>
   <div class='ocr_carea' id='block_1_10' title="bbox 473 1061 2057 1140">
    <p class='ocr_par' dir='ltr' id='par_1_10' title="bbox 473 1061 2057 1140">
     <span class='ocr_line' id='line_1_11' title="bbox 473 1061 2057 1140; baseline -0.001 -24"><span class='ocrx_word' id='word_1_53' title='bbox 473 1062 693 1139; x_wconf 74' lang='grc' dir='ltr'>Πρωΐας</span> <span class='ocrx_word' id='word_1_54' title='bbox 735 1061 790 1118; x_wconf 78' lang='grc' dir='ltr'>δὲ</span> <span class='ocrx_word' id='word_1_55' title='bbox 824 1062 953 1127; x_wconf 80' lang='grc' dir='ltr'>ὅλος</span> <span class='ocrx_word' id='word_1_56' title='bbox 998 1065 1062 1133; x_wconf 78' lang='grc' dir='ltr'>ἦν</span> <span class='ocrx_word' id='word_1_57' title='bbox 1112 1065 1250 1138; x_wconf 87' lang='grc' dir='ltr'>πρὸς</span> <span class='ocrx_word' id='word_1_58' title='bbox 1293 1064 1536 1140; x_wconf 80' lang='grc' dir='ltr'>βουλαῖς,</span> <span class='ocrx_word' id='word_1_59' title='bbox 1570 1062 1718 1125; x_wconf 81' lang='grc' dir='ltr'>ὅπως</span> <span class='ocrx_word' id='word_1_60' title='bbox 1746 1084 1803 1118; x_wconf 92' lang='grc' dir='ltr'>τε</span> <span class='ocrx_word' id='word_1_61' title='bbox 1826 1064 1891 1117; x_wconf 78' lang='grc' dir='ltr'>τὰ</span> <span class='ocrx_word' id='word_1_62' title='bbox 1921 1062 2057 1116; x_wconf 85' lang='grc' dir='ltr'>κατά</span> 
     </span>
    </p>
   </div>
   <div class='ocr_carea' id='block_1_11' title="bbox 405 1150 2050 1231">
    <p class='ocr_par' dir='ltr' id='par_1_11' title="bbox 405 1150 2050 1231">
     <span class='ocr_line' id='line_1_12' title="bbox 405 1150 2050 1231; baseline -0.002 -24"><span class='ocrx_word' id='word_1_63' title='bbox 405 1155 506 1221; x_wconf 72' lang='grc' dir='ltr'>τὴν</span> <span class='ocrx_word' id='word_1_64' title='bbox 539 1151 697 1207; x_wconf 81' lang='grc' dir='ltr'>πόλιν</span> <span class='ocrx_word' id='word_1_65' title='bbox 744 1156 1083 1225; x_wconf 78' lang='grc' dir='ltr'>καταστήσας</span> <span class='ocrx_word' id='word_1_66' title='bbox 1140 1155 1408 1231; x_wconf 80' lang='grc' dir='ltr'>ὀχυρώτει</span> <span class='ocrx_word' id='word_1_67' title='bbox 1467 1158 1727 1231; x_wconf 79' lang='grc' dir='ltr'>φρουροῖς</span> <span class='ocrx_word' id='word_1_68' title='bbox 1780 1153 1844 1206; x_wconf 87' lang='grc' dir='ltr'>τὸ</span> <span class='ocrx_word' id='word_1_69' title='bbox 1904 1150 2050 1219; x_wconf 72' lang='grc' dir='ltr'>ἄστυ,</span> 
     </span>
    </p>
   </div>
   <div class='ocr_carea' id='block_1_12' title="bbox 405 1239 2053 1315">
    <p class='ocr_par' dir='ltr' id='par_1_12' title="bbox 405 1239 2053 1315">
     <span class='ocr_line' id='line_1_13' title="bbox 405 1239 2053 1315; baseline -0.002 -20"><span class='ocrx_word' id='word_1_70' title='bbox 405 1241 498 1295; x_wconf 78' lang='grc' dir='ltr'>καὶ</span> <span class='ocrx_word' id='word_1_71' title='bbox 551 1240 696 1304; x_wconf 76' lang='grc' dir='ltr'>ὅπως</span> <span class='ocrx_word' id='word_1_72' title='bbox 744 1241 806 1297; x_wconf 80' lang='grc' dir='ltr'>ἂν</span> <span class='ocrx_word' id='word_1_73' title='bbox 840 1248 958 1305; x_wconf 76' lang='grc' dir='ltr'>τοῖς</span> <span class='ocrx_word' id='word_1_74' title='bbox 990 1241 1207 1298; x_wconf 77' lang='grc' dir='ltr'>δοκοῦσι</span> <span class='ocrx_word' id='word_1_75' title='bbox 1239 1248 1344 1297; x_wconf 79' lang='grc' dir='ltr'>τῶν</span> <span class='ocrx_word' id='word_1_76' title='bbox 1376 1241 1663 1297; x_wconf 79' lang='grc' dir='ltr'>Ἰταλικῶν</span> <span class='ocrx_word' id='word_1_77' title='bbox 1692 1262 1855 1315; x_wconf 84' lang='grc' dir='ltr'>γενιυν</span> <span class='ocrx_word' id='word_1_78' title='bbox 1882 1239 2053 1313; x_wconf 79' lang='grc' dir='ltr'>(οὗτοι</span> 
     </span>
    </p>
   </div>
   <div class='ocr_carea' id='block_1_13' title="bbox 402 1325 2049 1404">
    <p class='ocr_par' dir='ltr' id='par_1_13' title="bbox 402 1325 2049 1404">
     <span class='ocr_line' id='line_1_14' title="bbox 402 1325 2049 1404; baseline -0.001 -21"><span class='ocrx_word' id='word_1_79' title='bbox 402 1325 451 1384; x_wconf 84' lang='grc' dir='ltr'>δ’</span> <span class='ocrx_word' id='word_1_80' title='bbox 498 1331 632 1397; x_wconf 77' lang='grc' dir='ltr'>ἦσαν</span> <span class='ocrx_word' id='word_1_81' title='bbox 684 1332 991 1386; x_wconf 84' lang='grc' dir='ltr'>Γεννουῖταί</span> <span class='ocrx_word' id='word_1_82' title='bbox 1038 1353 1095 1385; x_wconf 93' lang='grc' dir='ltr'>τε</span> <span class='ocrx_word' id='word_1_83' title='bbox 1124 1331 1213 1386; x_wconf 77' lang='grc' dir='ltr'>καὶ</span> <span class='ocrx_word' id='word_1_84' title='bbox 1260 1332 1530 1388; x_wconf 86' lang='grc' dir='ltr'>Βενετικοί</span> <span class='ocrx_word' id='word_1_85' title='bbox 1574 1331 1663 1385; x_wconf 80' lang='grc' dir='ltr'>καὶ</span> <span class='ocrx_word' id='word_1_86' title='bbox 1693 1330 1865 1404; x_wconf 85' lang='grc' dir='ltr'>τρίτοι</span> <span class='ocrx_word' id='word_1_87' title='bbox 1915 1336 2049 1384; x_wconf 88' lang='grc' dir='ltr'>Ηισ-</span> 
     </span>
    </p>
   </div>
   <div class='ocr_carea' id='block_1_14' title="bbox 401 1419 2052 1499">
    <p class='ocr_par' dir='ltr' id='par_1_14' title="bbox 401 1419 2052 1499">
     <span class='ocr_line' id='line_1_15' title="bbox 401 1419 2052 1499; baseline -0.001 -27"><span class='ocrx_word' id='word_1_88' title='bbox 401 1421 575 1491; x_wconf 89' lang='grc' dir='ltr'>σαῖοι)</span> <span class='ocrx_word' id='word_1_89' title='bbox 624 1424 805 1494; x_wconf 83' lang='grc' dir='ltr'>σοφῶς</span> <span class='ocrx_word' id='word_1_90' title='bbox 851 1421 1356 1495; x_wconf 81' lang='grc' dir='ltr'>προσενεγκάμενος</span> <span class='ocrx_word' id='word_1_91' title='bbox 1402 1420 1493 1474; x_wconf 88' lang='grc' dir='ltr'>καὶ</span> <span class='ocrx_word' id='word_1_92' title='bbox 1554 1421 1638 1499; x_wconf 81' lang='grc' dir='ltr'>ὑφ’</span> <span class='ocrx_word' id='word_1_93' title='bbox 1692 1419 1839 1490; x_wconf 80' lang='grc' dir='ltr'>αὐτῷ</span> <span class='ocrx_word' id='word_1_94' title='bbox 1889 1419 2052 1486; x_wconf 70' lang='grc' dir='ltr'>ποιή-</span> 
     </span>
    </p>
   </div>
   <div class='ocr_carea' id='block_1_15' title="bbox 398 1504 2052 1582">
    <p class='ocr_par' dir='ltr' id='par_1_15' title="bbox 398 1504 2052 1582">
     <span class='ocr_line' id='line_1_16' title="bbox 398 1504 2052 1582; baseline 0 -23"><span class='ocrx_word' id='word_1_95' title='bbox 398 1526 509 1560; x_wconf 81' lang='grc' dir='ltr'>σοι’</span> <span class='ocrx_word' id='word_1_96' title='bbox 575 1505 719 1561; x_wconf 73' lang='grc' dir='ltr'>οὕτω</span> <span class='ocrx_word' id='word_1_97' title='bbox 774 1508 872 1582; x_wconf 75' lang='grc' dir='ltr'>γὰρ</span> <span class='ocrx_word' id='word_1_98' title='bbox 934 1508 994 1562; x_wconf 79' lang='grc' dir='ltr'>ἃν</span> <span class='ocrx_word' id='word_1_99' title='bbox 1052 1509 1228 1563; x_wconf 82' lang='grc' dir='ltr'>αὐτῶν</span> <span class='ocrx_word' id='word_1_100' title='bbox 1292 1509 1760 1578; x_wconf 73' lang='grc' dir='ltr'>ὕποποιηθέντων,</span> <span class='ocrx_word' id='word_1_101' title='bbox 1823 1504 1951 1561; x_wconf 79' lang='grc' dir='ltr'>ο⁹ίων</span> <span class='ocrx_word' id='word_1_102' title='bbox 2005 1509 2052 1559; x_wconf 90' lang='grc' dir='ltr'>τ’</span> 
     </span>
    </p>
   </div>
   <div class='ocr_carea' id='block_1_16' title="bbox 399 1590 2049 1673">
    <p class='ocr_par' dir='ltr' id='par_1_16' title="bbox 399 1590 2049 1673">
     <span class='ocr_line' id='line_1_17' title="bbox 399 1590 2049 1673; baseline 0.001 -25"><span class='ocrx_word' id='word_1_103' title='bbox 399 1590 570 1649; x_wconf 77' lang='grc' dir='ltr'>ὄντων</span> <span class='ocrx_word' id='word_1_104' title='bbox 632 1596 699 1650; x_wconf 75' lang='grc' dir='ltr'>τὰ</span> <span class='ocrx_word' id='word_1_105' title='bbox 755 1599 979 1673; x_wconf 81' lang='grc' dir='ltr'>μέγιστα</span> <span class='ocrx_word' id='word_1_106' title='bbox 1026 1603 1340 1672; x_wconf 78' lang='grc' dir='ltr'>συγκροτεῖν</span> <span class='ocrx_word' id='word_1_107' title='bbox 1398 1598 1451 1659; x_wconf 88' lang='grc' dir='ltr'>ἐς</span> <span class='ocrx_word' id='word_1_108' title='bbox 1506 1596 1535 1651; x_wconf 79' lang='grc' dir='ltr'>ὅ</span> <span class='ocrx_word' id='word_1_109' title='bbox 1589 1618 1639 1651; x_wconf 91' lang='grc' dir='ltr'>τι</span> <span class='ocrx_word' id='word_1_110' title='bbox 1696 1596 1786 1650; x_wconf 81' lang='grc' dir='ltr'>καὶ</span> <span class='ocrx_word' id='word_1_111' title='bbox 1820 1595 2049 1669; x_wconf 74' lang='grc' dir='ltr'>ρέψοιεν,</span> 
     </span>
    </p>
   </div>
   <div class='ocr_carea' id='block_1_17' title="bbox 395 1682 2051 1761">
    <p class='ocr_par' dir='ltr' id='par_1_17' title="bbox 395 1682 2051 1761">
     <span class='ocr_line' id='line_1_18' title="bbox 395 1682 2051 1761; baseline -0.001 -25"><span class='ocrx_word' id='word_1_112' title='bbox 395 1682 527 1746; x_wconf 72' lang='grc' dir='ltr'>τοὺς</span> <span class='ocrx_word' id='word_1_113' title='bbox 581 1682 787 1746; x_wconf 78' lang='grc' dir='ltr'>ἄλλους</span> <span class='ocrx_word' id='word_1_114' title='bbox 846 1686 936 1740; x_wconf 82' lang='grc' dir='ltr'>καὶ</span> <span class='ocrx_word' id='word_1_115' title='bbox 999 1688 1074 1759; x_wconf 86' lang='grc' dir='ltr'>μὴ</span> <span class='ocrx_word' id='word_1_116' title='bbox 1132 1686 1385 1748; x_wconf 83' lang='grc' dir='ltr'>Οέλοντας</span> <span class='ocrx_word' id='word_1_117' title='bbox 1444 1687 1688 1761; x_wconf 79' lang='grc' dir='ltr'>ἠρεμεῖν.</span> <span class='ocrx_word' id='word_1_118' title='bbox 1751 1685 1903 1740; x_wconf 89' lang='grc' dir='ltr'>Ὃθεν</span> <span class='ocrx_word' id='word_1_119' title='bbox 1961 1682 2051 1736; x_wconf 83' lang='grc' dir='ltr'>καὶ</span> 
     </span>
    </p>
   </div>
   <div class='ocr_carea' id='block_1_18' title="bbox 398 1771 2126 1855">
    <p class='ocr_par' dir='ltr' id='par_1_18' title="bbox 398 1771 2126 1855">
     <span class='ocr_line' id='line_1_19' title="bbox 398 1771 2126 1855; baseline 0.001 -31"><span class='ocrx_word' id='word_1_120' title='bbox 398 1771 885 1845; x_wconf 75' lang='grc' dir='ltr'>προσκαλούμενος</span> <span class='ocrx_word' id='word_1_121' title='bbox 920 1775 1130 1849; x_wconf 76' lang='grc' dir='ltr'>ἡμέρας</span> <span class='ocrx_word' id='word_1_122' title='bbox 1188 1772 1325 1845; x_wconf 81' lang='grc' dir='ltr'>ὅλης</span> <span class='ocrx_word' id='word_1_123' title='bbox 1358 1772 1697 1849; x_wconf 74' lang='grc' dir='ltr'>ἐχρημὲίτιζε</span> <span class='ocrx_word' id='word_1_124' title='bbox 1736 1773 1801 1826; x_wconf 75' lang='grc' dir='ltr'>τὰ</span> <span class='ocrx_word' id='word_1_125' title='bbox 1847 1772 2048 1838; x_wconf 78' lang='grc' dir='ltr'>εἰκότα,</span> <span class='ocrx_word' id='word_1_126' title='bbox 2081 1792 2126 1855; x_wconf 80' lang='grc' dir='ltr'><strong>Β</strong></span> 
     </span>
    </p>
   </div>
   <div class='ocr_carea' id='block_1_19' title="bbox 399 1860 2048 1934">
    <p class='ocr_par' dir='ltr' id='par_1_19' title="bbox 399 1860 2048 1934">
     <span class='ocr_line' id='line_1_20' title="bbox 399 1860 2048 1934; baseline 0.004 -21"><span class='ocrx_word' id='word_1_127' title='bbox 399 1861 491 1913; x_wconf 82' lang='grc' dir='ltr'>καὶ</span> <span class='ocrx_word' id='word_1_128' title='bbox 522 1865 645 1921; x_wconf 84' lang='grc' dir='ltr'>ταῖς</span> <span class='ocrx_word' id='word_1_129' title='bbox 670 1865 776 1915; x_wconf 85' lang='grc' dir='ltr'>τῶν</span> <span class='ocrx_word' id='word_1_130' title='bbox 807 1860 1044 1916; x_wconf 79' lang='grc' dir='ltr'>ἐλπίδων</span> <span class='ocrx_word' id='word_1_131' title='bbox 1080 1864 1357 1934; x_wconf 80' lang='grc' dir='ltr'>ἀμείνοσιν</span> <span class='ocrx_word' id='word_1_132' title='bbox 1415 1864 1625 1918; x_wconf 81' lang='grc' dir='ltr'>ύπέσπα</span> <span class='ocrx_word' id='word_1_133' title='bbox 1654 1882 1711 1915; x_wconf 89' lang='grc' dir='ltr'>τε</span> <span class='ocrx_word' id='word_1_134' title='bbox 1756 1867 1856 1929; x_wconf 84' lang='grc' dir='ltr'>τῆς</span> <span class='ocrx_word' id='word_1_135' title='bbox 1914 1860 2048 1934; x_wconf 79' lang='grc' dir='ltr'>πρὸς</span> 
     </span>
    </p>
   </div>
   <div class='ocr_carea' id='block_1_20' title="bbox 402 1947 2051 2024">
    <p class='ocr_par' dir='ltr' id='par_1_20' title="bbox 402 1947 2051 2024">
     <span class='ocr_line' id='line_1_21' title="bbox 402 1947 2051 2024; baseline 0.001 -24"><span class='ocrx_word' id='word_1_136' title='bbox 402 1947 535 2009; x_wconf 74' lang='grc' dir='ltr'>τοὺς</span> <span class='ocrx_word' id='word_1_137' title='bbox 566 1949 849 2022; x_wconf 82' lang='grc' dir='ltr'>ὁμογενεῖς</span> <span class='ocrx_word' id='word_1_138' title='bbox 880 1949 1220 2019; x_wconf 70' lang='grc' dir='ltr'>οἰκειότητος</span> <span class='ocrx_word' id='word_1_139' title='bbox 1247 1952 1337 2005; x_wconf 79' lang='grc' dir='ltr'>καὶ</span> <span class='ocrx_word' id='word_1_140' title='bbox 1365 1952 1482 2005; x_wconf 89' lang='grc' dir='ltr'>κατ’</span> <span class='ocrx_word' id='word_1_141' title='bbox 1519 1949 1708 2024; x_wconf 81' lang='grc' dir='ltr'>ὀλίγον</span> <span class='ocrx_word' id='word_1_142' title='bbox 1758 1969 2051 2021; x_wconf 88' lang='grc' dir='ltr'>προσεποι-</span> 
     </span>
    </p>
   </div>
   <div class='ocr_carea' id='block_1_21' title="bbox 401 2035 2049 2116">
    <p class='ocr_par' dir='ltr' id='par_1_21' title="bbox 401 2035 2049 2116">
     <span class='ocr_line' id='line_1_22' title="bbox 401 2035 2049 2116; baseline 0.001 -27"><span class='ocrx_word' id='word_1_143' title='bbox 401 2040 540 2107; x_wconf 84' lang='grc' dir='ltr'>εῖτο,</span> <span class='ocrx_word' id='word_1_144' title='bbox 570 2035 661 2090; x_wconf 90' lang='grc' dir='ltr'>καί</span> <span class='ocrx_word' id='word_1_145' title='bbox 685 2059 746 2111; x_wconf 88' lang='grc' dir='ltr'>γε</span> <span class='ocrx_word' id='word_1_146' title='bbox 775 2038 868 2101; x_wconf 79' lang='grc' dir='ltr'>τὰς</span> <span class='ocrx_word' id='word_1_147' title='bbox 899 2039 1073 2113; x_wconf 81' lang='grc' dir='ltr'>ὁρμὰς</span> <span class='ocrx_word' id='word_1_148' title='bbox 1100 2039 1246 2116; x_wconf 88' lang='grc' dir='ltr'>σφίσι</span> <span class='ocrx_word' id='word_1_149' title='bbox 1278 2044 1460 2116; x_wconf 80' lang='grc' dir='ltr'>σοφῶς</span> <span class='ocrx_word' id='word_1_150' title='bbox 1481 2044 1598 2099; x_wconf 88' lang='grc' dir='ltr'>ταῖς</span> <span class='ocrx_word' id='word_1_151' title='bbox 1621 2039 1837 2112; x_wconf 77' lang='grc' dir='ltr'>’χάρισιν</span> <span class='ocrx_word' id='word_1_152' title='bbox 1865 2036 2049 2091; x_wconf 74' lang='grc' dir='ltr'>ὑπετέ-</span> 
     </span>
    </p>
   </div>
   <div class='ocr_carea' id='block_1_22' title="bbox 404 2124 2047 2198">
    <p class='ocr_par' dir='ltr' id='par_1_22' title="bbox 404 2124 2047 2198">
     <span class='ocr_line' id='line_1_23' title="bbox 404 2124 2047 2198; baseline 0.001 -22"><span class='ocrx_word' id='word_1_153' title='bbox 404 2144 589 2195; x_wconf 77' lang='grc' dir='ltr'>μνετο.</span> <span class='ocrx_word' id='word_1_154' title='bbox 646 2126 717 2179; x_wconf 79' lang='grc' dir='ltr'><strong>Αἱ</strong></span> <span class='ocrx_word' id='word_1_155' title='bbox 762 2124 805 2179; x_wconf 84' lang='grc' dir='ltr'>δ’</span> <span class='ocrx_word' id='word_1_156' title='bbox 846 2126 979 2195; x_wconf 80' lang='grc' dir='ltr'>ἦσαν</span> <span class='ocrx_word' id='word_1_157' title='bbox 1029 2128 1081 2181; x_wconf 87' lang='grc' dir='ltr'>ἐν</span> <span class='ocrx_word' id='word_1_158' title='bbox 1127 2127 1282 2198; x_wconf 83' lang='grc' dir='ltr'>καλῷ</span> <span class='ocrx_word' id='word_1_159' title='bbox 1311 2149 1368 2182; x_wconf 88' lang='grc' dir='ltr'>τε</span> <span class='ocrx_word' id='word_1_160' title='bbox 1396 2135 1496 2196; x_wconf 86' lang='grc' dir='ltr'>τῆς</span> <span class='ocrx_word' id='word_1_161' title='bbox 1520 2126 1734 2187; x_wconf 89' lang='grc' dir='ltr'>πόλεως</span> <span class='ocrx_word' id='word_1_162' title='bbox 1780 2129 2047 2179; x_wconf 85' lang='grc' dir='ltr'>κατοικεῖν</span> 
     </span>
    </p>
   </div>
   <div class='ocr_carea' id='block_1_23' title="bbox 396 2208 2048 2286">
    <p class='ocr_par' dir='ltr' id='par_1_23' title="bbox 396 2208 2048 2286">
     <span class='ocr_line' id='line_1_24' title="bbox 396 2208 2048 2286; baseline 0.001 -23"><span class='ocrx_word' id='word_1_163' title='bbox 396 2208 619 2279; x_wconf 80' lang='grc' dir='ltr'>ἀνέδην,</span> <span class='ocrx_word' id='word_1_164' title='bbox 678 2213 834 2266; x_wconf 79' lang='grc' dir='ltr'>τόσον</span> <span class='ocrx_word' id='word_1_165' title='bbox 891 2218 987 2268; x_wconf 82' lang='grc' dir='ltr'>τοῦ</span> <span class='ocrx_word' id='word_1_166' title='bbox 1043 2213 1212 2268; x_wconf 84' lang='grc' dir='ltr'>τόπου</span> <span class='ocrx_word' id='word_1_167' title='bbox 1267 2210 1556 2283; x_wconf 78' lang='grc' dir='ltr'>λαϐόντας,</span> <span class='ocrx_word' id='word_1_168' title='bbox 1613 2213 1702 2267; x_wconf 81' lang='grc' dir='ltr'>καὶ</span> <span class='ocrx_word' id='word_1_169' title='bbox 1748 2213 1847 2279; x_wconf 75' lang='grc' dir='ltr'>τὴν</span> <span class='ocrx_word' id='word_1_170' title='bbox 1902 2211 2048 2286; x_wconf 88' lang='grc' dir='ltr'>σφίσι</span> 
     </span>
    </p>
   </div>
   <div class='ocr_carea' id='block_1_24' title="bbox 396 2301 2049 2381">
    <p class='ocr_par' dir='ltr' id='par_1_24' title="bbox 396 2301 2049 2381">
     <span class='ocr_line' id='line_1_25' title="bbox 396 2301 2049 2381; baseline 0.005 -29"><span class='ocrx_word' id='word_1_171' title='bbox 396 2303 607 2371; x_wconf 82' lang='grc' dir='ltr'>συνήθη</span> <span class='ocrx_word' id='word_1_172' title='bbox 648 2301 795 2373; x_wconf 80' lang='grc' dir='ltr'>τάξιν</span> <span class='ocrx_word' id='word_1_173' title='bbox 832 2304 920 2357; x_wconf 83' lang='grc' dir='ltr'>ὑπ’</span> <span class='ocrx_word' id='word_1_174' title='bbox 949 2302 1177 2381; x_wconf 75' lang='grc' dir='ltr'>ἄρχοντι</span> <span class='ocrx_word' id='word_1_175' title='bbox 1224 2307 1565 2377; x_wconf 79' lang='grc' dir='ltr'>πεμπομένῳ</span> <span class='ocrx_word' id='word_1_176' title='bbox 1616 2306 1697 2375; x_wconf 83' lang='grc' dir='ltr'>[Ρ.</span> <span class='ocrx_word' id='word_1_177' title='bbox 1736 2304 1856 2375; x_wconf 87' lang='grc'>105]</span> <span class='ocrx_word' id='word_1_178' title='bbox 1906 2301 2049 2373; x_wconf 79' lang='grc' dir='ltr'>παρά</span> 
     </span>
    </p>
   </div>
   <div class='ocr_carea' id='block_1_25' title="bbox 397 2389 2046 2468">
    <p class='ocr_par' dir='ltr' id='par_1_25' title="bbox 397 2389 2046 2468">
     <span class='ocr_line' id='line_1_26' title="bbox 397 2389 2046 2468; baseline 0.002 -27"><span class='ocrx_word' id='word_1_179' title='bbox 397 2392 499 2442; x_wconf 81' lang='grc' dir='ltr'>τοῦ</span> <span class='ocrx_word' id='word_1_180' title='bbox 529 2395 716 2446; x_wconf 76' lang='grc' dir='ltr'>κοινοῦ</span> <span class='ocrx_word' id='word_1_181' title='bbox 743 2389 1018 2467; x_wconf 80' lang='grc' dir='ltr'>συνεδρίου</span> <span class='ocrx_word' id='word_1_182' title='bbox 1064 2397 1159 2448; x_wconf 79' lang='grc' dir='ltr'>τοῦ</span> <span class='ocrx_word' id='word_1_183' title='bbox 1212 2395 1402 2468; x_wconf 84' lang='grc' dir='ltr'>γὲνους</span> <span class='ocrx_word' id='word_1_184' title='bbox 1433 2391 1631 2457; x_wconf 77' lang='grc' dir='ltr'>αὐτῶν,</span> <span class='ocrx_word' id='word_1_185' title='bbox 1665 2390 1723 2445; x_wconf 85' lang='grc' dir='ltr'>ὅν</span> <span class='ocrx_word' id='word_1_186' title='bbox 1768 2390 1857 2444; x_wconf 87' lang='grc' dir='ltr'>καὶ</span> <span class='ocrx_word' id='word_1_187' title='bbox 1888 2409 2046 2444; x_wconf 89' lang='grc' dir='ltr'>ποτε-</span> 
     </span>
    </p>
   </div>
   <div class='ocr_carea' id='block_1_26' title="bbox 401 2517 2047 2591">
    <p class='ocr_par' dir='ltr' id='par_1_26' title="bbox 401 2517 2047 2591">
     <span class='ocr_line' id='line_1_27' title="bbox 401 2517 2047 2591; baseline -0.001 -20"><span class='ocrx_word' id='word_1_188' title='bbox 401 2517 662 2587; x_wconf 85' lang='lat' dir='ltr'>speciem</span> <span class='ocrx_word' id='word_1_189' title='bbox 697 2517 883 2573; x_wconf 87' lang='lat' dir='ltr'>multo</span> <span class='ocrx_word' id='word_1_190' title='bbox 936 2519 1292 2591; x_wconf 78' lang='lat' dir='ltr'>augustioris</span> <span class='ocrx_word' id='word_1_191' title='bbox 1325 2518 1651 2588; x_wconf 87' lang='lat' dir='ltr'>majestatis</span> <span class='ocrx_word' id='word_1_192' title='bbox 1682 2517 2047 2587; x_wconf 87' lang='lat' dir='ltr'>aliquantum</span> 
     </span>
    </p>
   </div>
   <div class='ocr_carea' id='block_1_27' title="bbox 404 2604 2047 2678">
    <p class='ocr_par' dir='ltr' id='par_1_27' title="bbox 404 2604 2047 2678">
     <span class='ocr_line' id='line_1_28' title="bbox 404 2604 2047 2678; baseline -0.002 -17"><span class='ocrx_word' id='word_1_193' title='bbox 404 2605 638 2661; x_wconf 83' lang='lat' dir='ltr'>deliniri</span> <span class='ocrx_word' id='word_1_194' title='bbox 697 2606 980 2676; x_wconf 90' lang='lat' dir='ltr'>potuisse,</span> <span class='ocrx_word' id='word_1_195' title='bbox 1034 2625 1098 2662; x_wconf 87' lang='lat' dir='ltr'>ac</span> <span class='ocrx_word' id='word_1_196' title='bbox 1131 2625 1245 2663; x_wconf 91' lang='lat' dir='ltr'>non</span> <span class='ocrx_word' id='word_1_197' title='bbox 1297 2607 1467 2678; x_wconf 89' lang='lat' dir='ltr'>longe</span> <span class='ocrx_word' id='word_1_198' title='bbox 1516 2606 1697 2660; x_wconf 86' lang='lat' dir='ltr'>futuri</span> <span class='ocrx_word' id='word_1_199' title='bbox 1746 2604 1925 2659; x_wconf 81' lang='lat' dir='ltr'>fuisse</span> <span class='ocrx_word' id='word_1_200' title='bbox 1976 2604 2047 2657; x_wconf 89' lang='lat' dir='ltr'>ab</span> 
     </span>
    </p>
   </div>
   <div class='ocr_carea' id='block_1_28' title="bbox 407 2692 2049 2766">
    <p class='ocr_par' dir='ltr' id='par_1_28' title="bbox 407 2692 2049 2766">
     <span class='ocr_line' id='line_1_29' title="bbox 407 2692 2049 2766; baseline -0.002 -18"><span class='ocrx_word' id='word_1_201' title='bbox 407 2694 833 2763; x_wconf 88' lang='lat' dir='ltr'>acquiescendo</span> <span class='ocrx_word' id='word_1_202' title='bbox 879 2696 1150 2766; x_wconf 69' lang='lat' dir='ltr'>praesenti</span> <span class='ocrx_word' id='word_1_203' title='bbox 1188 2697 1453 2759; x_wconf 78' lang='lat' dir='ltr'>fortunae,</span> <span class='ocrx_word' id='word_1_204' title='bbox 1505 2695 1659 2749; x_wconf 83' lang='lat' dir='ltr'>haud</span> <span class='ocrx_word' id='word_1_205' title='bbox 1693 2692 2049 2763; x_wconf 90' lang='lat' dir='ltr'>ignominio-</span> 
     </span>
    </p>
   </div>
   <div class='ocr_carea' id='block_1_29' title="bbox 412 2781 2050 2855">
    <p class='ocr_par' dir='ltr' id='par_1_29' title="bbox 412 2781 2050 2855">
     <span class='ocr_line' id='line_1_30' title="bbox 412 2781 2050 2855; baseline -0.001 -21"><span class='ocrx_word' id='word_1_206' title='bbox 412 2798 547 2835; x_wconf 89' lang='lat' dir='ltr'>sum</span> <span class='ocrx_word' id='word_1_207' title='bbox 570 2782 677 2836; x_wconf 89' lang='lat' dir='ltr'>sibi</span> <span class='ocrx_word' id='word_1_208' title='bbox 701 2784 977 2838; x_wconf 80' lang='lat' dir='ltr'>ducentes</span> <span class='ocrx_word' id='word_1_209' title='bbox 1007 2783 1107 2837; x_wconf 90' lang='lat' dir='ltr'>tali</span> <span class='ocrx_word' id='word_1_210' title='bbox 1135 2783 1384 2855; x_wconf 85' lang='lat' dir='ltr'>principi</span> <span class='ocrx_word' id='word_1_211' title='bbox 1416 2783 1676 2846; x_wconf 86' lang='lat' dir='ltr'>subesse,</span> <span class='ocrx_word' id='word_1_212' title='bbox 1706 2781 1818 2835; x_wconf 88' lang='lat' dir='ltr'>nisi</span> <span class='ocrx_word' id='word_1_213' title='bbox 1844 2796 2050 2834; x_wconf 90' lang='lat' dir='ltr'>rancor</span> 
     </span>
    </p>
   </div>
   <div class='ocr_carea' id='block_1_30' title="bbox 418 2868 2045 2943">
    <p class='ocr_par' dir='ltr' id='par_1_30' title="bbox 418 2868 2045 2943">
     <span class='ocr_line' id='line_1_31' title="bbox 418 2868 2045 2943; baseline -0.001 -21"><span class='ocrx_word' id='word_1_214' title='bbox 418 2868 709 2940; x_wconf 84' lang='lat' dir='ltr'>ingenitus</span> <span class='ocrx_word' id='word_1_215' title='bbox 745 2871 801 2924; x_wconf 90' lang='lat' dir='ltr'>in</span> <span class='ocrx_word' id='word_1_216' title='bbox 853 2875 1252 2941; x_wconf 90' lang='lat' dir='ltr'>contemptum</span> <span class='ocrx_word' id='word_1_217' title='bbox 1304 2870 1612 2943; x_wconf 85' lang='lat' dir='ltr'>potestatis</span> <span class='ocrx_word' id='word_1_218' title='bbox 1656 2868 1878 2923; x_wconf 88' lang='lat' dir='ltr'>homini</span> <span class='ocrx_word' id='word_1_219' title='bbox 1932 2884 2045 2921; x_wconf 92' lang='lat' dir='ltr'>non</span> 
     </span>
    </p>
   </div>
   <div class='ocr_carea' id='block_1_31' title="bbox 410 2957 2049 3030">
    <p class='ocr_par' dir='ltr' id='par_1_31' title="bbox 410 2957 2049 3030">
     <span class='ocr_line' id='line_1_32' title="bbox 410 2957 2049 3030; baseline -0.003 -17"><span class='ocrx_word' id='word_1_220' title='bbox 410 2957 507 3013; x_wconf 89' lang='lat' dir='ltr'>sui</span> <span class='ocrx_word' id='word_1_221' title='bbox 530 2961 749 3029; x_wconf 86' lang='lat' dir='ltr'>generis</span> <span class='ocrx_word' id='word_1_222' title='bbox 772 2960 1100 3015; x_wconf 71' lang='lat' dir='ltr'>commissa:</span> <span class='ocrx_word' id='word_1_223' title='bbox 1123 2960 1391 3025; x_wconf 72' lang='lat' dir='ltr'>traheret,</span> <span class='ocrx_word' id='word_1_224' title='bbox 1419 2958 1738 3030; x_wconf 67' lang='lat' dir='ltr'>praesertim</span> <span class='ocrx_word' id='word_1_225' title='bbox 1759 2957 1910 3011; x_wconf 73' lang='lat'>162</span> <span class='ocrx_word' id='word_1_226' title='bbox 1938 2972 2049 3009; x_wconf 87' lang='lat' dir='ltr'>me-</span> 
     </span>
    </p>
   </div>
   <div class='ocr_carea' id='block_1_32' title="bbox 409 3045 2048 3115">
    <p class='ocr_par' dir='ltr' id='par_1_32' title="bbox 409 3045 2048 3115">
     <span class='ocr_line' id='line_1_33' title="bbox 409 3045 2048 3115; baseline -0.003 -14"><span class='ocrx_word' id='word_1_227' title='bbox 409 3063 601 3101; x_wconf 87' lang='lat' dir='ltr'>mores</span> <span class='ocrx_word' id='word_1_228' title='bbox 650 3046 1050 3102; x_wconf 85' lang='lat' dir='ltr'>calamitatum</span> <span class='ocrx_word' id='word_1_229' title='bbox 1093 3048 1342 3103; x_wconf 87' lang='lat' dir='ltr'>recentis</span> <span class='ocrx_word' id='word_1_230' title='bbox 1395 3047 1600 3111; x_wconf 90' lang='lat' dir='ltr'>cladis,</span> <span class='ocrx_word' id='word_1_231' title='bbox 1634 3050 1691 3099; x_wconf 92' lang='lat' dir='ltr'>et</span> <span class='ocrx_word' id='word_1_232' title='bbox 1739 3045 1934 3115; x_wconf 88' lang='lat' dir='ltr'>pejora</span> <span class='ocrx_word' id='word_1_233' title='bbox 1982 3058 2048 3096; x_wconf 86' lang='lat' dir='ltr'>ex</span> 
     </span>
    </p>
   </div>
   <div class='ocr_carea' id='block_1_33' title="bbox 2162 506 3787 590">
    <p class='ocr_par' dir='ltr' id='par_1_33' title="bbox 2162 506 3787 590">
     <span class='ocr_line' id='line_1_34' title="bbox 2162 506 3787 590; baseline -0.004 -21"><span class='ocrx_word' id='word_1_234' title='bbox 2162 514 2353 587; x_wconf 81' lang='grc' dir='ltr'>νόμοις</span> <span class='ocrx_word' id='word_1_235' title='bbox 2387 514 2550 579; x_wconf 81' lang='grc' dir='ltr'>ἰδίοις</span> <span class='ocrx_word' id='word_1_236' title='bbox 2606 514 2978 590; x_wconf 66' lang='grc' dir='ltr'>προσέχοντας</span> <span class='ocrx_word' id='word_1_237' title='bbox 3030 512 3427 578; x_wconf 84' lang='grc' dir='ltr'>πολιτεύεσθαι,</span> <span class='ocrx_word' id='word_1_238' title='bbox 3488 506 3787 565; x_wconf 81' lang='grc' dir='ltr'>ἀτέλειανδ</span> 
     </span>
    </p>
   </div>
   <div class='ocr_carea' id='block_1_34' title="bbox 2161 597 3806 679">
    <p class='ocr_par' dir='ltr' id='par_1_34' title="bbox 2161 597 3806 679">
     <span class='ocr_line' id='line_1_35' title="bbox 2161 597 3806 679; baseline -0.004 -23"><span class='ocrx_word' id='word_1_239' title='bbox 2161 599 2306 676; x_wconf 79' lang='grc' dir='ltr'>ἔχειν</span> <span class='ocrx_word' id='word_1_240' title='bbox 2339 603 2427 657; x_wconf 86' lang='grc' dir='ltr'>καὶ</span> <span class='ocrx_word' id='word_1_241' title='bbox 2460 602 2766 677; x_wconf 80' lang='grc' dir='ltr'>ἐλευθερίαν</span> <span class='ocrx_word' id='word_1_242' title='bbox 2801 602 2879 679; x_wconf 86' lang='grc' dir='ltr'>ἐφ’</span> <span class='ocrx_word' id='word_1_243' title='bbox 2931 604 3093 657; x_wconf 76' lang='grc' dir='ltr'>ἅπασι</span> <span class='ocrx_word' id='word_1_244' title='bbox 3141 600 3292 655; x_wconf 83' lang='grc' dir='ltr'>ναυσῖ</span> <span class='ocrx_word' id='word_1_245' title='bbox 3342 600 3663 674; x_wconf 88' lang='grc' dir='ltr'>χρωμένους</span> <span class='ocrx_word' id='word_1_246' title='bbox 3717 597 3806 651; x_wconf 80' lang='grc' dir='ltr'>καὶ</span> 
     </span>
    </p>
   </div>
   <div class='ocr_carea' id='block_1_35' title="bbox 2166 684 3804 766">
    <p class='ocr_par' dir='ltr' id='par_1_35' title="bbox 2166 684 3804 766">
     <span class='ocr_line' id='line_1_36' title="bbox 2166 684 3804 766; baseline -0.004 -22"><span class='ocrx_word' id='word_1_247' title='bbox 2166 691 2639 766; x_wconf 83' lang='grc' dir='ltr'>μεταχειρίζοντας</span> <span class='ocrx_word' id='word_1_248' title='bbox 2698 694 2813 745; x_wconf 91' lang='grc' dir='ltr'>κατ’</span> <span class='ocrx_word' id='word_1_249' title='bbox 2867 690 3151 765; x_wconf 83' lang='grc' dir='ltr'>ἐμπειρίαν</span> <span class='ocrx_word' id='word_1_250' title='bbox 3208 690 3273 743; x_wconf 76' lang='grc' dir='ltr'>τὰ</span> <span class='ocrx_word' id='word_1_251' title='bbox 3329 689 3645 762; x_wconf 76' lang='grc' dir='ltr'>πράγματα.</span> <span class='ocrx_word' id='word_1_252' title='bbox 3708 684 3804 738; x_wconf 80' lang='grc' dir='ltr'>Καὶ</span> 
     </span>
    </p>
   </div>
   <div class='ocr_carea' id='block_1_36' title="bbox 2158 778 3806 853">
    <p class='ocr_par' dir='ltr' id='par_1_36' title="bbox 2158 778 3806 853">
     <span class='ocr_line' id='line_1_37' title="bbox 2158 778 3806 853; baseline -0.004 -21"><span class='ocrx_word' id='word_1_253' title='bbox 2158 784 2323 833; x_wconf 78' lang='grc' dir='ltr'>ταῦτα</span> <span class='ocrx_word' id='word_1_254' title='bbox 2388 781 2483 852; x_wconf 70' lang='grc' dir='ltr'>μὲν</span> <span class='ocrx_word' id='word_1_255' title='bbox 2545 779 2880 841; x_wconf 74' lang='grc' dir='ltr'>Γεννουίταις</span> <span class='ocrx_word' id='word_1_256' title='bbox 2936 780 3001 833; x_wconf 75' lang='grc' dir='ltr'>τὰ</span> <span class='ocrx_word' id='word_1_257' title='bbox 3049 778 3453 853; x_wconf 70' lang='grc' dir='ltr'>ἐπαγγέλματα,</span> <span class='ocrx_word' id='word_1_258' title='bbox 3505 779 3806 834; x_wconf 79' lang='grc' dir='ltr'>Βενετικοῖς</span> 
     </span>
    </p>
   </div>
   <div class='ocr_carea' id='block_1_37' title="bbox 2161 865 3803 943">
    <p class='ocr_par' dir='ltr' id='par_1_37' title="bbox 2161 865 3803 943">
     <span class='ocr_line' id='line_1_38' title="bbox 2161 865 3803 943; baseline -0.004 -22"><span class='ocrx_word' id='word_1_259' title='bbox 2161 866 2217 921; x_wconf 69' lang='grc' dir='ltr'>δὲ</span> <span class='ocrx_word' id='word_1_260' title='bbox 2272 869 2357 921; x_wconf 85' lang='grc' dir='ltr'>καὶ</span> <span class='ocrx_word' id='word_1_261' title='bbox 2420 870 2701 930; x_wconf 79' lang='grc' dir='ltr'>Πισσαίοις</span> <span class='ocrx_word' id='word_1_262' title='bbox 2758 871 2823 922; x_wconf 74' lang='grc' dir='ltr'>τὰ</span> <span class='ocrx_word' id='word_1_263' title='bbox 2882 867 3047 941; x_wconf 75' lang='grc' dir='ltr'>ὅμοια</span> <span class='ocrx_word' id='word_1_264' title='bbox 3096 865 3636 943; x_wconf 79' lang='grc' dir='ltr'>προσεφιλοτιμεῖτο,</span> <span class='ocrx_word' id='word_1_265' title='bbox 3684 868 3803 923; x_wconf 88' lang='grc' dir='ltr'>τοῖς</span> 
     </span>
    </p>
   </div>
   <div class='ocr_carea' id='block_1_38' title="bbox 2164 952 3802 1030">
    <p class='ocr_par' dir='ltr' id='par_1_38' title="bbox 2164 952 3802 1030">
     <span class='ocr_line' id='line_1_39' title="bbox 2164 952 3802 1030; baseline -0.003 -20"><span class='ocrx_word' id='word_1_266' title='bbox 2164 958 2256 1029; x_wconf 72' lang='grc' dir='ltr'>μὲν</span> <span class='ocrx_word' id='word_1_267' title='bbox 2292 958 2393 1011; x_wconf 83' lang='grc' dir='ltr'>ὑπὸ</span> <span class='ocrx_word' id='word_1_268' title='bbox 2424 959 2700 1030; x_wconf 83' lang='grc' dir='ltr'>παϊούλῳ,</span> <span class='ocrx_word' id='word_1_269' title='bbox 2734 958 2790 1011; x_wconf 78' lang='grc' dir='ltr'>ὅν</span> <span class='ocrx_word' id='word_1_270' title='bbox 2822 955 3030 1013; x_wconf 74' lang='grc' dir='ltr'>’Έλλαν</span> <span class='ocrx_word' id='word_1_271' title='bbox 3065 957 3122 1010; x_wconf 73' lang='grc' dir='ltr'>ἂν</span> <span class='ocrx_word' id='word_1_272' title='bbox 3167 952 3311 1010; x_wconf 72' lang='grc' dir='ltr'>εἶ’ποι</span> <span class='ocrx_word' id='word_1_273' title='bbox 3343 954 3654 1029; x_wconf 86' lang='grc' dir='ltr'>ἐπίτροπον,</span> <span class='ocrx_word' id='word_1_274' title='bbox 3686 957 3802 1012; x_wconf 84' lang='grc' dir='ltr'>τοῖς</span> 
     </span>
    </p>
   </div>
   <div class='ocr_carea' id='block_1_39' title="bbox 2159 1042 3803 1120">
    <p class='ocr_par' dir='ltr' id='par_1_39' title="bbox 2159 1042 3803 1120">
     <span class='ocr_line' id='line_1_40' title="bbox 2159 1042 3803 1120; baseline -0.004 -20"><span class='ocrx_word' id='word_1_275' title='bbox 2159 1044 2216 1100; x_wconf 78' lang='grc' dir='ltr'>δὲ</span> <span class='ocrx_word' id='word_1_276' title='bbox 2272 1046 2551 1108; x_wconf 87' lang='grc' dir='ltr'>Πισσαίοις</span> <span class='ocrx_word' id='word_1_277' title='bbox 2609 1045 2916 1119; x_wconf 85' lang='grc' dir='ltr'>κονσούλῳ,</span> <span class='ocrx_word' id='word_1_278' title='bbox 2978 1046 3157 1120; x_wconf 87' lang='grc' dir='ltr'>ἐφὸρῳ</span> <span class='ocrx_word' id='word_1_279' title='bbox 3216 1046 3407 1117; x_wconf 82' lang='grc' dir='ltr'>νόμοις</span> <span class='ocrx_word' id='word_1_280' title='bbox 3453 1048 3570 1105; x_wconf 90' lang='grc' dir='ltr'>τοῖς</span> <span class='ocrx_word' id='word_1_281' title='bbox 3622 1042 3803 1096; x_wconf 80' lang='grc' dir='ltr'>αὐτῶν</span> 
     </span>
    </p>
   </div>
   <div class='ocr_carea' id='block_1_40' title="bbox 2157 1131 3805 1210">
    <p class='ocr_par' dir='ltr' id='par_1_40' title="bbox 2157 1131 3805 1210">
     <span class='ocr_line' id='line_1_41' title="bbox 2157 1131 3805 1210; baseline -0.004 -21"><span class='ocrx_word' id='word_1_282' title='bbox 2157 1136 2492 1210; x_wconf 73' lang='grc' dir='ltr'>χρωμένοις,</span> <span class='ocrx_word' id='word_1_283' title='bbox 2545 1138 2795 1210; x_wconf 86' lang='grc' dir='ltr'>πράττειν</span> <span class='ocrx_word' id='word_1_284' title='bbox 2829 1157 2887 1190; x_wconf 89' lang='grc' dir='ltr'>τε</span> <span class='ocrx_word' id='word_1_285' title='bbox 2936 1137 3001 1189; x_wconf 71' lang='grc' dir='ltr'>τὰ</span> <span class='ocrx_word' id='word_1_286' title='bbox 3052 1134 3227 1190; x_wconf 75' lang='grc' dir='ltr'>αὐτῶν</span> <span class='ocrx_word' id='word_1_287' title='bbox 3284 1131 3604 1201; x_wconf 71' lang='grc' dir='ltr'>ἀκωλυτως,</span> <span class='ocrx_word' id='word_1_288' title='bbox 3651 1131 3805 1185; x_wconf 83' lang='grc' dir='ltr'>ἐλευ-</span> 
     </span>
    </p>
   </div>
   <div class='ocr_carea' id='block_1_41' title="bbox 2158 1219 3804 1300">
    <p class='ocr_par' dir='ltr' id='par_1_41' title="bbox 2158 1219 3804 1300">
     <span class='ocr_line' id='line_1_42' title="bbox 2158 1219 3804 1300; baseline -0.004 -21"><span class='ocrx_word' id='word_1_289' title='bbox 2158 1226 2328 1300; x_wconf 76' lang='grc' dir='ltr'>θέρως</span> <span class='ocrx_word' id='word_1_290' title='bbox 2374 1223 2737 1288; x_wconf 76' lang='grc' dir='ltr'>διαϐιοῦντας.</span> <span class='ocrx_word' id='word_1_291' title='bbox 2800 1225 2951 1295; x_wconf 79' lang='grc' dir='ltr'>Πλὴν</span> <span class='ocrx_word' id='word_1_292' title='bbox 3011 1231 3124 1286; x_wconf 88' lang='grc' dir='ltr'>τοῖς</span> <span class='ocrx_word' id='word_1_293' title='bbox 3177 1224 3271 1298; x_wconf 74' lang='grc' dir='ltr'>μὶν</span> <span class='ocrx_word' id='word_1_294' title='bbox 3325 1221 3658 1283; x_wconf 77' lang='grc' dir='ltr'>Γεννουίταις</span> <span class='ocrx_word' id='word_1_295' title='bbox 3706 1219 3804 1274; x_wconf 77' lang='grc' dir='ltr'>οὐκ</span> 
     </span>
    </p>
   </div>
   <div class='ocr_carea' id='block_1_42' title="bbox 2158 1310 3802 1391">
    <p class='ocr_par' dir='ltr' id='par_1_42' title="bbox 2158 1310 3802 1391">
     <span class='ocr_line' id='line_1_43' title="bbox 2158 1310 3802 1391; baseline -0.004 -21"><span class='ocrx_word' id='word_1_296' title='bbox 2158 1316 2275 1390; x_wconf 75' lang='grc' dir='ltr'>εἶχε</span> <span class='ocrx_word' id='word_1_297' title='bbox 2322 1317 2592 1372; x_wconf 87' lang='grc' dir='ltr'>πιστεύειν</span> <span class='ocrx_word' id='word_1_298' title='bbox 2651 1317 2800 1380; x_wconf 82' lang='grc' dir='ltr'>ἐντὸς</span> <span class='ocrx_word' id='word_1_299' title='bbox 2850 1313 3383 1391; x_wconf 77' lang='grc' dir='ltr'>περικεκλεισμένοις</span> <span class='ocrx_word' id='word_1_300' title='bbox 3439 1317 3534 1367; x_wconf 76' lang='grc' dir='ltr'>τοῦ</span> <span class='ocrx_word' id='word_1_301' title='bbox 3594 1310 3802 1372; x_wconf 76' lang='grc' dir='ltr'>ἄστεος.</span> 
     </span>
    </p>
   </div>
   <div class='ocr_carea' id='block_1_43' title="bbox 2156 1402 3797 1482">
    <p class='ocr_par' dir='ltr' id='par_1_43' title="bbox 2156 1402 3797 1482">
     <span class='ocr_line' id='line_1_44' title="bbox 2156 1402 3797 1482; baseline -0.004 -23"><span class='ocrx_word' id='word_1_302' title='bbox 2156 1405 2390 1468; x_wconf 74' lang='grc' dir='ltr'>πολλοῖς</span> <span class='ocrx_word' id='word_1_303' title='bbox 2448 1428 2508 1482; x_wconf 93' lang='grc' dir='ltr'>γε</span> <span class='ocrx_word' id='word_1_304' title='bbox 2565 1408 2679 1461; x_wconf 77' lang='grc' dir='ltr'>οὖσι</span> <span class='ocrx_word' id='word_1_305' title='bbox 2736 1407 2824 1460; x_wconf 75' lang='grc' dir='ltr'>καὶ</span> <span class='ocrx_word' id='word_1_306' title='bbox 2885 1406 2946 1459; x_wconf 68' lang='grc' dir='ltr'>οὗ</span> <span class='ocrx_word' id='word_1_307' title='bbox 3004 1407 3121 1460; x_wconf 85' lang='grc' dir='ltr'>κατ’</span> <span class='ocrx_word' id='word_1_308' title='bbox 3180 1405 3417 1466; x_wconf 79' lang='grc' dir='ltr'>ἐκείνους</span> <span class='ocrx_word' id='word_1_309' title='bbox 3464 1402 3797 1479; x_wconf 74' lang='grc' dir='ltr'>ἐμφοτέρους</span> 
     </span>
    </p>
   </div>
   <div class='ocr_carea' id='block_1_44' title="bbox 2155 1491 3805 1569">
    <p class='ocr_par' dir='ltr' id='par_1_44' title="bbox 2155 1491 3805 1569">
     <span class='ocr_line' id='line_1_45' title="bbox 2155 1491 3805 1569; baseline -0.004 -20"><span class='ocrx_word' id='word_1_310' title='bbox 2155 1496 2409 1569; x_wconf 89' lang='grc' dir='ltr'>σύναμαι,</span> <span class='ocrx_word' id='word_1_311' title='bbox 2443 1497 2682 1558; x_wconf 80' lang='grc' dir='ltr'>ἐκείνους</span> <span class='ocrx_word' id='word_1_312' title='bbox 2718 1495 2763 1551; x_wconf 79' lang='grc' dir='ltr'>δ’</span> <span class='ocrx_word' id='word_1_313' title='bbox 2812 1495 3237 1569; x_wconf 67' lang='grc' dir='ltr'>ἠλαττωμένους</span> <span class='ocrx_word' id='word_1_314' title='bbox 3283 1499 3363 1566; x_wconf 77' lang='grc' dir='ltr'>τῷ</span> <span class='ocrx_word' id='word_1_315' title='bbox 3420 1491 3620 1562; x_wconf 77' lang='grc' dir='ltr'>πλήθει</span> <span class='ocrx_word' id='word_1_316' title='bbox 3656 1491 3805 1551; x_wconf 82' lang='grc' dir='ltr'>ἐντὸς</span> 
     </span>
    </p>
   </div>
   <div class='ocr_carea' id='block_1_45' title="bbox 2155 1577 3805 1661">
    <p class='ocr_par' dir='ltr' id='par_1_45' title="bbox 2155 1577 3805 1661">
     <span class='ocr_line' id='line_1_46' title="bbox 2155 1577 3805 1661; baseline -0.005 -22"><span class='ocrx_word' id='word_1_317' title='bbox 2155 1586 2399 1660; x_wconf 82' lang='grc' dir='ltr'>κατέχων</span> <span class='ocrx_word' id='word_1_318' title='bbox 2453 1586 2551 1640; x_wconf 57' lang='grc' dir='ltr'>οὐκ</span> <span class='ocrx_word' id='word_1_319' title='bbox 2597 1586 2779 1661; x_wconf 76' lang='grc' dir='ltr'>ἤλγει.</span> <span class='ocrx_word' id='word_1_320' title='bbox 2833 1588 2909 1642; x_wconf 86' lang='grc' dir='ltr'>Τὸ</span> <span class='ocrx_word' id='word_1_321' title='bbox 2941 1584 2984 1640; x_wconf 78' lang='grc' dir='ltr'>δ’</span> <span class='ocrx_word' id='word_1_322' title='bbox 3034 1587 3123 1640; x_wconf 82' lang='grc' dir='ltr'>οὗν</span> <span class='ocrx_word' id='word_1_323' title='bbox 3159 1583 3382 1656; x_wconf 87' lang='grc' dir='ltr'>διαιρεῖν</span> <span class='ocrx_word' id='word_1_324' title='bbox 3413 1585 3481 1637; x_wconf 73' lang='grc' dir='ltr'>τα</span> <span class='ocrx_word' id='word_1_325' title='bbox 3507 1584 3663 1656; x_wconf 80' lang='grc' dir='ltr'>γένη,</span> <span class='ocrx_word' id='word_1_326' title='bbox 3711 1577 3805 1633; x_wconf 73' lang='grc' dir='ltr'>καῖ</span> 
     </span>
    </p>
   </div>
   <div class='ocr_carea' id='block_1_46' title="bbox 2153 1670 3801 1751">
    <p class='ocr_par' dir='ltr' id='par_1_46' title="bbox 2153 1670 3801 1751">
     <span class='ocr_line' id='line_1_47' title="bbox 2153 1670 3801 1751; baseline -0.004 -22"><span class='ocrx_word' id='word_1_327' title='bbox 2153 1681 2271 1734; x_wconf 80' lang='grc' dir='ltr'>τοῖς</span> <span class='ocrx_word' id='word_1_328' title='bbox 2319 1678 2412 1747; x_wconf 71' lang='grc' dir='ltr'>μὲν</span> <span class='ocrx_word' id='word_1_329' title='bbox 2455 1681 2687 1751; x_wconf 74' lang='grc' dir='ltr'>παροῦσι</span> <span class='ocrx_word' id='word_1_330' title='bbox 2721 1675 2953 1750; x_wconf 80' lang='grc' dir='ltr'>φιλικῶς</span> <span class='ocrx_word' id='word_1_331' title='bbox 2985 1674 3153 1750; x_wconf 81' lang='grc' dir='ltr'>ἔχειν,</span> <span class='ocrx_word' id='word_1_332' title='bbox 3193 1679 3308 1735; x_wconf 88' lang='grc' dir='ltr'>τοῖς</span> <span class='ocrx_word' id='word_1_333' title='bbox 3364 1670 3420 1726; x_wconf 76' lang='grc' dir='ltr'>δὲ</span> <span class='ocrx_word' id='word_1_334' title='bbox 3467 1671 3553 1725; x_wconf 79' lang='grc' dir='ltr'>καὶ</span> <span class='ocrx_word' id='word_1_335' title='bbox 3606 1671 3801 1724; x_wconf 77' lang='grc' dir='ltr'>ἀποῦσι</span> 
     </span>
    </p>
   </div>
   <div class='ocr_carea' id='block_1_47' title="bbox 2155 1759 3800 1841">
    <p class='ocr_par' dir='ltr' id='par_1_47' title="bbox 2155 1759 3800 1841">
     <span class='ocr_line' id='line_1_48' title="bbox 2155 1759 3800 1841; baseline -0.015 -4"><span class='ocrx_word' id='word_1_336' title='bbox 2155 1765 2434 1841; x_wconf 63' lang='grc' dir='ltr'>πόρῥωθεν</span> <span class='ocrx_word' id='word_1_337' title='bbox 2499 1765 2696 1839; x_wconf 77' lang='grc' dir='ltr'>δώροις</span> <span class='ocrx_word' id='word_1_338' title='bbox 2768 1764 3054 1840; x_wconf 78' lang='grc' dir='ltr'>ὑποχαλᾷν</span> <span class='ocrx_word' id='word_1_339' title='bbox 3105 1765 3195 1826; x_wconf 78' lang='grc' dir='ltr'>τὰς</span> <span class='ocrx_word' id='word_1_340' title='bbox 3248 1764 3444 1839; x_wconf 77' lang='grc' dir='ltr'>ὁρμὰς,</span> <span class='ocrx_word' id='word_1_341' title='bbox 3497 1759 3800 1820; x_wconf 81' lang='grc' dir='ltr'>δεικνύντος</span> 
     </span>
    </p>
   </div>
   <div class='ocr_carea' id='block_1_48' title="bbox 2156 1849 3804 1929">
    <p class='ocr_par' dir='ltr' id='par_1_48' title="bbox 2156 1849 3804 1929">
     <span class='ocr_line' id='line_1_49' title="bbox 2156 1849 3804 1929; baseline -0.001 -23"><span class='ocrx_word' id='word_1_342' title='bbox 2156 1856 2221 1923; x_wconf 78' lang='grc' dir='ltr'>ἦν</span> <span class='ocrx_word' id='word_1_343' title='bbox 2281 1857 2356 1917; x_wconf 88' lang='grc' dir='ltr'>ὡς</span> <span class='ocrx_word' id='word_1_344' title='bbox 2415 1854 2577 1910; x_wconf 77' lang='grc' dir='ltr'>δεδίει</span> <span class='ocrx_word' id='word_1_345' title='bbox 2628 1858 2727 1924; x_wconf 73' lang='grc' dir='ltr'>τήν</span> <span class='ocrx_word' id='word_1_346' title='bbox 2789 1854 3242 1929; x_wconf 75' lang='grc' dir='ltr'>ὁμαιγμίαν,καὶ</span> <span class='ocrx_word' id='word_1_347' title='bbox 3306 1852 3516 1925; x_wconf 78' lang='grc' dir='ltr'>μᾶλλον</span> <span class='ocrx_word' id='word_1_348' title='bbox 3551 1850 3634 1904; x_wconf 81' lang='grc' dir='ltr'>ὅτι</span> <span class='ocrx_word' id='word_1_349' title='bbox 3664 1849 3804 1906; x_wconf 88' lang='grc' dir='ltr'>Βαλ-</span> 
     </span>
    </p>
   </div>
   <div class='ocr_carea' id='block_1_49' title="bbox 2162 1941 3802 2022">
    <p class='ocr_par' dir='ltr' id='par_1_49' title="bbox 2162 1941 3802 2022">
     <span class='ocr_line' id='line_1_50' title="bbox 2162 1941 3802 2022; baseline -0.002 -24"><span class='ocrx_word' id='word_1_350' title='bbox 2162 1942 2372 2007; x_wconf 85' lang='grc' dir='ltr'>δουῖνος</span> <span class='ocrx_word' id='word_1_351' title='bbox 2409 1952 2599 2022; x_wconf 85' lang='grc' dir='ltr'>φυγαῖς</span> <span class='ocrx_word' id='word_1_352' title='bbox 2643 1949 2994 2021; x_wconf 75' lang='grc' dir='ltr'>χρησάμενος</span> <span class='ocrx_word' id='word_1_353' title='bbox 3038 1945 3127 1999; x_wconf 79' lang='grc' dir='ltr'>καὶ</span> <span class='ocrx_word' id='word_1_354' title='bbox 3180 1942 3452 2019; x_wconf 84' lang='grc' dir='ltr'>Καρούλῳ</span> <span class='ocrx_word' id='word_1_355' title='bbox 3508 1941 3802 2013; x_wconf 82' lang='grc' dir='ltr'>συμμίξας,</span> 
     </span>
    </p>
   </div>
   <div class='ocr_carea' id='block_1_50' title="bbox 2162 2029 3801 2110">
    <p class='ocr_par' dir='ltr' id='par_1_50' title="bbox 2162 2029 3801 2110">
     <span class='ocr_line' id='line_1_51' title="bbox 2162 2029 3801 2110; baseline -0.002 -24"><span class='ocrx_word' id='word_1_356' title='bbox 2162 2031 2309 2108; x_wconf 74' lang='grc' dir='ltr'>ἀνδρὶ</span> <span class='ocrx_word' id='word_1_357' title='bbox 2354 2030 2571 2110; x_wconf 72' lang='grc' dir='ltr'>σοϐαρῷ</span> <span class='ocrx_word' id='word_1_358' title='bbox 2619 2036 2707 2090; x_wconf 76' lang='grc' dir='ltr'>καὶ</span> <span class='ocrx_word' id='word_1_359' title='bbox 2759 2036 2889 2107; x_wconf 68' lang='grc' dir='ltr'>ὑπὲρ</span> <span class='ocrx_word' id='word_1_360' title='bbox 2939 2035 3002 2089; x_wconf 86' lang='grc' dir='ltr'>τὸ</span> <span class='ocrx_word' id='word_1_361' title='bbox 3038 2035 3229 2106; x_wconf 86' lang='grc' dir='ltr'>μέτρον</span> <span class='ocrx_word' id='word_1_362' title='bbox 3259 2036 3567 2108; x_wconf 77' lang='grc' dir='ltr'>φρονοῦντι,</span> <span class='ocrx_word' id='word_1_363' title='bbox 3602 2029 3801 2099; x_wconf 78' lang='grc' dir='ltr'>συνήλ-</span> 
     </span>
    </p>
   </div>
   <div class='ocr_carea' id='block_1_51' title="bbox 2160 2120 3802 2199">
    <p class='ocr_par' dir='ltr' id='par_1_51' title="bbox 2160 2120 3802 2199">
     <span class='ocr_line' id='line_1_52' title="bbox 2160 2120 3802 2199; baseline -0.003 -23"><span class='ocrx_word' id='word_1_364' title='bbox 2160 2120 2321 2178; x_wconf 86' lang='grc' dir='ltr'>λαττε</span> <span class='ocrx_word' id='word_1_365' title='bbox 2369 2121 2662 2197; x_wconf 73' lang='grc' dir='ltr'>λαμϐάνων</span> <span class='ocrx_word' id='word_1_366' title='bbox 2714 2125 2796 2199; x_wconf 84' lang='grc' dir='ltr'>ἐφ’</span> <span class='ocrx_word' id='word_1_367' title='bbox 2828 2127 2929 2196; x_wconf 76' lang='grc' dir='ltr'>υἱῷ</span> <span class='ocrx_word' id='word_1_368' title='bbox 2966 2127 3064 2193; x_wconf 74' lang='grc' dir='ltr'>τὴν</span> <span class='ocrx_word' id='word_1_369' title='bbox 3098 2123 3303 2177; x_wconf 85' lang='grc' dir='ltr'>ἐκείνου</span> <span class='ocrx_word' id='word_1_370' title='bbox 3335 2122 3598 2194; x_wconf 78' lang='grc' dir='ltr'>θυγατέρα</span> <span class='ocrx_word' id='word_1_371' title='bbox 3626 2121 3716 2173; x_wconf 75' lang='grc' dir='ltr'>καὶ</span> <span class='ocrx_word' id='word_1_372' title='bbox 3750 2120 3802 2173; x_wconf 74' lang='grc' dir='ltr'>οἳ</span> 
     </span>
    </p>
   </div>
   <div class='ocr_carea' id='block_1_52' title="bbox 2158 2205 3800 2288">
    <p class='ocr_par' dir='ltr' id='par_1_52' title="bbox 2158 2205 3800 2288">
     <span class='ocr_line' id='line_1_53' title="bbox 2158 2205 3800 2288; baseline -0.001 -23"><span class='ocrx_word' id='word_1_373' title='bbox 2158 2212 2232 2274; x_wconf 85' lang='grc' dir='ltr'>ὡς</span> <span class='ocrx_word' id='word_1_374' title='bbox 2266 2211 2389 2268; x_wconf 80' lang='grc' dir='ltr'>ἕδνα</span> <span class='ocrx_word' id='word_1_375' title='bbox 2418 2216 2510 2283; x_wconf 76' lang='grc' dir='ltr'>τὴν</span> <span class='ocrx_word' id='word_1_376' title='bbox 2539 2216 2700 2270; x_wconf 83' lang='grc' dir='ltr'>πόλιν</span> <span class='ocrx_word' id='word_1_377' title='bbox 2728 2217 2792 2284; x_wconf 76' lang='grc' dir='ltr'>ἦν</span> <span class='ocrx_word' id='word_1_378' title='bbox 2828 2217 2929 2269; x_wconf 87' lang='grc' dir='ltr'>ούκ</span> <span class='ocrx_word' id='word_1_379' title='bbox 2956 2216 3070 2288; x_wconf 75' lang='grc' dir='ltr'>εἶχε</span> <span class='ocrx_word' id='word_1_380' title='bbox 3094 2211 3298 2274; x_wconf 83' lang='grc' dir='ltr'>διδούς.</span> <span class='ocrx_word' id='word_1_381' title='bbox 3329 2214 3387 2269; x_wconf 89' lang='grc' dir='ltr'>Ὁ</span> <span class='ocrx_word' id='word_1_382' title='bbox 3436 2209 3477 2265; x_wconf 84' lang='grc' dir='ltr'>δ’</span> <span class='ocrx_word' id='word_1_383' title='bbox 3522 2205 3800 2282; x_wconf 76' lang='grc' dir='ltr'>ὶλᾶμϐανε</span> 
     </span>
    </p>
   </div>
   <div class='ocr_carea' id='block_1_53' title="bbox 2154 2300 3795 2381">
    <p class='ocr_par' dir='ltr' id='par_1_53' title="bbox 2154 2300 3795 2381">
     <span class='ocr_line' id='line_1_54' title="bbox 2154 2300 3795 2381; baseline -0.001 -26"><span class='ocrx_word' id='word_1_384' title='bbox 2154 2302 2245 2355; x_wconf 81' lang='grc' dir='ltr'>καὶ</span> <span class='ocrx_word' id='word_1_385' title='bbox 2280 2305 2355 2374; x_wconf 80' lang='grc' dir='ltr'><strong>μή</strong></span> <span class='ocrx_word' id='word_1_386' title='bbox 2386 2300 2610 2379; x_wconf 80' lang='grc' dir='ltr'>ἔχοντος</span> <span class='ocrx_word' id='word_1_387' title='bbox 2638 2308 2764 2381; x_wconf 90' lang='grc' dir='ltr'>παρ’</span> <span class='ocrx_word' id='word_1_388' title='bbox 2794 2304 3019 2373; x_wconf 88' lang='grc' dir='ltr'>ἐκείνου,</span> <span class='ocrx_word' id='word_1_389' title='bbox 3051 2302 3289 2372; x_wconf 77' lang='grc' dir='ltr'>ἐλπίζων</span> <span class='ocrx_word' id='word_1_390' title='bbox 3323 2302 3396 2364; x_wconf 84' lang='grc' dir='ltr'>ὡς</span> <span class='ocrx_word' id='word_1_391' title='bbox 3419 2300 3795 2373; x_wconf 71' lang='grc' dir='ltr'>καταλήψαιτο</span> 
     </span>
    </p>
   </div>
   <div class='ocr_carea' id='block_1_54' title="bbox 2158 2391 2689 2470">
    <p class='ocr_par' dir='ltr' id='par_1_54' title="bbox 2158 2391 2689 2470">
     <span class='ocr_line' id='line_1_55' title="bbox 2158 2391 2689 2470; baseline 0.013 -25"><span class='ocrx_word' id='word_1_392' title='bbox 2158 2391 2352 2448; x_wconf 83' lang='grc' dir='ltr'>στόλον</span> <span class='ocrx_word' id='word_1_393' title='bbox 2384 2394 2689 2470; x_wconf 79' lang='grc' dir='ltr'>ἐξαρτύσας.</span> 
     </span>
    </p>
   </div>
   <div class='ocr_carea' id='block_1_55' title="bbox 2158 2519 3794 2593">
    <p class='ocr_par' dir='ltr' id='par_1_55' title="bbox 2158 2519 3794 2593">
     <span class='ocr_line' id='line_1_56' title="bbox 2158 2519 3794 2593; baseline 0.002 -23"><span class='ocrx_word' id='word_1_394' title='bbox 2158 2519 2287 2572; x_wconf 88' lang='lat' dir='ltr'>fecti</span> <span class='ocrx_word' id='word_1_395' title='bbox 2320 2538 2352 2574; x_wconf 92' lang='lat' dir='ltr'>a</span> <span class='ocrx_word' id='word_1_396' title='bbox 2400 2522 2646 2577; x_wconf 89' lang='lat' dir='ltr'>concilio</span> <span class='ocrx_word' id='word_1_397' title='bbox 2678 2525 2867 2593; x_wconf 90' lang='lat' dir='ltr'>gentis</span> <span class='ocrx_word' id='word_1_398' title='bbox 2911 2522 3143 2593; x_wconf 89' lang='lat' dir='ltr'>publico</span> <span class='ocrx_word' id='word_1_399' title='bbox 3176 2521 3363 2589; x_wconf 88' lang='lat' dir='ltr'>missi,</span> <span class='ocrx_word' id='word_1_400' title='bbox 3416 2536 3588 2591; x_wconf 90' lang='lat' dir='ltr'>quem</span> <span class='ocrx_word' id='word_1_401' title='bbox 3623 2520 3794 2574; x_wconf 89' lang='lat' dir='ltr'>Pote-</span> 
     </span>
    </p>
   </div>
   <div class='ocr_carea' id='block_1_56' title="bbox 2159 2609 3792 2681">
    <p class='ocr_par' dir='ltr' id='par_1_56' title="bbox 2159 2609 3792 2681">
     <span class='ocr_line' id='line_1_57' title="bbox 2159 2609 3792 2681; baseline -0.001 -19"><span class='ocrx_word' id='word_1_402' title='bbox 2159 2613 2365 2663; x_wconf 87' lang='lat' dir='ltr'>statem</span> <span class='ocrx_word' id='word_1_403' title='bbox 2401 2609 2512 2681; x_wconf 85' lang='lat' dir='ltr'>ipsi</span> <span class='ocrx_word' id='word_1_404' title='bbox 2546 2615 2772 2677; x_wconf 86' lang='lat' dir='ltr'>vocant,</span> <span class='ocrx_word' id='word_1_405' title='bbox 2805 2610 3041 2665; x_wconf 89' lang='lat' dir='ltr'>nomine</span> <span class='ocrx_word' id='word_1_406' title='bbox 3090 2610 3461 2681; x_wconf 87' lang='lat' dir='ltr'>signiﬁcante</span> <span class='ocrx_word' id='word_1_407' title='bbox 3492 2614 3792 2677; x_wconf 74' lang='lat' dir='ltr'>praetorem</span> 
     </span>
    </p>
   </div>
   <div class='ocr_carea' id='block_1_57' title="bbox 2158 2699 3795 2772">
    <p class='ocr_par' dir='ltr' id='par_1_57' title="bbox 2158 2699 3795 2772">
     <span class='ocr_line' id='line_1_58' title="bbox 2158 2699 3795 2772; baseline -0.001 -19"><span class='ocrx_word' id='word_1_408' title='bbox 2158 2704 2258 2753; x_wconf 91' lang='lat' dir='ltr'>aut</span> <span class='ocrx_word' id='word_1_409' title='bbox 2289 2700 2694 2771; x_wconf 86' lang='lat' dir='ltr'>magistratum</span> <span class='ocrx_word' id='word_1_410' title='bbox 2742 2717 2938 2755; x_wconf 87' lang='lat' dir='ltr'>rerum</span> <span class='ocrx_word' id='word_1_411' title='bbox 2962 2702 3421 2772; x_wconf 87' lang='lat' dir='ltr'>judicandarum</span> <span class='ocrx_word' id='word_1_412' title='bbox 3456 2703 3512 2754; x_wconf 88' lang='lat' dir='ltr'>et</span> <span class='ocrx_word' id='word_1_413' title='bbox 3539 2699 3795 2753; x_wconf 90' lang='lat' dir='ltr'>admini-</span> 
     </span>
    </p>
   </div>
   <div class='ocr_carea' id='block_1_58' title="bbox 2158 2789 3791 2862">
    <p class='ocr_par' dir='ltr' id='par_1_58' title="bbox 2158 2789 3791 2862">
     <span class='ocr_line' id='line_1_59' title="bbox 2158 2789 3791 2862; baseline -0.001 -19"><span class='ocrx_word' id='word_1_414' title='bbox 2158 2792 2555 2859; x_wconf 86' lang='lat' dir='ltr'>strandarum,</span> <span class='ocrx_word' id='word_1_415' title='bbox 2604 2791 2950 2846; x_wconf 86' lang='lat' dir='ltr'>auctoritate</span> <span class='ocrx_word' id='word_1_416' title='bbox 2996 2791 3324 2862; x_wconf 68' lang='lat' dir='ltr'>praeditum,</span> <span class='ocrx_word' id='word_1_417' title='bbox 3358 2789 3611 2860; x_wconf 87' lang='lat' dir='ltr'>propriis</span> <span class='ocrx_word' id='word_1_418' title='bbox 3653 2789 3791 2842; x_wconf 83' lang='lat' dir='ltr'>item</span> 
     </span>
    </p>
   </div>
   <div class='ocr_carea' id='block_1_59' title="bbox 2158 2878 3790 2952">
    <p class='ocr_par' dir='ltr' id='par_1_59' title="bbox 2158 2878 3790 2952">
     <span class='ocr_line' id='line_1_60' title="bbox 2158 2878 3790 2952; baseline -0.002 -18"><span class='ocrx_word' id='word_1_419' title='bbox 2158 2881 2626 2950; x_wconf 84' lang='lat' dir='ltr'>obtemperantes</span> <span class='ocrx_word' id='word_1_420' title='bbox 2651 2880 2876 2951; x_wconf 85' lang='lat' dir='ltr'>legibus</span> <span class='ocrx_word' id='word_1_421' title='bbox 2902 2899 2916 2947; x_wconf 90' lang='lat'><strong>;</strong></span> <span class='ocrx_word' id='word_1_422' title='bbox 2948 2885 3223 2952; x_wconf 76' lang='lat' dir='ltr'>praeterea</span> <span class='ocrx_word' id='word_1_423' title='bbox 3256 2885 3318 2935; x_wconf 91' lang='lat' dir='ltr'>ut</span> <span class='ocrx_word' id='word_1_424' title='bbox 3348 2886 3543 2934; x_wconf 88' lang='lat' dir='ltr'>essent</span> <span class='ocrx_word' id='word_1_425' title='bbox 3573 2878 3790 2932; x_wconf 88' lang='lat' dir='ltr'>immu-</span> 
     </span>
    </p>
   </div>
   <div class='ocr_carea' id='block_1_60' title="bbox 2158 2963 3791 3039">
    <p class='ocr_par' dir='ltr' id='par_1_60' title="bbox 2158 2963 3791 3039">
     <span class='ocr_line' id='line_1_61' title="bbox 2158 2963 3791 3039; baseline -0.002 -18"><span class='ocrx_word' id='word_1_426' title='bbox 2158 2984 2259 3021; x_wconf 90' lang='lat' dir='ltr'>nes</span> <span class='ocrx_word' id='word_1_427' title='bbox 2293 2969 2443 3022; x_wconf 75' lang='lat'>163</span> <span class='ocrx_word' id='word_1_428' title='bbox 2472 2985 2536 3022; x_wconf 88' lang='lat' dir='ltr'>ac</span> <span class='ocrx_word' id='word_1_429' title='bbox 2582 2985 2822 3039; x_wconf 90' lang='lat' dir='ltr'>prorsus</span> <span class='ocrx_word' id='word_1_430' title='bbox 2850 2968 3019 3022; x_wconf 89' lang='lat' dir='ltr'>liberi</span> <span class='ocrx_word' id='word_1_431' title='bbox 3054 2968 3112 3022; x_wconf 91' lang='lat' dir='ltr'>in</span> <span class='ocrx_word' id='word_1_432' title='bbox 3149 2968 3308 3022; x_wconf 89' lang='lat' dir='ltr'>omni</span> <span class='ocrx_word' id='word_1_433' title='bbox 3359 2966 3584 3021; x_wconf 89' lang='lat' dir='ltr'>ratione</span> <span class='ocrx_word' id='word_1_434' title='bbox 3626 2963 3791 3019; x_wconf 89' lang='lat' dir='ltr'>navi-</span> 
     </span>
    </p>
   </div>
   <div class='ocr_carea' id='block_1_61' title="bbox 2156 3052 3792 3126">
    <p class='ocr_par' dir='ltr' id='par_1_61' title="bbox 2156 3052 3792 3126">
     <span class='ocr_line' id='line_1_62' title="bbox 2156 3052 3792 3126; baseline -0.002 -18"><span class='ocrx_word' id='word_1_435' title='bbox 2156 3055 2406 3123; x_wconf 86' lang='lat' dir='ltr'>gationis</span> <span class='ocrx_word' id='word_1_436' title='bbox 2424 3071 2487 3110; x_wconf 92' lang='lat' dir='ltr'>ac</span> <span class='ocrx_word' id='word_1_437' title='bbox 2511 3056 2865 3123; x_wconf 90' lang='lat' dir='ltr'>commercii,</span> <span class='ocrx_word' id='word_1_438' title='bbox 2889 3056 3121 3126; x_wconf 87' lang='lat' dir='ltr'>negotia</span> <span class='ocrx_word' id='word_1_439' title='bbox 3144 3056 3315 3110; x_wconf 89' lang='lat' dir='ltr'>solita</span> <span class='ocrx_word' id='word_1_440' title='bbox 3335 3054 3483 3126; x_wconf 90' lang='lat' dir='ltr'>ipsis</span> <span class='ocrx_word' id='word_1_441' title='bbox 3501 3052 3792 3108; x_wconf 88' lang='lat' dir='ltr'>industria</span> 
     </span>
    </p>
   </div>
   <div class='ocr_carea' id='block_1_62' title="bbox 401 3130 2043 3215">
    <p class='ocr_par' dir='ltr' id='par_1_62' title="bbox 401 3130 2043 3207">
     <span class='ocr_line' id='line_1_63' title="bbox 401 3130 2043 3207; baseline -0.003 -19"><span class='ocrx_word' id='word_1_442' title='bbox 401 3134 642 3205; x_wconf 83' lang='lat' dir='ltr'>proclivi</span> <span class='ocrx_word' id='word_1_443' title='bbox 694 3140 1039 3205; x_wconf 90' lang='lat' dir='ltr'>metuentes,</span> <span class='ocrx_word' id='word_1_444' title='bbox 1072 3136 1289 3207; x_wconf 87' lang='lat' dir='ltr'>alioqui</span> <span class='ocrx_word' id='word_1_445' title='bbox 1348 3136 1631 3205; x_wconf 90' lang='lat' dir='ltr'>superbos</span> <span class='ocrx_word' id='word_1_446' title='bbox 1661 3132 1908 3187; x_wconf 90' lang='lat' dir='ltr'>animos.</span> <span class='ocrx_word' id='word_1_447' title='bbox 1932 3130 2043 3185; x_wconf 71' lang='lat' dir='ltr'>Ca3-</span> 
     </span>
    </p>
   </div>
   <div class='ocr_carea' id='block_1_63' title="bbox 2152 3130 3790 3215">
    <p class='ocr_par' dir='ltr' id='par_1_63' title="bbox 2157 3140 3790 3214">
     <span class='ocr_line' id='line_1_64' title="bbox 2157 3140 3790 3214; baseline -0.002 -19"><span class='ocrx_word' id='word_1_448' title='bbox 2157 3146 2442 3213; x_wconf 86' lang='lat' dir='ltr'>gerentes.</span> <span class='ocrx_word' id='word_1_449' title='bbox 2477 3147 2609 3197; x_wconf 72' lang='lat' dir='ltr'>Haec</span> <span class='ocrx_word' id='word_1_450' title='bbox 2642 3142 3050 3197; x_wconf 90' lang='lat' dir='ltr'>Genuensibus</span> <span class='ocrx_word' id='word_1_451' title='bbox 3076 3143 3386 3214; x_wconf 88' lang='lat' dir='ltr'>promissa,</span> <span class='ocrx_word' id='word_1_452' title='bbox 3418 3140 3652 3195; x_wconf 83' lang='lat' dir='ltr'>Venetis</span> <span class='ocrx_word' id='word_1_453' title='bbox 3683 3156 3790 3193; x_wconf 89' lang='lat' dir='ltr'>au-</span> 
     </span>
    </p>
   </div>
   <div class='ocr_carea' id='block_1_64' title="bbox 398 3218 2039 3295">
    <p class='ocr_par' dir='ltr' id='par_1_64' title="bbox 398 3218 2039 3295">
     <span class='ocr_line' id='line_1_65' title="bbox 398 3218 2039 3295; baseline -0.004 -17"><span class='ocrx_word' id='word_1_454' title='bbox 398 3227 591 3279; x_wconf 90' lang='lat' dir='ltr'>terum</span> <span class='ocrx_word' id='word_1_455' title='bbox 624 3229 973 3295; x_wconf 88' lang='lat' dir='ltr'>consumpta</span> <span class='ocrx_word' id='word_1_456' title='bbox 1004 3229 1125 3280; x_wconf 90' lang='lat' dir='ltr'>tota</span> <span class='ocrx_word' id='word_1_457' title='bbox 1154 3241 1222 3280; x_wconf 92' lang='lat' dir='ltr'>ea</span> <span class='ocrx_word' id='word_1_458' title='bbox 1254 3225 1345 3279; x_wconf 83' lang='lat' dir='ltr'>die</span> <span class='ocrx_word' id='word_1_459' title='bbox 1375 3223 1679 3293; x_wconf 89' lang='lat' dir='ltr'>plausibus</span> <span class='ocrx_word' id='word_1_460' title='bbox 1711 3218 2039 3290; x_wconf 89' lang='lat' dir='ltr'>triumpha-</span> 
     </span>
    </p>
   </div>
   <div class='ocr_carea' id='block_1_65' title="bbox 398 3312 2040 3384">
    <p class='ocr_par' dir='ltr' id='par_1_65' title="bbox 398 3312 2040 3384">
     <span class='ocr_line' id='line_1_66' title="bbox 398 3312 2040 3384; baseline -0.002 -19"><span class='ocrx_word' id='word_1_461' title='bbox 398 3312 556 3367; x_wconf 89' lang='lat' dir='ltr'>libus</span> <span class='ocrx_word' id='word_1_462' title='bbox 589 3317 647 3367; x_wconf 92' lang='lat' dir='ltr'>et</span> <span class='ocrx_word' id='word_1_463' title='bbox 679 3313 841 3369; x_wconf 87' lang='lat' dir='ltr'>festis</span> <span class='ocrx_word' id='word_1_464' title='bbox 872 3314 1139 3376; x_wconf 72' lang='lat' dir='ltr'>canticis.</span> <span class='ocrx_word' id='word_1_465' title='bbox 1172 3329 1275 3384; x_wconf 91' lang='lat' dir='ltr'>per</span> <span class='ocrx_word' id='word_1_466' title='bbox 1307 3318 1536 3367; x_wconf 89' lang='lat' dir='ltr'>noctem</span> <span class='ocrx_word' id='word_1_467' title='bbox 1571 3314 1907 3381; x_wconf 89' lang='lat' dir='ltr'>sequentem</span> <span class='ocrx_word' id='word_1_468' title='bbox 1942 3323 2040 3362; x_wconf 87' lang='lat' dir='ltr'>va-</span> 
     </span>
    </p>
   </div>
   <div class='ocr_carea' id='block_1_66' title="bbox 392 3400 1541 3473">
    <p class='ocr_par' dir='ltr' id='par_1_66' title="bbox 392 3400 1541 3473">
     <span class='ocr_line' id='line_1_67' title="bbox 392 3400 1541 3473; baseline 0 -19"><span class='ocrx_word' id='word_1_469' title='bbox 392 3400 514 3455; x_wconf 92' lang='lat' dir='ltr'>lido</span> <span class='ocrx_word' id='word_1_470' title='bbox 548 3401 818 3472; x_wconf 69' lang='lat' dir='ltr'>praesidio</span> <span class='ocrx_word' id='word_1_471' title='bbox 852 3402 1134 3473; x_wconf 87' lang='lat' dir='ltr'>palatium</span> <span class='ocrx_word' id='word_1_472' title='bbox 1168 3405 1399 3472; x_wconf 87' lang='lat' dir='ltr'>septum</span> <span class='ocrx_word' id='word_1_473' title='bbox 1432 3406 1541 3456; x_wconf 90' lang='lat' dir='ltr'>est.</span> 
     </span>
    </p>
   </div>
   <div class='ocr_carea' id='block_1_67' title="bbox 391 3557 2038 3632">
    <p class='ocr_par' dir='ltr' id='par_1_67' title="bbox 391 3557 2038 3632">
     <span class='ocr_line' id='line_1_68' title="bbox 391 3557 2038 3632; baseline -0.002 -17"><span class='ocrx_word' id='word_1_474' title='bbox 391 3561 483 3615; x_wconf 80' lang='lat'>3&#39;2.</span> <span class='ocrx_word' id='word_1_475' title='bbox 522 3562 582 3618; x_wconf 78' lang='lat' dir='ltr'>Ut</span> <span class='ocrx_word' id='word_1_476' title='bbox 612 3577 669 3617; x_wconf 79' lang='lat' dir='ltr'>se</span> <span class='ocrx_word' id='word_1_477' title='bbox 696 3562 926 3630; x_wconf 70' lang='lat' dir='ltr'>gesserit</span> <span class='ocrx_word' id='word_1_478' title='bbox 960 3564 1258 3632; x_wconf 77' lang='lat' dir='ltr'>imperator</span> <span class='ocrx_word' id='word_1_479' title='bbox 1288 3578 1410 3616; x_wconf 84' lang='lat' dir='ltr'>cum</span> <span class='ocrx_word' id='word_1_480' title='bbox 1437 3561 1672 3615; x_wconf 74' lang='lat' dir='ltr'>diversis</span> <span class='ocrx_word' id='word_1_481' title='bbox 1706 3557 2038 3614; x_wconf 78' lang='lat' dir='ltr'>Latinorum</span> 
     </span>
    </p>
   </div>
   <div class='ocr_carea' id='block_1_68' title="bbox 826 3632 1613 3704">
    <p class='ocr_par' dir='ltr' id='par_1_68' title="bbox 826 3632 1613 3704">
     <span class='ocr_line' id='line_1_69' title="bbox 826 3632 1613 3704; baseline -0.005 -15"><span class='ocrx_word' id='word_1_482' title='bbox 826 3638 945 3704; x_wconf 71' lang='lat' dir='ltr'>post</span> <span class='ocrx_word' id='word_1_483' title='bbox 974 3633 1287 3703; x_wconf 74' lang='lat' dir='ltr'>ingressum</span> <span class='ocrx_word' id='word_1_484' title='bbox 1318 3635 1374 3686; x_wconf 82' lang='lat' dir='ltr'>in</span> <span class='ocrx_word' id='word_1_485' title='bbox 1406 3632 1613 3686; x_wconf 84' lang='lat' dir='ltr'>urbem.</span> 
     </span>
    </p>
   </div>
   <div class='ocr_carea' id='block_1_69' title="bbox 471 3754 2042 3827">
    <p class='ocr_par' dir='ltr' id='par_1_69' title="bbox 471 3754 2042 3827">
     <span class='ocr_line' id='line_1_70' title="bbox 471 3754 2042 3827; baseline -0.002 -15"><span class='ocrx_word' id='word_1_486' title='bbox 471 3761 641 3813; x_wconf 89' lang='lat' dir='ltr'>Mane</span> <span class='ocrx_word' id='word_1_487' title='bbox 689 3762 999 3813; x_wconf 90' lang='lat' dir='ltr'>consecuto</span> <span class='ocrx_word' id='word_1_488' title='bbox 1042 3762 1230 3813; x_wconf 90' lang='lat' dir='ltr'>totum</span> <span class='ocrx_word' id='word_1_489' title='bbox 1282 3773 1345 3812; x_wconf 91' lang='lat' dir='ltr'>se</span> <span class='ocrx_word' id='word_1_490' title='bbox 1390 3756 1709 3827; x_wconf 87' lang='lat' dir='ltr'>imperator</span> <span class='ocrx_word' id='word_1_491' title='bbox 1755 3754 2042 3825; x_wconf 83' lang='lat' dir='ltr'>impendit</span> 
     </span>
    </p>
   </div>
   <div class='ocr_carea' id='block_1_70' title="bbox 399 3844 2042 3916">
    <p class='ocr_par' dir='ltr' id='par_1_70' title="bbox 399 3844 2042 3916">
     <span class='ocr_line' id='line_1_71' title="bbox 399 3844 2042 3916; baseline -0.002 -15"><span class='ocrx_word' id='word_1_492' title='bbox 399 3844 664 3901; x_wconf 89' lang='lat' dir='ltr'>consiliis</span> <span class='ocrx_word' id='word_1_493' title='bbox 688 3850 743 3900; x_wconf 91' lang='lat' dir='ltr'>et</span> <span class='ocrx_word' id='word_1_494' title='bbox 765 3846 1283 3902; x_wconf 88' lang='lat' dir='ltr'>deliberationibus</span> <span class='ocrx_word' id='word_1_495' title='bbox 1307 3846 1375 3900; x_wconf 89' lang='lat' dir='ltr'>de</span> <span class='ocrx_word' id='word_1_496' title='bbox 1397 3845 1618 3916; x_wconf 88' lang='lat' dir='ltr'>optima</span> <span class='ocrx_word' id='word_1_497' title='bbox 1642 3844 1861 3898; x_wconf 87' lang='lat' dir='ltr'>ratione</span> <span class='ocrx_word' id='word_1_498' title='bbox 1879 3859 2042 3897; x_wconf 91' lang='lat' dir='ltr'>cons-</span> 
     </span>
    </p>
   </div>
   <div class='ocr_carea' id='block_1_71' title="bbox 401 3930 2041 4005">
    <p class='ocr_par' dir='ltr' id='par_1_71' title="bbox 401 3930 2041 4005">
     <span class='ocr_line' id='line_1_72' title="bbox 401 3930 2041 4005; baseline -0.001 -18"><span class='ocrx_word' id='word_1_499' title='bbox 401 3932 684 3989; x_wconf 67' lang='lat' dir='ltr'>tituendae</span> <span class='ocrx_word' id='word_1_500' title='bbox 719 3952 782 3990; x_wconf 92' lang='lat' dir='ltr'>ac</span> <span class='ocrx_word' id='word_1_501' title='bbox 806 3936 1095 4005; x_wconf 67' lang='lat' dir='ltr'>praesidiis</span> <span class='ocrx_word' id='word_1_502' title='bbox 1127 3936 1427 3990; x_wconf 65' lang='lat' dir='ltr'>ﬁrmandae</span> <span class='ocrx_word' id='word_1_503' title='bbox 1452 3932 1717 3994; x_wconf 76' lang='lat' dir='ltr'>civitatis.</span> <span class='ocrx_word' id='word_1_504' title='bbox 1742 3932 1927 4001; x_wconf 90' lang='lat' dir='ltr'>deque</span> <span class='ocrx_word' id='word_1_505' title='bbox 1948 3930 2041 3985; x_wconf 88' lang='lat' dir='ltr'>via</span> 
     </span>
    </p>
   </div>
   <div class='ocr_carea' id='block_1_72' title="bbox 401 4020 2036 4093">
    <p class='ocr_par' dir='ltr' id='par_1_72' title="bbox 401 4020 2036 4093">
     <span class='ocr_line' id='line_1_73' title="bbox 401 4020 2036 4093; baseline -0.003 -17"><span class='ocrx_word' id='word_1_506' title='bbox 401 4039 467 4076; x_wconf 84' lang='lat' dir='ltr'>ac</span> <span class='ocrx_word' id='word_1_507' title='bbox 499 4023 669 4077; x_wconf 90' lang='lat' dir='ltr'>modo</span> <span class='ocrx_word' id='word_1_508' title='bbox 709 4022 1059 4078; x_wconf 87' lang='lat' dir='ltr'>conciliandi</span> <span class='ocrx_word' id='word_1_509' title='bbox 1095 4027 1270 4093; x_wconf 84' lang='lat' dir='ltr'>atque</span> <span class='ocrx_word' id='word_1_510' title='bbox 1299 4022 1357 4076; x_wconf 91' lang='lat' dir='ltr'>in</span> <span class='ocrx_word' id='word_1_511' title='bbox 1410 4024 1604 4093; x_wconf 88' lang='lat' dir='ltr'>partes</span> <span class='ocrx_word' id='word_1_512' title='bbox 1636 4036 1796 4086; x_wconf 87' lang='lat' dir='ltr'>suas,</span> <span class='ocrx_word' id='word_1_513' title='bbox 1846 4020 2036 4090; x_wconf 86' lang='lat' dir='ltr'>quoad</span> 
     </span>
    </p>
   </div>
   <div class='ocr_carea' id='block_1_73' title="bbox 402 4106 2042 4182">
    <p class='ocr_par' dir='ltr' id='par_1_73' title="bbox 402 4106 2042 4182">
     <span class='ocr_line' id='line_1_74' title="bbox 402 4106 2042 4182; baseline -0.003 -18"><span class='ocrx_word' id='word_1_514' title='bbox 402 4115 599 4181; x_wconf 85' lang='lat' dir='ltr'>posset</span> <span class='ocrx_word' id='word_1_515' title='bbox 630 4111 774 4176; x_wconf 89' lang='lat' dir='ltr'>ﬁeri,</span> <span class='ocrx_word' id='word_1_516' title='bbox 807 4110 1075 4166; x_wconf 88' lang='lat' dir='ltr'>trahendi</span> <span class='ocrx_word' id='word_1_517' title='bbox 1100 4110 1421 4182; x_wconf 74' lang='lat' dir='ltr'>praecipuos</span> <span class='ocrx_word' id='word_1_518' title='bbox 1445 4125 1705 4180; x_wconf 87' lang='lat' dir='ltr'>quosque</span> <span class='ocrx_word' id='word_1_519' title='bbox 1735 4106 1918 4162; x_wconf 90' lang='lat' dir='ltr'>Italici</span> <span class='ocrx_word' id='word_1_520' title='bbox 1941 4122 2042 4177; x_wconf 88' lang='lat' dir='ltr'>ge-</span> 
     </span>
    </p>
   </div>
   <div class='ocr_carea' id='block_1_74' title="bbox 399 4194 2043 4265">
    <p class='ocr_par' dir='ltr' id='par_1_74' title="bbox 399 4194 2043 4265">
     <span class='ocr_line' id='line_1_75' title="bbox 399 4194 2043 4265; baseline -0.003 -12"><span class='ocrx_word' id='word_1_521' title='bbox 399 4198 560 4253; x_wconf 86' lang='lat' dir='ltr'>neris</span> <span class='ocrx_word' id='word_1_522' title='bbox 591 4198 673 4265; x_wconf 90' lang='lat' dir='ltr'>(hi</span> <span class='ocrx_word' id='word_1_523' title='bbox 705 4204 870 4254; x_wconf 90' lang='lat' dir='ltr'>erant</span> <span class='ocrx_word' id='word_1_524' title='bbox 901 4199 1262 4264; x_wconf 88' lang='lat' dir='ltr'>Genuenses,</span> <span class='ocrx_word' id='word_1_525' title='bbox 1300 4199 1500 4254; x_wconf 86' lang='lat' dir='ltr'>Veneti</span> <span class='ocrx_word' id='word_1_526' title='bbox 1528 4202 1584 4252; x_wconf 92' lang='lat' dir='ltr'>et</span> <span class='ocrx_word' id='word_1_527' title='bbox 1613 4196 1767 4251; x_wconf 85' lang='lat' dir='ltr'>tertii</span> <span class='ocrx_word' id='word_1_528' title='bbox 1800 4194 2043 4265; x_wconf 88' lang='lat' dir='ltr'>Pisani):</span> 
     </span>
    </p>
   </div>
   <div class='ocr_carea' id='block_1_75' title="bbox 402 4284 2043 4359">
    <p class='ocr_par' dir='ltr' id='par_1_75' title="bbox 402 4284 2043 4359">
     <span class='ocr_line' id='line_1_76' title="bbox 402 4284 2043 4359; baseline -0.004 -16"><span class='ocrx_word' id='word_1_529' title='bbox 402 4304 539 4343; x_wconf 85' lang='lat' dir='ltr'>nam</span> <span class='ocrx_word' id='word_1_530' title='bbox 582 4288 629 4342; x_wconf 90' lang='lat' dir='ltr'>si</span> <span class='ocrx_word' id='word_1_531' title='bbox 662 4287 769 4342; x_wconf 90' lang='lat' dir='ltr'>hos</span> <span class='ocrx_word' id='word_1_532' title='bbox 802 4288 909 4343; x_wconf 86' lang='lat' dir='ltr'>sibi</span> <span class='ocrx_word' id='word_1_533' title='bbox 952 4288 1330 4355; x_wconf 86' lang='lat' dir='ltr'>devinxisset,</span> <span class='ocrx_word' id='word_1_534' title='bbox 1361 4304 1494 4359; x_wconf 90' lang='lat' dir='ltr'>spes</span> <span class='ocrx_word' id='word_1_535' title='bbox 1538 4290 1661 4341; x_wconf 89' lang='lat' dir='ltr'>erat</span> <span class='ocrx_word' id='word_1_536' title='bbox 1690 4284 1775 4340; x_wconf 90' lang='lat' dir='ltr'>vel</span> <span class='ocrx_word' id='word_1_537' title='bbox 1824 4284 2043 4356; x_wconf 89' lang='lat' dir='ltr'>pariter</span> 
     </span>
    </p>
   </div>
   <div class='ocr_carea' id='block_1_76' title="bbox 400 4372 2041 4447">
    <p class='ocr_par' dir='ltr' id='par_1_76' title="bbox 400 4372 2041 4447">
     <span class='ocr_line' id='line_1_77' title="bbox 400 4372 2041 4447; baseline -0.002 -17"><span class='ocrx_word' id='word_1_538' title='bbox 400 4392 748 4431; x_wconf 89' lang='lat' dir='ltr'>assensuros</span> <span class='ocrx_word' id='word_1_539' title='bbox 778 4380 834 4430; x_wconf 88' lang='lat' dir='ltr'>et</span> <span class='ocrx_word' id='word_1_540' title='bbox 858 4376 1025 4445; x_wconf 91' lang='lat' dir='ltr'>quasi</span> <span class='ocrx_word' id='word_1_541' title='bbox 1057 4376 1110 4429; x_wconf 88' lang='lat' dir='ltr'>vi</span> <span class='ocrx_word' id='word_1_542' title='bbox 1145 4376 1419 4447; x_wconf 89' lang='lat' dir='ltr'>quadam,</span> <span class='ocrx_word' id='word_1_543' title='bbox 1450 4375 1664 4429; x_wconf 87' lang='lat' dir='ltr'>vellent</span> <span class='ocrx_word' id='word_1_544' title='bbox 1682 4372 1921 4439; x_wconf 86' lang='lat' dir='ltr'>nollent,</span> <span class='ocrx_word' id='word_1_545' title='bbox 1955 4377 2041 4426; x_wconf 89' lang='lat' dir='ltr'>at-</span> 
     </span>
    </p>
   </div>
   <div class='ocr_carea' id='block_1_77' title="bbox 400 4460 2039 4534">
    <p class='ocr_par' dir='ltr' id='par_1_77' title="bbox 400 4460 2039 4534">
     <span class='ocr_line' id='line_1_78' title="bbox 400 4460 2039 4534; baseline -0.003 -15"><span class='ocrx_word' id='word_1_546' title='bbox 400 4464 719 4520; x_wconf 85' lang='lat' dir='ltr'>trahendos</span> <span class='ocrx_word' id='word_1_547' title='bbox 735 4462 1116 4534; x_wconf 86' lang='lat' dir='ltr'>reliquos,vel</span> <span class='ocrx_word' id='word_1_548' title='bbox 1143 4464 1190 4518; x_wconf 89' lang='lat' dir='ltr'>si</span> <span class='ocrx_word' id='word_1_549' title='bbox 1215 4461 1886 4518; x_wconf 89' lang='lat' dir='ltr'>contumaciainvictain</span> <span class='ocrx_word' id='word_1_550' title='bbox 1909 4460 2039 4515; x_wconf 89' lang='lat' dir='ltr'>odio</span> 
     </span>
    </p>
   </div>
   <div class='ocr_carea' id='block_1_78' title="bbox 401 4549 2037 4624">
    <p class='ocr_par' dir='ltr' id='par_1_78' title="bbox 401 4549 2037 4624">
     <span class='ocr_line' id='line_1_79' title="bbox 401 4549 2037 4624; baseline -0.001 -18"><span class='ocrx_word' id='word_1_551' title='bbox 401 4556 756 4624; x_wconf 90' lang='lat' dir='ltr'>perstarent,</span> <span class='ocrx_word' id='word_1_552' title='bbox 806 4556 1136 4608; x_wconf 84' lang='lat' dir='ltr'>exarmatos</span> <span class='ocrx_word' id='word_1_553' title='bbox 1179 4567 1379 4606; x_wconf 90' lang='lat' dir='ltr'>eorum</span> <span class='ocrx_word' id='word_1_554' title='bbox 1431 4551 1789 4605; x_wconf 87' lang='lat' dir='ltr'>discessione</span> <span class='ocrx_word' id='word_1_555' title='bbox 1838 4549 2037 4604; x_wconf 89' lang='lat' dir='ltr'>minus</span> 
     </span>
    </p>
   </div>
   <div class='ocr_carea' id='block_1_79' title="bbox 398 4640 2037 4711">
    <p class='ocr_par' dir='ltr' id='par_1_79' title="bbox 398 4640 2037 4711">
     <span class='ocr_line' id='line_1_80' title="bbox 398 4640 2037 4711; baseline -0.002 -16"><span class='ocrx_word' id='word_1_556' title='bbox 398 4640 678 4711; x_wconf 88' lang='lat' dir='ltr'>deinceps</span> <span class='ocrx_word' id='word_1_557' title='bbox 706 4641 775 4695; x_wconf 87' lang='lat' dir='ltr'>ad</span> <span class='ocrx_word' id='word_1_558' title='bbox 793 4642 1109 4697; x_wconf 90' lang='lat' dir='ltr'>nocendum</span> <span class='ocrx_word' id='word_1_559' title='bbox 1135 4640 1414 4695; x_wconf 82' lang='lat' dir='ltr'>valituros</span> <span class='ocrx_word' id='word_1_560' title='bbox 1437 4643 1493 4694; x_wconf 86' lang='lat' dir='ltr'>et</span> <span class='ocrx_word' id='word_1_561' title='bbox 1518 4640 1819 4709; x_wconf 87' lang='lat' dir='ltr'>quieturos</span> <span class='ocrx_word' id='word_1_562' title='bbox 1842 4652 2037 4692; x_wconf 71' lang='lat' dir='ltr'>neces~</span> 
     </span>
    </p>
   </div>
   <div class='ocr_carea' id='block_1_80' title="bbox 398 4725 2038 4797">
    <p class='ocr_par' dir='ltr' id='par_1_80' title="bbox 398 4725 2038 4797">
     <span class='ocr_line' id='line_1_81' title="bbox 398 4725 2038 4797; baseline -0.003 -12"><span class='ocrx_word' id='word_1_563' title='bbox 398 4730 555 4785; x_wconf 89' lang='lat' dir='ltr'>sario</span> <span class='ocrx_word' id='word_1_564' title='bbox 588 4734 847 4785; x_wconf 69' lang='lat' dir='ltr'>caeteros.</span> <span class='ocrx_word' id='word_1_565' title='bbox 882 4732 1070 4795; x_wconf 89' lang='lat' dir='ltr'>Quare</span> <span class='ocrx_word' id='word_1_566' title='bbox 1099 4728 1171 4783; x_wconf 88' lang='lat' dir='ltr'>iis</span> <span class='ocrx_word' id='word_1_567' title='bbox 1202 4729 1273 4783; x_wconf 91' lang='lat' dir='ltr'>ad</span> <span class='ocrx_word' id='word_1_568' title='bbox 1323 4744 1384 4783; x_wconf 90' lang='lat' dir='ltr'>se</span> <span class='ocrx_word' id='word_1_569' title='bbox 1412 4727 1634 4781; x_wconf 89' lang='lat' dir='ltr'>vocatis</span> <span class='ocrx_word' id='word_1_570' title='bbox 1673 4725 2038 4797; x_wconf 87' lang='lat' dir='ltr'>alloquendis</span> 
     </span>
    </p>
   </div>
   <div class='ocr_carea' id='block_1_81' title="bbox 398 4814 2040 4890">
    <p class='ocr_par' dir='ltr' id='par_1_81' title="bbox 398 4814 2040 4890">
     <span class='ocr_line' id='line_1_82' title="bbox 398 4814 2040 4890; baseline -0.003 -18"><span class='ocrx_word' id='word_1_571' title='bbox 398 4817 655 4872; x_wconf 89' lang='lat' dir='ltr'>solidum</span> <span class='ocrx_word' id='word_1_572' title='bbox 687 4819 942 4890; x_wconf 89' lang='lat' dir='ltr'>sumpsit</span> <span class='ocrx_word' id='word_1_573' title='bbox 971 4818 1146 4885; x_wconf 90' lang='lat' dir='ltr'>diem,</span> <span class='ocrx_word' id='word_1_574' title='bbox 1171 4817 1380 4872; x_wconf 90' lang='lat' dir='ltr'>idonea</span> <span class='ocrx_word' id='word_1_575' title='bbox 1403 4830 1867 4870; x_wconf 83' lang='lat' dir='ltr'>commemorans</span> <span class='ocrx_word' id='word_1_576' title='bbox 1889 4814 2040 4869; x_wconf 89' lang='lat' dir='ltr'>deli-</span> 
     </span>
    </p>
   </div>
   <div class='ocr_carea' id='block_1_82' title="bbox 401 4905 2035 4981">
    <p class='ocr_par' dir='ltr' id='par_1_82' title="bbox 401 4905 2035 4981">
     <span class='ocr_line' id='line_1_83' title="bbox 401 4905 2035 4981; baseline -0.002 -19"><span class='ocrx_word' id='word_1_577' title='bbox 401 4910 632 4966; x_wconf 89' lang='lat' dir='ltr'>niendis</span> <span class='ocrx_word' id='word_1_578' title='bbox 664 4909 832 4980; x_wconf 88' lang='lat' dir='ltr'>ipsis,</span> <span class='ocrx_word' id='word_1_579' title='bbox 856 4914 911 4965; x_wconf 92' lang='lat' dir='ltr'>et</span> <span class='ocrx_word' id='word_1_580' title='bbox 936 4926 1038 4981; x_wconf 82' lang='lat' dir='ltr'>spe</span> <span class='ocrx_word' id='word_1_581' title='bbox 1060 4911 1501 4964; x_wconf 86' lang='lat' dir='ltr'>commodorum</span> <span class='ocrx_word' id='word_1_582' title='bbox 1532 4906 1741 4976; x_wconf 92' lang='lat' dir='ltr'>cuique</span> <span class='ocrx_word' id='word_1_583' title='bbox 1763 4905 2035 4977; x_wconf 91' lang='lat' dir='ltr'>privatim</span> 
     </span>
    </p>
   </div>
   <div class='ocr_carea' id='block_1_83' title="bbox 401 4994 2037 5053">
    <p class='ocr_par' dir='ltr' id='par_1_83' title="bbox 401 4994 2037 5053">
     <span class='ocr_line' id='line_1_84' title="bbox 401 4994 2037 5053; baseline -0.003 -1"><span class='ocrx_word' id='word_1_584' title='bbox 401 4997 727 5053; x_wconf 81' lang='lat' dir='ltr'>oblatarum</span> <span class='ocrx_word' id='word_1_585' title='bbox 755 4998 1111 5053; x_wconf 87' lang='lat' dir='ltr'>abducendis</span> <span class='ocrx_word' id='word_1_586' title='bbox 1133 5014 1164 5052; x_wconf 74' lang='grc' dir='ltr'>ιι</span> <span class='ocrx_word' id='word_1_587' title='bbox 1186 4995 1481 5051; x_wconf 89' lang='lat' dir='ltr'>communi</span> <span class='ocrx_word' id='word_1_588' title='bbox 1511 4994 1778 5049; x_wconf 88' lang='lat' dir='ltr'>universo</span> <span class='ocrx_word' id='word_1_589' title='bbox 1801 4995 2037 5048; x_wconf 84' lang='lat' dir='ltr'>Latino-</span> 
     </span>
    </p>
   </div>
   <div class='ocr_carea' id='block_1_84' title="bbox 401 5082 2035 5156">
    <p class='ocr_par' dir='ltr' id='par_1_84' title="bbox 401 5082 2035 5156">
     <span class='ocr_line' id='line_1_85' title="bbox 401 5082 2035 5156; baseline -0.002 -18"><span class='ocrx_word' id='word_1_590' title='bbox 401 5102 531 5139; x_wconf 90' lang='lat' dir='ltr'>rum</span> <span class='ocrx_word' id='word_1_591' title='bbox 563 5086 759 5156; x_wconf 85' lang='lat' dir='ltr'>generi</span> <span class='ocrx_word' id='word_1_592' title='bbox 792 5087 1223 5156; x_wconf 85' lang='lat' dir='ltr'>conspiratione</span> <span class='ocrx_word' id='word_1_593' title='bbox 1246 5084 1303 5139; x_wconf 92' lang='lat' dir='ltr'>in</span> <span class='ocrx_word' id='word_1_594' title='bbox 1326 5084 1524 5138; x_wconf 91' lang='lat' dir='ltr'>odium</span> <span class='ocrx_word' id='word_1_595' title='bbox 1548 5083 1899 5137; x_wconf 73' lang='lat' dir='ltr'>Graecorum.</span> <span class='ocrx_word' id='word_1_596' title='bbox 1923 5082 2035 5136; x_wconf 86' lang='lat' dir='ltr'>Nec</span> 
     </span>
    </p>
   </div>
   <div class='ocr_carea' id='block_1_85' title="bbox 404 5171 2033 5245">
    <p class='ocr_par' dir='ltr' id='par_1_85' title="bbox 404 5171 2033 5245">
     <span class='ocr_line' id='line_1_86' title="bbox 404 5171 2033 5245; baseline -0.001 -17"><span class='ocrx_word' id='word_1_597' title='bbox 404 5174 550 5228; x_wconf 89' lang='lat' dir='ltr'>nihil</span> <span class='ocrx_word' id='word_1_598' title='bbox 583 5175 923 5245; x_wconf 86' lang='lat' dir='ltr'>proﬁciebat</span> <span class='ocrx_word' id='word_1_599' title='bbox 954 5176 1068 5230; x_wconf 86' lang='lat' dir='ltr'>ista</span> <span class='ocrx_word' id='word_1_600' title='bbox 1100 5191 1309 5245; x_wconf 88' lang='lat' dir='ltr'>opera:</span> <span class='ocrx_word' id='word_1_601' title='bbox 1347 5173 1563 5228; x_wconf 90' lang='lat' dir='ltr'>sensim</span> <span class='ocrx_word' id='word_1_602' title='bbox 1598 5171 1750 5225; x_wconf 90' lang='lat' dir='ltr'>enim</span> <span class='ocrx_word' id='word_1_603' title='bbox 1777 5172 2033 5226; x_wconf 84' lang='lat' dir='ltr'>circura-</span> 
     </span>
    </p>
   </div>
   <div class='ocr_carea' id='block_1_86' title="bbox 398 5259 2035 5333">
    <p class='ocr_par' dir='ltr' id='par_1_86' title="bbox 398 5259 2035 5333">
     <span class='ocr_line' id='line_1_87' title="bbox 398 5259 2035 5333; baseline -0.002 -17"><span class='ocrx_word' id='word_1_604' title='bbox 398 5263 493 5317; x_wconf 85' lang='lat' dir='ltr'>bat</span> <span class='ocrx_word' id='word_1_605' title='bbox 528 5263 700 5329; x_wconf 86' lang='lat' dir='ltr'>feros,</span> <span class='ocrx_word' id='word_1_606' title='bbox 726 5267 781 5318; x_wconf 89' lang='lat' dir='ltr'>et</span> <span class='ocrx_word' id='word_1_607' title='bbox 796 5281 972 5319; x_wconf 84' lang='lat' dir='ltr'>saevos</span> <span class='ocrx_word' id='word_1_608' title='bbox 991 5264 1267 5319; x_wconf 88' lang='lat' dir='ltr'>iratorum</span> <span class='ocrx_word' id='word_1_609' title='bbox 1285 5263 1538 5333; x_wconf 87' lang='lat' dir='ltr'>impetus</span> <span class='ocrx_word' id='word_1_610' title='bbox 1551 5260 1846 5315; x_wconf 90' lang='lat' dir='ltr'>beneﬁciis</span> <span class='ocrx_word' id='word_1_611' title='bbox 1860 5259 2035 5314; x_wconf 88' lang='lat' dir='ltr'>emol-</span> 
     </span>
    </p>
   </div>
   <div class='ocr_carea' id='block_1_87' title="bbox 396 5350 2035 5429">
    <p class='ocr_par' dir='ltr' id='par_1_87' title="bbox 396 5350 2035 5429">
     <span class='ocr_line' id='line_1_88' title="bbox 396 5350 2035 5429; baseline -0.001 -23"><span class='ocrx_word' id='word_1_612' title='bbox 396 5351 593 5407; x_wconf 90' lang='lat' dir='ltr'>liendo</span> <span class='ocrx_word' id='word_1_613' title='bbox 627 5352 949 5424; x_wconf 83' lang='lat' dir='ltr'>frangebat.</span> <span class='ocrx_word' id='word_1_614' title='bbox 984 5353 1131 5423; x_wconf 88' lang='lat' dir='ltr'>Ipsis</span> <span class='ocrx_word' id='word_1_615' title='bbox 1164 5350 1734 5429; x_wconf 84' lang='lat' dir='ltr'>quippeindulgebat</span> <span class='ocrx_word' id='word_1_616' title='bbox 1757 5354 1819 5404; x_wconf 89' lang='lat' dir='ltr'>ut</span> <span class='ocrx_word' id='word_1_617' title='bbox 1848 5350 1906 5403; x_wconf 91' lang='lat' dir='ltr'>in</span> <span class='ocrx_word' id='word_1_618' title='bbox 1935 5351 2035 5405; x_wconf 86' lang='lat' dir='ltr'>bo-</span> 
     </span>
    </p>
   </div>
   <div class='ocr_carea' id='block_1_88' title="bbox 406 5436 2033 5510">
    <p class='ocr_par' dir='ltr' id='par_1_88' title="bbox 406 5436 2033 5510">
     <span class='ocr_line' id='line_1_89' title="bbox 406 5436 2033 5510; baseline -0.002 -16"><span class='ocrx_word' id='word_1_619' title='bbox 406 5456 481 5494; x_wconf 92' lang='lat' dir='ltr'>no</span> <span class='ocrx_word' id='word_1_620' title='bbox 514 5439 675 5494; x_wconf 86' lang='lat' dir='ltr'>urbis</span> <span class='ocrx_word' id='word_1_621' title='bbox 705 5440 829 5495; x_wconf 92' lang='lat' dir='ltr'>loco</span> <span class='ocrx_word' id='word_1_622' title='bbox 860 5440 1123 5495; x_wconf 89' lang='lat' dir='ltr'>habitare</span> <span class='ocrx_word' id='word_1_623' title='bbox 1154 5457 1356 5495; x_wconf 80' lang='lat' dir='ltr'>secure</span> <span class='ocrx_word' id='word_1_624' title='bbox 1387 5442 1646 5510; x_wconf 88' lang='lat' dir='ltr'>possent,</span> <span class='ocrx_word' id='word_1_625' title='bbox 1672 5442 1901 5493; x_wconf 90' lang='lat' dir='ltr'>tantum</span> <span class='ocrx_word' id='word_1_626' title='bbox 1922 5436 2033 5493; x_wconf 91' lang='lat' dir='ltr'>loci</span> 
     </span>
    </p>
   </div>
   <div class='ocr_carea' id='block_1_89' title="bbox 404 5527 2033 5598">
    <p class='ocr_par' dir='ltr' id='par_1_89' title="bbox 404 5527 2033 5598">
     <span class='ocr_line' id='line_1_90' title="bbox 404 5527 2033 5598; baseline -0.001 -17"><span class='ocrx_word' id='word_1_627' title='bbox 404 5532 760 5597; x_wconf 88' lang='lat' dir='ltr'>occupantes</span> <span class='ocrx_word' id='word_1_628' title='bbox 810 5532 1091 5598; x_wconf 87' lang='lat' dir='ltr'>quantum</span> <span class='ocrx_word' id='word_1_629' title='bbox 1126 5528 1237 5582; x_wconf 91' lang='lat' dir='ltr'>sibi</span> <span class='ocrx_word' id='word_1_630' title='bbox 1288 5527 1555 5583; x_wconf 85' lang='lat' dir='ltr'>sufﬁcere</span> <span class='ocrx_word' id='word_1_631' title='bbox 1603 5528 1894 5596; x_wconf 89' lang='lat' dir='ltr'>putarent,</span> <span class='ocrx_word' id='word_1_632' title='bbox 1929 5542 2033 5580; x_wconf 87' lang='lat' dir='ltr'>sua</span> 
     </span>
    </p>
   </div>
   <div class='ocr_carea' id='block_1_90' title="bbox 404 5613 2031 5688">
    <p class='ocr_par' dir='ltr' id='par_1_90' title="bbox 404 5613 2031 5688">
     <span class='ocr_line' id='line_1_91' title="bbox 404 5613 2031 5688; baseline 0 -19"><span class='ocrx_word' id='word_1_633' title='bbox 404 5614 668 5686; x_wconf 87' lang='lat' dir='ltr'>ipsorum</span> <span class='ocrx_word' id='word_1_634' title='bbox 698 5616 933 5688; x_wconf 87' lang='lat' dir='ltr'>propria</span> <span class='ocrx_word' id='word_1_635' title='bbox 962 5619 1193 5672; x_wconf 90' lang='lat' dir='ltr'>utentes</span> <span class='ocrx_word' id='word_1_636' title='bbox 1221 5613 1548 5686; x_wconf 90' lang='lat' dir='ltr'>disciplina,</span> <span class='ocrx_word' id='word_1_637' title='bbox 1580 5614 1692 5670; x_wconf 88' lang='lat' dir='ltr'>sub</span> <span class='ocrx_word' id='word_1_638' title='bbox 1722 5629 1861 5670; x_wconf 88' lang='lat' dir='ltr'>cura</span> <span class='ocrx_word' id='word_1_639' title='bbox 1886 5629 2031 5685; x_wconf 67' lang='lat' dir='ltr'>pra-</span> 
     </span>
    </p>
   </div>
   <div class='ocr_carea' id='block_1_91' title="bbox 2151 3229 3789 3301">
    <p class='ocr_par' dir='ltr' id='par_1_91' title="bbox 2151 3229 3789 3301">
     <span class='ocr_line' id='line_1_92' title="bbox 2151 3229 3789 3301; baseline -0.004 -14"><span class='ocrx_word' id='word_1_640' title='bbox 2151 3238 2268 3288; x_wconf 89' lang='lat' dir='ltr'>tem</span> <span class='ocrx_word' id='word_1_641' title='bbox 2291 3234 2347 3284; x_wconf 89' lang='lat' dir='ltr'>et</span> <span class='ocrx_word' id='word_1_642' title='bbox 2370 3229 2599 3284; x_wconf 90' lang='lat' dir='ltr'>Pisanis</span> <span class='ocrx_word' id='word_1_643' title='bbox 2621 3230 2782 3301; x_wconf 89' lang='lat' dir='ltr'>paria</span> <span class='ocrx_word' id='word_1_644' title='bbox 2796 3230 3070 3286; x_wconf 89' lang='lat' dir='ltr'>similiter</span> <span class='ocrx_word' id='word_1_645' title='bbox 3092 3234 3381 3286; x_wconf 89' lang='lat' dir='ltr'>ostentata</span> <span class='ocrx_word' id='word_1_646' title='bbox 3406 3233 3564 3291; x_wconf 89' lang='lat' dir='ltr'>sunt,</span> <span class='ocrx_word' id='word_1_647' title='bbox 3580 3243 3789 3297; x_wconf 88' lang='lat' dir='ltr'>nempe</span> 
     </span>
    </p>
   </div>
   <div class='ocr_carea' id='block_1_92' title="bbox 2148 3315 3791 3389">
    <p class='ocr_par' dir='ltr' id='par_1_92' title="bbox 2148 3315 3791 3389">
     <span class='ocr_line' id='line_1_93' title="bbox 2148 3315 3791 3389; baseline -0.003 -15"><span class='ocrx_word' id='word_1_648' title='bbox 2148 3325 2212 3374; x_wconf 94' lang='lat' dir='ltr'>ut</span> <span class='ocrx_word' id='word_1_649' title='bbox 2245 3318 2329 3372; x_wconf 92' lang='lat' dir='ltr'>illi</span> <span class='ocrx_word' id='word_1_650' title='bbox 2370 3319 2607 3387; x_wconf 89' lang='lat' dir='ltr'>quidem</span> <span class='ocrx_word' id='word_1_651' title='bbox 2660 3318 2771 3373; x_wconf 91' lang='lat' dir='ltr'>sub</span> <span class='ocrx_word' id='word_1_652' title='bbox 2823 3317 3022 3388; x_wconf 87' lang='lat' dir='ltr'>bajulo</span> <span class='ocrx_word' id='word_1_653' title='bbox 3085 3318 3409 3389; x_wconf 90' lang='lat' dir='ltr'>(vocabulo,</span> <span class='ocrx_word' id='word_1_654' title='bbox 3460 3317 3506 3370; x_wconf 91' lang='lat' dir='ltr'>si</span> <span class='ocrx_word' id='word_1_655' title='bbox 3542 3316 3599 3370; x_wconf 92' lang='lat' dir='ltr'>in</span> <span class='ocrx_word' id='word_1_656' title='bbox 3631 3315 3791 3370; x_wconf 64' lang='lat' dir='ltr'>Grai-</span> 
     </span>
    </p>
   </div>
   <div class='ocr_carea' id='block_1_93' title="bbox 2146 3404 3789 3477">
    <p class='ocr_par' dir='ltr' id='par_1_93' title="bbox 2146 3404 3789 3477">
     <span class='ocr_line' id='line_1_94' title="bbox 2146 3404 3789 3477; baseline -0.002 -16"><span class='ocrx_word' id='word_1_657' title='bbox 2146 3423 2277 3461; x_wconf 88' lang='lat' dir='ltr'>cum</span> <span class='ocrx_word' id='word_1_658' title='bbox 2310 3405 3113 3477; x_wconf 71' lang='lat' dir='ltr'>interpreteris,praapositum</span> <span class='ocrx_word' id='word_1_659' title='bbox 3139 3406 3427 3477; x_wconf 88' lang='lat' dir='ltr'>sonante),</span> <span class='ocrx_word' id='word_1_660' title='bbox 3465 3404 3651 3460; x_wconf 86' lang='lat' dir='ltr'>Pisani</span> <span class='ocrx_word' id='word_1_661' title='bbox 3686 3420 3789 3458; x_wconf 86' lang='lat' dir='ltr'>au-</span> 
     </span>
    </p>
   </div>
   <div class='ocr_carea' id='block_1_94' title="bbox 2150 3491 3786 3565">
    <p class='ocr_par' dir='ltr' id='par_1_94' title="bbox 2150 3491 3786 3565">
     <span class='ocr_line' id='line_1_95' title="bbox 2150 3491 3786 3565; baseline 0 -18"><span class='ocrx_word' id='word_1_662' title='bbox 2150 3498 2262 3548; x_wconf 90' lang='lat' dir='ltr'>tem</span> <span class='ocrx_word' id='word_1_663' title='bbox 2315 3492 2425 3546; x_wconf 90' lang='lat' dir='ltr'>sub</span> <span class='ocrx_word' id='word_1_664' title='bbox 2469 3493 2728 3563; x_wconf 83' lang='lat' dir='ltr'>consule,</span> <span class='ocrx_word' id='word_1_665' title='bbox 2773 3494 2941 3563; x_wconf 87' lang='lat' dir='ltr'>quasi</span> <span class='ocrx_word' id='word_1_666' title='bbox 2995 3494 3156 3549; x_wconf 90' lang='lat' dir='ltr'>dicas</span> <span class='ocrx_word' id='word_1_667' title='bbox 3189 3494 3406 3565; x_wconf 90' lang='lat' dir='ltr'>ephoro</span> <span class='ocrx_word' id='word_1_668' title='bbox 3450 3496 3554 3547; x_wconf 88' lang='lat' dir='ltr'>aut</span> <span class='ocrx_word' id='word_1_669' title='bbox 3601 3491 3786 3557; x_wconf 71' lang='lat' dir='ltr'>sedile,</span> 
     </span>
    </p>
   </div>
   <div class='ocr_carea' id='block_1_95' title="bbox 2146 3580 3785 3653">
    <p class='ocr_par' dir='ltr' id='par_1_95' title="bbox 2146 3580 3785 3653">
     <span class='ocr_line' id='line_1_96' title="bbox 2146 3580 3785 3653; baseline 0.001 -19"><span class='ocrx_word' id='word_1_670' title='bbox 2146 3581 2378 3651; x_wconf 85' lang='lat' dir='ltr'>legibus</span> <span class='ocrx_word' id='word_1_671' title='bbox 2410 3580 2673 3651; x_wconf 90' lang='lat' dir='ltr'>ipsorum</span> <span class='ocrx_word' id='word_1_672' title='bbox 2705 3581 2957 3653; x_wconf 89' lang='lat' dir='ltr'>quisque</span> <span class='ocrx_word' id='word_1_673' title='bbox 2988 3583 3239 3652; x_wconf 73' lang='lat' dir='ltr'>prop&#39;iis</span> <span class='ocrx_word' id='word_1_674' title='bbox 3271 3586 3578 3636; x_wconf 88' lang='lat' dir='ltr'>uterentur</span> <span class='ocrx_word' id='word_1_675' title='bbox 3617 3597 3785 3636; x_wconf 88' lang='lat' dir='ltr'>suas-</span> 
     </span>
    </p>
   </div>
   <div class='ocr_carea' id='block_1_96' title="bbox 2148 3669 3785 3740">
    <p class='ocr_par' dir='ltr' id='par_1_96' title="bbox 2148 3669 3785 3740">
     <span class='ocr_line' id='line_1_97' title="bbox 2148 3669 3785 3740; baseline -0.001 -16"><span class='ocrx_word' id='word_1_676' title='bbox 2148 3686 2261 3740; x_wconf 92' lang='lat' dir='ltr'>que</span> <span class='ocrx_word' id='word_1_677' title='bbox 2293 3684 2383 3723; x_wconf 89' lang='lat' dir='ltr'>res</span> <span class='ocrx_word' id='word_1_678' title='bbox 2416 3673 2652 3738; x_wconf 88' lang='lat' dir='ltr'>agerent</span> <span class='ocrx_word' id='word_1_679' title='bbox 2675 3669 3020 3738; x_wconf 81' lang='lat' dir='ltr'>prohibente</span> <span class='ocrx_word' id='word_1_680' title='bbox 3052 3670 3304 3740; x_wconf 88' lang='lat' dir='ltr'>nemine,</span> <span class='ocrx_word' id='word_1_681' title='bbox 3339 3669 3516 3725; x_wconf 90' lang='lat' dir='ltr'>libere</span> <span class='ocrx_word' id='word_1_682' title='bbox 3539 3686 3638 3740; x_wconf 92' lang='lat' dir='ltr'>per</span> <span class='ocrx_word' id='word_1_683' title='bbox 3661 3685 3785 3724; x_wconf 91' lang='lat' dir='ltr'>om-</span> 
     </span>
    </p>
   </div>
   <div class='ocr_carea' id='block_1_97' title="bbox 2151 3758 3781 3825">
    <p class='ocr_par' dir='ltr' id='par_1_97' title="bbox 2151 3758 3781 3825">
     <span class='ocr_line' id='line_1_98' title="bbox 2151 3758 3781 3825; baseline -0.001 -11"><span class='ocrx_word' id='word_1_684' title='bbox 2151 3760 2246 3814; x_wconf 90' lang='lat' dir='ltr'>nia</span> <span class='ocrx_word' id='word_1_685' title='bbox 2263 3758 2554 3825; x_wconf 85' lang='lat' dir='ltr'>viventes;</span> <span class='ocrx_word' id='word_1_686' title='bbox 2583 3761 2853 3811; x_wconf 74' lang='lat' dir='ltr'>caeterum</span> <span class='ocrx_word' id='word_1_687' title='bbox 2877 3759 3283 3813; x_wconf 85' lang='lat' dir='ltr'>Genuensibus</span> <span class='ocrx_word' id='word_1_688' title='bbox 3308 3759 3448 3814; x_wconf 81' lang='lat' dir='ltr'>satis</span> <span class='ocrx_word' id='word_1_689' title='bbox 3470 3759 3647 3812; x_wconf 88' lang='lat' dir='ltr'>ﬁdere</span> <span class='ocrx_word' id='word_1_690' title='bbox 3669 3775 3781 3812; x_wconf 90' lang='lat' dir='ltr'>non</span> 
     </span>
    </p>
   </div>
   <div class='ocr_carea' id='block_1_98' title="bbox 2147 3844 3788 3917">
    <p class='ocr_par' dir='ltr' id='par_1_98' title="bbox 2147 3844 3788 3917">
     <span class='ocr_line' id='line_1_99' title="bbox 2147 3844 3788 3917; baseline -0.003 -14"><span class='ocrx_word' id='word_1_691' title='bbox 2147 3850 2369 3916; x_wconf 89' lang='lat' dir='ltr'>poterat</span> <span class='ocrx_word' id='word_1_692' title='bbox 2398 3844 2550 3899; x_wconf 90' lang='lat' dir='ltr'>intra</span> <span class='ocrx_word' id='word_1_693' title='bbox 2581 3844 2784 3899; x_wconf 90' lang='lat' dir='ltr'>urbem</span> <span class='ocrx_word' id='word_1_694' title='bbox 2818 3846 3187 3916; x_wconf 88' lang='lat' dir='ltr'>degentibus,</span> <span class='ocrx_word' id='word_1_695' title='bbox 3221 3848 3373 3917; x_wconf 89' lang='lat' dir='ltr'>quod</span> <span class='ocrx_word' id='word_1_696' title='bbox 3408 3845 3788 3900; x_wconf 90' lang='lat' dir='ltr'>multiessent</span> 
     </span>
    </p>
   </div>
   <div class='ocr_carea' id='block_1_99' title="bbox 2147 3933 3781 3999">
    <p class='ocr_par' dir='ltr' id='par_1_99' title="bbox 2147 3933 3781 3999">
     <span class='ocr_line' id='line_1_100' title="bbox 2147 3933 3781 3999; baseline -0.001 -10"><span class='ocrx_word' id='word_1_697' title='bbox 2147 3952 2252 3991; x_wconf 91' lang='lat' dir='ltr'>nec</span> <span class='ocrx_word' id='word_1_698' title='bbox 2283 3952 2413 3990; x_wconf 89' lang='lat' dir='ltr'>cum</span> <span class='ocrx_word' id='word_1_699' title='bbox 2467 3934 2691 3989; x_wconf 83' lang='lat' dir='ltr'>Pisanis</span> <span class='ocrx_word' id='word_1_700' title='bbox 2721 3939 2777 3988; x_wconf 89' lang='lat' dir='ltr'>et</span> <span class='ocrx_word' id='word_1_701' title='bbox 2805 3933 3042 3989; x_wconf 89' lang='lat' dir='ltr'>Venetis</span> <span class='ocrx_word' id='word_1_702' title='bbox 3084 3935 3476 3989; x_wconf 89' lang='lat' dir='ltr'>communiter</span> <span class='ocrx_word' id='word_1_703' title='bbox 3505 3933 3781 3999; x_wconf 88' lang='lat' dir='ltr'>viverent,</span> 
     </span>
    </p>
   </div>
   <div class='ocr_carea' id='block_1_100' title="bbox 2147 4020 3783 4093">
    <p class='ocr_par' dir='ltr' id='par_1_100' title="bbox 2147 4020 3783 4093">
     <span class='ocr_line' id='line_1_101' title="bbox 2147 4020 3783 4093; baseline -0.002 -13"><span class='ocrx_word' id='word_1_704' title='bbox 2147 4024 2248 4080; x_wconf 91' lang='lat' dir='ltr'>sed</span> <span class='ocrx_word' id='word_1_705' title='bbox 2283 4039 2421 4078; x_wconf 89' lang='lat' dir='ltr'>suas</span> <span class='ocrx_word' id='word_1_706' title='bbox 2453 4022 2562 4075; x_wconf 91' lang='lat' dir='ltr'>sibi</span> <span class='ocrx_word' id='word_1_707' title='bbox 2615 4023 2933 4093; x_wconf 87' lang='lat' dir='ltr'>separatim</span> <span class='ocrx_word' id='word_1_708' title='bbox 2963 4040 3053 4078; x_wconf 89' lang='lat' dir='ltr'>res</span> <span class='ocrx_word' id='word_1_709' title='bbox 3085 4024 3368 4078; x_wconf 90' lang='lat' dir='ltr'>haberent</span> <span class='ocrx_word' id='word_1_710' title='bbox 3396 4040 3409 4088; x_wconf 90' lang='lat'><strong>;</strong></span> <span class='ocrx_word' id='word_1_711' title='bbox 3458 4038 3605 4092; x_wconf 88' lang='lat' dir='ltr'>quos</span> <span class='ocrx_word' id='word_1_712' title='bbox 3638 4020 3783 4076; x_wconf 90' lang='lat' dir='ltr'>alla-</span> 
     </span>
    </p>
   </div>
   <div class='ocr_carea' id='block_1_101' title="bbox 2144 4110 3783 4183">
    <p class='ocr_par' dir='ltr' id='par_1_101' title="bbox 2144 4110 3783 4183">
     <span class='ocr_line' id='line_1_102' title="bbox 2144 4110 3783 4183; baseline -0.001 -17"><span class='ocrx_word' id='word_1_713' title='bbox 2144 4112 2309 4174; x_wconf 84' lang='lat' dir='ltr'>trari.</span> <span class='ocrx_word' id='word_1_714' title='bbox 2334 4112 2865 4182; x_wconf 49' lang='lat' dir='ltr'>cumiapparerent,</span> <span class='ocrx_word' id='word_1_715' title='bbox 2892 4117 2949 4166; x_wconf 90' lang='lat' dir='ltr'>et</span> <span class='ocrx_word' id='word_1_716' title='bbox 2981 4111 3162 4183; x_wconf 85' lang='lat' dir='ltr'>plebis</span> <span class='ocrx_word' id='word_1_717' title='bbox 3185 4110 3479 4182; x_wconf 89' lang='lat' dir='ltr'>proscindi</span> <span class='ocrx_word' id='word_1_718' title='bbox 3504 4110 3783 4165; x_wconf 77' lang='lat' dir='ltr'>conviciis</span> 
     </span>
    </p>
   </div>
   <div class='ocr_carea' id='block_1_102' title="bbox 2146 4197 3785 4269">
    <p class='ocr_par' dir='ltr' id='par_1_102' title="bbox 2146 4197 3785 4269">
     <span class='ocr_line' id='line_1_103' title="bbox 2146 4197 3785 4269; baseline -0.002 -13"><span class='ocrx_word' id='word_1_719' title='bbox 2146 4202 2303 4256; x_wconf 90' lang='lat' dir='ltr'>haud</span> <span class='ocrx_word' id='word_1_720' title='bbox 2339 4200 2579 4255; x_wconf 87' lang='lat' dir='ltr'>moleste</span> <span class='ocrx_word' id='word_1_721' title='bbox 2611 4200 2850 4265; x_wconf 86' lang='lat' dir='ltr'>ferebat,</span> <span class='ocrx_word' id='word_1_722' title='bbox 2884 4201 2967 4255; x_wconf 92' lang='lat' dir='ltr'>sic</span> <span class='ocrx_word' id='word_1_723' title='bbox 2998 4200 3130 4254; x_wconf 90' lang='lat' dir='ltr'>illos</span> <span class='ocrx_word' id='word_1_724' title='bbox 3160 4200 3332 4269; x_wconf 90' lang='lat' dir='ltr'>(quod</span> <span class='ocrx_word' id='word_1_725' title='bbox 3366 4198 3477 4254; x_wconf 87' lang='lat' dir='ltr'>sibi</span> <span class='ocrx_word' id='word_1_726' title='bbox 3510 4197 3650 4253; x_wconf 89' lang='lat' dir='ltr'>utile</span> <span class='ocrx_word' id='word_1_727' title='bbox 3682 4215 3785 4268; x_wconf 90' lang='lat' dir='ltr'>pu-</span> 
     </span>
    </p>
   </div>
   <div class='ocr_carea' id='block_1_103' title="bbox 2145 4285 3781 4359">
    <p class='ocr_par' dir='ltr' id='par_1_103' title="bbox 2145 4285 3781 4359">
     <span class='ocr_line' id='line_1_104' title="bbox 2145 4285 3781 4359; baseline -0.002 -15"><span class='ocrx_word' id='word_1_728' title='bbox 2145 4288 2327 4359; x_wconf 90' lang='lat' dir='ltr'>tabat)</span> <span class='ocrx_word' id='word_1_729' title='bbox 2360 4288 2616 4344; x_wconf 88' lang='lat' dir='ltr'>cohiberi</span> <span class='ocrx_word' id='word_1_730' title='bbox 2648 4303 2719 4341; x_wconf 91' lang='lat' dir='ltr'>ne</span> <span class='ocrx_word' id='word_1_731' title='bbox 2741 4287 2905 4342; x_wconf 84' lang='lat' dir='ltr'>facile</span> <span class='ocrx_word' id='word_1_732' title='bbox 2928 4288 3247 4359; x_wconf 84' lang='lat' dir='ltr'>prodirent,</span> <span class='ocrx_word' id='word_1_733' title='bbox 3278 4292 3333 4341; x_wconf 88' lang='lat' dir='ltr'>et</span> <span class='ocrx_word' id='word_1_734' title='bbox 3360 4287 3519 4342; x_wconf 90' lang='lat' dir='ltr'>intus</span> <span class='ocrx_word' id='word_1_735' title='bbox 3541 4285 3781 4341; x_wconf 86' lang='lat' dir='ltr'>detineri</span> 
     </span>
    </p>
   </div>
   <div class='ocr_carea' id='block_1_104' title="bbox 2149 4375 3780 4449">
    <p class='ocr_par' dir='ltr' id='par_1_104' title="bbox 2149 4375 3780 4449">
     <span class='ocr_line' id='line_1_105' title="bbox 2149 4375 3780 4449; baseline -0.003 -17"><span class='ocrx_word' id='word_1_736' title='bbox 2149 4378 2518 4449; x_wconf 83' lang='lat' dir='ltr'>gaudens.Ea</span> <span class='ocrx_word' id='word_1_737' title='bbox 2536 4392 2706 4446; x_wconf 91' lang='lat' dir='ltr'>porro</span> <span class='ocrx_word' id='word_1_738' title='bbox 2724 4375 3312 4432; x_wconf 87' lang='lat' dir='ltr'>industriatractandi</span> <span class='ocrx_word' id='word_1_739' title='bbox 3327 4375 3780 4446; x_wconf 88' lang='lat' dir='ltr'>separatimcum</span> 
     </span>
    </p>
   </div>
   <div class='ocr_carea' id='block_1_105' title="bbox 2149 4463 3779 4536">
    <p class='ocr_par' dir='ltr' id='par_1_105' title="bbox 2149 4463 3779 4536">
     <span class='ocr_line' id='line_1_106' title="bbox 2149 4463 3779 4536; baseline -0.002 -16"><span class='ocrx_word' id='word_1_740' title='bbox 2149 4481 2503 4536; x_wconf 90' lang='lat' dir='ltr'>unaquaque</span> <span class='ocrx_word' id='word_1_741' title='bbox 2538 4468 2733 4535; x_wconf 87' lang='lat' dir='ltr'>gente,</span> <span class='ocrx_word' id='word_1_742' title='bbox 2761 4470 2817 4519; x_wconf 93' lang='lat' dir='ltr'>et</span> <span class='ocrx_word' id='word_1_743' title='bbox 2849 4464 3231 4534; x_wconf 83' lang='lat' dir='ltr'>praesentibus</span> <span class='ocrx_word' id='word_1_744' title='bbox 3278 4464 3514 4535; x_wconf 90' lang='lat' dir='ltr'>quidem</span> <span class='ocrx_word' id='word_1_745' title='bbox 3539 4463 3779 4517; x_wconf 90' lang='lat' dir='ltr'>benevo-</span> 
     </span>
    </p>
   </div>
   <div class='ocr_carea' id='block_1_106' title="bbox 2147 4551 3783 4623">
    <p class='ocr_par' dir='ltr' id='par_1_106' title="bbox 2147 4551 3783 4623">
     <span class='ocr_line' id='line_1_107' title="bbox 2147 4551 3783 4623; baseline -0.003 -14"><span class='ocrx_word' id='word_1_746' title='bbox 2147 4553 2386 4609; x_wconf 90' lang='lat' dir='ltr'>lentiam</span> <span class='ocrx_word' id='word_1_747' title='bbox 2416 4552 2748 4619; x_wconf 79' lang='lat' dir='ltr'>exhibendi,</span> <span class='ocrx_word' id='word_1_748' title='bbox 2774 4552 2973 4623; x_wconf 91' lang='lat' dir='ltr'>procul</span> <span class='ocrx_word' id='word_1_749' title='bbox 2997 4551 3605 4615; x_wconf 87' lang='lat' dir='ltr'>veroabseutiumiras</span> <span class='ocrx_word' id='word_1_750' title='bbox 3626 4565 3783 4605; x_wconf 86' lang='lat' dir='ltr'>exar-</span> 
     </span>
    </p>
   </div>
   <div class='ocr_carea' id='block_1_107' title="bbox 2146 4638 3785 4712">
    <p class='ocr_par' dir='ltr' id='par_1_107' title="bbox 2146 4638 3785 4712">
     <span class='ocr_line' id='line_1_108' title="bbox 2146 4638 3785 4712; baseline -0.005 -13"><span class='ocrx_word' id='word_1_751' title='bbox 2146 4640 2348 4699; x_wconf 83' lang='lat' dir='ltr'>mandi</span> <span class='ocrx_word' id='word_1_752' title='bbox 2377 4640 2545 4696; x_wconf 90' lang='lat' dir='ltr'>donis</span> <span class='ocrx_word' id='word_1_753' title='bbox 2580 4640 2777 4694; x_wconf 89' lang='lat' dir='ltr'>missis</span> <span class='ocrx_word' id='word_1_754' title='bbox 2809 4643 2863 4694; x_wconf 87' lang='lat' dir='ltr'>et</span> <span class='ocrx_word' id='word_1_755' title='bbox 2895 4639 3215 4712; x_wconf 88' lang='lat' dir='ltr'>privilegiis</span> <span class='ocrx_word' id='word_1_756' title='bbox 3236 4638 3637 4708; x_wconf 89' lang='lat' dir='ltr'>indultis,ejus</span> <span class='ocrx_word' id='word_1_757' title='bbox 3659 4642 3785 4692; x_wconf 89' lang='lat' dir='ltr'>erat</span> 
     </span>
    </p>
   </div>
   <div class='ocr_carea' id='block_1_108' title="bbox 2150 4728 3780 4801">
    <p class='ocr_par' dir='ltr' id='par_1_108' title="bbox 2150 4728 3780 4801">
     <span class='ocr_line' id='line_1_109' title="bbox 2150 4728 3780 4801; baseline -0.002 -17"><span class='ocrx_word' id='word_1_758' title='bbox 2150 4732 2249 4801; x_wconf 91' lang='lat' dir='ltr'>qui</span> <span class='ocrx_word' id='word_1_759' title='bbox 2284 4730 2616 4786; x_wconf 88' lang='lat' dir='ltr'>ostenderet</span> <span class='ocrx_word' id='word_1_760' title='bbox 2646 4728 2963 4783; x_wconf 87' lang='lat' dir='ltr'>formidare</span> <span class='ocrx_word' id='word_1_761' title='bbox 2994 4745 3055 4784; x_wconf 91' lang='lat' dir='ltr'>se</span> <span class='ocrx_word' id='word_1_762' title='bbox 3088 4729 3378 4784; x_wconf 81' lang='lat' dir='ltr'>rationum</span> <span class='ocrx_word' id='word_1_763' title='bbox 3409 4728 3616 4783; x_wconf 88' lang='lat' dir='ltr'>harum</span> <span class='ocrx_word' id='word_1_764' title='bbox 3643 4743 3780 4781; x_wconf 90' lang='lat' dir='ltr'>con-</span> 
     </span>
    </p>
   </div>
   <div class='ocr_carea' id='block_1_109' title="bbox 2148 4818 3780 4890">
    <p class='ocr_par' dir='ltr' id='par_1_109' title="bbox 2148 4818 3780 4890">
     <span class='ocr_line' id='line_1_110' title="bbox 2148 4818 3780 4890; baseline -0.002 -14"><span class='ocrx_word' id='word_1_765' title='bbox 2148 4836 2385 4876; x_wconf 89' lang='lat' dir='ltr'>sensum</span> <span class='ocrx_word' id='word_1_766' title='bbox 2415 4823 2470 4874; x_wconf 91' lang='lat' dir='ltr'>et</span> <span class='ocrx_word' id='word_1_767' title='bbox 2505 4818 3001 4890; x_wconf 83' lang='lat' dir='ltr'>conspirationem</span> <span class='ocrx_word' id='word_1_768' title='bbox 3049 4820 3107 4874; x_wconf 93' lang='lat' dir='ltr'>in</span> <span class='ocrx_word' id='word_1_769' title='bbox 3140 4836 3509 4875; x_wconf 89' lang='lat' dir='ltr'>communem</span> <span class='ocrx_word' id='word_1_770' title='bbox 3550 4818 3780 4889; x_wconf 85' lang='lat' dir='ltr'>expedi-</span> 
     </span>
    </p>
   </div>
   <div class='ocr_carea' id='block_1_110' title="bbox 2146 4906 3781 4980">
    <p class='ocr_par' dir='ltr' id='par_1_110' title="bbox 2146 4906 3781 4980">
     <span class='ocr_line' id='line_1_111' title="bbox 2146 4906 3781 4980; baseline -0.003 -15"><span class='ocrx_word' id='word_1_771' title='bbox 2146 4911 2361 4965; x_wconf 91' lang='lat' dir='ltr'>tionem</span> <span class='ocrx_word' id='word_1_772' title='bbox 2392 4906 2692 4975; x_wconf 86' lang='lat' dir='ltr'>bellicam;</span> <span class='ocrx_word' id='word_1_773' title='bbox 2729 4925 2903 4979; x_wconf 90' lang='lat' dir='ltr'>quem</span> <span class='ocrx_word' id='word_1_774' title='bbox 2936 4908 3020 4963; x_wconf 90' lang='lat' dir='ltr'>illi</span> <span class='ocrx_word' id='word_1_775' title='bbox 3063 4909 3256 4980; x_wconf 89' lang='lat' dir='ltr'>magis</span> <span class='ocrx_word' id='word_1_776' title='bbox 3315 4908 3661 4963; x_wconf 88' lang='lat' dir='ltr'>admovebat</span> <span class='ocrx_word' id='word_1_777' title='bbox 3690 4908 3781 4961; x_wconf 88' lang='lat' dir='ltr'>in-</span> 
     </span>
    </p>
   </div>
   <div class='ocr_carea' id='block_1_111' title="bbox 2144 4996 3779 5069">
    <p class='ocr_par' dir='ltr' id='par_1_111' title="bbox 2144 4996 3779 5069">
     <span class='ocr_line' id='line_1_112' title="bbox 2144 4996 3779 5069; baseline -0.001 -16"><span class='ocrx_word' id='word_1_778' title='bbox 2144 4998 2538 5067; x_wconf 85' lang='lat' dir='ltr'>tendebatque</span> <span class='ocrx_word' id='word_1_779' title='bbox 2570 5001 2787 5052; x_wconf 91' lang='lat' dir='ltr'>metum</span> <span class='ocrx_word' id='word_1_780' title='bbox 2821 5002 3094 5069; x_wconf 90' lang='lat' dir='ltr'>acceptus</span> <span class='ocrx_word' id='word_1_781' title='bbox 3125 4999 3195 5053; x_wconf 88' lang='lat' dir='ltr'>de</span> <span class='ocrx_word' id='word_1_782' title='bbox 3226 4996 3505 5053; x_wconf 88' lang='lat' dir='ltr'>Balduino</span> <span class='ocrx_word' id='word_1_783' title='bbox 3535 4996 3779 5051; x_wconf 89' lang='lat' dir='ltr'>nuntius</span> 
     </span>
    </p>
   </div>
   <div class='ocr_carea' id='block_1_112' title="bbox 2143 5086 3774 5158">
    <p class='ocr_par' dir='ltr' id='par_1_112' title="bbox 2143 5086 3774 5158">
     <span class='ocr_line' id='line_1_113' title="bbox 2143 5086 3774 5158; baseline 0 -17"><span class='ocrx_word' id='word_1_784' title='bbox 2143 5087 2323 5143; x_wconf 85' lang='lat' dir='ltr'>istum</span> <span class='ocrx_word' id='word_1_785' title='bbox 2340 5087 2594 5142; x_wconf 90' lang='lat' dir='ltr'>referens</span> <span class='ocrx_word' id='word_1_786' title='bbox 2610 5087 2744 5158; x_wconf 86' lang='lat' dir='ltr'>fuga</span> <span class='ocrx_word' id='word_1_787' title='bbox 2758 5087 3010 5142; x_wconf 84' lang='lat' dir='ltr'>celatum</span> <span class='ocrx_word' id='word_1_788' title='bbox 3025 5088 3096 5142; x_wconf 92' lang='lat' dir='ltr'>ad</span> <span class='ocrx_word' id='word_1_789' title='bbox 3110 5086 3520 5158; x_wconf 73' lang='lat' dir='ltr'>Carolum,pra3</span> <span class='ocrx_word' id='word_1_790' title='bbox 3531 5088 3774 5141; x_wconf 81' lang='lat' dir='ltr'>ferocem</span> 
     </span>
    </p>
   </div>
   <div class='ocr_carea' id='block_1_113' title="bbox 2148 5174 3774 5247">
    <p class='ocr_par' dir='ltr' id='par_1_113' title="bbox 2148 5174 3774 5247">
     <span class='ocr_line' id='line_1_114' title="bbox 2148 5174 3774 5247; baseline -0.002 -17"><span class='ocrx_word' id='word_1_791' title='bbox 2148 5179 2206 5230; x_wconf 84' lang='lat' dir='ltr'>et</span> <span class='ocrx_word' id='word_1_792' title='bbox 2253 5191 2602 5246; x_wconf 86' lang='lat' dir='ltr'>magnorum</span> <span class='ocrx_word' id='word_1_793' title='bbox 2650 5174 2962 5244; x_wconf 85' lang='lat' dir='ltr'>spirituum</span> <span class='ocrx_word' id='word_1_794' title='bbox 3009 5175 3223 5243; x_wconf 86' lang='lat' dir='ltr'>virum,</span> <span class='ocrx_word' id='word_1_795' title='bbox 3255 5175 3595 5229; x_wconf 86' lang='lat' dir='ltr'>afﬁnitatem</span> <span class='ocrx_word' id='word_1_796' title='bbox 3641 5189 3774 5247; x_wconf 88' lang='lat' dir='ltr'>cum</span> 
     </span>
    </p>
   </div>
   <div class='ocr_carea' id='block_1_114' title="bbox 2144 5260 3777 5333">
    <p class='ocr_par' dir='ltr' id='par_1_114' title="bbox 2144 5260 3777 5333">
     <span class='ocr_line' id='line_1_115' title="bbox 2144 5260 3777 5333; baseline -0.001 -16"><span class='ocrx_word' id='word_1_797' title='bbox 2144 5279 2209 5317; x_wconf 91' lang='lat' dir='ltr'>eo</span> <span class='ocrx_word' id='word_1_798' title='bbox 2231 5262 2591 5317; x_wconf 86' lang='lat' dir='ltr'>contraxisse</span> <span class='ocrx_word' id='word_1_799' title='bbox 2625 5263 2927 5333; x_wconf 87' lang='lat' dir='ltr'>jungenda</span> <span class='ocrx_word' id='word_1_800' title='bbox 2949 5279 3054 5317; x_wconf 92' lang='lat' dir='ltr'>suo</span> <span class='ocrx_word' id='word_1_801' title='bbox 3076 5262 3260 5318; x_wconf 75' lang='lat' dir='ltr'>Caroli</span> <span class='ocrx_word' id='word_1_802' title='bbox 3304 5261 3445 5328; x_wconf 87' lang='lat' dir='ltr'>ﬁlia,</span> <span class='ocrx_word' id='word_1_803' title='bbox 3490 5260 3777 5328; x_wconf 89' lang='lat' dir='ltr'>imputata</span> 
     </span>
    </p>
   </div>
   <div class='ocr_carea' id='block_1_115' title="bbox 2142 5348 3772 5419">
    <p class='ocr_par' dir='ltr' id='par_1_115' title="bbox 2142 5348 3772 5419">
     <span class='ocr_line' id='line_1_116' title="bbox 2142 5348 3772 5419; baseline -0.002 -16"><span class='ocrx_word' id='word_1_804' title='bbox 2142 5350 2198 5403; x_wconf 91' lang='lat' dir='ltr'>in</span> <span class='ocrx_word' id='word_1_805' title='bbox 2219 5349 2630 5419; x_wconf 88' lang='lat' dir='ltr'>patrimonium</span> <span class='ocrx_word' id='word_1_806' title='bbox 2654 5353 2708 5403; x_wconf 90' lang='lat' dir='ltr'>et</span> <span class='ocrx_word' id='word_1_807' title='bbox 2730 5349 3059 5403; x_wconf 83' lang='lat' dir='ltr'>maritalem</span> <span class='ocrx_word' id='word_1_808' title='bbox 3084 5350 3277 5403; x_wconf 83' lang='lat' dir='ltr'>dotem</span> <span class='ocrx_word' id='word_1_809' title='bbox 3314 5348 3455 5402; x_wconf 88' lang='lat' dir='ltr'>urbe</span> <span class='ocrx_word' id='word_1_810' title='bbox 3492 5348 3772 5401; x_wconf 89' lang='lat' dir='ltr'>Constan-</span> 
     </span>
    </p>
   </div>
   <div class='ocr_carea' id='block_1_116' title="bbox 2143 5435 3777 5509">
    <p class='ocr_par' dir='ltr' id='par_1_116' title="bbox 2143 5435 3777 5509">
     <span class='ocr_line' id='line_1_117' title="bbox 2143 5435 3777 5509; baseline -0.002 -17"><span class='ocrx_word' id='word_1_811' title='bbox 2143 5437 2593 5508; x_wconf 90' lang='lat' dir='ltr'>tinopoli,quam</span> <span class='ocrx_word' id='word_1_812' title='bbox 2619 5436 2751 5492; x_wconf 87' lang='lat' dir='ltr'>licet</span> <span class='ocrx_word' id='word_1_813' title='bbox 2774 5439 2870 5509; x_wconf 92' lang='lat' dir='ltr'>qui</span> <span class='ocrx_word' id='word_1_814' title='bbox 2892 5438 3357 5508; x_wconf 85' lang='lat' dir='ltr'>assignabatnon</span> <span class='ocrx_word' id='word_1_815' title='bbox 3381 5435 3641 5502; x_wconf 89' lang='lat' dir='ltr'>haberet,</span> <span class='ocrx_word' id='word_1_816' title='bbox 3672 5436 3777 5489; x_wconf 90' lang='lat' dir='ltr'>ad-</span> 
     </span>
    </p>
   </div>
   <div class='ocr_carea' id='block_1_117' title="bbox 2144 5521 3771 5596">
    <p class='ocr_par' dir='ltr' id='par_1_117' title="bbox 2144 5521 3771 5596">
     <span class='ocr_line' id='line_1_118' title="bbox 2144 5521 3771 5596; baseline 0.001 -19"><span class='ocrx_word' id='word_1_817' title='bbox 2144 5523 2307 5578; x_wconf 89' lang='lat' dir='ltr'>misit</span> <span class='ocrx_word' id='word_1_818' title='bbox 2334 5524 2719 5580; x_wconf 85' lang='lat' dir='ltr'>nihilominus</span> <span class='ocrx_word' id='word_1_819' title='bbox 2738 5525 2979 5581; x_wconf 88' lang='lat' dir='ltr'>Carolus</span> <span class='ocrx_word' id='word_1_820' title='bbox 3000 5525 3513 5596; x_wconf 89' lang='lat' dir='ltr'>libenter,sperans</span> <span class='ocrx_word' id='word_1_821' title='bbox 3534 5538 3595 5577; x_wconf 87' lang='lat' dir='ltr'>se</span> <span class='ocrx_word' id='word_1_822' title='bbox 3610 5521 3771 5578; x_wconf 87' lang='lat' dir='ltr'>illam</span> 
     </span>
    </p>
   </div>
   <div class='ocr_carea' id='block_1_118' title="bbox 2143 5609 3773 5684">
    <p class='ocr_par' dir='ltr' id='par_1_118' title="bbox 2143 5609 3773 5684">
     <span class='ocr_line' id='line_1_119' title="bbox 2143 5609 3773 5684; baseline -0.001 -16"><span class='ocrx_word' id='word_1_823' title='bbox 2143 5615 2513 5684; x_wconf 86' lang='lat' dir='ltr'>recepturum</span> <span class='ocrx_word' id='word_1_824' title='bbox 2536 5610 2929 5683; x_wconf 85' lang='lat' dir='ltr'>classe,quam</span> <span class='ocrx_word' id='word_1_825' title='bbox 2976 5613 3048 5668; x_wconf 87' lang='lat' dir='ltr'>ad</span> <span class='ocrx_word' id='word_1_826' title='bbox 3098 5611 3155 5668; x_wconf 91' lang='lat' dir='ltr'>id</span> <span class='ocrx_word' id='word_1_827' title='bbox 3171 5612 3454 5684; x_wconf 84' lang='lat' dir='ltr'>armabat,</span> <span class='ocrx_word' id='word_1_828' title='bbox 3485 5609 3773 5666; x_wconf 83' lang='lat' dir='ltr'>immissa.</span> 
     </span>
    </p>
   </div>
  </div>
