4158 6280
478 354 584 408 603

549 476 653 552 λγ“.
696 480 877 542 Ὅπως
922 482 1225 557 ἐτάχθησαν
1278 482 1345 557 τά
1380 484 1515 537 κατὰ
1551 484 1650 550 τὴν
1692 478 1854 535 πόλιν
1900 476 2046 552 παρᾶ

1155 553 1445 629 βασιλέως.

551 654 768 722 Πρῶτον
802 656 930 726 γοῦν
984 659 1091 707 τῶν
1139 653 1345 709 ἐκείνου
1405 652 1577 729 ἔργων
1628 653 1776 713 ἐντὸς
1818 648 1914 705 τοῦ
1956 646 2117 702 πολί-

478 758 679 809 σματος
713 740 837 801 τοὺς
869 740 1119 804 ἐποίκους
1166 743 1396 817 εἰσάγειν
1444 764 1500 797 τε
1545 743 1633 796 καὶ
1685 740 1930 808 οἷ’κίζειν,
1981 734 2115 809 πρὸς

476 830 541 899 τῇ
604 829 844 903 Θαλάσσῃ
899 832 1336 904 κατῳκισμένους
1390 833 1451 886 τὸ
1510 830 1807 905 πρότερον,
1870 826 2115 898 δεύτερον

475 914 829 986 κληροδοτεῖν
878 926 992 981 τοῖς
1044 920 1094 973 ἐν
1137 920 1283 975 τέλει
1317 921 1469 984 ἐκτός
1496 942 1553 974 τε
1583 921 1670 973 καὶ
1703 918 1851 977 ἐντὸς
1900 913 2116 972 πόλεως

473 1003 671 1066 τόπους
700 1006 777 1068 εἷς
824 1009 1105 1081 γεωργίαν,
1142 1009 1482 1083 ἐξῃρημένης
1533 1015 1633 1077 τῆς
1670 1007 1743 1066 εἰς
1772 1008 1933 1079 χάριν
1968 1022 2118 1076 γονι-

472 1097 751 1165 κευθείσης
809 1104 925 1159 τοῖς
983 1099 1433 1176 θεληματαρίοις,
1489 1106 1589 1168 τῆς
1620 1096 1835 1151 ἐκείνων
1878 1091 2119 1158 σπουδῆς

473 1184 561 1237 καὶ
622 1185 827 1247 εὐνοίας
873 1186 1026 1242 ἕνεκα
1053 1197 1157 1264 γῆς
1202 1190 1407 1264 ἀγαθῆς
1467 1188 1541 1250 εἷς
1602 1182 1967 1262 καρπογονίαν
2026 1180 2113 1235 καὶ

477 1274 753 1345 ἆρετώσης
804 1278 879 1341 εἰς
920 1285 1021 1333 πᾶν
1062 1282 1123 1334 τὸ
1172 1276 1674 1351 καταϐαλλόμενον.
1728 1277 1847 1331 Ἔτι
1877 1274 1924 1326 τ’
1981 1273 2116 1349 ἀφο-

475 1368 623 1416 σιοῦν
680 1371 797 1426 ταῖς
858 1374 1046 1439 μοναῖς
1102 1370 1285 1443 ἑτέρας
1342 1366 1489 1439 μάλα
1544 1364 1789 1440 πιείρας.
1854 1363 1955 1417 Ἦν
2014 1359 2117 1434 γὰρ

478 1454 626 1526 αὐτῷ
654 1456 715 1509 τὸ
760 1457 1079 1529 σπούδασμα
1135 1459 1223 1513 καὶ
1281 1459 1501 1519 ταύταις
1533 1454 1963 1531 προσαρμόττειν
2021 1452 2117 1511 τὰς

476 1538 596 1612 ἔξω,
658 1547 736 1613 [Ρ.
774 1548 894 1617 106]
946 1544 1000 1599 α’ί
1032 1544 1096 1615 δὴ
1135 1547 1236 1602 ὑπὸ
1268 1546 1465 1617 πολλῷ
1522 1544 1746 1614 πλούτῳ
1774 1540 1891 1595 κατ’
1921 1538 2117 1592 ἀνατο-

475 1624 579 1694 λὴν
622 1629 953 1701 πκμπληθές
1014 1632 1296 1706 αὐτάρκως
1353 1632 1573 1706 ἔγουσαι
1628 1634 1735 1683 τῶν
1791 1622 2115 1693 ἐπιτηδείων

473 1717 805 1772 συνίσταντο’
868 1718 1014 1773 οὕτω
1070 1722 1170 1796 γὰρ
1225 1719 1421 1774 ἐκεῖθεν
1479 1719 1568 1772 καὶ
1623 1716 1818 1775 ταύτας
1872 1714 2116 1779 συνιστᾷν

471 1802 722 1877 ἐγκώκει.
755 1808 945 1881 Τρίτον
977 1814 1093 1869 τοῖς
1129 1806 1564 1881 συνειλεγμένοις
1622 1802 1891 1859 ἐκδιδόναι
1949 1800 2115 1854 τόπον

472 1891 553 1969 ἐφ’
585 1894 629 1964 ᾧ
662 1896 889 1963 κτίζοιεν
944 1897 1031 1951 ἐπὶ
1060 1895 1227 1952 τέλει.
1283 1898 1358 1952 Τὸ
1391 1894 1447 1950 δὲ
1472 1896 1578 1970 πρὸ
1611 1892 1816 1947 τούτων
1849 1888 1936 1944 καὶ
1998 1892 2113 1959 μεῖ-

472 1985 562 2049 ζον
622 1983 846 2057 ἀρήγειν
903 1984 1297 2055 ἐπανηκούσαις
1354 1987 1459 2059 πρὸ
1509 1983 1573 2037 τὸ
1623 1986 1836 2056 πρῶτον
1894 1977 1956 2031 τὸ
2017 1972 2111 2028 δο-

468 2077 581 2123 κεῖν
643 2078 832 2143 μοναῖς
885 2073 1013 2127 εἶναι
1046 2118 1058 2142 ,
1133 2074 1428 2141 ἀνακτίζειν
1486 2093 1543 2126 τε
1600 2070 1689 2125 καὶ
1744 2076 1806 2122 τὸ
1863 2064 2113 2135 πόλισμα

467 2158 605 2213 πάνυ
684 2158 991 2224 σπουδαίως
1063 2162 1191 2225 τοὺς
1264 2162 1369 2216 ἀπὸ
1437 2162 1781 2235 στρατιωτῶν
1842 2149 2110 2228 ἐλαφροὺς

468 2247 768 2322 εἰσάγοντα.
832 2247 988 2320 Μηδὲ
1035 2252 1136 2326 γὰρ
1187 2253 1489 2325 ἠρεμήσειν
1541 2248 1716 2308 οὕτως
1764 2241 2109 2316 ἐξελαθέντας

466 2336 591 2398 τοὺς
629 2340 746 2411 πρὶν
796 2338 1145 2413 κατέχοντας,
1200 2337 1347 2393 ἀλλά
1404 2336 1585 2409 στόλῳ
1641 2329 2109 2401 συνεπιθήσεσθαι.

469 2430 562 2497 Τῷ
615 2447 700 2481 τοι
763 2426 853 2481 καὶ
911 2427 1104 2483 στόλον
1160 2427 1380 2502 ἐξήρτυε
1430 2426 1519 2481 καὶ
1582 2425 1964 2497 ἐναυπηγεῖτο,
2022 2414 2113 2471 καὶ

576 2629 663 2683 33.
700 2630 764 2684 Ut
792 2644 878 2683 res
912 2628 1066 2682 urbis
1091 2627 1364 2684 ordinatae
1412 2627 1527 2681 sint
1550 2627 1617 2681 ab
1653 2624 2001 2694 imperatore.

542 2716 802 2770 Primum
853 2715 1224 2786 imperatoris
1256 2714 1462 2770 urbem
1521 2710 1767 2783 ingressi
1818 2723 1966 2779 opus
1998 2703 2112 2759 fuit

474 2804 1319 2875 suburbioruminquillinosin
1336 2802 1849 2866 urbeminducere,
1865 2797 1931 2850 ad
1956 2809 2110 2848 mare

476 2892 638 2962 prius
671 2891 1001 2947 habitantes
1027 2909 1039 2947 :
1065 2893 1388 2948 secundum
1411 2890 1761 2945 distribuere
1784 2886 1939 2940 164
1959 2882 2108 2951 opti-

474 2981 728 3034 matibus
762 2981 1126 3037 hereditaria
1157 2982 1310 3035 bona
1334 2980 1491 3035 intra
1519 2984 1576 3034 et
1603 2982 1765 3033 extra
1792 2974 2107 3037 civitatem,

474 3069 676 3122 domos
707 3074 763 3123 et
793 3085 962 3139 agros
996 3070 1065 3124 ad
1116 3068 1430 3131 culturam,
1466 3068 1762 3135 segregata
1801 3066 1992 3115 tamen
2043 3075 2110 3113 ea

1784 356 2083 411 GEORGII
2123 351 2583 406 PACHYMERE

3762 334 3858 387 604

2146 480 2197 545 Α
2224 472 2350 534 τοὺς
2382 467 2766 546 προσελῶντας
2806 466 2865 519 ἐκ
2908 468 3015 518 τῶν
3062 466 3263 537 χωρῶν
3316 460 3406 515 καὶ
3467 459 3542 521 είς
3601 454 3858 532 χιλιάδας

2227 557 2410 615 ἔταττε
2437 557 2679 616 πλείους.
2712 552 2892 610 νΑΛλα
2920 573 2976 606 τε
3016 547 3203 604 πολλά
3254 549 3604 621 κατὲπραττε,
3655 546 3721 600 τὰ
3772 546 3858 616 μὲν

2221 648 2356 702 κατὰ
2387 646 2587 720 χρείων
2615 645 2680 697 τὰ
2710 640 2767 696 δὲ
2794 642 2913 713 καῖέ
2936 641 3051 694 κατ’
3084 634 3367 707 ἔκπληξιν,
3409 632 3857 711 προαναστέλλων

2222 736 2315 797 τὰς
2346 735 2627 795 ἐπιθέσεις.

2226 840 2326 897 λδ’.
2372 843 2589 897 Ὀποῖαι
2637 840 2771 907 ἦσαν
2824 836 2875 889 αἳ
2906 834 3029 907 περὶ
3078 837 3187 907 τοῦ,
3208 830 3549 907 πατριάρχου
3590 828 3861 901 ’Λρσενίου

2694 914 2800 964 τῶν
2832 902 3132 981 ἀρχιέρεων
3169 902 3384 978 βουλαί.

2294 1004 2392 1057 Ἤν
2463 997 2519 1054 δὲ
2584 996 2685 1071 ἄρα
2764 994 2931 1067 μὲλον
3008 992 3190 1064 ἐκείνῳ
3247 991 3336 1045 καὶ
3391 996 3492 1058 τῆς
3542 986 3865 1057 Ἑκκλησὶας

2226 1088 2367 1145 οὕτω
2439 1087 2839 1161 κεχηρωμένης
2898 1081 3179 1155 ποιμένος.
3242 1085 3449 1153 Συνῆγε
3503 1076 3685 1131 τοίνυν
3741 1074 3863 1135 τοὺς

2223 1180 2483 1252 ἱεράρχας
2538 1175 2626 1229 καὶ
2686 1170 2909 1247 βουλαῖς
2965 1169 3057 1224 σὺν
3115 1168 3297 1222 αὐτοῖς
3352 1166 3578 1239 ἐχρῆτο,
3609 1165 3672 1218 τὸ
3704 1184 3867 1233 ποιη-

2221 1250 2341 1322 τὲον
2385 1250 2572 1329 Ῠὸέλων
2635 1261 2935 1334 μανθάνειν.
2996 1262 3121 1320 Τοῖς
3180 1257 3275 1328 μὶν
3331 1256 3421 1309 οὖν
3465 1250 3640 1308 ἐδόκει
3670 1252 3865 1305 ἀνακα-

2224 1353 2432 1409 λεῖσθαι
2504 1346 2579 1405 ἔτι
2656 1348 2913 1420 περιόντα
2968 1347 3059 1400 τὸν
3138 1344 3485 1417 πατριάρχην
3542 1341 3861 1414 Ἀρσένιον·

2228 1440 2367 1515 μηδὲ
2395 1441 2497 1514 γὰρ
2542 1440 2836 1497 κανονικῶς
2865 1429 3137 1509 προϐῆναι
3193 1433 3261 1486 τὰ
3303 1432 3419 1485 κατ’
3473 1430 3697 1484 ἐκεῖνον·
3759 1425 3866 1480 ἔδει

2221 1531 2321 1606 γὰρ
2381 1528 2653 1600 ἐπιμένειν
2704 1522 3175 1599 παρακαλοῦντας,
3227 1521 3315 1574 καὶ
3380 1520 3455 1591 μὴ
3516 1516 3602 1587 ἐᾷν
3663 1536 3868 1591 παρευ-

2370 1615 2695 1691 ἀνέγκλητον
2758 1610 2903 1667 ὄντα.
2960 1613 3088 1671 Τοῖς
3146 1608 3202 1663 δὲ
3229 1606 3541 1681 τοῦμπαλιν
3576 1604 3734 1659 αὐτὸν
3769 1604 3862 1676 μὶν

2229 1707 2403 1780 μένειν
2462 1706 2543 1781 ἐφ’
2602 1706 2682 1763 οἷς
2734 1702 3114 1775 κατέγνωστοε
3177 1698 3367 1764 ἱκανὴν
3424 1697 3526 1769 γὰρ
3587 1695 3720 1749 εἶναι
3773 1693 3863 1745 καὶ

2226 1796 2303 1857 εἰς
2331 1793 2655 1867 παραίτησιν
2687 1792 2786 1858 τὴν
2838 1786 3170 1862 ἐκχώρησιν,
3221 1784 3311 1839 καὶ
3340 1784 3401 1838 τὸ
3434 1782 3750 1853 άξιο·3μενον
3789 1781 3866 1851 μὴ

2222 1866 2632 1956 καταδέχεσθαι,
2667 1876 2792 1932 ἀλλ’
2822 1876 3162 1947 ἀποπέμπειν
3220 1871 3346 1933 τοὺς
3405 1869 3739 1931 ἱκετεύοντας
3769 1866 3871 1936 δη-

2222 1955 2457 2029 λοῦντος
2505 1968 2570 2035 ἦν
2631 1966 2703 2026 ὼς
2750 1961 3015 2035 ἀπολέγοι
3073 1961 3171 2029 τὴν
3232 1956 3581 2032 προστασίαν.
3640 1955 3867 2011 Τούτων

2220 2057 2363 2111 οὕτω
2392 2058 2725 2126 κινουμένων
2781 2051 2869 2105 καὶ
2917 2049 3249 2125 λεγομὲνων,
3283 2048 3310 2101 ὁ
3346 2044 3599 2122 βασιλεὺς
3626 2044 3716 2098 καὶ
3756 2044 3871 2114 ἆμ-

2221 2146 2472 2222 φοτέροις
2528 2142 2795 2212 τιθεμένῳ
2852 2138 3005 2210 ἐῴκει
3058 2134 3399 2209 προμηθείας
3451 2140 3549 2201 τῆς
3596 2133 3712 2186 κατ’
3772 2129 3873 2222 a61-

2218 2219 2309 2289 τὸν
2366 2232 2562 2287 ἓνεκα.
2622 2228 2689 2283 Τό
2744 2248 2805 2282 τε
2855 2227 2955 2301 γὰρ
3033 2224 3235 2279 ἐκεῖνον
3297 2222 3715 2296 μετακαλεῖσοαι
3772 2219 3869 2273 καὶ

2222 2322 2436 2397 ἐφιστᾷν
2511 2322 2628 2378 τοῖς
2704 2313 3176 2385 ἐκκλησιαστικοῖς
3232 2312 3539 2386 πράγμασιν
3602 2309 3658 2363 εὗ
3717 2306 3867 2382 ἔχειν

2221 2396 2420 2478 ἐδόκει,
2481 2406 2527 2461 εἰ
2592 2407 2681 2460 ὑπ’
2732 2402 2923 2475 ἐκείνῳ
2977 2403 3403 2476 πατριαρχοῦντι
3459 2398 3525 2453 τὰ
3553 2397 3691 2453 κατᾶ
3718 2396 3868 2470 γνώ-

2222 2607 2450 2665 cunctis
2496 2604 2760 2675 undique
2809 2601 3167 2672 regionibus,
3216 2600 3288 2654 ad
3333 2600 3520 2654 multa
3571 2598 3867 2669 remigum

2221 2697 2403 2752 millia
2433 2693 2798 2750 centuriavit.
2851 2691 3025 2746 Plura
3054 2705 3287 2761 quoque
3318 2690 3444 2759 ejus
3492 2688 3723 2759 generis
3753 2688 3871 2742 alia

2223 2785 2376 2850 fecit,
2431 2782 2641 2853 partim
2679 2781 2748 2834 ad
2792 2796 2966 2835 usum
3015 2794 3217 2833 verum
3278 2776 3640 2831 imminentis
3706 2775 3872 2840 belli,

2222 2872 2433 2943 partim
2467 2871 2537 2925 ad
2570 2856 2848 2939 speciem,
2900 2883 3144 2937 sperans
3174 2871 3392 2920 terrore
3424 2864 3547 2935 ipso
3580 2865 3721 2919 varii
3759 2880 3866 2935 ap-

2223 2964 2461 3030 paratus
2492 2961 2549 3012 et
2578 2959 2873 3011 ostentata
2902 2953 3036 3009 inde
3068 2954 3421 3009 confidentia
3464 2968 3524 3007 se
3554 2969 3865 3024 repressu-

2224 3066 2354 3103 rum
2386 3063 2519 3118 spes
2550 3046 2801 3101 audaces
2850 3043 3206 3098 inhiantium
3249 3043 3379 3098 urbi
3432 3043 3771 3098 Latinorum
3805 3048 3867 3097 et

472 3161 634 3226 parte
666 3131 929 3225 quamvin
963 3157 1163 3227 gratia;
1188 3156 1310 3210 loco
1342 3131 1909 3208 eximievoluntariis
1929 3163 2108 3202 reser-
2139 3142 2183 3207 C
2223 3154 2430 3193 novam
2464 3136 2522 3189 in
2555 3151 2683 3190 eam
2711 3133 3136 3204 expeditionem
3166 3131 3518 3200 parentium.

469 3249 722 3307 vaverat,
755 3243 1057 3313 praemium
1092 3242 1360 3296 debitum
1382 3241 1573 3295 studio
1605 3243 1659 3294 et
1691 3234 2109 3293 benevolentiae

470 3332 732 3401 ipsorum
762 3350 774 3387 :
808 3336 932 3386 erat
981 3336 1176 3386 autem
1210 3330 1311 3385 illa
1341 3331 1528 3401 portio
1579 3334 1746 3384 terra:
1792 3326 2022 3396 optima:
2054 3328 2110 3378 et

471 3420 530 3474 in
564 3420 724 3475 omni
751 3422 1042 3474 fructuum
1065 3436 1276 3491 genere
1310 3419 1537 3473 feracis.
1567 3416 1799 3487 Excepit
1829 3418 1885 3469 et
1916 3419 2108 3483 partes

472 3508 619 3563 alias
650 3509 1026 3564 monasteriis
1072 3508 1235 3563 valde
1267 3509 1537 3579 pingues.
1570 3507 1705 3560 Erat
1743 3508 1935 3558 autem
1968 3504 2018 3557 ei
2049 3501 2107 3555 in

472 3588 669 3643 animo
695 3588 1045 3643 monasteria
1076 3588 1381 3643 urbanaiis
1394 3603 1525 3657 quae
1540 3584 1721 3640 multa
1732 3588 1887 3639 extra
1902 3582 2107 3636 urbem

470 3674 644 3729 variis
669 3692 770 3746 per
787 3677 1079 3732 Orientem
1105 3676 1246 3731 locis
1259 3676 1599 3730 visebantur
1618 3673 1784 3741 ditia,
1809 3676 1866 3726 et
1888 3685 2108 3739 magnae

473 3763 839 3819 multitudini
868 3765 1087 3821 alendaa
1118 3766 1272 3836 quod
1305 3765 1598 3821 sufﬁceret
1644 3760 1938 3825 habentia,
1974 3775 2108 3812 con-

468 3853 739 3923 jungere,
772 3853 856 3907 sic
886 3854 1007 3909 fore
1056 3857 1375 3908 autumans
1407 3857 1472 3907 ut
1501 3869 1568 3907 ex
1599 3851 1915 3905 alterorum
1947 3842 2112 3915 copia

474 3942 1013 4014 alteroruminopiee
1036 3943 1476 4009 subveniretur;
1506 3956 1682 4011 quam
1702 3936 1979 4009 Optimam
2004 3951 2110 4005 pu-

474 4031 637 4085 tabat
667 4035 1155 4087 monasteriorum
1190 4032 1351 4086 urbis
1383 4035 1537 4086 recte
1567 4028 2109 4085 constituendorum

474 4118 781 4173 rationem.
835 4120 1051 4174 Statuit
1098 4136 1332 4191 quoque
1378 4124 1442 4174 ut
1488 4118 1741 4174 evocatis
1784 4118 1854 4171 ad
1907 4116 2112 4171 urbem

474 4207 957 4276 frequentandam
990 4209 1438 4278 assignarentur
1470 4209 1593 4262 loca
1614 4207 1673 4259 in
1698 4205 1911 4277 quibus
1934 4205 2112 4259 aediﬁ-

475 4298 692 4361 carent,
724 4300 878 4350 certo
903 4296 1119 4350 indicto
1136 4294 1400 4366 vectigali
1422 4296 1575 4365 quod
1611 4295 1747 4350 fisco
1771 4295 2111 4365 penderent.

476 4386 622 4438 Ante
651 4384 769 4437 haec
821 4388 877 4438 et
917 4383 1073 4438 aliud
1123 4384 1381 4439 instituit
1432 4386 1624 4455 majus
1675 4388 2117 4453 memoratuque

477 4470 736 4542 dignius,
782 4471 1101 4526 decernens
1130 4472 1398 4527 videlicet
1429 4476 1492 4527 ut
1512 4488 1620 4543 ope
1641 4487 1706 4526 ac
1728 4472 1917 4527 favore
1958 4471 2115 4541 regio
2145 4506 2190 4569 Β

466 4559 814 4628 juvarentur
842 4564 1091 4614 conatus
1122 4576 1321 4615 eorum
1356 4560 1455 4631 qui
1487 4561 1730 4630 antiqua
1756 4559 2113 4615 monasteria

477 4644 738 4701 desolata
759 4646 843 4701 vel
867 4646 1160 4703 destructa
1176 4648 1482 4703 restituere
1506 4648 1563 4703 in
1583 4648 1894 4720 pristinum
1918 4646 2113 4718 splen-

478 4734 679 4787 dorem
738 4740 1028 4790 curarent.
1091 4736 1366 4791 Incubuit
1419 4736 1593 4792 etiam
1645 4736 1838 4793 studio
1887 4736 2111 4807 ingenti

476 4821 767 4876 mmnibus
816 4824 976 4878 urbis
1021 4824 1418 4880 instaurandis
1480 4825 1945 4895 reﬁciendisque,
1996 4841 2113 4896 qua

475 4908 706 4965 hiarent
727 4914 825 4965 aut
852 4911 1037 4965 labem
1056 4913 1333 4983 lacerent,
1350 4914 1424 4967 im
1437 4915 1835 4985 ponendisque
1848 4913 2111 4969 turribus

476 5012 543 5051 ac
588 4999 1042 5069 propugnaculis
1087 5000 1159 5054 ad
1221 5002 1546 5056 custodiam
1596 5018 1771 5057 manu
1823 5001 2109 5072 promptis

472 5088 873 5158 expeditisque
906 5089 1214 5144 militibus.
1249 5090 1401 5145 Satis
1428 5091 1583 5145 enim
1615 5090 1975 5161 intelligebat
1997 5090 2107 5145 mi-

472 5178 629 5232 nime
659 5178 964 5248 quieturos
994 5179 1196 5249 pulsos
1226 5179 1361 5234 inde
1385 5180 1579 5247 Italos,
1604 5181 1705 5235 sed
1728 5180 1909 5235 classe
1931 5198 2105 5252 quam

470 5264 727 5335 primum
762 5270 987 5321 armata
1016 5271 1299 5322 venturos
1330 5268 1400 5321 ad
1448 5267 1944 5338 recuperationem
1978 5273 2105 5323 ten-

472 5353 712 5407 tandam
763 5353 845 5408 sic
905 5355 1135 5409 amissaa
1194 5354 1377 5409 urbis.
1429 5357 1615 5419 Quare
1670 5361 1727 5409 et
1757 5356 1881 5426 ipse
1932 5355 2107 5412 classi

472 5434 820 5502 apparandaa
852 5433 1326 5503 aedificandisque
1349 5435 1593 5490 navibus
1625 5450 1860 5506 operam
1884 5436 2106 5507 impen-

472 5518 573 5573 dit.
610 5521 679 5574 Et
722 5520 777 5575 in
814 5521 1018 5577 navale
1062 5520 1453 5577 ministerium
1483 5539 1514 5579 e
1557 5522 1933 5580 multitudine
1978 5542 2104 5596 quae

470 5605 536 5663 in
594 5606 821 5675 urbem,
880 5623 949 5664 ex
1001 5624 1116 5680 quo
1168 5612 1293 5664 erat
1350 5615 1599 5684 recepta,
1656 5618 2029 5670 concurrerat
2074 5629 2104 5670 e

2284 3278 2371 3332 34.
2408 3273 2748 3331 Deliberatz’o
2780 3271 3093 3327 antistitum
3122 3272 3186 3326 de
3217 3272 3537 3343 patriarcha
3568 3271 3812 3326 Arsem’o.

2283 3401 2431 3457 I65
2469 3399 2629 3453 Curaa
2661 3413 2892 3468 quoque
2925 3396 3263 3468 imperatori
3296 3396 3406 3450 fuit
3437 3399 3629 3451 status
3664 3394 3855 3449 Eccle-

2218 3491 2318 3548 siae
2345 3496 2486 3544 tunc
2504 3487 2757 3540 viduata:
2785 3490 3038 3556 pastore.
3070 3484 3451 3556 Congregavit
3470 3501 3611 3555 ergo
3636 3484 3853 3555 episco-

2214 3595 2341 3651 pos,
2368 3582 2424 3631 ct
2450 3574 2770 3630 sententias
2793 3590 2992 3629 eorum
3016 3573 3352 3645 exquisivit,
3376 3573 3515 3643 quid
3536 3589 3685 3644 Opus
3706 3574 3860 3627 esset

2218 3668 2369 3721 facto
2392 3664 2615 3719 discere
2646 3662 2911 3733 cupiens.
2940 3662 3115 3717 Erant
3145 3662 3203 3716 in
3230 3662 3304 3716 iis
3337 3661 3554 3732 quibus
3576 3658 3859 3715 Arsenius

2217 3753 2583 3809 revocandus
2646 3752 2715 3805 ad
2776 3751 2974 3805 sedem
3034 3749 3481 3820 patriarcbalem
3541 3750 3856 3804 videretur.

2216 3841 2521 3913 Negahant
2549 3839 2707 3893 enim
2730 3838 3005 3893 canonice
3038 3837 3248 3891 factam
3282 3837 3409 3907 ejus
3440 3837 3860 3893 exauctoratio-

2219 3947 2353 3986 ncm
2380 3927 2624 3999 :quippe
2647 3925 2879 3980 aiebant
2899 3924 3232 3996 oportuisse
3257 3924 3510 3997 amplius
3526 3932 3861 3997 exspectare

2219 4022 2529 4091 postquam
2559 4014 2655 4069 ille
2684 4014 2964 4068 invitatus
2995 4014 3065 4068 ad
3098 4013 3347 4068 reditum
3382 4013 3585 4079 fuerat,
3612 4030 3717 4068 nec
3739 4017 3856 4068 tam

2218 4108 2429 4180 cupide
2448 4105 2755 4177 procedere
2786 4104 2855 4158 ad
2888 4104 3015 4173 ejus
3050 4120 3151 4158 nec
3181 4105 3439 4159 accusati
3471 4120 3576 4158 nec
3601 4103 3857 4158 damnati

2219 4194 2662 4266 depositionem.
2698 4190 2809 4246 Alii
2833 4196 3035 4246 contra
3056 4190 3331 4247 dicebant
3358 4192 3498 4246 satis
3522 4192 3856 4246 constitisse

2218 4285 2288 4338 de
2340 4283 2450 4337 fixo
2481 4284 2610 4351 ejus
2660 4285 2718 4335 et
2748 4279 3110 4335 irrevocabili
3160 4280 3497 4334 abdicandae
3553 4280 3855 4351 dignitatis

2220 4370 2537 4442 proposito,
2591 4385 2662 4424 ne
2722 4367 2895 4423 aliam
2945 4368 3370 4438 expressiorem
3431 4368 3855 4423 recusationem

2224 4458 2546 4529 exspectari
2580 4456 2855 4511 debuisse
2886 4472 3060 4526 quam
3094 4456 3290 4528 ipsum
3312 4471 3631 4522 secessum,
3655 4472 3724 4510 ex
3747 4472 3857 4527 quo

2224 4546 2403 4601 nullis
2434 4545 2703 4615 precibus
2753 4543 3065 4599 missorum
3107 4561 3139 4597 a
3169 4560 3336 4599 sacra
3379 4545 3600 4613 synodo
3644 4544 3859 4599 retrahi

2220 4635 2493 4708 potuerit.
2549 4636 2702 4691 Inter
2732 4634 2850 4689 haec
2883 4635 3034 4689 ultro
3080 4634 3347 4705 citroque
3377 4639 3532 4690 mota
3582 4634 3856 4707 dictaque

2221 4725 2519 4781 alternans
2543 4726 2877 4796 imperator,
2911 4730 2968 4780 et
2993 4727 3164 4780 modo
3194 4726 3286 4780 his
3319 4726 3489 4780 modo
3522 4724 3641 4779 illis
3663 4742 3861 4781 assen-

2218 4817 2317 4871 tiri
2349 4816 2531 4885 visus,
2565 4832 2865 4885 nunquam
2897 4816 3237 4888 expediebat
3265 4816 3323 4871 in
3346 4819 3474 4871 utra
3497 4816 3695 4888 potius
3728 4832 3859 4871 con-

2220 4906 2535 4962 trariarum
2553 4906 2978 4962 sententiarum
3003 4907 3397 4977 acquiesceret
3418 4905 3557 4977 quia
3570 4906 3864 4963 nesciebat

2220 5000 2421 5052 utrum
2453 4995 2761 5051 consilium
2793 5001 2949 5052 esset
2971 4995 3175 5051 utilius
3211 4997 3279 5052 ad
3305 4996 3479 5051 ﬁnem
3512 4996 3626 5067 ipsi
3651 5014 3860 5068 propo-

2218 5086 2397 5141 situm
2451 5086 2838 5141 conﬁrmandi
2888 5090 2944 5141 et
2990 5086 3047 5140 in
3092 5086 3283 5155 majus
3335 5087 3719 5156 promovendi
3770 5102 3859 5141 res

2219 5193 2375 5231 suas.
2411 5176 2553 5230 Nam
2580 5176 2717 5231 hinc
2749 5177 2986 5247 quidem
3018 5176 3315 5232 hominem
3339 5181 3589 5249 expertis
3622 5177 3862 5233 facilita-

2216 5264 2313 5330 tis,
2347 5264 2710 5320 auctoritatis
2741 5280 2988 5336 magnte,
3014 5264 3188 5320 rebus
3211 5264 3423 5320 iterum
3449 5264 3858 5320 ecclesiasticis

2216 5352 2440 5422 imponi
2463 5352 2797 5421 honestum,
2822 5351 3103 5424 amplium
3125 5357 3181 5409 et
3201 5352 3371 5424 vulgo
3389 5352 3746 5423 placiturum
3771 5366 3867 5423 ap'

2221 5441 2497 5507 parebat:
2526 5444 2584 5496 et
2615 5442 2768 5496 idem
2801 5446 2925 5497 erat
2971 5440 3310 5512 imperatori
3361 5441 3863 5510 percommodum,

2221 5529 2268 5584 si
2302 5545 2417 5601 quo
2450 5531 2622 5585 modo
2662 5545 2865 5586 senem
2897 5530 3187 5602 potuisset
3217 5531 3492 5585 inducere
3524 5529 3595 5584 ad
3630 5545 3699 5585 ea
3740 5546 3863 5601 quae

2225 5615 2485 5674 habebat
2532 5617 2591 5673 in
2636 5618 2853 5686 animo,
2897 5633 3144 5691 quaeque
3192 5632 3362 5691 agere
3413 5618 3542 5688 jam
3592 5621 3866 5690 coeperat,
