4158 6280
362 321 473 375 605

1427 331 1523 382 DE
1561 332 1929 385 MICHAELE
1968 333 2411 390 PALEOLOGO
2449 337 2580 390 LIB.
2624 337 2692 390 II.

3650 334 3757 387 606

364 466 474 518 μην
533 440 818 517 προϐαίη,
877 442 1015 500 ὥστε
1066 448 1158 533 ,καὶ
1192 449 1300 502 δτι
1358 451 1567 524 αἱροῖτο
1625 454 1878 528 πράττειν
1910 455 1997 509 καὶ
2030 458 2086 525 Α
2117 454 2363 519 δυσνοίας
2418 459 2552 532 πρὸς
2609 460 2793 514 ἑαυτὸν
2845 458 3016 533 έπῆγε
3066 458 3156 513 καὶ
3215 453 3589 529 ὑπεϐλέπετο,
3648 455 3758 511 ἔστι

371 532 544 607 μηδὲν
598 531 828 604 μηδέσιν
887 532 1276 611 ὑπολελεῖφθαι
1318 537 1393 599 εἷς
1440 539 1743 595 σκανδάλου
1802 543 2017 616 πρόφα-

369 644 476 677 σιν.
514 625 598 694 [Ρ.
635 624 760 694 107]
823 619 1046 678 Ἐδεδίει
1082 621 1128 676 δ’
1158 625 1307 688 αὖθις
1368 629 1441 697 μή
1502 650 1618 690 πως
1678 629 2018 705 ἐκκρουσθεὶς

372 712 591 784 ἁμάρτῃ
638 714 748 765 τῶν
808 711 943 765 κατὰ
997 713 1246 786 γνώμην,
1294 714 1383 768 καὶ
1445 718 1497 769 οἱ
1554 717 1789 773 ἐντεῦθεν
1854 720 2017 793 βυθὸς

371 802 707 874 πραγμάτων
742 800 1092 874 ἀναῤῥαγείη.
1145 804 1222 858 Τὸ
1272 801 1317 857 δ’
1349 806 1699 881 ὑπερφρονεῖν
1751 807 1839 861 καὶ
1873 808 2018 862 ἀντι-

375 892 633 957 καθιστᾷν
707 883 896 961 ἕτερον
982 886 1298 962 προϐαίνειν
1379 894 1472 964 μὲν
1527 892 1825 956 ἀκωλύτως
1901 900 2019 958 ταῖς

367 977 619 1048 πράξεσιν
656 975 754 1030 οὐκ
786 975 1073 1051 ἀμήχανον
1128 976 1425 1054 ἐλογίζετο,
1470 984 1718 1057 ταραχὴν
1760 982 1804 1038 δ’
1835 982 2022 1045 ἄλλως

372 1064 549 1132 εἶναι,
600 1062 668 1119 δι’
726 1067 794 1134 ἣν
844 1063 967 1120 οὐδὲ
1012 1067 1081 1121 τὰ
1128 1068 1393 1141 γενόμενα
1438 1073 1803 1144 προσήσεσθαί
1849 1094 2019 1142 τινας,

377 1148 549 1218 δεινὰ,
592 1151 680 1206 καὶ
732 1148 919 1215 ἄλλως
972 1149 1119 1222 ὄντα,
1172 1159 1276 1210 τῶν
1325 1156 1548 1212 εἷ’κότων
1596 1157 1791 1233 ἔγρινε.
1844 1160 2017 1221 Μέσος

385 1242 477 1294 οὗν
538 1240 1005 1313 έναπειλημμένος
1082 1242 1401 1320 ἀμφοτέρων
1456 1250 1563 1300 τῶν
1623 1252 1907 1321 Λογισμῶν
1968 1247 2017 1300 ἐν

373 1326 577 1405 ἀπορίᾳ
620 1331 961 1400 καθειστήκει
991 1336 1088 1385 τοῦ
1134 1352 1244 1386 τισι
1290 1334 1553 1398 τίθεσθαι.
1601 1337 1791 1407 Ὅμως
1842 1336 2020 1410 ἐκχω-

374 1421 486 1491 ρῶν
544 1422 621 1489 τῷ
677 1424 852 1493 καιρῷ
912 1419 1165 1491 προϊόντι
1215 1422 1289 1483 ὡς
1336 1419 1579 1497 κρεῖττόν
1631 1445 1681 1477 τι
1738 1424 2010 1494 ἐπάξοντι,

365 1505 524 1583 ἀφεὶς
553 1508 692 1561 κατὰ
722 1511 856 1580 σφᾶς
906 1507 1034 1569 τοὺς
1085 1509 1347 1584 ἱεράρχας
1393 1512 1516 1585 περὶ
1564 1514 1759 1567 τούτου
1795 1513 2019 1587 βουλεύ-

363 1605 520 1657 εσθαι
551 1595 688 1649 ὥστε
736 1596 825 1649 καὶ
884 1594 1183 1671 ὁμολογεῖν
1214 1597 1491 1669 ἀλλήλοις
1546 1602 1620 1672 μὴ
1686 1598 2019 1678 διαφωνοῦν-

368 1703 490 1750 τας,
525 1683 687 1744 αὐτὸς
728 1682 815 1738 ἐπὶ
862 1685 958 1747 τὰς
994 1690 1101 1739 τῶν
1151 1691 1349 1742 κοινῶν
1402 1687 1652 1762 ἐτρέπετο
1700 1688 2019 1760 διοικήσεις,

370 1769 437 1825 οὒ
474 1772 580 1843 μὴν
612 1769 670 1826 δὲ
702 1767 840 1828 ὥστε
870 1774 959 1827 καὶ
984 1774 1353 1850 ὀφροντίστως
1384 1776 1602 1831 ἐκείνων
1636 1776 1791 1849 ἕξειν.

370 1877 467 1933 λε’.
523 1880 775 1954 "Ortiago
821 1877 1077 1954 βασιλεὺς
1128 1879 1188 1934 ἐκ
1236 1878 1418 1954 ποδῶν
1456 1883 1547 1935 τὸν
1597 1885 1712 1937 νέον
1764 1884 2017 1954 Ἰωάννην

622 1947 830 2004 ἐποίει.’
852 1950 948 2004 Καὶ
975 1951 1125 2014 ὅπως
1146 1952 1514 2021 κατοικίζοντο
1539 1954 1764 2009 Ἰταλοί.

441 2054 517 2109 Τὸ
544 2055 646 2130 γάρ
676 2054 811 2110 κατὰ
841 2060 968 2110 νοῦν
1007 2055 1543 2132 βυσσοδομευόμενον
1580 2060 1689 2134 οὐχ
1716 2059 2011 2134 ἡσυχάζειν

367 2142 541 2197 ἐποίει
593 2145 721 2205 τοὺς
774 2142 1117 2219 λογισμούς.
1169 2150 1283 2204 Ούκ
1322 2147 1529 2225 ἀφανής
1575 2149 1674 2223 γὰρ
1719 2149 1787 2217 ἦν
1838 2150 1887 2220 ἐξ
1939 2149 2011 2201 ὧν

362 2236 491 2293 τοῖς
524 2233 957 2306 ὑπονοουμένοις
1001 2239 1081 2306 τῷ
1109 2237 1333 2309 Ἰωάννῃ
1386 2239 1733 2310 προσκεῖσθαι
1764 2235 2016 2312 ἕγκΛημα

362 2429 779 2502 patriarchalis
810 2431 1169 2487 auctoritatis
1200 2438 1345 2488 nutu
1374 2437 1429 2489 et
1458 2435 1875 2505 suffragatione
1914 2450 2008 2488 ro-

366 2518 649 2582 boranda,
682 2518 777 2573 Sic
807 2519 959 2573 enim
991 2524 1047 2575 et
1094 2522 1254 2590 quod
1306 2522 1643 2577 decreverat
1689 2523 2010 2594 perﬁceret,

370 2612 429 2658 et
460 2604 638 2658 simul
672 2622 906 2660 omnem
939 2606 1214 2661 omnibus
1248 2609 1586 2664 offensionis
1635 2626 1698 2663 ac
1756 2610 2012 2680 querela-

374 2708 509 2745 rum
532 2693 895 2748 occasionem
928 2695 1204 2751 demeret.
1236 2697 1346 2751 Sed
1385 2714 1588 2752 rursus
1618 2699 1927 2753 verebatur
1945 2712 2014 2751 ne

382 2795 488 2848 spe
516 2778 626 2834 ista
655 2782 925 2837 excidens
958 2784 1208 2838 securim
1243 2786 1370 2839 suis
1399 2786 1574 2841 rebus
1615 2802 1888 2857 magnam
1923 2786 2012 2838 in-

386 2867 706 2938 fligeret,ac
728 2871 897 2941 quasi
923 2873 1176 2942 quadam
1209 2877 1366 2927 mota
1388 2873 1693 2929 Camarina
1736 2890 2015 2929 novarum

392 2956 531 3009 inde
544 2960 946 3028 tempestatum
964 2959 1493 3029 periculosissimas
1506 2963 1781 3016 excitaret
1795 2964 2015 3029 nubes;

383 3059 415 3098 e
444 3045 728 3099 contrario
751 3045 799 3099 si
829 3047 1167 3117 persisteret
1190 3048 1246 3102 in
1271 3049 1510 3104 Arsenio
1538 3050 1735 3119 procul
1758 3050 2021 3105 habendo

383 3131 694 3203 aliumque
748 3134 1141 3204 patriarcbam
1192 3136 1326 3207 eligi
1370 3143 1620 3203 curaret,
1685 3138 2027 3194 occurrebat

380 3220 507 3274 fieri
558 3221 793 3291 quidem
810 3226 949 3278 tunc
976 3240 1147 3294 posse
1171 3242 1236 3279 ac
1262 3224 1424 3279 facile
1447 3227 1666 3295 sperari
1692 3230 1755 3281 ut
1776 3226 2021 3281 consilia

2124 543 2169 600 δ’
2218 548 2279 601 οὗ
2326 547 2415 601 καὶ
2446 548 2621 609 αἰτίας
2652 547 3026 620 πλαττόμενος
3073 548 3295 617 ἀπηνῶς
3341 545 3586 614 ἐκόλαζε,
3623 543 3762 617 μηδὲ

2128 635 2323 708 μέχρις
2386 636 2649 707 ὀνόματος
2707 638 2965 691 κοινωνὸν
3027 635 3113 690 ἐπὶ
3166 639 3234 708 τῇ
3292 634 3540 708 βασιλείᾳ
3589 634 3761 696 θέλων

2124 720 2269 796 ἔχειν
2297 725 2387 777 τὸν
2431 725 2678 794 Ἰωάννην
2727 725 2817 778 καὶ
2868 726 2931 778 τὸ
2981 722 3229 778 ἐκποδὼν
3280 727 3385 776 τῶν
3421 721 3565 777 ὅλων
3598 742 3763 776 κατα-

2126 819 2317 879 στῆσαι
2374 810 2463 867 διὰ
2517 812 2776 868 πλείστου
2836 813 3208 883 ποιούμενος.
3271 814 3370 868 ἸΙν
3432 808 3490 864 δὲ
3545 810 3605 863 τὸ
3667 811 3760 881 μὲν

2126 898 2362 971 ἐρεθίζον
2411 901 2486 961 εἰς
2535 905 2700 955 ταῦτα
2742 906 2849 955 τῶν
2913 901 3008 971 μὲν
3058 900 3357 971 ἀνθρώπων
3389 899 3445 951 οἱ
3492 899 3614 969 περὶ
3661 898 3763 964 τὴν

2126 985 2364 1063 ἀδελφὴν
2413 986 2700 1063 Εὑλογίαν,
2731 993 2838 1042 τῶν
2889 985 2946 1042 δὲ
3015 988 3343 1060 πραγμάτων
3393 988 3455 1040 τὸ
3502 986 3592 1040 τὸν
3644 986 3758 1038 υἱὸν

2125 1073 2473 1149 Ἀνδρόνικον
2505 1081 2574 1141 τῆ
2605 1075 2800 1146 ἡλικίᾳ
2828 1076 3179 1151 προκόπτειν,
3213 1077 3269 1129 ὃν
3305 1076 3379 1147 μὴ
3427 1075 3563 1129 κατὰ
3612 1074 3762 1148 βασι-

2128 1162 2253 1218 λέας
2300 1164 2507 1237 ἀνάγειν
2561 1162 2731 1219 δεινὸν
2783 1164 3018 1219 ἐποιεῖτο
3049 1164 3138 1218 καί
3191 1165 3243 1217 οἱ
3283 1163 3344 1217 οὑ
3379 1164 3615 1239 φορητὸν
3647 1161 3764 1215 ένο-

2130 1252 2340 1324 μίζετο,
2396 1254 2458 1306 τὸ
2514 1251 2571 1307 δὲ
2627 1252 2792 1308 πλέον
2849 1256 2883 1321 ἡ
2936 1252 3155 1328 μεγίστη
3218 1249 3507 1328 φιλοτιμία
3571 1248 3660 1303 καί
3702 1251 3762 1303 τὸ

2126 1340 2347 1414 ἄκαιρον
2384 1344 2725 1419 ὑπερήφανον
2778 1342 2953 1415 μένειν
3005 1341 3092 1396 ἐπὶ
3145 1340 3384 1415 μετρίοις
3436 1339 3533 1393 οὐκ
3576 1339 3766 1411 ἀρκου-

2132 1432 2315 1501 μένου.
2345 1433 2411 1486 Ἡ
2446 1429 2503 1485 δὲ
2530 1436 2627 1485 τοῦ
2676 1429 2853 1485 δοκεῖν
2907 1433 3007 1485 οὐκ
3055 1429 3361 1503 ἀλογίστως
3405 1433 3571 1482 ταῦτα
3632 1426 3764 1500 βού-

2127 1518 2310 1574 λεσθαι
2356 1520 2616 1593 πρόθασις
2652 1522 2686 1588 ἡ
2717 1522 2816 1587 τῆς
2867 1519 3081 1579 πόλεως
3129 1518 3356 1587 ἅλωσις,
3407 1519 3484 1589 [Ρ.
3524 1516 3645 1586 108]
3687 1513 3763 1574 εἷς

2126 1610 2313 1683 Θρόνον
2376 1608 2652 1685 βασιλείας
2723 1608 3084 1684 λογιζομένης
3154 1608 3392 1682 αὐτάρκη
3464 1610 3542 1677 τῷ
3597 1626 3763 1659 κατα-

2125 1698 2335 1772 σχόντι“
2394 1698 2553 1752 αὑτὸν
2616 1696 2661 1751 δ’
2716 1701 2851 1752 εἶναι
2917 1698 3007 1752 καὶ
3068 1698 3230 1769 μόνον
3290 1698 3381 1750 τὸν
3440 1694 3514 1756 εἷς
3560 1693 3761 1763 ταύτην

2049 1786 2397 1883 Βκληθέντα
2453 1786 2749 1860 προτείνων
2786 1831 2800 1855 ,
2862 1786 3023 1841 αὐτὸν
3080 1785 3168 1840 καὶ
3231 1784 3396 1857 μόνον
3457 1781 3757 1857 βασιλεύειν

2128 1875 2524 1951 συνελογίζετο.
2556 1878 2675 1929 Ἔτι
2707 1873 2754 1929 δ’
2797 1875 2948 1947 ὅμως
2997 1873 3233 1928 ὕπουλον
3262 1874 3327 1942 ἦν
3373 1873 3433 1927 τὸ
3466 1870 3637 1925 δεινὸν
3669 1870 3757 1924 καὶ

2123 1970 2241 2026 τοῖς
2293 1964 2530 2026 πολλοῖς
2583 1964 2679 2017 οὑκ
2729 1963 3075 2033 εὐσύνοπτον,
3118 1962 3165 2016 εἴ
3213 1962 3302 2016 καὶ
3351 1982 3469 2023 πως
3516 1961 3568 2014 οἱ
3603 1958 3758 2032 βαθύ-

2122 2074 2275 2124 τερον
2320 2047 2708 2115 ὲπιϐάλλοντες
2752 2050 2810 2105 ἔκ
2838 2073 2895 2106 τε
2925 2050 3152 2106 πολλῶν
3180 2048 3365 2105 ἄλλων
3410 2049 3499 2103 καὶ
3548 2052 3643 2102 τοῦ
3677 2047 3752 2119 μὴ

2126 2141 2483 2196 συνεισελθεῖν
2531 2142 2631 2207 τήν
2672 2140 2835 2196 πόλιν
2887 2140 3073 2212 ἐκείνῳ
3119 2140 3208 2193 τὸν
3240 2140 3488 2206 Ἰωάννην
3540 2138 3602 2191 οὐ
3637 2134 3754 2189 δυσ-

2130 2234 2313 2306 χερῶς
2364 2231 2512 2303 εἶχον
2561 2226 2837 2292 ὑπιδέσθαι
2890 2229 2951 2282 τὸ
3004 2226 3400 2301 μελετώμενον,
3450 2226 3477 2280 ὃ
3528 2222 3595 2293 δὴ
3642 2243 3761 2300 τρε-

2116 2427 2366 2484 sinebat.
2400 2426 2716 2481 Multorum
2747 2426 2806 2480 in
2840 2426 3247 2497 imperatorem
3280 2424 3606 2496 gliscebant
3646 2437 3759 2476 non

2120 2514 2387 2572 obscuris
2418 2515 2677 2569 excitata;
2702 2513 2933 2568 indiciis
2959 2514 3348 2584 suspiciones,
3383 2528 3587 2583 parum
3628 2526 3760 2564 eum

2123 2604 2397 2660 benevole
2429 2604 2485 2658 in
2521 2604 2807 2675 pupillum
2838 2607 3123 2659 Joannem
3147 2604 3296 2659 afﬁci
3332 2608 3506 2672 atque
3539 2602 3680 2655 adeo
3702 2600 3760 2653 in

2124 2695 2252 2763 ejus
2310 2692 2864 2747 circumventionem
2925 2693 3282 2755 incumbere,
3335 2692 3486 2745 unde
3543 2690 3760 2744 crimen

2127 2782 2381 2853 perfidia:
2414 2781 2473 2834 in
2504 2797 2564 2835 se
2594 2780 2789 2850 ipsum
2814 2781 3116 2835 attrahens
3147 2780 3402 2850 obliquis
3434 2778 3762 2849 plerorum-

2127 2886 2240 2940 que
2268 2869 2679 2940 indignitatem
2712 2870 2792 2923 rei
2826 2886 2939 2923 non
2962 2868 3268 2924 ferentium
3294 2865 3763 2935 oculisdesigna-

2130 2957 2787 3013 batur.Constabateum
2822 2957 2975 3012 ﬁctis
2992 2956 3452 3027 causisgraviter
3483 2953 3767 3008 multasso

2131 3047 2441 3116 quosdam,
2474 3062 2724 3117 quorum
2756 3046 2927 3117 culpa
2959 3063 3070 3101 non
3105 3050 3227 3100 erat
3256 3044 3558 3114 aliaquam
3589 3041 3764 3096 Joan-

2134 3152 2264 3189 nem
2296 3135 2898 3205 imperatoremlibera
2926 3151 3062 3190 voce
3082 3134 3428 3205 praedicasse
3452 3150 3464 3200 ;
3498 3148 3669 3202 quem
3694 3146 3764 3184 ne

2132 3223 2365 3278 nomine
2397 3222 2631 3294 quidem
2662 3227 2834 3279 tenus
2856 3223 2965 3278 sibi
2998 3222 3240 3293 adjungi
3260 3221 3536 3292 collegam
3558 3235 3764 3289 supre-

382 3309 455 3363 de
498 3275 1544 3384 amovendossipisim—periimude
1572 3314 1790 3369 exitum
1840 3314 2018 3369 habe-
2050 3275 2093 3342 C‘
2132 3329 2238 3366 mze
2298 3275 2607 3383 potestatis
2664 3312 2811 3367 ferre
2870 3275 3114 3383 poterat.
3169 3275 3284 3365 ﬁco
3351 3275 3766 3365 dissimulabat

380 3401 507 3451 rent
537 3413 549 3450 :
586 3403 856 3452 czeterum
890 3400 1041 3454 156
1065 3401 1319 3455 orituras
1350 3401 1484 3455 inde
1515 3402 1718 3457 turbas
1760 3402 2023 3472 provide-

382 3485 508 3550 bat,
542 3485 772 3556 cupidis
805 3502 997 3541 rerum
1032 3504 1312 3543 novarum
1346 3490 1677 3559 speciosum
1712 3492 2021 3547 adversum

377 3588 510 3627 sese
541 3573 886 3643 conjurandi
916 3581 1258 3646 praetextum
1290 3594 1405 3632 non
1456 3578 1811 3650 neglecturis
1836 3596 1847 3648 ;
1875 3597 2023 3651 quo-

380 3677 517 3716 rum
548 3661 756 3732 utique
786 3664 1049 3719 seditiosi
1071 3670 1316 3721 conatus
1354 3666 1604 3721 favorem
1631 3669 1787 3740 apud
1809 3668 2022 3740 vulgus

391 3750 547 3803 haud
578 3749 825 3805 dubium
851 3751 984 3807 inde
1006 3753 1327 3821 traherent,
1349 3755 1505 3825 quod
1530 3735 1776 3825 justitiae
1799 3774 1864 3811 ac
1888 3735 2023 3812 reli-

385 3837 582 3907 gionis
643 3838 700 3892 in
751 3838 1100 3896 vindicanda
1155 3843 1305 3896 sacri
1365 3843 1573 3912 capitis
1617 3844 1854 3915 injuria,
1897 3847 2020 3916 jam

388 3924 710 3995 plurimum
742 3926 1048 3996 invidiosa,
1082 3929 1270 3984 colore
1292 3930 1704 3987 honestissimo
1727 3949 2023 3988 commen-

382 4014 686 4069 darentur.
717 4015 819 4071 His
851 4032 1175 4087 suspensus
1206 4017 1363 4073 curis
1422 4022 1599 4090 atque
1631 4020 1913 4075 utramvis
1962 4022 2023 4078 in

381 4106 609 4174 partem
661 4104 975 4176 ambiguus
1023 4107 1312 4176 optimum
1355 4107 1644 4177 judicavit
1691 4109 2025 4179 permittere

381 4191 685 4262 negotium
731 4193 897 4264 quasi
933 4194 1105 4250 sortis
1128 4195 1393 4263 arbitrio,
1427 4196 1584 4267 ipsos
1609 4198 1709 4267 qui
1742 4214 2022 4253 convene-

385 4285 519 4335 rant
553 4280 860 4352 episcopos
892 4282 1137 4338 sinendo
1170 4282 1349 4340 libere
1381 4286 1688 4340 decernere
1721 4288 1874 4358 quod
1905 4287 2022 4342 vel-

375 4367 524 4435 lent,
559 4369 1221 4435 autumans,allaturum
1255 4379 1320 4427 ut
1348 4372 1514 4445 solet,
1545 4373 1762 4445 aliquid
1794 4376 1935 4431 forte
1961 4376 2020 4431 in

376 4472 505 4511 rem
538 4474 653 4512 non
684 4458 1123 4515 incommodum
1158 4466 1388 4532 tempus
1418 4462 1612 4533 ipsum
1646 4480 1713 4518 ac
1759 4480 2017 4533 moram;

376 4562 513 4617 qua:
562 4550 625 4600 ut
681 4545 912 4617 longior
967 4548 1353 4620 contingeret,
1432 4552 1681 4606 antistes
1752 4552 1906 4606 inter
1960 4569 2021 4608 se

376 4633 727 4689 commissos
758 4636 1084 4704 admonuit,
1119 4638 1325 4693 darent
1355 4654 1595 4709 operum
1631 4643 1855 4694 mature
1881 4656 2022 4696 con-

375 4721 709 4777 siderandis
741 4723 987 4788 cunctis,
1018 4741 1124 4780 nec
1156 4726 1563 4782 deliberationi
1597 4727 1770 4781 tinem
1831 4729 2022 4800 impo-

379 4814 589 4864 nerent
616 4811 804 4881 quoad
823 4827 1027 4866 omnes
1042 4814 1112 4867 ad
1133 4830 1315 4869 unum
1331 4814 1390 4868 in
1430 4814 1775 4869 concordem
1793 4823 2024 4870 senten-

378 4898 522 4952 tiam
537 4897 1070 4970 convenirenthse
1091 4901 1201 4955 alio
1217 4918 1284 4955 cu
1298 4918 1387 4956 ras
1401 4901 1648 4956 vertitad
1674 4902 2020 4959 instantium

382 4986 981 5057 administrationem,
1017 4989 1173 5045 haud
1196 4994 1390 5044 tamen
1434 4990 1755 5046 attentione
1790 4994 2022 5062 penitus

380 5089 589 5130 aversa
620 5074 693 5128 ab
725 5073 798 5129 iis
820 5091 947 5145 quae
978 5077 1037 5131 in
1069 5079 1291 5134 svnodo
1313 5096 1346 5133 a
1380 5078 1647 5134 Patribus
1688 5086 2015 5151 agerentur.

378 5178 532 5233 quos
580 5161 751 5232 quasi
812 5164 1060 5219 furtivus
1091 5167 1417 5235 obtutibus,
1450 5167 1607 5222 aliud
1659 5166 1794 5224 licet
1851 5186 2020 5241 agere

382 5249 697 5318 simulans,
722 5252 974 5321 perrexit
1004 5253 1329 5310 observare.

451 5354 539 5408 35.
575 5355 639 5411 υι
666 5357 1250 5433 imperatorpuerum
1306 5363 1569 5415 Joannem
1625 5362 1891 5417 amaverit
1923 5370 2020 5433 ;ut

661 5428 816 5481 Italis
845 5427 1194 5485 domicilium
1225 5433 1558 5487 attributum
1586 5434 1777 5501 fuerit.

448 5514 596 5566 Nam
666 5516 817 5583 quod
880 5516 1331 5574 machinabatur
1376 5522 1592 5587 animo,
1653 5521 2018 5592 acquiescere

382 5598 575 5671 ipsum
610 5601 666 5656 in
699 5620 758 5658 re
787 5603 886 5659 tali
916 5608 973 5658 et
1004 5604 1196 5662 nimias
1245 5608 1469 5664 fiduciae
1528 5608 1847 5666 indormire
1898 5628 2013 5669 non

2126 3401 2389 3470 redigere
2415 3400 2585 3471 plane
2612 3416 2672 3456 se
2715 3416 2962 3472 puerum
3007 3400 3064 3455 in
3096 3400 3362 3455 ordinem
3396 3402 3453 3452 et
3483 3399 3554 3453 ab
3600 3397 3762 3452 omni

2128 3487 2393 3542 funditus
2449 3489 2755 3544 excludere
2811 3488 3257 3559 participatione
3315 3487 3543 3558 imperii
3601 3486 3762 3539 omni

2128 3574 2325 3629 studio
2348 3591 2578 3645 cupere,
2612 3576 2757 3632 acin
2790 3593 2854 3631 eo
2878 3576 3021 3631 verti
3056 3577 3347 3630 fortunam
3392 3573 3762 3643 salutemque

2130 3663 2425 3735 propriam
2447 3665 2677 3720 ducere.
2700 3667 2778 3721 Eo
2810 3665 2977 3721 illum
3010 3663 3559 3734 incitabantpartim
3581 3662 3764 3717 homi-

2130 3769 2257 3822 nes,
2291 3753 2503 3825 partim
2532 3753 2675 3824 ipsze
2704 3770 2813 3809 res.
2867 3753 3109 3825 Eulogia
3137 3752 3407 3807 videlicet
3437 3754 3566 3822 ejus
3603 3767 3767 3806 soror

2132 3841 2360 3896 nullum
2395 3841 2639 3897 faciebat
2680 3841 2856 3895 ﬁnem
2888 3841 3017 3910 ejus
3050 3840 3377 3912 iniquitatis
3425 3839 3758 3893 suadenda).

2130 3930 2498 3985 Andronicus
2530 3933 2722 3986 autem
2757 3945 2917 4000 puer,
2969 3929 3126 3984 ﬁlius
3157 3928 3522 3999 imperatoris
3557 3926 3763 3982 Palaeo~

2129 4018 2266 4089 logi,
2326 4035 2593 4074 crescens
2623 4019 2682 4073 in
2733 4018 2825 4073 die
2856 4032 2958 4088 spe
3014 4016 3326 4088 indoleque
3371 4017 3542 4083 bona,
3582 4015 3759 4071 tacito

2130 4107 2221 4162 sui
2251 4111 2487 4177 aspectu
2522 4111 2740 4176 partem
2762 4107 3001 4162 assidue
3031 4107 3175 4160 167
3206 4105 3571 4172 stimulabat,
3592 4104 3760 4175 quasi

2127 4197 2449 4266 deprecans
2498 4212 2571 4250 ne
2601 4212 2662 4250 se
2694 4195 2982 4267 privatum
3017 4194 3346 4249 adolescere
3378 4193 3756 4263 permitteret.

2128 4284 2249 4347 Quo
2289 4288 2520 4338 tantum
2546 4284 3112 4345 commovebatur.ut
3140 4280 3759 4337 viderecbarissimum

2128 4372 2316 4427 ﬁlium
2343 4376 2632 4443 expertem
2663 4372 2882 4427 summi
2914 4370 3153 4426 honoris
3183 4386 3303 4425 rem
3336 4369 3507 4441 plane
3559 4368 3761 4423 intole-

2129 4462 2371 4516 randam
2406 4462 2807 4516 arbitraretur.
2828 4459 3419 4515 Vehementissimum
3444 4473 3610 4528 porro
3644 4473 3762 4511 ma-

2126 4548 2478 4604 chinationis
2533 4549 2934 4619 injustissimaa
2990 4547 3344 4605 incentivum
3389 4550 3510 4601 erat
3554 4544 3760 4617 ingens

2051 4618 2096 4682 D
2130 4638 2373 4694 ambitio
2404 4644 2460 4693 et
2487 4618 3031 4709 intempempestiva
3048 4635 3322 4707 superbia
3343 4635 3631 4690 moderari
3648 4633 3761 4689 sibi

2134 4730 2309 4797 atque
2355 4726 2507 4781 infra
2556 4727 2722 4792 fines,
2754 4741 2931 4796 aequae
2976 4724 3396 4780 mediocritatis
3454 4738 3515 4779 se
3563 4728 3760 4777 tenere

2132 4815 2539 4888 dedignantis;
2566 4814 2659 4870 cui
2691 4819 3033 4886 praetextum
3066 4813 3436 4885 coloremque
3456 4811 3761 4884 cupiditati

2133 4905 2396 4959 fucandaa
2422 4904 2769 4975 suggerebat
2782 4902 3037 4974 aliquem
3052 4904 3413 4969 recuperatio
3428 4901 3611 4970 urbis,
3633 4918 3761 4972 quae

2131 4994 2299 5048 sedes
2357 4996 2514 5048 esset
2574 4991 2802 5062 imperii
2835 4994 3145 5063 przecipua,
3178 4992 3345 5063 quasi
3386 5007 3453 5047 ea
3482 4990 3762 5059 capienda

2131 5083 2363 5155 proprie
2415 5082 2474 5136 in
2534 5082 2766 5153 imperii
2797 5081 3073 5136 thronum
3104 5082 3487 5147 ascendisset,
3511 5097 3575 5135 ac
3607 5085 3671 5134 ut
3701 5079 3758 5134 in

2129 5189 2257 5228 eam
2316 5172 2501 5239 solus,
2554 5171 2679 5227 suis
2734 5169 2938 5242 utique
3005 5175 3398 5241 expugnatam
3457 5169 3760 5239 auspiciis,

2130 5265 2400 5316 evocatus
2446 5264 2622 5329 esset,
2655 5259 2739 5314 sic
2798 5260 3084 5329 imperare
3118 5257 3281 5314 solus
3321 5259 3377 5312 in
3410 5272 3476 5312 ea
3511 5260 3572 5311 et
3593 5272 3660 5311 ex
3691 5258 3758 5311 ea

2129 5351 2383 5405 deberet.
2418 5350 2591 5404 Porro
2642 5348 2701 5401 id
2745 5348 3107 5417 propositum
3156 5345 3491 5401 habebatin
3545 5361 3757 5400 arcano

2127 5436 2657 5510 indeprehensibile
2677 5436 2882 5505 primis
2912 5433 3673 5490 obtulibusoccurrentium.
3699 5433 3755 5488 Si

2129 5526 2227 5598 qui
2277 5530 2469 5580 tamen
2530 5522 2786 5594 penitius
2829 5522 2982 5577 intre
3015 5522 3325 5593 piscerent,
3373 5536 3503 5575 cum
3533 5536 3601 5577 ex
3632 5521 3759 5576 aliis

2123 5614 2329 5687 signis,
2362 5618 2483 5669 tum
2519 5628 2586 5667 ex
2615 5626 2680 5666 eo
2711 5610 2864 5680 quod
2896 5626 3095 5666 secum
3126 5610 3409 5667 Joannem
3440 5608 3499 5665 in
3549 5608 3753 5666 urbem
