4182 6286
462 351 566 403 607

1759 355 2058 411 GEORGII
2098 358 2557 410 ΡΑΟΗΥΜΕΒίΕ

3745 350 3856 401 608

460 472 693 546 φόμενον
757 472 842 525 ὑπ’
883 472 1070 546 ἀγρίας
1119 471 1453 544 πλεονεξίας,
1512 472 1589 535 εἷς
1635 476 1762 528 Θεὸν
1799 474 2090 544 πειθούσης
2122 478 2173 543 Α
2204 474 2372 538 ἰδίους
2408 476 2611 539 τόπους
2641 477 2775 551 πρὸς
2827 474 3059 541 οἴκησιν.
3122 477 3308 547 Ἑχειν
3343 470 3389 526 δ’
3442 469 3663 527 ἑκαστον
3694 472 3851 545 γένος

461 558 785 631 ἁμαρτάνειν
823 561 889 613 τὰ
923 580 1146 635 μεγιστα
1193 558 1280 614 διὰ
1333 569 1432 629 τῆς
1482 567 1589 615 τῶν
1646 562 1821 633 ὅρκων
1854 565 2097 637 παραοά-

462 667 619 713 σεως,
655 653 836 719 μεῖζον
870 644 1033 721 ᾔρετο
1065 648 1129 716 ἢν
1159 648 1295 703 ὣστε
1326 657 1663 724 παρορᾶσθαι
1707 657 1785 723 τῷ
1834 650 2101 725 μελετῶν-

590 734 665 758 νιι
755 737 766 755 s
898 735 925 755 ν
1058 738 1069 752 ι
1172 743 1196 751 -ο
1283 740 1295 763 ,
1480 741 1489 757 ο
1762 740 1771 757 ρ
1949 741 1973 756 ν

462 755 536 792 τι.
600 739 666 791 lu
721 734 747 789 δ
796 738 862 805 ἦν
892 758 1079 811 αρατο
1111 759 1226 801 τοις
1304 745 1583 811 Ρωμαιοις
1641 739 1891 813 μεγαλων
1940 741 2097 813 αρξαν

461 828 639 877 κακῶν
685 824 773 878 καὶ
829 827 1080 900 ταραχῆς
1142 825 1467 881 ἀνυποίστου
1527 827 1736 902 ῥεχθὲν.
1788 828 1921 884 Τότε
1953 826 2009 882 δὲ
2036 829 2103 881 τὰ

459 913 559 979 τὴς
588 914 804 975 πόλεως
861 915 935 975 ὡς
996 915 1110 969 οἷόν
1169 936 1226 968 τε
1281 917 1536 978 καθιστὰς
1588 917 1723 991 πρὸς
1770 917 1832 971 τὸ
1863 917 2100 993 ἀσφαλέ-

462 1021 670 1074 στερον,
728 1002 1039 1065 Γεννουίτας
1099 1004 1190 1075 μὶν
1241 1004 1368 1066 τοὺς
1396 1011 1439 1057 τ’
1471 1000 1627 1066 ὄντας
1675 1005 1801 1067 τούς
1828 1026 1885 1058 τε
1929 1024 2100 1078 προσο

460 1086 805 1160 δοκωμένους
886 1092 1268 1166 προσγενέσθαι
1345 1093 1634 1155 πλείστους
1697 1091 1934 1161 ἐνιδὼν,
2010 1092 2099 1146 καὶ

460 1174 745 1251 δυσχερεῖς
796 1180 829 1248 ἢ
893 1180 1030 1235 ὥστε
1088 1181 1175 1235 καὶ
1248 1181 1629 1245 ὕποκλίνεσθαι
1708 1179 1908 1255 ῥᾳδίως
1966 1183 2104 1236 Ῥω-

466 1264 690 1335 μαίοις,
747 1267 893 1321 ἀλλά
950 1270 1039 1321 καὶ
1098 1269 1185 1322 ἐπὶ
1242 1277 1358 1331 ταῖς
1417 1270 1712 1343 τυχούσαις
1771 1270 2097 1344 προφάσεσιν

466 1355 1038 1427 ὑποκινηθησομένους
1067 1356 1126 1411 ἃν
1189 1358 1263 1420 ὡς
1317 1359 1618 1433 ὑπερόφρυς
1669 1358 1756 1412 καὶ
1806 1352 2099 1430 συϐαροὺς,

462 1439 611 1504 ἐντὸς
671 1442 843 1514 μένειν
904 1452 1004 1513 τῆς
1058 1446 1275 1509 πόλεως
1336 1447 1435 1501 οὐκ
1508 1446 1728 1521 ἐγνώκει
1779 1445 2049 1521 συμφέρον
2087 1488 2101 1515 ,

465 1527 576 1599 ἰδίᾳ
632 1529 688 1584 δὲ
744 1536 1175 1607 προσκαθῆσθαι,
1217 1537 1306 1589 καὶ
1364 1537 1626 1610 πρότερον
1673 1536 1765 1605 μὲν
1822 1535 1957 1588 κατὰ
2006 1535 2103 1601 τήν

464 1617 783 1687 Ἡράκλειαν
842 1629 942 1691 τῆς
992 1624 1205 1696 Θρᾴκης
1254 1624 1429 1699 φέρων
1479 1624 1771 1694 κατῴκιζεν
1811 1667 1824 1689 ,
1883 1622 2100 1695 ὕστερον

466 1703 522 1758 δὲ
555 1709 876 1783 καταντικρὺ
931 1717 1030 1778 τῆς
1085 1711 1306 1783 περαίας
1363 1712 1509 1784 παρά
1565 1712 1729 1783 μόνον
1778 1710 1840 1764 τὸ
1876 1714 1972 1764 τοῦ
2005 1716 2103 1763 Γα-

2206 563 2332 625 τοῦς
2365 562 2535 626 ἰδίους
2565 565 2763 641 φόρους
2794 564 3085 624 ἀκωκύτως
3116 563 3460 637 προσέταττε.

2209 668 2309 732 λς’.
2342 670 2416 724 Τὰ
2444 672 2578 724 κατὰ
2620 670 2746 730 τοὺς
2801 670 2877 731 εἷς
2918 670 3007 723 τὸν
3062 667 3239 722 πάπαν
3273 668 3363 721 καί
3419 664 3546 728 τοὺς
3604 663 3851 727 Ἰταλοὺς

2667 737 2916 814 πρέσϐεις
2956 744 3051 794 τοῦ
3096 739 3383 815 βασιλέως.

2282 831 2362 900 [Ρ.
2402 832 2525 901 109]
2559 824 2973 904 Διεπρεσϐεύετο
3006 825 3062 882 δὲ
3090 828 3178 881 καὶ
3210 827 3343 898 πρὸς
3384 826 3473 879 τὸν
3506 844 3730 878 παππαν
3760 820 3850 876 διὰ

2205 920 2417 991 ταχέων
2452 917 2813 989 ἐκμειλίσσων
2845 916 3043 991 δώροις
3068 960 3079 970 .
3116 917 3219 969 Δύο
3245 913 3291 968 δ’
3321 914 3455 982 ἦσαν
3491 914 3541 967 οἱ
3573 906 3849 985 πρεσϐεις,

2207 1008 2278 1067 εἷς
2307 1007 2400 1077 μὲν
2434 1008 2461 1060 ὁ
2492 1006 2902 1080 Νικηφορίτζης
2942 1003 3260 1078 λεγόμενος,
3296 1004 3482 1077 ἅτερος
3515 999 3572 1054 δὲ
3604 999 3647 1055 δ’
3670 999 3851 1056 Αλου-

2209 1090 2433 1169 ϐἀρδης,
2494 1092 2681 1167 ἄνδρες
2732 1094 2809 1158 εἷς
2866 1093 3327 1169 ὑπογραμματέας
3380 1088 3670 1150 τελοῦντες
3723 1089 3848 1162 πρὶν

2206 1188 2285 1253 τῷ
2329 1187 2436 1236 τῶν
2495 1181 2717 1237 Ἰταλῶν
2782 1181 2997 1257 βασιλεῖ
3050 1186 3128 1252 τῷ
3188 1177 3527 1249 Βαλδουΐνῳ,
3585 1175 3761 1231 αἰτίαν

2209 1268 2505 1343 προδοσίας
2540 1271 2678 1346 πρὸς
2727 1270 3034 1343 Ῥωμαίους
3078 1270 3319 1342 σχόντες.
3369 1269 3469 1328 Οἷς
3500 1263 3566 1332 δή
3616 1271 3708 1319 καῖ
3752 1268 3853 1332 τὴν

2210 1357 2440 1413 Ἰταλίαν
2498 1353 2864 1412 καταλαϐοῦσι
2916 1354 3163 1416 κίνδυνος
3216 1356 3493 1409 ἐπιπίπτει
3549 1352 3740 1427 βαρὺς,
3790 1353 3848 1405 ὃν

2211 1443 2325 1499 οὐδ’
2372 1445 2499 1500 αὐτὸ
2555 1445 2617 1501 τὰ
2677 1453 2871 1519 σχῆμα
2923 1450 3031 1499 τῶν
3092 1438 3365 1518 πρέσϐεων
3430 1443 3504 1513 μὴ
3565 1443 3751 1494 παθεῖν
3784 1443 3852 1493 τὰ

2210 1534 2461 1606 χείριστα
2508 1540 2819 1607 παρῃτεῖτο.
2883 1532 3032 1587 ’ΒΛλ’
3064 1531 3227 1586 εἶκαὶ
3285 1531 3350 1584 τὰ
3406 1536 3504 1597 τῆς
3557 1526 3851 1600 προδοσίας

2210 1620 2388 1693 ὀνείδη
2444 1628 2561 1685 ταῖς
2634 1628 2819 1695 τιμαῖς
2891 1620 3337 1676 συνεκάλυπτενὸ
3368 1622 3577 1694 κρατῶν
3632 1618 3706 1678 εἰς
3755 1616 3855 1669 αῦ-

2210 1712 2298 1765 τὸν
2375 1706 2929 1780 παραπρεσϐευόντων
2987 1710 3047 1765 ἐκ
3102 1709 3366 1774 πόλεως,
3447 1704 3574 1760 ἀλλ’
3652 1705 3855 1759 ἐκεῖνοι

465 1792 600 1847 λατᾶ
657 1796 913 1871 φρούριον
975 1798 1211 1875 ἀσφαλὲς
1271 1797 1558 1872 ἐδοκίμαζε
1606 1798 1953 1866 κατοικίζειν·
2007 1804 2104 1851 Βε-
2136 1839 2180 1902 Β
2213 1799 2450 1874 χαλεποί
2491 1821 2551 1873 γε
2582 1796 2731 1860 ὄντες
2779 1800 2865 1852 καὶ
2918 1795 3130 1866 ἄλλως,
3161 1793 3618 1869 παρακνιζόμενοι
3676 1792 3732 1847 δὲ
3762 1794 3848 1846 καὶ

649 1883 658 1895 ‘
744 1882 783 1902 (κς
921 1886 933 1902 \
996 1894 1037 1902 ε·-
1175 1887 1185 1902 Ι
1371 1890 1384 1902 \
1555 1889 1567 1902 \
1676 1886 1694 1902 κ
1719 1895 1772 1902 ρ..-
1902 1886 1946 1902 νη
1972 1886 1982 1902 Ι
2254 1892 2280 1902 «ι
2497 1890 2507 1902 ι
2680 1894 2707 1902 .-
2833 1884 2872 1902 1‘
3073 1885 3085 1902 θ
3273 1883 3284 1902 Ι
3472 1882 3516 1902 Iv
3833 1884 3846 1899 Ἰ

463 1883 707 1946 νετικους
740 1882 796 1939 δῖε
846 1886 935 1940 καὶ
996 1887 1300 1957 Πισσαίους,
1332 1890 1394 1944 τὸ
1443 1889 1578 1943 κατά
1632 1886 1845 1951 πλῆθος
1894 1886 2102 1959 ὀλίγον,

470 1971 644 2041 μὲνειν
698 1971 844 2036 ἐντὸς
903 1972 1161 2040 ἐδικαίου,
1223 1976 1682 2049 ἀποκεκριμένους
1735 1975 1824 2030 καί
1880 1974 2106 2037 τούτους

464 2063 571 2113 τῶν
607 2058 815 2116 ἄλλων.
873 2065 1026 2125 Ὅθεν
1088 2065 1177 2118 καὶ
1237 2065 1286 2119 ἐν
1334 2063 1712 2135 ἀκινδύνῳτῷ
1769 2066 1884 2117 κατ’
1944 2063 2101 2116 αὐτὸν

465 2146 679 2203 ἐκέλευε
738 2152 833 2222 μὲν
880 2150 1073 2206 αᾶτίκα
1118 2154 1180 2207 τό
1211 2155 1254 2207 τ’
1289 2153 1436 2215 ἐντὸς
1497 2151 1928 2224 ἀνοικοδομηθὶν
1966 2151 2101 2221 πρὸς

458 2240 539 2307 τῷ
596 2238 730 2291 κατᾶ
788 2239 1056 2294 θάλασσαν
1119 2240 1268 2315 μέρει
1325 2245 1421 2310 τῆς
1477 2242 1679 2316 ἀγορᾶς
1736 2240 1995 2316 φρούριον
2038 2238 2100 2293 τό

458 2325 507 2377 τ’
557 2324 710 2387 ἐκτὸς
769 2328 830 2382 τὸ
888 2333 987 2382 τοῦ
1048 2328 1260 2384 Γαλατᾶ
1315 2329 1595 2406 ἀμφότερα
1647 2332 1978 2401 κατερεῖψαι,
2012 2330 2100 2381 καὶ

458 2411 602 2468 οὕτω
662 2418 974 2478 Γεννουίτας
1038 2418 1131 2489 μὶν
1182 2419 1316 2473 κατά
1370 2426 1468 2488 τῆν
1527 2420 1662 2493 πρὸς
1695 2417 1843 2473 δύσιν
1875 2415 2097 2490 περαίαν

458 2507 597 2578 πρὸς
639 2511 718 2578 τῷ
776 2505 987 2577 Γαλατᾷ
1046 2512 1181 2572 σφᾶς
1238 2510 1435 2572 αὐτοὺς
1487 2507 1851 2580 ἐπιμήκιστου
1907 2525 2101 2576 παρεκ-

451 2595 717 2656 τείνοντας
774 2600 1091 2664 κατοικεῖν,
1144 2602 1259 2656 τοῖς
1320 2594 1377 2650 δὲ
1435 2595 1654 2656 λοιποῖς
1721 2595 2098 2668 ἀποταχθῆναι

453 2812 566 2848 non
600 2793 1406 2861 duxisset,subodorabantur
1435 2794 1574 2865 quid
1609 2796 1853 2863 pararet.
1875 2790 2108 2861 Cogita-

456 2887 583 2936 tum
620 2882 872 2952 profecto
906 2882 1192 2937 nefarium
1228 2888 1283 2937 et
1316 2888 1445 2937 ortu
1498 2882 1685 2951 primo
1737 2882 2109 2949 exstinguen-

465 2971 627 3023 dum.
686 2969 851 3023 Nunc
901 2969 1046 3023 illud
1098 2970 1230 3024 sinu
1272 2972 1569 3041 gignentis
1618 2970 1838 3023 factum
1872 2972 1927 3021 et
1955 2966 2102 3019 lacte

460 3058 713 3127 quodam
748 3058 878 3112 fera;
910 3057 1252 3129 cupiditatis
1285 3058 1555 3113 edoctum
1588 3072 1774 3126 usque
1812 3056 1882 3108 ad
1924 3054 2100 3108 auda-

456 3145 605 3199 ciam
669 3147 843 3199 Deum
904 3144 1099 3215 ipsum
1146 3145 1445 3213 fmdifrago
1504 3142 1760 3213 perjurio
1818 3140 2093 3207 violandi,

455 3234 648 3304 erupit
678 3210 1238 3304 denique—magnam
1271 3232 1329 3287 in
1366 3210 1859 3302 perturbationem
1907 3230 2099 3303 perni-
2136 3210 2178 3277 (ἶ

462 3322 728 3391 cicmque
779 3322 1196 3378 Romanorum.
1228 3323 1337 3377 Sed
1387 3320 1507 3376 haec
1540 3325 1775 3390 postea:
1812 3320 1919 3374 hoc
1968 3333 2099 3372 vero

455 3414 720 3480 tempore
750 3416 935 3480 empto
968 3410 1284 3481 imperator
1313 3410 1595 3465 insistens
1622 3409 1781 3478 operi
1813 3424 1905 3462 res
1935 3408 2099 3462 urbis

454 3500 513 3552 in
548 3504 765 3553 statum
820 3515 994 3569 quam
1056 3498 1307 3553 maxime
1362 3514 1636 3553 securum
1687 3498 2096 3569 componendi,

455 3590 793 3641 Genuenses
850 3588 1110 3655 quidem,
1164 3589 1383 3658 quique
1425 3588 1548 3657 jam
1613 3589 1857 3643 aderant.
1883 3587 2099 3658 quique

460 3692 593 3729 mox
640 3676 867 3730 venturi
920 3677 1428 3745 exspectabantur,
1468 3676 1662 3747 plures
1706 3681 1762 3731 et
1789 3681 2096 3731 contuma—

458 3762 643 3817 ciores
667 3777 910 3817 cernens
943 3778 1119 3833 quam
1152 3767 1217 3817 ut
1246 3780 1377 3834 spes
1400 3764 1778 3834 essetsubjici
1813 3766 1963 3817 bona
1986 3762 2099 3815 ﬁde

462 3851 744 3905 Romanis
808 3867 1005 3922 posse,
1065 3851 1494 3923 providensque
1552 3854 1673 3907 fore
1748 3857 1812 3905 ut
1872 3851 2096 3904 levibus

463 3939 797 4010 quibusque
827 3940 1075 3995 subinde
1107 3940 1301 3995 causis
1324 3940 1811 4011 autpraatextibus
1835 3939 1905 3993 ad
1937 3955 2100 3993 arma

462 4032 520 4081 et
571 4026 945 4083 rebellionem
1023 4029 1482 4095 concitarentur,
1554 4033 1756 4100 utpote
1830 4027 2098 4082 homines

465 4118 806 4185 arrogantes
840 4119 897 4169 et
950 4114 1188 4183 feroces,
1240 4132 1338 4170 eos
1396 4116 1549 4170 intra
1596 4116 1784 4186 ipsam
1832 4115 2098 4170 habitare

472 4203 766 4257 civitatem
798 4201 954 4256 haud
1014 4202 1238 4272 putavit
1278 4206 1512 4267 tutum;
1564 4204 1897 4272 eponendos
1951 4203 2098 4258 l68

460 4289 639 4360 igitur
669 4290 835 4343 duxit
855 4289 912 4342 in
946 4290 1173 4359 proprie
1200 4290 1346 4360 ipsis
1376 4290 1741 4359 assignatum
1784 4290 1997 4346 locum.
2022 4293 2099 4346 Ac

460 4377 745 4448 principio
778 4376 1013 4446 quidem
1047 4376 1382 4432 Heracleam
1416 4377 1674 4432 Thraciae
1721 4378 1881 4448 ipsos
1909 4384 2100 4433 trans-

461 4464 693 4519 tulerat.
730 4463 947 4517 Deinde
979 4467 1177 4518 tamen
1200 4465 1467 4519 securius
1488 4464 2100 4520 existimavitcolloca-

2214 1892 2285 1952 τῆ
2348 1890 2593 1962 στερήσει
2640 1894 2743 1955 τῆς
2776 1884 3001 1948 πόλεως
3044 1885 3121 1947 εἰς
3158 1883 3347 1958 μανίαν
3398 1882 3662 1954 μείζονα,
3720 1884 3857 1936 κατὰ

2211 1985 2318 2034 τῶν
2375 1980 2724 2055 πεμφθέντων
2797 1977 2879 2031 ἐπ’
2952 1976 3151 2037 αίτιαις
3198 1981 3298 2043 τῆς
3353 1971 3643 2045 προδοσίας
3676 2017 3689 2041 ,
3765 1974 3841 2033 ὡς

2214 2066 2526 2130 ἐπιστάντας
2578 2068 2847 2142 ἑωρῶντο,
2905 2070 3168 2139 τιμωρεῖν
3224 2063 3507 2138 ὥρμηντο,
3557 2064 3715 2126 ’Ὁθεν
3760 2061 3846 2115 καὶ

2210 2155 2301 2208 τὸν
2341 2156 2431 2226 μὲν
2487 2153 2897 2229 Νικηφορίτζην
2943 2152 3309 2226 κατασχόντες
3362 2150 3421 2205 ἐκ
3472 2148 3653 2205 ποδῶν
3687 2149 3737 2210 ἐς
3764 2170 3849 2203 κε-

2212 2242 2389 2316 φαλὴν
2448 2248 2619 2311 ζῶντα
2659 2241 2908 2313 ἀνηλεῶς
2958 2239 3219 2313 ἐξέδερον,
3250 2243 3623 2314 τιμωροῦντες
3670 2238 3841 2291 αἰτια-

2213 2332 2387 2397 θὲντα,
2420 2332 2531 2402 ἅμα
2590 2329 2647 2385 δὶ
2700 2330 2789 2384 καὶ
2841 2330 2922 2384 ἐπ’
2982 2328 3171 2401 ἀτιμίᾳ
3224 2332 3324 2381 τοῦ
3381 2327 3688 2400 πέμψαντος
3736 2326 3763 2378 δ
3795 2321 3841 2377 δ’

2211 2415 2592 2492 Ἀλουϐάρδης
2648 2418 2920 2493 προγνοὺς
2975 2418 3073 2486 τὴν
3150 2411 3449 2484 ἐπιϐουλὴν
3506 2414 3607 2469 ἀνά
3662 2413 3850 2488 κράτος

2211 2506 2396 2584 φεύγει
2433 2551 2445 2564 .
2499 2507 2603 2563 Καὶ
2656 2511 2828 2561 ταῦτα
2898 2506 2989 2578 μὲν
3043 2502 3199 2558 τόνδε
3241 2504 3331 2558 τὸν
3388 2504 3589 2577 τρόπον
3660 2495 3852 2570 συνέϐη

2208 2601 2323 2656 τοῖς
2353 2596 2480 2668 παρ’
2507 2593 2739 2649 Ἰταλίαν
2767 2598 3059 2670 πεμφθεῖσι
3090 2586 3434 2667 πρέσϐευσιν.

2221 2807 2366 2847 nens
2423 2791 2718 2862 praescribi
2774 2791 2932 2845 locos
2989 2791 3059 2845 ad
3096 2789 3502 2854 habitandum,
3556 2793 3614 2844 et
3642 2790 3856 2861 cuique

2218 2880 2374 2949 genti
2421 2897 2560 2935 suos
2611 2896 2825 2935 census
2854 2883 2911 2934 et
2943 2878 3266 2949 vectigalia,
3318 2877 3476 2931 nullo
3510 2877 3853 2948 prohibente

2216 2984 2539 3038 provenire.

2279 3128 2366 3181 36.
2399 3128 2474 3182 De
2524 3128 2717 3195 legatis
2747 3126 2815 3181 ad
2843 3142 3045 3209 papam
3073 3130 3125 3210 et
3155 3126 3321 3181 Italos
3360 3127 3428 3181 ab
3452 3127 3782 3197 imperatore

2937 3213 3145 3251 τηιδδῑδ.

2263 3319 2420 3375 Misit
2435 3324 2492 3374 et
2514 3336 2689 3390 quam
2700 3318 3184 3390 primumlegatos
3198 3320 3274 3373 im
3287 3325 3512 3390 perator
3526 3319 3596 3373 ad
3612 3336 3842 3391 papam,

2204 3407 2375 3463 donis
2440 3423 2573 3461 eum
2634 3406 2942 3461 deliniens.
2978 3406 3107 3461 Duo
3166 3412 3360 3461 autem
3421 3406 3595 3478 legati
3646 3412 3827 3474 erant,

2206 3511 2455 3565 quorum
2490 3511 2645 3549 unus
2671 3493 3122 3565 Nicephoritzes,
3154 3494 3300 3549 alter
3328 3495 3653 3550 Alubardes
3681 3512 3844 3550 voca-

2205 3582 2394 3636 batur.
2428 3581 2682 3652 Uterque
2702 3582 2894 3637 scriba
2924 3581 3189 3636 Balduini
3216 3582 3403 3637 fuerat
3433 3598 3619 3653 nuper
3645 3582 3834 3653 impe-

2205 3670 2701 3725 ratorisltalorum
2738 3671 2923 3736 ;unde
2947 3670 3097 3740 quod
3132 3671 3203 3725 ad
3237 3671 3831 3741 partesRomanorum

2205 3757 2576 3826 transissent,
2624 3758 2974 3829 proditionis
3027 3759 3461 3814 accusabantur
3508 3777 3541 3814 a
3594 3760 3831 3814 Latinis.

2205 3848 2321 3901 Hos
2355 3846 2411 3899 in
2444 3845 2665 3900 Italiam
2695 3845 2973 3917 appulsos
3010 3862 3183 3917 grave
3215 3846 3539 3917 periculum
3597 3847 3833 3918 excepit,

2208 3935 2265 3989 in
2300 3952 2413 4005 quo
2446 3952 2516 3989 ne
2538 3951 2748 3990 nomen
2778 3936 3011 4005 quidem
3044 3940 3480 3991 sacrosanctum
3515 3939 3833 4005 legatorum

2213 4027 2470 4077 extrema
2503 4022 2645 4092 ipsis
2690 4022 2846 4077 mala
2892 4023 3189 4093 deprecari
3244 4026 3451 4093 potuit,
3501 4040 3832 4095 quanquam

2206 4110 2349 4165 alias
2380 4110 2694 4181 imperator
2724 4110 3068 4181 proditionis
3097 4111 3154 4166 in
3191 4129 3252 4167 se
3281 4128 3410 4167 reos
3440 4128 3507 4166 ex
3538 4113 3681 4168 urbe
3709 4119 3831 4167 tum

2205 4216 2238 4254 a
2265 4200 2485 4254 Latinis
2516 4201 2749 4254 detenta
2781 4198 3025 4255 subdole
3059 4200 3271 4256 missos
3302 4201 3547 4271 benigne
3578 4202 3833 4272 accepis-

2204 4292 2312 4354 set,
2336 4288 2554 4342 crimen
2576 4287 2795 4342 honore
2825 4286 3131 4358 legationis
3153 4289 3506 4344 occultatum
3533 4306 3596 4344 se
3643 4291 3833 4344 videre

2202 4374 2608 4431 dissimulans.
2644 4374 2770 4429 Itali
2796 4376 2953 4430 enim
2986 4393 3116 4431 cum
3150 4377 3297 4431 alias
3328 4377 3639 4432 irritabiles
3684 4379 3832 4434 169

2202 4481 2267 4519 ac
2321 4464 2717 4531 vehementes,
2769 4468 2896 4519 tum
2950 4464 3318 4521 incommodo
3354 4467 3570 4521 recenti
3608 4467 3834 4521 amissae

461 4569 521 4606 re
554 4552 685 4607 illos
716 4568 746 4606 e
769 4550 1004 4621 regione
1034 4552 1254 4620 Peraeae,
1288 4557 1345 4607 et
1373 4570 1481 4607 sua
1511 4554 1659 4606 intra
1692 4552 1872 4608 solam
1905 4568 2095 4607 arcem
2126 4563 2173 4627 Ι)
2202 4551 2787 4623 Constantinopoleos
2818 4552 3329 4608 eﬂ'eratiadversus
3358 4552 3465 4608 bos
3496 4553 3836 4625 talitempo-

459 4639 675 4695 Galatae
708 4640 918 4694 habere
944 4639 1241 4695 domicilia
1266 4642 1493 4710 jubere.
1519 4643 1769 4695 Venetos
1799 4649 1991 4695 autem
2042 4646 2100 4695 et

459 4732 722 4795 Pisanos,
758 4744 1009 4798 quorum
1066 4733 1191 4783 erat
1222 4746 1336 4783 non
1378 4730 1455 4784 ita
1509 4745 1723 4801 magna
1756 4729 2092 4799 multitudo,

459 4831 695 4871 manere
725 4813 882 4870 intra
909 4816 1112 4870 urbem
1146 4816 1433 4886 permisit,
1452 4819 1551 4873 sed
1575 4819 1974 4890 separatosab
2005 4819 2093 4873 in-

457 4905 638 4959 vicem
672 4908 728 4958 et
757 4904 827 4958 ab
860 4903 1016 4970 aliis,
1051 4905 1188 4959 Inde
1217 4906 1286 4959 ad
1312 4922 1480 4961 omne
1497 4906 1821 4977 periculum
1855 4909 2093 4974 certius,

457 4998 745 5063 quantum
777 4991 836 5046 in
869 4994 996 5063 ipso
1026 4997 1169 5055 erat,
1207 4995 1667 5063 praevertendum
1701 4996 1851 5050 dirui
1885 5000 1940 5051 et
1970 4997 2093 5051 solo

456 5081 721 5137 funditus
753 5081 967 5150 aequari
989 5081 1170 5149 jussit
1204 5082 1557 5137 munitiones
1578 5087 1701 5137 tum
1725 5084 1877 5138 intra
1894 5084 2092 5138 urbem

461 5171 612 5224 arcis
668 5173 971 5223 exstructa:
1029 5170 1098 5223 ad
1127 5168 1480 5223 maritimam
1535 5170 1641 5225 fori
1688 5175 1934 5240 partem,
1966 5176 2091 5225 tum

457 5265 620 5315 extra
667 5257 935 5313 suburbii
992 5256 1228 5312 Galatia.
1264 5258 1324 5312 In
1359 5274 1474 5329 quo
1525 5258 1607 5311 sic
1638 5259 2092 5328 propugnaculis

459 5344 955 5401 nudatobabitare
973 5348 1310 5400 Genuenses
1334 5362 1399 5401 ex
1426 5346 1667 5400 adverso
1690 5344 2093 5417 oppositieipsi

456 5436 527 5489 ab
559 5450 768 5490 occasu
802 5435 1023 5499 Peras,
1058 5436 1298 5487 extensa
1350 5449 1525 5503 quam
1561 5433 1810 5489 maxime
1869 5434 1928 5489 in
1967 5434 2091 5490 lon-

456 5538 594 5593 gum
622 5523 929 5579 domorum
962 5520 1127 5588 serie,
1168 5519 1461 5593 praecepit,
1493 5520 1623 5578 aliis
1644 5537 1873 5593 quoque
1893 5524 2093 5580 decer-

2208 4656 2268 4695 re
2300 4657 2425 4695 sese
2456 4639 2568 4711 ipsi
2599 4640 2904 4695 offerentes
2936 4640 2996 4695 in
3056 4640 3273 4696 rabiem
3308 4640 3478 4697 solito
3529 4642 3834 4711 majorem,

2205 4728 2409 4784 ulcisci
2459 4728 2746 4799 supplicio
2781 4744 3022 4799 prorsus
3053 4728 3231 4784 atroci
3274 4730 3494 4784 crimen
3535 4730 3681 4800 ipsis
3728 4730 3837 4784 im-

2204 4821 2438 4889 pactum
2471 4816 2816 4887 proditionis
2846 4816 3105 4887 aggressi
3140 4821 3375 4888 repente
3396 4821 3555 4871 sunt.
3589 4818 3835 4889 Captum

2200 4905 2468 4961 videlicet
2496 4904 2938 4976 Niceplnoritzen
2972 4922 3004 4959 a
3035 4905 3279 4977 pedibus
3315 4906 3385 4960 ad
3415 4910 3592 4978 caput
3636 4907 3833 4961 vivum

2203 4994 2517 5050 crudeliter
2543 4992 2931 5061 excoriarunt,
2986 5010 3099 5048 non
3126 4994 3313 5065 magis
3342 4994 3399 5049 in
3452 5011 3678 5065 poenam
3713 5010 3834 5050 sce-

2201 5082 2338 5138 leris
2369 5082 2555 5153 ipsius
2586 5098 2759 5153 quam
2794 5084 2851 5137 in
2880 5083 3250 5154 imperatoris
3298 5082 3493 5154 ipsum
3552 5084 3838 5139 mittentis

2202 5170 2586 5241 ignominiam
2620 5187 2685 5226 ac
2734 5176 3155 5241 contemptum.
3190 5174 3259 5225 Al
3300 5171 3645 5240 Alubardes,
3679 5188 3835 5227 com-

2202 5267 2363 5330 perto
2411 5260 2548 5329 quid
2586 5260 2693 5313 sibi
2743 5264 3065 5330 pararetur,
3128 5261 3419 5329 praevertit
3450 5260 3835 5315 infortunium

2202 5348 2339 5419 fuga
2372 5351 2623 5403 matura.
2644 5348 2749 5403 Hic
2780 5364 3087 5403 successus
3120 5346 3312 5403 missa
3344 5346 3401 5401 in
3435 5346 3656 5402 Italiam
3687 5347 3838 5419 lega-

2202 5435 2378 5491 tionis
2405 5435 2534 5491 fuit.
